1759 3324
511 270 930 311 EUTERPE.
983 270 1026 307 11
1305 272 1389 310 843

952 378 1076 421 Οὕτω
1125 379 1205 433 μέν
1250 393 1335 420 νυν
1365 376 1725 424 (385hacuspropterid

1447 422 1606 456 templum,
1639 425 1725 451 etin

1448 457 1533 522 *ἤιέ
1537 444 1652 515 ¹:21?
1647 466 1660 483 ⁸
1680 457 1723 483 ³¹‘¹

1449 530 1505 556 quo
1533 525 1612 557 tem1
1616 531 1666 549 ore
1684 524 1725 550 ibi

1448 556 1615 616 grisilissltatus
1639 557 1727 584 latuit

12 386 108 433 156
133 385 211 441 τήν
250 384 540 438 παρωροφίδα
578 379 855 435 τετράπηχυν.

130 463 234 520 νηὸς
269 466 357 505 τῶν
399 464 603 517 φανερῶν
643 475 718 514 μοι
757 462 846 501 τῶν
887 458 986 511 περὶ
1027 461 1160 500 τοῦτο
1201 457 1246 500 τὸ
1291 455 1391 510 ἱρόν

131 543 218 586 ἐστι
256 538 644 595 θωυμαστότατον·
704 541 792 581 τῶν
833 537 878 580 δὲ
919 536 1156 592 δευτέρων,
1196 540 1329 591 νῆσος
1359 535 1386 591 ἡ

131 621 293 673 Χέμμις
322 619 593 674 καλευμένη,
649 617 737 661 ἔστι,
774 616 853 672 μὲν
890 616 935 658 ἐν
973 617 1103 672 λίμνῃ
1144 618 1284 672 βαθέῃ
1315 618 1390 659 καὶ,

130 697 288 755 πλατέῃ
319 698 490 754 κειμένη
528 697 646 752 παρὰ
690 696 739 739 τὸ
779 696 826 738 ἐν
862 698 1029 738 Βουτοῖ
1063 693 1178 750 ἱρόν·
1227 695 1395 751 λέγεται

102 778 181 821 2620,
211 776 289 820 ὑπ’
320 778 571 833 Αἰγυπτίων
601 774 713 821 εἶναι
745 775 852 832 αὕτη
884 772 909 831 ἡ
940 779 1074 831 νῆσος
1104 773 1261 830 πλωτή.
1312 773 1392 818 αὐ-
1405 782 1451 815 90

76 1009 122 1044 de
142 1007 333 1044 l’architrax
343 1021 374 1045 e.
402 1007 502 1044 C’est
521 1021 562 1045 ce
581 1008 727 1057 qu'He'-

76 1065 205 1100 rodote
233 1065 410 1114 exprime,
450 1077 495 1101 en
517 1065 661 1114 parlent
679 1066 728 1101 du

76 1120 273 1157 monolithe
293 1121 338 1157 de
355 1121 449 1156 Buto
461 1149 471 1167 ,
489 1121 579 1157 dont
597 1121 631 1157 la
649 1134 728 1157 cor-

77 1177 181 1213 niche
213 1177 311 1212 avait
339 1180 469 1225 quatre
496 1178 652 1214 coude'es
681 1178 728 1215 de

78 1233 247 1280 hauteur,
278 1237 315 1269 et
337 1246 410 1268 non
439 1247 506 1282 pas
534 1234 580 1270 de
599 1234 727 1281 saillie,

78 1302 216 1327 comme
256 1289 479 1326 l'entendent
509 1289 561 1326 les
604 1291 730 1327 tradu-

78 1350 194 1383 cteurs
225 1345 470 1391 d'He'rodote3
517 1345 569 1383 les
602 1351 730 1395 quatre

79 1402 233 1439 coude'es
267 1406 352 1438 sont
376 1402 408 1439 le
433 1402 589 1440 dixieme
619 1403 666 1439 de
695 1402 730 1440 la

77 1458 230 1495 hauteur
265 1459 314 1494 du
345 1458 574 1505 monolithe,
626 1472 667 1495 οι·
695 1459 730 1495 13

78 1513 233 1551 corm'cke
280 1515 371 1551 dans
411 1515 462 1552 les
500 1520 730 1553 monuments

77 1571 268 1619 egyptiens
307 1576 361 1609 est
401 1570 436 1608 la
468 1574 655 1609 neuvieme
686 1585 733 1608 ou

78 1627 113 1663 la
133 1627 285 1665 dinemo,
307 1628 425 1678 partie
450 1628 497 1666 de
525 1628 560 1666 la
578 1629 734 1666 hauteur

79 1683 230 1721 totale.“

277 1767 308 1805 C
323 1782 344 1806 a
355 1782 391 1819 p.
425 1768 554 1806 CLVI.

140 1853 263 1901 νῆσος
279 1850 308 1902 ἦ
327 1851 479 1902 Χέμμις
495 1853 730 1905 καλευμένη]

83 1907 239 1946 Cbembz's
267 1910 396 1946 dicitur
417 1911 603 1948 Hecataeo
627 1911 732 1949 Mile-

83 1966 158 2012 sio,
198 1966 259 2013 qui
289 1966 416 2003 similia
447 1968 494 2004 de
522 1968 588 2004 1130
615 1968 732 2005 insula

81 2022 119 2058 in
139 2023 321 2071 periegesi
342 2036 407 2059 sua
425 2025 638 2071 tradiderat,
656 2025 733 2061 lau-

83 2079 193 2115 dante
212 2079 386 2128 Stephan.
400 2080 554 2128 Β)Ζ3111.
571 2094 599 2117 s.
612 2094 643 2117 v.
673 2081 733 2119 De

80 2134 206 2171 insulis
234 2136 458 2173 fluitantibus
482 2137 642 2187 Aegypti
670 2151 733 2174 au-

82 2194 160 2228 ctor
188 2204 336 2241 quoque
367 2198 420 2229 est
455 2193 731 2258 Theophrastus

81 2247 163 2284 hist.
181 2247 292 2297 plant.
315 2249 376 2295 lV,
395 2251 467 2295 133
490 2250 578 2288 alias
598 2251 703 2287 aliis
694 2264 731 2287 ln

83 2303 168 2340 locis
236 2312 519 2343 commemorant
591 2308 732 2345 Seneca

85 2364 223 2408 quaest.
249 2367 340 2398 natt.
368 2363 443 2409 III,
474 2363 540 2404 25.
593 2364 730 2400 Plinius

84 2415 119 2452 h.
149 2429 184 2452 n.
214 2417 268 2465 Il,
296 2418 360 2459 95.
418 2420 472 2456 Ac
501 2433 631 2468 nemo,
662 2421 736 2470 qui,

87 2484 181 2520 quae
212 2474 382 2524 deinceps
424 2477 471 2513 de
512 2476 580 2514 hac
617 2477 736 2514 insula

85 2534 295 2577 narrantur,
323 2532 540 2581 perlegerit,
570 2547 644 2570 non
660 2547 737 2571 me-

88 2584 190 2620 minit
217 2585 299 2623 Deli
339 2588 475 2626 insulae
511 2591 668 2627 natantis
699 2591 737 2626 in

88 2653 207 2688 mare,
231 2644 295 2679 sed
320 2645 456 2681 stabilis
475 2647 605 2692 factae,
625 2660 737 2696 quum

88 2694 232 2734 Latona
257 2699 325 2736 huc
355 2702 567 2766 confugiens
594 2703 735 2752 Apolli-

90 2763 172 2788 nem
190 2754 371 2793 edidisset.
404 2758 535 2801 Quae
527 2771 607 2808 ipsa
620 2760 738 2796 Grae-

91 2820 211 2845 corum
239 2818 439 2850 commenta
462 2816 509 2851 ad
528 2815 737 2865 Aegyptum

91 2876 158 2900 nos
179 2872 367 2914 revocant,
396 2874 436 2906 ut
461 2871 577 2907 omnis
599 2873 675 2908 fere
691 2873 738 2909 de

92 2918 257 2970 Apolline
275 2924 447 2962 doctrina.
483 2926 542 2964 De
559 2926 653 2965 Delo
673 2941 741 2965 no-

795 1011 898 1044 tante
928 1006 1022 1043 conf.
1059 1005 1257 1056 Spanhem.
1288 1007 1335 1043 ad
1365 1006 1451 1043 Cal-

794 1063 936 1100 limach.
961 1064 994 1099 h.
1027 1063 1063 1098 in
1095 1063 1176 1099 Del.
1208 1065 1273 1103 36.
1307 1065 1387 1104 273
1416 1068 1452 1099 et

796 1120 839 1156 C.
856 1120 902 1156 O.
915 1118 1056 1156 Miiller.
1070 1120 1130 1155 die
1147 1120 1267 1156 Dorer
1280 1119 1292 1155 I
1307 1133 1341 1168 p.
1355 1121 1451 1166 311,

796 1177 857 1225 qui
882 1176 1027 1212 fabulae
1057 1176 1234 1223 originem
1262 1177 1309 1212 ad
1328 1189 1452 1213 recen-

796 1233 890 1268 tiora
925 1236 1092 1281 tempora
1114 1245 1306 1279 revocans,
1336 1233 1454 1269 incer-

796 1293 871 1325 tum
901 1292 937 1325 et
966 1288 1133 1325 mobilem
1167 1293 1298 1325 statum
1330 1288 1451 1326 decla-

796 1345 867 1382 rari
890 1345 987 1391 vult,
1000 1345 1062 1393 qui
1083 1346 1248 1382 ordinem
1268 1345 1326 1382 dei
1345 1358 1454 1395 prae-

799 1402 915 1438 sentia
937 1401 1081 1437 allatum
1100 1404 1347 1450 praecesserit.
1377 1402 1453 1439 Sed

797 1457 1003 1507 Aegyptiae
1029 1458 1175 1495 fabulae
1207 1459 1304 1494 haud
1333 1471 1454 1495 recor-

800 1514 906 1550 datus
922 1519 977 1550 est
989 1514 1040 1550 vir
1054 1515 1298 1561 doctissimus,
1316 1527 1359 1551 ex
1381 1527 1454 1563 qua

802 1571 946 1608 Graeca
963 1571 1068 1607 nobis
1090 1572 1292 1621 repetenda
1314 1571 1456 1608 videtur

801 1626 857 1664 vel
896 1628 943 1664 ob
985 1627 1159 1676 reliquam
1188 1627 1454 1678 Aegyptiorum

804 1684 1005 1720 doctrinam
1044 1685 1091 1722 de
1122 1685 1298 1732 Osiride,
1345 1685 1455 1729 Iside,

804 1741 928 1786 Horo,
955 1741 990 1776 in
1017 1741 1209 1778 Graeciam
1231 1741 1453 1777 translatam.

803 1798 886 1834 vid.
907 1797 1084 1834 Herodot.
1106 1798 1159 1843 ΙΙ,
1183 1796 1261 1838 144
1281 1799 1454 1845 ibiq.n0t.

804 1853 918 1889 —ln
948 1853 1107 1890 clausula
1136 1867 1179 1891 ex
1205 1854 1338 1891 Ritteri
1364 1854 1455 1890 libro

801 1909 1022 1957 (Erdkund.
1049 1910 1061 1946 l
1091 1924 1126 1960 p.
1147 1913 1226 1951 821
1258 1912 1354 1958 seq.)
1387 1910 1456 1946 hoc

800 1966 1041 2014 adnotamus,
1067 1967 1263 2016 permultas
1285 1967 1403 2003 adhuc
1418 1967 1455 2002 in

799 2022 859 2059 illo
878 2022 956 2059 lacu
987 2036 1067 2060 esse
1090 2023 1224 2060 insulas
1240 2052 1250 2069 ,
1283 2036 1377 2072 quae
1400 2036 1458 2060 re-

801 2080 985 2130 ceptaculo
1007 2081 1079 2116 sint
1101 2081 1354 2130 piscatoribus.

858 2135 939 2175 ἔστι
974 2134 1045 2186 μὲν
1085 2136 1128 2175 ἐν
1166 2137 1284 2190 λίμνῃ
1324 2133 1454 2189 βαθέῃ

800 2191 867 2231 καὶ
903 2192 1070 2246 πλατέῃ]
1112 2193 1180 2230 Est
1210 2193 1308 2230 lacus
1341 2192 1456 2228 Butos

801 2263 827 2287 s.
853 2249 1006 2286 Batinus
1028 2251 1148 2296 lacus,
1180 2251 1238 2286 cui
1265 2263 1361 2286 nunc
1390 2262 1458 2285 no-

798 2319 881 2344 men
899 2306 1051 2354 thrlos,
1090 2321 1171 2344 cum
1192 2308 1282 2343 mari
1308 2306 1459 2342 coniun-

804 2368 882 2400 ctus
913 2365 1024 2400 fluvio
1059 2376 1102 2401 eo
1121 2392 1132 2410 ,
1163 2364 1224 2413 qui
1267 2363 1351 2399 olim
1381 2367 1459 2398 erat

802 2419 879 2456 Nili
895 2421 1171 2468 Sebennyticus.
1226 2419 1376 2469 Amplus
1397 2418 1459 2455 ille

805 2481 880 2523 est,
912 2482 952 2513 ut
975 2478 1037 2525 qui
1059 2476 1132 2514 Nili
1161 2489 1339 2525 aquarum
1372 2488 1458 2525 par-

803 2538 877 2570 tem
887 2533 1081 2582 pluresque
1097 2533 1239 2571 canales
1261 2534 1457 2569 etiamnum

803 2590 976 2639 recipiat,
1014 2590 1242 2638 longitudine
1268 2589 1458 2625 duodecim

803 2647 881 2683 fere
911 2647 1100 2693 horarum,
1132 2646 1325 2682 latitudine
1346 2645 1460 2681 inaxi-

805 2714 863 2738 ma
885 2715 946 2740 sex
967 2703 1147 2740 horarum.
1199 2702 1310 2739 Plura
1325 2701 1458 2738 Ritter.

819 2787 1010 2867 λέγεται
1049 2813 1091 2854 δὲ
1120 2810 1188 2854 v‘n'
1227 2814 1458 2866 Αἰγυπτίων

808 2868 910 2911 εἶναι
945 2869 1044 2920 αὕτη
1081 2870 1111 2922 ἦ
1139 2873 1262 2922 νῆσος
1298 2867 1456 2920 πλωτη]

808 2928 944 2975 „Haec
980 2929 1154 2966 historiae
1193 2927 1306 2978 patris
1347 2927 1460 2964 verba
