1759 3324
627 257 929 298 cL10.1.

1326 260 1412 300 863

147 371 404 430 προσφιλέες
436 371 480 414 οἱ
511 367 729 418 Φωκαιέες
768 366 885 411 οὕτω
934 365 989 422 δή
1019 383 1059 409 τι
1090 365 1312 423 ἐγένοντο,
1351 363 1412 416 ὥς

147 453 200 497 τὰ
230 453 307 508 μὲν
341 447 491 505 πρῶτά
532 458 669 503 σφεας
718 446 971 497 ἐκλιπόντας
1006 442 1176 502 Ἰωνίην
1215 443 1410 488 ἐκέλευσε
1423 452 1467 487 85

147 536 225 589 τῆς
252 531 418 575 ἑωυτοῦ
445 526 587 583 χώρης
625 528 798 583 οἰκῆσαι
836 525 947 570 ὅκου
986 524 1245 582 βούλονται·
1304 523 1410 582 μετὰ

148 611 213 663 δὲ,
263 607 322 659 ὥς
349 606 479 652 τοῦτό
508 622 556 663 γε
585 605 670 651 οὐκ
700 606 843 651 ἔπειθε
879 604 983 656 τούς
1017 602 1266 655 Φωκαιέας,
1308 600 1333 648 ὁ
1365 603 1412 648 δὲ
1469 613 1524 653 78

146 686 400 744 πυθόμενος
435 686 513 731 τὸν
548 688 711 742 Μῆδον
760 684 867 741 παρ’
919 684 1066 729 αὐτῶν
1113 683 1173 736 ὥς
1213 681 1411 736 αὔξοιτο,

147 768 295 812 ἐδίδου
325 779 405 823 σφι
433 765 630 823 χρήματα
658 771 794 822 τεῖχος
822 765 1134 822 περιβαλέσθαι
1164 762 1246 820 τὴν
1263 760 1409 807 πόλιν.

118 847 296 891 4ἐδίδου
335 846 381 890 δὲ
421 844 656 901 ἀφειδέως·
714 846 788 890 καὶ
827 844 910 902 γὰρ
940 845 1013 889 καὶ
1042 843 1069 901 ἡ
1098 844 1302 897 περίοδος
1329 845 1470 886 τοῦ90

146 929 306 983 τείχεος
335 923 418 970 οὐκ
449 923 588 981 ὀλίγοι
619 925 786 969 στάδιοί
815 926 919 969 εἰσι·
951 927 1081 968 τοῦτο
1101 925 1146 967 δὲ
1166 926 1255 966 πᾶν
1274 923 1413 967 λίθων

27 1008 124 1055 164
147 1006 348 1064 μεγάλων
375 1005 450 1048 καὶ
490 999 541 1048 εὖ
579 1003 964 1060 συναρμοσμένων,
1028 1003 1088 1048 Tc>
1126 1002 1205 1059 μὲν
1245 1001 1298 1058 δὴ
1327 1005 1409 1045 τεῖ-
1463 1018 1671 1047 Phocaeensoe
1691 1027 1743 1054 op.

134 1164 356 1221 Ἅρπαγος
387 1163 445 1215 ὠς
473 1163 657 1221 ἐπήλασε
685 1163 764 1221 τὴν
793 1163 1020 1221 στρατιήν,
1053 1159 1300 1215 ἐπολιόρκεε
1331 1160 1407 1206 αύ-

146 1242 271 1297 τούς,
312 1243 623 1300 προϊσχόμενος
652 1244 753 1288 ἔπεα
781 1243 877 1297 »ὥς
907 1245 952 1288 οῖ
979 1244 1198 1299 καταχρᾷ,
1240 1242 1277 1285 εἰ
1305 1240 1465 1298 βού-95

91 1449 267 1492 πάντα.
332 1452 404 1490 Cui
450 1451 640 1489 oblocutus
686 1455 744 1490 est

92 1509 277 1547 Schaefer.
305 1509 354 1547 ad
376 1508 531 1557 Dionys.
557 1508 743 1546 Halicarn.

92 1567 140 1604 ‹le
167 1565 356 1615 composit.
382 1565 506 1604 verbb.
531 1577 618 1615 pag.
644 1565 741 1612 335,

90 1635 172 1660 cum
198 1618 329 1662 πάντα
356 1622 466 1660 etiam
489 1623 568 1659 sine
595 1621 743 1659 articulo

92 1680 302 1730 praeposito
329 1677 399 1715 hoc
412 1679 612 1728 reperiatur
624 1691 743 1716 sensu.

92 1735 163 1772 Est
179 1735 294 1773 enim:
312 1736 350 1772 in
368 1734 491 1771 Allem.
512 1735 594 1772 Vid.
611 1734 742 1772 Matth.

94 1792 161 1829 Gr.
180 1792 246 1829 Gr.
268 1790 305 1842 §-
327 1793 407 1833 266
429 1795 504 1828 not.
561 1791 669 1828 Aliud
687 1795 743 1829 est

93 1842 245 1896 πάντα,
275 1849 321 1886 de
342 1860 415 1896 quo
445 1848 493 1885 ad
518 1847 557 1895 l,
578 1847 632 1889 50
663 1861 744 1885 mo-

91 1905 244 1942 nuimus.
261 1925 319 1933 ——
347 1903 437 1940 Mox
452 1917 531 1941 cum
554 1905 741 1941 Gaisford.

91 1962 259 2012 rescripsi
292 1956 419 2014 τούτῳ
454 1958 507 2000 δὲ
543 1974 613 2012 pro
644 1960 741 2010 vulg.

91 2014 218 2069 τούτῳ
250 2018 273 2057 δ
282 2014 323 2068 η’

146 2070 242 2114 ὅκου
263 2069 499 2126 βούλονται]
529 2073 589 2112 De
607 2074 744 2111 indica-

92 2131 155 2169 tivi
171 2144 238 2169 usu
256 2133 365 2180 confi,
393 2143 441 2169 ne
459 2130 585 2182 plura,
610 2130 742 2167 Matth.

95 2185 135 2239 ὃ·
167 2191 272 2236 507,
315 2189 366 2236 3,
423 2201 532 2237 quem
587 2188 744 2225 eundem

95 2242 133 2295 ὃ.
155 2244 235 2286 421
265 2250 341 2282 not.
370 2247 388 2285 1
415 2244 551 2281 consul.
579 2245 628 2282 de
651 2248 746 2280 stru-

93 2306 193 2338 ctura
224 2302 325 2340 verbi
354 2301 525 2340 πείθειν.
566 2321 609 2328 ·-
655 2300 745 2338 Mox

95 2357 220 2408 scripsi
256 2353 372 2397 τοῦτό
413 2372 477 2412 γε,
526 2357 588 2395 ubi
635 2356 745 2406 vulgo

95 2413 190 2452 male
218 2415 322 2452 abest
337 2412 392 2466 γέ.

150 2468 174 2510 ὁ
194 2468 235 2510 δὲ
254 2466 483 2522 πυθόμενος
501 2467 572 2510 τὸν
589 2471 744 2522 Μῆδον

94 2521 186 2577 παρ’
204 2523 335 2566 αὐτῶν
365 2526 419 2574 ὥς
448 2524 634 2578 αὔξοιτο]
664 2527 745 2565 Νο-

96 2585 212 2620 tamus
231 2583 268 2620 in
290 2584 346 2621 his
370 2584 584 2635 particulam
612 2581 664 2623 δὲ
686 2598 744 2622 re-

97 2639 267 2689 petitam,
300 2654 379 2677 cum
397 2641 496 2678 istud
516 2642 618 2690 quod
637 2654 745 2691 prae-

99 2699 256 2733 cesserat
279 2693 372 2746 μετοῖ
399 2697 422 2736 δ
434 2694 472 2745 ὲ,
503 2698 628 2746 utique
646 2698 747 2735 suffi-

101 2749 180 2786 ciat.
235 2752 374 2790 Similia
393 2755 572 2803 quaedam
593 2755 746 2804 praebet

100 2803 230 2843 Matth.
248 2808 314 2845 Gr.
335 2809 401 2846 Gr.
421 2823 508 2860 pag.
530 2812 650 2852 1263.
688 2810 747 2849 De

102 2863 279 2899 structura
296 2865 419 2902 verbb.
439 2879 541 2916 seqq.
565 2863 631 2906 τὸν
652 2869 747 2916 Μῆ-

104 2914 302 2966 δον-ὦς
322 2917 500 2970 αὔξοιτο,
530 2935 598 2974 pro
621 2921 749 2974 ὁΜῑῆ·

811 1451 882 1499 δος
902 1455 970 1489 etc.
1004 1462 1157 1488 monere
1179 1449 1238 1488 vix
1255 1459 1359 1501 opus.
1390 1449 1469 1487 Sed

810 1509 849 1545 in
871 1510 954 1559 ipsa
973 1520 1063 1545 voce
1084 1503 1151 1546 τὸν
1162 1506 1318 1557 Μῆδον
1338 1506 1469 1544 haese-

809 1570 894 1603 runt
930 1564 994 1602 viri
1027 1564 1150 1611 docti,
1200 1563 1252 1600 ita
1286 1568 1347 1610 ut,
1388 1576 1469 1600 cum

809 1621 1012 1672 Harpagus
1045 1619 1180 1658 Medus
1222 1620 1374 1672 intelligi
1403 1633 1469 1657 ne-

811 1681 942 1727 queat,
981 1674 1049 1717 τὸν
1069 1674 1210 1717 Λυδόν
1241 1677 1292 1726 (i.
1312 1691 1343 1715 e.
1367 1676 1470 1714 Croe-

810 1735 905 1783 sum)
934 1734 992 1772 hic
1023 1734 1190 1771 substitui
1219 1733 1375 1773 mallent.
1407 1733 1470 1771 Tu

813 1791 941 1841 Cyrum
964 1790 1126 1840 intellige
1143 1789 1314 1838 Medum,
1349 1790 1388 1827 id
1413 1794 1470 1828 est

811 1847 996 1885 ,Medorum
1035 1860 1172 1896 regem5
1221 1860 1300 1885 cum
1336 1846 1469 1884 Persas

809 1904 1001 1942 Medorum
1020 1905 1167 1942 nomine
1184 1904 1285 1953 apud
1305 1903 1469 1942 Graecos

808 1961 1100 2010 frequentissime
1136 1960 1332 2009 significari
1359 1973 1469 1999 nemo

809 2018 958 2056 nesciat.

865 2074 1001 2114 ἐδίδου
1030 2085 1102 2124 σφι
1133 2068 1315 2126 χρήματα
1343 2076 1470 2123 τεῖχος

810 2129 1098 2183 περιβαλέσθαι
1126 2128 1201 2182 τήν
1223 2126 1358 2176 πόλιν]
1392 2129 1468 2169 ἐδί-

812 2188 885 2228 δου
918 2188 1086 2239 explicuit
1121 2188 1301 2225 Matthiae
1327 2185 1364 2238 ἓ.
1385 2189 1469 2228 210

810 2249 887 2283 not.
912 2248 933 2286 1
961 2257 1048 2295 pag.
1070 2243 1172 2292 394,
1202 2244 1300 2282 idem
1329 2242 1366 2295 ᾗ.
1385 2244 1469 2285 426

812 2302 860 2340 de
894 2302 995 2339 verbi
1030 2297 1342 2353 περιβάλλεσθαι
1374 2306 1470 2338 stru-

811 2362 913 2396 ctura
942 2359 1037 2396 bene
1063 2358 1303 2409 praecipiens.
1322 2378 1380 2385 —
1410 2357 1469 2396 De

811 2419 1011 2453 structura:
1040 2413 1070 2467 ⁹2⁰
1091 2414 1277 2464 περίοδος
1300 2437 1340 2442 -
1371 2410 1470 2454 στά-

812 2471 894 2512 διοί
915 2471 992 2511 εἰσι
1011 2474 1108 2510 conf.
1130 2472 1179 2510 ad
1197 2471 1239 2520 Ι,
1258 2474 1325 2514 93.

983 2556 1096 2608 Cap.
1135 2554 1303 2594 chiv.

870 2638 1159 2694 προϊσχόμενος
1190 2639 1307 2690 ἔπεα,
1350 2635 1404 2687 ὥς
1433 2640 1476 2679 οἴ

813 2700 1013 2752 καταχρᾷ,
1055 2698 1091 2738 εἰ
1121 2693 1335 2750 βούλονται
1383 2698 1472 2735 Φω-

814 2753 942 2802 καιέες
961 2770 997 2794 κ.
1010 2753 1102 2805 τ.λ.]
1131 2754 1192 2793 De
1210 2755 1474 2807 προΐσχεσθαι

815 2813 911 2850 conf.
945 2812 985 2860 Ι,
1015 2812 1054 2853 3.
1079 2810 1171 2853 141.
1228 2810 1473 2860 insequenti-

814 2869 886 2905 bus
915 2872 1002 2906 tene
1045 2869 1251 2919 praesentis
1294 2866 1470 2917 temporis

818 2938 925 2961 usum
944 2925 983 2962 in
1003 2924 1219 2973 indicativo,
1249 2924 1312 2962 ubi
1335 2923 1471 2960 oratio-

145 1103 220 1143 χος
247 1091 360 1130 τοῖσι
392 1087 640 1128 Φωκαιεῦσι
669 1085 816 1142 τρόπῳ
849 1086 1004 1143 τοιῷδε
1034 1079 1276 1139 ἐξεποιήθη.
1308 1081 1332 1126 ὁ
1361 1081 1407 1127 δὲ
1462 1058 1610 1146 {um-au,

1655 1053 1744 1080 rebus

1484 1087 1598 1126 mnibus
1619 1120 1627 1127 ⁶
1651 1087 1743 1127 colle-

1483 1124 1538 1155 us,
1560 1125 1702 1156 navigant
1711 1128 1743 1149 ιιι

1466 1153 1586 1183 Chium.
