1759 3324
566 245 995 291 EUTERPE„
1045 245 1094 285 11.

1364 250 1449 292 ola

190 357 298 415 φασὶ
337 357 383 400 αἴ
422 353 708 410 προμάντιες·
748 353 881 405 ,,Δυό
912 352 1139 403 πελειάδας
1166 353 1372 409 μελαίνας
1401 354 1450 398 ἐκ

187 469 212 488 ,,
226 433 403 491 Θηβέων
439 437 527 476 τῶν
561 431 836 487 Αἰγυπτιέων
875 429 1201 488 ἀναπταμένας,
1251 432 1332 489 τὴν
1367 434 1449 489 μὲν

185 545 212 567 ,,
224 512 388 556 αὐτέων
416 511 461 563 ἐς
489 509 682 568 Λιβύην,
711 510 791 567 τὴν
821 511 867 555 δὲ
896 510 1014 565 παρὰ
1040 510 1177 565 σφέας
1195 506 1445 559 ἀπικέσθαι.

156 591 421 647 2,,ῑζομένην
462 589 509 634 δέ
552 607 628 646 μιν
668 590 736 634 ἐπὶ
772 588 940 646 φηγόν,
998 587 1275 641 αὐδάξασθαι
1317 594 1445 648 φωνῇ
1458 596 1504 631 50

181 669 501 727 »ἀνθρωπηΐῑμ
542 668 598 721 ὡς
625 668 766 726 χρεών
807 671 872 725 εἴη
911 668 1123 724 μαντήϊον
1150 666 1309 712 αὐτόθι
1339 669 1447 721 Διὸς

155 748 433 803 3,,γενέσθαι.
486 748 560 794 καὶ
601 747 766 799 αὐτούς
802 746 1041 803 ὑπολαβεῖν
1080 751 1209 792 θεῖον
1249 746 1363 791 εἶναι
1392 747 1441 792 τὸ

182 827 588 884 ,ἐπαγγελλόμενον
629 825 823 879 αὐτοῖσι,
880 827 955 869 καί
1003 837 1140 882 σφεας
1192 825 1239 874 ἐκ
1285 826 1448 874 τούτου

154 909 411 962 4,,πο.ιῆσαι.
441 906 523 962 τήν
552 907 598 950 δὲ
629 907 672 958 ἐς
707 906 813 958 τούς
842 907 1012 961 Λίβυας
1043 902 1273 960 οἰχομένην
1302 910 1443 950 πελει-

181 984 302 1038 „aiffa
327 988 502 1040 λέγουσι
539 985 772 1042 ’Ἄμμωνος
809 982 1070 1044 χρηστήριον
1111 986 1311 1029 κελεῦσαι
1339 984 1500 1037 τοὺςόὅ

155 1070 206 1116 5,,
216 1065 384 1119 Λίβυας
413 1065 619 1108 ποιέειν.“

678 1064 766 1109 ἔστι
804 1064 851 1108 δὲ
890 1063 963 1107 καὶ
991 1065 1122 1105 τοῦτο
1154 1061 1274 1111 Διός.

1335 1069 1438 1107 Δω-

183 1144 386 1187 δωναίων
416 1143 461 1187 δὲ
492 1145 538 1187 αἱ
565 1143 720 1200 ἱρήϊαι,
767 1146 856 1186 τῶν
884 1146 937 1200 τῇ
967 1138 1242 1198 πρεσβυτάτῃ
1274 1139 1443 1199 οὕνομα

181 1216 236 1279 ἦν
266 1222 537 1278 Προμένεια,
585 1226 639 1279 τῇ
675 1222 720 1266 δὲ
749 1221 855 1278 μετοὶ
882 1220 1066 1276 ταύτην,
1112 1219 1343 1276 Τιμαρέτη,
1386 1224 1443 1277 τῇ

153 1302 232 1346 6δὲ
260 1299 477 1358 νεωτάτῃ,
512 1300 761 1362 Νικάνδρη,
800 1300 949 1356 ἔλεγον
976 1302 1124 1351 ταῦτα.
1183 1299 1441 1356 συνωμολό-

123 1483 350 1536 Aegyptiace.
380 1484 488 1536 piane
526 1486 717 1523 convenire
740 1488 776 1526 et

125 1554 170 1583 ex
199 1555 243 1579 ea
280 1542 385 1580 unice
419 1542 656 1592 repetendam
693 1555 775 1580 esse

125 1602 431 1644 commonstrant,
458 1610 482 1634 a
509 1598 691 1636 Creuzero
713 1611 776 1636 ex-

125 1654 245 1704 posita
264 1654 301 1690 in
325 1653 486 1702 Symbol.
507 1654 556 1691 IV
585 1667 672 1704 pag„
695 1655 773 1701 151

127 1722 230 1759 seqq.
279 1710 390 1753 Quod
419 1722 502 1747 vero
526 1723 648 1749 sacrae
671 1710 775 1747 femi÷

126 1778 195 1803 nae
227 1766 407 1807 oraculum
438 1765 619 1804 Dodonae
649 1766 775 1804 condi-

124 1822 224 1861 disse
252 1823 433 1868 seruntur,
463 1822 532 1864 hoc
558 1823 606 1859 ad
635 1822 775 1873 praeei-

123 1890 234 1928 puum
255 1877 379 1920 harum
397 1878 621 1925 feminarum,
640 1879 776 1929 quippe

122 1934 346 1974 fatidicarum
358 1963 369 1981 ‚
388 1934 561 1972 honorem
578 1935 614 1972 in
635 1935 776 1973 colonia

122 2002 248 2027 recens
281 1991 428 2027 condita
463 1992 574 2032 refert
612 1992 773 2034 Heeren.

121 2045 234 2084 Ideen
257 2045 314 2093 11,
341 2049 363 2088 1
394 2059 430 2095 p.
453 2048 557 2094 486,
595 2047 657 2096 qui
687 2046 772 2084 illud

123 2114 268 2151 quoque
291 2103 362 2139 iam
391 2103 539 2151 intelligi
559 2116 669 2153 posse
692 2117 771 2140 mo-

122 2162 209 2204 net,
238 2171 300 2194 cur
327 2158 564 2203 Dodonaeum
591 2159 771 2199 oracuhun

121 2213 299 2262 Pelasgos
346 2215 489 2252 iusserit
543 2215 772 2267 Aegyptiaca

123 2269 272 2307 deorum
291 2272 662 2319 nomina-adsciscere,
675 2285 769 2321 quae

123 2324 210 2362 inde
228 2327 274 2363 ad
295 2327 456 2365 Graecos
473 2328 619 2372 omnino
636 2341 768 2378 perve-

122 2381 249 2426 nerint.
296 2382 393 2427 Nam
412 2384 533 2422 media
549 2385 585 2421 in
605 2385 771 2430 Graecia,

122 2435 354 2486 Pelasgorum
374 2441 409 2476 in
427 2441 575 2477 sedibus
586 2441 770 2485 conditum

124 2497 201 2530 erat
226 2493 464 2538 Dodonaeum
485 2497 658 2547 templum
687 2510 771 2534 ora-

123 2548 312 2598 eulumque
328 2551 590 2602 Aegyptiorum
609 2566 629 2589 a
654 2566 772 2595 sacer-

125 2604 268 2642 dotibus
285 2606 352 2644 huc
370 2608 510 2646 delatis,
568 2609 627 2647 Ad
647 2609 771 2659 Aegy-

124 2660 280 2710 ptiacam
300 2675 384 2700 vero
408 2665 585 2713 originem
602 2667 683 2715 ipsa
705 2679 772 2702 no-

124 2715 190 2760 stri
212 2718 392 2768 scriptoris
414 2721 524 2759 verba
546 2723 696 2770 ducunt,
714 2723 770 2758 ni-

125 2771 155 2808 si
180 2784 290 2821 prava
316 2775 609 2826 interpretatione
637 2791 681 2819 ea
705 2779 771 2817 de-

124 2830 294 2879 torquere
337 2832 438 2870 velis.
495 2833 578 2871 Nec
623 2847 772 2872 moveor

124 2884 291 2933 equidem
304 2889 514 2931 auctoritate
531 2902 656 2930 eorum
668 2919 681 2939 ,
709 2892 772 2941 qui

844 1489 969 1525 contra
990 1485 1170 1523 disertum
1182 1484 1366 1523 Herodoti
1395 1484 1498 1524 testi÷

842 1541 1003 1584 monium
1022 1541 1112 1579 haec
1142 1541 1264 1578 omnia
1286 1542 1321 1578 in
1342 1541 1497 1584 Graecia

842 1598 922 1647 ipsa
941 1602 1022 1642 orta
1042 1611 1122 1636 esse
1133 1597 1316 1635 clamitent
1334 1610 1497 1635 omnem·-

842 1666 914 1703 que
947 1654 1125 1703 originem
1142 1653 1408 1704 Aegyptiacam
1438 1667 1497 1690 sa-

841 1722 983 1746 crorum
1003 1709 1291 1750 Dodonaeorum
1319 1714 1496 1747 remotam

842 1766 965 1812 velint.

899 1819 1000 1871 φασὶ
1026 1820 1071 1859 αἱ
1095 1816 1363 1870 προμάντιες]
1390 1820 1494 1868 Confi

842 1883 917 1915 not.
951 1878 999 1914 ad
1034 1877 1066 1924 Ι,
1103 1879 1193 1917 182.
1245 1877 1284 1914 ln
1314 1890 1416 1926 seqq.
1447 1877 1495 1914 ad

843 1935 952 1971 verba
980 1928 1052 1971 δύο
1074 1929 1283 1979 πελειάδας
1308 1931 1495 1984 μελαίνας

842 2005 876 2028 κ.
899 2005 930 2028 τ.
961 1991 994 2027 λ.
1030 1990 1124 2026 conf.
1158 1994 1232 2026 not.
1261 1988 1320 2025 ad'
1350 1989 1405 2036 ll,
1439 1989 1494 2030 57·

839 2047 917 2083 init.
944 2050 982 2083 et
1000 2046 1049 2081 ad
1069 2044 1255 2095 ἱζομένην
1277 2043 1320 2084 δέ
1339 2060 1407 2096 μιν
1429 2043 1495 2084 ἐπὶ

841 2117 975 2154 φηγον
995 2101 1126 2150 (insa
1110 2114 1152 2137 'ro
1155 2101 1383 2146 reszdentem)
1396 2101 1493 2139 Μειῒη

839 2160 936 2203 thiae
960 2159 1026 2202 Gr.
1047 2158 1113 2194 Gr.
1137 2171 1223 2209 pag.
1244 2160 1364 2200 1169.

894 2214 1151 2254 Δωδωναίων
1177 2212 1219 2253 δὲ
1247 2213 1292 2252 αἰ
1307 2208 1438 2264 ἷρήὶαι
1457 2227 1494 2252 κ

836 2287 870 2310 τ
890 2269 949 2322 L]
984 2270 1122 2308 Auctor
1154 2275 1211 2310 est
1241 2271 1376 2312 Strabo
1405 2269 1493 2318 (VII

835 2341 872 2379 p.
891 2330 972 2369 328
994 2340 1023 2365 s..
1043 2340 1080 2376 p.
1101 2328 1210 2373 506)
1243 2327 1407 2376 primitus
1438 2326 1493 2363 vi-

835 2398 895 2421 ros
928 2382 1073 2420 oraculo
1103 2383 1328 2432 praefuisse,
1358 2383 1492 2427 deinde

834 2445 907 2478 tres
920 2440 1087 2482 mulieres
1098 2438 1248 2476 vetulas.
1260 2461 1317 2475 ——
1333 2438 1378 2477 In
1387 2451 1492 2487 seqq.-

836 2497 968 2537 retinui
1002 2493 1249 2546 Προμένεια,
1289 2495 1386 2533 cuius
1411 2494 1493 2531 loco

836 2552 1096 2598 Valckenarius
1108 2551 1300 2600 analogiae
1315 2563 1422 2595 causa
1434 2564 1491 2588 ref

838 2611 1001 2647 stitutum
1031 2607 1176 2645 volebat
1193 2605 1443 2658 Πρευμένεια
1469 2619 1497 2646 a.

836 2679 926 2704 voce
946 2660 1194 2715 πρευμενής,
1224 2663 1322 2700 libris
1345 2663 1490 2713 scriptis,

837 2721 1117 2771 refragantibus.
1126 2719 1215 2756 Mox
1226 2733 1311 2759 cum
1320 2719 1425 2755 Schw
1420 2718 1489 2767 gh.

839 2783 876 2819 et
899 2778 1016 2815 Gaisf.
1035 2776 1138 2819 dedi:
1162 2777 1212 2830 τῇ
1229 2773 1272 2814 δὲ
1292 2771 1386 2842 μετά
1399 2769 1491 2813 ταύ-

838 2849 910 2883 την
930 2847 997 2885 pro
1020 2834 1070 2886 τῇ
1093 2829 1136 2871 δὲ
1156 2846 1252 2883 μετα
1271 2826 1423 2883 αυτήν,
1450 2833 1491 2877 ut

837 2890 946 2940 vulgo
964 2889 1169 2939 legebatur.
