1805 3315
357 277 440 319 11⁰

780 273 1251 316 HERODOTI

356 387 569 443 τρισχίλια
617 386 769 440 ἔθυσε,
816 387 967 437 κλίνας
1012 400 1058 429 τε
1098 381 1358 441 ἐπιχρύσους
1396 381 1470 427 καὶ
1514 381 1688 439 {arao—50

357 464 545 523 φόρους,
582 466 657 510 καὶ
685 465 848 522 φιάλας
869 464 1077 522 χρυσέας,
1116 466 1190 508 καὶ
1216 465 1367 521 εἵματα
1394 460 1644 518 πορφύρεα,

359 545 434 589 καὶ
461 548 679 597 κιθῶνας,
714 543 877 602 νηήσας
904 543 1049 600 πυρήν
1077 541 1289 601 μεγάλην,
1320 540 1538 586 κατέκαιε·
1580 540 1643 584 ἐλ-

360 625 499 677 πίζων
533 623 613 667 τόν
645 622 754 667 θεὸν
792 622 957 680 μᾶλλόν
992 639 1036 667 τι
1075 623 1273 667 τούτοισι
1302 619 1643 678 ἅνακτήσεσθαι’

339 703 551 750 ἒΛυδοῖσί
578 717 623 747 τε
651 705 758 746 πᾶσι
786 706 985 758 προεῖπε,
1019 701 1148 747 θύειν
1184 699 1328 746 πάντα
1365 699 1464 745 τινὰ
1497 698 1644 744 αὐτῶν

319 913 358 952 p.
388 897 482 940 104.
537 895 635 935 Add.
666 896 839 935 Creuzeri
865 899 974 948 Sym-

320 954 394 993 bol.
418 954 434 991 I
460 967 498 1004 p.
528 955 608 996 173
638 965 717 1001 seq·
776 953 882 997 Quae
913 954 975 1005 qui

320 1013 489 1061 reputet,
539 1009 573 1047 ei
611 1009 825 1046 sacrificium
864 1011 977 1049 hocce

321 1067 477 1105 forsitan
496 1067 616 1103 minus
644 1066 775 1104 mirum
797 1066 977 1104 videbitur

322 1135 433 1173 quam
456 1134 521 1170 ea,
551 1134 645 1171 quae
662 1127 748 1173 post
775 1123 822 1159 de
838 1123 978 1172 ingenti

322 1180 402 1217 auri
428 1178 647 1227 argentique
682 1179 738 1226 vi,
767 1179 887 1228 deque
923 1180 979 1216 di-

324 1235 422 1273 vitiis
444 1233 631 1283 Lydorum
662 1240 862 1272 narrantur.
902 1236 980 1273 Sed

323 1290 392 1330 hac
410 1291 458 1328 de
478 1302 518 1328 re
535 1290 607 1327 iam
626 1303 736 1342 supra
756 1291 793 1339 Ι,
818 1290 871 1333 14
887 1304 980 1330 non-

324 1346 423 1386 nulla
443 1346 661 1385 monuimus

303 1483 307 1485 Α
382 1426 537 1483 νηήσας
557 1427 692 1482 πυρήν
707 1427 981 1484 usrdzanvv-

325 1483 429 1539 ’ᾖσας
440 1487 807 1526 Schellershemianus
817 1489 981 1539 aliusque

325 1544 417 1582 liber
436 1544 649 1595 praebebat.
679 1544 799 1594 Vulgo
829 1541 980 1596 νήσας,·

314 1602 398 1641 μεεά
418 1601 513 1637 conf.
543 1600 581 1647 Ι,
612 1601 678 1643 86.
706 1602 772 1642 34.
801 1601 856 1649 ΙΙ,
887 1604 980 1643 107.

327 1655 460 1694 Matth.
492 1655 628 1707 §.243
662 1669 748 1707 pag.
767 1658 861 1700 475.
902 1658 983 1695 He-

328 1714 499 1750 rodotum
554 1712 698 1749 imitans
741 1713 982 1750 Philostratus

329 1781 418 1806 usus
440 1772 496 1806 est
512 1767 582 1806 hoc
609 1769 720 1806 verbo
750 1782 794 1806 ex
820 1774 982 1808 veterum

330 1824 590 1863 consuetudine
604 1837 671 1875 pro
683 1819 884 1877 σωρεύειν.
898 1826 982 1863 Vid.

331 1894 427 1931 quae
446 1881 544 1918 idem
565 1881 769 1919 Creuzerus
794 1881 919 1919 laudat
934 1882 983 1919 ad

330 1937 494 1975 Bekkeri
555 1936 714 1987 Specim.
776 1938 983 1975 Philostrat.

330 2005 418 2044 pag.
453 1994 506 2034 83
534 1997 611 2029 not.
643 1995 707 2034 19.
764 1992 885 2044 Atque
912 1993 983 2031 hoe

332 2050 482 2087 verbum
505 2046 584 2087 νέω
609 2061 641 2085 s·
677 2047 782 2099 νηὲω
802 2049 984 2099 peculiare

335 2118 419 2143 esse
441 2105 488 2141 de
509 2117 603 2153 rogo
625 2107 864 2153 exstruendo,
895 2110 984 2156 post

333 2160 426 2198 alios
444 2161 582 2197 monuit
600 2160 696 2197 idem
718 2161 922 2200 Creuzerus
944 2162 983 2200 in

333 2218 501 2265 fragmm.
515 2216 691 2253 historice.
712 2230 798 2266 pag.
821 2220 983 2260 211.—-

333 2272 378 2310 In
395 2285 498 2321 seqq.
524 2271 689 2322 plerique
711 2273 792 2310 libri
814 2269 983 2324 ἀνακτή-

335 2332 518 2374 σεσθαι,
546 2332 587 2364 ut
616 2341 714 2365 nunc
731 2330 867 2367 editum
891 2330 984 2378 legi-

333 2397 426 2423 mus.
484 2383 603 2432 Vulgo
636 2380 983 2436 ἀνακτήσασθαι,

335 2454 404 2479 nec
431 2440 550 2491 ipsum
568 2440 742 2478 librorum
772 2443 985 2480 auctoritate

336 2497 571 2543 destitutum,
598 2509 666 2534 nec
692 2510 842 2548 prorsus
869 2499 985 2536 reiici-

337 2553 472 2590 endum
484 2565 495 2598 3
524 2554 618 2589 conf.
634 2565 728 2601 quae
738 2554 809 2590 dixi
821 2554 858 2591 in
869 2554 986 2592 Creu-

336 2608 413 2646 zeri
437 2607 576 2645 Melett.
614 2608 666 2646 111
700 2623 737 2660 p.
779 2611 842 2650 11.
908 2610 986 2648 Sed

336 2663 500 2702 hocloco
527 2663 699 2701 librorum
716 2665 902 2704 meliorum
920 2678 985 2703 au-

336 2720 538 2759 ctoritatem
555 2721 659 2770 sequi
684 2726 858 2771 praestat

392 2799 513 2843 θύειν
549 2798 682 2842 πάντα
717 2801 806 2844 nvo?
854 2800 984 2845 αὐτῶν

337 2856 464 2913 τούτῳ
494 2855 552 2900 ’ὅτι
581 2858 661 2911 ἔχοι
687 2859 869 2908 ἕκαστος]
894 2858 985 2901 τού-

338 2931 392 2972 τῳ
425 2916 657 2967 retinuimus,
694 2916 856 2969 pluribus
884 2917 984 2958 libris

1039 900 1091 938 ita
1125 898 1341 937 iubentibus.
1417 897 1527 936 Unus
1565 895 1691 935 Schel-

1039 955 1318 994 lershemianus:
1354 956 1491 1004 τοῦτο,
1536 954 1638 1004 quod
1670 964 1693 989 a

1043 1012 1253 1049 Gaisfordio
1282 1011 1320 1047 in
1345 1015 1482 1048 textum
1508 1014 1566 1049 est
1592 1022 1694 1047 rece·

1041 1072 1167 1120 ptum,
1203 1067 1289 1104 mihi
1322 1070 1445 1104 tamen
1479 1065 1692 1116 glossatoris

1043 1136 1190 1162 manum
1212 1135 1342 1173 sapere
1360 1123 1525 1170 videtur,
1551 1122 1692 1171 quida·-

1043 1181 1155 1218 tivum
1175 1175 1302 1232 τούτῳ
1318 1192 1392 1215 non
1410 1179 1498 1215 satis
1516 1177 1695 1228 explicare

1044 1237 1207 1274 valuerit.
1266 1235 1403 1273 Refero
1423 1239 1545 1272 autem
1567 1228 1695 1286 τούτῳ

1046 1294 1096 1331 ad
1115 1293 1222 1330 deum
1240 1291 1454 1342 Delphicum
1466 1320 1477 1338 ,
1506 1290 1563 1328 cui
1579 1290 1697 1327 Croe-

1047 1363 1110 1386 sus
1131 1349 1176 1386 ab
1198 1348 1295 1385 omni
1310 1347 1418 1396 Lydo
1436 1348 1475 1384 id
1497 1347 1621 1384 offerri
1631 1359 1698 1383 vo·-

1046 1405 1132 1453 luit,
1162 1405 1340 1455 quidquid
1363 1404 1612 1453 unusquisque
1630 1402 1696 1440 ha-

1048 1462 1151 1500 beret
1192 1465 1320 1511 aptum
1363 1461 1409 1497 ad
1457 1459 1697 1506 offerendum,

1048 1518 1148 1568 qnod
1195 1517 1320 1554 offerri
1360 1519 1490 1566 posset
1523 1520 1698 1565 tanquam

1046 1586 1189 1611 sacrum
1214 1573 1306 1620 deo,
1348 1573 1424 1610 sive
1450 1572 1539 1609 illud
1567 1569 1698 1609 animal

1047 1634 1147 1668 esset
1166 1630 1265 1678 quod
1290 1632 1528 1676 mactaretur,
1564 1628 1640 1666 sive
1656 1639 1698 1664 a·

1047 1686 1099 1722 lia
1120 1686 1312 1735 quaepiam
1332 1698 1391 1722 res
1410 1685 1523 1733 digna
1541 1697 1637 1733 quae
1658 1683 1698 1720 in

1048 1742 1109 1779 dei
1143 1741 1278 1791 templo
1312 1742 1581 1791 deponeretur,
1620 1752 1698 1778 me-

1048 1797 1132 1835 talla
1147 1797 1376 1849 potissimum
1395 1797 1624 1848 pretiosiora,
1654 1809 1699 1833 a-

1047 1854 1109 1892 lia.
1168 1853 1266 1892 Nam
1293 1855 1341 1892 de
1366 1853 1494 1891 hostiis
1528 1852 1615 1890 solis
1642 1853 1699 1890 in·-

1047 1911 1211 1959 telligere
1233 1911 1332 1948 haud
1349 1911 1471 1947 sinunt
1497 1922 1592 1960 quae
1612 1912 1700 1959 post

1048 1968 1252 2004 referuntur
1291 1979 1315 2003 a
1341 1967 1517 2018 scriptore
1544 1965 1699 2013 Nostro,

1049 2023 1220 2072 quoniam
1239 2035 1282 2060 ex
1301 2036 1388 2060 auro
1405 2026 1632 2072 argentoque
1646 2022 1700 2059 sie

1050 2091 1072 2116 a
1091 2079 1242 2128 singulis
1261 2079 1391 2117 collato
1426 2080 1605 2118 Croesum
1630 2078 1700 2115 do-

1048 2136 1157 2172 naria·
1205 2136 1275 2172 ista
1322 2136 1543 2183 confecisse,
1603 2146 1699 2184 quae

1048 2191 1212 2241 Delphos
1223 2192 1450 2230 mitterentur
1460 2221 1470 2240 ‚
1477 2193 1602 2242 utique
1611 2203 1700 2228 con-

1049 2253 1261 2285 sentaneum
1297 2262 1379 2286 esse
1406 2249 1558 2287 videtur.
1644 2247 1700 2284 Ut

1047 2316 1134 2340 vero
1160 2305 1208 2340 ad
1223 2303 1413 2343 lectionem
1433 2301 1558 2357 τούτῳ
1578 2316 1700 2342 rever-

1048 2363 1125 2407 tar,
1149 2359 1252 2397 aliter
1270 2362 1430 2397 datimm
1450 2361 1618 2411 explicari
1633 2372 1700 2396 vo-

1048 2414 1160 2452 luisse
1186 2416 1329 2454 videtur
1353 2417 1552 2465 Matthiae,
1581 2421 1623 2454 ut
1651 2416 1700 2453 sit

1050 2467 1170 2509 θύειν
1198 2472 1300 2516 τινί,·
1329 2486 1470 2519 „sacra
1480 2472 1604 2522 facere
1625 2471 1698 2510 ali-

1046 2540 1123 2576 qua
1148 2540 1184 2564 re
1204 2528 1404 2566 aclhz'bz'taf‘
1432 2529 1547 2572 Quod
1571 2529 1603 2565 si
1629 2527 1700 2565 hoc

1045 2582 1129 2620 -loco
1150 2583 1286 2631 valeat,
1327 2584 1494 2634 equidem
1510 2588 1600 2635 puto
1620 2584 1701 2621 He-

1049 2640 1218 2676 rodotum
1247 2653 1314 2690 pro
1334 2636 1462 2694 τούτῳ
1489 2640 1699 2692 scripsisse:

1049 2693 1102 2734 ἐκ
1129 2691 1325 2735 τούτων
1351 2697 1429 2734 sive
1446 2696 1517 2734 alio
1535 2709 1699 2748 quomo-

1050 2751 1111 2788 do.
1141 2752 1340 2801 Schweigh.
1360 2752 1476 2789 locum
1499 2753 1550 2791 ita
1573 2752 1699 2792 reddi-

1048 2808 1124 2844 dit:
1154 2812 1230 2856 „ut
1246 2808 1287 2844 cle
1311 2822 1373 2845 suo
1400 2809 1571 2859 quidquid
1599 2811 1697 2860 quis·

1051 2876 1114 2914 que
1142 2863 1302 2913 haberet,
1330 2864 1439 2904 eidem
1468 2865 1529 2904 deo
1555 2866 1697 2917 sacrafi-

1047 2922 1181 2958 caret.“
