1805 3315
330 238 388 280 23
735 234 1214 274 HERooo'rl

255 349 289 394 9
328 345 385 390 Ὃ
403 344 483 401 μὲν
506 343 575 400 δὴ,
605 341 744 398 λέγων
771 345 978 396 τοιαῦτα,
1008 342 1269 399 ἀπεμάχετο,
1301 343 1536 401 ἁῤῥωδέων
1565 343 1623 402 μή

306 432 374 469 Ξτι
412 425 456 467 οἱ
505 423 547 474 ἐξ
595 419 763 464 αὐτέων
802 421 977 478 γένηται
1025 421 1176 467 κακόν.

1229 422 1284 466 ‘0
1324 423 1372 467 δὲ
1419 422 1621 479 α’μείβετο

329 503 497 548 τοῖσδε·
528 533 552 552 ,,
567 497 730 554 Θάρσει
761 499 907 557 Γύγη·
941 502 1014 544 καὶ
1042 502 1100 559 μὴ
1130 505 1274 558 φοβεῦ
1303 500 1406 559 μήτε
1436 503 1532 559 ἐμὲ,
1564 502 1623 553 ὥς

329 594 438 635 ,,σεο
483 576 752 635 πειρώμενος
796 579 905 634 λέγω
951 578 1100 624 τόνδε·

1154 582 1260 637 μήτε
1309 587 1499 636 γυναῖκα
1542 580 1623 638 τὴν

306 658 498 715 3,,ἐμὴν,
537 656 595 713 μή
632 675 674 702 τι
712 675 782 702 τοι
821 658 864 712 ἐξ
902 658 1038 716 αὐτῆς
1075 659 1251 716 γένηται
1279 657 1455 716 βλάβος.
1487 657 1668 715 ἄρχὴν40

328 738 447 795 ,,γοέρ
486 735 570 794 ἐγώ
615 737 920 794 μηχανήσομαι
968 736 1106 791 οὕτω,
1163 737 1271 781 ὥστε
1317 739 1423 794 μηδὲ
1463 743 1623 794 μαθεῖν

306 831 355 870 4„
368 835 444 874 μιν
475 816 692 873 ὀφθεῖσαν
721 816 806 861 ὑπὸ
837 821 925 861 σεῦ.
969 817 1052 873 εγὼ
1087 815 1171 873 γάρ
1211 830 1257 861 σε
1296 817 1338 869 ἐς
1367 817 1416 861 τὸ
1449 819 1623 873 οἴκημα,

330 931 356 950 ,,
369 898 416 941 ἐν
445 901 507 955 τῷ
535 895 815 953 κοιμώμεθα,
858 895 1017 939 ὄπισθε
1053 901 1128 952 τῆς
1159 895 1448 953 ἀνοιγομένης
1477 895 1623 952 θύρης

330 975 537 1032 ,,στήσω·
581 976 687 1032 μετὰ
733 973 777 1020 δ’
826 973 899 1031 ἐμὲ
938 974 1175 1020 ἐσελθόντα
1218 980 1428 1032 παρέσται
1471 978 1546 1019 καὶ
1593 973 1622 1032 ἡ

286 1173 386 1211 loco:
415 1185 564 1222 rogare,
592 1174 633 1208 ut
661 1169 748 1213 alias
772 1170 946 1220 frequen-

286 1230 447 1276 tissime,
488 1229 658 1266 adiuncto
687 1227 868 1276 genitivo,
893 1227 945 1264 al-

287 1291 367 1324 tero
398 1286 478 1323 loco
505 1289 581 1324 est:
615 1297 796 1334 quaerere,
827 1297 944 1320 arces-

287 1355 359 1380 sere
389 1342 554 1392 aliquid,
594 1340 729 1377 studere
754 1339 868 1378 alicui
884 1343 944 1377 rei.

286 1399 433 1437 Monuit
452 1397 708 1447 wyttenbach.
731 1396 755 1433 l.
770 1396 792 1434 l.
809 1410 845 1446 p.
861 1396 943 1438 345

286 1469 345 1505 sq.
377 1455 531 1492 laudans
564 1453 699 1490 similes
738 1453 838 1489 locos
864 1454 944 1491 He-

285 1512 407 1550 rodoti
426 1511 489 1558 III,
503 1510 569 1552 44.
591 1510 846 1560 Xenophontis
870 1511 944 1559 Cy-

285 1569 439 1619 ropaed.
472 1568 512 1615 Ι,
543 1567 592 1614 4,
626 1569 688 1607 12.
745 1566 843 1602 Hinc
865 1579 944 1603 cum

286 1625 348 1662 illo
374 1629 516 1662 vertere
536 1625 771 1674 praestan,
775 1621 851 1667 ,Et
885 1623 943 1659 ob-

284 1695 378 1719 secro
400 1684 524 1729 te,71e
547 1691 695 1729 quaeras
723 1679 944 1716 ἰηΙωηεεΐα(ζ

283 1738 441 1786 Dionys.
475 1736 662 1773 Halicarn.
695 1733 718 1770 l.
743 1734 765 1771 l.
793 1735 946 1773 alterum

287 1793 451 1834 δέεσθαι
475 1792 636 1830 reddidit
660 1784 819 1845 χρήζειν
850 1792 945 1830 eius

287 1864 359 1901 que
377 1863 525 1888 sensum
544 1850 640 1886 bene
669 1853 855 1886 assecutus
888 1852 945 1885 est

288 1908 366 1945 eius
386 1908 566 1956 interpres
594 1904 770 1942 Latinus:
801 1910 945 1953 „teque

287 1977 375 2013 oro,
404 1977 452 2001 ne
470 1962 592 1999 illicita
616 1973 638 1998 a
667 1973 726 1998 me
748 1962 912 2010 exigasf‘

509 2075 621 2127 Cap.
659 2073 725 2113 IX.

348 2149 563 2205 ἆῤῥωδέων
585 2150 642 2205 μή
670 2169 707 2193 τι
737 2153 779 2193 οἷ
804 2153 845 2202 ἐξ
873 2150 945 2193 αὕ-

291 2207 390 2249 τὲων
423 2208 584 2261 γένηται
609 2208 760 2262 κακόν]
793 2212 947 2249 Confert

294 2267 360 2304 Cr.
398 2266 566 2303 Eustath.
595 2269 644 2304 ad
689 2268 825 2316 Odyss
855 2267 945 2304 XIX

291 2338 331 2375 p·
354 2323 459 2370 705,
493 2325 543 2363 16
574 2337 657 2374 sqq.
687 2329 797 2373 atque
827 2324 944 2362 Hein-

291 2381 388 2418 dorf.
412 2380 460 2416 ad
480 2379 624 2419 Platon.
638 2381 788 2429 Protag.
808 2394 847 2431 p.
862 2382 943 2422 501

291 2450 370 2486 sq.‚
403 2437 465 2485 qui
497 2437 566 2473 hoc
593 2437 672 2474 loco
702 2438 831 2484 utitur,
872 2450 944 2486 quo

291 2497 418 2530 contra
445 2493 610 2530 Dawesii
631 2507 829 2540 canonem,
858 2507 944 2530 con-

291 2549 485 2587 iunctimm
505 2548 701 2602 (γένηται)
721 2551 758 2587 in
778 2550 833 2586 his
849 2555 947 2586 stare

293 2620 405 2658 posse
423 2612 691 2643 commonstret.
722 2607 781 2643 De
799 2606 945 2654 reliquis

292 2665 337 2701 cs.
357 2663 562 2712 Schweigh.
589 2668 625 2701 et
644 2662 831 2699 Gaissord.

350 2715 405 2766 ὥς
447 2732 511 2759 σεο
562 2714 806 2770 πειρώμενος
845 2715 943 2769 λέγω

295 2774 436 2827 τόνδε]
487 2775 575 2813 Non
616 2777 744 2822 video,
789 2788 850 2811 cur
886 2787 944 2811 re-

295 2836 424 2872 cedam
468 2833 515 2869 ab
557 2834 626 2870 hac
659 2832 814 2870 lectione
852 2843 945 2868 non-

296 2890 399 2929 nullis
418 2890 517 2928 libris
536 2889 700 2941 probata.
739 2888 819 2926 Nec
850 2888 945 2926 enim

1011 1171 1153 1223 placet,
1203 1172 1305 1220 quod
1344 1171 1551 1208 Gronovius
1589 1171 1667 1209 edi-

1013 1229 1066 1265 dit
1095 1224 1370 1279 πειρώμενον
1407 1227 1506 1280 λέγω
1535 1223 1667 1280 λόγον,

1011 1298 1079 1322 nec
1137 1286 1236 1334 quod
1287 1285 1428 1332 Gaisf.‚
1485 1284 1667 1334 probante

1012 1341 1190 1378 Matthiae
1221 1354 1264 1377 ac
1294 1341 1470 1389 Stegem,
1511 1354 1531 1378 e
1571 1340 1667 1376 San-

1012 1398 1128 1435 croftii
1153 1398 1277 1435 codice
1306 1396 1560 1446 (vulgArch.)
1588 1397 1665 1434 edi-

1015 1455 1087 1491 dit:
1119 1449 1174 1500 ὤς
1204 1465 1267 1493 σεο
1301 1449 1576 1505 πειρώμενον
1606 1447 1664 1492 λό-

1012 1524 1086 1563 γον
1114 1507 1243 1549 τόνδε.
1275 1509 1374 1547 Nam
1401 1523 1526 1547 vocem
1553 1507 1666 1561 λέγω,

1014 1579 1123 1616 quam
1155 1580 1199 1604 ex
1227 1566 1353 1615 glossa
1379 1567 1569 1616 irrepsisse
1600 1579 1664 1602 vo-

1013 1624 1110 1670 lunt,
1141 1624 1230 1659 satis
1247 1623 1339 1660 tueri
1356 1623 1497 1659 videtur
1517 1622 1667 1672 copiosa

1012 1679 1195 1717 Herodoti
1236 1680 1351 1715 oratio
1382 1679 1550 1728 adeoque
1579 1691 1664 1715 con-

1013 1736 1166 1773 cinnitas
1198 1736 1380 1785 quaedam
1409 1749 1489 1772 cum
1507 1748 1665 1784 sequen-

1012 1793 1123 1830 tibus.
1182 1791 1232 1829 Et
1283 1792 1472 1829 confirmat
1519 1803 1666 1841 quoque

1011 1848 1169 1898 Dionys
1192 1847 1217 1887 l.
1239 1847 1265 1886 l.
1288 1862 1324 1899 p.
1353 1847 1419 1888 44.

1070 1912 1195 1967 ἀρχὴν
1227 1912 1300 1984 γάρ
1337 1912 1411 1969 ἔγω
1443 1910 1666 1967 μηχανήσο-

1014 1973 1107 2026 μαι]
1140 1968 1265 2025 ἀρχήν
1296 1975 1448 2020 omnino,
1488 1973 1666 2022 interpre—

1014 2035 1111 2068 tatus
1160 2044 1199 2068 es
1201 2035 1216 2066 t
1254 2030 1454 2066 Hermann
1502 2030 1551 2067 ad
1579 2029 1665 2078 vig.

1014 2101 1053 2139 p.
1074 2088 1155 2128 723
1177 2087 1238 2123 ubi
1256 2086 1328 2124 u‘d.
1352 2085 1467 2137 plura.

1068 2151 1144 2206 ἔγω
1164 2150 1237 2206 γάο
1262 2166 1304 2193 σε
1325 2153 1363 2200 εἷς
1379 2151 1428 2193 ’τὸ
1453 2152 1665 2204 οἴκημα-

1013 2207 1166 2276 στήσω]
1208 2211 1470 2248 Valckenarius
1501 2223 1546 2248 ex
1573 2209 1665 2247 Dio-

1012 2269 1106 2317 nysii
1140 2267 1220 2305 loco
1260 2268 1494 2305 coniiciebat·
1542 2261 1664 2318 027oe-

1011 2340 1117 2378 γων
1148 2339 1222 2376 γαρ
1256 2336 1317 2374 σε,
1356 2328 1397 2361 ut
1420 2325 1498 2361 fere
1528 2323 1566 2369 I,
1599 2325 1664 2363 10

1014 2381 1198 2428 132111,
1229 2383 1282 2421 61
1318 2381 1407 2430 ibiq.
1444 2384 1520 2417 not.
1547 2379 1602 2420 85
1631 2382 1668 2416 et

1012 2439 1059 2476 cf.
1091 2451 1185 2487 quae
1218 2437 1281 2474 Cr.
1321 2438 1368 2474 ad
1405 2437 1590 2473 Plotimun
1619 2435 1668 2472 de

1011 2494 1208 2544 pulcritud.
1255 2494 1448 2543 adscripsit
1489 2507 1526 2543 p.
1567 2492 1662 2533 518.

1011 2550 1092 2588 Nec
1117 2555 1239 2587 tamen
1277 2563 1369 2599 opus
1399 2550 1466 2586 hac
1495 2548 1666 2586 emenda-

1010 2607 1120 2643 tione.
1159 2605 1248 2642 Mox
1279 2606 1378 2642 idem
1408 2603 1666 2642 Valckenarius

1014 2662 1199 2712 rescripsit
1247 2656 1376 2710 στήσω
1424 2674 1492 2711 pro
1531 2656 1664 2710 θήσω,

1012 2719 1114 2767 quod
1145 2718 1265 2754 insitis
1293 2718 1394 2754 libris
1424 2730 1447 2754 a
1475 2717 1665 2767 Stephano

1011 2775 1149 2811 illatum
1172 2777 1260 2811 erat.

1067 2828 1256 2882 παρέσται
1303 2827 1368 2869 καὶ
1419 2827 1448 2880 ἦ
1494 2825 1595 2881 γυνὴ
1635 2827 1665 2880 ἦ

1011 2884 1087 2940 ἐμή
1120 2886 1160 2934 ἐς
1185 2885 1347 2938 κοῖτον]
1396 2886 1438 2924 In
1465 2886 1520 2924 his
1553 2888 1663 2926 κοῖ-
