1805 3315
358 252 416 292 66
774 242 1243 286 HERODoTl

361 362 455 411 τίας
483 357 719 415 ἐπιφέρων·
757 360 846 401 τῶν
883 354 962 411 μὲν
995 354 1179 398 ἐδύνατο
1218 352 1400 409 μέζονας
1437 346 1646 401 παρευρί-

362 453 493 492 σκειν,
513 438 668 495 μέζονα
694 432 1015 490 ἐπαιτιώμενος,
1039 438 1154 476 τοῖσι
1176 432 1222 475 δὲ
1235 429 1383 475 αὐτῶν
1401 428 1474 472 καὶ
1495 429 1647 483 φαῦλα

251 524 317 570 27

77 589 234 617 tnsnlanos
265 596 320 624 ag-

44 631 233 662 grem-urus,-
266 622 319 650 de.-

44 661 176 683 tcrretur
209 664 274 684 alvo
301 664 320 683 a

44 690 154 717 Biante
187 690 252 718 sivo
300 697 320 718 a

44 723 171 751 Pittaco.

362 518 595 575 ἐπιφέρων.
650 515 728 566 Ὡς
768 514 814 557 δὲ
847 511 932 568 ἄρα
969 514 1014 557 οἷ
1048 511 1096 555 ἐν
1120 514 1174 568 τῇ
1200 508 1545 566 ’Λσίῃ“”Έλλ.ηνες
1573 513 1695 549 unc-85

362 597 636 653 τεστράφατο
673 595 716 645 ἐς
752 591 899 649 φόρου
939 588 1204 648 ἀπαγωγὴν,
1251 587 1301 632 τό
1333 587 1533 631 ἐνθεῦτεν
1562 585 1651 629 ἐπε-

364 678 480 729 νόεε,
511 676 611 726 νέας
639 671 950 728 ποιησάμενος,
977 668 1228 726 ἐπιχειρέειν
1256 672 1371 711 τοῖσι
1399 665 1649 722 νησιώτῃσι.

342 756 525 802 Ξέόντων
555 752 601 797 δέ
628 753 669 796 οἱ
697 751 873 794 πάντων
902 749 1085 806 ἑτοίμων
1124 748 1168 800 ἐς
1196 748 1276 805 τὴν
1305 747 1571 803 ναυπηγίην,
1610 744 1654 786 οἱ

365 837 444 892 μὲν
470 835 633 877 Βίαντα
661 829 835 886 λέγουσι
862 828 940 873 τὸν
966 827 1161 885 Πριηνέα
1191 825 1456 884 ἀπικόμενον
1473 825 1517 876 ἐς
1537 822 1701 877 Boio-90

367 916 455 965 δις,
503 913 547 956 οἱ
589 911 636 956 δὲ
672 908 890 955 Πιττακόν
928 908 1006 952 τὸν
1041 911 1366 964 Μυτιληναῖον,
1426 901 1656 960 εἰρομένου

381 1102 484 1138 τοῖσι
507 1095 550 1137 δὲ
576 1090 737 1136 αὐτῶν
758 1094 825 1134 καὶ
850 1095 986 1145 φαῦλα

326 1154 551 1207 ἐπιφέρων]
585 1147 748 1192 αὐτῶν
773 1152 831 1189 hic
858 1165 878 1189 e
903 1151 985 1188 Me-

326 1214 430 1250 diceo
452 1210 637 1260 rescripsit
655 1209 876 1256 Gronovius,
887 1208 986 1257 quod

326 1283 408 1307 cum
424 1267 606 1305 Sancrofti
631 1265 722 1303 liber
746 1265 877 1314 aliique
899 1277 985 1301 con-

318 1326 529 1371 firmarent,
558 1323 645 1360 item
663 1322 802 1372 recepit
820 1321 987 1358 Gaisfor-

328 1383 421 1419 dius.
452 1380 629 1428 Reliquae
648 1379 731 1417 edd.
745 1382 894 1416 recentt.
910 1377 986 1414 vul-

329 1451 456 1488 garem
481 1438 636 1474 sormam
663 1430 813 1474 αὐτέων
828 1434 988 1471 Ionicam

330 1495 507 1539 retinent,
550 1506 617 1529 nec
660 1493 778 1542 ipsam
824 1490 989 1527 codicum

331 1550 558 1600 quorundam
591 1549 803 1585 auctoritate
837 1548 990 1584 destitu-

330 1612 418 1643 tam.
448 1607 555 1642 Conf.
583 1605 613 1652 I,
645 1608 709 1645 66.
745 1604 799 1645 64
830 1604 893 1640 fin.
923 1605 989 1645 29.

332 1663 463 1700 Matth.
489 1661 736 1699 Granum-Gr.
761 1673 797 1710 p.
813 1660 906 1701 513.

511 1745 542 1781 c
553 1757 573 1782 a
586 1759 622 1795 p.
658 1743 810 1781 xxvn.

393 1828 435 1868 οἱ
463 1826 535 1880 μὲν
566 1828 717 1868 Βίαντα
749 1825 904 1880 λέγουσι
925 1822 994 1866 τὸν

339 1884 520 1936 Πριηνέα
536 1900 573 1924 κ.
594 1900 629 1923 τ.
649 1887 696 1930 λ.]
727 1884 894 1921 Eandem
911 1896 996 1920 nar-

335 1943 512 1979 rationem
536 1942 683 1979 exhibet
704 1941 858 1978 Diodor.
875 1940 995 1976 inEx-

338 2003 451 2048 cerpt.
480 1997 517 2049 §.
541 1998 594 2040 25
626 1997 673 2034 T.
696 1997 732 2034 ll
765 2011 802 2047 p.
824 2001 880 2038 22
913 2009 996 2032 nov.

337 2056 524 2104 scriptorr.
547 2054 684 2092 collect.
704 2054 760 2091 ed.
780 2053 822 2089 A.
842 2052 997 2089 Mai.—

339 2111 540 2160 lunguntur
556 2116 698 2158 autem,
727 2114 901 2147 monente
920 2109 951 2146 C
955 2122 998 2157 r.‚

340 2172 494 2216 uterque
536 2172 573 2204 et
614 2168 709 2204 >Bias
744 2171 781 2204 et
824 2166 998 2212 Pittacus,

341 2225 470 2261 eodeni
498 2224 608 2261 modo
636 2236 657 2260 a
683 2223 836 2260 Platone
863 2223 910 2260 de
942 2222 1000 2259 Re

339 2280 437 2329 publ.
470 2279 499 2326 I,
521 2283 547 2321 9
574 2293 610 2330 p.
630 2280 712 2321 335
743 2280 807 2316 inf.
841 2279 940 2317 Nam
961 2279 999 2314 in

341 2341 484 2384 septem
519 2337 726 2386 sapientum
764 2349 914 2373 numero
948 2334 999 2371 illi

341 2391 588 2438 habebantur,
618 2397 658 2428 ut
674 2396 772 2429 recte
789 2392 860 2429 illic
883 2404 999 2429 anno-

344 2451 397 2483 tat
420 2447 546 2484 Astius
578 2461 614 2497 p.
643 2448 739 2494 347,
768 2449 815 2484 ad
838 2448 997 2495 Diogen.

340 2501 463 2539 Laert.
478 2503 516 2549 I,
535 2506 601 2544 76.
623 2505 676 2544 87
696 2517 725 2539 c.
742 2504 946 2553 interprett.
964 2508 1001 2540 et

339 2559 389 2594 ad
405 2558 572 2595 Perizon.
590 2559 639 2595 ad
655 2559 793 2595 Aelian.
812 2560 856 2595 V.
869 2560 918 2595 H.
935 2558 998 2605 ΙΙΙ,

341 2616 394 2654 17
427 2616 638 2651 amandans.
667 2614 845 2651 Vixerunt
869 2615 997 2650 Croesi

341 2674 483 2717 aetate,
513 2672 613 2719 quod
639 2671 728 2706 satis
757 2671 932 2719 probatur
955 2670 1000 2705 iis

342 2727 580 2774 testimoniis,
611 2739 705 2776 quae
723 2726 840 2762 attulit
862 2727 910 2762 ad
928 2727 961 2762 h.
977 2725 999 2761 l.

342 2780 622 2820 Larcherus.—
637 2782 694 2819 Ad
709 2784 859 2819 formam
877 2784 1000 2832 Πριη-

343 2836 434 2876 νέα
455 2841 548 2875 conf.
572 2840 607 2887 I,
631 2841 720 2879 170.
744 2840 806 2879 15.
832 2841 921 2879 161.
938 2838 1001 2884 VI,

344 2895 392 2941 8,
422 2895 482 2932 ubi
509 2899 718 2933 constanter
740 2909 759 2933 ε
787 2897 1002 2945 reperimus,

525 3078 535 3096 ⁸.

1052 1106 1133 1131 cum
1156 1092 1256 1142 prior
1272 1090 1404 1128 Ionum
1421 1088 1595 1128 dialectus
1613 1087 1704 1126 haec

1051 1154 1155 1200 perr}
1176 1149 1367 1199 proferret.
1410 1147 1532 1191 Quam
1548 1147 1704 1182 formam

1052 1207 1090 1243 in
1123 1205 1316 1242 Herodoto
1363 1204 1479 1240 ubivis
1515 1203 1706 1240 restituere

1053 1275 1132 1300 cum
1159 1274 1316 1311 pronum
1346 1261 1411 1307 sit,
1449 1259 1569 1297 invitis
1598 1270 1707 1309 prae-

1053 1319 1178 1357 sertim
1199 1317 1300 1354 libris
1317 1316 1483 1367 scriptis,
1512 1316 1608 1352 hume
1620 1314 1708 1350 scri-

1053 1380 1195 1426 ptorem
1222 1374 1293 1410 iam
1329 1374 1449 1422 magis
1478 1373 1526 1410 ad
1556 1370 1708 1409 mitioris

1055 1432 1186 1469 atticae
1206 1430 1348 1467 dialecti
1363 1431 1499 1466 formas
1515 1428 1710 1465 inclinasse

1056 1488 1249 1525 dicendum
1280 1486 1357 1523 erit.
1401 1485 1462 1522 Tu
1479 1485 1563 1522 vide
1590 1484 1708 1521 Bron—

1057 1545 1175 1582 stedts
1197 1543 1335 1580 Reisen
1350 1546 1416 1580 etc.
1431 1556 1468 1593 p.
1490 1543 1582 1588 128,
1602 1551 1709 1590 quem

1056 1601 1175 1638 locum
1198 1599 1261 1636 Cr.
1285 1599 1540 1649 adscripserat.

1117 1656 1157 1696 οἱ
1180 1653 1222 1694 δὲ
1246 1651 1447 1694 Πιττακόν
1467 1650 1534 1693 τὸν
1555 1655 1709 1691 Μυτι-

1059 1709 1313 1764 ληναῖον]
1332 1711 1453 1760 Vulgo
1476 1712 1624 1749 Μιτυλ.
1645 1710 1713 1747 im-

1060 1770 1233 1822 primunt,
1254 1768 1353 1805 libris
1365 1768 1529 1805 omnibus
1551 1766 1714 1804 adsenti-

1060 1828 1141 1864 bus.
1212 1825 1377 1868 Quorum
1410 1829 1532 1862 tamen
1559 1824 1715 1861 auctori-

1061 1888 1174 1920 tatem
1201 1886 1237 1919 et
1269 1882 1327 1919 hic
1368 1885 1405 1918 et
1443 1881 1483 1929 Ι,
1512 1882 1594 1922 160
1634 1892 1714 1917 cum

1063 1939 1251 1976 Gaisford.
1282 1942 1320 1975 et
1346 1937 1478 1974 Matth.
1507 1936 1715 1986 relinquen-

1064 1997 1149 2033 dam
1170 1994 1336 2031 duximus
1349 2023 1359 2042 ,
1388 1994 1588 2031 scribentes
1614 1995 1667 2032 M
1673 2008 1715 2031 v-

1064 2067 1085 2090 τ
1097 2067 1111 2090 ι
1125 2054 1303 2101 ληναῖον.
1360 2050 1532 2100 Namque
1557 2050 1610 2087 ita
1629 2062 1716 2087 con-

1065 2112 1205 2146 stanter
1226 2107 1396 2145 exhibent
1414 2108 1534 2153 numi3
1562 2119 1717 2155 eamque

1065 2165 1281 2216 scripturam
1293 2193 1303 2212 ,
1335 2168 1377 2201 ut
1397 2164 1487 2200 alios
1507 2168 1660 2210 taceam,
1679 2163 1717 2199 in

1066 2222 1232 2258 omnibus
1251 2233 1273 2258 a
1294 2234 1335 2258 se
1350 2220 1457 2258 editis
1483 2219 1717 2270 scriptoribus

1065 2278 1181 2316 tenuit
1197 2276 1408 2314 Immanuel.
1437 2276 1600 2314 Bekker.
1618 2275 1717 2313 haud

1066 2347 1195 2372 curans
1216 2347 1279 2371 eos
1292 2362 1303 2380 ‚
1350 2334 1381 2370 si
1397 2333 1459 2383 qui
1480 2338 1606 2370 eontra
1619 2332 1719 2370 codi-

1066 2404 1146 2428 cum
1164 2390 1274 2427 fidem
1302 2390 1517 2440 scripturam
1543 2390 1638 2426 hanc
1663 2389 1719 2425 in-

1066 2447 1255 2485 serendam
1281 2451 1471 2496 negarent.
1509 2446 1559 2482 Et
1577 2445 1719 2482 variant

1066 2504 1191 2551 utique
1212 2502 1362 2539 multum
1384 2502 1486 2550 libri,
1505 2502 1719 2553 plerumque

1067 2564 1188 2595 tamen
1209 2559 1379 2596 exhibent
1397 2571 1477 2596 eam
1491 2559 1718 2608 scripturam,

1067 2626 1162 2662 quae
1180 2615 1299 2649 numis
1326 2615 1506 2651 contraria
1527 2618 1595 2661 est,
1606 2626 1718 2662 quae-

1067 2682 1140 2718 que
1159 2670 1266 2706 etiam
1286 2670 1323 2705 in
1345 2670 1452 2707 editis
1480 2669 1591 2718 vulgo
1620 2670 1719 2707 exhi-

1068 2725 1183 2765 betur.
1241 2724 1322 2762 Nec
1352 2725 1457 2763 aliter
1486 2727 1586 2776 apud
1615 2725 1718 2763 Lati-

1067 2794 1155 2828 n05,
1196 2781 1259 2817 ubi
1285 2782 1499 2832 plerumque
1529 2781 1717 2833 Mitylene,

1068 2838 1136 2874 sed
1173 2837 1311 2887 passim
1350 2851 1495 2888 quoque
1535 2837 1719 2890 Mytilene.

1068 2894 1151 2937 Qua
1171 2894 1218 2931 de
1229 2906 1267 2931 re
1278 2895 1460 2945 copiosius
1482 2896 1559 2945 egit
1571 2908 1717 2935 omnes-
