1759 3324
507 266 1025 307 EUTERPE.II.
1306 269 1390 309 785

0 385 100 431 129

241 379 365 424 Μετοὶ
395 380 441 423 δὲ
467 381 650 427 τοῦτον,
690 378 944 432 βασιλεῦσαι
974 374 1200 431 Αἰγύπτου
1230 379 1384 420 Μυκε-
1394 384 1717 455 muyzfeidnioffiagg

1440 462 1478 487 qu
1462 454 1522 480 uiat
1526 455 1562 480 tie
1597 456 1715 483 colens,-

1439 491 1586 514 mortuam
1625 489 1643 514 fi
1649 489 1688 515 lia
1671 498 1717 516 ann

1442 520 1473 547 in
1508 521 1556 547 box
1546 529 1582 547 ιο
1617 522 1678 560 lig„
1663 532 1717 550 nea

1443 561 1515 582 cava
1533 555 1661 590 sepeliit.

123 465 248 516 ρῖνον
273 461 440 514 ἔλεγον,
482 457 652 507 Χέοπος
680 457 951 513 παῖδα·τῷ
979 454 1032 498 τὰ
1069 454 1150 511 μὲν
1186 459 1269 499 τοῦ
1297 471 1382 499 πα-

120 540 220 595 τρὸς
250 538 352 592 ἔργα
382 535 587 579 ἀπαδεῖν·
632 534 709 578 τὸν
740 534 786 578 δὲ
815 533 869 577 τά
899 550 943 577 τε
974 535 1048 589 ἱρὰ
1078 531 1274 586 ἀνοῖξαι,
1312 535 1386 578 καὶ

120 617 198 662 τὸν
236 616 346 659 λεών
381 614 645 670 τετρυμένον
684 614 727 665 ἐς
755 613 806 657 τὸ
837 613 1017 670 ἔσχατον
1046 615 1188 657 κακοῦ
1217 610 1387 657 ἀνεῖναι

121 695 233 751 πρὸς
263 695 367 750 ἔργα
396 710 440 738 τε
469 693 544 738 καὶ
572 695 752 744 θυσίας·
784 694 906 745 δίκας
937 693 983 737 δέ
1008 703 1087 749 σφι
1106 691 1285 736 πάντων
1305 695 1387 748 βα-

90 775 280 818 Ξσιλέων
320 772 593 825 δικαιοτάτας
630 775 810 829 κρίνειν.

870 771 980 817 κατὰ
1018 775 1150 816 τοῦτο
1186 771 1270 828 μέν
1304 788 1389 815 νυν

118 854 166 899 τὸ
199 855 350 911 ἔργον,
383 851 591 897 ἁπάντων
623 851 719 895 ὅσοι
748 851 831 910 ἤδη
863 851 1057 909 βασιλέες
1085 850 1286 907 ἐγένοντο
1307 853 1443 894 Αἰ-75

118 935 336 990 γυπτίων,
368 933 564 977 αἰνέουσι
594 931 779 987 μάλιστα
807 936 989 976 τοῦτον·
1020 930 1073 974 τά
1102 947 1146 974 τε
1177 929 1283 974 ἄλλα
1303 928 1388 986 γάρ

120 1031 195 1070 μιν
234 1015 398 1068 κρίνειν
435 1006 485 1057 εὖ
495 1047 505 1065 ,

119 1097 194 1149 τῆς
228 1094 350 1150 δίκης
378 1090 484 1148 παρ’
518 1090 685 1135 ἑωυτοῦ
722 1090 900 1135 διδόντα
931 1089 1063 1143 ἄλλα,
1111 1087 1386 1145 ἀποπιμπλά-

92 1180 198 1217 3ναι
235 1171 373 1217 αὐτοῦ
409 1171 489 1216 τὸν
525 1170 690 1228 θυμόν.

749 1169 888 1215 Ἐόντι
917 1169 963 1213 δὲ
1000 1167 1115 1227 ἠπίῳ
1145 1172 1206 1227 τῷ
1235 1173 1387 1213 Μυκε-

122 1255 230 1310 ρίνῳ
260 1252 372 1297 κατὰ
409 1251 515 1305 τούς
543 1251 773 1308 πολιήτας,
813 1250 887 1294 καὶ
916 1253 1055 1293 ταῦτα
1085 1247 1384 1304 ἐπιτηδεύοντι
1397 1257 1442 1291 80

120 1336 298 1388 πρῶτον
342 1336 492 1377 κακῶν
533 1331 659 1388 ἄρξαι
697 1331 776 1387 τὴν
813 1329 1037 1386 θυγατέρα
1067 1327 1387 1373 ἀποθανοῦσαν

64 1521 259 1559 Herodoto
279 1519 360 1570 ipsi,
380 1523 420 1557 ut
439 1520 621 1570 opinatur,
647 1530 720 1555 non

66 1578 153 1615 satis
176 1576 417 1624 intellectam,
447 1576 496 1612 ad
515 1575 606 1612 illud
628 1579 721 1612 tem-

65 1648 158 1686 pus,
213 1645 286 1682 quo
324 1632 548 1670 Phoenicum
592 1636 721 1681 gentes

65 1690 278 1741 pastoritiae
320 1689 512 1739 imperium
563 1688 722 1739 Aegypti

69 1747 272 1793 tenuerint,
301 1745 452 1783 relatam
469 1744 554 1782 vult.

237 1831 345 1881 Cap.
377 1828 549 1867 CXXIX.

124 1915 356 1968 βασιλεῦσαι
385 1908 597 1965 Αἰγύπτου
630 1915 725 1953 Μυ-

67 1970 240 2024 κερῖνον]
262 1970 375 2022 Apud
393 1970 599 2008 Diodorum
618 1970 648 2018 I,
669 1969 724 2012 64

68 2043 132 2068 rex
167 2030 296 2066 dicitur
329 2029 575 2079 Μεχερῖνος,·
623 2028 724 2077 quod

67 2086 244 2124 sermonis
263 2084 408 2134 Coptici
429 2097 500 2134 ope
517 2084 648 2133 Zo'ega
676 2085 724 2122 de

67 2142 173 2180 obell.
199 2156 236 2193 p.
254 2140 336 2182 415
365 2140 519 2191 explieat
548 2140 724 2191 tranquil-

68 2200 150 2237 lum.
208 2199 375 2243 Quocum
413 2198 583 2235 convenit
622 2210 724 2246 sane,

68 2255 168 2306 quod
187 2251 312 2306 ἤπιον
340 2254 496 2292 eundem
522 2267 646 2304 regem
667 2255 723 2291 di-

68 2313 116 2350 cit
134 2312 360 2361 Herodotus.
395 2309 568 2348 Larcher.
590 2311 636 2359 (t.
654 2310 723 2348 VII

67 2382 105 2420 p-
125 2371 192 2410 91.
214 2367 325 2417 587)
356 2367 484 2417 viginti
512 2380 627 2405 annos
656 2367 723 2404 im-

69 2425 160 2475 perii
189 2424 271 2462 huic
296 2424 376 2473 regi
399 2424 548 2472 tribuit,
585 2424 649 2474 qui
674 2425 721 2461 ad

68 2494 220 2530 regnum
239 2486 383 2519 evectus
401 2493 498 2518 anno
510 2483 619 2522 1072
639 2485 725 2518 ante

71 2537 180 2584 Chr.‚
210 2538 248 2574 id
269 2537 417 2576 cesserit
444 2536 578 2587 Asychi
614 2538 724 2579 1052

71 2605 106 2631 a.
127 2593 212 2630 Chr.

128 2647 196 2687 καὶ
233 2646 304 2689 τόν
342 2646 444 2688 λεω“ν
487 2649 725 2703 τετρυμένον

73 2718 108 2742 κ.
130 2719 161 2743 τ.
183 2704 232 2755 λ.]
276 2705 336 2742 Ad
362 2706 601 2759 τετρυμένον
630 2708 726 2745 conf.

73 2760 111 2807 l,
134 2761 290 2824 22jbiq.
313 2766 388 2800 not.
447 2763 489 2801 In
508 2777 611 2814 seqq.
634 2762 726 2817 ἔργα

74 2828 221 2867 quaevis
257 2831 339 2856 esse
376 2825 535 2869 possunt
582 2823 728 2870 negotia

75 2871 281 2920 domestica,
310 2878 445 2913 rustica
464 2877 595 2927 opinor
613 2878 728 2928 inpri-

75 2928 162 2974 mis,
192 2941 214 2966 a
233 2931 364 2978 quibus
385 2934 525 2970 avocati
544 2937 662 2971 erant·
678 2933 727 2970 ad

98 2982 306 3023 Hmionor.
336 2987 366 3024 I.

789 1516 998 1568 pyramides
1027 1516 1221 1553 struendas
1250 1517 1315 1553 sub
1344 1516 1443 1567 prio·

789 1585 867 1610 rum
886 1585 1011 1636 regum
1027 1573 1192 1622 imperio.
1233 1573 1316 1610 Hoc
1334 1586 1443 1610 sensu

792 1628 886 1682 ε’ργα
905 1629 1108 1667 imenimus
1130 1628 1145 1665 Ι
1159 1631 1265 1676 ,36‚
1297 1629 1443 1666 ubivid.

847 1684 917 1725 καὶ
938 1683 988 1736 δη
1011 1684 1079 1724 καὶ
1107 1688 1160 1740 τῷ
1180 1683 1446 1736 ἐπιμεμφομέ-

793 1757 852 1797 νῳ
872 1741 914 1782 ἐκ
935 1745 1008 1792 τῆς
1039 1741 1152 1792 δίκης
1180 1737 1270 1794 παρ’
1292 1741 1446 1781 ἑωυτοῦ

794 1784 958 1839 διδόντα
984 1796 1107 1864 ἄλλα]
1148 1800 1171 1837 i.
1201 1812 1232 1837 e.
1262 1802 1337 1836 tum
1364 1811 1445 1836 vero

793 1858 921 1902 etiam,
946 1857 978 1893 si
1006 1868 1084 1906 quzs
1108 1855 1146 1891 ob
1174 1857 1378 1893 sententiam
1399 1855 1445 1892 ab

792 1915 867 1964 ipso
897 1912 1010 1949 latam
1035 1916 1313 1962 conquereretur,
1342 1914 1375 1949 ei
1404 1911 1446 1949 de

794 1983 857 2008 suo
893 1969 1027 2006 dedisse
1053 1968 1149 2017 alia,
1189 1968 1314 2020 quibus
1341 1969 1447 2006 istius

791 2029 884 2065 iram
902 2026 1051 2076 expleret
1070 2039 1096 2062 s.
1120 2027 1312 2075 mitigaret.
1340 2025 1448 2068 Quae

793 2084 923 2122 eadem
950 2083 1001 2120 sic
1023 2083 1186 2120 reddidit
1211 2082 1397 2120 Diodorus
1416 2081 1449 2129 Ι,

793 2140 868 2182 64:
899 2162 955 2167 —
976 2135 1076 2178 κατοὶ
1107 2136 1150 2178 δὲ
1177 2135 1272 2186 τούς
1301 2152 1448 2189 χρημα-

792 2193 957 2248 τισμούς
985 2196 1027 2244 (i.
1047 2209 1079 2233 e.
1108 2198 1146 2233 in
1173 2198 1249 2233 iure
1277 2194 1448 2243 dicundo)

792 2249 1020 2292 ἀναλίσκειν
1047 2248 1259 2304 χρημάτων
1275 2253 1447 2302 πλῆθος,

793 2305 953 2350 διδόντα
971 2306 1123 2361 δωρεοὲς
1151 2311 1232 2348 τῶν
1262 2307 1449 2348 ἐπιεικῶν

791 2370 874 2414 τοῖς
893 2367 1082 2406 δοκοῦσιν
1102 2364 1144 2405 έν
1166 2368 1252 2412 ταῖς
1271 2365 1449 2417 κρίσεσιν

792 2420 847 2475 μή
869 2420 969 2462 κατοέ
990 2418 1140 2474 τρόπον
1176 2418 1446 2461 α’παλλάττειν.

791 2481 833 2518 In
859 2481 1055 2518 Herodoto
1080 2480 1192 2517 verba
1221 2477 1264 2519 ἐκ
1290 2480 1361 2528 τῆς
1391 2477 1447 2517 δί-

791 2552 865 2588 κης
882 2550 961 2574 cum
971 2536 1216 2585 Wesselingio
1235 2534 1449 2586 explicanda

794 2598 896 2632 sunt:
928 2594 966 2630 ob
995 2593 1107 2630 latam
1133 2594 1363 2639 sententiam,
1392 2590 1449 2628 vel

795 2651 902 2689 etiam
920 2653 1000 2700 post
1018 2649 1200 2687 iudicium.
1231 2647 1323 2685 Illud
1342 2659 1451 2698 prae-

794 2709 889 2745 ferre
911 2707 1055 2743 videtur
1067 2704 1198 2742 Matth.
1217 2717 1304 2755 pag.
1328 2703 1448 2744 1134.

793 2763 853 2801 De
872 2763 1056 2801 locutione
1077 2776 1106 2801 π
1123 2777 1146 2800 α
1161 2756 1202 2813 ρ’
1233 2759 1385 2800 ἑωυτοῦ
1410 2758 1452 2795 de

794 2833 858 2856 suo
885 2820 908 2856 i.
927 2833 959 2857 e.
985 2818 1026 2855 de
1049 2820 1121 2855 suis
1141 2819 1303 2868 pecuniis
1326 2817 1452 2853 confer

793 2875 926 2913 Matth.
953 2875 1019 2912 Gr.
1039 2875 1105 2912 Gr.
1127 2888 1165 2925 p.
1189 2877 1309 2915 1172.
1339 2871 1452 2909 Lam·

795 2933 886 2971 bert.
909 2932 998 2969 Bos.
1018 2931 1134 2982 ellips.
1165 2930 1188 2967 l.
1208 2930 1273 2966 Gr.
1303 2942 1338 2979 p.
1355 2928 1448 2969 582.

563 1012 638 1055 καὶ
683 1011 735 1068 δή
775 1012 847 1056 καὶ
885 1015 945 1068 τῷ
975 1010 1307 1068 ἐπιμεμφομένῳ
1338 1010 1386 1053 ἐκ
1446 1018 1526 1057 166
