1832 3315
645 248 937 287 CL10.1.

1342 253 1424 293 139

167 361 337 406 σοι’ντων
365 360 411 403 ἐν
435 355 754 414 Ἑλλησπόντῳ,
785 361 827 401 οἳ
849 357 1047 402 σύνοικοι
1067 357 1270 415 ἐγένοντο
1301 358 1420 418 Ἀθη-
1435 368 1480 402 60

166 443 349 485 ναίοισι·
377 438 450 481 καὶ
489 436 570 480 ὅσα
601 435 710 480 ἄλλα
741 437 990 493 Πελασγικοὶ
1022 436 1151 482 ἐόντα
1175 441 1422 496 πολίσματα

165 519 213 564 τό
245 517 413 573 οὕνομα
441 515 665 573 μετέβαλε·
699 517 735 559 εἰ
764 515 961 560 τούτοισι
991 518 1332 573 τεκμαιρόμενον
1358 521 1426 562 δεῖ

163 598 322 654 λέγειν,
369 592 482 653 ἦσαν
524 598 567 640 οἱ
603 596 819 652 Πελασγοὶ
849 594 1078 652 βάρβαρον
1109 600 1312 652 γλῶσσαν
1342 596 1421 641 ἱέν-

134 686 242 729 3τες.
272 679 309 721 εἰ
337 678 489 719 τοίνυν
517 672 573 733 ἦν
601 678 675 719 καὶ
703 680 790 719 πᾶν
827 680 1004 720 τοιοῦτο
1043 676 1092 720 τό
1136 675 1418 732 Πελασγικὸν,

160 756 207 802 τὸ
237 754 428 799 Ἀττικόν
460 755 613 807 ἔθνος,
644 753 719 798 ἐόν
750 755 1051 812 Πελασγικὸν,
1094 755 1182 811 ἅμα
1211 760 1264 813 τῇ
1293 773 1420 812 μετα-
1433 764 1477 799 65

159 840 268 894 βολῇ
306 839 360 892 τῇ
399 836 442 887 ἐς
470 836 682 891 Ἕλληνας
719 835 792 879 καὶ
832 834 912 891 τήν
950 840 1154 892 γλῶσσαν
1193 835 1416 892 μετέμαθε.

104 1045 325 1094 Ἠίοεςεῐίιις.
353 1044 422 1082 huc
450 1047 595 1081 revocat
623 1044 753 1081 articu-

103 1103 175 1140 lum
193 1104 294 1150 τῶν,·
323 1102 420 1138 unde
452 1101 541 1137 haec
575 1101 754 1138 enascitur

105 1160 172 1196 loci
191 1159 389 1196 sententia:
408 1162 471 1204 „et
493 1157 524 1193 si
543 1170 652 1207 porro
665 1170 752 1194 con—

103 1217 274 1253 iecturam
293 1216 412 1252 facere
445 1214 526 1250 licet
549 1226 592 1250 ex
613 1213 656 1249 iis
683 1213 753 1250 Pe-

103 1272 238 1321 lasgis,
269 1270 500 1320 quiPlaciam
523 1269 753 1317 etScylacem

103 1330 142 1365 in
189 1328 446 1378 Peloponneso
501 1326 754 1372 condiderunt,

104 1385 239 1434 quique
270 1397 348 1421 cum
371 1382 652 1420 Atheniensibus
682 1383 755 1418 una

103 1441 374 1487 habitaverant,
404 1439 435 1475 si
454 1439 612 1488 denique
641 1451 684 1476 ex
709 1439 753 1474 iis

103 1497 343 1535 coniecturam
362 1496 494 1533 ducere
514 1495 617 1544 licet,
648 1499 755 1544 quot-

102 1558 192 1604 quot
220 1553 311 1591 aliae
337 1553 445 1590 urbes
474 1551 599 1601 (olim)
629 1552 755 1590 Pelas-

103 1611 206 1660 gicae
235 1608 375 1660 (post)
405 1610 553 1646 nomina
588 1609 755 1646 immuta-

103 1670 204 1714 runt,
232 1670 298 1713 ete.
313 1666 337 1686 “
413 1664 525 1703 Nulla
558 1665 669 1714 igitur
699 1665 756 1702 hic

105 1736 197 1773 opus
217 1721 482 1760 emendatione.
512 1743 568 1749 ——
595 1722 637 1759 In
648 1735 753 1771 seqq.

105 1793 184 1817 cum
202 1780 331 1817 eodem
345 1778 591 1827 lVesselingio
603 1779 755 1827 aliisque

103 1836 312 1873 retinuimus
325 1830 561 1874 οἰκισάντων
573 1849 640 1886 pro
654 1835 752 1883 vulg.

104 1887 365 1943 οἰκησάντων.
422 1893 614 1930 Herodoto
634 1895 753 1929 caete-

103 1961 182 1986 rum
204 1949 426 1997 suffragatur
437 1948 660 1999 Pomponius
671 1948 753 1986 Me-

104 2005 139 2043 la
159 2005 196 2054 I,
223 2008 296 2051 19,
325 2006 387 2042 ubi
408 2005 568 2042 Placiam
596 2009 634 2043 et
663 2006 754 2053 Scy-

104 2062 216 2100 lacem
234 2074 366 2112 parvas
394 2062 633 2111 Pelasgorum
655 2061 754 2099 colo-

103 2119 183 2155 nias
212 2118 392 2170 appessat,
431 2119 561 2168 quibus
593 2131 616 2155 a
647 2122 752 2167 tergo

103 2175 266 2213 imminet
291 2188 395 2212 mons
423 2175 617 2226 Olympius
655 2175 754 2224 [My-

104 2231 207 2278 sius}
236 2230 333 2269 Add.
350 2232 441 2269 Plin.
474 2232 522 2269 H.
547 2232 597 2270 N.
616 2232 662 2279 V,
686 2234 752 2273 32.

105 2289 171 2330 39.
228 2288 307 2325 Sita
333 2292 391 2327 est
419 2289 506 2326 urbs
546 2288 678 2326 Placia
715 2289 754 2326 in

105 2343 245 2393 Mysia,
276 2346 453 2384 orientem
480 2358 606 2383 versus
636 2359 658 2382 a
678 2346 753 2394 Cy-

107 2401 202 2449 zico,
232 2402 454 2440 occidentem
473 2415 599 2440 versus
620 2415 642 2440 a
661 2401 754 2452 Scy-

106 2456 193 2505 lace,
213 2459 312 2507 quod
342 2459 518 2510 oppidum
546 2460 614 2496 fuit
631 2459 755 2509 proxi-

105 2526 213 2552 mum.
269 2515 353 2554 vid.
379 2515 545 2553 Siebelis.
581 2516 630 2553 ad
657 2515 754 2552 Pau-

107 2582 184 2606 san.
204 2570 260 2618 V,
287 2573 338 2612 13
378 2571 415 2623 ἓ.
433 2571 472 2613 4.
529 2571 611 2610 Nec
637 2572 756 2609 inanis

110 2625 167 2663 est
181 2627 248 2663 viri
267 2628 364 2666 docti
383 2629 565 2679 suspicio,
582 2629 755 2667 Herodo-

110 2684 186 2718 tum
215 2683 334 2732 ipsum
369 2685 458 2723 haec
494 2685 574 2723 loca
600 2686 756 2731 adiisse3

112 2740 153 2772 tu
171 2738 214 2774 cf.
242 2738 376 2789 Heyse.
399 2742 567 2786 Quaestt.
587 2742 755 2780 Herodd.

112 2791 236 2842 Ipag-
265 2797 329 2837 90.
387 2798 460 2842 Qui
502 2799 617 2846 idem,
655 2800 757 2847 quod

111 2847 320 2889 Herodotus
337 2853 426 2891 haec
452 2855 590 2906 oppida
608 2855 647 2892 in
666 2855 757 2892 Hel-

113 2903 301 2957 lesponto,
345 2921 413 2948 nec
447 2911 484 2949 in
530 2911 756 2964 Propontide

821 1044 880 1093 (ut
900 1044 1097 1081 accuratius
1115 1045 1227 1082 tradit
1244 1045 1376 1095 Mela),
1406 1046 1477 1084 sita

821 1101 930 1147 dicit,
959 1101 997 1136 id
1013 1113 1087 1137 non
1119 1114 1161 1138 ex
1191 1103 1380 1152 scriptoris
1407 1104 1476 1140 im-

821 1157 951 1207 peritia
971 1158 1105 1193 factum
1124 1171 1207 1195 esse
1232 1163 1377 1206 monet,
1407 1161 1474 1197 sed

822 1213 965 1250 dicendi
992 1226 1140 1263 exutusu7
1163 1227 1236 1263 quo
1257 1228 1370 1265 saepe
1382 1215 1474 1253 Hel-

821 1268 978 1319 lesponti
995 1271 1141 1308 nomine
1173 1272 1280 1308 etiam
1309 1272 1476 1321 Propon-

819 1326 866 1362 tis
886 1338 957 1362 una
977 1339 1056 1364 cum
1082 1328 1175 1364 sreto
1203 1328 1264 1364 illo
1294 1328 1475 1378 intelliga-

823 1387 893 1419 tur.

880 1439 919 1478 οἳ
950 1435 1129 1479 σύνοικοι
1149 1438 1331 1491 ἐγένοντο
1348 1435 1474 1491 Ἀθη-

823 1496 996 1542 ναίοισι]
1038 1497 1133 1534 Cum
1166 1497 1235 1534 hoc
1268 1497 1348 1534 loco
1378 1499 1474 1535 conf.

823 1552 1001 1590 Herodot.
1022 1553 1090 1600 VI,
1110 1555 1187 1594 137
1210 1559 1247 1591 et
1266 1554 1474 1603 Thucydid.

823 1609 885 1656 IV,
915 1613 1006 1650 109.
1064 1610 1117 1647 Ae
1144 1609 1373 1658 Lai-charus,
1414 1612 1476 1659 qui

824 1666 1075 1714 antiquissimo
1103 1679 1192 1704 aevo
1221 1665 1380 1704 Atticam
1404 1667 1477 1705 Pe-

822 1722 947 1771 lasgos
966 1723 1127 1760 tenuisse
1156 1728 1291 1772 negat,
1322 1724 1391 1760 hoc
1418 1737 1477 1762 re-

822 1780 893 1816 fert
933 1779 982 1815 ad
1021 1780 1260 1830 posteriorem
1290 1780 1475 1828 quandam

824 1835 1099 1884 Tyrrhenorum
1117 1850 1145 1872 s.
1157 1836 1394 1885 Pelasgorum
1415 1850 1476 1873 co-

822 1892 976 1939 loniam,
1008 1893 1069 1942 qui
1095 1906 1178 1929 cum
1207 1893 1369 1929 nonnihil
1385 1897 1477 1930 tem-

821 1949 920 1999 poris
941 1950 976 1985 in
994 1949 1116 1986 Attica
1136 1950 1386 1996 remanserint,
1404 1950 1476 1987 eie-

821 2006 867 2043 cti
902 2006 989 2044 inde
1019 2005 1198 2043 Lemnum
1235 2007 1476 2054 confugerint,

821 2063 918 2100 unde
940 2063 977 2099 in
1005 2062 1232 2113 Propontide
1257 2062 1416 2100 Placiam
1440 2068 1478 2100 et

821 2118 995 2168 Scylacen
1016 2119 1256 2157 condiderint.
1302 2118 1384 2156 Nec
1405 2119 1476 2157 alio

821 2177 898 2213 sere
918 2180 1060 2227 spectat
1090 2176 1249 2213 Platneri
1282 2176 1476 2224 sententia,

822 2245 932 2282 quam
953 2234 1000 2270 ad
1020 2233 1047 2280 l,
1061 2232 1114 2274 56
1135 2233 1384 2270 indicavimus
1409 2233 1475 2270 Cr.

823 2290 946 2327 addit:
1000 2290 1044 2326 C.
1078 2290 1125 2326 O.
1155 2289 1298 2326 Miiller.
1334 2290 1477 2327 Orcho-

821 2359 916 2383 men.
936 2360 972 2397 p.
994 2346 1074 2387 439
1096 2359 1174 2395 seq.
1196 2345 1275 2383 coll.
1296 2347 1378 2387 307
1398 2360 1475 2395 seq.

821 2402 893 2439 Hic
910 2403 1005 2440 enim
1025 2404 1174 2451 antiquo
1195 2415 1284 2440 aevo
1297 2402 1476 2451 Pelasgos

822 2460 929 2496 docet
948 2459 1105 2497 Atticam
1124 2460 1305 2497 insedisse
1323 2472 1392 2496 nec
1408 2472 1476 2513 po-

822 2520 902 2553 stea
921 2517 1067 2554 demum
1087 2516 1327 2565 immigrasse.
1356 2538 1413 2544 —
1433 2516 1477 2553 In

822 2586 927 2622 seqq.
968 2573 1017 2609 ad
1051 2566 1157 2622 ἦσαν
1175 2594 1232 2600 ——-
1250 2571 1373 2619 ἱέντες
1408 2572 1475 2610 Cr.

822 2631 963 2667 confert
982 2629 1144 2668 Fischer.
1174 2629 1223 2666 ad
1242 2628 1389 2667 Weller.
1412 2629 1476 2676 lll,

824 2686 847 2722 b
880 2699 967 2735 pag.
989 2685 1014 2726 4
1036 2699 1113 2735 seq.
1146 2689 1183 2723 et
1212 2690 1303 2723 nott.
1322 2687 1370 2723 ad
1392 2686 1476 2723 Plo-

822 2743 887 2782 tin.
906 2744 953 2780 de
971 2742 1162 2792 pulcritud.
1187 2755 1274 2793 pag.
1297 2745 1391 2784 210.

881 2799 915 2838 εἰ
933 2799 1072 2838 τοίνυν
1090 2793 1144 2850 ἦν
1165 2798 1232 2837 καὶ
1252 2801 1336 2839 πᾶν
1346 2801 1475 2839 τοιοῦ-

824 2854 891 2906 το]
928 2856 1037 2893 Conf.
1056 2856 1120 2906 IV,
1140 2855 1239 2898 195:
1271 2854 1333 2907 εἴη
1360 2852 1399 2897 δ’
1423 2851 1476 2895 ἂν

823 2915 906 2954 πᾶν
928 2928 962 2952 κ.
983 2927 1013 2953 τ.
1034 2915 1066 2952 λ.
