1759 3324
508 261 1037 300 EUTERPE.II.
1327 264 1410 302 731

26 382 124 428 112
265 372 437 418 Τούτου
477 372 523 415 δὲ
569 371 825 423 ἐκδέξασθαι
870 369 949 425 τήν
997 372 1225 426 βασιληΐην
1265 369 1411 426 ἔλεγον
1422 377 1744 440 5522301133215371312538.

147 450 285 507 ἄνδρα
308 452 562 507 Μεμφίτην,
593 454 653 507 τῷ
683 449 792 493 κατὰ
820 448 901 505 τήν
921 453 1010 493 τῶν
1033 448 1251 505 Ἑλλήνων
1269 453 1412 504 γλῶσ-
1469 444 1745 513 ξιᾛῗῖζῑωζῑζξέὶζζ

147 542 229 573 σαν
258 529 426 585 οὕνομα
456 528 638 586 Πρωτέα
668 527 799 572 εἶναι·
833 532 914 572 τοῦ
941 531 1024 571 νῦν
1053 529 1228 584 τέμενός
1247 529 1336 573 ἐστι
1362 529 1409 573 ἐν
1466 519 1571 571 Ξιέἓέιη
1590 517 1746 574 ⁰‘3-‘2'1l'5’ss'13

1466 577 1625 614 Hospitae.

87 715 198 752 seruit
230 714 360 763 Zo'ega
396 714 433 751 in
462 714 654 752 immortali
684 714 743 751 illo

86 784 219 821 opere,
251 772 350 808 cuius
373 772 442 808 iam
468 773 612 822 saepius
642 785 743 809 nien-

85 829 221 864 tionem
229 828 378 865 fecimus
391 828 516 876 (Rom.
530 830 636 870 1797
647 829 741 874 sol).

85 884 157 928 Qui
205 885 252 921 de
294 889 416 935 etymo
459 885 556 923 vocis
605 887 744 922 monuit

84 954 170 991 pag.
194 944 273 983 129
300 955 377 991 seq.

289 1026 392 1077 Cap.
424 1026 538 1064 CXII.

142 1112 196 1165 τῷ
217 1107 316 1149 nocto}
341 1107 416 1160 τήν
439 1113 518 1149 τῶν
539 1105 742 1161 Ἑλλήνων

84 1189 141 1196 ——
161 1166 326 1218 Πρωτέα
347 1164 471 1218 εἶναι]
517 1167 741 1217 Aegyptium

85 1238 218 1262 nomen
247 1224 351 1261 Cetea
374 1225 487 1262 fuisse
509 1226 630 1275 prodit
647 1224 740 1261 Dio-

86 1283 164 1318 dor.
186 1281 226 1328 I,
246 1284 321 1329 62,
361 1282 422 1330 qui
454 1286 576 1318 tamen
601 1281 663 1328 (Ι,
686 1283 739 1322 60

86 1339 182 1387 seq.)
209 1338 303 1374 intra
325 1339 543 1375 Sesostridis
572 1338 682 1374 filium
704 1342 740 1374 et

83 1395 221 1433 huncce
237 1394 409 1432 Proteum
429 1408 457 1431 s.
479 1397 595 1432 Ceten
618 1395 738 1446 plures

84 1451 239 1488 collocat
256 1465 384 1500 reges,
413 1452 606 1488 Herodoto
635 1464 740 1501 pror-

85 1522 144 1545 sus
173 1509 332 1557 ignotos.
389 1508 590 1546 Larcherus
618 1509 740 1546 Hero-

85 1566 211 1601 dotum
248 1569 391 1603 secutus
426 1565 599 1603 Proteum
635 1565 740 1615 ponit

87 1623 124 1658 in
145 1634 229 1658 ann.
246 1622 354 1663 1294
365 1636 395 1659 a.
409 1622 494 1659 Chr.
518 1623 567 1659 ad
585 1635 737 1670 regnum

85 1682 268 1725 evectum,
290 1680 390 1727 quod
409 1691 475 1727 per
494 1679 741 1727 quinquagin-

85 1739 123 1771 ta
144 1747 259 1770 annos
276 1736 443 1772 tenuerit.
488 1735 546 1772 De
564 1735 632 1771 hoc
652 1748 741 1783 rege

85 1803 179 1839 quae
197 1791 350 1840 plurima
368 1791 538 1840 leguntur
552 1795 629 1828 tum
643 1792 743 1842 apud

86 1847 175 1883 alios
197 1860 315 1885 rerum
348 1849 563 1898 scriptores,
602 1848 660 1884 hic
685 1861 742 1885 re-

85 1908 212 1954 petere
238 1917 312 1941 non
334 1906 473 1942 attinet.
531 1906 625 1941 Sunt
646 1905 742 1942 enim

85 1960 189 2007 talia,
219 1961 255 1997 in
283 1962 414 2011 quibus
444 1961 573 1998 falsum
606 1974 627 1998 a
655 1974 742 1998 vero

85 2017 291 2056 discernere
310 2031 484 2067 nequeas.
542 2018 600 2056 De
617 2018 743 2067 singu-

85 2074 127 2111 lis
157 2075 252 2111 conf.
273 2075 386 2112 Beck.
417 2075 551 2113 Anleit.
571 2089 603 2112 Ζ.
625 2075 742 2112 welt-

85 2130 208 2180 gesch.
229 2131 245 2167 Ι
263 2144 349 2181 pag.
371 2132 453 2173 714
471 2146 549 2181 seq.
610 2132 743 2168 Graeci

85 2188 261 2225 Proteum
303 2189 414 2226 fuisse
443 2190 593 2226 tradunt
619 2188 744 2238 Aegy-

85 2244 203 2294 ptium
231 2257 387 2294 eumque
416 2247 527 2282 modo
551 2246 658 2283 deum
678 2258 744 2281 vo-

87 2304 191 2348 cant,
220 2302 330 2337 modo
348 2315 473 2351 regem
496 2315 538 2339 ac
555 2302 744 2339 mortalem

88 2357 257 2403 (Homer.
280 2358 353 2395 Od.
373 2359 436 2406 lv,
452 2359 546 2399 384.
576 2359 742 2409 Euripid.

87 2413 218 2450 Helen.
240 2413 293 2455 46
307 2428 408 2464 seqq.
431 2415 511 2452 coll.
541 2416 740 2453 Stesichori

88 2470 250 2518 fragmm.
269 2485 305 2521 p.
326 2474 380 2512 92
400 2485 477 2521 seq.
500 2474 558 2510 ed.
574 2472 739 2520 Kleine).

88 2524 142 2562 Ac
162 2527 320 2563 nonnulli
352 2529 465 2575 (sunt
484 2531 598 2567 verba
623 2529 741 2566 Creu-

90 2582 163 2618 zeri
193 2596 317 2621 comm.
346 2585 435 2622 Her.
472 2599 507 2635 p.
539 2588 632 2627 313.
657 2587 739 2627 333

91 2638 178 2685 ibiq.
209 2638 419 2678 Eustathius
441 2643 488 2678 ad
509 2643 663 2680 Homeri
687 2643 741 2678 lo-

92 2707 173 2730 cum
191 2694 213 2731 l.
242 2695 337 2733 Add.
360 2698 524 2746 Symbol.
542 2699 559 2736 I
589 2712 624 2749 p.
639 2699 741 2747 425)

91 2749 263 2788 Proteum
301 2753 531 2792 Homericum
574 2757 744 2804 adeoque

94 2804 312 2856 Aegyptium
331 2811 379 2846 ad
390 2811 654 2849 vicissitudines
667 2825 745 2849 ma-

95 2862 205 2899 teriae
225 2865 461 2914 primigeniae
480 2868 662 2917 pertinere
680 2882 745 2905 vo-

96 2917 235 2956 luerunt
257 2949 267 2968 ‚
306 2935 400 2971 quae
429 2924 547 2961 varias
572 2925 744 2976 deinceps

810 714 945 751 formas
968 714 1113 752 subiret.
1144 714 1214 752 Alii
1232 715 1322 762 (vid.
1337 715 1469 753 Creuz.

811 771 975 819 Syrnbol.
995 771 1045 807 ΙΙΙ
1066 786 1103 822 p.
1119 771 1201 813 254
1217 772 1314 820 seq.)
1334 772 1472 809 doctri-

811 840 897 864 nam
931 829 967 864 in
996 840 1040 865 eo
1074 829 1187 866 latere
1216 829 1471 865 existimabant

810 897 928 921 rerum
947 885 1106 921 omnium
1128 899 1171 922 ex
1191 898 1287 933 aqua
1308 890 1468 922 ortarum

812 946 847 977 et
867 943 1122 991 prosectarum.
1164 942 1383 978 Recentiore
1406 955 1469 979 ae—

813 1002 889 1035 tate
906 999 1138 1045 exstiterunt,
1161 999 1222 1047 qui
1244 998 1330 1035 talia
1351 1011 1372 1034 a
1386 999 1468 1048 phi-

810 1054 970 1104 losophis
999 1060 1170 1104 posterae
1199 1056 1330 1092 aetatis
1361 1068 1468 1092 exco-

810 1112 926 1160 gitata
956 1111 1176 1158 clamantes,
1214 1111 1468 1149 Herodoteam

808 1168 1054 1205 narrationem
1074 1167 1264 1217 Aegyptiis
1298 1169 1467 1205 sacerdo-

808 1226 906 1261 tibus
926 1225 1082 1262 adscribi
1102 1225 1237 1262 debere
1263 1226 1465 1263 contende-

807 1286 889 1318 rent
915 1309 925 1327 ,
968 1281 1104 1331 quippe
1136 1282 1197 1329 qui
1229 1281 1405 1328 Graecis,
1444 1295 1467 1319 a

807 1338 937 1387 quibus
960 1350 1070 1387 saepe
1089 1338 1301 1386 interrogati
1320 1339 1467 1385 fuerint,

806 1395 918 1432 verba
953 1394 1122 1432 dederint
1142 1424 1152 1441 ‚
1197 1399 1467 1443 nautarumque

807 1451 946 1488 fabulas
973 1452 1092 1500 magis
1119 1451 1213 1488 adeo
1237 1452 1404 1488 auxerint
1429 1454 1468 1488 et

807 1508 1016 1545 exornarint
1034 1536 1044 1554 ‚
1106 1520 1230 1556 regem
1285 1508 1467 1556 fingentes

806 1565 983 1601 Proteum
1016 1565 1279 1602 remotissimae
1315 1564 1350 1601 T
1353 1564 1469 1600 roica-

808 1634 888 1657 rum
915 1634 1035 1658 rerum
1064 1622 1221 1669 aetatis,
1252 1622 1352 1657 miris
1383 1621 1470 1657 viri-

808 1678 874 1714 bus
894 1679 1112 1727 praeditum.
1144 1678 1226 1714 Vid.
1248 1678 1273 1714 Ι.
1296 1678 1345 1714 H.
1358 1676 1467 1714 Voss.

809 1747 832 1770 a
858 1734 921 1771 Cr.
948 1734 1134 1771 laudatum
1165 1735 1214 1771 ad
1240 1734 1366 1782 Virgil.
1392 1734 1470 1771 Ge-

810 1804 888 1840 org.
909 1791 971 1837 lv,
985 1791 1068 1831 384
1092 1804 1128 1841 p.
1144 1793 1226 1832 862
1242 1804 1345 1840 seqq.
1376 1790 1468 1828 Inde

810 1848 1054 1896 navigationis
1092 1860 1159 1897 per
1193 1848 1308 1884 maria
1340 1847 1470 1896 ignota

810 1905 1006 1953 imaginem
1029 1904 1153 1941 Protei
1176 1904 1296 1940 fabula
1320 1903 1470 1941 indicari

811 1961 919 2009 vulgo
940 1961 1001 1997 isti
1023 1961 1264 1997 arbitrantur!
1283 1960 1364 1998 Nec
1375 1959 1469 1997 mul-

811 2022 886 2054 tum
909 2018 995 2054 inde
1012 2018 1191 2054 recedunt
1208 2018 1358 2054 aliorum
1370 2030 1470 2054 com-

809 2078 953 2120 menta,
984 2086 1079 2123 quae
1097 2073 1218 2111 retulit
1239 2074 1468 2111 doctissimus

810 2131 976 2169 Nitzsch.
998 2131 1046 2167 ad
1063 2131 1215 2167 Homeri
1236 2131 1371 2180 Odyss.
1399 2130 1421 2168 l.
1444 2130 1468 2168 l.

810 2200 895 2239 pag.
919 2190 1013 2228 271.
1033 2209 1089 2214 —
1118 2188 1226 2224 Conf.
1248 2188 1358 2225 etiam
1375 2200 1470 2237 quae

812 2245 860 2282 ad
889 2244 943 2291 ΙΙ,
967 2245 1046 2284 113
1072 2244 1318 2294 disputantur.

868 2303 942 2340 τοῦ
972 2303 1048 2339 νῦν
1076 2296 1235 2352 τέμενός
1265 2300 1345 2340 ἐστι
1376 2316 1410 2340 κ.
1432 2315 1466 2339 τ.

812 2357 862 2408 λ.]
894 2356 1056 2408 τέμενος
1076 2359 1123 2395 de
1141 2358 1268 2408 quovis
1287 2371 1376 2407 agro
1398 2358 1469 2395 dici

808 2415 958 2461 locove,
989 2415 1052 2463 qui
1080 2428 1148 2452 usu
1180 2415 1320 2464 vulgari
1348 2428 1470 2452 exem-

809 2477 866 2509 tus
915 2471 1092 2520 religione
1130 2478 1362 2509 consecratus
1399 2476 1470 2518 est,

810 2529 896 2566 satis
925 2533 1077 2566 constat.
1146 2530 1253 2566 Conf.
1284 2529 1359 2575 IX,
1390 2531 1470 2568 116

808 2586 896 2634 ibiq.
918 2585 1074 2623 W'essel.
1096 2585 1151 2632 ΙΙ,
1176 2584 1265 2625 155.
1288 2585 1353 2632 ΙΙΙ,
1377 2584 1468 2626 142-

809 2663 866 2671 ——
887 2642 929 2679 ln
949 2655 1052 2691 seqq.
1083 2643 1213 2691 reliqui
1240 2640 1471 2691 Ἠφαιστηΐ-

812 2715 884 2746 ου,
924 2700 1087 2748 quamvis
1115 2700 1189 2735 bini
1220 2699 1303 2736 libri
1330 2697 1469 2745 Ἡφαι-

813 2755 941 2803 στίον,
972 2756 1031 2793 alii
1054 2755 1323 2807 Ἡφαιστείου.
1353 2755 1470 2792 Nam-

812 2826 884 2862 que
913 2813 1151 2850 Grammatici
1172 2842 1184 2860 ‚
1223 2813 1285 2862 qui
1321 2812 1469 2849 omnino

813 2869 963 2906 multam
1002 2882 1152 2919 operam
1191 2869 1229 2906 in
1265 2867 1469 2905 istiusmodi

814 2926 964 2963 vocibus
1011 2926 1200 2964 temenicis
1249 2923 1467 2963 definiendis
