1759 3324
622 281 843 320 CLIO.
900 281 928 319 Ι.
1326 284 1409 325 421

146 395 280 451 πηγαὶ
303 393 351 437 ἐν
378 395 644 447 Ματιηνοῖσι
683 391 850 446 οὔρεσι,
913 390 998 447 ῥέει
1037 391 1084 435 δὲ
1122 391 1195 435 διὰ
1233 393 1549 446 Δαρδα-Ξοοψιῐε
1575 404 1742 443 abromum,

1463 439 1592 476 giu-,catus
1610 446 1628 464 a
1649 440 1738 474 Cyro„

1463 477 1492 495 ιι
1514 478 1593 497 rivos
1621 475 1738 501 trecen-

1461 506 1509 541 tos
1530 507 1560 530 ct
1585 507 1741 541 sexaginta

1462 535 1626 572 dispersus,

146 473 281 525 νέων,
321 471 487 514 ἐκδιδοῖ
512 471 557 513 δὲ
587 470 630 521 ἐς
669 469 816 525 ἕτερον
845 471 1044 526 ποταμὸν
1076 472 1247 527 Τίγριν·
1301 471 1326 515 ὁ
1358 471 1406 516 δὲ

144 549 261 607 παρὰ
282 545 416 593 Ὦιπιν
443 549 573 593 πόλιν
602 549 715 605 ῥέων
745 549 787 600 ἐς
819 549 897 604 τήν
924 549 1144 607 Ἐρυθρὴν
1172 548 1405 595 θάλασσαν

142 629 324 673 ἐκδιδοῖ·
379 632 538 673 τοῦτον
577 627 631 686 δὴ
666 627 744 673 τὸν
783 627 959 687 Γύνδην
995 628 1198 686 ποταμόν
1227 625 1289 681 ὥς
1318 630 1408 674 δια-

86 849 122 886 d.
142 847 281 886 Herod.
300 861 337 899 p.
359 846 470 897 531)
501 846 652 886 alterum
683 847 736 886 al-

85 908 163 942 tero
195 903 276 941 loco
300 905 447 941 fluvium
474 903 612 942 Noster
637 905 735 942 desi-

84 974 218 1010 gnasse
236 961 379 998 videtur
389 962 556 1010 adeoque
567 962 658 998 duos
681 961 737 997 di-

83 1030 206 1055 versos
225 1017 432 1054 confudisse
448 1018 587 1054 fluvios.
615 1018 734 1061 Quem

85 1074 115 1111 si
141 1074 292 1120 audias,
323 1073 393 1111 hoc
418 1074 498 1110 loco
527 1087 610 1111 eum
629 1074 735 1112 intel-

82 1130 168 1168 lexit
203 1130 414 1167 Herodotus
459 1131 624 1178 fluvium,
675 1131 736 1180 qui

83 1199 178 1224 nunc
214 1191 363 1223 vocatur
398 1185 571 1234 Mendelz',
623 1186 736 1224 altero

83 1243 163 1280 loco
184 1256 265 1280 eum
281 1272 292 1290 ,
322 1243 382 1292 qui
400 1242 510 1279 hodie
531 1243 735 1293 appellatur

83 1299 206 1336 Diala.
233 1299 436 1336 Larcherus
457 1299 514 1346 (T
516 1301 572 1336 ab.
597 1300 736 1348 Geogr.

83 1360 109 1393 t.
134 1355 218 1393 Vlll
237 1369 272 1405 p.
298 1357 377 1396 231
390 1356 487 1403 seq.)
508 1360 664 1404 utroque
681 1356 735 1391 lo-

82 1425 125 1450 co
144 1413 302 1450 eundem.
323 1412 470 1448 fiuvium
485 1412 637 1459 intelligi
660 1416 735 1449 sta-

81 1469 170 1516 tuit,
217 1468 278 1516 qui
316 1481 411 1504 nunc
455 1472 511 1505 est
551 1467 732 1516 Mendela,

80 1523 253 1563 Danvillii
275 1537 422 1574 quoque
449 1524 606 1562 rationes
625 1525 733 1563 refel-

79 1580 155 1619 lere
191 1580 350 1628 studuit,
397 1580 459 1630 qui
488 1584 562 1618 tres
603 1582 733 1619 fluvios

82 1638 226 1686 Gyndis
249 1637 396 1674 nomine
422 1641 569 1674 vocatos
603 1638 733 1675 distin-

81 1695 145 1743 gui
161 1694 346 1741 voluerat,
374 1693 465 1730 falsa
483 1693 616 1731 scilicet
634 1695 732 1744 apud

82 1750 249 1788 Tacitum
277 1749 432 1787 lectione
462 1751 647 1800 deceptus.
677 1749 732 1788 Ac

80 1807 138 1844 vix
158 1807 302 1856 quidem
321 1806 405 1842 mihi
422 1807 637 1856 persuaderi
660 1819 729 1857 pa-

79 1864 168 1910 tiar,
217 1863 338 1914 plures
383 1875 521 1912 eosque
568 1863 730 1900 diversos

81 1919 259 1958 Nostrum
279 1918 498 1957 intellexisse
520 1920 647 1957 fluvios
669 1924 732 1956 aut

80 1980 217 2015 temere
246 1976 323 2013 illos
360 1977 589 2023 confudisse,
623 1989 731 2026 prae-

80 2033 204 2071 sertim
227 2045 328 2079 cum,
377 2045 471 2081 quae
511 2032 650 2081 reliqua
682 2033 729 2070 de

80 2090 182 2127 huius
218 2089 317 2126 fluvii
354 2089 515 2126 fontibus
550 2101 731 2138 cursuque

80 2145 217 2185 Noster
240 2145 379 2193 scribit,
419 2145 566 2184 minime
597 2157 619 2182 a
645 2158 730 2182 vero

78 2203 316 2250 abhorreant,
349 2205 391 2239 ut
418 2206 598 2239 monstrat
625 2202 731 2240 Brei-

79 2272 157 2309 ger.
186 2259 223 2296 in
254 2259 461 2296 Comment.
485 2260 532 2296 de
556 2258 644 2295 Asia
663 2271 730 2306 ge-

81 2329 160 2365 ogr.
180 2320 247 2353 etc.
267 2314 430 2365 pag.56.
462 2315 587 2358 Quare
606 2315 728 2352 malim

80 2373 118 2410 in
163 2371 337 2410 Larcheri
375 2376 500 2422 partes
540 2373 728 2409 accedere.

79 2428 212 2478 Neque
226 2441 284 2466 res
302 2429 382 2478 ipsa
397 2432 592 2479 repugnat.
628 2427 728 2466 Nam

82 2485 256 2522 Sardibus
294 2485 511 2535 expugnatis
550 2485 728 2533 Ioniaque

83 2541 229 2578 subacta
239 2541 375 2590 Cyrum
392 2541 542 2590 legimus
553 2541 591 2577 in
602 2541 727 2578 Asiam

83 2598 300 2645 superiorem
319 2611 399 2635 esse
423 2599 642 2648 profectum,
672 2597 729 2634 cui

85 2653 218 2690 deinde
233 2654 277 2690 ab
287 2653 481 2691 Ecbatanis
501 2654 594 2703 (quo
612 2668 651 2692 se
670 2667 728 2691 re-

85 2711 230 2757 ceperat
247 2712 340 2746 teste
364 2709 556 2747 Herodoto
577 2711 606 2758 I,
626 2709 727 2759 143)

84 2763 305 2812 Babylonem
321 2778 444 2802 versus
463 2768 731 2816 expeditionem

86 2818 283 2858 instituenti
302 2821 426 2869 Gyges
445 2835 534 2861 sane
549 2824 730 2861 traiicien-

88 2875 157 2911 dus
181 2880 277 2923 erat,
315 2881 510 2926 antequam
538 2880 576 2919 in
603 2878 731 2920 Meso-

87 2931 281 2981 potamiam
299 2932 494 2972 deveniret.

861 846 940 899 ρἕι
959 846 1002 888 δὲ
1026 845 1092 888 διοῖ
1113 845 1371 900 Δαρδανέων]
1396 846 1456 888 De

803 907 1038 954 grammatica
1065 905 1133 943 loci
1168 909 1347 944 structura
1368 917 1456 942 con-

802 962 868 999 sul.
889 961 1066 1000 Matthiae
1085 962 1121 999 in
1141 963 1207 1000 Gr.
1230 963 1294 999 Gr.
1312 963 1453 1011 p.792.

802 1039 859 1045 —
879 1019 1000 1056 Verba
1020 1015 1086 1057 διὰ
1105 1016 1348 1069 Δαρδανέων
1364 1031 1454 1068 spu-

802 1075 857 1112 ria
876 1075 1093 1124 quibusdam
1120 1076 1309 1122 videntur,
1340 1088 1451 1124 quum

803 1131 890 1168 nulli
918 1132 1064 1169 omnino
1091 1131 1159 1168 hac
1189 1133 1227 1168 in
1263 1136 1359 1168 terra
1386 1131 1458 1167 sint

804 1187 977 1224 Dardani.
1065 1188 1243 1231 Quocirca
1286 1187 1458 1225 Reiskius

803 1244 980 1281 maluerat
1014 1244 1121 1281 scribi
1153 1240 1221 1282 διοῖ
1249 1242 1455 1296 Δαραὲων,

802 1301 864 1337 ubi
883 1300 1029 1349 respicit
1046 1301 1172 1337 urbem
1193 1300 1325 1337 Daras.
1365 1299 1453 1336 Aliis

800 1357 938 1407 placuit
960 1353 1025 1394 διοέ
1036 1354 1242 1408 Δαρνέων,
1258 1369 1337 1393 cum
1352 1356 1453 1393 Dar-

799 1425 882 1449 nam
911 1413 1037 1449 urbem
1069 1413 1137 1449 hoc
1167 1414 1245 1450 sere
1271 1413 1309 1449 in
1337 1416 1454 1449 tractu

798 1473 976 1506 memoret
993 1468 1224 1506 Ptolemaeus
1249 1469 1287 1505 in
1313 1468 1455 1517 Geogr.

801 1525 874 1573 VI,
903 1528 926 1565 1
961 1524 1039 1562 coll.
1097 1525 1275 1563 Niebuhr.
1299 1524 1455 1574 Voyage

801 1595 848 1619 en
866 1580 976 1618 Arab.
1008 1581 1044 1618 II
1077 1594 1164 1632 pag.
1190 1584 1285 1623 269.
1342 1580 1454 1619 Nunc

799 1637 1003 1688 appellatur
1023 1637 1152 1675 Dema.
1185 1638 1368 1682 Quoniam
1388 1650 1452 1675 ve-

800 1707 841 1731 ro
861 1707 935 1730 non
963 1694 1059 1731 urbis
1078 1694 1224 1731 alicuius
1243 1695 1310 1732 sed
1330 1694 1451 1742 gentis

799 1763 933 1788 nomen
949 1751 1150 1800 exspectari
1171 1751 1325 1797 debeat,
1346 1750 1454 1788 Brei-

799 1820 877 1856 ger.
905 1806 928 1843 l.
957 1806 979 1844 l.
1018 1819 1104 1857 pag.
1135 1807 1189 1848 57
1228 1807 1370 1844 coniicit
1403 1800 1455 1845 δι’

796 1858 1029 1915 Ἀρμενίων,
1061 1876 1173 1912 quum
1191 1863 1336 1900 aliunde
1363 1875 1452 1901 con-

799 1924 891 1967 stet,
926 1919 1178 1958 Herodoteum
1196 1920 1368 1968 Gyndem
1383 1932 1451 1970 per

801 1976 961 2026 aliquam
976 1980 1073 2014 certe
1095 1975 1288 2014 Armeniae
1308 1980 1451 2026 partem

797 2034 922 2070 fluere.
941 2032 1021 2069 Nos
1042 2033 1079 2069 in
1097 2032 1226 2069 talibus
1238 2033 1451 2081 quidquam,

796 2089 914 2125 invitis
940 2088 1062 2136 libris,
1096 2093 1258 2136 mutare,
1294 2092 1452 2126 temera-

795 2145 889 2182 rium
910 2146 1129 2192 iudicamus,
1157 2146 1283 2194 itaque
1301 2144 1448 2194 reliqui-

796 2215 874 2239 mus
892 2201 1079 2250 vulgatam
1109 2198 1175 2241 διὰ
1193 2200 1450 2253 Δαρδανέων.

798 2258 904 2302 Quae
923 2259 1071 2307 quidem
1090 2272 1181 2308 gens
1202 2258 1231 2294 si
1252 2257 1449 2295 accuratius

794 2315 900 2352 nobis
935 2327 1011 2351 non
1053 2315 1100 2352 sit
1147 2314 1294 2363 cognita
1308 2342 1319 2361 ,
1357 2326 1445 2350 num

795 2383 931 2420 quaeso
951 2371 1020 2408 alia
1032 2384 1108 2408 sors
1130 2375 1185 2408 tot
1194 2370 1342 2408 orientis
1354 2383 1448 2419 gen-

794 2431 904 2475 tium,
941 2440 1036 2476 quae
1055 2428 1159 2478 ipsae
1186 2440 1269 2465 cum
1297 2427 1356 2463 vix
1382 2426 1448 2463 iis-

795 2484 879 2521 dem
910 2484 1129 2533 aliquamdiu
1154 2484 1300 2521 sedibus
1320 2495 1447 2521 mane-

794 2543 871 2587 ant,
883 2541 948 2577 sed
968 2540 1155 2577 habitandi
1177 2540 1257 2577 loca
1272 2541 1445 2588 frequen-

793 2597 864 2633 tius
884 2600 1111 2647 permutent,
1139 2597 1227 2647 quid
1242 2596 1389 2643 mirum,
1407 2595 1447 2633 in

794 2656 895 2689 tanto
911 2654 1085 2703 temporis
1104 2665 1147 2690 ac
1162 2653 1231 2690 loci
1242 2651 1447 2700 intervallo,

794 2709 899 2746 nobis
931 2722 1007 2746 non
1037 2710 1124 2746 satis
1159 2710 1207 2747 de
1226 2721 1445 2759 unaquaque

796 2778 920 2804 earum
938 2765 1134 2804 constare?

854 2821 878 2862 ό
901 2819 943 2860 δὲ
970 2819 1078 2872 παροὲ
1101 2816 1221 2861 Ὦπιν
1244 2816 1364 2862 πόλιν
1383 2817 1446 2870 ῥέ-

799 2893 920 2918 ων-
940 2877 1112 2929 ἐκδιδοῖ]
1141 2878 1202 2916 De
1226 2875 1445 2926 situ'oppidi

801 2935 889 2987 Opis
903 2946 978 2974 non
993 2947 1142 2988 prorsus
1159 2934 1283 2985 liquet.
1311 2931 1445 2971 Strabo
