1814 3315
603 238 924 288 VCL10.1.

1323 243 1403 282 197

145 359 221 405 λας
249 353 294 396 δὲ
322 351 394 395 καὶ
421 348 796 402 Λακεδαιμονίους
825 351 1027 402 παρεῖναι
1055 346 1098 398 ἐς
1134 345 1299 403 χρόνον
1329 349 1402 403 ῥη-

146 431 222 475 τόν
238 447 245 456 ·

303 429 450 477 ἁλίσας
479 443 523 469 τε
554 426 606 482 δι)
639 426 844 478 τούτους,
895 428 968 469 καὶ
997 425 1076 482 τὴν
1105 426 1266 470 ἑαυτοῦ
1294 433 1400 471 συλ-

144 510 263 562 λέξας
292 505 516 562 στρατιὴν,
548 505 757 558 ἐνένωτο,
787 503 867 548 τόν
892 509 1081 560 χειμῶνα
1108 506 1279 561 παρεὶς,
1314 505 1402 561 ἅμα

114 591 205 646 Βτῷ
242 582 316 641 ἦρι
357 584 606 640 στρατεύειν
654 585 722 628 ἐπὶ
758 583 861 635 τούς
906 584 1088 639 Πέρσας.
1148 583 1275 627 καὶὸ
1307 584 1396 640 μὲν,
1411 592 1456 626 95

140 668 274 708 ταῦτα
304 664 529 720 φρονέων,
562 662 620 714 ὥς
650 663 824 707 οΞπίκετο
854 662 896 713 ἐς
926 661 1001 712 τοὶς
1018 661 1210 716 Σάρδις,
1241 662 1397 717 ἔπεμπε

139 743 331 799 κήρυκας
360 742 468 786 κατὰ
497 743 574 794 τοὶς
602 745 866 799 συμμαχίας,
905 739 1192 796 προερέοντας
1229 741 1271 791 εἷς
1298 741 1399 797 πέμ-

112 825 249 866 4πτον
277 826 394 879 μῆνα
425 827 709 877 συλλέγεσθαι
740 823 781 873 ἐς
810 821 988 876 Σάρδις.
1029 820 1106 865 τὸν
1138 820 1184 864 δὲ
1213 820 1396 876 παρεόν-

135 918 188 944 τα
218 902 290 945 καὶ
315 903 614 958 μαχεσάμενον
653 901 838 957 στρατόν
877 900 1095 957 Πέρσῃσι,
1146 898 1195 951 ὃς
1230 901 1286 956 ἦν
1315 899 1390 944 αὐ-

81 1087 151 1125 Hic
173 1086 317 1124 ultimus
334 1085 558 1135 Babyloniae
579 1100 641 1124 rex
652 1087 731 1133 fuit,

81 1144 127 1180 ab
146 1143 224 1181 aliis
245 1142 499 1191 Nabvnaclius,
521 1142 731 1180 Nabom'dus

81 1203 118 1237 et
147 1212 383 1249 quaeeunque
421 1200 490 1236 alia
522 1205 606 1236 sunt
624 1199 728 1236 huius

80 1257 244 1304 generis,
281 1269 354 1292 non
382 1256 486 1293 valde
514 1259 637 1292 tamen
672 1255 727 1292 di-

79 1312 213 1348 stantia
230 1312 275 1348 ab
292 1325 335 1349 ea
360 1313 514 1348 nominis
534 1311 725 1360 scriptura,

79 1380 187 1417 quam
208 1368 306 1417 apud
330 1369 559 1405 Herodotum
586 1367 725 1404 inveni-

78 1437 168 1460 muS.
210 1424 317 1460 Conf.
343 1423 514 1461 Larcher.
572 1423 725 1460 Videtur

76 1484 197 1517 autem
213 1479 270 1516 hic
291 1479 514 1528 Babyloniae
543 1492 605 1517 rex
644 1492 723 1516 cnm

77 1535 218 1573 Croeso
252 1536 394 1573 iunctus
426 1549 507 1574 eam
534 1536 651 1585 ipsam
675 1536 722 1573 ob

77 1605 243 1640 causam,
280 1596 321 1629 ut
353 1593 604 1641 adaugescens
635 1591 724 1640 Cyri

76 1648 240 1698 potentia
254 1648 418 1698 ipsisque
446 1649 636 1685 imminens
650 1648 724 1684 suis

78 1705 210 1741 finibus
252 1708 494 1750 coerceretur,
550 1717 618 1742 nec
655 1704 726 1740 alia

79 1773 187 1798 causa
223 1758 395 1808 Amasin,
429 1759 635 1810 Aegyptiae
666 1773 724 1798 re-

77 1829 183 1866 gem,
221 1816 437 1867 compulisse
472 1817 637 1864 videtur,
682 1820 723 1853 ut

77 1873 126 1909 ad
147 1873 326 1911 Croesum
343 1887 384 1912 se
409 1873 619 1924 applicaret.
640 1872 721 1910 Vid.

76 1927 299 1979 Wesseling.

132 1983 322 2036 ἐνένωτο]
365 1985 474 2023 Conf.
503 1985 549 2022 ad
584 1984 620 2032 Ι,
658 1985 724 2025 68.

77 2041 273 2080 Caeterum
327 2042 481 2080 observa
551 2041 724 2079 orationis

74 2099 258 2146 quandam
298 2098 582 2145 anacoluthiam,
645 2109 726 2134 cum

75 2154 136 2202 id,
173 2155 272 2204 quod
299 2167 408 2206 supra
430 2154 500 2191 iam
528 2154 724 2191 indicatum

75 2213 154 2247 erat
179 2211 317 2248 verbis:
356 2209 399 2251 ἐν
425 2206 503 2264 νόῳ
532 2209 631 2261 ἔχων
667 2209 725 2246 hic

73 2270 226 2316 propter
255 2266 368 2304 multa
395 2267 587 2318 participi—a
613 2268 725 2303 inter-

75 2322 169 2359 iecta
196 2328 383 2373 repetatur
404 2324 516 2361 verbo
543 2321 724 2370 ἐνένωτο,

74 2379 342 2417 constructione
370 2392 445 2416 non
474 2380 618 2428 integra
647 2392 723 2416 ser-

75 2437 170 2471 vata.
225 2434 308 2473 Nec
337 2439 459 2473 tamen
493 2448 597 2473 rarae
624 2436 724 2486 apud

76 2488 254 2528 Nostrum
275 2491 479 2529 huiusmodi
507 2495 722 2539 structurae,

77 2557 145 2582 nec
169 2546 278 2595 tales,
316 2560 410 2596 quae
438 2549 629 2586 offendere
652 2560 722 2584 nos

80 2600 247 2639 debeant.
257 2624 308 2631 —
318 2603 407 2641 Mox
420 2601 519 2643 κατοὶ
538 2601 608 2650 τοὶς
619 2615 721 2654 συμ-

81 2657 219 2706 μαχίας
255 2663 418 2697 vertunt:
462 2660 545 2707 „ad
575 2661 723 2707 socios,“

81 2712 181 2760 quod
208 2713 296 2751 alius
319 2716 413 2752 huuc
436 2718 473 2752 in
493 2718 640 2754 modum
670 2717 725 2753 iu-

81 2770 312 2817 terpretatur:
341 2801 364 2818 „
379 2775 439 2821 qui
463 2776 572 2810 socios
594 2773 642 2810 ad
657 2787 725 2810 αα-

82 2822 210 2860 :cilium
232 2825 415 2875 ferendum
445 2828 727 2876 adhortarentur,

82 2878 172 2916 nach
189 2879 253 2918 den
263 2881 603 2932 Bundesgenossen.“
614 2886 728 2936 Equi-

800 1088 885 1125 dem
899 1092 1018 1124 verto:
1048 1086 1233 1124 secundum
1253 1085 1402 1136 foedera
1420 1101 1450 1124 ε.

793 1147 927 1192 pacta,
965 1155 1059 1192 quae
1089 1157 1169 1180 cum
1207 1142 1273 1179 illis
1302 1144 1449 1191 regibus

796 1200 926 1237 inierat
956 1199 1128 1237 Croesus.
1198 1199 1276 1235 Sed
1300 1199 1395 1235 insra
1420 1199 1450 1246 l,

796 1257 871 1296 81:
913 1253 1059 1305 ἔπεμπε
1084 1276 1139 1283 --
1169 1251 1312 1301 ἄλλους
1339 1250 1449 1306 ἄγγε’-

793 1314 888 1356 λους
925 1309 972 1357 ἒς
1016 1306 1086 1357 τάς
1134 1311 1447 1361 συμμαχίας.

791 1367 887 1405 Add.
908 1367 946 1413 I,
969 1368 1023 1408 82
1040 1367 1130 1414 init.,
1160 1367 1222 1404 ubi
1241 1367 1442 1418 συμμαχίη

790 1436 858 1474 pro
879 1418 1078 1473 σύμμαχοι
1109 1423 1267 1473 positum
1295 1436 1442 1472 quoque

790 1484 915 1518 monet
931 1479 1060 1517 Matth.
1079 1478 1116 1531 ὃ.
1141 1479 1223 1521 429
1241 1492 1280 1530 p-
1300 1480 1395 1522 795.

850 1588 897 1638 ὃς
918 1586 970 1643 ἦν
989 1587 1116 1632 αὐτοῦ
1137 1587 1330 1642 ξεινικός]
1360 1604 1445 1639 „es-

794 1648 897 1686 sendo
928 1651 1134 1686 mercenario
1146 1650 1169 1668 ‘⁶
1198 1647 1309 1685 Italus
1331 1647 1445 1686 inter-

793 1718 901 1756 pres3
930 1718 997 1743 nec
1015 1705 1130 1752 male,
1160 1717 1239 1741 cum
1258 1704 1346 1741 satis
1357 1717 1444 1742 con-

794 1765 887 1809 stet,
919 1757 1075 1809 ξενικὸν
1104 1756 1271 1811 στρατόν
1297 1760 1366 1797 dici
1394 1761 1443 1799 de

793 1818 1020 1855 mercenariis
1041 1816 1232 1864 militibus,
1261 1817 1309 1853 de
1327 1817 1442 1866 copiis

793 1873 959 1911 mercede
984 1872 1184 1911 conductis.
1250 1871 1319 1909 Est
1355 1885 1443 1910 vero

792 1931 850 1967 hic
863 1930 1058 1978 cogitanda
1088 1927 1312 1966 orientalium
1339 1941 1442 1966 exer-

792 1987 923 2024 cituum
958 1987 1073 2033 ratio,
1120 1998 1273 2035 quorum
1307 1997 1443 2033 magna

791 2056 878 2094 pars
909 2046 965 2080 est
992 2042 1162 2089 militum,
1199 2054 1243 2081 ex
1271 2040 1441 2089 gentibus

791 2099 944 2136 subditis
972 2098 1139 2136 mercede
1173 2097 1322 2146 quidem
1356 2109 1441 2134 coa-

791 2160 951 2202 ctorum,
980 2155 1048 2192 sed
1067 2154 1189 2191 statim
1209 2154 1316 2202 signa
1331 2153 1442 2190 relin-

791 2213 976 2260 quentium
989 2240 1000 2257 ,
1017 2210 1163 2260 quando
1181 2209 1362 2260 expeditio
1385 2212 1442 2247 est

790 2268 903 2305 finita.
973 2267 1091 2310 Quale
1126 2266 1308 2315 hodieque
1342 2265 1441 2315 apud

792 2324 935 2362 Turcas
958 2324 1122 2361 obtinere
1141 2322 1317 2360 videmus.
1348 2321 1440 2365 Quis

791 2380 909 2428 enim,
949 2384 989 2417 ut
1027 2380 1071 2416 iis
1097 2378 1324 2430 potissimum
1348 2381 1441 2423 utar,

791 2438 907 2474 nescit
922 2436 1099 2473 Albaniae
1119 2433 1256 2472 incolas
1276 2434 1315 2470 in
1342 2433 1378 2470 T
1382 2445 1442 2469 ur-

789 2506 912 2530 carum
950 2492 1105 2530 exercitu
1152 2490 1337 2542 stipendia
1374 2488 1442 2526 hoc

788 2548 898 2587 modo
920 2545 1129 2586 merentes?
1157 2547 1263 2584 Haec
1277 2546 1390 2595 igitur
1409 2545 1441 2581 si

790 2605 942 2654 cogites,
963 2605 1040 2642 iure
1058 2617 1080 2642 a
1097 2602 1309 2640 Schlossero
1326 2601 1442 2650 (Uni-

791 2661 1031 2710 versalgeseh.
1056 2661 1094 2708 Ι,
1124 2662 1144 2699 1
1175 2673 1212 2709 p.
1233 2658 1315 2699 250
1344 2657 1442 2706 not.)

792 2717 861 2755 hoc
894 2717 1052 2767 positum
1091 2715 1293 2763 intelliges,
1343 2714 1444 2762 quod

792 2773 983 2811 vernaculo
1030 2785 1198 2811 sermone
1236 2770 1444 2808 adscribere

794 2833 974 2880 praestat:
1033 2841 1151 2877 „man
1182 2827 1318 2872 findet,
1355 2825 1442 2861 dass

796 2886 861 2923 des
880 2885 1040 2923 Croesus
1059 2885 1160 2923 Heer
1184 2896 1249 2921 aus
1269 2882 1341 2920 den
1363 2891 1443 2917 ver-
