1805 3315
329 233 387 273 68

737 233 1212 274 HERODOTI

332 375 357 394 ‚,
370 342 572 400 εὔχεσθαι
590 341 719 395 ἄλλο,
749 341 801 399 ἢ,
831 341 923 386 ἐπεί
942 358 986 386 τε
1006 342 1185 400 τάχιστα
1207 343 1426 391 ἐπύθοντό
1455 356 1502 389 σε
1525 345 1643 402 μέλ-ι

332 426 500 473 ,,λοντα
530 421 599 465 ἐπὶ
630 423 755 478 σφίσι
782 422 1108 480 ναυπηγέεσθαι
1137 424 1258 478 νέας,
1289 429 1439 483 λαβεῖν
1460 423 1621 481 ἀρώμε-

291 630 416 668 mandi
447 633 666 680 potestatem
690 630 826 680 habet,
855 632 945 682 utI,

292 688 360 733 30,
390 685 484 723 alibi.
553 687 662 724 Conf.
704 688 864 738 Kriiger.
897 690 945 727 ad

293 742 448 791 DionyS.
467 742 714 781 Halicarnass.
733 758 772 795 p.
795 748 887 786 116.

350 800 487 850 λαβεῖν
536 795 805 851 ἐρώμενοι
861 805 946 841 Λυ-

295 852 391 902 δούς
420 854 462 895 ἐν
491 852 699 911 θαλάσσῃ]
746 853 948 909 α’ρῶμενοι

295 913 466 950 exhibent
502 912 644 962 plurimi
683 913 782 962 iique
821 915 949 964 optimi

296 969 396 1014 libri3
425 969 531 1018 pauci
567 982 718 1007 numero
740 983 808 1007 nec
822 971 951 1008 melio-

296 1026 346 1062 ris
362 1029 472 1062 notae
495 1020 687 1076 ἀρᾶσθαι,
703 1027 800 1076 quod
820 1041 839 1065 e
852 1027 951 1076 glos-

297 1085 435 1119 semate
501 1082 577 1120 sive
631 1082 951 1133 interpretamento

298 1138 446 1176 fluxisse
491 1139 550 1175 vix
594 1139 763 1188 cuiquam
802 1141 952 1177 dubium

299 1208 383 1233 esse
398 1195 552 1244 poterit,
582 1208 801 1245 quamquam
823 1197 952 1235 defen-

299 1264 362 1288 sor
383 1251 460 1288 eius
480 1265 597 1302 nuper
618 1252 752 1289 exstitit
767 1267 895 1291 censor
913 1254 952 1290 in

299 1307 455 1358 Ephem.
476 1307 639 1346 lenenss.
666 1310 773 1350 1817
792 1323 847 1346 nr.
872 1309 952 1351 165

300 1377 341 1415 p.
365 1365 459 1405 379.
516 1364 612 1402 Nam
642 1364 790 1414 vulgata
831 1361 953 1418 αἰρώ-

301 1436 330 1471 μ
343 1434 424 1458 ενο
436 1435 450 1458 ι
478 1421 649 1469 quoniam
667 1423 785 1458 minus
807 1436 887 1460 eum
899 1423 954 1459 lo-

302 1477 335 1514 ci
354 1481 532 1513 structura
541 1478 732 1515 convenire
750 1479 954 1527 videbatur,

301 1533 402 1569 vario
419 1533 529 1569 modo
545 1533 663 1571 locum
674 1534 955 1573 sollicitaverunt

302 1589 369 1626 viri
390 1590 498 1628 docti.
540 1589 714 1628 Glossam
738 1592 955 1629 existimavit

301 1646 497 1684 Cornelius
544 1647 591 1684 de
625 1647 730 1693 PaW‚
781 1648 954 1686 Reiskius

302 1702 401 1740 male
417 1702 567 1739 coniecit
579 1698 771 1755 ἀράμενοι
778 1704 956 1755 peiusque

303 1759 399 1795 adeo
416 1758 604 1809 explicuit;
625 1759 764 1797 felicius
786 1761 822 1798 T
825 1761 955 1811 oupius

303 1815 341 1851 in
364 1814 482 1865 Epist.
502 1816 610 1853 critic.
641 1829 679 1867 p.
701 1817 755 1858 64
777 1818 838 1856 ed.
853 1817 958 1867 Lips.

302 1870 616 1923 αἰωοεομένους,
676 1886 747 1922 quo
792 1874 958 1911 nimirum

303 1928 375 1964 sibi
403 1930 575 1979 opposita
603 1933 745 1968 essent:
794 1929 958 1969 ἱππευο-

306 1982 452 2035 μένους
489 1985 626 2036 λαβεῖν
658 1985 703 2025 ἐν
740 1980 892 2057 ἠπείρῳ
920 1991 958 2024 et

305 2041 442 2092 λαβεῖν
475 2040 765 2094 αἰωρεομὲνους
800 2042 844 2083 ἐν
875 2047 956 2082 θα-

305 2094 454 2151 λάσσῃ,
485 2098 564 2136 coll.
577 2099 756 2138 Herodot.
769 2099 849 2148 VII,
861 2103 954 2141 116.

305 2154 420 2197 Quod
457 2155 582 2204 utique
617 2156 817 2206 speciosius
842 2169 956 2206 quam

305 2211 438 2248 verius
498 2211 610 2249 Unde
649 2212 838 2250 Werferus
867 2226 955 2263 pro-

305 2267 431 2317 posuit
455 2266 840 2337 (Aett.13hill.Monn.
869 2269 908 2315 I,
931 2271 954 2311 1

305 2334 344 2373 p
363 2322 437 2370 74)
467 2320 756 2377 αἰωρεύμενοι,
796 2326 863 2363 sed
884 2325 956 2362 alio

303 2391 427 2415 sensu.
483 2380 580 2418 Nam
600 2380 786 2418 insulanos
805 2381 958 2430 intelligi

306 2434 381 2471 vult
420 2435 552 2484 elatos,
588 2438 797 2488 confidentes
835 2438 956 2475 navali

303 2491 476 2539 scientia,
505 2506 578 2542 qua
602 2494 784 2532 Croesum
818 2508 861 2532 se
892 2507 957 2532 su-

302 2551 496 2597 peraturos
513 2562 594 2586 esse
605 2556 766 2600 sperant.
787 2551 955 2599 Schwgh.

301 2603 460 2651 denique
513 2605 667 2642 coniecit
726 2602 956 2657 ἀειράμενοι

302 2658 532 2709 (‚‚post‹1uam
542 2661 621 2698 vela
630 2665 742 2699 ventis
753 2663 954 2713 dederinff‘)

302 2713 414 2764 idque
433 2716 467 2751 in
498 2721 635 2754 textum
663 2719 822 2769 recipere
854 2719 954 2756 haud

301 2771 436 2808 veritus
463 2776 530 2809 est.
587 2774 665 2810 Sed
694 2776 822 2812 merito
849 2775 952 2812 eiecit

301 2827 556 2876 Gaisfordius,
604 2834 764 2868 veterum
804 2831 952 2868 Grono-

300 2882 347 2920 vii
367 2889 405 2922 et
424 2883 654 2935 Wesselingii
677 2886 880 2933 lectionem,
909 2886 951 2923 li-

1011 633 1085 671 bris
1106 633 1322 685 probatam,
1351 635 1552 683 reducem,
1581 646 1667 685 pro—

1011 691 1122 728 bante
1173 703 1318 740 quoque
1369 691 1568 738 Matthiae,
1605 691 1667 740 qui

1012 747 1276 798 explicatione,
1313 760 1390 784 non
1410 747 1666 785 emendatione

1012 803 1129 840 locum
1179 816 1290 852 egere
1338 804 1473 854 optime
1513 803 1665 840 monuit.

1014 859 1177 897 Pertinet
1199 860 1294 897 enim
1314 860 1371 897 hic
1391 859 1490 897 locus
1511 860 1559 896 ad
1580 858 1669 896 illud

1016 910 1313 962 ἄνακολουθίας
1324 929 1453 965 genus,
1475 916 1536 952 ubi
1548 915 1666 953 Grae-

1015 972 1048 1009 ci
1076 972 1286 1023 principalis
1333 972 1536 1010 sententiae
1586 984 1668 1009 eam

1017 1032 1156 1078 partem
1170 1057 1180 1075 ‚
1210 1041 1303 1076 quae
1325 1033 1412 1080 post
1435 1029 1545 1066 verba
1555 1029 1668 1065 inter-

1016 1085 1110 1122 iecta
1129 1084 1310 1133 sequitur,
1339 1098 1383 1122 ex
1402 1085 1458 1121 his
1476 1085 1567 1135 ipsis
1588 1097 1670 1122 ver·

1019 1141 1074 1178 bis
1101 1146 1269 1189 nectunt,
1308 1141 1427 1190 iisque
1454 1142 1670 1187 adstruunt;

1018 1198 1113 1235 conf.
1131 1197 1262 1234 Matth.
1282 1197 1444 1234 Gramm.
1456 1198 1520 1234 Gr.
1534 1195 1572 1248 §-
1587 1199 1668 1238 631

1017 1267 1057 1305 p.
1091 1255 1210 1295 1298.
1287 1254 1372 1301 Sic,
1410 1253 1540 1291 Matth.
1572 1253 1670 1290 iudi-

1019 1315 1124 1347 cante
1134 1338 1146 1357 ,
1188 1310 1401 1347 Herodotus
1440 1323 1521 1347 cum
1549 1311 1670 1348 dicere

1017 1366 1234 1403 instituisset
1247 1380 1254 1403 :
1265 1366 1302 1405 τί
1321 1365 1471 1413 δοκέεις
1483 1363 1672 1417 εὔχεσθαι

1021 1420 1116 1462 α’λλο
1135 1439 1160 1473 η
1157 1419 1376 1474 -λαβεῖν
1398 1419 1671 1473 αρᾶσθαιΛυ-

1021 1477 1118 1526 δούς
1139 1478 1181 1518 ἕν
1200 1476 1386 1535 θαλάσσῃ
1417 1481 1474 1528 (in
1492 1492 1566 1529 quo
1588 1480 1671 1542 ipso

1021 1531 1200 1587 ἀρᾶσθαι
1218 1537 1334 1573 omitti
1358 1536 1570 1586 potuerit),

1020 1593 1140 1630 verbis
1175 1592 1398 1643 interpositis
1428 1549 1610 1642 abreptusl
1623 1591 1672 1628 ad

1020 1645 1096 1688 ἔην’
1101 1652 1224 1687 θοντο
1241 1650 1403 1687 referens
1410 1643 1595 1687 verbum'
1570 1644 1671 1699 01902'-

1022 1720 1135 1757 μενοι
1152 1705 1317 1756 scripsit,
1348 1706 1393 1742 ea
1409 1718 1499 1743 sane
1518 1709 1673 1742 structu-

1024 1763 1065 1799 ra
1077 1791 1087 1809 ,
1118 1774 1212 1811 quae
1226 1762 1273 1799 ob
1294 1762 1418 1813 priora
1435 1762 1547 1799 verba
1566 1761 1673 1810 sequi

1025 1819 1201 1865 debebat,
1241 1817 1418 1867 neglecta.
1477 1818 1673 1856 Caeterum

1023 1876 1062 1912 in
1097 1875 1179 1925 ipsa
1208 1887 1357 1912 casuum
1392 1875 1673 1925 permutatione,

1023 1945 1103 1969 cum
1133 1931 1374 1968 nominativus
1402 1930 1583 1981 participii
1612 1944 1674 1969 se·-

1023 1992 1154 2038 quatur
1172 1987 1251 2024 loco
1272 1987 1465 2024 accusativi
1483 1986 1575 2036 (quo
1589 1987 1673 2038 ipso

1021 2044 1179 2083 cernitur
1189 2038 1496 2092 ἅνακολουθία),
1511 2043 1588 2081 iure
1597 2056 1674 2081 non

1022 2101 1140 2139 haesit
1160 2100 1327 2149 Schwgh.
1358 2099 1672 2149 Collegeratenim

1020 2157 1127 2195 huius
1146 2161 1346 2194 structurae
1359 2156 1525 2206 exempla
1533 2157 1674 2206 aliquot

1023 2227 1044 2252 e
1063 2218 1188 2251 nostro
1205 2214 1381 2263 scriptore
1400 2212 1590 2252 Werfems
1606 2212 1630 2250 l.
1647 2212 1672 2250 l.

1022 2274 1063 2307 ut
1081 2270 1118 2318 Ι,
1147 2270 1214 2311 56.
1245 2269 1309 2317 IV,
1337 2269 1401 2311 15.
1432 2270 1525 2310 137.
1582 2268 1673 2306 Vul-

1022 2332 1147 2376 gatam
1163 2326 1355 2364 lectionem
1383 2326 1540 2375 denique
1559 2325 1672 2363 tuitus

1023 2387 1081 2421 est
1095 2382 1283 2420 Letronne
1301 2382 1338 2419 in
1360 2381 1512 2419 Journal
1532 2383 1568 2419 d.
1582 2382 1670 2419 Sav-

1025 2441 1179 2489 1817p.
1192 2441 1260 2486 91,
1280 2439 1450 2488 quoniam
1470 2433 1673 2491 ἀρώμενοι

1019 2495 1058 2532 in
1077 2499 1236 2533 mentem
1256 2495 1361 2544 quasi
1371 2499 1516 2533 revocet
1524 2506 1673 2532 sensum

1022 2553 1124 2589 verbi
1156 2548 1365 2602 εὔχεσθαι,
1422 2551 1522 2600 quod
1559 2549 1672 2600 paulo

1022 2612 1107 2645 ante
1125 2607 1286 2656 legatur,
1317 2608 1418 2644 cuius
1430 2618 1671 2654 synonymum

1020 2665 1098 2701 fere
1115 2663 1163 2699 sit
1196 2659 1394 2714 ἀρᾶσθαι,
1423 2661 1493 2699 hoc
1522 2662 1604 2712 ipso
1633 2663 1671 2700 in

1016 2718 1096 2757 loco
1115 2731 1308 2769 perperam
1331 2731 1354 2756 a
1380 2718 1595 2768 quibusdam
1612 2731 1672 2756 re-

1017 2775 1191 2825 positum.
1251 2774 1368 2811 Moris
1393 2773 1487 2812 enim
1522 2787 1605 2813 esse
1619 2775 1671 2812 ait

1015 2830 1241 2878 Herodotei,
1271 2843 1410 2882 ponere
1439 2830 1671 2882 participium

1015 2887 1178 2927 eiusdem
1198 2887 1317 2937 verbi,
1346 2888 1445 2938 quod
1469 2891 1577 2926 antea
1597 2888 1669 2925 iam
