1759 3324
364 249 449 291 528

777 246 1246 289 HERODOTI

365 356 413 402 ἐκ
441 360 515 414 τῆς
543 355 719 414 ἀρχαίης
749 357 945 410 διεξόδου
984 356 1071 402 ὑπό
1099 361 1188 401 τῶν
1215 353 1459 412 χειμώνων,
1509 354 1623 412 ἔρχε-

335 443 438 481 Βται
464 441 541 494 τῆς
569 437 737 493 Λιβύης
763 437 817 480 τὰ
846 436 949 481 ἅνω.
1009 434 1066 488 ὠς
1095 435 1174 491 μέν
1212 450 1297 479 νυν
1335 434 1382 478 ἐν
1420 434 1624 492 ἐλαχίστῳ

367 519 582 574 δηλῶσαι,
611 520 701 559 πᾶν
729 518 915 572 εἴρηται·
946 519 1022 571 τῆς
1050 515 1134 572 γάρ
1166 514 1220 558 ἂν
1249 511 1471 570 ἀγχοτάτω
1492 507 1520 569 ᾗ
1542 510 1625 569 χώ-
1636 518 1681 553 75

366 613 444 652 ρης
473 590 604 646 οὗτος
633 592 657 638 ὁ
686 593 814 647 θεὸς,
843 594 917 638 καὶ
945 593 1055 638 κατὰ
1084 593 1142 651 ἤν
1169 609 1288 647 τινα,
1319 591 1484 650 ταύτην
1512 590 1628 643 εἰκὸς

313 813 377 861 „in
390 811 457 849 hoc
467 809 628 860 laqueari
645 808 791 847 coelesti
805 808 858 846 sol
872 813 965 847 tem-

313 881 404 919 pore
430 867 580 904 aestatis
599 866 844 915 quotidianam
862 869 966 903 tenet

313 926 409 961 viam
430 923 567 973 sercin
593 922 723 959 medio:
755 921 873 959 hieme
900 935 966 959 au-

313 986 386 1017 tem
397 981 591 1028 ingruente
599 1006 610 1025 ,
629 978 825 1028 frigoribus
836 991 858 1015 a
867 992 967 1016 mea-

314 1041 356 1074 tu
377 1049 442 1073 suo
467 1036 504 1072 in
530 1035 646 1084 magis
673 1035 847 1072 australes
876 1034 967 1072 coeli

314 1098 436 1144 partes
452 1091 622 1140 depulsus
634 1120 644 1137 ,
673 1091 806 1127 transit
821 1087 868 1129 τεέ
882 1088 965 1130 ἅνω

315 1151 387 1198 τῆς
404 1144 573 1198 Λιβύης.
606 1147 766 1191 Quando
786 1147 896 1196 igitur
914 1146 967 1184 sol

317 1205 510 1243 Graeciam
548 1203 668 1241 calore
695 1205 841 1240 aestatis
876 1204 967 1241 urit:

316 1262 448 1300 eodem
464 1265 630 1310 tempore
646 1260 682 1296 in
699 1260 864 1309 partibus
873 1260 969 1297 Afri-

317 1331 382 1356 cae
402 1317 629 1363 australibus,
659 1316 735 1353 sole
751 1316 789 1352 in
809 1317 969 1354 medium

317 1374 459 1413 coelum
493 1373 709 1419 recedente,
756 1372 870 1410 hiems
902 1376 972 1418 est,

317 1442 539 1481 quamquam
578 1441 654 1466 non
691 1428 807 1466 hiems
853 1429 972 1466 Grae-

317 1488 415 1531 ciae3
445 1499 591 1533 verum,
621 1498 733 1534 quum
753 1486 807 1522 sol
827 1489 971 1536 tempo-

317 1556 357 1581 re
384 1542 536 1580 Graecis
569 1541 706 1579 aestivo
736 1554 759 1579 a
783 1541 903 1590 Libya
932 1545 970 1579 et

319 1599 477 1637 Graecia
506 1598 637 1636 eodem
665 1599 742 1635 sere
769 1599 886 1648 spatio
916 1598 971 1635 di-

319 1660 415 1693 stare
443 1654 656 1702 videbatur,
685 1654 798 1691 hiems
831 1653 970 1703 Libyca

319 1712 475 1750 eundem
512 1711 590 1748 fere
636 1710 793 1747 calorem
838 1710 970 1757 habet,

319 1781 430 1818 quem
467 1771 666 1804 ceterarum
703 1771 880 1804 terrarum
909 1780 971 1804 ae-

319 1830 407 1862 stas.
439 1823 599 1867 Quando
620 1827 741 1860 autem
761 1824 896 1872 frigore
916 1824 971 1860 in-

319 1884 475 1930 gruente
492 1879 545 1916 sol
563 1879 600 1916 in
616 1880 708 1916 fines
725 1880 814 1916 coeli
829 1884 970 1916 austra-

319 1937 371 1974 les
399 1936 600 1987 repellitur,
636 1949 787 1973 necesse
814 1939 890 1981 est,
929 1939 972 1972 ut

320 1993 396 2038 sol,
425 1992 579 2040 margini
597 1991 776 2040 laquearis
805 1991 970 2028 coelestis

319 2048 513 2085 inclinatae
528 2047 675 2097 propior
685 2076 695 2095 ,
724 2047 973 2084 vehementio-

320 2104 350 2141 ri
365 2104 484 2141 calore
506 2104 691 2153 superiora
709 2102 854 2140 Africae
879 2104 971 2140 adu-

320 2164 386 2197 rat.
429 2159 561 2208 Itaque
584 2172 659 2196 non
685 2159 800 2196 solum
825 2159 906 2196 Indi
932 2163 970 2196 et

320 2215 520 2264 Aethiopes
550 2216 617 2252 sub
644 2220 725 2252 ortu
754 2215 859 2262 solis,
907 2215 972 2252 sed

322 2272 431 2309 etiam
448 2271 643 2321 Aethiopes
663 2270 800 2319 Libyci,
830 2272 892 2321 qui
912 2284 972 2308 su-

321 2341 388 2379 per
405 2329 612 2377 Aegyptum
643 2327 829 2374 habitant,
859 2328 972 2364 calore

322 2384 405 2421 solis
418 2385 610 2433 proprioris
625 2383 837 2431 aduruntur,
854 2388 897 2420 ut
916 2384 973 2420 ni-

322 2444 493 2490 grescant
510 2444 548 2478 et
571 2440 688 2477 crines
708 2439 844 2489 crispos
862 2440 974 2477 maxi-

320 2510 381 2535 me
408 2496 501 2533 inter
526 2509 651 2533 omnes
679 2495 841 2533 homines
862 2496 974 2534 habe-

323 2557 407 2599 ant,
429 2552 506 2598 VH,
526 2555 580 2594 70
599 2553 663 2589 cfr.
687 2551 749 2598 Ill,
772 2553 891 2593 101.“

380 2607 422 2648 ἐκ
438 2610 508 2659 τῆς
524 2602 686 2659 ἀρχαίης
706 2603 895 2658 διεξόδου]
919 2608 973 2648 δι-

324 2663 459 2712 έξοδος
494 2664 690 2702 Herodoto
737 2668 793 2701 est
841 2677 975 2713 cursus,

323 2725 456 2759 meatus
476 2720 559 2757 solis
578 2722 615 2757 in
637 2719 748 2767 coelo,
783 2721 841 2757 via
872 2734 975 2770 quam

324 2778 376 2814 sol
391 2779 572 2827 percurrit,
591 2780 632 2814 ut
641 2777 796 2826 explicat
805 2776 973 2825 Schwgh.

324 2834 362 2871 in
374 2833 463 2871 Lex.
482 2833 622 2871 Herod.
643 2846 673 2870 s.
692 2845 725 2869 v.
755 2832 853 2870 Alias
875 2834 972 2870 vocis

323 2890 491 2928 notiones
499 2917 513 2939 ‚
541 2894 712 2927 monente
738 2888 825 2937 Cr.,
854 2889 976 2939 attigit

1031 809 1291 859 thtenbaeh.
1312 811 1360 848 ad
1377 809 1471 847 Plut.
1491 808 1588 847 Mor.
1609 808 1638 855 I,
1658 811 1686 850 2

1030 879 1067 916 p.
1085 868 1179 907 973.
1212 866 1261 903 Et
1278 867 1373 903 conf.
1392 867 1534 903 Herod.
1553 866 1583 911 I,
1606 867 1684 907 196

1031 922 1119 971 ibiq.
1137 927 1228 960 nott.
1274 922 1373 959 Hinc
1393 922 1447 968 Il,
1469 921 1524 963 25
1552 919 1687 967 διεξιέ-

1032 993 1111 1018 ναι.
1140 978 1251 1015 Plura
1267 979 1369 1016 dabit
1396 978 1461 1017 Cr.
1487 978 1535 1016 ad
1553 977 1684 1015 Plotia.

1031 1049 1067 1087 p.
1092 1038 1186 1083 189,
1205 1035 1249 1072 B.

1089 1121 1163 1170 τῆς
1183 1112 1344 1169 Λιβύης
1368 1115 1415 1157 rc?
1445 1115 1551 1168 ἅνω]
1589 1117 1687 1166 „Su-

1033 1176 1176 1229 periora
1188 1175 1276 1212 dicit
1294 1174 1363 1212 hoc
1382 1175 1460 1213 loco
1477 1176 1514 1212 in
1527 1180 1687 1212 austrum

1035 1245 1160 1279 versa,
1198 1232 1297 1268 unde
1335 1231 1466 1269 fluvius
1510 1231 1686 1269 maximus

1035 1289 1176 1338 Libyae
1190 1288 1228 1324 in
1248 1300 1346 1326 mare
1363 1287 1509 1325 boreale
1520 1287 1543 1324 i.
1562 1301 1594 1325 e.
1612 1300 1692 1324 me-

1039 1347 1285 1383 diterraneum
1305 1345 1438 1381 effluit:
1470 1344 1599 1390 sicuti,
1628 1356 1690 1382 ea-

1038 1403 1123 1440 dem
1167 1401 1295 1451 opinor
1344 1401 1487 1438 ratione
1535 1401 1690 1448 ductus,

1038 1471 1117 1508 cap.
1138 1459 1192 1498 26
1221 1453 1268 1495 rc}
1289 1453 1372 1495 ἅνω
1392 1459 1464 1508 τῆς
1485 1451 1690 1507 Εὐρώπης

1039 1512 1338 1564 septentrionales
1365 1517 1490 1564 partes
1521 1513 1690 1562 Europae

1038 1570 1162 1608 dieit.“
1199 1569 1366 1606 Bredow.
1395 1568 1417 1605 l.
1435 1569 1456 1606 l.
1486 1582 1573 1619 pag.
1593 1568 1690 1606 XIII.

1038 1627 1101 1664 Tu
1119 1627 1213 1663 conf.
1226 1626 1336 1662 etiam
1346 1624 1494 1663 Aristid.
1506 1625 1539 1662 ll
1549 1639 1586 1675 p.
1596 1624 1691 1666 341.

1038 1683 1148 1727 Quod
1175 1682 1323 1731 quidam
1351 1681 1388 1718 in
1406 1682 1591 1719 Herodoti
1610 1680 1691 1718 loco

1038 1739 1210 1777 exhibent
1240 1737 1279 1784 ἐς
1307 1734 1357 1776 τὰ
1388 1734 1494 1786 ἅνω,
1546 1750 1590 1776 eo
1617 1748 1692 1774 non

1037 1809 1141 1847 opus.
1178 1795 1288 1832 Conf.
1307 1794 1353 1843 II,
1375 1794 1442 1836 25.
1463 1796 1528 1837 26.

1096 1876 1151 1925 ὥς
1170 1876 1241 1930 μέν
1257 1893 1333 1918 νυν
1351 1877 1396 1918 ἐν
1416 1876 1601 1932 ἐλαχίστῳ
1625 1876 1694 1927 δη-

1038 1937 1181 1982 λῶσαι,
1222 1936 1304 1973 πᾶν
1337 1932 1508 1985 εἴρηται]
1539 1935 1562 1970 i.
1587 1946 1618 1972 e.
1652 1936 1694 1970 ut

1034 1993 1256 2042 paucissimis
1266 1990 1379 2028 verbis
1390 2003 1459 2028 rem
1471 2002 1598 2028 omnem
1609 2002 1694 2039 ape-

1038 2051 1150 2094 riam,
1197 2060 1224 2083 s.
1254 2051 1294 2084 ut
1321 2046 1524 2096 Schweigh.
1552 2046 1693 2084 reddit:

1038 2106 1092 2141 ita
1110 2103 1318 2140 brevissimis
1337 2103 1449 2140 verbis
1467 2116 1520 2140 res
1539 2106 1614 2140 tota
1635 2102 1695 2139 de·
1744 2143 1745 2146 Ἰ

1039 2160 1180 2197 clarata
1204 2163 1264 2196 est.
1297 2160 1439 2203 Quibus
1468 2158 1695 2210 respondent

1040 2230 1103 2263 ea,
1133 2228 1228 2265 quae
1257 2216 1357 2253 initio
1386 2216 1538 2266 proximi
1566 2214 1694 2266 capitis

1039 2272 1232 2321 leguntur,
1274 2272 1422 2310 laudata
1450 2273 1498 2310 ob
1528 2271 1696 2308 infinitivi

1040 2342 1146 2367 usum
1168 2341 1189 2366 a
1208 2327 1342 2366 Matth.
1374 2328 1438 2365 Gr.
1460 2329 1526 2366 Gr.
1554 2326 1591 2379 §.
1611 2327 1693 2369 569
1738 2371 1739 2374 ,

1039 2399 1076 2436 p.
1099 2387 1225 2426 1069:
1257 2382 1310 2432 ὥς
1323 2382 1365 2424 δὲ
1377 2383 1420 2424 ἐν
1437 2382 1574 2424 πλέονι
1592 2379 1694 2437 λόγῳ

1041 2442 1297 2491 δηλῶσαι.-
1317 2440 1359 2479 In
1381 2454 1484 2491 seqq.
1506 2440 1618 2478 libros
1632 2453 1696 2478 ve-

1040 2501 1158 2534 tustos
1192 2498 1305 2535 secuti
1331 2497 1557 2548 reposuimus
1591 2492 1696 2543 εἰκός
1758 2526 1759 2530 ,

1041 2567 1107 2604 pro
1129 2553 1224 2602 vulg.
1241 2550 1362 2601 οἰκός,
1395 2554 1496 2602 quod
1510 2553 1626 2590 Gaisf.
1639 2566 1697 2590 re-

1040 2609 1165 2659 liquit,
1196 2610 1257 2659 qui
1274 2610 1371 2648 idem
1387 2609 1434 2657 H,
1455 2613 1511 2652 22
1532 2609 1698 2648 ediderat

1044 2660 1157 2711 εἰκός.
1186 2685 1242 2693 -·
1271 2666 1344 2703 Pro
1363 2662 1461 2704 κατὰ
1480 2661 1534 2715 ἥν
1553 2679 1643 2704 τινα
1660 2668 1697 2702 'et

1041 2721 1112 2759 hoc
1139 2721 1217 2758 loco
1249 2726 1286 2759 et
1316 2721 1370 2769 II,
1397 2723 1452 2763 86
1492 2722 1626 2758 Struve
1658 2721 1697 2758 in
1730 2725 1731 2750 l

1042 2778 1149 2828 Spec.
1182 2777 1336 2821 Quaest.
1366 2778 1414 2815 de
1445 2776 1592 2815 dialect.
1615 2776 1698 2814 He-

1040 2835 1120 2872 rod.
1151 2846 1185 2883 p.
1215 2833 1271 2876 47
1298 2834 1406 2871 scribi
1436 2832 1574 2872 mavult
1606 2827 1695 2873 κατ’
1728 2833 1729 2840 ’

1040 2886 1195 2942 ἥντινα.
