1805 3315
393 234 448 274 34
810 231 1278 272 HERODOTl

393 345 582 398 γυναῖκα
610 341 684 385 καὶ
712 341 794 398 τὴν
822 343 1054 398 βασιληΐην
1085 341 1251 399 Γύγης·
1289 347 1370 387 τοῦ
1400 343 1475 387 καὶ
1498 341 1727 400 ’Ammo-95

349 527 504 565 cupasse
523 515 656 562 tradit,
691 514 792 564 quod
814 517 934 551 utrum
959 525 1004 552 ex
1069 527 1136 565 ges
1168 515 1228 555 ille
1257 515 1466 564 fabulosus,
1518 515 1581 565 qui
1624 513 1726 551 Can-

348 571 519 618 Xantho,
558 584 605 608 an
627 570 698 608 alio
732 571 853 620 aliquo
887 570 1003 620 Lydi-

348 640 471 664 carum
494 640 613 665 rerum
634 628 810 678 scriptore
829 627 889 666 ille
910 628 1001 665 hau-

347 684 457 730 serit,
506 684 576 734 ipsi
624 684 809 722 Creuzero
850 684 999 721 dubium

347 741 488 778 videtur
554 741 772 789 (Fragmm.
836 741 996 780 Historr.

344 811 381 847 p.
417 796 533 844 204).
572 797 721 835 Fabulis
749 798 867 846 magis
894 811 997 835 exor-

344 857 430 890 nata
456 853 621 890 Platonis
661 857 718 891 est
751 854 909 890 narratio
949 855 997 891 de

345 910 455 958 Gyge
485 910 636 958 eiusque
668 909 802 946 annulo
834 910 997 956 mirifico,

344 966 391 1002 de
413 965 470 1002 Re
486 965 584 1015 publ.
615 965 672 1013 II,
702 967 728 1006 3
757 978 846 1016 pag.
862 966 944 1007 359
965 979 996 1004 s,

344 1034 430 1071 pag.
450 1023 505 1062 37
534 1019 638 1069 Ast„
677 1035 783 1071 quam
812 1026 867 1059 tot
891 1023 995 1060 dein-

345 1091 431 1128 ceps
453 1077 690 1125 celebrarunt,
707 1078 879 1117 laudante
890 1078 995 1116 Astio

343 1136 392 1171 ad
428 1134 465 1171 h.
500 1134 523 1171 l.
556 1147 595 1184 p.
623 1136 706 1176 393
746 1134 828 1174 coll.
869 1136 995 1173 Xeno-

341 1190 471 1241 phont.
495 1191 705 1241 Cyropaed.
736 1191 826 1239 VII,
859 1196 905 1239 2,
927 1191 994 1239 24,

341 1247 472 1296 quibus
492 1246 555 1284 Cr.
587 1248 689 1284 addit
706 1246 833 1285 Nonni
859 1253 993 1285 narrat.

340 1303 377 1339 in
399 1303 531 1340 Creuz.
550 1303 691 1340 Melett.
713 1303 779 1354 Ip.
791 1308 816 1345 7
820 1309 846 1346 2
867 1319 897 1342 c.
916 1309 993 1342 not.

341 1362 417 1407 28,
450 1363 487 1396 et
505 1373 597 1409 quae
615 1359 785 1409 leguntur
811 1362 995 1411 disputata

340 1416 378 1452 in
414 1414 646 1464 Menagianis
686 1416 719 1452 ll
756 1431 794 1467 p.
827 1421 907 1459 299
946 1419 993 1455 de

342 1473 474 1521 Gyge,
508 1473 569 1522 qui
596 1473 733 1522 primus
754 1478 868 1511 artem
890 1474 994 1512 femi-

339 1541 406 1565 nas
427 1529 608 1565 castrandi
636 1530 821 1567 invenerit.
853 1530 912 1567 Ad
938 1531 993 1567 hi-

340 1584 474 1621 storiae
506 1585 617 1622 fidem
647 1586 677 1621 si
705 1586 795 1623 haec
822 1599 993 1625 revocare

339 1640 451 1688 velis,
505 1641 591 1677 mihi
640 1642 766 1691 utique
812 1643 994 1681 Herodoti

339 1697 498 1734 narratio
550 1699 791 1746 praeferenda
838 1700 993 1747 videtur,

339 1757 417 1789 tum
441 1754 540 1802 quod
568 1754 800 1791 Herodotum
828 1754 992 1804 Lydicae

337 1809 498 1857 regionis
548 1813 585 1846 et
624 1809 796 1848 historiae
844 1812 990 1848 omnino

338 1865 443 1902 valde
492 1878 647 1914 gnarum
696 1867 809 1905 fuisse
853 1872 990 1918 putem,

337 1926 414 1958 tum
450 1922 551 1970 quod
589 1923 813 1960 orientalium
856 1938 991 1973 regno-

336 1991 416 2015 rum
441 1978 684 2016 conditionem
715 1982 991 2019 conversiones-

337 2047 431 2083 que,
462 2033 587 2082 quales
609 2036 709 2085 apud
739 2037 931 2075 orientales
952 2039 990 2076 in

338 2090 543 2138 Gynaeceis
603 2091 716 2138 fiunt,
782 2094 990 2144 respicienti

337 2145 427 2184 haec
472 2159 581 2195 quam
606 2148 760 2186 maxime
789 2163 990 2187 accommo-

337 2203 425 2240 data
458 2203 685 2240 videbuntur.
742 2204 791 2242 At
818 2220 904 2244 vero
940 2208 990 2244 ad

336 2258 597 2308 mythologiam
628 2273 774 2310 quoque
812 2264 988 2313 antiquis-

337 2314 465 2351 simam
485 2316 758 2366 fabularumque
770 2319 929 2357 rationes
944 2333 988 2357 ea

336 2371 541 2420 pertinere,
596 2385 691 2421 quae
730 2373 859 2423 Plato,
913 2376 985 2424 alii,

337 2426 385 2463 (le
427 2427 535 2476 Gyge
578 2430 774 2467 memoriae
811 2433 985 2481 prodide-

337 2486 440 2529 runt,
486 2496 593 2520 nemo
629 2498 704 2521 non
735 2486 845 2523 videt.
904 2488 986 2526 Nec

334 2540 460 2575 tamen
497 2551 616 2575 meum
648 2554 730 2578 esse
756 2542 842 2578 talia
872 2544 987 2593 expli-

337 2605 420 2630 care
448 2597 484 2630 et
511 2595 560 2631 ad
587 2594 761 2644 liquidum
786 2599 987 2647 perducere

336 2648 431 2686 bene
472 2651 602 2687 sentio.
660 2651 761 2688 Idem
808 2655 986 2702 quodam-

335 2705 446 2741 modo
479 2705 574 2743 valet
603 2707 650 2744 de
675 2708 884 2756 Candaule,
923 2710 991 2759 qui'

333 2759 533 2809 Lydiorum
593 2775 762 2802 sermone
806 2765 983 2804 Hercules

336 2821 413 2864 est,
459 2831 605 2866 qnoque
647 2820 731 2858 inde
762 2822 808 2857 ad
847 2822 983 2859 solares

333 2873 494 2910 rationes
518 2875 765 2925 perducimur,
796 2891 874 2914 cum
905 2879 984 2927 Gy-

1068 572 1213 611 daulem
1253 574 1425 624 opprimit
1466 571 1593 610 annuli
1630 569 1723 607 illius

1067 629 1145 666 miri
1166 643 1237 680 ope
1256 643 1330 666 non
1349 631 1466 666 minus
1487 629 1535 665 ad
1553 627 1721 664 huiusce-

1065 686 1166 723 modi
1205 686 1366 723 rationes
1398 684 1575 722 coelestes
1607 687 1720 732 atque

1063 743 1316 791 cosmogonias
1344 742 1526 792 pertinere
1542 740 1720 786 videatur,

1063 799 1125 835 ubi
1171 811 1245 836 non
1290 798 1408 834 minor
1452 796 1558 842 soli-r,
1606 807 1717 844 quam

1063 868 1176 904 aquae
1204 858 1261 891 est
1288 853 1398 892 locus.
1455 853 1533 891 Sed
1561 851 1651 889 haec
1680 854 1718 888 et

1061 910 1133 947 alia
1180 911 1408 947 adumbravit
1454 910 1628 947 Crenzer.
1677 907 1717 944 in

1063 967 1184 1016 epistt.
1200 966 1405 1005 Homericc.
1439 967 1487 1003 ad
1512 966 1715 1002 Hermann.

1061 1036 1098 1073 1)-
1124 1024 1376 1064 103—106.
1407 1022 1486 1060 Nec
1511 1022 1630 1059 minus
1659 1021 1716 1057 fe-

1061 1079 1182 1116 minae
1217 1092 1371 1126 nomen,
1428 1091 1538 1128 quam
1571 1076 1715 1115 silentio

1061 1136 1302 1186 praetermisit
1321 1135 1555 1182 Herodotus,
1585 1134 1633 1170 ad
1659 1134 1716 1170 fa-

1064 1191 1166 1229 bulas
1198 1193 1468 1241 quodammodo
1494 1193 1655 1242 spectat,
1685 1188 1718 1224 si

1062 1248 1208 1297 quidem
1240 1247 1360 1298 Nysz'a
1390 1262 1420 1286 s,
1453 1247 1576 1298 Nyssa
1607 1258 1651 1284 ea
1675 1245 1716 1282 in

1061 1306 1270 1342 memori-am
1291 1318 1421 1342 vocare
1445 1304 1590 1355 possit,
1619 1314 1715 1352 quae

1060 1361 1172 1410 vulgo
1193 1363 1291 1412 apud
1310 1375 1378 1398 nos
1397 1373 1544 1410 quoque
1563 1360 1715 1396 tradun-

1062 1422 1119 1453 tur
1155 1418 1201 1455 ‹le
1233 1417 1355 1468 Nyxz's
1384 1415 1714 1467 (wassernyxen)

1061 1478 1124 1510 aut
1157 1475 1257 1524 quod
1297 1475 1394 1523 genii
1443 1473 1613 1523 quidam,
1651 1472 1714 1521 qui

1058 1534 1221 1567 veterum
1257 1530 1455 1568 Penatibus
1496 1528 1629 1566 similes
1656 1540 1715 1565 re-

1059 1587 1258 1637 periuntur,
1285 1587 1416 1634 Danis,
1445 1585 1586 1632 Suecis,
1613 1583 1715 1622 Nor-

1058 1643 1275 1692 marinisque
1294 1644 1461 1680 dicuntur
1471 1640 1611 1679 Nisten.
1635 1641 1713 1678 Sed

1058 1703 1174 1735 totum
1220 1699 1424 1737 adscribam
1467 1699 1585 1736 locum
1633 1697 1715 1735 He-

1057 1755 1282 1805 phaestionis
1333 1769 1356 1793 a
1399 1756 1465 1793 Cr.
1503 1755 1713 1801 indicatum,

1061 1811 1176 1860 qualis
1221 1812 1353 1860 legitur
1395 1812 1433 1849 in
1470 1811 1601 1848 Photio
1652 1811 1712 1848 ed.

1057 1867 1158 1904 Imm.
1177 1868 1337 1906 Bekker.
1366 1882 1402 1918 p
1427 1868 1529 1909 150:
1559 1881 1651 1915 „⁰³9
1681 1863 1713 1933 ’ᾖ

1058 1921 1300 1964 Κανδαύλου
1340 1939 1466 1977 γυνη,
1522 1919 1574 1975 ἧς
1603 1919 1713 1975 Ἡρό-

1057 1981 1171 2028 δοτος
1193 1976 1242 2020 ου’
1261 1979 1364 2032 λέγει
1385 1978 1581 2031 τοῦνομα,
1614 1982 1714 2018 Νυ-

1058 2038 1142 2076 σία
1165 2037 1229 2083 (al.
1259 2038 1403 2076 Μυσία
1431 2038 1466 2074 h.
1495 2037 1539 2086 l.)
1565 2035 1714 2076 ἐκαλεῖ-

1056 2105 1121 2133 το·
1165 2091 1194 2145 ἢ
1228 2093 1296 2133 καὶ
1328 2095 1492 2146 δίκορον
1524 2091 1592 2132 καὶ
1625 2088 1712 2141 ὀξυ-

1056 2147 1313 2202 νωπεστάτην
1356 2150 1457 2200 φασὶ
1507 2147 1710 2202 γενέσθαι,

1054 2204 1121 2246 τὸν
1160 2207 1419 2259 δρακοντίτην
1459 2205 1713 2257 κτησαμένην

1054 2264 1175 2303 λίθον
1188 2294 1199 2312 ,
1232 2261 1293 2303 διὸ
1312 2263 1379 2303 καὶ
1401 2262 1621 2303 αἰσθέσθαι
1637 2259 1710 2302 τόν

1055 2316 1195 2372 Γύγην
1224 2317 1381 2369 ἐξιόντα
1414 2316 1481 2360 διοῖ
1511 2322 1593 2359 τῶν
1626 2322 1708 2358 θυ-

1054 2379 1138 2427 ρῶν
1167 2377 1233 2425 (al.
1265 2373 1421 2425 ἐξιόντα
1454 2376 1511 2423 εἰς
1546 2372 1708 2427 ζήτησιν

1053 2430 1119 2472 dmi
1132 2434 1314 2485 θυρῶν)”
1336 2431 1446 2473 ἄλλοι
1469 2433 1708 2472 Τουδοῦν

1054 2485 1182 2540 αὐτὴν
1201 2493 1430 2538 καλεῖσθαι,
1461 2489 1503 2529 οἱ
1521 2487 1564 2528 δὲ
1581 2491 1704 2528 Κλυ-

1055 2545 1193 2592 τίαν,
1222 2543 1347 2596 ’Ἄβας
1380 2544 1424 2585 δὲ
1458 2541 1585 2596 Ἀβρώ
1611 2541 1706 2583 ταύ-

1053 2615 1128 2650 την
1170 2605 1401 2640 καλεῖσθαι·
1467 2603 1627 2653 σιγῆσαι
1661 2598 1705 2640 δὲ

1052 2652 1230 2706 τοῦνομα
1269 2668 1369 2706 φασι
1404 2672 1476 2708 της
1520 2654 1705 2722 γυναικὸς

1051 2709 1119 2751 τὸν
1142 2708 1377 2764 Ἡοὸδοτον,
1409 2711 1494 2753 ἐπει
1517 2712 1540 2751 o‘
1559 2708 1702 2764 ἐρώμε-

1051 2783 1120 2814 νος
1166 2766 1380 2819 Ἡροδότου
1449 2769 1703 2820 Πλησίροοος

1053 2827 1129 2862 Νυ
1141 2837 1163 2864 σ
1175 2825 1189 2863 ί
1200 2841 1252 2871 ας
1275 2826 1340 2874 (al.
1377 2826 1575 2875 Νυσσίας)
1606 2821 1703 2866 ὄνό-
1772 2830 1782 2844 *

1051 2896 1143 2931 ματι
1177 2880 1363 2934 ἐρασθεὶς
1403 2881 1701 2934 Ἁλικαρνασίας
