1787 3315
48 573 89 634 Hie
83 576 256 635 ὺτῐειιῑίιέιωῑ
233 509 319 634 sgr-8

49 640 142 668 divini
174 641 202 668 Τ
205 641 295 668 eelms

50 682 100 702 sen
105 683 153 702 ses
172 649 309 703 consultsi.

373 247 455 286 193

377 356 456 396 τοῦ
492 347 695 403 ξεινικὸς,
740 349 884 394 πάντα
933 349 1083 408 α’φεὶς,

776 240 1239 282 HERODOTI

1143 353 1388 398 διεσκέδασε
1403 366 1411 376 ·
1463 349 1634 409 οὐδαμοὶ

377 431 551 480 ἐλπίσας
578 425 637 484 μή
666 443 766 472 κοτε
795 427 881 485 ἄρα
918 429 1241 488 ἀγωνισάμενος
1268 431 1382 476 οὕτω
1412 435 1635 488 παραπλη-

378 511 478 559 σίως
507 509 657 561 Κῦρος
683 506 824 553 ἐλάσει
853 509 923 553 ἐπὶ
954 508 1133 565 Σάρδις.

1216 515 1362 556 Ταῦτα
1392 510 1632 568 ἐπιλεγομέ·
1643 518 1661 551 1

380 604 442 646 νῳ
491 587 668 643 Κροίσῳ
707 587 756 631 τό
796 587 1059 643 προάστειον
1087 592 1178 634 πᾶν
1208 589 1352 646 ὀφίων
1380 589 1634 647 ἐνεπλήσθη.

382 664 610 721 φανέντων
640 666 686 709 δὲ
716 666 884 720 αὐτῶν,
924 668 968 711 οἱ
995 669 1121 712 ἵπποι
1155 669 1365 725 μετιέντες
1391 669 1468 720 τὰς
1496 668 1637 724 νομὰς

379 744 608 800 νέμεσθαι,
643 745 890 802 φοιτέοντες
927 748 1178 803 κατήσθιον.
1241 746 1378 793 ἰδόντι
1417 748 1465 792 δὲ
1501 749 1634 792 τοῦτο

324 918 484 967 einigten
522 918 670 957 Heeren
705 918 771 956 der
811 917 974 958 Vasallen

322 975 518 1014 bestand.“

379 1027 512 1070 πάντα
553 1024 695 1080 capsis]
746 1030 971 1081 Reliquimus

324 1086 573 1125 Gaisfordium
607 1087 823 1125 scribentem
859 1084 972 1136 οἷπεὶς

324 1156 405 1182 cum
425 1143 640 1190 Schaefero,
680 1145 873 1182 addicente
896 1158 969 1182 uno

323 1199 417 1237 libro
435 1202 568 1237 vetere.
626 1199 710 1237 Scio
727 1201 897 1249 equidem
912 1201 970 1238 Ιο-

323 1267 389 1294 nes
410 1255 447 1292 in
466 1255 676 1305 compositis
694 1257 814 1294 verbis
832 1257 971 1307 aspira-

322 1312 459 1350 tionem
493 1310 700 1360 negligere3
751 1325 819 1350 nec
849 1317 971 1350 tamen

323 1371 550 1405 constantem
567 1367 604 1403 in
631 1366 686 1404 his
719 1368 831 1406 fuisse
852 1369 972 1406 Hero-

326 1423 471 1472 dotum,
513 1422 582 1460 alia
603 1423 771 1461 evincunt
795 1425 971 1475 exempla,

325 1491 423 1529 quae
457 1479 595 1517 notavit
637 1478 768 1517 Matth.
805 1494 842 1531 p.
877 1481 971 1522 514.

326 1534 422 1572 Add.
443 1535 492 1572 ad
510 1547 595 1585 pag.
623 1537 679 1577 94
707 1537 767 1574 lin.
789 1540 826 1578 2.
881 1538 973 1575 Inde

261 1604 265 1610 ¹
325 1590 496 1629 librorum
539 1590 723 1629 meliorum
769 1593 973 1630 auctoritati

326 1647 431 1684 nobis
458 1647 782 1697 obtemperandum
797 1649 873 1686 fuit.
930 1648 973 1686 In

324 1715 432 1752 seqq.
461 1715 541 1739 cum
569 1703 686 1741 Gaisf.
713 1705 878 1742 dedimus
906 1700 973 1744 οὕ-

326 1755 440 1825 δαμα
458 1771 527 1809 pro
540 1754 731 1810 ου’δαμᾶς
761 1761 895 1809 conf.,I
904 1762 973 1829 ,56

383 1809 540 1865 ου’δαμα
553 1814 713 1862 ἐλπίσας
723 1813 778 1867 μή
797 1831 885 1857 κοτε
897 1814 975 1867 α’ρα

325 1864 623 1923 ἆγωνισάμενος
644 1868 748 1911 οὕτω
769 1876 974 1939 παραπλη-

327 1927 423 1973 σίως
454 1929 589 1979 Κυρος
621 1925 749 1968 ἐλάσει
776 1928 841 1969 ἐπὶ
869 1925 974 1980 Σάρ-

326 1981 413 2034 δις]
441 1981 485 2021 In
495 1985 606 2022 verbo
617 1983 787 2032 ἐλπίζειν
798 1986 977 2036 sperandi,

326 2039 575 2087 existimandi,
604 2041 758 2090 putandi
792 2042 975 2091 significa-

325 2096 377 2136 tio
391 2094 448 2133 hic
467 2096 597 2133 transit
618 2098 657 2134 in
674 2098 974 2147 significationem

328 2150 481 2189 timendi.
522 2151 582 2190 De
601 2165 674 2202 qua
692 2154 817 2203 Viger.
838 2168 875 2204 p.
892 2153 974 2195 244

326 2206 973 2259 oonsu1.Add.Demosth.Olynth.

327 2262 346 2300 1
362 2275 399 2313 p
421 2264 473 2304 13
490 2262 618 2303 Reisk.
673 2266 731 2303 Eo
752 2278 899 2316 quoque
916 2278 974 2304 re-

326 2318 415 2357 ferri
438 2319 549 2357 debet
573 2325 751 2360 structura
778 2321 975 2373 particulae

328 2371 385 2425 μὴ
412 2380 588 2424 sequente
617 2377 758 2441 futuro,
788 2379 888 2428 quod
918 2378 976 2415 hic

329 2430 488 2469 editores
494 2444 566 2481 nup
571 2433 688 2470 errimi
696 2433 867 2485 (excepto
876 2433 975 2471 Mat-

329 2485 446 2533 thiae,
478 2487 540 2536 qui
561 2489 708 2527 retinuit
726 2486 865 2545 έλάσῃ)
893 2490 974 2528 loco

328 2542 541 2579 coniunctivi
575 2541 718 2599 ἐλάσῃ,
758 2559 866 2596 quem
892 2546 974 2583 libri

328 2596 494 2647 plerique
528 2602 674 2648 tenent,
727 2603 972 2641 restituerunt.

328 2652 475 2690 Monuit
498 2653 544 2691 de
569 2656 680 2692 futuri
705 2656 887 2695 indicativi
906 2657 997 2695 usu'

329 2710 366 2745 in
402 2708 608 2747 huiusmodi
647 2713 806 2750 formulis
844 2714 973 2751 Matth.

331 2762 373 2827 §
389 2764 492 2812 519,
521 2768 548 2806 7
585 2779 670 2816 pag
703 2770 796 2810 998
853 2770 975 2808 Verba

333 2835 436 2859 ουτω
455 2823 738 2873 παραπλησίως
757 2830 876 2864 xerte:
901 2830 973 2864 tam

331 2889 438 2928 aequo
463 2875 605 2927 Marte,
636 2893 714 2918 cum
736 2893 883 2921 numero
914 2896 974 2920 co·

1042 920 1183 969 piarum
1201 920 1363 968 quamxis
1383 918 1690 969 superiorCyrus‚

1041 980 1163 1012 tamen
1191 976 1288 1013 haud
1325 976 1449 1013 vicerit
1475 975 1543 1012 sed
1574 987 1691 1024 aequo

1040 1031 1161 1069 Marte
1171 1044 1341 1083 pugnans
1359 1045 1380 1070 e
1397 1030 1535 1083 proelio
1555 1031 1692 1069 disces-

1040 1087 1139 1125 serit.

1198 1170 1308 1222 Cap.
1337 1170 1543 1210 Lxxvm.

1095 1252 1305 1305 φανέντων
1337 1253 1380 1296 δὲ
1401 1251 1590 1306 αὐτῶν]
1621 1250 1692 1295 αὖ·

1039 1313 1094 1350 τῶ
1099 1325 1119 1349 ν
1137 1324 1262 1348 rursus
1282 1325 1362 1350 cum
1375 1313 1492 1350 Gaisf.
1512 1312 1692 1360 dedimus,

1040 1368 1211 1405 librorum
1237 1368 1472 1418 plurimorum
1506 1381 1551 1406 ex
1567 1372 1693 1406 aucto-

1041 1424 1156 1460 ritate.
1180 1445 1235 1451 —-
1254 1424 1295 1460 ln
1316 1426 1479 1475 proxime
1499 1425 1690 1462 antecedd.

1040 1479 1291 1531 ἐπιλέγεσθαι
1314 1484 1369 1518 est
1388 1492 1500 1518 secum
1518 1484 1691 1531 reputare,

1040 1538 1206 1584 cogitare.
1247 1537 1354 1574 Conf.
1374 1537 1412 1584 I,
1436 1539 1501 1578 86.
1530 1536 1578 1583 ΙΙ,
1600 1539 1693 1584 120,

1041 1592 1111 1629 alia
1142 1605 1237 1641 quae
1278 1593 1380 1630 dabit
1409 1593 1612 1640 Schweigh.
1654 1592 1693 1629 in

1040 1647 1131 1686 Lex.
1150 1649 1290 1685 Herod.
1310 1662 1339 1686 s,
1355 1662 1388 1686 v.
1419 1649 1694 1697 Significatione

1042 1703 1180 1752 legendi
1198 1705 1376 1742 invenitur
1393 1704 1430 1751 1,
1459 1706 1539 1746 125
1563 1709 1600 1742 et
1620 1706 1695 1743 fre·

1042 1764 1235 1810 quentatur
1262 1762 1372 1799 etiam
1402 1761 1624 1809 Pausaniae,
1653 1764 1694 1798 ut

1042 1817 1183 1854 monuit
1201 1817 1366 1855 Siebelis.
1388 1818 1436 1854 ad
1454 1817 1485 1866 I,
1506 1820 1558 1859 12
1574 1816 1611 1868 §
1622 1818 1660 1858 3.

1101 1872 1142 1912 οἱ
1165 1872 1282 1913 ἵπποι
1311 1871 1503 1925 μετιέντες
1534 1870 1605 1920 τοὶς
1624 1887 1690 1913 νο-

1044 1925 1122 1981 μάς
1138 1927 1350 1980 νέμεσθαι,
1380 1928 1604 1979 φοιτέοντες
1623 1944 1691 1969 κα-

1043 1981 1238 2037 τήσθιον]
1269 1984 1388 2036 φοιτέ
1400 2000 1420 2025 ο
1432 2001 1456 2025 ν
1467 2000 1530 2034 τες
1557 1986 1637 2023 iure
1653 1986 1691 2023 in

1041 2054 1177 2091 magna
1192 2042 1363 2080 librorum
1381 2042 1624 2094 discrepantia
1633 2055 1691 2080 re-

1040 2098 1208 2147 liqiumus
1238 2099 1430 2147 intactum,
1468 2104 1510 2136 ut
1546 2098 1692 2137 Ionicae

1041 2158 1151 2203 atque
1167 2155 1403 2193 Herodoteae
1432 2154 1584 2193 dialecto
1613 2167 1691 2191 ma-

1040 2210 1134 2248 xime
1158 2215 1452 2249 consentaneum.
1490 2210 1571 2249 Nec
1596 2223 1690 2261 opus

1041 2270 1119 2304 erat
1149 2279 1228 2304 cum
1263 2267 1504 2305 Valckenario
1535 2266 1692 2304 scribere

1041 2320 1060 2361 ε’
1072 2320 1329 2371 σφοιτέοντες
1348 2336 1398 2360 sc.
1421 2320 1464 2362 τὸ
1484 2318 1691 2374 προάστει-

1042 2392 1109 2426 ov3
1136 2379 1253 2427 magis
1279 2379 1401 2429 placet
1428 2380 1612 2417 distinctio
1643 2379 1691 2416 ab

1042 2433 1100 2471 illo
1118 2435 1240 2484 posita
1259 2439 1345 2472 ante
1355 2432 1558 2485 μετιέντες.
1578 2434 1691 2479 Quod

1042 2490 1200 2538 denique
1229 2494 1393 2528 vertunt:
1437 2518 1463 2537 ‚‚
1477 2503 1562 2540 quos
1598 2491 1693 2540 equi,

1041 2550 1081 2583 ut
1099 2545 1357 2596 adparuerunt‚
1384 2548 1507 2583 omisso
1531 2549 1692 2583 consueto

1035 2602 1180 2653 pabulo,
1195 2602 1396 2653 frequentes
1411 2601 1691 2651 cleglutz'ebant,“

1042 2659 1159 2697 minus
1170 2663 1336 2696 accurate
1344 2658 1596 2697 Herodoteam
1605 2671 1689 2697 sen-

1041 2715 1188 2753 tentiam
1203 2714 1253 2751 illi
1282 2714 1463 2763 reddunt,
1491 2728 1586 2765 quae
1605 2714 1688 2752 talis

1040 2772 1117 2809 fere
1159 2774 1233 2808 est:
1293 2799 1317 2818 ,,
1330 2772 1429 2820 equi,
1476 2771 1689 2820 negligentes

1036 2829 1141 2878 pasci
1157 2826 1288 2877 pabulo
1307 2831 1466 2864 consueto
1494 2828 1554 2876 (s.
1576 2829 1612 2864 in
1634 2828 1688 2865 lo-

1042 2884 1092 2921 cis
1117 2883 1328 2932 consuetis)
1349 2883 1587 2933 adgredientes
1607 2884 1684 2934 (sc.
