1759 3324
321 226 404 264 680
714 224 1187 264 HERODOTI

318 330 596 388 ἐπιλαβόντες
634 333 682 377 τό
722 334 893 391 κλύσμα
930 339 1004 390 τῆς
1046 333 1184 378 ὀπίσω
1215 333 1344 386 ὁδοῦ,
1386 332 1585 389 ταριχεύ-

291 403 423 456 Βουσι
452 411 527 463 τας
555 413 839 468 προκειμένας
868 412 1050 469 ἡμέρας·
1092 418 1146 470 τῇ
1177 415 1222 458 δὲ
1251 414 1472 468 τελευταίῃ
1503 412 1584 465 ἐξι-

323 497 405 535 εῖσι
434 491 481 534 ἐκ
508 495 584 548 τῆς
613 494 780 549 κοιλίης
819 491 900 548 τὴν
930 494 1132 549 κεδρίην,
1174 494 1254 550 τὴν
1285 493 1444 548 ἐσῆκαν
1473 490 1586 546 πρό-

319 586 469 625 τερον·
501 568 528 625 ἡ
561 571 607 613 δὲ
637 571 720 626 ἔχει
748 570 966 627 τοσαύτην
996 570 1204 627 δύναμιν,
1236 571 1343 615 ὥστε
1364 571 1453 627 ἅμα
1475 570 1586 614 ἑωυ-

317 654 369 706 τῇ
402 648 482 704 τήν
511 650 649 705 νηδὺν
690 650 764 692 καὶ
802 650 854 692 τὰ
896 649 1116 706 σπλάγχνα
1146 649 1461 707 κατατετηκότα
1490 649 1584 701 ἐξά-
1597 656 1642 690 65

313 744 379 784 γει
391 744 399 752 ·

459 727 538 778 τας
569 727 615 771 δὲ
645 727 807 780 σάρκας
836 727 885 771 τὸ
926 730 1072 782 λίτρον
1108 729 1354 785 κατατήκει·

1416 729 1488 772 καὶ
1528 728 1581 785 δή

314 808 503 850 λείπεται
543 809 624 849 τοῦ
671 809 834 862 νεκροῦ
874 806 923 849 τό
967 807 1104 862 δέρμα
1159 812 1352 863 μοῦνον,
1412 807 1486 850 καὶ
1532 807 1586 849 τὰ

285 883 456 929 4ὀστέα.
517 883 647 927 ἐπεὰν
678 885 724 928 δὲ
754 889 889 928 ταῦτα
917 885 1157 942 ποιήσωσι,
1199 884 1276 928 ἄπ’
1317 879 1379 929 aiv
1415 885 1585 929 ἔδωκαν

185 966 252 1012 88
311 963 427 1007 οὕτω
457 962 536 1007 τόν
565 962 747 1018 νεκρὸν,
780 963 910 1008 οὐδὲν
930 965 992 1009 ἔτι
1017 965 1434 1021 πρηγματευθέντες.
1466 962 1526 1006 Ἡ
1539 963 1585 1007 δὲ

311 1044 434 1100 τρίτη
464 1043 709 1098 ταρίχευσίς
739 1043 827 1087 ἐστι
856 1044 955 1100 ἥδε,
992 1043 1022 1101 ἢ
1049 1043 1155 1095 τούς
1185 1044 1373 1100 χρήμασι
1403 1042 1641 1086 (ἔσθενε-70

314 1122 499 1178 στέρους
527 1122 739 1177 σκευάζει.
772 1125 962 1181 συρμαίῃ
994 1122 1280 1181 διηθήσαντες
1300 1122 1380 1180 τήν
1402 1123 1584 1178 κοιλίην,

257 1349 459 1405 θήσαντες
478 1353 537 1391 hie
554 1354 722 1404 exponit:
752 1352 912 1394 ὖλίσαν-

256 1424 319 1457 τες
348 1411 371 1447 i.
395 1424 426 1448 e.
449 1415 655 1460 purgantes.

314 1465 382 1505 καὶ
415 1462 671 1516 ἐπιλαβόντες
698 1463 741 1505 τό
760 1463 916 1517 κλύσμα

257 1525 327 1573 τῆς
346 1518 472 1562 ὀπίσω
492 1522 617 1574 ὁδοῦ]
649 1525 671 1560 i.
693 1537 724 1561 e.
756 1525 915 1561 cohiben-

259 1584 309 1617 tes
326 1580 418 1616 illud
436 1580 616 1617 lavacrum
629 1609 639 1627 ,
659 1593 699 1617 ue
714 1580 832 1617 eadem
853 1580 918 1618 via

258 1641 352 1674 retro
385 1639 508 1681 exeat5
549 1633 831 1687 ἐπιλαμβάνειν
859 1638 918 1675 hic

259 1694 388 1731 eadem
418 1693 616 1740 cohibendi,
653 1694 826 1731 retinendi
850 1707 920 1730 no-

260 1751 361 1787 tione
373 1777 383 1796 ,
415 1762 523 1798 quam
546 1751 583 1786 in
600 1751 711 1787 verbo
725 1753 919 1802 καταλαμ-

257 1802 400 1858 βάνειν
422 1807 626 1843 notavimus
648 1808 696 1844 ad
712 1807 750 1854 Ι,
771 1807 837 1848 46.

312 1859 564 1912 ταριχεύουσι
598 1859 669 1909 τας
710 1861 920 1915 προκειμέ-

257 1934 332 1965 νας
355 1917 534 1970 ἡμέρας]
577 1918 686 1957 Nz'tro
715 1920 822 1957 scilic.
852 1932 919 1971 per

259 1980 432 2012 statutum
451 1977 690 2025 septuaginta
701 1977 842 2014 dierum
852 1990 920 2014 nu-

260 2045 420 2077 merum,
447 2032 520 2068 vid.
540 2032 594 2080 Il,
621 2033 687 2073 86.

318 2086 361 2126 ἐκ
380 2090 451 2138 τῆς
470 2088 623 2139 κοιλίης
643 2085 717 2139 τήν
739 2086 918 2140 κεδρίην]

261 2143 399 2194 κεδρίη
428 2149 483 2181 est
507 2147 624 2182 resina
651 2144 792 2182 cedrina
821 2158 849 2182 s.
876 2141 922 2184 τό

263 2194 343 2239 eino*
368 2201 441 2238 τοῦ
467 2199 610 2252 κέδρου
643 2199 787 2251 ἕέλειφα
818 2195 922 2253 γινό-

265 2270 390 2306 μενον
409 2286 419 2303 ,
464 2261 504 2293 ut
527 2270 636 2307 supra
665 2258 767 2295 dixit.
831 2257 922 2295 Mox

263 2309 336 2362 τήν
362 2309 492 2361 νηδὺν
521 2314 734 2350 stomachum
757 2326 833 2350 cum
863 2316 919 2351 in-

263 2370 402 2405 testinis
426 2367 496 2405 dici
516 2370 685 2406 observat
703 2370 921 2418 Schweighs,

262 2421 311 2463 τοὶ
335 2419 537 2475 σπλάγχνα
559 2438 646 2462 vero
669 2438 749 2462 esse
772 2426 920 2462 nobilio-

264 2495 327 2528 ra,
344 2493 439 2529 quae
457 2481 563 2529 vulgo
582 2481 762 2527 dicantur,
775 2484 922 2518 viscera.

264 2537 307 2574 In
327 2549 432 2585 seqq.
455 2550 534 2574 cum
555 2537 670 2573 Gaisf.
691 2538 860 2588 rescripsi
878 2534 920 2575 τὸ

266 2593 407 2641 λίτρον
437 2606 504 2642 pro
535 2589 579 2632 τό
605 2592 771 2645 νίτρον,·
801 2595 924 2631 confer

267 2650 316 2687 ad
336 2649 367 2686 ll
382 2678 393 2696 ,
413 2650 478 2690 86·

327 2699 395 2743 ἄπ’
431 2698 488 2743 ὧν
528 2703 678 2743 ἔδωκαν
720 2699 824 2744 οὕτω
858 2701 925 2744 τὸν

274 2757 431 2812 νεκρὸν,
464 2756 581 2800 ου’δὲν
605 2759 659 2800 ἔτι
679 2775 924 2813 πρηγματευ-

271 2815 434 2867 θέντες]
476 2818 497 2854 ἰ.
519 2831 551 2855 e.
590 2817 643 2855 his
675 2819 731 2854 ita
755 2820 924 2867 peractis,

275 2873 427 2912 reddunt
444 2873 596 2921 cadaver
610 2876 816 2926 propinquis
828 2903 839 2922 ‚
867 2876 923 2913 ni—

983 1355 1033 1392 hil
1061 1355 1212 1405 amplius
1243 1357 1379 1404 negotii
1403 1356 1641 1404 suscipientes,

985 1413 1086 1461 quod
1109 1413 1156 1449 ad
1173 1416 1355 1448 mortuum
1374 1412 1517 1449 attinet.
1565 1411 1641 1448 Ubi

983 1473 1114 1506 notare
1133 1468 1218 1505 licet
1240 1469 1364 1505 aoristi
1386 1464 1639 1516 (α’πέδωκαν)

984 1526 1078 1571 vim,
1108 1525 1213 1562 nobis
1244 1524 1315 1561 iam
1339 1525 1570 1562 observatam
1591 1524 1640 1561 ad

984 1582 1134 1630 1‚194.
1192 1580 1289 1617 Add.
1315 1581 1370 1628 11,
1394 1583 1460 1622 88.

1127 1665 1192 1702 oa
1201 1679 1238 1716 p.
1269 1664 1507 1703 Lxxxvnl.

1044 1749 1219 1804 συρμαίῃ
1269 1745 1538 1801 διηθήσαντες
1568 1745 1643 1800 τήν

985 1805 1166 1857 κοιλίην]
1197 1808 1219 1843 i.
1248 1820 1280 1844 e.
1318 1809 1452 1857 syrmia
1482 1806 1643 1855 (liquore

985 1864 1218 1915 purgatorio)
1232 1863 1351 1900 eluunt
1362 1868 1521 1901 ventrem.
1543 1862 1643 1906 Quid

989 1920 1163 1974 συρμαίῃ
1197 1920 1244 1957 sit
1261 1919 1426 1967 Nostro,
1456 1920 1514 1956 vix
1541 1923 1642 1956 certo

988 1977 1140 2014 definias
1167 1976 1270 2024 licet,
1304 1990 1384 2014 cum
1413 1977 1513 2027 ipsos
1547 1975 1644 2012 inter

988 2039 1132 2071 veteres
1153 2033 1299 2071 minime
1317 2033 1518 2070 conveniat.
1536 2032 1644 2079 Sunt,

989 2091 1051 2140 qui
1068 2102 1209 2126 succum
1222 2090 1369 2140 plantae
1380 2088 1643 2139 Aegyptiacae,

989 2146 1141 2197 raphani
1181 2150 1223 2182 ut
1257 2146 1474 2195 quibusdam
1511 2144 1644 2195 placet,

986 2203 1225 2253 perhibeant3
1245 2207 1328 2239 sunt
1345 2203 1407 2251 qui
1427 2202 1474 2239 de
1491 2201 1644 2251 potione

989 2259 1188 2309 accipiant,
1219 2270 1313 2306 quae
1349 2272 1370 2296 e
1398 2258 1473 2295 sale
1491 2262 1527 2295 et
1547 2269 1645 2306 aqua

989 2315 1220 2359 conficiatur3
1245 2315 1304 2352 alii
1324 2315 1482 2364 denique
1502 2318 1645 2350 nattum

988 2372 1099 2408 fuisse
1137 2371 1343 2409 existimant
1378 2370 1646 2420 Aegyptiacum

991 2428 1038 2465 ad
1075 2427 1240 2476 clysteria
1273 2427 1485 2464 adhibitum.
1552 2426 1647 2463 Utut

992 2484 1143 2530 dixeris,
1177 2483 1425 2532 purgatoriam
1446 2482 1518 2519 vim
1544 2482 1581 2518 in
1601 2482 1646 2518 li-

993 2552 1107 2588 quore
1134 2539 1244 2575 fuisse
1274 2539 1467 2575 constabit.
1534 2537 1646 2575 Plura

993 2595 1198 2631 Creuzerus
1237 2594 1260 2631 l.
1296 2594 1320 2631 l.
1368 2607 1453 2645 pag.
1486 2597 1540 2636 79
1566 2607 1642 2643 seq.

990 2650 1119 2687 Iohnio
1148 2650 1225 2700 (ap.
1246 2649 1414 2687 Minutoli
1435 2650 1646 2699 Nachtriige

992 2719 1029 2756 p.
1052 2707 1150 2754 198)
1167 2707 1301 2755 syrmia
1318 2707 1375 2744 vel
1400 2720 1525 2744 recens
1543 2706 1643 2744 aloes

991 2761 1110 2810 liquor
1141 2763 1197 2799 vel
1229 2763 1310 2800 aloe
1339 2764 1434 2812 aqua
1454 2763 1572 2800 soluta
1591 2763 1645 2800 vi-

993 2818 1110 2855 detur.
1167 2818 1270 2856 Idem
1300 2820 1337 2855 in
1372 2820 1520 2856 infantis
1553 2832 1645 2869 qua-

994 2874 1077 2912 dam
1093 2875 1226 2913 mumia
1243 2875 1437 2914 medullam
1453 2875 1643 2914 tamarices
