1759 3324
652 263 868 302 CL10.
928 263 956 300 Ι.

1355 264 1442 305 859

181 377 312 435 6631]-
341 375 541 428 ἐξέδοσαν
572 371 618 416 δὲ
647 374 692 416 οἱ
720 376 821 416 Χῖοι
850 371 920 416 ἐπὶ
959 373 1021 428 τῷ
1060 369 1253 425 Ἀταρνέϊ
1279 374 1441 429 μισθῷ·

181 462 260 501 τοῦ
290 456 334 501 δὲ
363 451 585 508 Ἀταρνέος
624 450 787 495 τούτου
826 451 913 495 ἔστι
953 453 1095 506 χῶρος
1131 453 1208 506 τῆς
1247 451 1440 507 ΝΙυσίης,

151 545 172 578 5
185 537 358 589 Λέσβου
387 531 546 583 ἀντίος.

606 528 816 586 Πακτύην
855 528 934 586 μέν
973 545 1058 572 νυν
1096 527 1496 586 παραδεξάμενοιὸῡ

179 616 222 658 οἱ
251 612 416 665 Πέρσαι
451 608 569 667 εἶχον
606 610 654 654 ἐν
692 612 894 667 φυλακῇ,
931 606 1135 659 θέλοντες
1166 607 1301 668 Κύρῳ
1331 606 1441 655 ἄπο-

149 693 310 744 δδέξαι.
340 685 396 747 ἦν
426 691 472 734 δὲ
511 688 672 747 χρόνος
713 683 844 741 οὗτος
883 686 966 732 οὐκ
1005 685 1153 744 ὀλίγος
1192 686 1439 745 γενόμενος,

176 771 246 815 ὅτε
275 772 396 814 Χίων
426 767 570 821 οὐδεὶς
604 769 652 814 ἐκ
680 772 762 813 τοῦ
787 765 1012 823 Ἀταρνέος
1038 766 1204 812 τούτου
1235 767 1337 813 οὔτε
1366 767 1440 812 οὐ·

174 849 252 902 λοὶς
281 852 453 905 κριθῶν
480 847 696 905 πρόχυσιν
724 847 916 892 ἐποιέετο
955 851 1076 892 θεῶν
1114 846 1282 900 οὐδενὶ,
1335 847 1439 891 οὔτε

172 932 371 986 πέμματα
406 928 605 973 ἐπέσσετο
633 931 806 984 καρποῦ
841 930 924 971 τοῦ
957 926 1188 980 ἐνθεῦτεν,
1239 924 1437 983 ἀπείχετό

172 1021 221 1055 τε
245 1013 332 1053 τῶν
359 1007 536 1053 πάντων
576 1010 685 1065 ἱρῶν
720 1007 774 1051 τὰ
810 1005 954 1051 πάντα
982 1005 1031 1050 ἐκ
1058 1009 1135 1062 τῆς
1163 1003 1308 1062 χώρης
1335 1005 1492 1050 ταῦ-60

117 1230 236 1272 eidem
261 1229 298 1267 in
326 1227 466 1267 colonia
501 1240 649 1278 quoque
673 1232 767 1266 tem·

115 1287 216 1338 plum
242 1286 460 1324 exstruxisse
485 1298 592 1322 nemo
621 1284 766 1321 mirabi-

115 1349 182 1381 tur.
225 1342 333 1380 Conf.
359 1355 453 1390 quae
479 1341 553 1378 dixi
569 1341 605 1377 in
621 1340 767 1378 Disser-

115 1404 178 1436 tat.
198 1399 245 1437 de
260 1398 430 1450 Apolline
456 1402 492 1435 et
508 1397 673 1435 Mineiva
689 1397 763 1445 pri-

113 1455 274 1504 migenia
311 1453 577 1504 (Heidelberg.
623 1455 763 1501 1820)

113 1524 198 1564 pag.
216 1513 241 1553 6
261 1524 338 1560 seq.

169 1566 234 1608 ἐπὶ
250 1569 304 1622 τῷ
320 1564 498 1616 Ἀταρνέϊ
514 1566 672 1619 μισθῷ]
693 1564 716 1603 ἱ.
732 1578 763 1603 e.

112 1623 353 1662 Atarnensem
380 1627 515 1661 terram
548 1622 645 1674 pacti
669 1635 767 1660 mer-

114 1682 262 1729 cedem,
291 1694 320 1719 S.
341 1681 385 1719 ea
404 1680 470 1717 sub
486 1679 704 1726 conditione,
724 1682 764 1716 ut

113 1737 355 1775 Atarnensem
378 1741 514 1774 terram
540 1748 607 1786 pro
626 1748 763 1772 merce-

113 1793 162 1831 de
193 1793 352 1842 Pactyae
385 1793 507 1830 traditi
547 1791 762 1841 acciperent.

113 1849 171 1887 De
202 1848 268 1889 ἐπὶ
296 1850 391 1887 conf.
426 1849 463 1897 l,
490 1851 556 1890 60
585 1851 677 1889 141.
707 1868 763 1876 -

110 1906 327 1956 Scripsimus
350 1919 371 1944 e
391 1905 497 1943 codd
517 1917 596 1942 cum
614 1908 763 1942 recentt.

110 1957 288 2015 Ἀταρνέι·
327 1975 400 2031 pro
439 1961 534 2010 vulg.
575 1957 761 2012 Ἀταρνεῖ.

113 2019 181 2056 Est
212 2033 296 2057 vero
338 2017 362 2059 ὁ
388 2013 600 2070 Ἀταρνευς
627 2029 761 2055 nomen

114 2080 150 2115 et
157 2076 315 2126 regionis
329 2075 503 2113 Chiorum
525 2075 658 2113 civitati
676 2087 763 2111 con-

113 2145 238 2171 cessae
262 2136 299 2171 et
314 2132 443 2184 oppidi
462 2132 561 2170 hac
553 2145 591 2168 in
609 2131 761 2180 regione

112 2201 186 2226 non
223 2189 330 2227 valde
374 2188 536 2239 spatiosa
579 2187 760 2226 exstructi.

114 2244 207 2283 Add.
235 2245 341 2292 VIII,
375 2247 465 2286 106.
531 2245 763 2282 Conveniunt

113 2314 192 2339 cum
207 2301 400 2340 Herodoto
414 2301 568 2340 Diodor.
582 2300 682 2348 XIII,
695 2300 761 2342 65.

114 2357 200 2395 XVI
211 2359 314 2406 ,52,
342 2358 405 2395 ubi
425 2359 519 2395 conf.
537 2357 760 2407 Wesseling.

115 2412 269 2453 Pausan.
287 2414 351 2462 IV,
373 2415 427 2456 35
449 2413 486 2465 ἓ.
502 2417 541 2456 6.

170 2469 353 2518 θέλοντες
392 2467 516 2525 Κύρω
546 2466 669 2511 ἄποδε
661 2467 759 2520 ’ξαι]

117 2519 300 2575 ἆποδέξαι
327 2532 518 2566 monstrare
541 2539 618 2566 eum
645 2531 686 2564 ut
707 2529 762 2564 vi-

120 2593 197 2619 vum
222 2583 359 2632 adhuc,
399 2598 428 2622 s.
470 2586 510 2622 in
548 2587 763 2634 conspectum

121 2637 206 2687 Cyri
226 2651 301 2677 eum
314 2640 523 2691 producere,
550 2640 687 2679 tradere
705 2643 762 2679 vi-

117 2705 199 2730 vum
216 2695 314 2734 illum
335 2697 436 2748 Cyro·

173 2744 236 2800 ἦν
264 2749 306 2791 δὲ
334 2749 474 2806 χρόνος
502 2745 760 2806 οὗτος-γε-

118 2801 357 2873 νόμενος]
408 2809 511 2848 Nota
543 2809 762 2848 locutionem

117 2854 172 2911 ἦν
193 2884 247 2890 -—
261 2861 488 2916 γενόμενος,
514 2867 616 2904 euius
635 2866 763 2904 similia

121 2919 297 2967 quaedam
312 2922 494 2972 attigimus
518 2923 567 2960 ad
587 2925 712 2970 1,57.

891 1221 983 1267 οὔτε
1008 1219 1131 1272 οὕλοῖς
1156 1227 1317 1278 κριθῶν
1343 1221 1489 1277 πρόχυ-

835 1293 899 1321 σιν
943 1280 1116 1322 ἐποιέετο
1166 1284 1281 1321 θεῶν
1326 1278 1487 1328 οὐδενὶ]

832 1337 891 1377 De
902 1342 1110 1378 ποιεῖσθαι
1130 1338 1263 1389 duplici
1284 1339 1489 1376 accusativo

832 1394 954 1432 iuncto
974 1395 1129 1432 vidimus
1148 1396 1196 1432 ad
1217 1395 1256 1443 I,
1274 1396 1340 1436 68.
1371 1390 1489 1435 ου’λαὶ

832 1453 989 1504 κριθῶν
1006 1451 1168 1489 indicant
1186 1451 1319 1489 molam
1338 1464 1381 1489 ex
1400 1451 1489 1488 hor-

833 1508 905 1546 deo
932 1509 1135 1546 confectam
1164 1507 1323 1557 indeque
1341 1511 1488 1555 tostam,

833 1565 871 1602 in
910 1565 1020 1603 sacris
1063 1564 1228 1602 adhiberi
1259 1563 1403 1601 solitam
1441 1577 1487 1602 eo

832 1634 982 1672 prorsus
1009 1622 1142 1668 modo,
1172 1633 1246 1670 quo
1265 1620 1424 1658 Romani
1448 1621 1487 1658 in

832 1677 985 1715 victimis
1029 1678 1233 1715 mactandis
1266 1676 1360 1714 mola
1390 1676 1487 1714 salsa

829 1735 1035 1771 utebantur.
1091 1734 1151 1771 Cf.
1170 1732 1323 1771 Homer.
1345 1733 1484 1782 Odyss.

830 1790 904 1839 111,
932 1790 1016 1832 442
1032 1802 1110 1839 seq.
1132 1793 1169 1828 et
1187 1789 1429 1828 Schneiderus
1447 1790 1486 1827 in

830 1846 954 1885 Lexic.
975 1847 1041 1883 Gr.
1062 1859 1090 1884 s.
1108 1859 1140 1883 v.
1154 1874 1165 1893 ,
1185 1858 1232 1883 ne
1250 1845 1366 1896 plura.
1394 1842 1486 1896 πρό.

830 1916 940 1954 χυσις
960 1903 1089 1940 dicitur
1106 1902 1268 1953 profusio
1286 1901 1405 1940 molae
1428 1903 1485 1940 iu-

828 1964 886 1997 tra
922 1959 1064 1997 hostiae
1098 1970 1256 2007 cornua,
1292 1971 1388 2008 quae
1415 1958 1486 1996 hoc

827 2017 900 2053 ritu
938 2016 1007 2053 diis
1061 2015 1211 2052 dicatur.
1283 2014 1483 2064 Gregorius

828 2072 992 2111 Corinth.
1003 2072 1050 2110 de
1069 2071 1210 2109 dialect.
1224 2070 1337 2108 Ionic.
1351 2069 1388 2122 §.
1402 2074 1484 2112 110

827 2129 884 2180 (p.
896 2129 1012 2193 515),
1040 2128 1136 2165 hunc
1150 2127 1268 2165 locum
1266 2127 1412 2195 opinor
1424 2140 1484 2165 re-

826 2186 1005 2237 spiciens,
1033 2184 1204 2237 explicuit
1227 2198 1273 2225 το
1292 2179 1482 2225 οἷποσπεῖ·

831 2253 911 2284 σαι.

884 2292 1067 2349 απείχετό
1112 2311 1155 2338 τε
1198 2297 1281 2336 τῶν
1318 2291 1482 2336 πάντων

828 2354 929 2409 ἱρῶν
945 2353 993 2394 τοὶ
1014 2350 1166 2406 παντα]
1197 2348 1377 2404 απείχετο
1399 2352 1481 2390 vul-

826 2425 877 2463 go
897 2412 956 2449 hic
976 2412 1121 2463 pass-ive
1147 2410 1342 2476 accipiunt:
1370 2420 1480 2446 remo-

825 2469 999 2508 vehantur
1021 2489 1070 2496 —
1094 2469 1222 2506 omnia.
1278 2466 1375 2504 Cum
1392 2477 1480 2503 vero

827 2521 1049 2577 ἀπέχεσθαι
1063 2525 1122 2562 vix
1141 2522 1288 2575 passive
1306 2522 1376 2560 hoc
1394 2534 1480 2559 sen-

827 2595 871 2620 su
891 2583 1095 2620 inveniatur
1105 2610 1116 2630 ,
1134 2579 1300 2618 Koenius
1317 2578 1367 2616 ad
1382 2577 1479 2616 Gre-

830 2651 911 2689 gor.
937 2638 1102 2676 Corinth.
1137 2649 1176 2688 p.
1208 2637 1316 2683 432,
1351 2646 1479 2673 assen-

830 2697 944 2734 tiente
972 2694 1181 2741 Larchero,
1212 2689 1478 2742 suspicaturle-

828 2752 993 2802 gendum
1019 2764 1102 2789 esse
1129 2744 1338 2816 ἄπέργετο,
1376 2758 1476 2784 arce-

828 2810 968 2846 bantur.
1033 2807 1111 2845 Sed
1138 2818 1221 2843 cum
1251 2798 1412 2853 ἆπέχειν
1438 2802 1475 2838 in

829 2865 947 2903 activo
981 2863 1184 2901 inveniatur
1217 2860 1380 2905 arcendz,
1418 2870 1473 2894 re-

829 2919 988 2958 movendi
1014 2919 1164 2957 notione
1192 2916 1260 2965 (ut
1279 2915 1381 2961 VIII,
1407 2914 1471 2954 20.
