1805 3315
678 252 892 292 CLIO.
953 253 979 291 I.

1397 257 1479 296 109

187 369 492 423 καταιρεθεῖσα
522 364 609 409 ὑπὸ
632 364 792 420 Κύρου
821 368 903 407 τοῦ
934 361 1197 420 Καμβύσεω,
1228 364 1301 406 καὶ
1320 363 1373 407 τοὶ
1390 367 1479 408 τῶν

189 446 394 503 Περσέων
421 443 654 500 πρήγματα
685 442 984 499 αὐξανόμενα,
1015 443 1201 493 πένθεος
1232 442 1312 498 μὲν
1342 447 1477 498 Κροῖ-

188 538 268 570 σον
297 523 536 568 ἀπέπαυσε·
580 522 755 579 ἐνέβησε
785 523 830 566 δὲ
863 522 906 573 ἒς
936 523 1175 578 φροντίδα,
1216 524 1256 565 εἴ
1282 539 1367 573 κως
1398 521 1478 566 δυ’-

184 619 335 654 ναιτο,
379 603 485 658 πρὶν
510 601 727 658 μεγάλους
756 602 959 658 γενέσθαι
989 601 1093 652 τούς
1126 600 1317 657 Πέρσας,
1350 618 1479 645 κατα-

160 686 330 738 Ξλαβεῖν
362 681 508 725 αὐτῶν
538 681 836 739 αὐξανομένην
868 680 948 738 τήν
979 679 1181 736 δύναμιν.
1239 680 1366 725 Mete}
1409 676 1492 724 ὦνΙ

181 761 263 818 τὴν
304 761 507 805 διάνοιαν
547 760 711 818 ταύτην
752 760 909 805 αὐτίκα
951 758 1212 815 ἀπεπειρᾶτο
1252 765 1341 804 τῶν
1371 777 1476 817 μαν-

181 844 315 898 τηΐων
344 844 433 884 τῶν
462 857 506 884 τε
537 841 584 884 ἐν
614 840 819 898 ιἝλλησι,
862 840 937 885 καὶ
978 844 1059 883 τοῦ
1100 840 1147 883 ἐν
1177 839 1346 897 Λιβύῃ·
1387 842 1477 884 δια-

181 922 352 978 πέμψας
396 919 554 972 &mous
591 919 721 977 ἄλλῃ,
762 919 866 971 τοὺς
904 921 983 976 μὲν
1024 920 1066 971 ές
1103 921 1310 976 Δελφοὺς
1348 919 1474 972 ἰέναι,

181 1001 283 1052 τοὺς
314 1001 360 1044 δὲ
390 999 585 1057 ές”Αβας
614 999 691 1051 τὰς
727 1000 927 1048 Φωκέων,
958 998 1061 1050 τοὺς
1095 999 1141 1042 δὲ
1172 1000 1472 1057 έςΔωδώνην·

184 1082 227 1124 οἱ
248 1082 293 1124 δέ
319 1097 431 1131 τινες
462 1080 702 1138 ἐπέμποντο
733 1080 852 1135 παρά
882 1096 926 1124 τε
952 1077 1222 1135 Ἀμφιάρεων
1251 1081 1321 1124 καὶ
1352 1081 1496 1137 παράὅ

139 1273 359 1327 Κυαξάρεω
397 1273 590 1325 ’ἡγεμονίη
621 1290 657 1314 κ.
686 1291 717 1314 τ.
742 1275 791 1327 λ.]

138 1333 435 1371 UnusSancrosti
446 1333 535 1369 liber
551 1327 790 1385 Ἀστυάγεω,

139 1391 238 1440 quod
265 1393 417 1439 propter
450 1388 580 1425 Ionum
599 1396 793 1427 consuetu-

138 1447 262 1483 dinem
281 1446 319 1482 in
347 1440 597 1496 Καμβύσεω,
628 1441 794 1494 Κυαξά-

138 1517 213 1555 ρεω
229 1531 240 1550 ,
271 1501 369 1550 aliis,
390 1503 488 1539 haud
507 1502 673 1552 displicet
683 1503 793 1541 W'es-

136 1559 301 1608 selingio.
359 1559 391 1596 V
395 1560 442 1596 id.
465 1558 595 1596 Matth.
634 1560 701 1596 Gr.
724 1561 790 1597 Gr.

138 1615 176 1667 ἓ.
195 1618 246 1657 91
264 1628 350 1665 pag.
379 1615 471 1657 195.
509 1616 569 1652 Ad
596 1629 792 1665 argumen-

139 1678 216 1709 tum
237 1674 330 1709 conf.
348 1672 386 1719 I,
404 1675 456 1714 95
477 1686 558 1722 sqq.
586 1675 667 1713 128
686 1687 790 1723 seqq.

193 1729 431 1780 καταλαβεῖν
461 1726 594 1768 αὐτῶν
625 1725 791 1777 αὐξανο-

138 1783 263 1837 μένην
286 1782 360 1835 τῆν
388 1781 586 1837 δύναμιν]
619 1789 792 1825 καταλα-

138 1843 225 1893 βεῖν
255 1842 348 1879 male
380 1855 401 1878 a
418 1844 597 1880 nonnullis
614 1848 792 1881 mutatum

136 1900 175 1936 in
217 1913 316 1937 κατα
330 1899 355 1949 β
366 1901 479 1938 αλεῖν
490 1931 500 1947 ,
581 1900 789 1937 melioribus

138 1956 245 1993 codd.
274 1956 419 2001 invitis3
447 1952 684 2007 xataaasssfla
713 1958 790 1995 iure

137 2016 258 2049 tuetur
298 2012 563 2062 u'esselingius
617 2014 794 2051 coercendi

140 2072 177 2106 et
215 2069 448 2118 compescendi
484 2071 633 2107 notione
675 2071 790 2120 (quia

138 2125 299 2162 nondum
344 2139 407 2163 rex
452 2128 572 2163 animo
620 2129 790 2164 versabat

138 2181 351 2231 gliscentem
377 2182 572 2221 Persarum
588 2185 790 2234 potentiam

139 2240 324 2288 opprimere
362 2252 404 2276 ac
431 2253 582 2289 prorsus
620 2245 788 2290 evertere,

139 2295 206 2332 sed
225 2308 305 2332 eam
324 2296 447 2345 potius
464 2297 618 2335 accisam
639 2301 675 2335 et
688 2311 789 2336 coer-

138 2351 245 2388 citam
261 2365 539 2402 repressamque
556 2355 601 2391 ab
622 2354 699 2391 aliis
727 2368 789 2392 ex-

138 2408 385 2458 peditionibus
405 2409 583 2459 volebat),
598 2414 693 2449 teste
704 2412 789 2448 Sui-

140 2464 207 2512 (Ιέι,
254 2465 313 2502 ubi
340 2470 413 2503 est:
443 2465 674 2518 κατέλαβεν·
704 2466 788 2508 ε’πὲ-

139 2520 278 2571 λαβεν,
309 2521 442 2573 ἐπέσχε
452 2525 524 2573 τῆς
537 2522 673 2575 ὁρμῆς.
689 2524 786 2562 Add.

138 2575 277 2614 Herod.
298 2578 344 2626 V,
354 2581 419 2620 21.
449 2580 528 2618 coll.
547 2581 620 2629 ΙΙΙ,
638 2583 704 2623 36.
719 2582 785 2624 52.

139 2630 207 2668 VII
219 2662 229 2680 ‚
250 2636 275 2674 9
295 2639 361 2672 etc.

195 2687 288 2736 τούς
310 2688 353 2729 δὲ
372 2688 545 2744 ἒςἍβα
558 2708 578 2740 ς
597 2689 667 2740 τοὶς
699 2695 786 2733 Φω-

140 2740 262 2790 κέων]
292 2746 431 2786 Urbem
459 2755 636 2788 memorat
653 2751 788 2789 hancce

141 2797 277 2838 Noster
302 2802 404 2851 VIII,
431 2809 497 2847 27.
519 2808 585 2848 33.
611 2807 704 2854 134,
724 2808 786 2845 ubi

139 2855 211 2893 vid.
239 2857 345 2896 Clara
372 2861 440 2898 suit
461 2861 639 2913 Apollinis
659 2876 787 2901 oracu-

139 2910 196 2958 10,
225 2913 322 2950 cuius
342 2916 450 2956 etiam
467 2918 714 2959 Romanorum
725 2933 787 2959 ae-

860 1280 936 1314 tate
961 1290 1121 1313 summus
1140 1275 1278 1321 honor,
1308 1280 1403 1314 teste
1419 1276 1518 1315 Pau-

860 1334 964 1370 sania
984 1334 1039 1381 X,
1060 1334 1126 1374 35.
1157 1333 1354 1384 Templum
1385 1347 1408 1370 a
1427 1334 1518 1372 Per-

861 1391 911 1426 sis
928 1391 1121 1440 spoliatum
1142 1403 1184 1427 ac
1204 1395 1386 1427 vastatum
1405 1391 1516 1441 paulo

859 1451 947 1498 post
972 1452 1212 1484 restauratum
1234 1448 1348 1485 fuisse
1362 1448 1516 1496 videtur,

860 1518 940 1541 cuin
960 1503 1142 1541 Mardonii
1162 1509 1282 1542 aetate
1299 1505 1419 1542 denuo
1434 1518 1517 1541 ora-

859 1561 938 1597 cula
957 1561 1042 1598 inde
1064 1562 1268 1599 ederentur.
1319 1562 1436 1599 Situm
1456 1575 1517 1598 ur-

858 1617 915 1654 bis
944 1618 1146 1668 templique
1179 1619 1316 1668 primus
1348 1622 1515 1656 accurate

859 1674 1001 1711 definiit
1038 1675 1157 1723 Gell.‚
1187 1675 1342 1712 inventis
1377 1676 1515 1726 quippe

858 1731 970 1767 ruinis
1002 1744 1119 1782 prope
1150 1732 1424 1780 Chaeroneam,
1455 1733 1515 1768 ubi

857 1800 954 1824 nunc
966 1788 1096 1836 exiguo
1115 1789 1234 1838 spatio
1254 1789 1395 1825 distans
1414 1790 1513 1825 vicus

858 1844 1042 1880 invenitur
1060 1844 1252 1892 Exarclco,
1282 1845 1344 1894 qui
1373 1846 1421 1882 ad
1449 1845 1514 1882 Li-

858 1901 990 1938 badiae
1008 1902 1180 1939 ditionem
1200 1902 1370 1951 pertinet.
1429 1902 1512 1939 vid.

856 1957 981 1995 Kruse
1007 1958 1136 1995 Hellas
1172 1959 1227 2006 ΙΙ,
1249 1962 1275 2000 2
1306 1972 1342 2008 p.
1359 1958 1413 1999 74
1433 1972 1511 2008 seq.

858 2014 936 2052 coll.
959 2015 1001 2050 C.
1017 2014 1214 2052 O.M«·'111er.
1234 2016 1271 2052 in
1292 2016 1511 2053 Orchoinen.

857 2084 894 2121 p.
925 2070 1006 2113 496
1038 2085 1116 2121 seq.
1141 2094 1198 2099 -
1235 2071 1294 2109 De
1326 2072 1513 2109 Dodonaeo

857 2127 1002 2165 oraculo
1020 2130 1114 2166 conf.
1131 2129 1272 2166 Herod.
1295 2128 1328 2166 II
1339 2158 1350 2177 ,
1368 2129 1433 2170 52.
1455 2129 1511 2171 54

857 2198 935 2234 seq.
1011 2237 1022 2251 Ι
1152 2237 1163 2253 ,
1291 2236 1301 2251 r

912 2256 1021 2292 παρα
1070 2256 1111 2282 τε
1154 2244 1406 2296 Αμφιαρεων
1443 2240 1513 2282 καὶ

856 2296 967 2351 παροὶ
1023 2295 1281 2349 Τροφώνιον]
1342 2300 1512 2349 Uterque

855 2360 958 2393 vates
984 2357 1230 2393 nobilissimus
1258 2370 1301 2393 ac
1329 2362 1415 2406 post
1443 2357 1512 2392 hu-

854 2425 965 2450 mana
983 2413 1058 2449 fata
1077 2414 1113 2449 in
1124 2414 1275 2450 deorum
1294 2417 1437 2450 coetum
1452 2426 1512 2450 re—

856 2473 982 2519 ceptus
994 2498 1003 2516 ‚
1015 2474 1167 2519 uterque
1183 2470 1335 2507 oraculis
1354 2470 1509 2518 insignis

855 2539 923 2563 nec
950 2527 1229 2576 praetermissus
1264 2527 1432 2564 Ciceroni
1463 2527 1510 2564 de

856 2586 930 2619 nat.
961 2583 1080 2620 deorr.
1116 2583 1190 2630 ΙΙΙ,
1219 2585 1282 2624 19.
1339 2583 1510 2632 Amphia-

854 2652 960 2685 ταας,
991 2639 1106 2677 Oiclis
1133 2640 1248 2687 filius,
1286 2640 1510 2690 expeditioni

855 2700 981 2733 contra
1000 2696 1150 2733 Thebas
1181 2700 1373 2747 susceptae
1395 2697 1509 2734 inter-

854 2752 943 2797 fuit3
971 2766 1058 2790 mox
1084 2766 1171 2790 vero
1197 2753 1295 2790 iuxta
1325 2753 1507 2804 Oropum,

853 2808 1030 2847 Boeotiae
1047 2810 1172 2847 urbem
1202 2822 1275 2846 una
1300 2822 1379 2846 cum
1402 2809 1508 2860 plau-

855 2866 962 2913 stris,
993 2867 1124 2916 quibus
1154 2866 1373 2912 vehebatur⁷
1409 2865 1507 2902 terra

853 2925 910 2960 est
930 2923 1091 2961 obrutus.
1160 2922 1217 2960 Ex
1242 2934 1315 2972 quo
1341 2925 1506 2972 tempore
