1759 3324
597 265 818 305 CLIO.
876 265 904 302 1.
1301 268 1387 307 367

0 384 101 431 166
121 380 238 425 Ἐπεί
271 395 316 424 τε
344 378 390 423 δὲ
419 377 460 428 ἐς
489 376 569 433 τήν
598 373 781 429 Κύρνον
811 373 1050 423 οἷπίκοντο,
1081 374 1229 417 οἴκεον
1256 378 1387 432 κοινῇ
1443 385 1501 420 Qui
1532 385 1688 417 ommam

1441 427 1460 454 11
1463 428 1516 446 etv
1518 427 1655 456 enefunt,

123 462 230 517 μετὰ
257 462 343 502 τῶν
370 455 583 511 πρότερον
611 452 890 509 ἀπικομένων
915 452 984 497 ἐπ’
1017 453 1112 497 ἔτεα
1132 452 1281 505 πέντε,
1313 452 1387 498 καὶ
1444 453 1503 495 (1““ἶ“
1507 456 1646 487 quenmo
1657 460 1722 491 P⁰⁸²

1444 494 1464 512 a
1487 486 1655 528 Tvrrhenis
1690 493 1721 518 et

1443 515 1556 548 Cartha
1580 521 1703 550 iniensi-

92 538 198 594 Ωἷρὰ
227 534 525 591 ἐνιδρύσαντο.
554 535 625 578 καὶ
658 534 770 591 ἄγον
798 534 882 591 γὰρ
913 531 967 591 δὴ
996 534 1070 577 καὶ
1092 533 1256 589 ἔφερον
1278 532 1384 585 τοὺς
1441 553 1496 581 bus
1516 554 1719 593 beloaffficti

119 618 368 671 περιοίκους
396 614 614 666 ἅπαντας,
664 613 976 669 στρατεύονται
1015 607 1079 656 ὦν
1119 609 1187 656 ἐπ’
1219 611 1384 665 αὐτοὺς

1439 586 1590 624 Rhegium
1598 578 1720 619 abeunt.

118 698 254 755 κοινῷ
283 693 399 752 λόγῳ
428 693 692 751 χρησάμενοι
727 694 951 751 Τυρσηνοὶ
978 693 1051 737 καὶ
1070 692 1383 749 Καρχηδόνιοι,

90 775 251 831 3νηυσὶ
281 773 478 829 ἑκάτεροι
509 772 729 830 ἑξήκοντα.

791 776 835 819 οἱ
873 774 918 817 δὲ
962 771 1180 824 Φωκαιέες
1215 772 1441 830 πληρώ-35

117 866 266 906 σαντες
293 854 366 898 καὶ
396 852 524 897 αὐτοὶ
554 853 608 897 τοὶ
636 857 796 907 πλοῖα,
827 853 957 898 ἐόντα
986 851 1182 909 ἀριθμὸν
1210 851 1384 909 ἑξήκον-

114 950 187 986 τα,
216 932 422 987 ἀντίαζον
453 933 496 984 ἐς
525 932 575 977 τὸ
605 932 861 988 Σαρδόνιον
890 931 1157 988 καλεόμενον
1185 932 1382 988 πέλαγος.

88 1011 455 1069 4συμμισγόντων
486 1012 532 1056 δὲ
572 1016 625 1070 τῇ
655 1015 894 1071 ναυμαχίῃ,
947 1013 1146 1068 Καδμείη
1183 1029 1247 1063 τις
1284 1013 1384 1068 νίκη

116 1098 230 1136 τοῖσι
267 1095 518 1136 Φωκαιεῦσι
546 1091 725 1149 ἐγένετο.

237 1317 347 1369 Cap.
378 1316 544 1356 CLXVI.

115 1398 211 1453 μετά
244 1403 325 1441 τῶν
356 1396 547 1454 πρότερον
573 1396 713 1441 dmm-

58 1456 188 1510 μένων
211 1453 270 1497 ἐπ’
285 1456 373 1498 ε’τεα
392 1457 569 1509 πέντε]’
551 1454 611 1498 εντ’
626 1458 714 1498 ε’τεα

57 1513 173 1554 πέντε
200 1514 258 1552 hic
279 1519 355 1553 est:
375 1528 438 1565 per
465 1518 616 1566 quinque
645 1529 711 1552 an·-

55 1584 127 1609 nos.
159 1571 218 1608 Cf.
235 1571 367 1609 Matth.
378 1573 444 1610 Gr.
459 1573 523 1609 Gr.
536 1586 572 1623 p.
588 1575 709 1614 1169.

56 1650 112 1657 —-
132 1627 176 1666 In
207 1640 309 1677 seqq.
340 1629 386 1666 de
415 1629 569 1666 formula
599 1626 711 1681 ἄγειν

56 1682 125 1724 καὶ
145 1681 282 1735 φέρειν
305 1684 494 1735 (diripere,
512 1685 712 1734 abducere),

55 1741 142 1778 vide
165 1753 256 1790 quos
287 1741 429 1778 laudavi
455 1742 505 1779 ad
532 1741 711 1779 Plutarch.

55 1795 209 1835 Flamin.
229 1799 321 1838 116.
341 1798 434 1839 253.

111 1855 236 1907 κοινῷ
269 1849 396 1907 λόγῳ]
435 1854 458 1891 i.
480 1866 510 1892 e.
541 1856 714 1892 commum*

56 1910 198 1948 consilio
206 1923 219 1955 ,·
250 1923 345 1959 quae
361 1911 491 1948 eadem
508 1910 591 1948 hinc
615 1911 713 1948 Pau·

55 1967 179 2004 saniae
190 1968 362 2015 frequens
386 1970 442 2004 est
462 1966 607 2004 locutio.
622 1967 711 2004 Plu-

54 2035 96 2060 ra
133 2023 279 2073 collegit
312 2023 478 2061 Siebelis.
505 2023 554 2060 ad
588 2023 624 2072 Ι,
655 2027 709 2066 29

103 2150 226 2191 κοινῳ
209 2129 342 2189 λόγῳ
355 2146 510 2201 χρησαμ
515 2150 598 2176 ενοι
612 2139 710 2189 Τυρ-

56 2191 172 2243 σηνοὶ
191 2207 257 2232 και
276 2188 548 2244 Καρχηδόνιοι
564 2208 599 2232 κ.
613 2209 644 2232 τ.
658 2192 707 2244 λ.]

57 2247 243 2298 Tyrsenos
263 2249 338 2287 sive
357 2249 500 2288 Tuscos
520 2254 606 2287 tunc
615 2255 709 2288 tem-

55 2306 152 2356 poris
170 2306 330 2356 inprimis
355 2305 469 2344 classe
487 2306 641 2344 valuisse
671 2311 708 2345 et

54 2361 93 2400 in
110 2362 178 2401 isto
195 2363 284 2400 mari
306 2363 511 2400 dominatos
535 2377 616 2402 esse
635 2364 707 2401 iam

57 2429 166 2469 supra
188 2419 311 2456 monui
330 2421 379 2457 ad
401 2420 439 2468 Ι,
463 2422 554 2461 163.
594 2421 708 2459 Unde

55 2486 132 2512 non
163 2475 290 2513 mirum
319 2489 383 2514 eos
413 2477 621 2514 coniunctos
652 2478 710 2516 hic

55 2532 204 2580 reperiri
230 2545 309 2570 cum
328 2533 708 2583 Carthaginiensibus,

57 2598 125 2636 per
156 2587 304 2625 inferius
334 2588 431 2627 idem
461 2590 562 2629 mare
591 2592 708 2628 domi—

57 2646 186 2680 nantes
202 2655 268 2681 nec
277 2645 347 2681 ullo
366 2647 477 2683 modo
493 2647 706 2697 alienigenis

57 2697 224 2746 gentibus
234 2701 343 2738 maris
353 2702 507 2740 fructum
526 2704 707 2742 colonias-

57 2765 130 2801 que
156 2755 333 2794 condendi
358 2760 585 2799 occasionem
620 2774 706 2812 per-

56 2808 251 2848 mittentes.
277 2812 403 2863 Itaque
422 2820 552 2866 postea
567 2821 705 2856 utram-

56 2876 130 2912 que
160 2867 340 2906 nationem
363 2872 514 2911 foedere
546 2874 706 2912 iunctam

57 2919 256 2960 invenimus
290 2928 388 2976 apud
419 2927 567 2968 Pindar.
596 2930 726 2979 Pyth..

775 1094 821 1137 αῖ
847 1092 927 1150 μὲν
954 1091 1039 1149 γὰρ
1069 1090 1387 1149 τεσσεράκοντά

783 1289 823 1337 I,
848 1292 927 1333 139
949 1303 1027 1339 seq.
1084 1287 1167 1328 Nec
1195 1303 1283 1328 vero
1313 1304 1439 1330 omnes

783 1346 928 1385 Tuscos
965 1347 1024 1384 hic
1061 1347 1214 1397 intelligi
1247 1347 1323 1384 vult
1347 1348 1439 1386 Nie-

781 1403 929 1441 buhrius
959 1403 1077 1452 (cuius
1106 1403 1225 1440 locum
1246 1405 1441 1455 adscripsit

783 1459 847 1497 Cr.
867 1460 976 1497 Rom.
998 1459 1130 1497 Gesch.
1160 1460 1176 1497 I
1201 1474 1237 1510 p.
1262 1462 1340 1502 130
1360 1474 1437 1511 seq.

780 1518 837 1554 ed.
855 1530 925 1554 sec.
937 1517 980 1565 )‚
1020 1529 1144 1555 verum
1186 1530 1247 1555 eos
1283 1521 1440 1565 tantum,

779 1573 842 1622 qui
862 1573 1031 1623 Agyllam
1062 1573 1281 1621 habitarint,
1313 1574 1440 1613 Caeri-

781 1634 860 1677 tes,
894 1643 987 1679 quos
1009 1630 1117 1667 etiam
1138 1630 1234 1668 solos
1259 1631 1373 1669 scelus
1401 1631 1439 1668 in

780 1686 932 1736 captivis
961 1687 1190 1724 commissum
1210 1688 1320 1726 luisse
1344 1688 1440 1725 infra

781 1741 935 1792 legimus
954 1742 997 1790 I,
1023 1745 1114 1783 167.
1162 1743 1231 1781 Vix
1251 1745 1347 1781 enim
1371 1757 1440 1795 par

781 1803 878 1846 erat,
910 1812 973 1836 eos
994 1812 1152 1850 poenam
1175 1800 1318 1838 sceleris
1337 1801 1438 1848 dare,

781 1856 828 1892 ad
841 1868 932 1904 quos
954 1855 1051 1893 istud
1063 1856 1180 1906 ipsum
1197 1856 1343 1895 minime
1353 1870 1440 1908 per-

780 1911 948 1960 tinuerit,
979 1913 1040 1961 qui
1055 1912 1189 1950 nullam
1208 1913 1338 1964 culpae
1348 1926 1438 1965 par-

778 1971 852 2006 tem
869 1969 906 2005 in
928 1982 968 2006 se
994 1969 1218 2008 admiserint.
1274 1970 1335 2009 De
1357 1972 1438 2009 foe-

779 2025 926 2063 deribus
949 2026 1043 2062 inter
1060 2025 1204 2063 Tuscos
1224 2030 1261 2064 et
1279 2027 1439 2065 Cartha-

778 2081 961 2131 ginienses
993 2081 1056 2119 Cr.
1086 2083 1224 2120 consuli
1252 2083 1331 2122 vult
1353 2096 1442 2122 eun-

777 2139 861 2176 dem
879 2138 1058 2176 Niebuhr.
1089 2139 1107 2176 I
1134 2153 1172 2189 p.
1199 2141 1292 2182 132.
1337 2140 1439 2178 Nam

775 2195 832 2233 vel
857 2193 1062 2233 Aristotelis
1087 2200 1209 2234 aetate
1238 2196 1299 2234 illa
1328 2197 1439 2235 exsti-

777 2252 867 2289 tisse
893 2252 1070 2290 dicuntur.

831 2309 1016 2360 Καδμείη
1034 2324 1094 2355 τις
1112 2308 1206 2360 νίκη
1225 2312 1328 2349 τοῖσι
1347 2312 1437 2351 Φω-

774 2368 952 2412 καιεῦσι]
986 2366 1138 2403 Cadmea
1163 2367 1316 2404 victoria
1346 2367 1437 2405 dici-

775 2426 834 2460 tur
882 2423 952 2471 (ut
982 2422 1318 2472 Schweighaeuseri
1352 2428 1436 2462 utar

774 2478 927 2528 verbis),
949 2492 1096 2529 „quum
1114 2479 1196 2531 plus
1215 2481 1435 2519 incommodi
1456 2502 1458 2505 >

775 2536 916 2586 accepit
942 2537 1078 2583 victor,
1119 2549 1228 2586 quam
1257 2537 1434 2584 intulit;“

775 2592 827 2630 ita
838 2597 879 2629 ut
898 2592 1021 2631 hostes
1044 2593 1183 2631 cladem
1204 2594 1353 2643 quidem
1374 2607 1457 2632 acm

775 2650 940 2700 ceperint
959 2650 1134 2701 priusque
1151 2664 1196 2688 ex
1219 2652 1298 2689 acie
1317 2664 1358 2689 se
1372 2664 1433 2689 re-

774 2707 960 2756 ceperint,
1009 2707 1078 2757 ipsi
1115 2711 1237 2746 tamen
1279 2707 1434 2746 victores

770 2761 1026 2801 Phocaeenses
1046 2767 1120 2801 tam
1138 2764 1263 2801 afflicti
1276 2776 1433 2815 epugna

772 2819 1028 2868 discesserint,
1069 2824 1108 2858 ut
1146 2820 1261 2858 victos
1308 2822 1433 2872 potius

772 2889 882 2925 quam
893 2877 1048 2914 victores
1061 2877 1331 2915 existimaveris.
1347 2877 1432 2914 Vid.

772 2931 995 2982 IVesseling.
1022 2934 1070 2970 ad
1090 2932 1245 2971 Diodor.
1273 2934 1346 2970 Sic.
1365 2932 1453 2979 X1‚1
