1759 3324
331 263 416 303 392

744 257 1216 298 HERODOT1

332 369 488 428 μένην·
547 369 803 421 ἑλκύσαντες
840 368 886 414 δὲ
919 369 1136 419 πλίνθους
1166 366 1340 419 ἱκανάς,
1383 363 1587 422 ὤπτησαν

304 448 474 502 3αὐτὰς
512 448 560 493 ἓν
598 450 831 507 καμίνοισι.
890 447 993 503 μετά
1025 448 1094 500 δὲ,
1144 446 1317 504 τέλματι
1352 443 1588 501 χρεώμενοι

334 527 541 587 ἀσφάλτῳ
559 531 725 586 θερμῇ,
753 527 829 572 καὶ
856 527 930 571 διά
957 525 1191 582 τριήκοντα
1221 523 1370 581 δόμων
1395 524 1589 567 πλίνθου

332 607 522 664 ταρσούς
549 605 758 664 καλάμων
787 603 1180 662 διαστοιβάζοντες,
1229 605 1403 661 ἔδειμαν
1439 606 1588 659 πρῶτα

278 771 504 822 aptissimam
523 772 560 807 et
578 766 707 805 natura
722 766 803 817 ipsa
821 766 927 815 quasi

279 828 436 871 editam3
465 825 535 862 hoc
562 826 688 862 forsan
713 822 830 871 magis
860 822 928 859 mi-

278 895 358 920 rum
388 881 503 918 videri
539 884 670 928 queat,
716 878 928 926 Babyloniis

277 936 470 984 lateribus,
501 936 562 985 qui
587 935 850 972 characteribus
886 933 930 970 li-

279 999 437 1033 terarum
468 993 630 1041 insignes
659 991 783 1028 crebro
811 989 931 1027 adhuc

278 1049 524 1095 inveniuntur,
554 1047 685 1085 similes
714 1047 864 1097 reperiri
891 1047 930 1083 in

279 1105 482 1156 hypogaeis
500 1104 535 1143 T
538 1104 696 1142 hebaicis
715 1107 752 1141 et
771 1104 870 1153 ipsos
888 1102 932 1139 li-

280 1164 366 1201 teris
386 1163 560 1210 insignes.
618 1159 764 1198 Monuit
796 1159 863 1197 Cr.
888 1172 932 1197 ex

279 1219 436 1258 Iomard.
457 1219 494 1254 in
507 1217 688 1267 Descript.
709 1217 756 1253 de
769 1216 931 1266 l’Egypt.

280 1275 420 1325 antiqq.
441 1274 572 1312 V01.11
591 1288 628 1325 p.
652 1275 748 1314 368.
776 1271 836 1311 De
853 1271 931 1309 aliis

281 1332 447 1370 fictilibus
456 1330 743 1381 Babyloniorum
761 1329 931 1379 operibus

280 1388 379 1426 idem
406 1387 531 1425 laudat
566 1385 738 1424 Paciaudi
777 1385 815 1422 in
848 1384 933 1421 Μο-

282 1457 417 1482 numm.
439 1443 641 1493 Peloponn.
666 1441 722 1489 ΙΙ,
744 1442 799 1484 39
829 1445 867 1479 et
886 1441 933 1479 de

283 1500 578 1550 inscriptionibus
611 1498 785 1545 laterum,
823 1497 934 1534 Mun-

282 1562 350 1595 ter.
367 1555 558 1605 Antiquar.
577 1554 772 1593 Abhandll.
794 1567 832 1606 p,
854 1555 935 1595 127

283 1626 387 1663 seqq.
420 1612 513 1654 135.

341 1665 572 1715 ἑλκύσαντες
624 1664 668 1708 δὲ
714 1664 934 1716 πλίνθους]

284 1721 440 1765 ἓλκύειν
468 1726 666 1771 πλίνθους
697 1727 831 1773 aequat
860 1724 938 1760 sere

283 1780 519 1821 Latinorum:
548 1781 671 1818 ducere
689 1780 837 1828 lateres,
856 1778 939 1817 No-

284 1843 438 1878 strates:
468 1837 596 1887 Ziegel
622 1837 801 1875 streiclien.
857 1834 940 1874 Nec

291 1895 467 1933 differunt
489 1889 777 1942 πλινθουλκὸς,
818 1894 939 1932 πλιν-

285 1955 497 2000 θουλκεῖν,·
525 1964 619 2001 quae
638 1964 659 1988 e
675 1950 811 1986 Polluc.
833 1949 939 1985 Ono-

285 2012 392 2045 mast.
413 2007 506 2055 VH,
537 2008 617 2049 163
642 2006 767 2043 laudat
787 2004 938 2042 wesse-

288 2063 443 2112 lingius,
481 2062 552 2100 alia
582 2062 762 2112 quaedam
796 2060 937 2098 addens

288 2132 310 2157 e
327 2118 468 2156 Latinis
489 2118 735 2169 scriptoribus.
771 2116 871 2154 Infra
890 2114 937 2163 ΙΙ,

290 2176 372 2218 136
401 2178 456 2212 est
478 2174 677 2220 πλίνθους
707 2171 886 2226 ε’ίρυσα
899 2185 937 2219 ν,

289 2231 420 2269 eodem
448 2243 577 2277 sensu,
609 2242 763 2280 quocum
791 2240 939 2279 compa-

290 2291 347 2325 rat
374 2286 596 2335 Wesseling.
618 2285 775 2323 Nahum.
795 2285 859 2332 ΙΙΙ,
871 2286 936 2326 14.

344 2338 726 2395 τέλματιχρεοόμενοι
747 2336 936 2395 ἀσφάλτῳ

290 2397 451 2453 θερμῇ]
483 2399 506 2436 i.
528 2412 560 2437 e.
583 2398 647 2435 luti
672 2411 700 2435 s.
721 2397 824 2436 calcis
844 2398 938 2444 loeo,

290 2457 364 2506 qua
394 2454 536 2503 singula
571 2454 740 2503 coniungi
776 2458 814 2492 et
841 2466 939 2492 com-

289 2511 393 2564 pingi
409 2511 548 2558 solent,
566 2511 758 2548 utebantur
774 2510 940 2561 asphalto

293 2567 410 2606 calida
430 2581 458 2605 s,
477 2567 651 2604 bitumine
669 2566 795 2604 calido.
822 2566 943 2605 Nam-

291 2637 364 2674 que
382 2624 484 2672 regio
502 2623 572 2660 ista
590 2636 671 2660 cum
691 2623 787 2661 ealce
807 2626 942 2671 careat,

290 2680 479 2727 bitumine,
499 2679 599 2729 quod
614 2679 940 2728 frequentissimum

291 2735 362 2773 illic
379 2735 561 2784 hodieque
576 2734 775 2782 invenitur,
802 2736 854 2772 uti
871 2748 941 2786 po-

294 2795 439 2830 tuerunt
475 2794 513 2829 et
551 2803 593 2829 re
628 2803 714 2828 vera
750 2791 806 2828 usi
844 2796 939 2829 sunt.

293 2847 488 2886 Praeterea
505 2846 606 2895 ligno
625 2859 667 2884 ac
684 2847 817 2885 truncis
829 2876 840 2895 ,
860 2848 942 2897 qui-

296 2904 361 2943 bus
388 2904 437 2943 ad
461 2903 626 2942 aedificia
649 2904 822 2941 struenda
848 2916 940 2955 opus

995 771 1064 815 est,
1094 780 1175 805 cum
1193 779 1311 816 aeque
1334 770 1458 805 careat
1484 765 1555 803 ista
1587 778 1647 804 re-

995 824 1056 872 gio
1078 823 1308 873 planissima,
1337 822 1552 860 arundinum
1571 834 1649 859 cra-

994 884 1050 917 tes
1066 880 1206 917 illorum
1230 878 1310 915 loco
1338 879 1523 929 stipabant
1555 878 1649 916 inter

994 934 1147 972 laterum
1185 934 1350 981 ordines,
1401 947 1473 983 quo
1519 935 1650 972 eodem

998 992 1157 1029 ducebat
1188 990 1291 1039 regio
1311 990 1527 1027 arundinum
1555 991 1651 1027 sera-

997 1048 1151 1086 cissima.
1180 1047 1293 1084 Unde
1310 1046 1397 1083 satis
1418 1050 1542 1096 patet,
1570 1046 1652 1082 uni-

997 1116 1140 1142 versam
1158 1103 1251 1140 hanc
1269 1102 1432 1139 struendi
1459 1106 1651 1140 consuetu-

999 1161 1122 1199 dinem
1141 1173 1221 1197 cum
1248 1163 1367 1196 terrae
1386 1159 1500 1209 ipsius
1527 1157 1651 1196 indole

999 1218 1051 1255 ita
1083 1216 1295 1263 convenire,
1337 1218 1380 1252 ut
1418 1214 1516 1252 aliud
1545 1215 1654 1264 quid-

1000 1274 1100 1325 piam
1119 1273 1238 1310 locum
1263 1271 1400 1309 habere
1422 1284 1497 1308 non
1522 1276 1653 1322 potue-

999 1331 1066 1377 rit,
1095 1342 1163 1366 nec
1181 1329 1309 1366 mirum
1336 1328 1381 1365 sit
1406 1327 1589 1377 hodieque
1609 1340 1654 1366 ex

999 1386 1188 1424 ruderibus
1201 1385 1344 1422 aedium
1352 1384 1655 1433 Babylonicarum

1001 1443 1176 1493 dispersis
1192 1441 1364 1489 cognosci
1381 1453 1493 1490 posse
1504 1469 1516 1487 ‚
1544 1453 1654 1490 quam

1000 1511 1085 1537 vere
1115 1498 1162 1536 de
1192 1498 1247 1534 his
1269 1497 1459 1534 tradiderit
1482 1497 1655 1534 historiae

1001 1559 1117 1606 pater.
1152 1555 1211 1592 Cf.
1236 1553 1395 1591 Heeren.
1415 1552 1437 1589 l.
1456 1553 1479 1590 l.
1504 1567 1541 1603 p.
1562 1552 1655 1594 147.

1005 1611 1087 1653 148
1108 1611 1186 1648 coll.
1208 1611 1286 1651 187
1309 1623 1385 1659 seq.
1414 1609 1656 1647 Ritter.Erd-

1004 1667 1130 1704 kunde
1155 1666 1190 1704 ΙΙ
1216 1679 1302 1716 pag.
1321 1666 1413 1706 148.
1442 1685 1499 1694 —-
1526 1665 1587 1704 De
1613 1677 1657 1702 a·-

1007 1723 1146 1774 splcalto
1171 1723 1235 1772 qui
1254 1722 1416 1771 egerint,
1444 1735 1508 1760 eos
1536 1721 1658 1759 citavit

1007 1781 1211 1818 Creuzerus
1237 1779 1287 1816 ad
1309 1778 1470 1816 Bekkeri
1498 1778 1657 1829 Specim.

1006 1835 1215 1875 Philostrat.
1232 1848 1318 1886 pag.
1339 1835 1393 1876 83
1409 1838 1486 1872 not.

1061 1890 1130 1932 καὶ
1169 1888 1234 1931 διά
1275 1887 1487 1943 τριήκοντα
1518 1885 1657 1942 δόμων

1004 1949 1181 1988 πλίνθου
1201 1944 1372 1999 ταρσούς
1391 1942 1582 1997 καλάμων
1601 1948 1658 1987 δι-

1005 2000 1326 2055 αστοιβάζοντες]
1358 2004 1554 2054 „Simplex
1578 2017 1660 2042 ver-

1003 2062 1090 2099 bum
1129 2057 1428 2111 στοιβάζειν
1468 2060 1658 2098 Scholiast.

1004 2116 1155 2155 Lucian.
1177 2117 1216 2153 in
1234 2117 1379 2167 Catapl.
1396 2121 1423 2154 t.
1445 2116 1498 2154 III
1520 2130 1557 2168 p.
1577 2119 1659 2158 179

1006 2175 1065 2212 ed.
1101 2174 1250 2224 Bipont.
1275 2173 1426 2223 exponit
1455 2169 1658 2222 πυκάζειν,

1005 2226 1283 2280 περιβάλλειν,
1317 2226 1525 2281 στεγάζειν,
1550 2225 1659 2268 σκιά-

1006 2287 1124 2333 ζειν.“
1163 2286 1229 2323 Cr.
1284 2284 1345 2323 Ad
1382 2283 1518 2337 δόμων
1554 2290 1659 2323 notat

1007 2344 1207 2380 Grammat.
1233 2342 1394 2380 Graecus
1425 2343 1461 2379 in
1495 2342 1659 2380 Bekkeri

1005 2398 1169 2437 Anecdd.
1200 2398 1217 2435 Ι
1248 2412 1284 2449 p.
1308 2401 1384 2447 89,
1413 2400 1458 2440 8:
1499 2394 1654 2448 δόμων·

1007 2450 1083 2512 0ρκ
1106 2453 1172 2494 ἐπὶ
1199 2457 1272 2505 τῆς
1292 2454 1442 2503 οἰκίας,
1470 2450 1554 2494 ἄλλ’
1585 2450 1657 2506 ἐφ’

1008 2512 1057 2551 οὑ
1081 2510 1110 2562 ἦ
1132 2507 1332 2561 συνήθεια
1358 2507 1506 2550 τάττει·
1543 2507 1657 2562 Ἡρό-

1009 2568 1123 2614 δοτος
1143 2563 1285 2619 πρώτῳ
1307 2567 1376 2607 καὶ
1399 2565 1566 2621 δευτέρῳ
1589 2567 1657 2617 (ΙΙ,

1010 2625 1123 2673 127).
1189 2624 1281 2661 Inde
1318 2619 1443 2675 δόμος
1481 2625 1658 2663 πλίνθου

1008 2683 1084 2728 est,
1136 2679 1338 2730 explicante
1375 2680 1658 2729 Wyttenbachio

1007 2737 1046 2773 in
1070 2734 1206 2774 selectt.
1228 2735 1371 2773 historr.
1389 2749 1475 2786 pag.
1485 2737 1581 2785 353,
1603 2750 1660 2774 or-
1708 2754 1711 2756 ·

1007 2791 1053 2829 do
1073 2792 1223 2830 laterum
1241 2805 1270 2829 s.
1292 2804 1366 2830 una
1385 2792 1479 2831 linea
1499 2793 1658 2842 singulo-

1008 2861 1087 2886 rum
1121 2847 1268 2885 laterum
1294 2848 1451 2899 deinceps
1479 2851 1586 2887 iuxta
1622 2862 1659 2886 se

1008 2906 1156 2942 invicem
1177 2907 1389 2955 positorum,
1419 2909 1459 2942 ut
1484 2905 1523 2944 in
1552 2905 1658 2944 simili
