1759 3324
364 236 448 278 672

365 347 585 402 σχίσαντες
613 349 732 404 παρὰ
763 346 844 405 τὴν
881 344 1103 402 λαπάρην,
1133 346 1176 399 ἐξ

306 522 433 559 volunt
457 535 559 569 esse,
573 521 673 571 quod
691 520 823 558 Strabo
836 521 960 568 (XVII

306 591 344 628 p-
365 580 446 619 808
478 593 505 615 s.
533 580 658 623 1158)
689 578 836 624 Syenen
865 578 960 614 inter

307 640 417 682 atque
438 634 560 670 Philas
592 647 630 671 se
652 635 833 682 reperisse
848 638 960 670 testa-

306 695 366 726 tur
384 692 529 738 nigrum
548 703 589 726 ac
607 691 758 734 durum,
780 702 874 738 quae
893 690 960 724 du-

306 747 407 782 rities
438 751 536 782 certe
576 746 682 782 valde
719 746 887 793 congruit
927 745 959 781 ei

306 803 405 848 usui,
443 803 497 839 cui
525 803 737 839 Herodotus
759 802 958 838 adhibitum

306 871 387 895 esse
416 858 513 895 illum
552 859 685 895 scribit.
748 858 797 895 Et
824 858 958 907 reperti

305 920 389 951 sunt
409 916 534 964 utique
563 917 600 952 in
619 915 758 952 mumiis
780 914 957 952 eiusmodi

304 971 406 1008 cultri
437 985 481 1009 ex
512 972 726 1022 Aethiopico
760 986 787 1009 s.
805 972 957 1020 Syenita

302 1028 425 1077 lapide
446 1029 609 1066 confecti.
669 1028 751 1064 vid.
783 1028 955 1065 Creuzer.

303 1084 326 1121 l.
343 1085 366 1120 l.
384 1085 470 1133 ibiq.
485 1085 697 1135 Caryophil.
711 1086 756 1122 de
767 1097 955 1122 marmorr.

302 1154 390 1191 pag.
406 1143 460 1182 38
483 1155 554 1190 seq.
590 1143 767 1190 Bottiger.
788 1142 901 1178 Ideen
923 1154 955 1177 z,

302 1198 409 1234 Arch.
446 1199 482 1235 d.
511 1198 639 1236 Maler.
678 1211 763 1248 pag.
793 1201 847 1239 72
878 1197 956 1234 coll.

302 1254 564 1293 Blumenbach.
585 1256 622 1292 in
644 1255 746 1292 Gott.
767 1254 914 1303 Magaz.
940 1253 957 1291 I

360 1368 671 1420 παρασχίσαντες
688 1365 797 1420 napo?
808 1364 880 1418 τήν
893 1369 958 1405 λα-

303 1422 451 1476 πάρην]
480 1426 588 1472 „Qui
607 1426 674 1462 hoc
689 1427 855 1471 faciebat,
874 1425 958 1461 hinc

302 1482 569 1533 παρασχίστης
597 1483 726 1519 dicitur
755 1483 907 1519 Diodor.
930 1481 956 1528 l,

302 1540 367 1579 91-
386 1561 443 1566 —-
471 1535 674 1590 Λαποῖρην
701 1539 785 1576 dicit
816 1542 957 1588 partem

301 1596 446 1634 mollem
480 1596 574 1632 inter
605 1609 688 1633 ossa
728 1595 883 1646 pectoris
918 1598 955 1630 et

302 1666 386 1689 ossa
402 1653 501 1688 ilium
519 1653 754 1690 interiectam.
776 1673 832 1679 —-
862 1651 955 1687 Illud

300 1709 534 1746 memorabile
546 1738 556 1757 ,
574 1710 619 1746 ab
638 1709 829 1745 Herodoto
845 1720 955 1744 unam

300 1767 552 1802 tantummodo
575 1767 784 1802 incisionem
805 1764 955 1814 agnosci

301 1823 367 1859 sub
384 1827 564 1859 costarum
581 1829 686 1872 parte
698 1824 851 1868 factam,
868 1835 955 1858 con-

299 1884 356 1915 tra
375 1880 411 1915 in
436 1880 577 1929 pictura
604 1893 648 1916 ex
677 1880 832 1915 mumiae
850 1880 952 1915 invo-

301 1936 400 1972 lucro
440 1937 605 1973 desumta
641 1937 740 1986 apud
786 1935 951 1972 Kircher.

300 1993 394 2029 Oed.
414 1991 505 2041 Aeg.
534 1992 583 2028 ΙΙΙ
607 2005 693 2042 pag.
713 1992 812 2038 512,
845 2004 953 2040 quam

298 2062 415 2099 nuper
427 2050 665 2086 exhibuerunt
682 2049 839 2086 editores
847 2048 953 2085 Win-

299 2105 501 2142 ckelinann.
532 2105 614 2143 hist.
638 2110 704 2141 art.
735 2105 750 2141 l
777 2105 889 2141 tabul.
910 2108 949 2150 2,

298 2163 423 2198 incisio
441 2163 482 2198 fit
502 2175 612 2210 supra
629 2161 832 2198 umbilicum
844 2190 854 2207 ,
885 2174 952 2198 nec

297 2219 414 2255 minus
439 2218 623 2267 Gryphius
651 2218 821 2254 miliniam
846 2217 953 2254 Wra-

297 2275 541 2312 tislaviensein
568 2275 604 2310 in
632 2274 725 2311 linea
758 2274 840 2310 alba
865 2275 953 2310 inci-

298 2344 373 2367 sam
398 2332 509 2368 refert
535 2344 570 2380 p.
591 2332 656 2371 52.
705 2331 810 2374 Quae
831 2331 860 2367 si
887 2331 953 2367 ad-

297 2389 438 2434 mittas,
473 2400 545 2436 quo
565 2387 746 2424 Herodoti
773 2387 857 2424 fidei
884 2399 952 2437 pa-

297 2444 506 2491 trocineris,
546 2444 649 2481 binas
684 2444 874 2480 incisiones
914 2444 951 2480 in

298 2513 368 2535 uno
397 2501 600 2549 eodemque
631 2501 808 2537 cadavere
836 2501 950 2536 factas

298 2556 430 2592 dixeris
470 2569 619 2593 necesse
656 2561 722 2594 est.
778 2556 828 2593 At
864 2569 949 2593 vero

297 2615 460 2661 praestat
498 2613 533 2648 in
574 2614 694 2649 medio
733 2613 950 2661 relinquere,

297 2681 391 2716 quae
411 2680 453 2704 ex
476 2669 732 2704 recentioribus
759 2673 795 2705 et
817 2669 949 2717 partim

296 2725 452 2760 fortasse
471 2724 677 2771 mangoniis
690 2724 832 2760 mumiis
854 2725 948 2761 refe-

296 2785 444 2827 runtur,
476 2784 512 2817 et
534 2780 805 2830 circumspicere
825 2780 945 2829 potius

296 2849 488 2886 germanas
505 2849 548 2873 ex
563 2836 753 2874 Thebaicis
773 2835 945 2885 sepulcris

296 2898 428 2931 erutas.
467 2892 588 2944 Atque
606 2893 643 2930 in
664 2893 706 2931 iis
722 2905 831 2930 unam
851 2892 945 2930 dun-

766 235 1247 276 HERODOTI

1209 340 1271 390 ὦν
1301 344 1418 390 εἷλον
1435 347 1515 404 τήν
1532 364 1626 392 κοι-
1638 352 1684 389 4ο

1027 523 1128 556 taxat
1181 520 1391 559 incisionem
1450 520 1683 558 offenderunt

1026 576 1256 626 Francogalli
1286 591 1440 627 eamque
1467 579 1504 615 in
1534 578 1682 614 sinistra

1028 635 1188 681 corporis
1222 639 1326 684 parte
1364 636 1518 681 factam,
1557 639 1596 670 ut
1625 637 1683 671 est

1028 689 1127 736 apud
1155 689 1307 727 Diodor.
1322 719 1332 737 ,
1368 691 1584 727 testantibus
1604 690 1680 726 Vil-

1027 743 1149 780 loteau
1179 758 1235 794 ap.
1267 747 1411 784 Silvest.
1436 748 1483 783 de
1512 748 1607 795 Sacy
1632 748 1678 784 ad

1027 800 1238 838 Abdallatif.
1259 802 1339 838 Rel.
1368 804 1414 840 de
1435 803 1527 851 l’Eg.
1559 809 1645 839 tom.
1666 803 1680 839 [

1026 869 1063 904 p.
1083 860 1135 897 20
1165 864 1200 894 et
1221 859 1356 907 Royer.
1390 859 1426 894 in
1445 859 1613 909 descript.
1633 860 1679 896 de

1025 912 1118 960 l’Eg.
1140 913 1217 950 livr.
1239 914 1275 950 X
1303 929 1338 964 p.
1362 915 1453 955 215.
1514 916 1680 958 Quorum

1025 968 1082 1005 hic
1102 971 1253 1007 mumias
1274 971 1384 1007 etiam
1406 972 1564 1021 reperit,
1585 984 1680 1020 quae

1024 1025 1160 1063 nullum
1188 1027 1371 1064 incisionis
1399 1028 1590 1077 Vestigium
1618 1041 1681 1065 ex·-

1024 1081 1225 1120 hiberent.“
1242 1084 1372 1121 CreuZ.
1398 1084 1457 1122 l.l.

1082 1138 1120 1186 ἐξ
1147 1134 1203 1178 οἷν
1225 1136 1330 1179 εἷλον
1348 1138 1420 1191 τήν
1435 1140 1589 1191 κοιλίην
1602 1143 1678 1179 πᾶ-

1026 1194 1122 1246 σαν]
1155 1197 1284 1235 κοιλία
1305 1203 1465 1235 ventrem
1479 1198 1625 1247 quidem
1641 1201 1679 1235 et

1025 1251 1145 1289 alvum
1167 1254 1367 1302 significat,
1397 1255 1554 1304 indeque
1570 1255 1677 1291 etiam

1025 1309 1221 1358 intestina,
1261 1323 1356 1359 quae
1381 1311 1461 1348 alvo
1490 1311 1680 1348 continen-

1025 1370 1093 1403 tur.
1153 1367 1228 1403 Sed
1250 1380 1336 1404 cave
1352 1369 1477 1404 credas
1497 1367 1678 1405 Herodoti

1027 1436 1105 1459 eam
1134 1437 1214 1461 esse
1241 1425 1479 1472 sententiam,
1510 1437 1554 1461 ac
1575 1425 1604 1461 si
1621 1424 1678 1460 in-

1025 1481 1183 1527 testina,
1226 1495 1268 1519 ex
1290 1480 1369 1516 alvo
1401 1485 1561 1528 exemta,
1591 1481 1676 1518 dein

1025 1542 1182 1585 purgata
1202 1550 1243 1574 ac
1262 1538 1345 1573 vino
1363 1537 1479 1585 eluta,
1502 1551 1626 1574 rursus
1639 1538 1676 1573 in

1025 1594 1176 1630 cavitate
1189 1593 1327 1631 ventris
1345 1595 1476 1631 fuerint
1494 1594 1676 1643 reposita;

1022 1654 1131 1699 prout
1151 1650 1216 1686 viri
1237 1650 1384 1699 quidam
1404 1651 1499 1687 docti
1523 1663 1676 1687 censue-

1022 1710 1117 1742 runt.
1149 1707 1267 1750 Quem
1281 1707 1375 1744 enirn
1392 1708 1520 1757 κοιλίη
1534 1706 1674 1755 (alvus)

1022 1763 1137 1812 primo
1167 1763 1246 1800 loco
1272 1764 1396 1813 utique
1423 1764 1557 1801 indicet
1585 1765 1675 1800 inte-

1023 1821 1141 1866 stina,
1171 1833 1263 1869 quae
1291 1821 1427 1857 fuerint
1448 1824 1610 1867 exemta,
1636 1821 1674 1857 in

1019 1877 1139 1913 verbis
1167 1872 1462 1931 ἐκκαθήραντες
1483 1874 1525 1915 δὲ
1547 1872 1674 1927 αὐτήν

1021 1949 1055 1972 κ.
1066 1948 1095 1970 τ.
1110 1936 1141 1970 λ.
1161 1947 1285 1970 vocem
1305 1929 1432 1984 αὐτήν
1452 1935 1500 1970 ad
1517 1933 1672 1982 κοιλίην

1021 1990 1168 2039 quidem
1196 1991 1426 2028 referendam
1452 2004 1531 2028 csse
1557 1993 1673 2040 patet,

1023 2047 1088 2083 sed
1107 2047 1155 2082 ita
1175 2052 1212 2083 ut
1233 2047 1361 2097 κοιλίη
1375 2047 1597 2095 intelligatur
1611 2059 1673 2083 ca-

1020 2106 1116 2140 vitas
1147 2105 1306 2150 ventris,
1347 2116 1369 2140 a
1398 2116 1470 2152 qua
1499 2104 1673 2141 intestina

1022 2173 1064 2196 ac
1095 2160 1234 2196 viscera
1261 2165 1364 2197 erant
1396 2163 1548 2197 exemta.
1612 2158 1672 2195 Ad

1018 2217 1112 2253 hanc
1131 2217 1240 2264 igitur
1254 2217 1443 2253 cavitatem
1461 2216 1596 2252 ventris
1614 2228 1673 2252 re-

1019 2274 1171 2310 ferenda
1190 2278 1289 2319 sunt,
1311 2285 1404 2321 quae
1426 2273 1472 2309 de
1493 2284 1672 2322 expurga-

1019 2330 1131 2375 tione,
1151 2328 1308 2366 elutione
1326 2334 1362 2366 et
1380 2329 1584 2366 extersione
1603 2328 1674 2365 alvi

1019 2385 1158 2423 Noster
1188 2386 1334 2431 scribit,
1365 2385 1511 2422 minime
1539 2385 1586 2421 ad
1614 2385 1671 2421 in-

1018 2443 1151 2479 testina
1171 2442 1263 2492 ipsa,
1281 2442 1410 2491 quibus
1433 2442 1519 2490 quid
1536 2443 1670 2478 factum

1019 2499 1083 2545 sit,
1123 2504 1320 2548 postquam
1348 2502 1489 2535 exemta
1517 2498 1667 2544 fuerint,

1018 2556 1187 2603 egregius
1211 2556 1317 2591 docet
1347 2553 1539 2603 Porphyrii
1569 2553 1667 2590 locus

1016 2613 1062 2649 de
1083 2612 1213 2647 abstin.
1229 2623 1286 2647 an.
1308 2609 1369 2657 lV,
1382 2613 1406 2650 9
1428 2612 1521 2658 (10)
1533 2624 1569 2660 p.
1585 2612 1667 2651 329

1018 2681 1093 2716 seq.
1123 2667 1259 2703 Rhoer.
1290 2666 1463 2714 singulari
1490 2679 1575 2703 cura
1592 2671 1667 2703 tra-

1015 2728 1131 2760 ctatus
1151 2736 1172 2759 a
1194 2723 1378 2759 Creuzero
1408 2722 1430 2758 l.
1456 2722 1480 2758 l.
1504 2735 1589 2772 pag.
1612 2724 1664 2763 31

1014 2792 1092 2828 seq.
1123 2779 1256 2815 Iustam
1274 2792 1359 2817 vero
1376 2779 1580 2816 Herodotei
1598 2778 1668 2815 loci

1011 2835 1366 2885 interpretationem,
1414 2847 1524 2884 quam
1563 2835 1668 2872 dedi-

1012 2904 1104 2941 mus,
1116 2891 1461 2942 Schweighaeusero
1478 2891 1665 2929 debemus.
1723 2934 1729 2936 ,
