1759 3324
537 277 960 319 EUTERPE.
1011 278 1057 314 ll.

1331 280 1412 318 821

159 394 266 448 δρας
295 388 573 447 γενομένους,
624 388 735 443 ἔχειν
772 387 825 429 τὰ
861 385 1039 429 ἐκείνων
1077 384 1299 441 οὐνόματα
1327 389 1416 428 τῶν

127 468 490 526 3προγεγονότων
525 469 655 509 θεῶν.
709 468 794 508 νῦν
834 464 880 508 δὲ
910 463 1136 508 Διόνυσόν
1165 481 1208 507 τε
1239 464 1415 520 λέγουσι

157 552 201 593 οε
225 548 454 601 Ἕλληνες,
514 545 573 595 ὠς
612 541 768 587 αὐτίκα
807 543 1044 599 γενόμενον
1080 543 1121 594 ἐς
1160 543 1238 586 “3²²
1275 542 1417 599 μηρὸν

154 625 419 681 ἐνερῤάψατο
456 623 590 674 Ζεύς,
641 623 713 666 καὶ
745 621 886 679 ἤνεικε
924 624 965 673 ἐς
992 621 1148 666 Νύσαν
1188 622 1279 677 τήν,
1302 619 1414 674 ὑπὲρ

153 703 379 760 Αἰγύπτου
418 702 580 746 ἐοῦσαν
621 701 667 745 ἐν
705 706 759 760 τῇ
788 703 1024 758 Αἰθιοπίῃ·
1071 702 1144 744 καὶ
1183 699 1331 751 Πανός
1369 716 1416 754 γε

153 783 252 839 πέρι
302 781 384 827 οὐκ
431 783 576 838 ἔχουσι
615 783 749 825 εἰπεῖν
787 781 868 837 ὅκη
908 780 1114 835 ἐτράπετο
1164 778 1410 836 γενόμενος.
1426 786 1471 818 90

125 860 263 918 4δῆλά
294 879 368 918 μοι
399 855 462 905 ὦν
491 861 661 917 γέγονε,
692 859 758 904 ὅτι
787 859 972 914 ὕστερον
1001 859 1222 903 ἐπύθοντο
1246 861 1289 902 οἱ
1315 859 1415 901 ΓἙλ,-

154 947 279 999 ληνες
308 941 476 984 τούτων
504 939 556 984 τὰ
592 938 838 996 οὐνόματα,
870 938 897 995 ἢ
926 938 977 982 τὰ
995 943 1081 983 τῶν
1104 937 1250 983 ἄλλων
1270 942 1411 982 θεῶν·

97 1124 337 1180 γενομένους
374 1121 525 1176 ἄνδρας
563 1124 586 1161 i.
623 1137 655 1162 e.
685 1137 751 1162 non

97 1185 169 1221 nisi
188 1183 361 1230 homines,
390 1195 496 1218 meros
513 1181 672 1218 homines.

157 1241 238 1278 τῶν
289 1233 587 1290 προγεγονότων
623 1235 748 1286 θεῶν]

99 1296 158 1334 De
177 1296 245 1332 hac
264 1295 444 1332 Herodoti
464 1295 751 1342 argumentatio-

99 1365 147 1390 ne
165 1353 215 1388 ita
235 1358 359 1388 monet
376 1351 577 1399 Schweigh.
599 1351 645 1386 ad
665 1349 752 1386 h.l.:

98 1407 271 1457 „Negari
296 1420 369 1444 non
395 1411 540 1457 potest,
567 1406 753 1443 Herculem

100 1465 295 1514 Dionysum
334 1468 446 1512 atque
488 1462 620 1499 Panem
660 1463 749 1500 deos

101 1535 181 1559 esse
212 1520 323 1557 multo
352 1520 571 1569 antiquiores
598 1518 657 1555 illa
692 1531 754 1555 ae-

100 1582 199 1625 tate,
221 1589 292 1626 qua
308 1577 384 1613 nati
404 1577 440 1612 in
461 1575 615 1613 Graecia
632 1576 755 1612 ferun-

101 1638 162 1671 tur
206 1633 271 1669 viri
310 1632 451 1669 illorum
503 1632 753 1680 cognomines,

102 1703 194 1739 quos
220 1693 260 1725 ut
294 1690 445 1726 deorum
473 1689 581 1725 choro
620 1688 755 1724 adscri-

104 1750 188 1796 ptos
227 1744 351 1782 colunt
387 1745 548 1782 Graeci:
587 1744 754 1792 adeoque

105 1805 266 1849 constat,
297 1814 376 1838 esse
397 1801 463 1837 hos
492 1800 604 1837 multo
632 1813 755 1836 recen-

103 1859 223 1895 tiores.
282 1857 357 1894 Iam
383 1857 411 1893 si
440 1857 566 1906 priscis
583 1856 757 1906 tempori-

104 1916 170 1952 bus
198 1914 276 1950 noti
304 1914 456 1950 fuissent
489 1913 638 1949 Graecis
660 1912 755 1948 Her-

105 1970 196 2007 cules
215 1970 344 2018 aliquis
364 1974 399 2007 et
418 1969 595 2019 Dionysus
615 1973 651 2005 et
664 1967 755 2016 Pan,

105 2027 156 2064 dii
183 2027 244 2075 qui
272 2026 368 2063 inter
405 2026 565 2062 Graecos
606 2038 757 2073 regnas-

105 2088 205 2130 sent,
237 2087 313 2118 tum
341 2082 398 2129 hi,
430 2082 490 2130 qui
515 2082 580 2118 hos
602 2082 693 2118 deos
713 2093 756 2118 ex

106 2139 263 2176 Graecia
281 2138 380 2188 ipsa,
409 2151 483 2174 non
510 2151 553 2175 ex
572 2137 756 2187 Aegyth

104 2195 323 2246 repetendos
342 2199 518 2241 statuunt,
540 2194 659 2231 dicere
669 2207 757 2244 pos-

106 2256 204 2298 sent,
233 2251 451 2289 recentiores
480 2251 568 2297 hos,
607 2250 756 2287 alterum

107 2307 292 2345 Herculem
321 2336 332 2354 ,
373 2307 521 2343 alterum
550 2306 757 2357 Dionysum,

107 2364 253 2401 alterum
273 2362 425 2411 Panem,
454 2364 654 2413 priscorum
680 2363 758 2400 illo-

108 2433 186 2457 rum
212 2421 358 2457 nomina
385 2424 421 2458 et
460 2420 615 2457 honores
653 2433 759 2457 occu-

109 2489 225 2526 passe.
290 2476 402 2524 Atqui
441 2476 624 2525 antiquior
659 2476 758 2526 apud

113 2532 272 2570 Graecos
295 2532 487 2579 Hercules,
532 2545 639 2581 quam
671 2532 759 2570 Am-

112 2587 310 2637 phitryonis
342 2588 458 2636 filius,
500 2589 633 2625 nemini
652 2594 759 2625 notus

116 2648 193 2690 est,
222 2644 399 2694 Dionysus
418 2658 501 2683 vero
521 2650 559 2682 et
577 2644 668 2692 Pan,
685 2658 760 2681 non

114 2700 222 2736 modo
249 2701 387 2750 prisci,
443 2702 594 2738 Graecis
622 2701 760 2750 ignoti3

119 2755 183 2792 sed
209 2769 254 2793 ne
286 2758 502 2794 recentiores
536 2758 682 2806 quidem
712 2758 762 2804 hi,

118 2823 206 2858 quos
244 2812 366 2848 colunt
386 2842 397 2860 ,
442 2814 530 2850 satis
570 2814 636 2850 illis
687 2813 764 2850 noti

119 2870 218 2912 sunt,
263 2880 305 2904 ac
339 2869 415 2906 sere
452 2870 630 2918 peregrini
667 2869 764 2915 (nisi

120 2922 219 2970 quod
241 2923 277 2959 in
299 2924 453 2961 Graecia
477 2926 553 2961 nati
574 2927 765 2976 putantur)

818 1125 864 1162 ab
883 1124 950 1161 illis
973 1124 1163 1161 habentur.
1223 1123 1336 1160 Unde
1355 1121 1474 1171 colligi

817 1193 886 1231 par
911 1184 990 1226 est,
1032 1180 1139 1216 trium
1160 1180 1360 1230 priscorum
1385 1180 1474 1216 deo-

817 1250 919 1283 rum,
960 1235 1152 1281 Herculis,
1187 1235 1341 1285 Dionysi
1363 1240 1474 1283 atque

820 1292 934 1330 Panis
952 1293 1098 1328 nomina
1118 1297 1154 1329 et
1174 1291 1308 1329 cultum
1330 1291 1473 1328 nonnisi

821 1351 872 1388 eis
902 1351 977 1387 fere
998 1349 1220 1398 temporibus
1246 1349 1400 1398 primum
1420 1348 1474 1384 in-

821 1407 984 1442 notuisse
1004 1405 1181 1451 Graecis,
1211 1404 1342 1453 quibus
1366 1408 1473 1440 natos

820 1463 857 1499 in
875 1462 1033 1499 Graecia
1060 1474 1140 1498 esse
1162 1461 1270 1497 hosce
1297 1460 1475 1497 recentio-

820 1532 878 1556 res
916 1519 1069 1554 istorum
1111 1517 1349 1566 cognomines
1389 1529 1475 1553 con-

822 1576 931 1612 stat.“
952 1596 1007 1601 —

880 1629 933 1676 ὦς
954 1624 1095 1668 αὐτίκα
1113 1624 1342 1681 γενόμενον]
1364 1629 1472 1665 Conf.

822 1687 953 1725 Matth.
975 1687 1040 1723 Gr.
1063 1686 1128 1722 Gr.
1149 1699 1233 1735 pag.
1261 1684 1380 1725 1114.

974 1739 990 1751 *l

878 1742 945 1781 καὶ
963 1756 1097 1792 ηνεικε
1116 1741 1155 1786 ἐς
1177 1737 1336 1791 Νύσαν]
1365 1741 1474 1778 Conf.

822 1800 963 1838 Herod.
1002 1799 1075 1844 Ill,
1103 1801 1156 1839 97
1199 1803 1234 1835 et
1263 1798 1416 1835 Diodor.
1445 1797 1474 1843 I,

827 1857 877 1897 15
908 1855 1029 1904 ibique
1059 1854 1277 1902 W'esseling.
1339 1853 1473 1890 Urbem

825 1911 963 1962 Nysam
998 1913 1072 1948 sive
1107 1908 1262 1960 Nyssam
1300 1911 1366 1957 (ut
1395 1910 1474 1946 aliis

824 1968 971 2019 placet)
1011 1968 1070 2016 qui
1103 1967 1140 2002 in
1176 1968 1256 2016 ipsa
1280 1966 1476 2015 Aethiopia

826 2026 930 2061 sitam
960 2024 1029 2060 hoc
1056 2024 1134 2060 loco
1164 2027 1364 2072 quaerunt,
1413 2035 1476 2059 eos

824 2081 990 2118 frustrari
1008 2084 1143 2130 putem.
1174 2079 1282 2115 Conf.
1300 2078 1476 2115 Schlicht-

823 2137 934 2174 horst.
953 2136 974 2172 l.
993 2135 1016 2173 l.
1046 2149 1130 2186 pag.
1154 2136 1231 2176 175
1251 2148 1326 2183 seq.
1380 2134 1476 2171 Nam

824 2194 872 2231 ad
893 2205 1029 2230 sacram
1052 2193 1099 2229 de
1114 2192 1258 2228 Baccho
1276 2191 1476 2228 doctrinam

826 2248 1085 2286 sacerdotalem
1110 2248 1203 2285 haec
1231 2248 1414 2297 pertinent
1440 2251 1478 2284 et

825 2319 871 2343 ex
906 2317 950 2343 ea
986 2305 1063 2342 sola
1096 2304 1266 2341 illustrari
1294 2308 1476 2353 poterunt.

823 2361 905 2400 Nec
935 2360 1007 2398 ulla
1034 2362 1117 2398 hinc
1155 2361 1336 2397 invenitur
1369 2364 1477 2406 terra,

825 2420 863 2455 in
890 2431 963 2466 qua
993 2431 1066 2454 non
1091 2429 1192 2454 sacra
1217 2417 1352 2453 Bacchi
1381 2417 1478 2463 urbs,

827 2473 955 2525 Nysa,
994 2474 1104 2511 fuerit
1125 2473 1311 2510 collocata.
1370 2472 1480 2509 Plura

828 2532 999 2568 Creuzer.
1028 2531 1064 2566 in
1086 2529 1248 2579 Symbol.
1269 2529 1317 2565 lll
1340 2543 1375 2578 p.
1399 2531 1478 2569 101

829 2601 931 2635 seqq.
968 2586 1059 2627 135.
1105 2586 1157 2623 lV
1184 2599 1270 2635 pag.
1292 2587 1385 2627 237.
1425 2604 1479 2611 -

827 2643 887 2680 Ad
905 2643 1034 2680 verba:
1063 2641 1102 2688 ἐς
1123 2638 1192 2680 ‘cdv
1220 2639 1347 2692 μηρὸν
1375 2638 1479 2689 ἐνεῤ-

831 2695 989 2748 &dipem
1021 2695 1121 2744 Ζεύς
1164 2698 1295 2736 similes
1329 2698 1480 2734 aliorum

829 2757 898 2793 hac
916 2756 953 2792 in
972 2768 1012 2792 re
1027 2754 1229 2791 locutiones
1247 2755 1365 2791 attulit
1374 2753 1480 2789 We>-

832 2812 1024 2860 selingius:
1042 2810 1209 2847 Aristidis
1228 2811 1265 2847 in
1281 2810 1375 2847 laud.
1391 2809 1480 2845 Dio—

831 2869 937 2916 nys.l
960 2870 1072 2917 p.29.
1098 2864 1479 2915 Apollodor.lll,4‚3.

834 2924 950 2975 Orph.
969 2924 1091 2972 hymn.
1111 2922 1272 2970 XLVII,
1293 2924 1331 2963 3.
