1805 3315
313 224 371 264 82

733 216 1198 281 HERODQTI

317 345 484 381 „xovtcc
522 326 615 371 ἔτεα
653 324 792 381 οὕρον
839 329 915 381 τῆς
952 328 1050 382 ζοης
1089 324 1310 383 ἀνθρώπῳ
1347 323 1596 379 προτίθημι.

316 404 474 461 ,,οὗτοι
520 404 660 457 ἐόντες
719 404 910 449 ἐνιαυτοὶ
961 404 1280 462 ἑβδομήκοντα,
1335 403 1597 459 παρέχονται

303 556 414 602 οὗτοι
429 556 554 607 ἐόντες
565 557 738 599 ἐνιαυτοὶ
759 556 928 612 ἑβδομή-

274 633 406 665 κοντα,
427 614 687 668 παρέρχονται
698 632 732 656 κ.
744 632 774 656 τ.
786 620 833 664 λ.]
852 617 930 656 Lo-

275 690 354 712 cum
378 674 660 721 vexatissimum,
685 674 747 723 qui
762 678 817 711 tot
833 674 930 710 viros

275 734 400 768 doctos
412 730 581 778 exercuit,
598 731 772 767 intactum
789 730 930 779 reliqui,

275 786 488 838 praesertim
524 799 604 824 cum
648 786 735 822 nihil
764 787 931 832 habeam,

276 844 375 892 quod
395 843 474 892 ipse
483 844 666 892 proferam
676 842 772 888 novi,
781 855 852 890 quo
863 841 933 877 dif-

275 899 453 936 ficultates
470 899 577 935 huius
594 898 663 934 loci
681 897 865 943 tollantur,
875 897 933 932 vix

275 969 357 993 meo
380 959 476 992 certe
492 955 623 991 iudicio
642 954 837 999 tollendae,
862 952 933 987 nisi

275 1012 421 1049 aliunde
453 1024 553 1049 nova
579 1010 764 1061 praesidia
786 1021 933 1058 compa-

275 1072 411 1106 rentur.
450 1067 544 1104 Cum
572 1068 668 1104 enim
695 1079 738 1104 ex
754 1064 935 1103 Herodoti

275 1124 546 1174 computatione
578 1123 810 1173 septuaginta
850 1120 935 1157 anni

276 1181 468 1218 conficiant
541 1180 682 1217 dierum
756 1190 936 1214 summam

277 1236 436 1283 25200‚
470 1236 613 1273 omissis
641 1235 776 1286 quippe
802 1233 938 1271 mensi-

278 1293 345 1329 bus
374 1292 664 1336 intercalaribus·‚
711 1291 841 1340 quibus
871 1289 937 1326 ad-

277 1349 364 1385 ditis
404 1348 516 1385 altero
555 1359 702 1397 quoque
727 1359 842 1393 ann0,
875 1357 938 1383 ex-

278 1405 411 1441 sistant
438 1403 597 1449 262503
635 1403 696 1439 illo
733 1404 843 1440 modo
873 1414 937 1438 an-

277 1474 346 1497 nus
372 1461 552 1496 constabit
574 1460 701 1496 diebus
719 1461 802 1501 360
823 1458 937 1507 (quae

277 1517 458 1554 Herodoti
487 1529 632 1565 quoque
670 1519 728 1552 est
755 1514 938 1552 sententia

277 1572 351 1620 ΙΙΙ,
381 1573 477 1621 90),
507 1573 575 1608 hoe
607 1572 718 1608 modo
752 1571 834 1612 375
862 1570 938 1607 die-

279 1628 360 1675 bus,
392 1629 491 1677 quod
508 1628 631 1676 utique
649 1628 756 1664 nimis
774 1627 937 1674 longum,

278 1697 346 1720 nec
371 1684 464 1731 tale,
496 1696 568 1731 quo
597 1686 855 1733 tempestatum
879 1694 938 1718 ra-

278 1741 396 1776 tiones
411 1768 420 1786 ,
448 1739 499 1775 uti
517 1740 551 1775 h.
570 1738 592 1775 l.
611 1739 685 1776 vult
704 1739 831 1785 Solon,
860 1750 939 1776 me-

278 1795 344 1831 lius
380 1799 648 1833 conserventur.
713 1795 838 1838 Quare
879 1794 939 1830 vix

278 1864 364 1888 vera
410 1852 456 1888 de
505 1852 655 1900 antiqua
702 1849 938 1887 intercalandi

277 1906 362 1956 lege
395 1907 626 1944 Herodotum
656 1907 855 1943 tradidisse
885 1906 939 1941 vi-

278 1963 380 2009 deri,
409 1963 592 2000 sententia
620 1967 677 2000 est
695 1962 849 1999 W‘urmii
870 1961 937 2009 (de

279 2019 418 2069 pondd.
446 2019 576 2054 ration.
609 2032 645 2068 p.
679 2019 790 2067 170).
839 2017 939 2055 Nam

279 2075 374 2110 infra
393 2074 439 2120 Π,
461 2073 486 2114 4
506 2075 585 2123 ipse
597 2074 809 2111 Herodotus
821 2074 938 2111 Grae-

280 2143 341 2167 cos
360 2131 411 2166 ait
427 2131 534 2166 tertio
559 2142 703 2179 quoque
725 2143 819 2166 anno
836 2143 939 2168 men-

279 2199 358 2223 sem
397 2185 643 2223 intercalarem
676 2187 850 2233 adiicere,
899 2187 938 2223 id

279 2241 380 2291 quod
400 2241 521 2278 huicce
546 2241 624 2278 loco
653 2255 801 2293 prorsus
824 2243 938 2279 refra-

280 2301 409 2345 gatur,
444 2297 504 2333 ubi
527 2297 638 2334 altero
666 2311 812 2347 quoque
840 2310 936 2334 anno

280 2365 444 2390 mensem
471 2353 556 2389 addi
578 2354 652 2390 vult
681 2354 804 2390 Solon.
841 2354 938 2390 Hinc

279 2409 381 2444 vario
410 2409 520 2444 modo
548 2413 583 2445 et
620 2409 698 2446 loco
725 2414 761 2446 et
790 2414 936 2446 senten-

279 2464 354 2500 tiae
381 2464 518 2500 mederi
548 2466 762 2503 studuerunt
784 2466 848 2502 viri
870 2466 937 2502 do-

281 2519 348 2565 cti,
387 2532 478 2568 quos
509 2520 675 2557 laudatos
704 2522 865 2558 invenies
899 2522 935 2557 in

280 2576 516 2613 annotatione
552 2577 784 2626 lVesselingii
826 2582 935 2626 atque

282 2631 482 2679 Schweigh.
517 2633 565 2668 ad
596 2634 630 2669 h.
650 2634 671 2669 l.
730 2635 842 2680 Sunt,
873 2634 934 2683 qui

281 2687 411 2723 erroris
442 2687 603 2725 incusent
629 2690 864 2739 scriptorem,
897 2691 933 2726 in

280 2742 409 2790 quibus
439 2756 546 2780 unum
591 2745 646 2781 hic
679 2747 827 2782 nomino
859 2746 933 2783 Ios.

280 2797 519 2846 Scaligerum,
558 2801 618 2849 qui
658 2801 763 2838 talem
804 2815 932 2839 annum

280 2857 544 2892 commentitium
600 2855 773 2894 Herodoti
827 2862 932 2895 vocat

986 561 1064 610 (De
1081 561 1223 600 emend.
1242 564 1379 610 tempp.
1400 559 1483 597 Lib.
1504 559 1522 596 Ι
1535 562 1642 597 exstr.

985 631 1022 669 p.
1048 618 1101 660 59
1132 619 1229 667 sq.)·,
1258 630 1343 664 nec,
1367 617 1582 667 praesertim
1605 616 1642 651 in

986 675 1146 711 secunda
1172 674 1334 720 ratione,
1364 674 1494 711 erroris
1523 672 1644 722 suspi-

987 731 1090 767 cione
1115 731 1328 779 scriptorem
1345 730 1491 767 liberari
1519 741 1643 779 posse,

986 790 1112 822 nostra
1147 790 1265 823 aetate
1307 786 1493 823 contendit
1526 786 1644 821 Sturz.

987 842 1026 878 in
1043 843 1256 879 defensione
1266 841 1314 878 H.
1325 842 1502 892 Stephani
1511 841 1644 889 (Com-

988 902 1113 934 mentt.
1143 899 1267 934 societ.
1304 898 1427 948 philol.
1464 897 1567 947 Lips.
1598 896 1645 943 Il,

990 957 1018 994 2
1044 967 1080 1003 p-
1109 954 1234 1001 239),
1273 965 1355 990 cum
1383 953 1510 990 Atticis
1539 952 1646 989 Solo-

989 1009 1047 1046 nis
1071 1013 1191 1046 aetate
1210 1021 1285 1045 non
1304 1010 1373 1046 nisi
1400 1011 1482 1051 360
1507 1009 1645 1046 dierum

991 1078 1107 1102 annus
1140 1066 1178 1101 in
1211 1078 1280 1101 usu
1307 1066 1427 1102 fuerit.
1470 1064 1646 1102 Librariis

992 1135 1153 1160 errorem
1178 1121 1287 1158 tribui
1316 1134 1430 1172 posse
1459 1121 1557 1157 idem
1582 1133 1648 1158 ne-

992 1182 1065 1228 gat.
1111 1177 1200 1214 Aliis
1235 1177 1457 1228 probabilior
1481 1177 1560 1213 visa
1591 1179 1650 1213 est

991 1235 1082 1272 haec
1118 1235 1230 1281 ratio,
1280 1235 1353 1283 qua
1387 1233 1562 1270 Solonem
1591 1231 1650 1269 hic

992 1291 1111 1329 minus
1128 1291 1371 1338 Graecorum,
1397 1302 1507 1338 quam
1523 1287 1650 1337 Lydo-

992 1360 1072 1384 rum
1106 1360 1126 1384 e
1154 1346 1296 1383 calculis
1331 1359 1470 1383 annum
1498 1344 1650 1382 definire

993 1407 1212 1450 statuerent,
1253 1403 1314 1451 qui
1345 1415 1426 1439 cum
1451 1400 1650 1452 probabili-

993 1464 1048 1497 ter
1071 1458 1153 1500 350
1180 1460 1288 1496 fuerit
1314 1459 1473 1505 dierum,
1502 1456 1650 1494 alternis

992 1515 1322 1552 intercalationibus
1352 1515 1403 1556 15
1436 1515 1515 1551 dies
1550 1513 1652 1550 adie-

993 1576 1070 1608 ctos
1102 1584 1206 1618 esse,
1242 1571 1372 1620 quibus
1406 1570 1493 1607 solis
1531 1568 1652 1606 cursui

993 1628 1338 1664 accommodaretur.
1376 1627 1490 1664 Unde
1515 1626 1550 1662 in
1571 1625 1652 1662 He-

992 1684 1124 1720 rodoto
1143 1683 1359 1731 legendum:
1387 1680 1540 1735 ’ἡμέρας
1560 1695 1652 1720 πεν-

993 1739 1181 1789 τηκοσίας
1232 1738 1302 1778 καὶ
1349 1737 1652 1790 τετρακισχιλίας

993 1794 1061 1835 καὶ
1082 1796 1289 1847 δισμυρίας
1300 1795 1478 1845 (24500)
1494 1799 1531 1833 et
1548 1794 1653 1832 dein-

995 1865 1102 1902 ceps:
1147 1847 1394 1902 πεντήκοντα
1418 1850 1487 1890 καὶ
1512 1865 1651 1890 πεντα-

992 1908 1141 1947 κοσίων
1154 1907 1221 1947 καὶ
1242 1907 1565 1959 πεντακισχιλίων
1583 1904 1653 1946 καὶ

995 1964 1214 2015 δισμυρίων
1246 1965 1457 2013 (25550).
1495 1963 1539 2000 In
1582 1963 1652 2000 alia

995 2022 1117 2057 omnia
1137 2021 1213 2058 abit
1230 2020 1530 2069 WVyttenbachius
1543 2048 1554 2066 ,
1583 2020 1652 2056 Se-

992 2077 1088 2114 lectt.
1116 2077 1256 2114 Histor.
1289 2091 1326 2127 p.
1350 2077 1432 2118 348
1457 2090 1513 2126 sq.
1547 2075 1652 2112 Prio-

991 2146 1069 2171 rem
1107 2135 1204 2171 enim
1246 2133 1427 2171 Herodoti
1463 2144 1652 2170 numerum

992 2189 1219 2240 probabilem
1247 2193 1393 2237 censet,
1422 2203 1503 2226 cum
1528 2188 1651 2225 Hero-

993 2246 1101 2281 dotus
1127 2246 1207 2295 ipse
1234 2247 1317 2287 360
1342 2246 1482 2282 dierum
1514 2256 1650 2281 annum

992 2302 1217 2339 constituerit
1234 2302 1281 2349 II,
1310 2300 1349 2342 4.
1375 2301 1449 2349 ΙΠ,
1476 2303 1544 2342 90.
1572 2300 1651 2337 Sed

993 2357 1106 2393 altero
1135 2358 1244 2394 modo
1278 2358 1314 2393 in
1349 2369 1538 2395 numerum
1564 2355 1650 2392 anni

992 2413 1132 2449 dierum
1173 2412 1254 2454 375
1291 2413 1416 2450 vitiiun
1457 2413 1651 2463 irrepsisse

991 2469 1185 2504 arbitratur
1212 2469 1447 2517 voculamque
1473 2465 1651 2506 τοῦτε-

993 2539 1014 2571 ρ
1027 2538 1046 2562 ο
1058 2539 1080 2562 ν
1098 2528 1271 2560 mutatam
1288 2525 1362 2560 vult
1380 2525 1418 2561 in
1437 2539 1457 2562 τ
1469 2538 1489 2562 ο
1501 2521 1650 2562 ὕκτον

993 2576 1054 2627 (τὸ
1073 2578 1224 2627 ἕκτον),
1253 2584 1410 2626 sextum,
1441 2593 1513 2628 quo
1533 2590 1649 2615 annus

992 2636 1077 2673 inde
1097 2636 1246 2673 exsistat
1268 2637 1406 2672 dierum
1424 2637 1520 2682 365,
1540 2647 1649 2684 quum

991 2704 1040 2728 sc.
1063 2695 1184 2728 sextus
1210 2692 1361 2740 quisque
1397 2704 1513 2727 annus
1547 2704 1650 2728 men-

989 2761 1067 2784 sem
1087 2747 1220 2784 habeat
1236 2747 1486 2785 intercalarem
1509 2748 1648 2785 dierum

988 2805 1043 2844 30
1070 2807 1106 2839 et
1141 2805 1388 2852 unusquisque
1418 2817 1534 2841 annus
1569 2805 1648 2840 dies

986 2858 1216 2896 intercalares
1243 2860 1413 2909 quinque.
1472 2860 1584 2897 Unde
1611 2860 1649 2896 in
