1759 3324
354 293 441 334 4⁰6
746 292 1217 332 HERODOTI

196 402 298 451 183
341 398 465 446 Ἔστι
503 401 549 445 δὲ
584 405 667 446 τοῦ
708 402 754 446 ἓν
796 406 1027 459 Βαβυλῶνι
1075 403 1177 457 ἱροῦ
1210 401 1283 446 καὶ
1324 400 1454 454 ἄλλος
1495 401 1615 447 κάτω

23 464 306 562 ἓῖιῗιιίῗημξῖιέιῆεῗξζ
360 478 487 538 νηός--
533 479 644 524 ἔνθα
674 480 846 538 ἄγαλμα
874 482 982 537 μέγα
1010 486 1092 525 τοῦ
1122 481 1229 533 Διὸς
1269 482 1332 525 ἔνι
1371 481 1617 539 κατήμενον

25 540 307 628 *ἓξὲἆῖιῗὲξὲἒ
362 557 566 616 χρύσεον,
596 561 671 602 καί
698 561 743 603 οἱ
770 560 956 615 τράπεζα
983 562 1143 617 μεγάλη
1171 560 1429 614 παρακέεται
1444 561 1617 619 χρυσέη,

27 643 64 662 ¹⁰
82 635 192 662 ‘'bh“-
359 638 435 682 καὶ
462 636 512 680 vd
544 636 719 693 βάθρον
749 639 793 681 οἱ
820 639 892 682 καὶ
930 637 954 683 ὁ
983 640 1150 694 θρόνος
1178 637 1359 695 χρύσεός
1388 640 1502 685 ἐστι·
1540 642 1647 685 καὶὸ

362 714 422 767 ὦς
449 715 598 772 ἔλεγον
628 717 671 759 οἱ
696 718 935 771 Χαλδαῖοι,
972 717 1196 762 ταλάντων
1225 717 1495 763 ὀκτακοσίων
1521 737 1620 777 χρυ·

363 796 465 839 σίου
502 795 729 849 πεποίηται
765 799 912 839 ταῦτα.
972 797 1050 848 ἔξω
1094 797 1139 840 δὲ
1176 802 1257 841 τοῦ
1293 802 1425 855 νηοῦ,
1475 797 1623 856 βωμός

363 873 454 916 ἐστι
482 871 674 928 χρύσεος.
705 873 793 917 ἔστι
823 875 870 918 δὲ
899 875 973 917 καὶ
1002 874 1130 926 ἄλλος
1149 875 1297 932 βωμός
1325 876 1478 933 μέγας,
1509 877 1623 923 ὅπου

336 950 521 995 Βθύεται
549 951 604 994 τὰ
633 951 753 995 τέλεα
781 956 870 996 τῶν
899 950 1145 1010 προβάτων.
1203 952 1272 997 ἐπὶ
1299 954 1384 1010 γάρ
1416 959 1498 1000 τοῦ
1525 973 1625 1013 χρυ-

368 1030 473 1075 σέου
510 1033 666 1087 βωμοῦ
710 1030 793 1075 οὐκ
828 1031 960 1084 ἔξεστι
998 1033 1150 1085 θύειν,
1200 1031 1267 1076 ὅτι
1303 1032 1362 1090 μὴ
1400 1034 1628 1092 γαλαθηνὰ

338 1113 528 1168 4μοῦνα.
560 1109 630 1153 ἐπὶ
659 1109 705 1154 δὲ
733 1114 814 1154 τοῦ
843 1110 1019 1166 μέζονος
1056 1113 1212 1168 βωμοῦ
1252 1112 1325 1155 καὶ
1351 1113 1628 1168 καταγίζουσι
1641 1123 1686 1158 10

368 1192 617 1247 λιβανωτοῦ
655 1190 770 1244 χίλια
796 1189 985 1233 τάλαντα
1018 1190 1132 1242 ἔτεος
1162 1189 1346 1235 ἑκάστου
1375 1193 1420 1235 οἵ
1446 1193 1631 1237 Χαλδαῖ-

370 1285 438 1322 οι,
476 1267 572 1313 τότε
605 1267 734 1312 ἐπεάν
778 1269 859 1326 τὴν
896 1266 1033 1325 ὁρτήν
1070 1269 1207 1325 ἄγωσι
1245 1274 1307 1330 τῷ
1345 1274 1436 1327 θεῷ
1472 1270 1630 1331 τούτῳ.

341 1341 450 1392 5Ἦν
478 1347 526 1392 δὲ
554 1346 602 1392 ἐν
628 1351 692 1405 τῷ
720 1347 886 1405 τεμένεϊ
910 1347 1051 1407 τούτῳ
1082 1349 1143 1393 ἔτι
1170 1348 1249 1394 τὸν
1275 1348 1438 1406 χρόνον
1465 1350 1633 1395 ἐκεῖνον

317 1545 391 1583 qne
411 1547 548 1572 vocem.
599 1532 707 1570 Conf.
725 1531 782 1580 II,
803 1528 869 1574 55.
905 1532 969 1581 w,

316 1593 384 1634 66.
412 1590 516 1638 VIII,
542 1589 620 1631 135
641 1590 728 1639 ibiq.
748 1588 970 1638 lVesseling.

317 1651 357 1686 et
380 1646 554 1684 Valcken.
575 1646 623 1683 ad
640 1645 759 1682 schol.
783 1646 822 1683 'm
842 1645 970 1697 Eurip.

316 1702 510 1741 Phoeniss.
531 1705 625 1744 210.

460 1786 570 1838 Cap.
599 1785 840 1824 CLxxxm.

376 1869 447 1910 καὶ
482 1866 527 1910 τὸ
568 1864 730 1921 βάθρον
768 1870 810 1909 οἵ
850 1868 919 1910 καὶ
951 1868 974 1911 ὁ

321 1922 476 1979 θρόνος
503 1922 668 1978 χρύσεός
693 1925 794 1976 ἐστι]
832 1924 875 1966 τὸ
902 1923 974 1979 βά-

321 1988 428 2035 θρον
449 1988 507 2022 est
523 1983 713 2019 scabellum
733 1996 762 2019 S.
777 1987 815 2019 ut
827 1984 973 2020 Curtius

322 2041 453 2086 vertit,
491 2039 625 2087 gwdus
667 2041 780 2085 imus,
822 2052 896 2088 quo
925 2040 974 2076 ad

321 2091 478 2145 θρόνον
499 2095 523 2131 i.
539 2108 571 2132 e.
591 2093 716 2131 sellam
734 2094 918 2132 celsiorem
937 2100 974 2132 et

321 2149 509 2197 altiorem,
539 2151 611 2199 qua
633 2162 740 2198 reges
761 2149 973 2200 plerumque

322 2211 470 2243 utuntur
509 2205 623 2252 diive,
661 2206 912 2253 adscenditur,
943 2220 972 2244 s,

321 2263 424 2312 quod
441 2261 479 2297 in
508 2257 650 2314 θρόνῳ
680 2261 882 2299 sedentium
908 2275 975 2312 pe-

322 2318 429 2355 dibus
457 2318 684 2367 supponitur.
754 2318 852 2354 Hinc
881 2318 975 2355 Dio-

322 2374 435 2411 dorus
453 2373 582 2421 XVII,
605 2375 658 2414 66
687 2378 792 2409 vocat
809 2371 853 2413 τό
876 2372 975 2413 nats}

321 2426 389 2469 τὸν
407 2424 565 2480 θρόνον
583 2423 848 2479 ύπόβαθρον,
877 2432 977 2480 quod

322 2486 376 2523 ita
406 2490 447 2522 ut
473 2485 544 2521 dixi
572 2485 733 2523 reddidit
760 2486 907 2523 Curtius
930 2487 975 2534 V,

324 2544 374 2588 23
402 2541 461 2578 alii
498 2541 621 2578 dicimt
656 2537 892 2581 ὑποπόδιον.
922 2563 978 2571 -

326 2597 544 2646 Octz'ngenta
561 2596 698 2635 talenta
720 2598 905 2647 ponderis,
924 2599 978 2635 iu-

324 2654 406 2692 dice
423 2651 606 2691 Larchero
619 2681 630 2700 ‚
653 2654 862 2702 aequabunt
878 2667 978 2691 sum-

324 2722 421 2748 mam
467 2709 716 2756 56‚160‚000
757 2710 977 2748 Francorum

324 2777 553 2804 nummorum
570 2765 758 2813 (Francs).

386 2816 490 2861 ὅπου
534 2817 677 2860 θύεται
726 2817 785 2859 τοὶ
828 2819 976 2860 τέλεα

324 2878 404 2917 τῶν
423 2872 662 2928 προβάτων]
686 2876 874 2915 Werferus
896 2878 930 2914 h.
953 2879 975 2915 1.

326 2934 443 2972 citans
461 2934 499 2972 in
519 2934 616 2971 Aett.
642 2932 741 2984 phill.
765 2933 929 2971 Monam.
948 2935 977 2982 Ι,

1040 1536 1064 1575 1
1090 1547 1177 1584 pag.
1206 1531 1259 1575 85
1290 1534 1431 1573 restitui
1466 1533 1543 1573 vult
1568 1536 1689 1587 magis

1037 1590 1198 1628 Ionicum
1218 1586 1241 1629 ὅ
1251 1605 1274 1630 κ
1287 1605 1307 1630 ο
1321 1607 1344 1629 υ
1362 1604 1430 1642 pro
1450 1586 1566 1631 ὅπου.
1613 1594 1691 1632 Sed

1041 1646 1126 1683 talia
1161 1648 1240 1684 sine
1270 1647 1371 1685 libris
1407 1652 1547 1686 mutare
1582 1649 1689 1698 velle,

1040 1707 1141 1740 vetat
1167 1703 1318 1752 religio;
1344 1716 1412 1741 nec
1435 1704 1554 1754 ipsum
1571 1704 1695 1743 Hero-

1043 1759 1170 1797 dotum
1192 1760 1229 1796 in
1255 1760 1354 1797 hisce
1378 1764 1604 1799 constantem
1624 1762 1694 1799 sibi

1037 1816 1154 1853 videri
1172 1816 1298 1863 fuisse,
1317 1815 1509 1866 aliquoties
1523 1817 1596 1854 iam
1613 1831 1694 1856 mo⁴

1039 1872 1193 1910 nuimus.
1221 1871 1269 1910 vo?
1282 1870 1390 1911 τέλεα
1402 1872 1450 1910 de
1468 1872 1572 1910 victis
1590 1873 1694 1912 adul-

1039 1929 1109 1976 tis,
1139 1929 1302 1976 integris,
1319 1941 1414 1977 quae
1440 1929 1608 1966 omnibus
1624 1943 1694 1967 nu-

1039 1984 1149 2021 meris
1171 1987 1255 2020 sunt
1274 1984 1478 2034 perfectae,
1499 1998 1568 2023 nec
1583 1987 1694 2025 ullum

1041 2040 1212 2077 mendum
1231 2040 1430 2089 praebent3
1448 2045 1487 2077 ut
1505 2043 1603 2092 apud
1612 2043 1694 2080 Ho—

1039 2108 1126 2133 mer.
1145 2095 1185 2132 Il.
1210 2095 1250 2142 Ι,
1270 2098 1335 2136 66.
1366 2096 1503 2144 XXIV,
1523 2097 1588 2139 34.
1635 2099 1696 2139 De

1039 2152 1121 2201 ipsa
1159 2152 1257 2188 vocis
1282 2153 1399 2189 forma
1434 2152 1559 2192 Ionica
1599 2157 1694 2195 conf.

1040 2207 1172 2244 Matth.
1199 2208 1264 2244 Gr.
1283 2207 1349 2245 Gr.
1367 2221 1456 2259 pag.
1475 2211 1542 2251 53.
1562 2233 1620 2241 -—
1637 2213 1698 2251 De

1039 2259 1099 2303 ὅτι
1121 2260 1177 2314 μή
1205 2263 1244 2300 in
1274 2277 1379 2314 seqq.
1424 2267 1518 2304 conf.
1557 2268 1597 2316 Ι,
1631 2270 1697 2310 18.

1046 2321 1149 2367 181,
1179 2332 1221 2357 ac
1247 2321 1294 2357 de
1319 2323 1540 2374 καταγίζειν
1567 2324 1607 2373 1,
1629 2327 1697 2368 86.

1047 2378 1139 2416 167.
1163 2398 1218 2403 —
1237 2376 1297 2413 Ad
1314 2390 1392 2415 voc.
1413 2375 1628 2430 προβάτων
1650 2382 1696 2419 ef.
1758 2381 1759 2420 ἶ

1044 2430 1082 2479 l,
1111 2434 1202 2474 133.
1229 2453 1285 2460 —
1313 2433 1416 2472 Mille
1450 2435 1589 2474 talenta
1617 2438 1699 2475 effi-

1045 2488 1159 2536 cient,
1196 2489 1326 2527 eodem
1366 2490 1550 2530 Larchero
1589 2498 1698 2542 teste,
1756 2523 1757 2527 ,

1044 2544 1138 2581 circa
1157 2545 1329 2593 51,432
1352 2546 1581 2586 turisfibras.
1639 2549 1700 2588 De
1755 2541 1757 2546 ’

1046 2600 1130 2650 ipso
1155 2602 1251 2639 sesto
1267 2602 1356 2640 nihil
1368 2603 1445 2640 fere
1457 2603 1603 2644 aliunde
1612 2618 1701 2643 con·

1044 2661 1130 2693 stat.
1160 2658 1269 2697 conf.
1298 2657 1456 2696 Miinter.
1486 2659 1510 2698 l.
1531 2660 1555 2698 l.
1572 2675 1610 2713 p.
1631 2663 1699 2703 66.

1102 2711 1157 2752 ἔτι
1176 2711 1247 2753 τόν
1266 2709 1413 2767 χρόνον
1432 2713 1600 2768 ἐκεῖνον]
1622 2717 1645 2755 i.
1667 2730 1701 2756 e·
1752 2736 1754 2762 ε

1045 2768 1176 2806 Xerxis
1195 2774 1335 2818 aetate,
1357 2775 1398 2808 ut
1420 2783 1442 2809 e
1460 2774 1704 2823 sequentibus-

1045 2825 1238 2875 colligitur.
1293 2826 1354 2864 Ad
1373 2829 1483 2866 verba
1512 2829 1699 2880 proxima:

1045 2878 1119 2932 ἐγώ
1140 2881 1213 2933 μέν
1245 2897 1314 2934 μιν
1350 2877 1426 2923 οῦκ
1458 2880 1567 2926 εἶδον
1603 2887 1698 2924 conf.
1750 2879 1751 2882 ¹

1045 2943 1121 2975 not.
1139 2939 1188 2976 ad
1214 2937 1254 2988 I,
1276 2940 1367 2982 178.
