1805 3315
36 786 254 848 asiana?-

348 220 377 258 8
751 215 1221 256 HERODOTI

349 341 464 384 μνην
492 329 567 382 τῆς
594 323 714 382 νηός,
743 322 957 369 ὠνέεσθαι
987 326 1075 368 τῶν
1103 326 1319 382 φορτίων,
1358 328 1446 370 τῶν
1475 337 1555 384 σφι
1578 322 1634 384 ἦν

351 403 498 462 θυμὸς
516 403 722 461 μάλιστα·
756 404 830 447 καὶ
857 402 962 455 τούς
989 405 1200 456 Φοίνικας
1227 404 1681 463 διακελευσαμένουςὲὅ

329 482 539 541 δὸρμῆσαι
560 480 620 527 ἐπ’
641 480 788 535 αὐτάς.
815 483 892 534 τὰς
910 482 989 539 μὲν
1008 481 1062 540 δὴ
1084 486 1274 534 πλεῦνας
1297 487 1386 527 τῶν
1412 489 1637 541 γυναικῶν

353 561 643 620 ἅποφυγέειν,
691 561 773 619 τήν
808 561 854 605 δὲ
888 559 1002 605 Ἰοῦν
1038 559 1121 606 σὺν
1152 561 1304 619 ἄλλῃσι
1340 561 1636 619 ἁρπασθῆναι.

355 641 670 698 ἐσβαλομένους
707 642 754 686 δὲ
789 640 833 692 ἐς
876 639 958 698 τὴν
986 640 1084 693 νέα,
1115 642 1310 697 οἴχεσθαι
1340 638 1638 693 ἀποπλέοντας

277 719 309 765 2
354 720 407 765 ἐπ
416 719 426 736 ’
452 721 689 778 Αἰγύπτου.

757 719 882 765 Οὕτω
922 720 1000 777 μὲν
1034 719 1148 764 Ἰοῦν
1189 720 1232 770 ἐς
1272 721 1497 775 Αἴγυπτον
1542 718 1638 763 ἄπι-

354 800 511 845 κέσθαι
539 800 714 856 λέγουσι
746 799 935 853 Πέρσαι,
987 798 1071 843 οὐκ
1111 797 1169 850 ὥς
1201 800 1416 850 Φοίνικες·
1444 800 1518 844 καὶ
1551 804 1685 844 τῶν30

332 878 634 936 Ξᾶδικημάτων
664 881 796 922 τοῦτο
832 877 959 933 ἄρξαι
997 880 1186 932 πρῶτον.

1254 877 1379 921 Μετὰ
1411 878 1457 922 δὲ
1488 882 1640 932 ταῦτα,

352 956 571 1014 Ἑλλήνων
598 956 720 1008 τινὰς
738 954 812 1009 (οὐ
838 955 922 1012 γὰρ
942 956 1088 1011 ἔχουσι
1107 954 1300 1011 τοῦνομα
1318 954 1640 1014 ἀπηγήσασθαι)

361 1036 471 1092 φασὶ
509 1039 583 1093 τῆς
627 1036 835 1092 Φοινίκης
877 1035 920 1085 ἐς
967 1032 1114 1090 Τύρον
1160 1033 1449 1091 προσχόντας,
1503 1034 1644 1092 ἁρπά-

315 1233 437 1282 Heyn.
501 1232 631 1282 Itaque
672 1230 841 1280 vulgatae
874 1235 971 1269 recte

316 1288 564 1340 patrocinatus
591 1300 673 1326 esse
699 1288 807 1325 nobis
832 1287 974 1324 videtur

318 1346 528 1383 Buttmann.
563 1343 661 1381 Mus.
704 1343 854 1393 Antiqq.
888 1343 974 1379 Stu-

319 1402 413 1438 dior.
446 1401 481 1438 ll
516 1415 552 1452 p.
588 1402 672 1441 312
697 1422 753 1428 -
776 1401 869 1440 383.
914 1399 975 1448 qui

319 1457 506 1507 glossam,
537 1469 646 1506 quam
662 1457 865 1507 suspicatur
888 1454 976 1492 Val-

320 1513 492 1560 ckenar.,
548 1517 644 1550 certe
696 1512 983 1561 antiquissimam

321 1569 453 1618 vixque
473 1568 734 1619 explicandam,
760 1581 832 1617 quo
851 1568 984 1606 scilicet

322 1626 435 1663 modo
462 1626 501 1661 in
534 1628 672 1662 textum
696 1625 900 1674 iiTepserit‚
930 1624 983 1661 iu-

324 1682 431 1718 dicat.
491 1681 602 1724 Quod
620 1680 708 1717 alius
734 1684 837 1717 vetus
863 1693 983 1729 gram-

323 1737 478 1775 maticus
514 1738 656 1786 profert
695 1730 870 1786 Ἰναχοῦν
908 1737 981 1785 (ef.

326 1794 459 1830 Creuz.
496 1793 544 1829 ad
579 1791 711 1829 Plotin.
755 1793 803 1830 de
845 1792 984 1843 pulerit.

325 1863 364 1900 p.
381 1848 593 1897 LXXXH),
611 1848 649 1884 id
676 1849 876 1886 inauditum
902 1862 985 1886 cen-

327 1918 451 1943 semus
498 1904 712 1942 vocabulum
756 1918 837 1942 cum
883 1905 987 1943 Wol-

328 1961 378 1999 fio
396 1960 419 1998 l.
440 1960 462 1997 l.

385 2078 468 2116 τῶν
498 2088 572 2126 σφι
599 2071 670 2129 ,ἦν
708 2074 838 2130 θυμὸς
875 2074 985 2130 μα’λι-

330 2136 425 2179 στα]
458 2133 679 2184 Scripsimus
709 2146 782 2185 σφι
803 2148 869 2185 pro
889 2147 986 2185 σφιν

332 2203 413 2227 cum
459 2190 662 2239 Schweigh.
709 2196 745 2229 et
793 2192 910 2229 Gaisf.
948 2195 988 2228 ut

332 2259 417 2283 mox
441 2259 586 2295 quoque
605 2245 894 2299 ἐσβαλομένους
919 2261 988 2298 pro

335 2300 662 2352 ἐσβαλλομένονς.
720 2303 778 2341 Ad
795 2317 988 2353 argumen-

334 2362 411 2394 tum
434 2358 589 2406 insignis
612 2358 732 2407 locus,
770 2374 813 2398 ex
839 2374 910 2409 quo
937 2361 989 2396 vi-

337 2418 398 2450 tae
446 2426 562 2462 genus
600 2417 789 2464 antiquum
832 2416 991 2454 Phoeni-

337 2481 491 2517 cumque
525 2482 644 2508 mores
679 2476 789 2521 atque
815 2486 991 2510 commer-

338 2524 431 2561 cium
473 2537 552 2561 cum
597 2526 748 2565 Graecis
791 2530 991 2566 institutum

338 2584 614 2627 cognoscantur.
645 2582 868 2625 Quibuscum
885 2598 990 2634 egre-

338 2635 400 2683 gie
425 2637 660 2684 conveniunt,
693 2652 787 2688 quae
808 2641 991 2678 Eumaeus

340 2691 441 2740 apud
487 2690 689 2730 Homerum
740 2696 875 2744 Odyss.
910 2696 993 2744 XV,

342 2746 426 2787 402
459 2759 514 2795 sq.
559 2748 629 2784 sibi
661 2761 775 2797 puero
820 2752 995 2789 accidisse

342 2806 498 2839 enarrat.
515 2801 597 2840 Vid.
616 2803 772 2844 Heeren.
799 2806 910 2847 Ideen
928 2812 994 2847 etc.

341 2857 372 2907 Ι,
391 2860 417 2900 2
435 2870 471 2909 Ρ·
490 2860 545 2900 62
563 2872 619 2910 sq-

1266 1229 1373 1280 Cap.
1407 1229 1454 1268 II.

1088 1291 1162 1336 οὐκ
1188 1292 1241 1342 ὥς
1273 1297 1480 1345 Φοίνικες]
1515 1296 1576 1334 Sic
1601 1297 1689 1334 reti-

1030 1353 1173 1391 nuimus
1200 1354 1429 1402 potissimum
1455 1357 1606 1404 propter
1633 1365 1689 1400 ea,

1033 1422 1128 1459 quae
1156 1422 1184 1445 c.
1212 1408 1238 1449 5
1276 1410 1454 1458 leguntur.
1486 1409 1689 1457 Schweigh.

1038 1470 1148 1515 atque
1177 1464 1294 1502 Gaisf.
1322 1467 1419 1503 haud
1453 1465 1574 1502 invitis
1609 1465 1690 1513 qui-

1039 1521 1194 1559 busdam
1210 1521 1311 1557 libris
1330 1516 1691 1571 rescripserimt‘EL-

1039 1581 1169 1628 ληνες,
1191 1579 1290 1625 quod
1299 1578 1503 1614 Pausaniae
1522 1577 1688 1614 testimo-

1039 1635 1100 1671 nio
1121 1633 1246 1681 utique
1263 1634 1411 1684 probari
1437 1637 1583 1684 posset,
1612 1646 1691 1669 mo·-

1040 1691 1089 1727 do
1115 1688 1201 1725 illud
1225 1690 1317 1726 tanti
1343 1690 1558 1727 faciendum.
1596 1688 1696 1726 Mat-

1039 1746 1138 1783 thiae
1170 1744 1266 1782 bene
1312 1746 1457 1783 retinuit
1511 1745 1696 1791 Φοίνικες

1041 1803 1211 1849 idemque
1237 1814 1345 1850 quam
1370 1802 1524 1839 maxime
1548 1801 1696 1838 retineri

1042 1857 1116 1895 vult
1134 1857 1278 1894 Censor
1297 1858 1335 1894 in
1352 1858 1504 1908 Ephem.
1531 1857 1694 1895 lenenss.

1045 1915 1152 1955 1817
1179 1925 1232 1949 111·-
1263 1915 1342 1955 163
1361 1927 1448 1964 pag·
1465 1915 1560 1955 368-

1100 1968 1140 2015 ἐς
1163 1966 1293 2021 Τύρον
1318 1965 1573 2020 προσχόντας]
1602 1983 1696 2021 προ-

1044 2021 1204 2076 σχόντας
1230 2039 1355 2063 omnes
1381 2026 1463 2063 libri
1480 2026 1696 2063 Herodotei.

1041 2081 1243 2131 Rescripsit
1262 2082 1461 2131 Schweigh.
1479 2077 1697 2134 προσσχόν-

1042 2153 1130 2184 τας,
1163 2138 1347 2188 duplicata
1372 2139 1493 2186 litera,
1532 2152 1613 2175 cum
1631 2139 1696 2175 de-

1043 2195 1195 2231 scendat
1221 2208 1243 2230 a
1259 2194 1368 2231 verbo
1387 2192 1601 2246 προσέχειν.
1619 2194 1697 2230 Sed

1043 2250 1213 2288 librorum
1255 2252 1415 2287 omnium
1449 2251 1697 2287 auctoritatem

1044 2310 1164 2343 tuetur
1184 2306 1385 2344 Grammat.
1406 2306 1568 2344 Graecus
1582 2306 1697 2353 (Gre-

1046 2375 1125 2412 gor.
1192 2361 1358 2398 Corinth.
1414 2376 1451 2412 p.
1508 2364 1591 2404 680
1639 2362 1696 2399 ed.

1047 2417 1230 2466 Schaef.)‚
1297 2419 1481 2468 vulgatam
1544 2419 1698 2455 sormam

1046 2478 1197 2525 propter
1262 2475 1480 2524 euphoniam
1540 2474 1577 2512 in
1631 2486 1697 2510 usu

1048 2530 1162 2568 fuisse
1186 2529 1332 2568 docens.
1366 2531 1464 2568 Hinc
1481 2543 1562 2568 cum
1580 2529 1698 2566 Gaisf.

1047 2584 1259 2623 retinuimus
1285 2581 1543 2637 προσχόντας,
1579 2589 1619 2622 ut
1644 2585 1699 2620 in-

1047 2643 1107 2679 fra
1129 2640 1168 2688 Ι,
1205 2642 1270 2682 86.
1305 2641 1361 2690 Π,
1393 2643 1473 2683 136
1506 2641 1568 2677 fin·
1608 2642 1699 2682 182-

1050 2698 1145 2734 Cum
1162 2697 1293 2735 eodem
1317 2699 1403 2736 dedi
1427 2694 1610 2748 βασιλέος
1633 2709 1701 2747 pro

1052 2753 1253 2804 βασιλῆος.
1310 2752 1369 2790 Ad
1385 2754 1503 2803 ipsam
1522 2753 1700 2790 narratio-

1053 2821 1138 2846 nem
1166 2808 1195 2845 C
1201 2821 1229 2846 r.
1257 2809 1344 2846 citat
1368 2809 1411 2845 C.
1430 2809 1476 2845 Ο.
1503 2809 1644 2847 Miiller.
1661 2808 1699 2846 in

1055 2864 1226 2902 Orchom.
1275 2879 1311 2916 p.
1355 2865 1455 2912 114,
1496 2865 1578 2916 qui,
1619 2878 1699 2903 cum
