<?xml version="1.0" encoding="UTF-8"?>
<!DOCTYPE html PUBLIC "-//W3C//DTD XHTML 1.0 Transitional//EN"
    "http://www.w3.org/TR/xhtml1/DTD/xhtml1-transitional.dtd">
<html xmlns="http://www.w3.org/1999/xhtml" xml:lang="en" lang="en">
 <head>
  <title>
</title>
<meta http-equiv="Content-Type" content="text/html;charset=utf-8" />
  <meta name='ocr-system' content='tesseract 3.04.00' />
  <meta name='ocr-capabilities' content='ocr_page ocr_carea ocr_par ocr_line ocrx_word'/>
</head>
<body>
  <div class='ocr_page' id='page_1' title='image "./musaeher01hero/musaeher01hero_0898.png"; bbox 0 0 1777 3324; ppageno 0'>
   <div class='ocr_carea' id='block_1_1' title="bbox 352 249 437 290">
    <p class='ocr_par' dir='ltr' id='par_1_1' title="bbox 352 249 437 290">
     <span class='ocr_line' id='line_1_1' title="bbox 352 249 437 290; baseline 0 0"><span class='ocrx_word' id='word_1_1' title='bbox 352 249 437 290; x_wconf 70' lang='lat'>872</span> 
     </span>
    </p>
   </div>
   <div class='ocr_carea' id='block_1_2' title="bbox 807 242 1272 283">
    <p class='ocr_par' dir='ltr' id='par_1_2' title="bbox 807 242 1272 283">
     <span class='ocr_line' id='line_1_2' title="bbox 807 242 1272 283; baseline -0.009 0"><span class='ocrx_word' id='word_1_2' title='bbox 807 242 1272 283; x_wconf 87' lang='lat' dir='ltr'><strong>HERODOTI</strong></span> 
     </span>
    </p>
   </div>
   <div class='ocr_carea' id='block_1_3' title="bbox 327 351 1611 411">
    <p class='ocr_par' dir='ltr' id='par_1_3' title="bbox 327 351 1611 411">
     <span class='ocr_line' id='line_1_3' title="bbox 327 351 1611 411; baseline -0.004 -13"><span class='ocrx_word' id='word_1_3' title='bbox 327 361 473 409; x_wconf 68' lang='grc' dir='ltr'><em>Ξλιος,</em></span> <span class='ocrx_word' id='word_1_4' title='bbox 511 353 681 411; x_wconf 79' lang='grc' dir='ltr'><em>οὔνομά</em></span> <span class='ocrx_word' id='word_1_5' title='bbox 723 355 766 397; x_wconf 82' lang='grc' dir='ltr'>οἱ</span> <span class='ocrx_word' id='word_1_6' title='bbox 802 353 889 397; x_wconf 76' lang='grc' dir='ltr'><em>ἐστὶ</em></span> <span class='ocrx_word' id='word_1_7' title='bbox 928 351 1089 409; x_wconf 83' lang='grc' dir='ltr'><strong>Σιούφ.</strong></span> <span class='ocrx_word' id='word_1_8' title='bbox 1146 351 1198 395; x_wconf 72' lang='grc' dir='ltr'>τά</span> <span class='ocrx_word' id='word_1_9' title='bbox 1239 351 1318 406; x_wconf 78' lang='grc' dir='ltr'>μὲν</span> <span class='ocrx_word' id='word_1_10' title='bbox 1358 351 1410 405; x_wconf 85' lang='grc' dir='ltr'>δὴ</span> <span class='ocrx_word' id='word_1_11' title='bbox 1449 353 1611 404; x_wconf 80' lang='grc' dir='ltr'><em>πρῶτα,</em></span> 
     </span>
    </p>
   </div>
   <div class='ocr_carea' id='block_1_4' title="bbox 354 426 1610 488">
    <p class='ocr_par' dir='ltr' id='par_1_4' title="bbox 354 426 1610 488">
     <span class='ocr_line' id='line_1_4' title="bbox 354 426 1610 488; baseline -0.006 -9"><span class='ocrx_word' id='word_1_12' title='bbox 354 434 596 481; x_wconf 77' lang='grc' dir='ltr'><em>κατόνοντο</em></span> <span class='ocrx_word' id='word_1_13' title='bbox 625 431 702 476; x_wconf 80' lang='grc' dir='ltr'>τὸν</span> <span class='ocrx_word' id='word_1_14' title='bbox 730 431 914 488; x_wconf 76' lang='grc' dir='ltr'><em>’Ἄμασιν</em></span> <span class='ocrx_word' id='word_1_15' title='bbox 945 431 1200 487; x_wconf 84' lang='grc' dir='ltr'><em>Αἰγύπτιοι,</em></span> <span class='ocrx_word' id='word_1_16' title='bbox 1247 431 1319 474; x_wconf 78' lang='grc' dir='ltr'>καὶ</span> <span class='ocrx_word' id='word_1_17' title='bbox 1351 429 1398 473; x_wconf 80' lang='grc' dir='ltr'>ἐν</span> <span class='ocrx_word' id='word_1_18' title='bbox 1429 426 1610 484; x_wconf 79' lang='grc' dir='ltr'><em>οὐδεμιῇ</em></span> 
     </span>
    </p>
   </div>
   <div class='ocr_carea' id='block_1_5' title="bbox 331 505 1614 725">
    <p class='ocr_par' dir='ltr' id='par_1_5' title="bbox 331 505 1614 725">
     <span class='ocr_line' id='line_1_5' title="bbox 356 505 1612 571; baseline -0.006 -14"><span class='ocrx_word' id='word_1_19' title='bbox 356 515 488 571; x_wconf 77' lang='grc' dir='ltr'><em>μοίρῃ</em></span> <span class='ocrx_word' id='word_1_20' title='bbox 516 511 675 568; x_wconf 76' lang='grc' dir='ltr'><em>μεγάλῃ</em></span> <span class='ocrx_word' id='word_1_21' title='bbox 704 505 832 566; x_wconf 78' lang='grc' dir='ltr'><em>ἦγον,</em></span> <span class='ocrx_word' id='word_1_22' title='bbox 861 509 933 554; x_wconf 82' lang='grc' dir='ltr'>ἅτε</span> <span class='ocrx_word' id='word_1_23' title='bbox 967 510 1019 566; x_wconf 73' lang='grc' dir='ltr'>δή</span> <span class='ocrx_word' id='word_1_24' title='bbox 1052 511 1244 566; x_wconf 79' lang='grc' dir='ltr'><em>δημότην</em></span> <span class='ocrx_word' id='word_1_25' title='bbox 1272 507 1321 552; x_wconf 87' lang='grc' dir='ltr'>τὸ</span> <span class='ocrx_word' id='word_1_26' title='bbox 1342 508 1445 562; x_wconf 79' lang='grc' dir='ltr'><em>πρὶν</em></span> <span class='ocrx_word' id='word_1_27' title='bbox 1469 506 1612 559; x_wconf 78' lang='grc' dir='ltr'><em>ἐόντα,</em></span> 
     </span>
     <span class='ocr_line' id='line_1_6' title="bbox 357 583 1614 646; baseline -0.008 -9"><span class='ocrx_word' id='word_1_28' title='bbox 357 593 432 638; x_wconf 82' lang='grc' dir='ltr'>καὶ</span> <span class='ocrx_word' id='word_1_29' title='bbox 461 592 598 646; x_wconf 83' lang='grc' dir='ltr'><strong><em>οἰκίης</em></strong></span> <span class='ocrx_word' id='word_1_30' title='bbox 636 588 717 633; x_wconf 80' lang='grc' dir='ltr'>οὐκ</span> <span class='ocrx_word' id='word_1_31' title='bbox 746 589 999 645; x_wconf 80' lang='grc' dir='ltr'><strong>ἐπιφανέος·</strong></span> <span class='ocrx_word' id='word_1_32' title='bbox 1047 588 1151 645; x_wconf 70' lang='grc' dir='ltr'><em>μετὰ</em></span> <span class='ocrx_word' id='word_1_33' title='bbox 1181 588 1245 640; x_wconf 80' lang='grc' dir='ltr'>δὲ,</span> <span class='ocrx_word' id='word_1_34' title='bbox 1287 587 1421 643; x_wconf 83' lang='grc' dir='ltr'><em>σοφίῃ</em></span> <span class='ocrx_word' id='word_1_35' title='bbox 1453 583 1614 636; x_wconf 77' lang='grc' dir='ltr'><em>αὐτούς</em></span> 
     </span>
     <span class='ocr_line' id='line_1_7' title="bbox 331 660 1614 725; baseline -0.004 -13"><span class='ocrx_word' id='word_1_36' title='bbox 331 671 390 716; x_wconf 87' lang='grc' dir='ltr'>3ὁ</span> <span class='ocrx_word' id='word_1_37' title='bbox 416 671 625 725; x_wconf 67' lang='grc' dir='ltr'><em>Ἄμασις,</em></span> <span class='ocrx_word' id='word_1_38' title='bbox 671 665 755 711; x_wconf 75' lang='grc' dir='ltr'>οὐκ</span> <span class='ocrx_word' id='word_1_39' title='bbox 794 662 1082 725; x_wconf 74' lang='grc' dir='ltr'><em>ἀγνωμοσύνῃ</em></span> <span class='ocrx_word' id='word_1_40' title='bbox 1123 666 1434 723; x_wconf 79' lang='grc' dir='ltr'><em>προσηγάγετο.</em></span> <span class='ocrx_word' id='word_1_41' title='bbox 1483 660 1540 721; x_wconf 78' lang='grc' dir='ltr'>ἦν</span> <span class='ocrx_word' id='word_1_42' title='bbox 1571 666 1614 708; x_wconf 76' lang='grc' dir='ltr'>οἵ,</span> 
     </span>
    </p>
   </div>
   <div class='ocr_carea' id='block_1_6' title="bbox 306 788 576 799">
    <p class='ocr_par' dir='ltr' id='par_1_6' title="bbox 306 788 576 799">
     <span class='ocr_line' id='line_1_8' title="bbox 306 788 576 799; baseline 0 2525"><span class='ocrx_word' id='word_1_43' title='bbox 306 788 576 799; x_wconf 95' lang='lat' dir='ltr'> </span> 
     </span>
    </p>
   </div>
   <div class='ocr_carea' id='block_1_7' title="bbox 475 889 802 942">
    <p class='ocr_par' dir='ltr' id='par_1_7' title="bbox 475 889 802 942">
     <span class='ocr_line' id='line_1_9' title="bbox 475 889 802 942; baseline -0.012 -13"><span class='ocrx_word' id='word_1_44' title='bbox 475 892 506 929; x_wconf 93' lang='lat' dir='ltr'>C</span> <span class='ocrx_word' id='word_1_45' title='bbox 518 904 540 929; x_wconf 89' lang='lat' dir='ltr'>a</span> <span class='ocrx_word' id='word_1_46' title='bbox 548 904 585 942; x_wconf 89' lang='lat' dir='ltr'>p.</span> <span class='ocrx_word' id='word_1_47' title='bbox 616 889 802 928; x_wconf 77' lang='lat' dir='ltr'>CLXXJI.</span> 
     </span>
    </p>
   </div>
   <div class='ocr_carea' id='block_1_8' title="bbox 307 968 977 2815">
    <p class='ocr_par' dir='ltr' id='par_1_8' title="bbox 307 968 964 1814">
     <span class='ocr_line' id='line_1_10' title="bbox 365 968 957 1026; baseline -0.012 -10"><span class='ocrx_word' id='word_1_48' title='bbox 365 970 521 1026; x_wconf 72' lang='grc' dir='ltr'><em>οὔνομά</em></span> <span class='ocrx_word' id='word_1_49' title='bbox 535 972 663 1014; x_wconf 79' lang='grc' dir='ltr'><em>οἴέστὶ</em></span> <span class='ocrx_word' id='word_1_50' title='bbox 673 968 825 1023; x_wconf 85' lang='grc' dir='ltr'><em>Σιούφ]</em></span> <span class='ocrx_word' id='word_1_51' title='bbox 842 972 957 1023; x_wconf 73' lang='lat' dir='ltr'>Siuplz</span> 
     </span>
     <span class='ocr_line' id='line_1_11' title="bbox 307 1029 958 1080; baseline -0.012 -8"><span class='ocrx_word' id='word_1_52' title='bbox 307 1032 485 1072; x_wconf 83' lang='lat' dir='ltr'>Bennelio</span> <span class='ocrx_word' id='word_1_53' title='bbox 503 1031 525 1068; x_wconf 95' lang='lat' dir='ltr'>l.</span> <span class='ocrx_word' id='word_1_54' title='bbox 547 1030 570 1067; x_wconf 90' lang='lat' dir='ltr'>l.</span> <span class='ocrx_word' id='word_1_55' title='bbox 595 1043 681 1080; x_wconf 86' lang='lat' dir='ltr'>pag.</span> <span class='ocrx_word' id='word_1_56' title='bbox 701 1032 782 1071; x_wconf 83' lang='lat'>617</span> <span class='ocrx_word' id='word_1_57' title='bbox 814 1042 857 1066; x_wconf 90' lang='lat' dir='ltr'>eo</span> <span class='ocrx_word' id='word_1_58' title='bbox 878 1029 958 1066; x_wconf 88' lang='lat' dir='ltr'>loco</span> 
     </span>
     <span class='ocr_line' id='line_1_12' title="bbox 309 1086 960 1135; baseline -0.006 -8"><span class='ocrx_word' id='word_1_59' title='bbox 309 1090 382 1127; x_wconf 84' lang='lat' dir='ltr'>sita</span> <span class='ocrx_word' id='word_1_60' title='bbox 408 1089 518 1125; x_wconf 87' lang='lat' dir='ltr'>fuisse</span> <span class='ocrx_word' id='word_1_61' title='bbox 554 1087 696 1124; x_wconf 75' lang='lat' dir='ltr'>videtur</span> <span class='ocrx_word' id='word_1_62' title='bbox 718 1116 728 1134; x_wconf 90' lang='lat'>,</span> <span class='ocrx_word' id='word_1_63' title='bbox 772 1086 833 1135; x_wconf 89' lang='lat' dir='ltr'>qui</span> <span class='ocrx_word' id='word_1_64' title='bbox 864 1098 960 1123; x_wconf 85' lang='lat' dir='ltr'>nune</span> 
     </span>
     <span class='ocr_line' id='line_1_13' title="bbox 309 1142 961 1192; baseline -0.008 -9"><span class='ocrx_word' id='word_1_65' title='bbox 309 1149 456 1183; x_wconf 84' lang='lat' dir='ltr'>vocatur</span> <span class='ocrx_word' id='word_1_66' title='bbox 491 1142 697 1192; x_wconf 73' lang='lat' dir='ltr'>Ssaouafe&#39;lz</span> <span class='ocrx_word' id='word_1_67' title='bbox 726 1142 764 1178; x_wconf 91' lang='lat' dir='ltr'>in</span> <span class='ocrx_word' id='word_1_68' title='bbox 794 1142 961 1179; x_wconf 88' lang='lat' dir='ltr'>occiden-</span> 
     </span>
     <span class='ocr_line' id='line_1_14' title="bbox 309 1198 960 1251; baseline -0.008 -12"><span class='ocrx_word' id='word_1_69' title='bbox 309 1202 373 1239; x_wconf 87' lang='lat' dir='ltr'>tali</span> <span class='ocrx_word' id='word_1_70' title='bbox 390 1203 469 1251; x_wconf 88' lang='lat' dir='ltr'>ripa</span> <span class='ocrx_word' id='word_1_71' title='bbox 488 1200 587 1236; x_wconf 83' lang='lat' dir='ltr'>fluvii</span> <span class='ocrx_word' id='word_1_72' title='bbox 617 1198 805 1249; x_wconf 90' lang='lat' dir='ltr'>Canopici.</span> <span class='ocrx_word' id='word_1_73' title='bbox 866 1198 960 1234; x_wconf 88' lang='lat' dir='ltr'>Cum</span> 
     </span>
     <span class='ocr_line' id='line_1_15' title="bbox 310 1254 960 1296; baseline -0.009 -1"><span class='ocrx_word' id='word_1_74' title='bbox 310 1271 396 1296; x_wconf 87' lang='lat' dir='ltr'>vero</span> <span class='ocrx_word' id='word_1_75' title='bbox 415 1258 497 1294; x_wconf 85' lang='lat' dir='ltr'>Sa&#39;is</span> <span class='ocrx_word' id='word_1_76' title='bbox 515 1260 551 1293; x_wconf 91' lang='lat' dir='ltr'>et</span> <span class='ocrx_word' id='word_1_77' title='bbox 567 1255 703 1292; x_wconf 72' lang='lat' dir='ltr'>Saitica</span> <span class='ocrx_word' id='word_1_78' title='bbox 722 1255 809 1291; x_wconf 87' lang='lat' dir='ltr'>ditio</span> <span class='ocrx_word' id='word_1_79' title='bbox 830 1254 868 1290; x_wconf 91' lang='lat' dir='ltr'>in</span> <span class='ocrx_word' id='word_1_80' title='bbox 888 1254 960 1290; x_wconf 94' lang='lat' dir='ltr'>ori-</span> 
     </span>
     <span class='ocr_line' id='line_1_16' title="bbox 311 1309 959 1362; baseline -0.008 -11"><span class='ocrx_word' id='word_1_81' title='bbox 311 1313 426 1352; x_wconf 81' lang='lat' dir='ltr'>entali</span> <span class='ocrx_word' id='word_1_82' title='bbox 462 1312 542 1362; x_wconf 89' lang='lat' dir='ltr'>ripa</span> <span class='ocrx_word' id='word_1_83' title='bbox 579 1311 686 1348; x_wconf 83' lang='lat' dir='ltr'>fuerit</span> <span class='ocrx_word' id='word_1_84' title='bbox 702 1340 714 1358; x_wconf 88' lang='lat'>,</span> <span class='ocrx_word' id='word_1_85' title='bbox 759 1309 959 1360; x_wconf 85' lang='lat' dir='ltr'>Champoll.</span> 
     </span>
     <span class='ocr_line' id='line_1_17' title="bbox 312 1366 961 1418; baseline -0.009 -10"><span class='ocrx_word' id='word_1_86' title='bbox 312 1370 408 1418; x_wconf 83' lang='lat' dir='ltr'><strong>l’Eg.</strong></span> <span class='ocrx_word' id='word_1_87' title='bbox 431 1381 514 1405; x_wconf 90' lang='lat' dir='ltr'>sous</span> <span class='ocrx_word' id='word_1_88' title='bbox 536 1368 557 1404; x_wconf 90' lang='lat' dir='ltr'>l.</span> <span class='ocrx_word' id='word_1_89' title='bbox 577 1367 678 1417; x_wconf 91' lang='lat' dir='ltr'>phar.</span> <span class='ocrx_word' id='word_1_90' title='bbox 701 1366 734 1403; x_wconf 95' lang='lat' dir='ltr'>II</span> <span class='ocrx_word' id='word_1_91' title='bbox 757 1380 793 1416; x_wconf 87' lang='lat' dir='ltr'>p.</span> <span class='ocrx_word' id='word_1_92' title='bbox 809 1370 890 1408; x_wconf 79' lang='lat'>220</span> <span class='ocrx_word' id='word_1_93' title='bbox 905 1379 961 1415; x_wconf 89' lang='lat' dir='ltr'>sq.</span> 
     </span>
     <span class='ocr_line' id='line_1_18' title="bbox 313 1422 962 1477; baseline -0.008 -14"><span class='ocrx_word' id='word_1_94' title='bbox 313 1427 491 1477; x_wconf 91' lang='lat' dir='ltr'>oppidum</span> <span class='ocrx_word' id='word_1_95' title='bbox 532 1423 646 1472; x_wconf 66' lang='lat' dir='ltr'>Stupk</span> <span class='ocrx_word' id='word_1_96' title='bbox 686 1423 723 1459; x_wconf 87' lang='lat' dir='ltr'>in</span> <span class='ocrx_word' id='word_1_97' title='bbox 760 1425 837 1459; x_wconf 72' lang='lat' dir='ltr'>vico</span> <span class='ocrx_word' id='word_1_98' title='bbox 879 1422 962 1471; x_wconf 84' lang='lat' dir='ltr'>Safi</span> 
     </span>
     <span class='ocr_line' id='line_1_19' title="bbox 315 1478 961 1532; baseline -0.009 -13"><span class='ocrx_word' id='word_1_99' title='bbox 315 1481 563 1532; x_wconf 86' lang='lat' dir='ltr'>quaerendum</span> <span class='ocrx_word' id='word_1_100' title='bbox 579 1483 696 1530; x_wconf 85' lang='lat' dir='ltr'>putat,</span> <span class='ocrx_word' id='word_1_101' title='bbox 714 1478 774 1527; x_wconf 89' lang='lat' dir='ltr'>qui</span> <span class='ocrx_word' id='word_1_102' title='bbox 789 1479 860 1514; x_wconf 90' lang='lat' dir='ltr'>tria</span> <span class='ocrx_word' id='word_1_103' title='bbox 879 1483 961 1514; x_wconf 89' lang='lat' dir='ltr'>tan-</span> 
     </span>
     <span class='ocr_line' id='line_1_20' title="bbox 314 1535 959 1576; baseline -0.008 -1"><span class='ocrx_word' id='word_1_104' title='bbox 314 1543 390 1576; x_wconf 92' lang='lat' dir='ltr'>tum</span> <span class='ocrx_word' id='word_1_105' title='bbox 420 1537 583 1574; x_wconf 85' lang='lat' dir='ltr'>milliaria</span> <span class='ocrx_word' id='word_1_106' title='bbox 604 1535 742 1572; x_wconf 74' lang='lat' dir='ltr'>Gallica</span> <span class='ocrx_word' id='word_1_107' title='bbox 769 1547 791 1571; x_wconf 85' lang='lat' dir='ltr'>a</span> <span class='ocrx_word' id='word_1_108' title='bbox 814 1535 877 1571; x_wconf 87' lang='lat' dir='ltr'>Sa&#39;i</span> <span class='ocrx_word' id='word_1_109' title='bbox 904 1535 959 1571; x_wconf 90' lang='lat' dir='ltr'>di-</span> 
     </span>
     <span class='ocr_line' id='line_1_21' title="bbox 315 1587 963 1631; baseline -0.008 0"><span class='ocrx_word' id='word_1_110' title='bbox 315 1598 398 1631; x_wconf 87' lang='lat' dir='ltr'>stet.</span> <span class='ocrx_word' id='word_1_111' title='bbox 427 1615 483 1621; x_wconf 90' lang='lat'>——-</span> <span class='ocrx_word' id='word_1_112' title='bbox 510 1591 569 1629; x_wconf 92' lang='lat' dir='ltr'>Ad</span> <span class='ocrx_word' id='word_1_113' title='bbox 594 1587 808 1630; x_wconf 78' lang='grc' dir='ltr'><em>κατόνοντο</em></span> <span class='ocrx_word' id='word_1_114' title='bbox 839 1592 963 1627; x_wconf 89' lang='lat' dir='ltr'>confer</span> 
     </span>
     <span class='ocr_line' id='line_1_22' title="bbox 315 1647 963 1697; baseline -0.008 -10"><span class='ocrx_word' id='word_1_115' title='bbox 315 1650 470 1697; x_wconf 82' lang='lat'>1[‚136</span> <span class='ocrx_word' id='word_1_116' title='bbox 492 1648 554 1685; x_wconf 88' lang='lat' dir='ltr'>fin.</span> <span class='ocrx_word' id='word_1_117' title='bbox 582 1653 620 1686; x_wconf 91' lang='lat' dir='ltr'>et</span> <span class='ocrx_word' id='word_1_118' title='bbox 644 1647 763 1684; x_wconf 87' lang='lat' dir='ltr'>Koen.</span> <span class='ocrx_word' id='word_1_119' title='bbox 783 1647 831 1683; x_wconf 90' lang='lat' dir='ltr'>ad</span> <span class='ocrx_word' id='word_1_120' title='bbox 849 1647 963 1694; x_wconf 87' lang='lat' dir='ltr'>Greg.</span> 
     </span>
     <span class='ocr_line' id='line_1_23' title="bbox 318 1701 964 1754; baseline -0.008 -11"><span class='ocrx_word' id='word_1_121' title='bbox 318 1706 482 1743; x_wconf 85' lang='lat' dir='ltr'>Corinth.</span> <span class='ocrx_word' id='word_1_122' title='bbox 520 1705 567 1741; x_wconf 91' lang='lat' dir='ltr'>de</span> <span class='ocrx_word' id='word_1_123' title='bbox 610 1703 693 1740; x_wconf 86' lang='lat' dir='ltr'>dial.</span> <span class='ocrx_word' id='word_1_124' title='bbox 734 1703 811 1740; x_wconf 92' lang='lat' dir='ltr'>Ion</span> <span class='ocrx_word' id='word_1_125' title='bbox 844 1701 882 1754; x_wconf 64' lang='grc' dir='ltr'>ἓ.</span> <span class='ocrx_word' id='word_1_126' title='bbox 911 1703 964 1744; x_wconf 76' lang='lat'>23</span> 
     </span>
     <span class='ocr_line' id='line_1_24' title="bbox 317 1760 746 1814; baseline -0.009 -15"><span class='ocrx_word' id='word_1_127' title='bbox 317 1775 403 1814; x_wconf 86' lang='lat' dir='ltr'>pag.</span> <span class='ocrx_word' id='word_1_128' title='bbox 424 1761 506 1802; x_wconf 85' lang='lat'>407</span> <span class='ocrx_word' id='word_1_129' title='bbox 527 1760 584 1797; x_wconf 90' lang='lat' dir='ltr'>ed.</span> <span class='ocrx_word' id='word_1_130' title='bbox 603 1760 746 1797; x_wconf 88' lang='lat' dir='ltr'>Schaef.</span> 
     </span>
    </p>

    <p class='ocr_par' dir='ltr' id='par_1_9' title="bbox 318 1809 970 2254">
     <span class='ocr_line' id='line_1_25' title="bbox 376 1809 964 1871; baseline -0.007 -15"><span class='ocrx_word' id='word_1_131' title='bbox 376 1817 419 1856; x_wconf 79' lang='grc' dir='ltr'>ἐν</span> <span class='ocrx_word' id='word_1_132' title='bbox 458 1812 626 1871; x_wconf 74' lang='grc' dir='ltr'><em>ούδεμιη</em></span> <span class='ocrx_word' id='word_1_133' title='bbox 658 1815 776 1869; x_wconf 80' lang='grc' dir='ltr'><em>μοίρῃ</em></span> <span class='ocrx_word' id='word_1_134' title='bbox 816 1809 964 1869; x_wconf 84' lang='grc' dir='ltr'><em>μεγαλῃ</em></span> 
     </span>
     <span class='ocr_line' id='line_1_26' title="bbox 318 1867 966 1926; baseline -0.01 -13"><span class='ocrx_word' id='word_1_135' title='bbox 318 1867 443 1926; x_wconf 77' lang='grc' dir='ltr'><em>ἦγον]</em></span> <span class='ocrx_word' id='word_1_136' title='bbox 476 1873 595 1910; x_wconf 80' lang='lat' dir='ltr'>Sensu</span> <span class='ocrx_word' id='word_1_137' title='bbox 628 1873 775 1921; x_wconf 92' lang='lat' dir='ltr'>quidem</span> <span class='ocrx_word' id='word_1_138' title='bbox 801 1871 891 1909; x_wconf 89' lang='lat' dir='ltr'>haec</span> <span class='ocrx_word' id='word_1_139' title='bbox 910 1871 966 1907; x_wconf 88' lang='lat' dir='ltr'>lo-</span> 
     </span>
     <span class='ocr_line' id='line_1_27' title="bbox 320 1928 968 1976; baseline -0.005 -9"><span class='ocrx_word' id='word_1_140' title='bbox 320 1931 415 1968; x_wconf 89' lang='lat' dir='ltr'>cutio</span> <span class='ocrx_word' id='word_1_141' title='bbox 435 1941 509 1966; x_wconf 91' lang='lat' dir='ltr'>non</span> <span class='ocrx_word' id='word_1_142' title='bbox 546 1928 669 1966; x_wconf 84' lang='lat' dir='ltr'>differt</span> <span class='ocrx_word' id='word_1_143' title='bbox 693 1928 739 1964; x_wconf 86' lang='lat' dir='ltr'>ab</span> <span class='ocrx_word' id='word_1_144' title='bbox 770 1941 836 1975; x_wconf 91' lang='lat' dir='ltr'>eo,</span> <span class='ocrx_word' id='word_1_145' title='bbox 867 1928 968 1976; x_wconf 90' lang='lat' dir='ltr'>quod</span> 
     </span>
     <span class='ocr_line' id='line_1_28' title="bbox 322 1979 967 2036; baseline -0.005 -12"><span class='ocrx_word' id='word_1_146' title='bbox 322 1986 453 2034; x_wconf 81' lang='lat' dir='ltr'>legitur</span> <span class='ocrx_word' id='word_1_147' title='bbox 468 1984 524 2031; x_wconf 83' lang='grc' dir='ltr'>Π,</span> <span class='ocrx_word' id='word_1_148' title='bbox 548 1983 650 2025; x_wconf 83' lang='lat'>141:</span> <span class='ocrx_word' id='word_1_149' title='bbox 682 1979 845 2036; x_wconf 71' lang='grc' dir='ltr'><em>ἄλογίην</em></span> <span class='ocrx_word' id='word_1_150' title='bbox 867 1983 967 2033; x_wconf 76' lang='grc' dir='ltr'><em>ἔχειν</em></span> 
     </span>
     <span class='ocr_line' id='line_1_29' title="bbox 322 2036 969 2086; baseline -0.002 -8"><span class='ocrx_word' id='word_1_151' title='bbox 322 2041 400 2078; x_wconf 80' lang='lat' dir='ltr'><strong>coll.</strong></span> <span class='ocrx_word' id='word_1_152' title='bbox 430 2040 495 2086; x_wconf 77' lang='lat' dir='ltr'>w,</span> <span class='ocrx_word' id='word_1_153' title='bbox 527 2041 605 2081; x_wconf 86' lang='lat'>150</span> <span class='ocrx_word' id='word_1_154' title='bbox 645 2041 720 2077; x_wconf 84' lang='lat' dir='ltr'>sive</span> <span class='ocrx_word' id='word_1_155' title='bbox 764 2039 804 2079; x_wconf 80' lang='grc' dir='ltr'>ἐν</span> <span class='ocrx_word' id='word_1_156' title='bbox 835 2036 969 2078; x_wconf 78' lang='grc' dir='ltr'><em>οὐδενὶ</em></span> 
     </span>
     <span class='ocr_line' id='line_1_30' title="bbox 322 2094 967 2148; baseline -0.006 -12"><span class='ocrx_word' id='word_1_157' title='bbox 322 2094 421 2148; x_wconf 82' lang='grc' dir='ltr'><em>λόγῳ</em></span> <span class='ocrx_word' id='word_1_158' title='bbox 454 2095 571 2145; x_wconf 71' lang='grc' dir='ltr'><em>ἔχειν,</em></span> <span class='ocrx_word' id='word_1_159' title='bbox 608 2096 804 2146; x_wconf 75' lang='lat' dir='ltr'>despicatui</span> <span class='ocrx_word' id='word_1_160' title='bbox 835 2096 967 2142; x_wconf 79' lang='lat' dir='ltr'>habere,</span> 
     </span>
     <span class='ocr_line' id='line_1_31' title="bbox 322 2151 970 2189; baseline -0.003 0"><span class='ocrx_word' id='word_1_161' title='bbox 322 2152 455 2189; x_wconf 76' lang='lat' dir='ltr'>nullam</span> <span class='ocrx_word' id='word_1_162' title='bbox 474 2154 640 2188; x_wconf 74' lang='lat' dir='ltr'>rationem</span> <span class='ocrx_word' id='word_1_163' title='bbox 655 2152 786 2189; x_wconf 72' lang='lat' dir='ltr'>habere.</span> <span class='ocrx_word' id='word_1_164' title='bbox 826 2151 970 2188; x_wconf 85' lang='lat' dir='ltr'>Monuit</span> 
     </span>
     <span class='ocr_line' id='line_1_32' title="bbox 323 2207 749 2254; baseline -0.002 -9"><span class='ocrx_word' id='word_1_165' title='bbox 323 2207 497 2245; x_wconf 76' lang='lat' dir='ltr'>Valcken.</span> <span class='ocrx_word' id='word_1_166' title='bbox 515 2208 563 2244; x_wconf 91' lang='lat' dir='ltr'>ad</span> <span class='ocrx_word' id='word_1_167' title='bbox 584 2207 638 2254; x_wconf 86' lang='grc' dir='ltr'>ΙΙ,</span> <span class='ocrx_word' id='word_1_168' title='bbox 660 2208 749 2248; x_wconf 83' lang='grc'>141.</span> 
     </span>
    </p>

    <p class='ocr_par' dir='ltr' id='par_1_10' title="bbox 325 2258 977 2815">
     <span class='ocr_line' id='line_1_33' title="bbox 379 2258 974 2313; baseline -0.002 -12"><span class='ocrx_word' id='word_1_169' title='bbox 379 2258 448 2301; x_wconf 73' lang='grc' dir='ltr'>ἅτε</span> <span class='ocrx_word' id='word_1_170' title='bbox 470 2260 520 2312; x_wconf 74' lang='grc' dir='ltr'>δή</span> <span class='ocrx_word' id='word_1_171' title='bbox 535 2263 627 2313; x_wconf 86' lang='grc' dir='ltr'><em>δημ</em></span> <span class='ocrx_word' id='word_1_172' title='bbox 642 2259 729 2313; x_wconf 88' lang='grc' dir='ltr'><em>ότη</em></span> <span class='ocrx_word' id='word_1_173' title='bbox 743 2259 974 2312; x_wconf 79' lang='grc' dir='ltr'><em>ν-ἐόντα]</em></span> 
     </span>
     <span class='ocr_line' id='line_1_34' title="bbox 326 2318 969 2368; baseline -0.002 -13"><span class='ocrx_word' id='word_1_174' title='bbox 326 2318 541 2368; x_wconf 81' lang='lat' dir='ltr'>„Respexit</span> <span class='ocrx_word' id='word_1_175' title='bbox 558 2318 721 2355; x_wconf 81' lang='lat' dir='ltr'>Zonaras</span> <span class='ocrx_word' id='word_1_176' title='bbox 753 2320 789 2355; x_wconf 94' lang='lat' dir='ltr'>in</span> <span class='ocrx_word' id='word_1_177' title='bbox 815 2319 883 2356; x_wconf 80' lang='lat' dir='ltr'>lex.</span> <span class='ocrx_word' id='word_1_178' title='bbox 905 2318 969 2354; x_wconf 91' lang='lat' dir='ltr'>Gr.</span> 
     </span>
     <span class='ocr_line' id='line_1_35' title="bbox 325 2370 972 2426; baseline -0.002 -14"><span class='ocrx_word' id='word_1_179' title='bbox 325 2387 413 2426; x_wconf 86' lang='lat' dir='ltr'><strong>pag.</strong></span> <span class='ocrx_word' id='word_1_180' title='bbox 432 2373 514 2414; x_wconf 88' lang='grc'>494</span> <span class='ocrx_word' id='word_1_181' title='bbox 543 2374 624 2420; x_wconf 88' lang='lat' dir='ltr'>(ubi</span> <span class='ocrx_word' id='word_1_182' title='bbox 642 2374 814 2422; x_wconf 81' lang='lat' dir='ltr'>legimus:</span> <span class='ocrx_word' id='word_1_183' title='bbox 844 2370 972 2423; x_wconf 86' lang='grc' dir='ltr'><em>Δημό-</em></span> 
     </span>
     <span class='ocr_line' id='line_1_36' title="bbox 327 2427 972 2480; baseline -0.003 -12"><span class='ocrx_word' id='word_1_184' title='bbox 327 2445 400 2480; x_wconf 87' lang='grc' dir='ltr'><em>την</em></span> <span class='ocrx_word' id='word_1_185' title='bbox 422 2429 462 2468; x_wconf 81' lang='grc' dir='ltr'>οἱ</span> <span class='ocrx_word' id='word_1_186' title='bbox 478 2427 611 2475; x_wconf 81' lang='grc' dir='ltr'><em>Ἴωνες</em></span> <span class='ocrx_word' id='word_1_187' title='bbox 629 2427 697 2468; x_wconf 79' lang='grc' dir='ltr'>τόν</span> <span class='ocrx_word' id='word_1_188' title='bbox 717 2432 798 2467; x_wconf 78' lang='grc' dir='ltr'>τῶν</span> <span class='ocrx_word' id='word_1_189' title='bbox 816 2431 972 2467; x_wconf 78' lang='grc' dir='ltr'><em>πολλῶν</em></span> 
     </span>
     <span class='ocr_line' id='line_1_37' title="bbox 330 2481 974 2536; baseline -0.008 -11"><span class='ocrx_word' id='word_1_190' title='bbox 330 2485 418 2525; x_wconf 72' lang='grc' dir='ltr'><em>ἕνα·</em></span> <span class='ocrx_word' id='word_1_191' title='bbox 441 2481 566 2531; x_wconf 67' lang='grc' dir='ltr'><em>οὕτως</em></span> <span class='ocrx_word' id='word_1_192' title='bbox 584 2485 651 2523; x_wconf 75' lang='grc' dir='ltr'>καὶ</span> <span class='ocrx_word' id='word_1_193' title='bbox 661 2481 896 2536; x_wconf 81' lang='grc' dir='ltr'><em>Ἡρόδοτος),</em></span> <span class='ocrx_word' id='word_1_194' title='bbox 913 2484 974 2521; x_wconf 89' lang='lat' dir='ltr'>ubi</span> 
     </span>
     <span class='ocr_line' id='line_1_38' title="bbox 329 2540 975 2579; baseline -0.005 0"><span class='ocrx_word' id='word_1_195' title='bbox 329 2541 543 2579; x_wconf 89' lang='lat' dir='ltr'>Tittmanno</span> <span class='ocrx_word' id='word_1_196' title='bbox 567 2541 748 2579; x_wconf 85' lang='lat' dir='ltr'>Herodoti</span> <span class='ocrx_word' id='word_1_197' title='bbox 774 2540 872 2577; x_wconf 84' lang='lat' dir='ltr'>locus</span> <span class='ocrx_word' id='word_1_198' title='bbox 901 2553 975 2577; x_wconf 87' lang='lat' dir='ltr'>non</span> 
     </span>
     <span class='ocr_line' id='line_1_39' title="bbox 328 2596 974 2646; baseline -0.002 -12"><span class='ocrx_word' id='word_1_199' title='bbox 328 2598 367 2634; x_wconf 87' lang='lat' dir='ltr'>in</span> <span class='ocrx_word' id='word_1_200' title='bbox 386 2601 555 2646; x_wconf 86' lang='lat' dir='ltr'>promptu</span> <span class='ocrx_word' id='word_1_201' title='bbox 579 2601 666 2634; x_wconf 88' lang='lat' dir='ltr'>erat.</span> <span class='ocrx_word' id='word_1_202' title='bbox 722 2596 880 2633; x_wconf 81' lang='lat' dir='ltr'>Alteram</span> <span class='ocrx_word' id='word_1_203' title='bbox 909 2609 974 2633; x_wconf 89' lang='lat' dir='ltr'>vo-</span> 
     </span>
     <span class='ocr_line' id='line_1_40' title="bbox 331 2652 975 2701; baseline -0.002 -11"><span class='ocrx_word' id='word_1_204' title='bbox 331 2652 446 2690; x_wconf 88' lang='lat' dir='ltr'>cabuli</span> <span class='ocrx_word' id='word_1_205' title='bbox 464 2657 680 2701; x_wconf 88' lang='lat' dir='ltr'>potestatem</span> <span class='ocrx_word' id='word_1_206' title='bbox 710 2653 790 2699; x_wconf 86' lang='lat' dir='ltr'>(ubi</span> <span class='ocrx_word' id='word_1_207' title='bbox 815 2653 975 2689; x_wconf 90' lang='lat' dir='ltr'>eiusdem</span> 
     </span>
     <span class='ocr_line' id='line_1_41' title="bbox 331 2708 974 2759; baseline 0 -13"><span class='ocrx_word' id='word_1_208' title='bbox 331 2708 428 2746; x_wconf 87' lang='lat' dir='ltr'>demi</span> <span class='ocrx_word' id='word_1_209' title='bbox 456 2708 637 2745; x_wconf 89' lang='lat' dir='ltr'>hominem</span> <span class='ocrx_word' id='word_1_210' title='bbox 666 2709 835 2756; x_wconf 87' lang='lat' dir='ltr'>denotat)</span> <span class='ocrx_word' id='word_1_211' title='bbox 865 2722 974 2759; x_wconf 83' lang='lat' dir='ltr'>expe-</span> 
     </span>
     <span class='ocr_line' id='line_1_42' title="bbox 332 2763 977 2815; baseline 0.002 -14"><span class='ocrx_word' id='word_1_212' title='bbox 332 2764 399 2801; x_wconf 88' lang='lat' dir='ltr'>diit</span> <span class='ocrx_word' id='word_1_213' title='bbox 417 2763 610 2801; x_wconf 83' lang='lat' dir='ltr'><strong>Ruhnken.</strong></span> <span class='ocrx_word' id='word_1_214' title='bbox 642 2765 689 2801; x_wconf 89' lang='lat' dir='ltr'>ad</span> <span class='ocrx_word' id='word_1_215' title='bbox 713 2764 882 2815; x_wconf 90' lang='lat' dir='ltr'>Xenoph.</span> <span class='ocrx_word' id='word_1_216' title='bbox 901 2777 977 2802; x_wconf 88' lang='lat' dir='ltr'>me-</span> 
     </span>
    </p>
   </div>
   <div class='ocr_carea' id='block_1_9' title="bbox 333 2819 980 2914">
    <p class='ocr_par' dir='ltr' id='par_1_11' title="bbox 333 2819 980 2914">
     <span class='ocr_line' id='line_1_43' title="bbox 333 2819 978 2867; baseline 0.003 -12"><span class='ocrx_word' id='word_1_217' title='bbox 333 2832 422 2858; x_wconf 90' lang='lat' dir='ltr'>mor.</span> <span class='ocrx_word' id='word_1_218' title='bbox 442 2819 478 2867; x_wconf 90' lang='lat'>1,</span> <span class='ocrx_word' id='word_1_219' title='bbox 497 2821 535 2866; x_wconf 82' lang='lat'>2,</span> <span class='ocrx_word' id='word_1_220' title='bbox 555 2819 607 2860; x_wconf 88' lang='lat'>58</span> <span class='ocrx_word' id='word_1_221' title='bbox 626 2832 647 2856; x_wconf 88' lang='lat' dir='ltr'>a</span> <span class='ocrx_word' id='word_1_222' title='bbox 667 2819 882 2857; x_wconf 86' lang='lat' dir='ltr'>Tittmanno</span> <span class='ocrx_word' id='word_1_223' title='bbox 902 2820 978 2857; x_wconf 86' lang='lat' dir='ltr'>lau-</span> 
     </span>
     <span class='ocr_line' id='line_1_44' title="bbox 334 2872 980 2914; baseline 0 -1"><span class='ocrx_word' id='word_1_224' title='bbox 334 2876 451 2913; x_wconf 87' lang='lat' dir='ltr'>datus.</span> <span class='ocrx_word' id='word_1_225' title='bbox 508 2874 604 2912; x_wconf 90' lang='lat' dir='ltr'>Add.</span> <span class='ocrx_word' id='word_1_226' title='bbox 634 2874 807 2914; x_wconf 86' lang='lat' dir='ltr'>Valcken.</span> <span class='ocrx_word' id='word_1_227' title='bbox 829 2877 877 2913; x_wconf 91' lang='lat' dir='ltr'>ad</span> <span class='ocrx_word' id='word_1_228' title='bbox 905 2872 980 2914; x_wconf 87' lang='lat' dir='ltr'>He-</span> 
     </span>
    </p>
   </div>
   <div class='ocr_carea' id='block_1_10' title="bbox 1025 859 1681 1752">
    <p class='ocr_par' dir='ltr' id='par_1_12' title="bbox 1025 859 1681 1752">
     <span class='ocr_line' id='line_1_45' title="bbox 1025 859 1670 906; baseline -0.002 -7"><span class='ocrx_word' id='word_1_229' title='bbox 1025 862 1144 900; x_wconf 90' lang='lat' dir='ltr'>rodot.</span> <span class='ocrx_word' id='word_1_230' title='bbox 1168 860 1217 897; x_wconf 86' lang='lat'>111</span> <span class='ocrx_word' id='word_1_231' title='bbox 1230 888 1241 906; x_wconf 91' lang='lat'>,</span> <span class='ocrx_word' id='word_1_232' title='bbox 1259 859 1325 901; x_wconf 88' lang='lat'>55.</span> <span class='ocrx_word' id='word_1_233' title='bbox 1367 859 1548 897; x_wconf 85' lang='lat' dir='ltr'>Herodoti</span> <span class='ocrx_word' id='word_1_234' title='bbox 1568 872 1670 898; x_wconf 91' lang='lat' dir='ltr'>usum</span> 
     </span>
     <span class='ocr_line' id='line_1_46' title="bbox 1026 915 1672 967; baseline -0.002 -12"><span class='ocrx_word' id='word_1_235' title='bbox 1026 919 1189 967; x_wconf 87' lang='lat' dir='ltr'>sequitur</span> <span class='ocrx_word' id='word_1_236' title='bbox 1207 928 1465 965; x_wconf 88' lang='lat' dir='ltr'>nonnunquam</span> <span class='ocrx_word' id='word_1_237' title='bbox 1476 915 1672 965; x_wconf 87' lang='lat' dir='ltr'>Dionysius</span> 
     </span>
     <span class='ocr_line' id='line_1_47' title="bbox 1025 971 1674 1018; baseline -0.005 -7"><span class='ocrx_word' id='word_1_238' title='bbox 1025 974 1210 1011; x_wconf 86' lang='lat' dir='ltr'>Halicarn.</span> <span class='ocrx_word' id='word_1_239' title='bbox 1228 985 1262 1009; x_wconf 83' lang='lat' dir='ltr'>v.</span> <span class='ocrx_word' id='word_1_240' title='bbox 1281 986 1310 1009; x_wconf 87' lang='lat' dir='ltr'>c.</span> <span class='ocrx_word' id='word_1_241' title='bbox 1331 972 1377 1018; x_wconf 89' lang='lat' dir='ltr'>V,</span> <span class='ocrx_word' id='word_1_242' title='bbox 1401 973 1467 1012; x_wconf 79' lang='lat'>2.“</span> <span class='ocrx_word' id='word_1_243' title='bbox 1499 971 1564 1009; x_wconf 80' lang='lat' dir='ltr'>Cr.</span> <span class='ocrx_word' id='word_1_244' title='bbox 1594 972 1674 1010; x_wconf 89' lang='lat' dir='ltr'>Nec</span> 
     </span>
     <span class='ocr_line' id='line_1_48' title="bbox 1027 1028 1674 1078; baseline -0.003 -11"><span class='ocrx_word' id='word_1_245' title='bbox 1027 1030 1162 1077; x_wconf 84' lang='lat' dir='ltr'>differt,</span> <span class='ocrx_word' id='word_1_246' title='bbox 1183 1029 1283 1078; x_wconf 89' lang='lat' dir='ltr'>quod</span> <span class='ocrx_word' id='word_1_247' title='bbox 1300 1029 1345 1065; x_wconf 81' lang='lat' dir='ltr'>ab</span> <span class='ocrx_word' id='word_1_248' title='bbox 1358 1028 1544 1065; x_wconf 86' lang='lat' dir='ltr'>Hellanico</span> <span class='ocrx_word' id='word_1_249' title='bbox 1556 1028 1674 1078; x_wconf 89' lang='lat' dir='ltr'>(apud</span> 
     </span>
     <span class='ocr_line' id='line_1_49' title="bbox 1026 1083 1675 1134; baseline -0.005 -11"><span class='ocrx_word' id='word_1_250' title='bbox 1026 1086 1155 1124; x_wconf 86' lang='lat' dir='ltr'>Athen.</span> <span class='ocrx_word' id='word_1_251' title='bbox 1176 1085 1246 1122; x_wconf 90' lang='lat' dir='ltr'>XV</span> <span class='ocrx_word' id='word_1_252' title='bbox 1269 1098 1306 1134; x_wconf 91' lang='lat' dir='ltr'>p.</span> <span class='ocrx_word' id='word_1_253' title='bbox 1327 1085 1427 1133; x_wconf 85' lang='lat'>680)</span> <span class='ocrx_word' id='word_1_254' title='bbox 1455 1083 1597 1121; x_wconf 86' lang='lat' dir='ltr'>Amasis</span> <span class='ocrx_word' id='word_1_255' title='bbox 1621 1085 1675 1121; x_wconf 87' lang='lat' dir='ltr'>di-</span> 
     </span>
     <span class='ocr_line' id='line_1_50' title="bbox 1027 1136 1676 1191; baseline -0.002 -11"><span class='ocrx_word' id='word_1_256' title='bbox 1027 1143 1117 1180; x_wconf 84' lang='lat' dir='ltr'>citur</span> <span class='ocrx_word' id='word_1_257' title='bbox 1147 1136 1308 1190; x_wconf 75' lang='grc' dir='ltr'><em>ἰδιώτης</em></span> <span class='ocrx_word' id='word_1_258' title='bbox 1332 1138 1400 1178; x_wconf 66' lang='lat' dir='ltr'>nat</span> <span class='ocrx_word' id='word_1_259' title='bbox 1428 1142 1509 1179; x_wconf 80' lang='grc' dir='ltr'>τῶν</span> <span class='ocrx_word' id='word_1_260' title='bbox 1544 1136 1676 1191; x_wconf 82' lang='grc' dir='ltr'><em>τυχόν-</em></span> 
     </span>
     <span class='ocr_line' id='line_1_51' title="bbox 1027 1196 1677 1245; baseline -0.005 -8"><span class='ocrx_word' id='word_1_261' title='bbox 1027 1214 1116 1237; x_wconf 88' lang='grc' dir='ltr'><em>των.</em></span> <span class='ocrx_word' id='word_1_262' title='bbox 1175 1198 1269 1234; x_wconf 86' lang='lat' dir='ltr'>Cum</span> <span class='ocrx_word' id='word_1_263' title='bbox 1286 1198 1381 1234; x_wconf 90' lang='lat' dir='ltr'>enim</span> <span class='ocrx_word' id='word_1_264' title='bbox 1401 1209 1422 1233; x_wconf 89' lang='lat' dir='ltr'>a</span> <span class='ocrx_word' id='word_1_265' title='bbox 1440 1196 1604 1234; x_wconf 90' lang='lat' dir='ltr'>Diodoro</span> <span class='ocrx_word' id='word_1_266' title='bbox 1629 1197 1677 1245; x_wconf 82' lang='lat' dir='ltr'>ll,</span> 
     </span>
     <span class='ocr_line' id='line_1_52' title="bbox 1029 1247 1677 1304; baseline 0.002 -13"><span class='ocrx_word' id='word_1_267' title='bbox 1029 1258 1082 1296; x_wconf 85' lang='lat'>68</span> <span class='ocrx_word' id='word_1_268' title='bbox 1101 1254 1242 1291; x_wconf 84' lang='lat' dir='ltr'>Amasis</span> <span class='ocrx_word' id='word_1_269' title='bbox 1261 1257 1408 1289; x_wconf 88' lang='lat' dir='ltr'>vocatur</span> <span class='ocrx_word' id='word_1_270' title='bbox 1428 1247 1531 1304; x_wconf 75' lang='grc' dir='ltr'>α’νήρ</span> <span class='ocrx_word' id='word_1_271' title='bbox 1553 1252 1677 1304; x_wconf 80' lang='grc' dir='ltr'><em>ἐμφα-</em></span> 
     </span>
     <span class='ocr_line' id='line_1_53' title="bbox 1027 1308 1677 1360; baseline 0 -14"><span class='ocrx_word' id='word_1_272' title='bbox 1027 1308 1114 1360; x_wconf 75' lang='grc' dir='ltr'>νής,</span> <span class='ocrx_word' id='word_1_273' title='bbox 1133 1323 1207 1346; x_wconf 92' lang='lat' dir='ltr'>non</span> <span class='ocrx_word' id='word_1_274' title='bbox 1224 1315 1297 1346; x_wconf 88' lang='lat' dir='ltr'>tam</span> <span class='ocrx_word' id='word_1_275' title='bbox 1315 1309 1363 1346; x_wconf 90' lang='lat' dir='ltr'>ad</span> <span class='ocrx_word' id='word_1_276' title='bbox 1381 1309 1552 1358; x_wconf 85' lang='lat' dir='ltr'>origines,</span> <span class='ocrx_word' id='word_1_277' title='bbox 1568 1322 1677 1358; x_wconf 85' lang='lat' dir='ltr'>quam</span> 
     </span>
     <span class='ocr_line' id='line_1_54' title="bbox 1029 1365 1678 1416; baseline -0.003 -12"><span class='ocrx_word' id='word_1_278' title='bbox 1029 1369 1077 1405; x_wconf 89' lang='lat' dir='ltr'>ad</span> <span class='ocrx_word' id='word_1_279' title='bbox 1096 1380 1153 1403; x_wconf 91' lang='lat' dir='ltr'>res</span> <span class='ocrx_word' id='word_1_280' title='bbox 1179 1370 1324 1415; x_wconf 84' lang='lat' dir='ltr'>gestas,</span> <span class='ocrx_word' id='word_1_281' title='bbox 1353 1365 1484 1413; x_wconf 86' lang='lat' dir='ltr'>quibus</span> <span class='ocrx_word' id='word_1_282' title='bbox 1507 1366 1565 1403; x_wconf 92' lang='lat' dir='ltr'>ille</span> <span class='ocrx_word' id='word_1_283' title='bbox 1593 1370 1678 1416; x_wconf 90' lang='lat' dir='ltr'>post</span> 
     </span>
     <span class='ocr_line' id='line_1_55' title="bbox 1029 1421 1678 1471; baseline -0.005 -10"><span class='ocrx_word' id='word_1_284' title='bbox 1029 1424 1199 1469; x_wconf 82' lang='lat' dir='ltr'>eminuit,</span> <span class='ocrx_word' id='word_1_285' title='bbox 1221 1421 1424 1471; x_wconf 83' lang='lat' dir='ltr'>respexisse</span> <span class='ocrx_word' id='word_1_286' title='bbox 1438 1421 1587 1459; x_wconf 87' lang='lat' dir='ltr'>videtur.</span> <span class='ocrx_word' id='word_1_287' title='bbox 1619 1422 1678 1458; x_wconf 90' lang='lat' dir='ltr'>Cf.</span> 
     </span>
     <span class='ocr_line' id='line_1_56' title="bbox 1030 1477 1679 1529; baseline -0.003 -13"><span class='ocrx_word' id='word_1_288' title='bbox 1030 1492 1123 1529; x_wconf 88' lang='lat' dir='ltr'>quae</span> <span class='ocrx_word' id='word_1_289' title='bbox 1143 1479 1190 1515; x_wconf 92' lang='lat' dir='ltr'>de</span> <span class='ocrx_word' id='word_1_290' title='bbox 1206 1477 1377 1515; x_wconf 86' lang='lat' dir='ltr'>Amaside</span> <span class='ocrx_word' id='word_1_291' title='bbox 1395 1478 1537 1515; x_wconf 84' lang='lat' dir='ltr'>disserit</span> <span class='ocrx_word' id='word_1_292' title='bbox 1553 1477 1594 1514; x_wconf 91' lang='lat' dir='ltr'>P.</span> <span class='ocrx_word' id='word_1_293' title='bbox 1606 1490 1679 1514; x_wconf 77' lang='lat' dir='ltr'>van</span> 
     </span>
     <span class='ocr_line' id='line_1_57' title="bbox 1029 1533 1680 1583; baseline -0.006 -9"><span class='ocrx_word' id='word_1_294' title='bbox 1029 1536 1230 1583; x_wconf 85' lang='lat' dir='ltr'>Limburg-</span> <span class='ocrx_word' id='word_1_295' title='bbox 1240 1534 1415 1571; x_wconf 83' lang='lat' dir='ltr'>Brouwer</span> <span class='ocrx_word' id='word_1_296' title='bbox 1449 1533 1487 1570; x_wconf 90' lang='lat' dir='ltr'>in</span> <span class='ocrx_word' id='word_1_297' title='bbox 1508 1534 1680 1570; x_wconf 85' lang='lat' dir='ltr'>Gedach-</span> 
     </span>
     <span class='ocr_line' id='line_1_58' title="bbox 1029 1589 1680 1629; baseline -0.005 0"><span class='ocrx_word' id='word_1_298' title='bbox 1029 1597 1092 1629; x_wconf 90' lang='lat' dir='ltr'>ten</span> <span class='ocrx_word' id='word_1_299' title='bbox 1121 1603 1207 1628; x_wconf 75' lang='lat' dir='ltr'>over</span> <span class='ocrx_word' id='word_1_300' title='bbox 1232 1590 1295 1626; x_wconf 90' lang='lat' dir='ltr'>het</span> <span class='ocrx_word' id='word_1_301' title='bbox 1326 1589 1497 1627; x_wconf 91' lang='lat' dir='ltr'>Verband</span> <span class='ocrx_word' id='word_1_302' title='bbox 1529 1589 1680 1627; x_wconf 74' lang='lat' dir='ltr'>tuschen</span> 
     </span>
     <span class='ocr_line' id='line_1_59' title="bbox 1032 1646 1679 1696; baseline -0.003 -11"><span class='ocrx_word' id='word_1_303' title='bbox 1032 1649 1079 1685; x_wconf 90' lang='lat' dir='ltr'>de</span> <span class='ocrx_word' id='word_1_304' title='bbox 1130 1646 1406 1696; x_wconf 84' lang='lat' dir='ltr'>godsdienstige</span> <span class='ocrx_word' id='word_1_305' title='bbox 1455 1646 1679 1694; x_wconf 90' lang='lat' dir='ltr'>enzedelijke</span> 
     </span>
     <span class='ocr_line' id='line_1_60' title="bbox 1030 1701 1681 1752; baseline -0.003 -11"><span class='ocrx_word' id='word_1_306' title='bbox 1030 1703 1258 1751; x_wconf 78' lang='lat' dir='ltr'>Beschaving</span> <span class='ocrx_word' id='word_1_307' title='bbox 1304 1702 1369 1739; x_wconf 92' lang='lat' dir='ltr'>der</span> <span class='ocrx_word' id='word_1_308' title='bbox 1418 1701 1681 1752; x_wconf 64' lang='lat' dir='ltr'>Egjptenareu</span> 
     </span>
    </p>
   </div>
   <div class='ocr_carea' id='block_1_11' title="bbox 1033 1759 1689 2924">
    <p class='ocr_par' dir='ltr' id='par_1_13' title="bbox 1035 1759 1680 1824">
     <span class='ocr_line' id='line_1_61' title="bbox 1035 1759 1680 1824; baseline -0.002 -28"><span class='ocrx_word' id='word_1_309' title='bbox 1035 1759 1390 1828; x_wconf 74' lang='lat' dir='ltr'>(Amsterd.182{3)</span> <span class='ocrx_word' id='word_1_310' title='bbox 1420 1771 1506 1808; x_wconf 78' lang='lat' dir='ltr'>pag·</span> <span class='ocrx_word' id='word_1_311' title='bbox 1527 1759 1581 1799; x_wconf 84' lang='lat'>33</span> <span class='ocrx_word' id='word_1_312' title='bbox 1602 1771 1680 1808; x_wconf 88' lang='lat' dir='ltr'>seq.</span> 
     </span>
    </p>

    <p class='ocr_par' dir='ltr' id='par_1_14' title="bbox 1033 1809 1689 2924">
     <span class='ocr_line' id='line_1_62' title="bbox 1091 1809 1679 1869; baseline -0.003 -15"><span class='ocrx_word' id='word_1_313' title='bbox 1091 1815 1214 1869; x_wconf 81' lang='grc' dir='ltr'><em>σοφίη</em></span> <span class='ocrx_word' id='word_1_314' title='bbox 1239 1834 1292 1841; x_wconf 92' lang='grc'>-</span> <span class='ocrx_word' id='word_1_315' title='bbox 1310 1809 1385 1853; x_wconf 73' lang='grc' dir='ltr'>οὐκ</span> <span class='ocrx_word' id='word_1_316' title='bbox 1415 1809 1679 1867; x_wconf 71' lang='grc' dir='ltr'><em>ἀγνωμοσύνῃ</em></span> 
     </span>
     <span class='ocr_line' id='line_1_63' title="bbox 1033 1855 1682 1924; baseline -0.005 -13"><span class='ocrx_word' id='word_1_317' title='bbox 1033 1855 1326 1924; x_wconf 76' lang='grc' dir='ltr'><em>προσηγάγετο]</em></span> <span class='ocrx_word' id='word_1_318' title='bbox 1358 1870 1563 1922; x_wconf 88' lang='lat' dir='ltr'>Displicent</span> <span class='ocrx_word' id='word_1_319' title='bbox 1591 1871 1682 1908; x_wconf 74' lang='lat' dir='ltr'>haee</span> 
     </span>
     <span class='ocr_line' id='line_1_64' title="bbox 1033 1926 1682 1974; baseline -0.005 -8"><span class='ocrx_word' id='word_1_320' title='bbox 1033 1927 1304 1974; x_wconf 83' lang='lat' dir='ltr'>Valckenario,</span> <span class='ocrx_word' id='word_1_321' title='bbox 1347 1940 1428 1964; x_wconf 91' lang='lat' dir='ltr'>cum</span> <span class='ocrx_word' id='word_1_322' title='bbox 1466 1939 1573 1964; x_wconf 92' lang='lat' dir='ltr'>nemo</span> <span class='ocrx_word' id='word_1_323' title='bbox 1612 1926 1682 1963; x_wconf 86' lang='lat' dir='ltr'>dici</span> 
     </span>
     <span class='ocr_line' id='line_1_65' title="bbox 1035 1977 1682 2037; baseline 0.002 -16"><span class='ocrx_word' id='word_1_324' title='bbox 1035 1986 1153 2036; x_wconf 85' lang='lat' dir='ltr'>possit</span> <span class='ocrx_word' id='word_1_325' title='bbox 1185 1983 1391 2033; x_wconf 83' lang='lat' dir='ltr'>quempiam</span> <span class='ocrx_word' id='word_1_326' title='bbox 1416 1977 1682 2037; x_wconf 85' lang='grc' dir='ltr'><em>αγνωμοσύνῃ</em></span> 
     </span>
     <span class='ocr_line' id='line_1_66' title="bbox 1036 2038 1684 2092; baseline -0.006 -13"><span class='ocrx_word' id='word_1_327' title='bbox 1036 2038 1360 2092; x_wconf 79' lang='grc' dir='ltr'><em>ποοσαγαγέσθαι</em></span> <span class='ocrx_word' id='word_1_328' title='bbox 1378 2039 1536 2089; x_wconf 87' lang='lat' dir='ltr'>indeque</span> <span class='ocrx_word' id='word_1_329' title='bbox 1556 2038 1684 2088; x_wconf 88' lang='lat' dir='ltr'>legen-</span> 
     </span>
     <span class='ocr_line' id='line_1_67' title="bbox 1036 2089 1683 2146; baseline 0 -13"><span class='ocrx_word' id='word_1_330' title='bbox 1036 2098 1123 2134; x_wconf 88' lang='lat' dir='ltr'>dum</span> <span class='ocrx_word' id='word_1_331' title='bbox 1140 2110 1222 2134; x_wconf 86' lang='lat' dir='ltr'>esse</span> <span class='ocrx_word' id='word_1_332' title='bbox 1243 2100 1388 2133; x_wconf 80' lang='lat' dir='ltr'>censet:</span> <span class='ocrx_word' id='word_1_333' title='bbox 1420 2110 1495 2134; x_wconf 79' lang='grc' dir='ltr'>ουκ</span> <span class='ocrx_word' id='word_1_334' title='bbox 1520 2089 1574 2134; x_wconf 87' lang='grc' dir='ltr'>ευ’</span> <span class='ocrx_word' id='word_1_335' title='bbox 1585 2109 1683 2146; x_wconf 78' lang='grc' dir='ltr'><em>γνω-</em></span> 
     </span>
     <span class='ocr_line' id='line_1_68' title="bbox 1037 2147 1685 2206; baseline -0.005 -15"><span class='ocrx_word' id='word_1_336' title='bbox 1037 2148 1192 2206; x_wconf 85' lang='grc' dir='ltr'><em>μοσύνῃ</em></span> <span class='ocrx_word' id='word_1_337' title='bbox 1225 2147 1520 2202; x_wconf 71' lang='grc' dir='ltr'><em>ποοσηγεὲγετοι</em></span> <span class='ocrx_word' id='word_1_338' title='bbox 1561 2151 1685 2199; x_wconf 84' lang='lat' dir='ltr'>Aegy·</span> 
     </span>
     <span class='ocr_line' id='line_1_69' title="bbox 1035 2207 1687 2259; baseline -0.005 -14"><span class='ocrx_word' id='word_1_339' title='bbox 1035 2209 1131 2259; x_wconf 84' lang='lat' dir='ltr'>ptios</span> <span class='ocrx_word' id='word_1_340' title='bbox 1152 2208 1294 2245; x_wconf 87' lang='lat' dir='ltr'>Amasis</span> <span class='ocrx_word' id='word_1_341' title='bbox 1316 2207 1444 2244; x_wconf 72' lang='lat' dir='ltr'>callido</span> <span class='ocrx_word' id='word_1_342' title='bbox 1468 2209 1586 2257; x_wconf 78' lang='lat' dir='ltr'>potius</span> <span class='ocrx_word' id='word_1_343' title='bbox 1605 2219 1687 2243; x_wconf 87' lang='lat' dir='ltr'>con-</span> 
     </span>
     <span class='ocr_line' id='line_1_70' title="bbox 1037 2263 1686 2314; baseline -0.002 -13"><span class='ocrx_word' id='word_1_344' title='bbox 1037 2265 1117 2301; x_wconf 79' lang='lat' dir='ltr'>silio</span> <span class='ocrx_word' id='word_1_345' title='bbox 1145 2276 1248 2314; x_wconf 80' lang='lat' dir='ltr'>quam</span> <span class='ocrx_word' id='word_1_346' title='bbox 1272 2263 1412 2300; x_wconf 78' lang='lat' dir='ltr'>lenitate</span> <span class='ocrx_word' id='word_1_347' title='bbox 1442 2267 1474 2299; x_wconf 87' lang='lat' dir='ltr'>et</span> <span class='ocrx_word' id='word_1_348' title='bbox 1506 2263 1686 2300; x_wconf 76' lang='lat' dir='ltr'>clementia</span> 
     </span>
     <span class='ocr_line' id='line_1_71' title="bbox 1037 2319 1685 2367; baseline 0 -11"><span class='ocrx_word' id='word_1_349' title='bbox 1037 2321 1106 2356; x_wconf 68' lang='lat' dir='ltr'>siba·</span> <span class='ocrx_word' id='word_1_350' title='bbox 1124 2319 1338 2358; x_wconf 67' lang='lat' dir='ltr'>conciliavit.</span> <span class='ocrx_word' id='word_1_351' title='bbox 1378 2319 1492 2355; x_wconf 91' lang='lat' dir='ltr'>Addit</span> <span class='ocrx_word' id='word_1_352' title='bbox 1510 2320 1562 2355; x_wconf 87' lang='lat' dir='ltr'>vir</span> <span class='ocrx_word' id='word_1_353' title='bbox 1580 2332 1685 2367; x_wconf 84' lang='lat' dir='ltr'>egre-</span> 
     </span>
     <span class='ocr_line' id='line_1_72' title="bbox 1039 2374 1684 2425; baseline 0.003 -15"><span class='ocrx_word' id='word_1_354' title='bbox 1039 2376 1119 2424; x_wconf 84' lang='lat' dir='ltr'>gius</span> <span class='ocrx_word' id='word_1_355' title='bbox 1139 2374 1285 2423; x_wconf 84' lang='grc' dir='ltr'><em>σοφίαν</em></span> <span class='ocrx_word' id='word_1_356' title='bbox 1305 2375 1361 2411; x_wconf 87' lang='lat' dir='ltr'>hio</span> <span class='ocrx_word' id='word_1_357' title='bbox 1377 2379 1417 2411; x_wconf 92' lang='lat' dir='ltr'>ut</span> <span class='ocrx_word' id='word_1_358' title='bbox 1435 2375 1519 2412; x_wconf 91' lang='lat' dir='ltr'>alibi</span> <span class='ocrx_word' id='word_1_359' title='bbox 1540 2376 1684 2425; x_wconf 87' lang='lat' dir='ltr'>saepius</span> 
     </span>
     <span class='ocr_line' id='line_1_73' title="bbox 1041 2429 1686 2482; baseline 0.002 -14"><span class='ocrx_word' id='word_1_360' title='bbox 1041 2443 1121 2468; x_wconf 89' lang='lat' dir='ltr'>esse</span> <span class='ocrx_word' id='word_1_361' title='bbox 1153 2430 1405 2477; x_wconf 79' lang='lat' dir='ltr'>calliditatem,</span> <span class='ocrx_word' id='word_1_362' title='bbox 1445 2429 1686 2482; x_wconf 79' lang='grc' dir='ltr'><em>προσαγαγέ-</em></span> 
     </span>
     <span class='ocr_line' id='line_1_74' title="bbox 1042 2486 1686 2536; baseline -0.003 -11"><span class='ocrx_word' id='word_1_363' title='bbox 1042 2490 1139 2525; x_wconf 82' lang='grc' dir='ltr'><em>σθαι</em></span> <span class='ocrx_word' id='word_1_364' title='bbox 1155 2499 1240 2523; x_wconf 82' lang='lat' dir='ltr'>vero</span> <span class='ocrx_word' id='word_1_365' title='bbox 1264 2486 1398 2536; x_wconf 90' lang='lat' dir='ltr'>optime</span> <span class='ocrx_word' id='word_1_366' title='bbox 1418 2499 1480 2524; x_wconf 86' lang='lat' dir='ltr'>eos</span> <span class='ocrx_word' id='word_1_367' title='bbox 1505 2487 1594 2534; x_wconf 88' lang='lat' dir='ltr'>dici,</span> <span class='ocrx_word' id='word_1_368' title='bbox 1624 2487 1686 2536; x_wconf 91' lang='lat' dir='ltr'>qui</span> 
     </span>
     <span class='ocr_line' id='line_1_75' title="bbox 1041 2541 1686 2591; baseline 0.002 -12"><span class='ocrx_word' id='word_1_369' title='bbox 1041 2542 1109 2579; x_wconf 72' lang='lat' dir='ltr'>sibi</span> <span class='ocrx_word' id='word_1_370' title='bbox 1127 2541 1289 2579; x_wconf 79' lang='lat' dir='ltr'>studeant</span> <span class='ocrx_word' id='word_1_371' title='bbox 1308 2541 1473 2591; x_wconf 77' lang='lat' dir='ltr'>populum</span> <span class='ocrx_word' id='word_1_372' title='bbox 1489 2543 1686 2590; x_wconf 75' lang='lat' dir='ltr'>conciliare,</span> 
     </span>
     <span class='ocr_line' id='line_1_76' title="bbox 1034 2600 1689 2649; baseline 0.003 -15"><span class='ocrx_word' id='word_1_373' title='bbox 1034 2600 1209 2649; x_wconf 79' lang='lat' dir='ltr'>principes</span> <span class='ocrx_word' id='word_1_374' title='bbox 1234 2600 1329 2634; x_wconf 77' lang='lat' dir='ltr'>viros</span> <span class='ocrx_word' id='word_1_375' title='bbox 1351 2600 1589 2647; x_wconf 78' lang='lat' dir='ltr'>potissimum,</span> <span class='ocrx_word' id='word_1_376' title='bbox 1627 2601 1689 2649; x_wconf 81' lang='lat' dir='ltr'>qui</span> 
     </span>
     <span class='ocr_line' id='line_1_77' title="bbox 1041 2653 1687 2692; baseline 0 -1"><span class='ocrx_word' id='word_1_377' title='bbox 1041 2656 1151 2691; x_wconf 76' lang='lat' dir='ltr'>variis</span> <span class='ocrx_word' id='word_1_378' title='bbox 1176 2654 1314 2691; x_wconf 78' lang='lat' dir='ltr'>artibus</span> <span class='ocrx_word' id='word_1_379' title='bbox 1348 2653 1437 2690; x_wconf 77' lang='lat' dir='ltr'>alios</span> <span class='ocrx_word' id='word_1_380' title='bbox 1464 2655 1628 2692; x_wconf 79' lang='lat' dir='ltr'>alliciant</span> <span class='ocrx_word' id='word_1_381' title='bbox 1654 2658 1687 2691; x_wconf 85' lang='lat' dir='ltr'>et</span> 
     </span>
     <span class='ocr_line' id='line_1_78' title="bbox 1042 2710 1689 2759; baseline 0 -12"><span class='ocrx_word' id='word_1_382' title='bbox 1042 2710 1090 2747; x_wconf 86' lang='lat' dir='ltr'>ad</span> <span class='ocrx_word' id='word_1_383' title='bbox 1105 2710 1259 2747; x_wconf 72' lang='lat' dir='ltr'>stadium</span> <span class='ocrx_word' id='word_1_384' title='bbox 1276 2712 1334 2746; x_wconf 80' lang='lat' dir='ltr'>sui</span> <span class='ocrx_word' id='word_1_385' title='bbox 1347 2710 1550 2759; x_wconf 79' lang='lat' dir='ltr'>perducant.</span> <span class='ocrx_word' id='word_1_386' title='bbox 1583 2711 1689 2754; x_wconf 87' lang='lat' dir='ltr'>Quae</span> 
     </span>
     <span class='ocr_line' id='line_1_79' title="bbox 1043 2765 1686 2816; baseline -0.002 -13"><span class='ocrx_word' id='word_1_387' title='bbox 1043 2767 1125 2816; x_wconf 84' lang='lat' dir='ltr'>ipsa</span> <span class='ocrx_word' id='word_1_388' title='bbox 1158 2766 1266 2803; x_wconf 88' lang='lat' dir='ltr'>etiam</span> <span class='ocrx_word' id='word_1_389' title='bbox 1302 2765 1474 2814; x_wconf 86' lang='lat' dir='ltr'>exemplis</span> <span class='ocrx_word' id='word_1_390' title='bbox 1511 2766 1686 2816; x_wconf 89' lang='lat' dir='ltr'>appositis</span> 
     </span>
     <span class='ocr_line' id='line_1_80' title="bbox 1045 2821 1686 2859; baseline -0.002 0"><span class='ocrx_word' id='word_1_391' title='bbox 1045 2821 1218 2859; x_wconf 87' lang='lat' dir='ltr'>illustrare</span> <span class='ocrx_word' id='word_1_392' title='bbox 1238 2821 1373 2857; x_wconf 86' lang='lat' dir='ltr'>studuit</span> <span class='ocrx_word' id='word_1_393' title='bbox 1386 2821 1438 2857; x_wconf 90' lang='lat' dir='ltr'>vir</span> <span class='ocrx_word' id='word_1_394' title='bbox 1450 2822 1686 2858; x_wconf 86' lang='lat' dir='ltr'>doctissimus.</span> 
     </span>
     <span class='ocr_line' id='line_1_81' title="bbox 1046 2877 1686 2924; baseline -0.003 -8"><span class='ocrx_word' id='word_1_395' title='bbox 1046 2877 1127 2916; x_wconf 88' lang='lat' dir='ltr'>Nec</span> <span class='ocrx_word' id='word_1_396' title='bbox 1153 2881 1274 2915; x_wconf 86' lang='lat' dir='ltr'>tamen</span> <span class='ocrx_word' id='word_1_397' title='bbox 1297 2877 1384 2914; x_wconf 83' lang='lat' dir='ltr'>satis</span> <span class='ocrx_word' id='word_1_398' title='bbox 1410 2888 1539 2915; x_wconf 84' lang='lat' dir='ltr'>causae</span> <span class='ocrx_word' id='word_1_399' title='bbox 1567 2877 1686 2924; x_wconf 87' lang='lat' dir='ltr'>video,</span> 
     </span>
    </p>
   </div>
   <div class='ocr_carea' id='block_1_12' title="bbox 1736 0 1777 873">
    <p class='ocr_par' dir='ltr' id='par_1_15' title="bbox 1736 0 1777 873">
     <span class='ocr_line' id='line_1_82' title="bbox 1736 0 1777 873; baseline 0 0"><span class='ocrx_word' id='word_1_400' title='bbox 1736 0 1777 873; x_wconf 95' lang='lat' dir='ltr'> </span> 
     </span>
    </p>
   </div>
  </div>
 </body>
</html>
