1759 3324
346 238 430 278 732

738 237 1211 277 HERODOTI

347 347 506 403 Μέμφι
534 345 673 402 κάρτα
703 346 837 391 καλόν
865 364 909 391 τε
939 348 1014 391 καὶ
1043 342 1092 391 εὖ
1129 347 1468 403 ἐσκευασμένον,
1526 352 1606 393 τοῦ

317 425 638 483 ΞΓΗφαιστηΐου
666 425 775 482 πρὸς
813 426 944 470 νότον
975 427 1138 483 ἄνεμον
1166 428 1380 483 κείμενον.
1438 443 1605 484 περιοι-

345 506 495 549 κέουσι
525 506 570 550 δὲ
599 505 649 549 τὸ
677 506 853 561 τέμενος
892 510 1022 550 τοῦτο
1060 509 1259 558 Φοίνικες
1293 506 1449 562 Τύριοι
1469 523 1478 532 ·
1525 525 1606 552 κα-

346 583 484 628 λέεται
515 586 560 628 δὲ
590 585 614 628 ὁ
645 590 784 641 χῶρος
815 581 943 636 οὗτος
974 585 998 629 ὁ
1027 586 1246 639 συνάπας,
1283 589 1456 640 Τυρίων
1477 596 1664 642 orna—60

317 663 545 707 3τόπεδον.
600 664 689 708 ἔστι
718 665 764 707 δὲ
795 664 840 707 ἐν
869 669 929 723 τῷ
959 665 1125 720 τεμένεϊ
1150 669 1232 709 τοῦ
1261 667 1466 720 Πρωτέος
1497 668 1607 722 ἱρὸν,

344 741 393 785 τὸ
438 742 634 786 καλέεται
680 744 835 799 Ξείνης
877 741 1150 800 Ἀφροδίτης·

1211 744 1514 801 συμβάλλομαι
1562 746 1609 790 δὲ

345 824 476 865 τοῦτο
504 820 554 864 τό
579 822 678 877 ἷρόν
709 820 822 865 εἶναι
845 821 1017 878 Ἑλένης
1046 827 1121 878 τῆς
1155 823 1411 879 Τυνδάρεω,
1436 825 1510 868 καὶ
1532 824 1610 869 τόν

345 899 479 956 λόγον
518 901 716 958 ἀκηκοώς
754 900 814 953 ὠς
853 901 1058 959 διαιτήθη
1091 900 1237 959 Ἑλένη
1274 903 1393 959 παρὰ
1423 905 1608 959 Πρωτέϊ,
1622 913 1665 947 65

290 1091 514 1136 posuerunt,
535 1088 806 1138 disceptabant,
827 1092 947 1125 utrum

288 1142 540 1193 Ἡφαιστεῖον
571 1146 627 1191 (s,
655 1149 695 1181 ut
723 1145 783 1182 alii
800 1143 947 1193 ‘'quocc'-

291 1202 440 1249 στειον)
469 1213 516 1237 an
536 1199 768 1249 Ἡφαίστιον
788 1203 947 1239 scriben-

290 1258 378 1296 dum
399 1258 454 1295 sit.
486 1257 568 1295 Vid.
587 1258 752 1295 Lobeck.
774 1259 821 1295 ad
831 1259 947 1306 Phry-

289 1314 384 1351 nich.
432 1314 572 1363 eclogg.
610 1327 695 1364 pag.
728 1317 811 1355 369
854 1327 946 1363 seq.,

290 1384 399 1420 quem
437 1372 510 1408 una
539 1385 620 1408 cum
651 1372 825 1421 Stephan.
853 1372 945 1409 thes.

290 1428 314 1465 l.
333 1429 398 1464 Gr.
419 1441 455 1478 p.
487 1430 566 1468 196
587 1440 690 1477 seqq.
708 1428 767 1466 ed.
786 1427 945 1465 Londin.

291 1485 341 1522 ad
357 1485 393 1521 h.
415 1484 438 1520 l.
461 1484 549 1522 citat
572 1484 638 1522 Cr.

357 1539 626 1592 περιοικέουσι
661 1563 717 1568 -
761 1539 946 1587 Φοίνικες

296 1593 448 1649 Τύριοι]
464 1598 556 1634 Cum
577 1598 622 1634 ab
641 1596 812 1647 Aegypto
830 1598 948 1634 omni-

290 1666 340 1690 no
361 1654 494 1692 exclusi
518 1657 639 1691 essent
654 1654 860 1705 peregrini,
880 1667 948 1691 nec

290 1710 400 1747 ullum
424 1711 462 1747 in
492 1711 655 1748 confiniis
693 1711 948 1748 commercium

291 1780 372 1805 cum
414 1768 542 1805 iisdem
584 1771 682 1805 esset
718 1768 947 1818 permissum,

293 1837 381 1862 sane
397 1825 551 1861 maxime
569 1825 772 1861 notandum
785 1853 795 1870 ,
816 1824 852 1860 in
867 1824 948 1874 ipsa

290 1881 382 1918 urbe
403 1881 546 1931 capitali
558 1880 800 1918 Phoenicibus
822 1881 948 1918 sedem

290 1937 405 1975 fuisse
435 1951 645 1975 concessam
671 1937 862 1987 vicumque
882 1950 949 1987 pe-

291 1994 461 2031 culiarem
503 1994 546 2031 iis
582 1995 767 2031 tributum.
836 1993 950 2037 Quod

291 2050 416 2100 procul
455 2051 567 2087 dubio
602 2050 805 2088 commercii
837 2062 948 2087 causa

292 2106 493 2143 institutum
510 2107 600 2152 suit3
618 2108 668 2143 ita
690 2111 730 2143 ut
746 2106 947 2143 Phoenices

292 2162 379 2199 inde
418 2176 500 2199 cum
537 2163 766 2200 interioribus
805 2162 950 2199 Africae

292 2219 503 2267 regionibus
534 2220 786 2256 commercium
812 2219 947 2267 egisse,

293 2287 338 2312 ex
373 2275 441 2311 hoc
467 2276 546 2324 ipso
577 2275 656 2311 loco
688 2275 805 2323 colligi
838 2287 949 2324 posse

295 2335 431 2368 statuat
448 2331 606 2368 Heeren.
622 2331 735 2367 ldeen
755 2330 783 2378 l,
797 2335 869 2380 21).
882 2330 948 2371 41.

297 2390 387 2428 120.
417 2387 474 2435 II,
496 2391 522 2429 2
549 2400 635 2438 pag.
656 2386 749 2427 384.

358 2445 515 2494 Τυρίων
546 2439 835 2495 στρατόπεδον]
872 2442 950 2479 Eo-

295 2502 379 2538 dem
398 2502 475 2538 fere
495 2501 605 2537 modo
625 2500 704 2536 loca
727 2512 749 2536 a
770 2499 949 2536 Psammi-

295 2558 390 2595 ticho
419 2557 565 2593 Ionibus
609 2560 647 2593 et
675 2556 830 2592 Caribus
863 2568 950 2592 con-

295 2626 400 2652 cessa
418 2613 584 2650 dicuntur
605 2615 669 2650 Στ
679 2627 699 2663 ρ
711 2628 735 2650 α
747 2627 766 2649 τ
778 2607 796 2650 ὁ
808 2627 836 2650 π
848 2626 862 2650 ε
876 2612 897 2650 δ
911 2627 946 2659 α,

295 2670 351 2717 ll,
390 2669 482 2711 154.
541 2669 602 2705 Sic
633 2681 779 2718 quoque
808 2680 949 2719 στραΠ

296 2721 522 2765 τόπεδον
542 2721 809 2764 Ἰουδαίων
831 2737 874 2761 ex
891 2724 949 2760 10-

297 2782 398 2832 seph.
425 2783 563 2832 antiqq.
591 2781 702 2829 XIV,
721 2784 745 2822 8
759 2809 769 2828 ,
792 2785 818 2822 2
847 2784 950 2818 notat

297 2839 517 2887 wesseling.
538 2842 575 2876 et
586 2837 796 2875 Iudaeorum
816 2841 948 2883 castra,

298 2908 392 2946 quae
416 2895 454 2933 in
478 2894 762 2944 Augustamnica
788 2892 949 2945 Aegypti

1014 1089 1200 1139 provincia
1241 1094 1431 1127 occurrunt
1479 1089 1516 1127 in
1562 1090 1668 1128 notit.

1014 1148 1100 1196 imp.
1125 1147 1252 1183 orient.
1279 1159 1364 1196 pag.
1386 1146 1480 1188 204.
1537 1147 1662 1195 Unde,

1015 1203 1106 1253 quid
1131 1204 1362 1240 statuendum
1391 1204 1438 1241 de
1468 1204 1670 1241 istiusmodi

1015 1259 1330 1310 appellationibus,
1350 1259 1540 1309 intelligas.
1580 1261 1669 1298 Fuit

1016 1318 1122 1354 sedes
1150 1316 1368 1364 Tyriorum,
1416 1320 1455 1353 ut
1493 1317 1668 1355 Heerenii

1013 1378 1098 1410 utar
1115 1373 1234 1410 verbis
1256 1372 1277 1409 l.
1300 1372 1322 1408 l.
1342 1373 1395 1419 ΙΙ,
1419 1376 1445 1414 2
1466 1386 1552 1423 pag.
1570 1372 1667 1421 384,

1013 1432 1088 1467 ez'ne
1111 1429 1538 1479 Handelsm'eclerlassung
1569 1433 1669 1467 unter

1013 1487 1089 1524 dem
1117 1486 1253 1523 Sclzutz
1279 1487 1370 1522 eines
1400 1485 1668 1535 Heilz'gtlzum55

1014 1544 1114 1581 cuius
1135 1543 1235 1580 modi
1265 1542 1377 1579 etiam
1404 1541 1669 1580 Naucratidem

1013 1600 1147 1646 fuisse,
1184 1598 1336 1635 Graecis
1365 1611 1459 1648 quae
1481 1600 1528 1636 ab
1558 1598 1669 1636 Ama-

1015 1657 1094 1694 side
1112 1660 1167 1693 est
1188 1667 1359 1693 concessa
1380 1655 1464 1704 (ΙΙ,
1484 1656 1595 1706 178),
1613 1656 1669 1693 ni-

1015 1712 1067 1751 hil
1089 1712 1249 1749 dubium.

1072 1766 1116 1808 τὸ
1146 1766 1325 1807 καλέεται
1355 1765 1496 1818 Ξείνης
1527 1762 1670 1820 Ἀφρο-

1016 1824 1150 1876 δίτης]
1194 1824 1348 1868 Quaerit
1382 1824 1540 1862 Heeren.
1570 1824 1618 1875 (l.
1644 1825 1668 1862 l.

1015 1884 1134 1932 not.),
1172 1886 1293 1918 utrum
1317 1881 1461 1918 Astarte
1484 1882 1592 1919 suerit
1622 1894 1670 1918 an

1016 1939 1088 1976 alia
1139 1939 1287 1987 quaevis
1322 1938 1546 1976 Phoenicum
1589 1938 1671 1975 dea.

1014 1996 1096 2034 Nos
1123 1995 1222 2031 haud
1256 1994 1364 2032 aliam
1395 1995 1508 2032 fuisse
1543 2007 1665 2032 cense-

1015 2066 1095 2090 mus
1126 2064 1235 2100 quam
1266 2064 1372 2099 eam,
1421 2052 1520 2088 cuius
1555 2051 1669 2102 ipsius

1015 2108 1154 2147 Noster
1183 2107 1344 2144 meminit
1371 2107 1411 2154 Ι,
1443 2106 1544 2154 105;
1574 2120 1670 2156 quae

1016 2165 1087 2201 dea
1125 2164 1162 2200 in
1199 2162 1407 2213 Aegyptum
1453 2168 1670 2210 transvecta,

1009 2222 1215 2271 peregrinae
1241 2219 1430 2269 (ξείνης)
1451 2219 1670 2268 cognomine

1016 2277 1142 2325 utique
1192 2275 1260 2312 illic
1310 2276 1472 2325 insigniri
1512 2280 1668 2326 poterat.

1016 2332 1096 2369 Alia
1124 2335 1179 2369 est
1198 2331 1378 2381 Aegyptia
1397 2332 1544 2379 Venus,
1573 2332 1670 2369 incli-

1016 2401 1129 2437 gena,
1162 2388 1190 2424 si
1209 2388 1259 2425 ita
1279 2401 1359 2425 eam
1378 2388 1669 2438 appellarelicet,

1017 2446 1065 2482 de
1086 2457 1160 2493 qua
1176 2445 1270 2480 conf.
1291 2444 1342 2492 ΙΙ,
1363 2444 1413 2484 41
1438 2445 1525 2494 ibiq.
1547 2450 1624 2483 not.

1076 2495 1436 2551 συμβάλλομαι
1475 2499 1518 2540 δὲ
1552 2503 1668 2540 τοῦτο

1016 2572 1051 2596 κ.
1073 2572 1103 2594 τ.
1127 2559 1174 2602 λ.]
1207 2557 1230 2594 i.
1252 2570 1282 2594 e.
1313 2559 1470 2594 coniicio.
1527 2557 1610 2595 Vid.
1639 2558 1669 2606 I,

1016 2616 1082 2655 68.
1115 2613 1164 2660 Il,
1185 2614 1238 2653 33
1269 2614 1356 2662 ibiq.
1373 2619 1450 2651 not.

1074 2667 1127 2715 ὥς
1150 2666 1340 2721 διαιτήθη
1359 2668 1516 2720 Ἑλένη]
1547 2669 1667 2719 Vulgo

1016 2721 1250 2775 ε’διαιτήθη.
1331 2727 1407 2764 Sed
1454 2727 1668 2764 auctoritate

1013 2782 1201 2820 meliorum
1228 2782 1399 2819 librorum
1434 2786 1667 2832 augmentum

1016 2839 1212 2876 abiecimus
1234 2852 1314 2877 cum
1324 2839 1615 2889 Schweighaeus.
1630 2842 1667 2877 et

1017 2895 1204 2934 Gaisford.
