1759 3324
330 263 416 315 62⁴)

728 261 1200 302 HERODOTI

333 374 490 427 βαστιν
526 370 656 416 πόλιν
703 371 834 415 ἐπεὰν
873 373 1155 428 κομίζωνται,
1208 375 1385 416 ποιεῦσι
1432 369 1595 416 τοιάδε.

303 452 520 497 Ξπλέουσί
549 468 593 495 τε
621 451 705 508 γὰρ
737 453 790 508 δὴ
825 451 914 507 ἅμα
951 451 1108 506 ἄνδρες
1148 452 1343 508 γυναιξὶ,
1385 452 1460 495 καὶ
1489 456 1596 494 πολ-

302 529 414 575 3λόν
452 548 493 574 τι
531 536 701 588 πλῆθος
738 529 952 586 ἑκατέρων
990 530 1038 574 ἐν
1075 529 1233 589 ἑκάστῃ
1270 531 1386 587 βάρι.
1433 532 1479 574 αἱ
1516 530 1624 586 μέν1

330 628 445 663 τινες
473 615 563 654 τῶν
591 613 816 665 γυναικῶν
845 609 1034 664 κρόταλα
1074 610 1250 666 ἔχουσαι
1278 611 1596 666 κροταλίζουσι,

332 693 377 735 οἱ
406 691 451 735 δὲ
480 687 706 740 αὐλέουσι,
739 688 850 732 κατὰ
878 689 1022 732 πάντα
1051 690 1127 733 τόν
1153 689 1310 734 πλόον·
1352 692 1398 734 αἱ
1427 690 1473 735 δὲ
1504 693 1597 733 λοι-

327 770 406 815 παὶ
435 773 637 824 γυναῖκες
674 767 748 811 καὶ
785 764 942 822 ἄνδρες
978 765 1196 821 ἀείδουσι,
1248 769 1320 812 καὶ
1349 768 1424 820 τὰς
1452 773 1598 824 χεῖρας

303 849 578 903 4κροτέουσι.
621 844 752 890 ἐπεάν
791 845 838 889 δὲ
868 847 1068 898 πλέοντες
1097 846 1206 890 κατά
1234 864 1332 890 τινα
1359 845 1489 891 πόλιν
1519 845 1596 890 ἅλ-

331 933 412 985 λην
441 927 673 983 γένωνται,
713 924 988 982 ἐγχρίψαντες
1016 925 1096 983 τὴν
1134 925 1264 983 βάριν
1290 930 1344 984 τῇ
1372 929 1453 983 γῇ,
1494 933 1624 970 ποι-5

275 1110 397 1155 {mezu
431 1110 694 1164 κομίζωνται]
732 1126 756 1151 κ
769 1127 789 1151 o
803 1111 854 1163 μί
866 1112 928 1159 ζε-

277 1175 344 1212 σθ
359 1185 407 1209 αι
444 1171 540 1208 bene
570 1170 728 1207 reddunt
746 1170 927 1219 interpre-

274 1234 352 1266 tes:
389 1240 478 1265 mwe
507 1226 607 1274 vehi,
645 1225 785 1276 deferri.
843 1225 926 1262 Vid.

275 1285 317 1331 I,
339 1285 430 1325 185.
482 1283 677 1330 Bubastis,
708 1283 793 1320 urbs
816 1286 854 1318 ut
874 1282 929 1318 vi-

277 1343 383 1380 detur
403 1340 636 1378 celeberrima
649 1368 658 1386 ‚
681 1338 820 1390 templo
836 1338 927 1376 Dia-

275 1412 368 1444 nae,
415 1410 511 1446 quae
550 1396 740 1446 Aegyptiis
784 1400 932 1432 vocatur

274 1454 448 1493 Bubastis
472 1453 555 1502 (11,
584 1455 675 1494 137.
702 1453 814 1500 138),
843 1451 931 1488 insi-

276 1513 358 1561 gnis
383 1516 420 1550 et
453 1515 562 1560 caput
593 1509 693 1546 nomi
730 1508 930 1545 Bubastici.

273 1568 397 1605 Sacris
416 1568 453 1604 in
479 1567 577 1603 libris
597 1565 801 1616 appellatur
823 1564 928 1601 Pthe-

275 1629 344 1671 set,
367 1636 445 1661 cum
464 1623 686 1673 Aegyptium
701 1634 835 1658 nomen
850 1622 929 1659 sue-

275 1683 324 1718 rit
342 1679 514 1719 Poubastz·
523 1710 533 1727 ,
563 1680 617 1716 uti
637 1679 779 1720 videtur
793 1678 929 1714 Cham-

274 1737 425 1789 pollioni
442 1736 603 1786 l’Egypt.
623 1749 711 1772 sous
729 1734 751 1771 l.
773 1734 874 1784 phar.
895 1733 928 1771 ΙΙ

274 1808 313 1846 Ρ,
335 1793 389 1834 65
413 1806 514 1842 seqq.
572 1793 612 1829 In
633 1791 744 1830 Delta
770 1792 838 1828 sita
862 1791 929 1828 fuit

275 1851 363 1888 urbs
383 1850 428 1886 ad
442 1849 652 1888 orientalem
664 1847 841 1886 Pelusiaci
859 1849 929 1883 fiu-

275 1907 323 1951 vii
342 1908 476 1956 ripam,
507 1919 528 1943 a
550 1919 622 1955 quo
640 1918 715 1941 non
739 1903 865 1954 procul
883 1904 928 1940 ab

275 1964 355 2014 ipsa
381 1963 469 1999 urbe
507 1962 639 1999 canalis
668 1962 849 1998 derivatus
882 1960 929 1996 ad

277 2021 392 2056 sinum
413 2018 605 2056 Arabicum
625 2030 741 2066 usque
758 2017 932 2067 pertinuit

276 2075 351 2124 (ΙΙ,
384 2075 495 2122 158).
555 2075 628 2117 Qui
654 2087 750 2109 nunc
769 2072 930 2122 appella-

275 2136 334 2169 tur
352 2130 451 2167 locus
476 2129 582 2169 Tell-
596 2129 739 2166 Bustak
759 2130 799 2175 (i.
821 2142 851 2165 e.
872 2141 931 2165 ve-

275 2191 334 2224 tus
352 2186 557 2233 Bubastis),
587 2187 623 2222 in
643 2199 687 2223 eo
711 2185 930 2234 amplissima

275 2256 402 2281 recens
421 2244 565 2281 detecta
579 2247 662 2280 sunt
682 2242 929 2279 aedificiorum

275 2300 368 2337 illius
405 2300 503 2337 urbis
538 2300 687 2345 rudera,
735 2299 862 2334 mirum
892 2297 929 2334 in

275 2357 424 2394 modum
446 2361 637 2405 congesta,
656 2360 696 2392 ut
714 2354 852 2391 mireris
867 2355 929 2403 qui

275 2417 378 2450 tanta
394 2413 505 2450 moles
538 2413 676 2450 destrui
704 2415 740 2448 et
765 2411 802 2446 in
835 2411 930 2448 hunc

277 2473 412 2506 statum
447 2469 563 2518 redigi
597 2467 764 2519 potuerit.
831 2468 930 2504 Con-

277 2529 376 2563 stant
406 2524 466 2561 illa
487 2526 544 2562 vel
568 2524 749 2574 lapidibus
777 2523 928 2573 syenitis

278 2581 463 2630 (Granit)
501 2581 557 2619 vel
594 2581 769 2618 lateribus
806 2581 932 2627 coctis,

277 2638 403 2688 quales
416 2650 436 2673 a
449 2637 590 2674 Iudaeis
604 2637 810 2675 elaboratos
818 2637 930 2674 fuisse

277 2693 449 2736 credibile
466 2694 508 2730 fit
528 2693 665 2740 (Exod.
687 2693 725 2739 Ι,
746 2694 828 2742 15).
871 2693 930 2730 Ad

275 2750 419 2789 Dianae
432 2755 553 2786 autem
569 2750 742 2799 templum
759 2763 803 2787 ea
814 2750 930 2800 perti-

276 2819 364 2845 nere
387 2807 551 2852 eredunt,
562 2818 656 2855 quae
675 2806 711 2841 in
729 2806 857 2844 mediis
875 2807 928 2843 his

276 2863 464 2900 ruderibus
482 2862 751 2912 conspiciuntur
776 2863 930 2900 aedificii

275 2919 557 2971 splendidissimi
587 2918 769 2968 reliquiae.
815 2918 932 2957 Pluri-

998 1112 1064 1149 bus
1094 1111 1184 1150 haec
1210 1113 1380 1162 exposuit
1395 1112 1528 1151 Ritter.
1555 1112 1652 1150 Erd-

996 1169 1110 1206 kund.
1147 1169 1163 1206 1
1199 1182 1285 1219 pag.
1313 1171 1394 1212 825
1435 1170 1523 1219 ibiq.
1551 1169 1648 1208 laud.

995 1225 1115 1263 Malus
1136 1226 1173 1262 in
1193 1225 1377 1276 Descript.
1400 1227 1446 1264 de
1465 1226 1559 1276 1’Eg.
1587 1226 1647 1264 Et.

994 1283 1159 1320 modern.
1188 1282 1264 1318 livr.
1288 1282 1338 1319 111
1366 1284 1472 1320 mem.
1501 1297 1538 1334 p.
1567 1285 1650 1325 307

999 1352 1101 1388 seqq.
1161 1339 1218 1376 Cf.
1241 1340 1350 1383 etiam
1381 1339 1652 1378 Schlichthorst.

998 1396 1020 1433 l.
1040 1395 1062 1432 l.
1082 1408 1168 1446 pag.
1195 1398 1247 1436 79
1269 1409 1346 1445 seq.
1377 1395 1562 1439 Mannert.
1585 1396 1607 1433 l.
1625 1396 1648 1433 l.

997 1465 1084 1504 pag.
1105 1453 1186 1493 588
1207 1465 1284 1501 seq.

1056 1508 1096 1548 οἱ
1113 1506 1155 1547 δὲ
1176 1503 1383 1557 αὐλέουσι,
1401 1504 1501 1546 κατοῖ
1517 1502 1650 1547 πάντα

995 1562 1067 1607 τόν
1101 1560 1244 1615 πλόον]
1277 1565 1351 1602 Iam
1381 1578 1490 1615 supra
1514 1564 1570 1612 ΙΙ,
1594 1565 1649 1606 48

997 1622 1198 1659 invenimus
1231 1622 1355 1659 tibiam
1392 1621 1431 1664 in
1472 1621 1649 1658 Bacchico

995 1680 1114 1724 sest03
1143 1690 1255 1727 quare
1276 1691 1351 1715 non
1372 1679 1499 1715 mirum
1517 1678 1557 1714 in
1580 1678 1650 1722 hoe

996 1747 1143 1785 quoque
1162 1736 1259 1772 festo
1287 1735 1397 1772 tibiae
1422 1734 1539 1772 locum
1559 1734 1650 1771 suis-

997 1806 1057 1839 se,
1100 1795 1140 1828 ut
1175 1791 1214 1827 in
1248 1790 1394 1840 reliquis
1425 1792 1503 1829 fere
1543 1790 1649 1827 huius

998 1849 1117 1897 gentis
1149 1848 1252 1884 festis
1283 1847 1525 1893 solemnibus,
1558 1846 1651 1884 Dio-

997 1905 1102 1953 nysio
1122 1918 1149 1941 s.
1163 1904 1300 1941 Osiridi
1319 1904 1552 1950 consecratis,
1562 1904 1649 1940 dum

997 1962 1133 1998 eithara
1153 1963 1269 2010 magis
1292 1961 1339 1997 ad
1365 1961 1575 1998 sacerdotes
1593 1964 1650 1997 at-

998 2031 1071 2066 que
1097 2016 1229 2054 cultum
1262 2017 1538 2055 reconditiorem
1565 2028 1650 2066 per-

997 2075 1148 2111 tinuisse
1165 2075 1341 2112 videatur.
1401 2073 1492 2111 Inde
1511 2072 1651 2110 Osiridi

1000 2143 1147 2179 quoque
1169 2131 1384 2167 adscribitur
1412 2130 1502 2166 tibia
1522 2130 1650 2166 inven-

997 2187 1093 2232 tori,
1118 2188 1189 2235 qua
1207 2188 1303 2224 seras
1322 2191 1454 2235 gentes.
1465 2186 1650 2234 rudesque

998 2243 1215 2288 excoluerit3
1247 2255 1314 2280 nec
1335 2243 1427 2280 enim
1449 2242 1508 2278 illa
1527 2242 1576 2278 ad
1595 2241 1650 2277 al-

997 2303 1111 2336 teram
1132 2303 1287 2336 aetatem
1299 2299 1482 2348 pertinere
1495 2299 1649 2344 videtur,

998 2356 1120 2405 quain
1141 2355 1302 2393 deterius
1321 2355 1392 2391 iam
1419 2355 1522 2405 lapsa
1542 2354 1651 2391 suerit

997 2411 1150 2461 antiqua
1175 2411 1311 2448 musica
1334 2423 1459 2458 sacra,
1489 2411 1557 2453 sed
1586 2422 1650 2448 ae-

997 2481 1069 2517 quo
1090 2469 1165 2505 iure
1196 2468 1307 2517 priori
1324 2481 1414 2505 aevo
1441 2467 1652 2504 adscriben-

998 2526 1068 2572 da,
1100 2524 1158 2561 ubi
1176 2524 1214 2560 in
1230 2524 1329 2573 vulgi
1358 2524 1460 2561 festis
1478 2535 1649 2561 necessa-

994 2581 1048 2618 rio
1077 2581 1328 2617 adhibebatur.
1366 2580 1448 2616 Vid.
1478 2578 1651 2617 Creuzeri

997 2636 1161 2685 Symbol.
1180 2636 1196 2673 I
1214 2650 1251 2687 p.
1270 2636 1351 2678 448
1364 2664 1374 2683 ‚
1404 2636 1465 2685 qui
1483 2635 1649 2673 hocloco

997 2693 1161 2743 inprimis
1194 2692 1349 2729 conferri
1379 2692 1451 2729 vult
1493 2691 1650 2729 Iomard.

998 2751 1035 2787 in
1067 2749 1249 2799 Descn'pt.
1281 2749 1328 2785 de
1354 2748 1446 2798 l'Eg.
1471 2749 1610 2797 antiqq.
1633 2747 1650 2785 Ι

999 2805 1045 2853 (3
1066 2805 1164 2853 livr.)
1192 2817 1278 2855 pag.
1298 2804 1392 2846 422.
1419 2826 1476 2832 —
1499 2804 1559 2842 Ad
1583 2817 1650 2841 vo-

1000 2875 1081 2906 cem
1101 2857 1216 2913 βάρις
1233 2861 1307 2898 vid.
1330 2860 1377 2909 ΙΙ,
1397 2864 1450 2903 96
1473 2862 1559 2911 ibiq.
1571 2865 1648 2898 not.

1057 2917 1314 2971 ἔγχρίψαντες
1344 2914 1420 2970 τήν
1450 2912 1571 2971 βάριν
1599 2918 1651 2973 τῇ

1750 1361 1754 1443 2
