1814 3315
384 263 466 304 202
797 257 1262 298 HERODOTI

385 370 459 414 καὶ
486 368 638 417 “Tazos
667 365 940 423 συρῤηγνῦσι
983 368 1025 419 ές
1063 368 1142 412 τόν
1178 368 1401 425 μέγιστον,
1445 368 1643 425 καλεόμε-

384 465 464 492 νον
493 445 742 501 ὁὲἝρμον,
785 443 833 497 ὃς
865 445 907 499 ἐξ
937 446 1091 503 οὔρεος
1129 449 1230 503 ἱροῦ
1259 447 1442 505 Μητρὸς
1474 451 1642 492 Δινδυ-

384 526 521 584 μήνης
549 524 682 580 ῥέων,
731 524 900 569 ἐκδιδοῖ
932 525 974 578 ἐς
1012 524 1245 571 θάλασσαν
1282 527 1392 572 κατὰ
1434 529 1700 584 Φωκαίην35

355 605 559 658 2πόλιν,)
592 604 782 649 ἐνθαῦτα
814 604 838 649 ὁ
871 607 1022 661 Κῦρος
1051 604 1112 658 ὦς
1141 604 1227 651 εἶδε
1256 607 1362 659 τούς
1391 606 1571 659 Λυδούς
1601 607 1644 658 ἐς

381 684 522 741 μάχην
539 684 857 741 τασσομένους,
887 683 1226 742 καταρρωδήσας
1243 685 1325 744 τὴν
1347 688 1501 740 ἵππον,
1530 686 1642 730 ἐποί-

380 775 482 820 ησε,
525 761 747 820 Ἁρπάγου
776 761 1057 821 ὑποθεμένου
1087 764 1250 820 ἀνδρὸς
1278 765 1466 822 Μήδου,
1501 763 1642 810 τοιόν-

352 845 440 887 3δε.
495 841 596 886 ὅσαι
623 847 685 902 τῷ
723 847 895 900 στρατῷ
933 848 994 902 τῷ
1024 844 1195 889 ἑωυτοῦ
1223 845 1379 888 ἕποντο
1410 843 1644 901 σιτοφόροι

379 938 423 966 τε
452 922 526 966 καὶ
555 921 824 979 σκευοφόροι
862 922 1070 980 κάμηλοι,
1111 922 1275 974 ταύτας
1305 922 1447 975 πάσας
1475 923 1642 977 ἁλίσας,
1654 925 1700 964 40

379 1000 454 1044 καὶ
491 998 664 1045 άπελών
704 1000 757 1045 τά
786 1000 946 1057 ἄχθεα,

1000 1000 1167 1056 ἄνδρας
1205 1001 1266 1046 ἐπ’
1296 1000 1431 1054 αὐτὰς
1461 1001 1644 1060 ἀνέβησε

380 1078 545 1124 ἱππάδα
574 1080 731 1137 στολὴν
760 1080 1104 1137 ἐνεσταλμένους.
1142 1081 1356 1134 σκευάσας
1386 1082 1432 1126 δὲ
1461 1080 1638 1136 αὐτούς,

377 1159 611 1215 προσέταξε
640 1164 716 1217 τῆς
754 1161 887 1217 ἄλλης
925 1166 1129 1218 στρατιῆς
1173 1162 1374 1218 προϊέναι
1412 1160 1524 1218 πρὸς
1561 1161 1642 1219 τὴν

379 1240 579 1294 Κροίσου
618 1240 775 1293 ἵππον,
835 1245 888 1298 τῇ
919 1241 964 1285 δὲ
992 1242 1171 1300 καμήλῳ
1201 1242 1382 1286 ἕπεσθαι
1409 1241 1487 1285 τὸν
1514 1240 1642 1295 πεζὸν

379 1317 568 1374 στρατὸν
597 1318 784 1363 ἐκέλευε·
829 1317 986 1364 ὄπισθε
1016 1321 1063 1364 δὲ
1090 1325 1171 1364 τοῦ
1200 1325 1331 1374 πεζοῦ
1364 1320 1534 1374 ἐπέταξε
1562 1320 1644 1376 τὴν

351 1400 525 1442 4πᾶσαν
562 1398 706 1441 ἵππον.

773 1398 832 1451 ὦς
867 1399 913 1443 δέ
953 1401 997 1444 οἱ
1034 1398 1193 1451 πάντες
1224 1399 1516 1456 διετετάχατο,
1562 1403 1698 1444 πα-45

380 1478 552 1533 ραίνεσε
591 1480 681 1521 τῶν
720 1479 799 1534 μὲν
838 1477 982 1523 ἄλλων
1031 1481 1191 1523 Λυδῶν
1239 1478 1298 1536 μὴ
1340 1477 1643 1535 φειδομένους,

379 1558 561 1601 κτείνειν
591 1557 735 1600 πάντα
775 1556 854 1602 τὸν
890 1558 1094 1615 ἐμποδών
1132 1557 1388 1615 γινόμενον,

1447 1562 1640 1614 Κροῖσον

379 1636 425 1680 δὲ
466 1633 601 1679 αὐτὸν
635 1635 694 1692 μή
733 1637 936 1691 κτείνειν,
998 1638 1105 1694 μηδὲ
1143 1636 1198 1694 ἢν
1228 1636 1644 1694 συλλαμβανόμενος

351 1713 607 1772 δάμύνηται.
664 1718 803 1760 ταῦτα
830 1715 911 1772 μὲν
938 1717 1182 1780 παραίνεσε.
1238 1715 1316 1768 τοὶς
1344 1716 1391 1760 δὲ
1419 1715 1700 1773 καμήλουςδο

387 1897 456 1939 καὶ
498 1895 644 1946 ’Ύλλος
703 1899 972 1965 συρρηγνῦσι]

322 1955 444 2005 Vulgo
466 1952 714 2008 συρρήγνυσι
732 1958 770 1994 in
788 1957 974 2007 singulari.

322 2013 400 2050 Sed
415 2012 588 2063 pluralem
602 2013 704 2051 libris
723 2014 974 2052 addicentibus

322 2068 567 2119 praetulimus
624 2070 755 2108 Itidem
793 2084 877 2108 mox
910 2071 975 2108 de-

323 2125 442 2162 dimus
472 2123 640 2176 Μητρός
674 2139 742 2176 pro
780 2126 876 2176 vulg.
904 2140 974 2177 μη-

323 2177 432 2231 τρὸς,
463 2181 566 2219 litera
594 2183 723 2220 initiali
750 2183 889 2220 minori.
918 2203 975 2211 —

322 2236 383 2275 De
414 2234 614 2278 ἐκδιδόναι
647 2251 758 2289 supra
796 2240 870 2277 iam
897 2251 975 2275 mo-

324 2293 476 2332 nuimus.
532 2291 656 2334 κατὰ
689 2295 880 2346 Φωκαίην
905 2290 977 2334 πό-

324 2351 387 2388 λιν
413 2355 488 2387 est:
517 2352 590 2399 hei,
615 2354 653 2388 in
669 2351 729 2388 der
746 2351 890 2400 Gegend
907 2363 976 2388 von

325 2404 499 2443 Phocaea.
527 2407 673 2445 Monuit
689 2407 819 2446 Matth.
837 2406 874 2460 ἓ.
891 2407 973 2449 581

323 2475 410 2513 pag
435 2462 554 2504 1154.

379 2514 468 2558 όσαι
493 2522 549 2574 τῷ
571 2521 722 2574 στρατῷ
744 2522 800 2574 τῷ
821 2517 976 2559 ἕωυτου

325 2572 501 2625 εποντο]
541 2574 683 2615 ἕποντο
713 2590 793 2614 cum
826 2580 974 2614 recentt.

325 2631 409 2668 edd.
437 2632 632 2670 addicente
656 2632 973 2670 Schellershemia-

325 2699 373 2724 no
393 2687 483 2724 libro
505 2689 674 2726 dedimus
695 2701 762 2738 pro
790 2688 886 2737 mlg.
916 2687 973 2726 εί-

325 2758 461 2782 ποντο.
474 2765 530 2772 —
549 2744 591 2781 In
612 2745 801 2782 antecedd.
825 2749 861 2782 et
870 2756 973 2792 seqq.

326 2797 355 2849 ἦ
371 2798 492 2846 ἵππος
512 2804 587 2838 est:
609 2802 811 2850 equitatem,
834 2802 974 2850 equites.

325 2855 403 2893 Sed
423 2856 513 2902 hoc,
543 2857 674 2904 credo,
703 2856 812 2906 lippis
834 2868 876 2893 ac
895 2859 977 2892 ton-

327 2911 469 2950 soribus
485 2916 620 2950 notum.
681 2912 801 2950 Verba
824 2906 977 2951 ἱππάδα

1044 1897 1187 1952 στολήν
1206 1898 1510 1952 ἐνεσταλμένους
1521 1903 1695 1951 (equestri

1043 1958 1166 1995 habita
1183 1971 1212 1995 S.
1233 1960 1384 2007 equestri
1402 1960 1601 1995 vestimento
1634 1970 1696 1994 ar-

1042 2016 1174 2065 misque
1208 2014 1377 2063 indutos)
1421 2014 1591 2065 explicuit
1617 2013 1696 2052 He-

1042 2071 1141 2119 sych.
1163 2083 1236 2111 s.v.
1294 2070 1473 2121 Respexit
1491 2071 1586 2108 hunc
1608 2082 1696 2107 eun-

1043 2127 1128 2164 dem
1163 2127 1280 2164 locum
1309 2127 1511 2164 Grammat.
1542 2127 1579 2163 in
1596 2126 1697 2164 Bek-

1043 2183 1122 2220 keri
1140 2182 1303 2221 Anecdd.
1332 2183 1350 2220 I
1378 2183 1590 2234 pag-395,
1623 2184 1696 2223 16:

1045 2234 1324 2290 α’νέβησεν·
1342 2234 1604 2291 ανεβίβασεν·
1629 2233 1696 2277 ου’-

1043 2309 1119 2341 τως
1137 2291 1359 2344 Ἡρόδοτος.
1407 2296 1516 2333 cons.
1535 2294 1697 2333 Fischer.

1043 2352 1092 2389 ad
1111 2351 1258 2389 W.eller
1276 2351 1349 2400 ΙΠ,
1377 2364 1400 2389 a
1427 2365 1517 2403 pag
1543 2350 1610 2393 44
1630 2349 1697 2392 46

1097 2460 1269 2501 κτείνειν
1284 2457 1416 2502 πάντα
1426 2478 1496 2503 τον
1510 2459 1697 2513 ἐμποδών

1042 2515 1279 2582 γινόμενον]
1328 2519 1437 2568 Vulg.
1471 2514 1695 2569 γενόμενον.

1042 2576 1120 2613 Sed
1139 2569 1421 2626 γινόμενον
1451 2575 1590 2612 dabant
1617 2574 1697 2624 ple-

1043 2632 1145 2680 rique
1180 2630 1261 2667 libri
1295 2644 1369 2668 una
1401 2644 1481 2669 cum
1512 2631 1628 2668 Suida
1655 2644 1698 2669 ac

1044 2687 1190 2725 Thoma
1224 2686 1404 2736 Magistro
1450 2687 1546 2724 hunc
1578 2686 1698 2724 locum

1044 2743 1235 2781 ditantibus
1254 2756 1283 2778 s.
1307 2757 1338 2780 v.
1358 2738 1559 2794 ἐμποδών.
1611 2742 1695 2780 Vid.

1044 2799 1080 2837 Γ
1083 2800 1178 2835 hom
1195 2798 1345 2847 Magist.
1377 2813 1414 2850 p.
1436 2799 1520 2841 305
1546 2811 1700 2837 monen-

1046 2860 1118 2893 tem
1141 2852 1327 2905 ἐμποδών
1355 2869 1438 2895 esse
1470 2856 1569 2895 idem
1597 2855 1698 2907 quod

1049 2910 1090 2951 έν
1109 2911 1239 2951 ποσίν-

1711 1086 1766 1131 40
