1777 3324
517 257 1043 298 EUTERPE.11.
1319 261 1402 299 859

239 368 359 413 ''Eon
389 370 436 412 δὲ
464 368 718 423 Αἰγυπτίων
748 366 854 410 ἑπτὰ
883 366 1029 421 γένεα·
1060 366 1133 409 καὶ
1158 365 1329 410 τούτων
1359 367 1404 409 οἱ
1464 369 1542 410 185

134 449 234 504 μὲν,
277 447 406 502 ἱρέες,
437 449 481 490 οἱ
511 445 576 498 δὲ,
609 446 789 502 μάχιμοι
817 446 1062 489 κεκλέαται·
1118 446 1162 488 οἱ
1190 446 1256 496 δὲ,
1288 448 1396 502 βου-
1455 420 1736 514 ἒέἕᾶἓιῃεοζιὸᾞοζῗ

1456 490 1577 559 ἷὲἳῗῐεξῖ
1613 497 1736 555 ςὲιῖἕὶῗέ

1458 554 1612 582 militarie.

18 375 114 418 164

135 526 276 570 κόλοι·
311 528 355 568 οἱ
381 528 445 579 δὲ,
481 529 694 582 συβῶται·
727 527 770 569 οἱ
801 525 866 578 δὲ,
897 523 1106 581 κάπηλοι·
1149 527 1192 568 οἱ
1224 525 1294 577 δὲ,
1327 524 1399 580 ἕρῃ

76 710 174 748 Add.
200 710 257 757 ll,
292 712 391 752 169:
423 709 463 757 ἐς
492 709 729 761 Μωμέμφιν

77 763 202 805 πόλιν.
259 766 326 804 Est
350 780 435 804 vero
455 766 498 806 ἐν
514 767 730 805 Latinorum

75 823 146 869 acl,
176 826 216 860 ut
243 836 352 873 supra
383 823 438 871 ll,
464 824 542 865 159
571 823 613 862 ἐν
637 827 731 863 Μα-

77 876 230 933 γόόλῳ,
263 884 299 916 et
320 880 397 916 aliis
426 880 514 917 locis
539 893 560 917 a
583 881 732 919 Wesse-

77 937 188 985 lingio
211 936 367 973 laudatis
390 936 526 983 lll,45.
556 938 653 984 Vlll,
666 941 732 979 86.

75 993 185 1030 Plura
205 992 366 1030 Fischer.
387 994 436 1030 ad
457 993 604 1031 Weller.
627 995 691 1041 lll,
710 995 733 1032 b

75 1063 113 1101 p.
135 1051 214 1090 139
234 1062 310 1098 seq.
341 1071 396 1078 —
430 1050 484 1086 Ad
504 1051 601 1088 urbis
620 1052 732 1101 ipsius

77 1106 187 1143 situm
211 1106 457 1143 definiendum
480 1107 566 1143 facit
591 1107 734 1145 Diodo-

75 1175 160 1210 rus,
193 1162 255 1211 qui
277 1161 298 1198 Ι.
321 1162 342 1199 l.
366 1164 413 1200 ad
432 1162 595 1200 IlIoriam
614 1166 731 1201 vicum

73 1219 250 1270 proelium
262 1220 491 1257 commissum
510 1233 591 1258 esse
610 1222 733 1258 refert.

77 1276 148 1313 Cui
168 1276 197 1313 si
218 1276 429 1325 iungamus,
462 1290 557 1327 quae
586 1279 633 1314 ad
651 1277 686 1314 h.
706 1277 730 1314 l.

76 1333 163 1370 citat
195 1332 479 1383 Wesselingius,
523 1339 635 1383 atque
676 1335 732 1371 in-

76 1390 198 1440 primis
218 1389 246 1425 si
274 1391 504 1427 consulamus
534 1391 730 1428 Strabonis

74 1447 191 1483 locum
215 1445 320 1483 XVII
336 1460 420 1498 pag.
441 1448 568 1494 1155,
589 1448 643 1494 Β,
673 1448 731 1484 vix

76 1503 222 1540 dubium
247 1503 409 1552 videtur,
448 1505 534 1553 quin
557 1503 728 1542 IlIomem-

69 1559 153 1609 phis
172 1560 241 1597 sita
260 1561 368 1598 fuerit
391 1561 438 1597 ad
454 1561 636 1609 canalem,
668 1562 730 1611 qui

77 1629 98 1653 e
127 1616 313 1667 Canopico
345 1618 453 1653 fluvio
482 1619 529 1655 ad
554 1618 732 1656 Mareoti-

78 1673 160 1709 dem
183 1672 297 1710 lacum
330 1674 458 1710 ductus
483 1679 583 1721 erat,
613 1688 656 1712 eo
677 1675 732 1711 lo-

77 1742 140 1776 co,
170 1730 224 1766 cui
250 1726 447 1766 etiamnum
478 1743 611 1768 nomen
640 1730 732 1768 Μα-

77 1785 175 1835 nouf.
224 1786 339 1823 Vetus
354 1799 486 1824 nomen
507 1787 731 1838 Aegyptium

79 1841 252 1893 Panouf-
271 1842 366 1879 Klee‘t
398 1844 510 1880 suisse
545 1845 733 1882 contendit

78 1898 281 1948 Champoll.
301 1900 461 1950 l'Egypt.
480 1913 562 1937 sous
585 1901 607 1937 l.
629 1901 732 1951 phar.

79 1955 111 1992 11
131 1969 166 2005 p.
180 1956 262 1997 252
282 1970 360 2007 seq.
381 1956 464 1994 coll.
482 1956 638 1995 Rennel.
663 1957 686 1995 l.
708 1957 732 1995 l.

76 2024 161 2063 pag.
182 2014 275 2053 617.

254 2097 365 2149 Cap.
399 2097 564 2137 chiv.

136 2180 216 2220 ἔστι
235 2179 278 2221 δὲ
298 2182 532 2234 Αἰγυπτίων
554 2179 651 2222 {nto}
672 2180 735 2236 γε’-

77 2236 170 2288 νεα]
201 2237 334 2289 γένεα,
366 2253 460 2289 quae
490 2241 577 2277 alias
608 2241 734 2278 dicun-

78 2298 137 2332 tur
154 2296 265 2333 tribus
288 2311 315 2334 s.
337 2301 455 2346 gentes
478 2297 569 2345 (vid.
588 2297 627 2344 Ι,
651 2300 732 2339 102

78 2350 165 2400 ibiq.
194 2357 268 2390 not.
294 2353 328 2401 I,
351 2355 471 2401 125),
511 2354 568 2391 hic
594 2354 733 2403 signifi-

81 2411 165 2444 cant
187 2408 318 2447 classes
336 2410 614 2462 Aegyptiorum,
641 2423 730 2460 quas

80 2475 148 2500 nos
163 2465 269 2513 vulgo
291 2467 439 2504 dicimus
469 2467 615 2504 Kasten.
673 2467 733 2505 De

82 2520 209 2568 quibus
230 2523 419 2571 primarius
442 2529 497 2561 est
511 2524 663 2561 Diodori
680 2523 734 2560 lo-

82 2588 142 2612 cus
173 2577 207 2623 I,
226 2580 279 2619 73
307 2579 386 2616 coll.
414 2580 454 2628 I,
479 2582 553 2628 28,
584 2581 645 2618 ubi
673 2584 734 2616 to-

82 2635 155 2668 tam
172 2632 330 2685 Aegypti
358 2637 547 2685 regionem
571 2637 734 2686 triparti-

82 2691 158 2724 tam
194 2703 276 2728 esse
303 2692 408 2739 dicit,
449 2694 549 2731 cuius
579 2694 733 2744 primam

83 2745 286 2793 portionem
307 2749 535 2786 sacerdotum
554 2751 645 2787 ordo
664 2750 733 2787 sibi

84 2799 264 2848 vindicet,
303 2804 454 2842 alteram
488 2819 595 2855 reges
608 2836 619 2854 ,
657 2810 734 2844 ter-

84 2855 169 2893 tiam
185 2858 325 2897 milites.
346 2860 434 2898 Mox
444 2865 581 2910 tamen,
594 2876 650 2913 cp·
663 2862 731 2910 74,

83 2923 159 2949 rem
168 2914 346 2964 publicam
358 2917 565 2956 distinctam
584 2931 732 2968 quoque

799 724 881 749 esse
910 711 1035 747 scribit
1066 711 1103 747 in
1133 715 1206 748 tres
1232 711 1319 748 alias
1341 711 1459 749 homi-

798 781 884 805 num
906 767 1040 804 classes
1054 797 1064 814 ,
1084 767 1152 803 illis
1172 769 1373 815 inferiores,
1392 782 1459 819 pa-

800 829 940 861 storum
978 824 1148 862 videlicet
1167 853 1177 872 ,
1217 825 1458 873 agricolarum

801 885 838 919 et
858 881 1037 931 opificum.
1095 880 1154 918 De
1177 881 1307 930 quibus
1332 882 1458 930 singu-

801 938 843 974 lis
861 938 946 975 dein
965 937 1123 987 exponit.
1171 937 1287 974 Addit
1308 938 1459 976 lVesse-

801 995 933 1042 lingius
975 994 1166 1031 Strabonis
1210 995 1458 1032 testimonium

801 1051 907 1088 XV11
937 1065 973 1101 p.
999 1052 1106 1091 1136
1120 1080 1130 1097 ,
1148 1051 1179 1087 Β
1201 1055 1313 1100 atque
1331 1051 1458 1089 Plato-

800 1108 858 1144 nis
880 1107 917 1143 in
937 1107 1034 1144 Tim.
1058 1121 1094 1157 p.
1112 1107 1187 1154 24,
1219 1109 1280 1157 qui
1300 1122 1363 1146 sex
1382 1121 1459 1146 me-

800 1168 918 1201 morat
938 1164 1092 1201 classes:
1124 1165 1364 1211 sacerdotum,
1389 1179 1458 1216 pu-

801 1226 1017 1269 gnatorum,
1042 1220 1232 1267 artificum,
1255 1227 1457 1270 pastorum,

800 1281 1013 1314 venatorum
1033 1281 1068 1314 et
1084 1277 1333 1324 agricolarum.
1365 1279 1459 1322 Qui-

800 1334 949 1371 buscum
985 1334 1140 1371 conferri
1179 1336 1313 1384 poterit
1350 1335 1457 1371 Iesai.

799 1390 912 1437 XIX,
930 1393 955 1431 7
976 1410 1031 1417 -—
1051 1393 1116 1431 21.
1176 1389 1313 1428 Nostra
1334 1396 1456 1428 aetate

799 1448 837 1484 in
880 1447 969 1484 haec
1005 1447 1232 1496 potissimum
1273 1448 1459 1497 inquisivit

798 1503 959 1541 Heeren.
981 1504 1093 1540 ldeen
1123 1508 1190 1541 etc.
1215 1504 1270 1550 Il,
1288 1507 1313 1544 2
1347 1518 1383 1554 p.
1403 1507 1457 1546 96

802 1574 882 1610 sqq.
916 1560 995 1602 124
1014 1573 1094 1609 sqq.
1118 1560 1195 1597 coll.
1214 1561 1329 1599 Beck.
1342 1561 1461 1599 Welt-

800 1617 923 1667 gesch.
947 1617 961 1653 I
990 1630 1078 1667 pag.
1099 1619 1192 1658 739.

858 1673 899 1712 οἵ
933 1670 1023 1723 μὲν,
1066 1671 1232 1725 ἱρέες]
1265 1674 1306 1711 In
1338 1675 1457 1725 primo

799 1730 1015 1767 sacerdotum
1033 1730 1160 1767 ordine
1181 1744 1307 1768 omnes
1326 1744 1458 1769 conve-

799 1789 904 1825 niunt
921 1791 1062 1824 veteres
1082 1787 1289 1836 scriptores.
1314 1787 1372 1825 De
1384 1801 1458 1836 quo

799 1844 905 1894 plura
933 1843 1092 1880 afferunt
1125 1843 1189 1879 viri
1217 1844 1313 1880 docti
1346 1845 1457 1882 modo

800 1900 950 1937 laudati.
1010 1899 1071 1936 Tu
1096 1901 1190 1936 conf.
1224 1900 1333 1938 etiam
1366 1905 1456 1938 nott.

801 1958 851 1994 ad
877 1956 1111 1994 Herodotum
1136 1955 1191 2004 ll,
1219 1958 1286 1998 36.
1315 1959 1381 1998 37.
1402 1957 1459 2000 42

800 2013 966 2063 aliosque
986 2012 1097 2050 locos.

860 2069 901 2109 οἵ
928 2067 1000 2118 δὲ,
1040 2065 1204 2120 μάχιμοι
1230 2068 1457 2120 κεκλέαται]

800 2125 844 2164 In
872 2127 941 2164 hoc
971 2140 1120 2176 quoque
1149 2128 1311 2163 secundo
1331 2128 1460 2164 ordine

801 2183 954 2221 militum
972 2188 1114 2221 veteres
1137 2184 1378 2221 consentiunt.
1415 2184 1462 2220 li-

802 2241 887 2278 dem
905 2245 1151 2278 memorantur
1168 2253 1277 2289 supra
1296 2240 1341 2287 ll,
1366 2239 1460 2287 141,

802 2297 864 2333 ubi
888 2298 959 2334 vid.
982 2301 1060 2333 not.
1096 2301 1135 2334 et
1161 2297 1255 2334 infra
1288 2297 1341 2344 ΙΙ,
1367 2297 1460 2338 165.

804 2356 883 2395 166
903 2382 914 2401 ,
951 2354 1012 2390 ubi
1046 2352 1162 2403 plura.
1234 2354 1460 2396 Quibuscum

801 2411 896 2447 conf.
927 2409 1148 2458 VVesseling.
1184 2410 1232 2446 ad
1259 2410 1413 2447 Diodor.
1431 2409 1459 2455 l,

801 2468 855 2507 73
878 2471 915 2504 et
925 2467 1085 2505 Heeren.
1107 2467 1219 2504 ldeen
1239 2467 1262 2504 l.
1282 2467 1305 2504 l.
1326 2480 1362 2517 p.
1379 2467 1459 2507 151

801 2536 906 2573 seqq.

861 2579 901 2619 οἷ
919 2577 983 2628 δὲ,
1015 2575 1222 2630 βουκόλοι·
1255 2577 1297 2617 οἵ
1316 2575 1369 2625 δὲ,
1394 2589 1460 2616 συ-

802 2635 951 2688 βῶται]
983 2637 1089 2680 Quae
1119 2637 1214 2673 duae
1236 2639 1319 2672 sunt
1337 2635 1459 2672 Hero-

801 2695 890 2730 doto
902 2694 1047 2740 classes,
1066 2705 1087 2730 a
1099 2693 1265 2730 Diodoro
1286 2692 1334 2728 ad
1349 2704 1458 2728 unam

797 2753 979 2800 pastorum
1001 2750 1153 2787 classem
1173 2750 1390 2794 referuntur,
1422 2748 1460 2784 in

801 2807 892 2844 duas
932 2808 1090 2844 fortasse
1122 2805 1257 2843 classes
1301 2804 1460 2841 subdivi-

800 2876 900 2911 sam,
940 2866 982 2900 ut
1009 2862 1195 2900 Heerenio
1226 2861 1370 2898 videtur
1391 2860 1413 2897 l.
1434 2859 1457 2896 l.

798 2931 885 2970 pag.
907 2918 1009 2968 146,
1039 2932 1112 2968 quo
1128 2923 1281 2968 uterque
1302 2916 1458 2966 scriptor
