1759 3324
578 267 1097 306 EUTERPE.II.
1377 272 1459 312 5⁰1

169 380 238 422 4⁸2
267 373 330 422 ὦν
357 377 410 434 δὴ
448 375 640 431 ἐθελήσει
676 376 877 429 ἐκτρέψαι
914 376 963 419 τὸ
1005 376 1194 432 ῥέεθρον
1238 374 1263 421 ὁ
1295 381 1459 431 Νεῖλος

196 458 240 507 ἐς
268 460 424 499 τοῦτον
451 454 530 497 τὸν
565 452 766 510 Ἀράβιον
794 454 982 507 κόλπον,
1022 456 1064 498 τί
1093 472 1171 510 μιν
1201 455 1360 500 κωλύει
1391 458 1516 513 ρέ-75

195 551 320 584 οντος
347 532 509 576 τούτου
539 532 809 589 ἐκχωσθῆναι
834 534 954 585 ἐντός
975 550 1023 589 γε
1044 536 1285 589 δισμυρίων
1308 534 1460 586 ἐτέωυς

165 613 276 669 ὅέγώ
301 612 380 667 μὲν
408 611 491 667 γὰρ
524 613 706 668 ἔλπομαί
733 629 782 668 γε
811 614 885 656 καὶ
919 615 1093 670 μυρίων
1130 613 1252 664 ἐντός
1283 619 1457 672 χωσθῆ-

190 708 264 735 ναι
294 690 359 735 ὂὶν.
391 696 474 736 κοῦ
504 708 551 748 γε
581 691 657 748 δι),
690 692 737 736 ἐν
766 696 826 749 τῷ
856 691 1279 753 προαναισιμωμένῳ
1310 694 1454 752 χρόνῳ

189 768 405 826 πρότερον
435 770 462 827 ἢ
493 772 564 826 ἐμὲ
587 771 814 827 γενέσθαι,
857 770 938 814 οὐκ
969 769 1024 813 ἂν
1063 772 1251 828 χωσθείη
1292 773 1456 826 κόλπος

189 850 263 894 καὶ
291 854 437 907 πολλῷ
467 851 606 907 μέζων
635 851 697 894 ἔτι
725 851 915 903 τούτου,
945 848 1032 894 ὑπὸ
1063 850 1283 895 τοσούτου
1312 869 1356 896 τε
1375 869 1455 897 πο-

190 1057 226 1098 εἷ
248 1051 305 1098 οἷν
321 1055 372 1109 δή
392 1053 573 1108 ἐθελήσει
598 1056 787 1110 ἐκτρέψαι

132 1112 175 1154 τό
200 1113 368 1166 ῥέεθρον
398 1112 421 1154 ὁ
441 1117 584 1161 Νεῖλος
612 1130 645 1153 κ.
675 1130 706 1152 τ.
730 1117 785 1160 λ.]

132 1168 184 1222 δή
204 1185 283 1209 cum
303 1171 504 1219 Schweigh.
527 1176 564 1209 et
592 1171 709 1208 Gaisf.
733 1170 786 1206 lu-

132 1228 260 1266 benter
295 1228 529 1275 adscivimus,
568 1240 647 1263 cum
676 1227 784 1275 vulgo

131 1285 285 1321 abesset.
312 1284 530 1333 Elegantem
554 1283 784 1334 periphrasin

130 1341 169 1376 in
185 1341 295 1378 verbo
315 1336 495 1391 ἐθελήσει
517 1344 553 1377 et
569 1339 638 1376 hoc
656 1339 734 1377 loco
747 1344 784 1377 et

130 1396 211 1443 VH,
230 1400 283 1438 49
310 1397 492 1434 Iacobsius
511 1400 613 1433 notat
631 1396 679 1433 ad
697 1395 783 1433 Pla-

128 1453 223 1489 tonis
235 1451 391 1504 Lach.p.
406 1455 498 1500 190,
517 1452 548 1488 Ε
570 1453 625 1500 (iu
639 1452 781 1490 Socrat

127 1523 165 1559 p.
196 1512 277 1550 220
287 1510 315 1557 ).
373 1510 441 1546 Est
462 1513 581 1546 autem
608 1509 677 1545 hoc
704 1509 782 1545 fere

127 1565 308 1602 Herodoti
330 1570 602 1614 argumentum:
634 1565 662 1601 si
676 1563 780 1601 Nilus

127 1622 165 1657 in
183 1622 374 1658 Arabicum
402 1622 519 1658 sinum
549 1634 589 1658 se
616 1620 782 1659 effunde-

128 1681 201 1724 ret,
237 1690 348 1728 posse
380 1679 505 1725 utique
531 1676 626 1713 hunc
665 1678 781 1714 sinum

127 1733 221 1771 intra
242 1733 369 1782 viginti
393 1733 487 1771 mille
509 1746 550 1770 ac
576 1733 634 1769 vel
652 1733 780 1771 decem

127 1790 223 1827 mille
249 1803 425 1826 annorum
462 1790 617 1839 spatium
645 1790 696 1825 ita
721 1801 782 1826 ex—

126 1846 218 1896 pleri
247 1846 322 1883 Nili
357 1846 566 1893 affluxione,
608 1849 647 1881 ut
684 1851 781 1882 terra

127 1902 231 1940 fieret
259 1902 466 1949 continens·‚
505 1902 604 1938 unde
629 1914 781 1938 consen-

126 1962 273 1995 taneum
312 1972 392 1996 esse
435 1972 502 2008 per
539 1959 577 1994 id
615 1962 780 2007 tempus,

126 2016 227 2064 quod
240 2019 324 2052 ante
347 2015 547 2062 effluxerit,
579 2014 696 2050 sinum
707 2013 781 2050 Ae-

126 2071 290 2121 gyptium
305 2071 433 2119 (quem
452 2071 643 2120 supponit)
663 2082 781 2118 eoque

125 2127 180 2164 vel
196 2128 367 2165 maiorem
380 2128 494 2164 sinum
508 2127 670 2176 potuisse
681 2139 780 2163 com-

124 2182 215 2233 pleri
232 2183 328 2231 Nili,
357 2185 448 2220 tanti
465 2183 584 2229 fluvii,
616 2182 779 2219 adlnvio-

125 2239 242 2287 nibus,
270 2244 308 2277 ut
325 2240 361 2276 in
376 2244 511 2278 terram
531 2240 777 2278 continentem

126 2300 278 2334 mutatus
297 2296 416 2334 fuerit.

181 2407 219 2446 τί
239 2422 306 2459 μιν
333 2403 480 2448 κωλύει
501 2407 661 2476 ῥέοντος
691 2424 728 2448 κ.
744 2424 777 2448 τ.

129 2461 185 2512 λ.]
225 2463 292 2514 μὶν
322 2466 371 2502 ad
405 2462 555 2505 κόλπον
588 2461 777 2518 Ἀράβιον

129 2524 288 2581 spectat,
316 2517 458 2561 τούτου
482 2524 529 2559 ad
557 2523 680 2560 Nilum
708 2524 779 2559 fiu-

129 2575 235 2612 vium.
265 2576 361 2618 Quid
375 2578 530 2627 impedit,
549 2579 777 2627 quaeritHe-

130 2631 300 2679 rodotus,
330 2647 507 2684 quomznus
534 2634 620 2672 Nelo
643 2636 779 2685 fluente

130 2688 225 2722 sinus
251 2688 308 2725 ille
336 2690 496 2740 compleri
515 2693 670 2740 potuisse
699 2704 778 2728 cen-

131 2743 252 2780 sendas
269 2746 315 2782 sit
328 2748 423 2784 intra
437 2749 570 2795 viginti
586 2747 679 2784 mille
697 2750 778 2797 qui-

131 2797 205 2834 dem
244 2813 409 2840 annorum
442 2803 621 2852 spatium?
680 2802 778 2841 Nam

130 2854 282 2905 equidem
315 2862 402 2908 puto
435 2859 490 2896 vel
532 2862 629 2898 intra
665 2860 778 2897 decem

855 1057 949 1095 mille
968 1070 1137 1095 annorum
1160 1062 1314 1109 spatium
1341 1060 1403 1097 hoc
1422 1062 1512 1111 fieri

850 1117 1013 1164 potuisse.
1035 1136 1090 1142 -—
1113 1113 1278 1166 ἔλπομαι
1296 1118 1425 1154 eodem
1440 1130 1510 1166 pu-

854 1171 976 1218 tandi,
1007 1172 1236 1209 existimanda·
1266 1186 1398 1220 sensu,
1434 1186 1508 1221 quo

854 1240 962 1277 supra
985 1226 1023 1275 I,
1045 1229 1098 1269 65
1128 1228 1165 1264 in
1192 1232 1316 1266 vetere
1351 1230 1508 1280 oraculo,

851 1283 1038 1331 et11,26.
1063 1283 1130 1325 43
1152 1287 1232 1326 120
1251 1289 1318 1323 etc.

905 1396 982 1434 κοῦ
993 1410 1034 1446 γε
1048 1391 1099 1446 δη
1110 1418 1166 1423 ——
1176 1409 1254 1435 ουκ
1271 1392 1321 1435 ἆυ
1332 1397 1505 1449 χωσθείη

849 1446 1012 1501 κόλπος]
1043 1451 1164 1489 Verba
1182 1453 1388 1491 interiecta·
1410 1450 1505 1506 πρό-

849 1522 963 1560 τερον
981 1524 1006 1558 η
1029 1505 1095 1558 ε’μὲ
1113 1523 1179 1560 γεν
1170 1508 1301 1548 ε’σθαι
1321 1512 1442 1560 spuria
1454 1512 1506 1548 vi-

850 1565 981 1601 dentur
1009 1564 1271 1620 Valckenario,
1318 1566 1379 1615 qui
1408 1568 1505 1604 idem

850 1621 955 1657 scribi
973 1620 1048 1657 vult
1065 1637 1090 1671 η
1111 1636 1184 1659 κου
1212 1622 1261 1668 (i.
1286 1634 1322 1671 q.
1344 1623 1369 1673 ἡ
1391 1624 1504 1671 που),

849 1677 947 1714 unde
967 1676 1023 1713 aiii
1052 1678 1203 1726 posthac
1222 1679 1247 1728 ἠ
1270 1680 1366 1725 κοῦ,
1405 1679 1503 1716 libris

849 1745 924 1769 non
955 1733 1225 1780 addicentibus,
1264 1734 1341 1771 sine
1374 1736 1503 1784 quibus

849 1789 1048 1837 quidquam
1074 1789 1132 1826 hic
1153 1762 1368 1826 mu'tandum
1393 1804 1502 1839 nego,

848 1844 917 1882 Est
939 1845 1032 1881 enim
1058 1844 1124 1882 loci
1148 1859 1292 1882 sensus:
1326 1846 1403 1888 Qui
1428 1849 1503 1885 uti-

850 1914 914 1950 que
942 1903 1039 1938 intra
1076 1901 1168 1938 illud
1210 1905 1360 1952 tempus,
1401 1903 1502 1953 quod,

847 1961 1035 2006 antequam
1054 1959 1127 2007 ipse
1146 1962 1252 1995 natus
1272 1971 1361 2006 sum,
1391 1960 1502 2010 efflu-

846 2015 916 2061 xit,
945 2027 1011 2049 mm
1025 2017 1182 2063 potuerit
1200 2014 1362 2064 compleri
1379 2015 1502 2052 sinus?

848 2071 907 2107 Cf.
929 2069 1060 2107 Matth.
1075 2070 1140 2107 Gr.
1155 2070 1219 2107 Gr.
1239 2083 1276 2120 p.
1293 2073 1419 2118 1236,
1440 2072 1502 2120 qui

847 2128 1121 2176 interpretatur:
1152 2129 1189 2163 in
1220 2126 1376 2163 welcleem
1402 2126 1502 2164 Falla

844 2183 942 2220 nicht
959 2183 981 2219 i.
996 2196 1027 2220 e.
1048 2184 1084 2218 in
1099 2183 1214 2230 jedem
1224 2181 1310 2219 Fau
1328 2187 1394 2221 etc.
1426 2184 1499 2221 Be-

844 2240 1007 2277 nedictus
1036 2239 1073 2275 in
1094 2240 1188 2276 Actt.
1217 2240 1342 2277 semin.
1375 2239 1499 2289 philol.

844 2295 947 2346 Lips.
975 2294 1031 2342 II,
1050 2298 1077 2336 2
1106 2309 1143 2346 p
1163 2295 1244 2337 285
1268 2296 1414 2344 corrigit
1433 2296 1501 2335 καί

844 2366 888 2406 γε
909 2346 981 2402 δής
1012 2351 1188 2400 Stegerus
1209 2351 1394 2400 (Praefat.
1413 2353 1499 2390 edit.

843 2421 930 2460 pag.
957 2408 1030 2457 XI)
1057 2408 1192 2446 mavult
1219 2409 1296 2448 κοῦ
1316 2422 1356 2447 τε
1380 2404 1444 2460 δή.

900 2516 1047 2566 κόλπος
1064 2518 1132 2559 καὶ
1155 2521 1288 2572 πολλῷ
1300 2517 1460 2570 μέζων’
1448 2517 1501 2558 ε’τι

842 2573 986 2616 τούτου
1023 2581 1120 2614 recte
1160 2576 1370 2624 intelligitur
1403 2578 1501 2612 sinus

844 2634 900 2671 vel
919 2634 1026 2670 multo
1045 2634 1156 2669 maior
1173 2632 1234 2669 hoc
1253 2633 1430 2682 Aegyptio
1451 2634 1500 2668 si-

844 2704 915 2734 nu3
939 2702 1045 2739 quem
1055 2689 1129 2726 Nili
1141 2688 1390 2725 adluvionibus
1402 2701 1500 2724 com-

844 2747 982 2798 pletum
1033 2758 1114 2783 esse
1168 2745 1264 2782 intra
1306 2744 1499 2781 multorum

844 2815 1022 2841 annorum
1050 2800 1208 2853 spatium
1241 2804 1326 2839 ante
1360 2800 1498 2837 indica-

844 2863 958 2898 verat.
