1759 3324
188 930 290 977 156

342 283 428 324 354
738 278 1208 318 HERODOTI

318 388 494 449 6,,μήτε
536 390 673 434 δεινοί
715 405 785 433 τοι
823 388 935 432 ἔωσι.
991 387 1143 432 ἄπειπε
1180 386 1262 445 μέν
1313 397 1394 442 σφι
1436 385 1610 442 πέμψας

343 502 369 523 ,,
382 468 498 514 ὅπλα
530 467 661 526 ἀρήϊα
689 469 748 526 μὴ
777 467 1009 525 ἐκτῆσθαι·
1061 466 1207 512 κέλευε
1237 465 1284 511 δέ
1315 477 1451 522 σφεας
1478 468 1610 509 κιθῶ-

345 548 460 604 ,,νοές
499 564 543 593 τε
580 546 820 592 ὑποδύνειν
861 552 977 591 τοῖσι
1024 548 1191 603 εἵμασι,
1248 546 1323 590 καὶ
1359 544 1610 599 κοθόρνους

318 626 681 681 7,,ύποδέεσθαι·
711 624 892 680 πρόειπε
930 623 974 669 δ’
1005 625 1176 670 αὐτοῖσι
1206 627 1447 679 κιθαρίζειν
1474 640 1519 667 τε
1536 623 1611 667 καὶ

346 707 568 760 „dmin-ew
604 705 678 749 καὶ
726 703 990 759 καπηλεύειν
1027 702 1253 748 παιδεύειν
1292 704 1396 755 τοὺς
1441 705 1667 754 παῖδας.8ο

347 786 456 840 ,,καὶ
484 784 645 840 ταχέως
672 782 830 839 σφέας,
861 778 897 825 ὦ
925 786 1126 838 βασιλεῦ,
1167 789 1378 839 γυναῖκας
1408 781 1504 826 ἀντ’
1536 781 1610 825 ἆν-

347 867 508 919 ,,δρῶν
548 862 678 915 ὄψεαι
723 859 981 918 γεγονότας,
1045 861 1155 906 ὥστε
1195 862 1328 907 οὐδὲν
1370 863 1505 906 δεινοί
1542 878 1611 905 τοι

16 996 156 1025 Mamm
183 996 292 1024 Medu-

15 1039 35 1057 a
53 1031 133 1065 Cyro
150 1031 182 1058 in
191 1030 292 1064 Lydos

15 1066 153 1094 mittitur.

347 976 373 997 ‚,
385 944 557 987 ἔσονται
588 939 645 997 μή
677 938 964 984 ἆποστέωσι.“

1020 943 1215 994 Κροῖσος
1263 941 1343 996 μὲν
1383 940 1435 998 δὴ
1475 938 1612 984 ταῦτά

350 1022 394 1066 οἱ
421 1019 677 1074 ὑπετίθετο,
709 1016 973 1073 αἱρετώτερα
1002 1024 1140 1063 ταῦτα
1169 1018 1384 1075 εὑρίσκων
1412 1021 1611 1068 Λυδοῖσι,

345 1100 374 1158 ἢ
402 1098 838 1156 ἀνδραποδισθέντας
867 1103 1097 1156 πρηθῆναι
1125 1099 1283 1155 σφέας·
1329 1097 1612 1154 ἐπιστάμενος
1626 1104 1670 1139 35

347 1179 417 1224 ὅτι
443 1178 501 1236 ἢν
529 1177 588 1235 μὴ
619 1176 856 1235 ἀξιόχρεων
885 1176 1112 1235 πρόφασιν
1137 1180 1365 1236 προτείνῃ,
1400 1176 1481 1222 οὐκ
1510 1175 1615 1221 εἷνα-

346 1260 483 1303 πείσει
509 1275 586 1315 μιν
614 1255 1068 1313 μεταβουλεύσασθαι·
1102 1255 1338 1312 ἆῤῥωδέων
1361 1257 1431 1310 δὲ’,
1461 1256 1518 1314 μὴ
1540 1257 1616 1300 καὶ

287 1367 290 1373 -
345 1337 534 1393 ὕστερόν
562 1353 661 1382 κοτε
691 1338 735 1381 οἱ
763 1337 928 1389 Λυδοὶ,
968 1337 1024 1394 ἢν
1053 1336 1102 1380 τὸ
1133 1336 1298 1391 παρεὸν
1328 1335 1613 1392 ὑπεκδράμω-

313 1425 416 1471 Ξσι,
444 1415 707 1468 ἀποστάντες
737 1414 823 1460 ἆπὸ
854 1419 942 1459 τῶν
976 1416 1181 1471 Περσέων
1212 1415 1476 1461 ἀπόλωνται.
1519 1418 1609 1457 Κῦ-

347 1514 424 1553 ρος
451 1498 496 1542 δὲ
522 1496 673 1554 ἡσθεὶς
710 1498 765 1552 τῇ
801 1493 1036 1551 ὑποθήκῃ,
1085 1496 1158 1539 καὶ
1196 1495 1319 1547 ὑπεὶς
1356 1499 1432 1552 τῆς
1469 1490 1615 1550 ὀργῆς,

288 1694 366 1732 Sed
385 1693 480 1732 bene
501 1692 537 1731 h.
559 1691 584 1729 l.
613 1691 713 1730 istud
733 1692 946 1738 tenendum,

289 1750 428 1799 Cyrum
444 1750 512 1787 hoc
530 1762 655 1799 agere,
670 1754 818 1787 auctore
831 1750 948 1786 Croe-

289 1819 356 1855 so,
389 1807 451 1856 qui
472 1819 516 1845 eo
547 1807 631 1858 ipso
657 1806 835 1856 populum
863 1805 946 1843 olim

289 1876 395 1900 suum
413 1876 559 1901 servare
584 1862 758 1909 voluerit,
788 1876 836 1900 ne
858 1862 946 1899 alias

291 1919 328 1956 in
348 1920 457 1957 sedes
485 1920 792 1956 transduceretur.
849 1918 947 1956 Nam

290 1974 362 2013 hoc
381 1988 528 2025 quoque
554 1975 761 2012 istiusmodi
790 1976 948 2025 impera-

293 2035 394 2069 tores
427 2031 557 2069 iisdem
590 2033 638 2068 de
667 2031 785 2067 causis
811 2030 948 2067 inducti

294 2088 482 2134 factitant,
527 2091 566 2123 ut
601 2092 731 2136 gentes
768 2087 948 2124 subiectas

296 2143 374 2179 suis
393 2143 498 2180 terris
517 2143 647 2193 patriis
667 2143 798 2181 cedere
814 2147 949 2192 cogant

296 2199 336 2235 in
363 2198 452 2236 alias
490 2197 640 2236 multum
679 2199 766 2236 inde
789 2203 948 2236 remotas

295 2258 426 2292 terras.
485 2255 599 2292 Cuius
619 2255 765 2304 generis
785 2255 949 2305 exempla

298 2310 439 2360 aliquot
458 2310 494 2347 in
507 2310 702 2348 Persarum
718 2311 950 2349 inveniuntur

299 2366 460 2404 historia.
516 2366 599 2404 Vid.
619 2367 779 2406 Heeren.
801 2368 824 2404 l.
850 2368 873 2404 l.
897 2389 946 2395 —

299 2423 364 2460 Sic
403 2423 616 2471 Babyloniis
664 2424 950 2462 desciscentibus

301 2478 394 2518 hanc
404 2491 561 2529 poenam
581 2492 603 2516 a
613 2479 734 2518 Xerxe
753 2481 951 2530 irrogatam

300 2548 385 2573 esse
400 2534 554 2584 legimus
582 2538 681 2587 apud
708 2536 888 2575 Plutarch.
916 2536 953 2574 ll

299 2604 337 2642 p.
360 2593 457 2638 1733
487 2592 534 2629 de
555 2590 670 2641 Lydis
699 2597 845 2643 praeter
872 2593 952 2631 He—

300 2647 422 2684 rodoti
446 2647 563 2685 locum
587 2650 680 2686 conf.
711 2650 836 2687 lustin.
864 2649 903 2696 I,
927 2652 952 2691 6

303 2707 342 2741 et
368 2702 541 2752 Polyaen.
567 2704 658 2752 VII,
686 2708 732 2753 6,
767 2705 805 2747 4.
861 2706 956 2743 For-

302 2771 399 2797 mam
429 2759 642 2797 coniunctivi
678 2761 836 2799 Ionicam
863 2760 955 2801 ἔωσι

303 2815 472 2865 explicuit
490 2815 620 2854 Matth.
645 2818 710 2854 Gr.
735 2819 799 2855 Gr.
822 2817 858 2869 ἓ.
872 2821 954 2859 217

303 2884 390 2923 pag.
413 2872 496 2913 414
508 2885 598 2921 seq„
616 2874 677 2922 qui
695 2875 790 2912 idem
811 2874 954 2926 §.534‚

305 2927 346 2975 4,
365 2931 387 2969 1
410 2940 496 2979 pag·
522 2929 628 2971 1046
660 2944 737 2980 seq.
765 2931 956 2969 consulen-

1016 1689 1085 1728 dus
1116 1691 1163 1729 de
1198 1691 1379 1730 locutione
1408 1688 1597 1732 ἄπειπε
1617 1711 1673 1719 -—

1017 1745 1078 1798 μή
1102 1747 1307 1800 ἐκτῆσθαι.
1328 1744 1569 1800 καπηλεύειν
1586 1748 1676 1798 quid

1016 1805 1082 1851 sit,
1128 1809 1165 1843 et
1184 1819 1257 1856 quo
1279 1806 1420 1844 dicatur
1438 1819 1570 1854 sensu,
1593 1818 1675 1842 mo-

1015 1862 1159 1898 nuimus
1177 1863 1225 1899 ad
1242 1862 1281 1909 Ι,
1303 1863 1368 1904 94.

1075 1914 1173 1956 ὥστε
1193 1914 1314 1957 οὐδὲν
1338 1916 1464 1957 δεινοί
1482 1932 1544 1956 τοι
1566 1915 1673 1957 ἔσον-

1015 1987 1079 2012 ται
1099 1971 1153 2024 μὴ
1175 1969 1422 2025 α’ποστέωσι]
1444 1973 1589 2011 Dictum
1605 1975 1675 2012 hoc

1015 2042 1104 2080 pro:
1151 2026 1248 2069 ὥστε
1284 2026 1402 2070 ου’δὲν
1442 2025 1577 2070 δεινόν
1614 2045 1676 2070 τοι

1018 2085 1146 2134 ἔσται,
1183 2083 1238 2137 μή
1274 2087 1419 2126 ἐκεῖνοι
1444 2082 1674 2127 ἀποστέωσι.

1016 2142 1101 2180 vid.
1120 2143 1251 2182 Matth.
1272 2143 1308 2195 ἓ.
1331 2146 1413 2185 297
1437 2156 1524 2194 pag.
1544 2144 1639 2186 595-

1214 2227 1326 2279 Cap.
1357 2227 1488 2266 CLVI.

1073 2307 1252 2362 Κροῖσος
1285 2309 1358 2364 μὲν
1394 2308 1443 2361 δὴ
1479 2306 1606 2351 ταῦτά
1635 2311 1703 2352 οἱ.

1017 2364 1255 2415 ὑπετίθετο]
1285 2369 1503 2406 Particulam
1525 2383 1565 2408 τε
1581 2369 1676 2407 male

1018 2430 1105 2474 post
1134 2428 1260 2464 ταῦτα
1287 2438 1311 2462 a
1340 2425 1529 2463 Gronovio
1557 2426 1675 2463 inser-

1019 2487 1093 2518 tam
1107 2510 1117 2528 ,
1159 2495 1240 2519 cum
1277 2486 1429 2520 recentt.
1476 2481 1673 2520 delevimus

1019 2537 1192 2574 librorum
1221 2537 1459 2588 plurimorum
1478 2538 1591 2576 iussu.
1618 2558 1676 2566 —-

1020 2593 1079 2630 Ad
1098 2591 1216 2641 ’ὑπεὶς
1232 2596 1305 2644 τῆς
1322 2588 1442 2646 ὀργῆς
1465 2596 1561 2631 cons.
1575 2594 1676 2632 Mat-

1020 2649 1118 2687 thiae
1137 2651 1202 2687 Gr.
1224 2650 1289 2687 Gr.
1315 2648 1351 2700 §.
1371 2652 1454 2692 338
1472 2663 1558 2701 pag.
1579 2652 1674 2692 646.

1021 2727 1078 2734 —-
1095 2704 1162 2745 καὶ
1187 2703 1284 2758 πρὸς
1324 2706 1392 2753 (in
1414 2707 1487 2745 fine
1513 2707 1675 2758 capitis),

1021 2765 1181 2813 insuper,
1227 2765 1434 2812 praeterea,
1493 2763 1676 2800 nonnullis

1023 2819 1196 2870 exemplis
1236 2819 1426 2856 illustravit
1453 2819 1675 2868 Wesseling.

1023 2876 1071 2912 ad
1089 2875 1124 2912 h.
1146 2875 1168 2912 l.
1199 2874 1261 2912 Tu
1278 2875 1349 2911 vid.
1368 2876 1492 2923 Viger.
1520 2877 1568 2914 de
1582 2876 1677 2913 idio-

1022 2932 1117 2968 tism.
1140 2944 1228 2982 pag.
1247 2934 1339 2980 175.
1362 2933 1456 2973 662.
