1805 3315
347 239 403 279 22
754 234 1219 274 HERODOTI

326 346 494 405 5Μῂων
540 346 814 401 καλεόμενος.
859 343 981 396 παρα

1028 340 1198 385 τούτων
1231 342 1504 398 Ἡρακλεῖδαι
1542 342 1681 385 ἐπι-10

349 425 641 482 τραφθέντες,
694 423 822 478 ἔσχον
874 420 955 477 τήν
994 419 1132 477 ἀρχὴν
1168 420 1216 464 ἐκ
1250 423 1546 476 θεοπροπίου,
1586 422 1634 465 ἐκ

352 503 512 559 δούλης
550 518 595 546 τε
630 506 707 559 τῆς
755 498 982 566 Ἰαρδάνον

305 688 499 727 revertenti
529 687 679 725 insidias
706 691 864 734 struens,
892 685 961 722 huc

306 746 422 783 minus
464 745 633 795 pertinet.
664 744 722 781 Cf.
761 743 834 790 IV,
864 743 959 783 393-

307 801 477 852 Apollod.
497 800 570 847 IlI,
600 803 639 848 6,
660 803 686 841 6
716 799 798 837 alia.
826 798 961 847 Neque

306 871 393 895 vero
421 858 491 894 hoc
521 856 845 907 praetereundem,
885 867 958 903 quo

308 915 417 952 etiam
446 913 513 950 Cr.
543 913 565 949 l.
593 912 616 949 l.
646 926 683 962 p.
709 915 788 953 169
820 911 960 948 attendi

308 971 431 1017 iubet,
476 969 708 1006 Herodotum
737 981 813 1004 non
841 966 958 1015 magis

307 1026 435 1075 Lydos
462 1025 670 1063 distinxisse
689 1037 710 1062 a
727 1024 958 1070 Maeonibus,

309 1096 418 1132 quam
446 1082 654 1129 Xanthum,
682 1094 837 1130 eamque
876 1092 959 1117 sen-

307 1139 457 1177 tentiam
503 1150 650 1186 quoque
696 1143 738 1174 ut
783 1136 961 1174 veriorem

309 1194 511 1246 praedicari
531 1206 553 1230 a
570 1194 690 1230 Strab.
704 1193 791 1230 XIII
811 1206 848 1243 p.
862 1194 959 1239 928,

310 1252 374 1298 B.‚
396 1251 457 1300 qui
477 1249 605 1298 Lydos
627 1250 673 1287 ab
692 1250 855 1287 Homero
876 1262 961 1285 nus-

309 1308 409 1358 piam
448 1306 626 1343 nominari
661 1307 791 1344 doceat
821 1305 884 1354 (ll.
913 1305 961 1352 II,

312 1363 427 1411 865).
465 1362 577 1400 Unde
614 1366 789 1413 apparet,
837 1375 962 1400 eorum

312 1419 530 1457 sententiam
570 1419 628 1455 vix
656 1418 804 1469 probari
839 1431 963 1468 posse,

313 1476 376 1526 qui
423 1475 646 1525 superiorem
700 1475 777 1513 eius
831 1479 963 1521 terrae,

314 1544 411 1582 quae
442 1536 573 1582 postea
601 1530 722 1580 Lydia
752 1535 809 1569 est
837 1531 964 1581 appel-

314 1587 409 1635 lata,
438 1592 580 1638 partem
609 1587 834 1635 IlIaeom'am,
873 1587 965 1624 infe·

315 1645 447 1682 riorem
463 1673 473 1691 ,
520 1657 628 1693 quam
651 1644 822 1695 Caystrus
848 1643 965 1691 alluit,

315 1700 473 1751 Lydiam
509 1700 707 1749 antiquitus
745 1714 828 1739 esse
859 1712 968 1737 voca-

316 1762 392 1795 tam
413 1756 586 1795 dicerent.
615 1756 699 1794 Vid.
729 1758 792 1794 Cr.
821 1756 844 1793 l.
866 1756 889 1793 l.

374 1809 482 1864 παροῖ
519 1809 673 1852 τούτων
721 1811 968 1865 Ἡρακλεῖδαι

320 1868 645 1921 ἐπιτραφθέντες]
675 1869 894 1908 Particulam
916 1866 969 1908 δὲ

320 1930 407 1979 post
430 1923 582 1965 τούτων
603 1926 784 1973 eiecimus,
811 1926 972 1976 proban-

322 1984 419 2021 tibus
438 1983 638 2031 Schweigh.
652 1987 688 2019 et
701 1983 832 2030 Gaisfi,
845 1995 972 2032 quam-

323 2041 378 2077 vis
398 2039 552 2076 retineat
576 2035 708 2076 Mat‘th.
735 2038 852 2077 Abest
877 2039 974 2077 enim

323 2097 383 2134 illa
403 2108 425 2132 a
444 2095 544 2132 libris
562 2108 671 2132 manu
692 2096 836 2146 scriptis
854 2100 891 2133 et
910 2096 973 2132 be-

325 2166 372 2190 ne
401 2152 532 2189 abesse
564 2155 688 2202 potest
722 2164 766 2189 ex
794 2151 977 2190 Herodoti

323 2208 497 2258 loquendi
515 2221 596 2245 usu.
629 2208 786 2245 Sensum
805 2208 977 2246 locibene

326 2265 485 2304 reddidit
527 2264 752 2313 Schweigh.:
803 2265 881 2313 „ab
922 2264 977 2301 ln's

322 2323 451 2372 priscis
486 2321 627 2369 regibus
658 2323 870 2359 commissum
910 2322 980 2358 sibi

330 2390 473 2428 regnum
503 2390 546 2414 ex
575 2377 712 2414 oraculi
744 2377 856 2415 edicto
887 2379 977 2415 obti-

331 2437 481 2471 nuerunt
533 2433 812 2478 Ηεεναείιίἶαεςιι
879 2435 979 2484 quod

332 2490 426 2527 hanc
460 2489 507 2526 ob
547 2502 693 2526 causam
727 2503 882 2538 moneo,
931 2504 979 2528 ne

333 2546 415 2595 quis
447 2545 559 2581 Corai
593 2545 833 2595 adstipuletur
851 2546 978 2596 legen-

332 2602 379 2638 ti:
421 2599 744 2651 ἐπιτραφέντες
783 2602 876 2651 (pro
900 2602 980 2642 ἐπι-

333 2655 640 2709 τραφθέντες)
669 2657 770 2705 quod
810 2658 907 2696 idem
935 2660 982 2697 sit

336 2718 447 2763 atque
474 2709 743 2764 ἐπιγενόμενοι
769 2713 792 2749 i.
830 2726 860 2750 e.
901 2716 981 2762 „ab

336 2769 390 2807 his
410 2768 625 2807 succedentes
645 2767 894 2806 Ηεναείίᾱαε(ί
918 2776 985 2810 etc.

335 2827 507 2876 quodque
558 2838 648 2863 sane
692 2826 893 2875 reperiatur
939 2827 986 2875 11,

341 2884 418 2924 121
451 2881 487 2933 ἓ
520 2885 563 2927 1,
593 2881 652 2921 ubi
691 2882 760 2920 u‘d.
801 2883 877 2922 Sed
908 2883 987 2923 ἐπι-

1025 498 1251 556 γεγονότες
1288 502 1361 544 καὶ
1391 501 1633 557 Ἡρακλέος.

1027 681 1274 736 τραφθέντες
1315 686 1472 734 pertinet
1510 686 1559 722 ad
1599 698 1679 723 ver-

1027 741 1113 778 bum
1147 738 1392 789 ἐπιτρέπειν,
1443 754 1515 790 quo
1540 740 1678 778 Noster

1027 810 1115 834 usus
1147 802 1204 835 est
1239 797 1310 845 III,
1350 798 1442 838 157.
1483 797 1553 835 Est
1581 797 1678 835 enim

1026 856 1254 900 committere,
1288 856 1486 904 permittere
1513 867 1678 902 regnum.

1025 909 1106 947 Nec
1147 910 1292 947 insolita
1346 911 1436 948 haec
1486 914 1678 958 structura,

1025 965 1087 1001 ubi
1116 966 1320 1003 istiusmodi
1336 967 1455 1004 verbis
1475 967 1512 1003 in
1529 967 1677 1017 passivo

1026 1022 1171 1058 additur
1205 1022 1301 1060 idem
1336 1023 1465 1061 obiecti
1503 1022 1680 1060 accusati-

1025 1091 1102 1117 vus,
1133 1078 1217 1115 Vid.
1245 1078 1366 1118 Fisch.
1397 1080 1446 1116 ad
1474 1079 1583 1117 Well.
1615 1079 1681 1127 III,

1028 1136 1051 1175 1
1083 1148 1119 1184 p.
1140 1134 1222 1176 437
1251 1148 1308 1184 sq.
1338 1135 1388 1172 Et
1415 1149 1473 1173 res
1510 1136 1592 1185 ipsa
1609 1149 1679 1172 nos

1027 1190 1201 1228 admonet
1259 1205 1457 1240 regnorum
1508 1192 1680 1230 Orienta-

1026 1246 1111 1283 lium
1151 1247 1367 1284 conditionis
1405 1255 1516 1298 atque
1551 1253 1680 1296 status,

1027 1303 1089 1340 ubi
1119 1303 1188 1340 hoc
1214 1305 1325 1341 modo
1352 1317 1548 1352 regnorum
1579 1319 1681 1343 ever-

1029 1360 1151 1396 siones
1193 1360 1287 1398 effici
1317 1360 1504 1408 videmus,
1533 1363 1681 1411 quando

1029 1416 1196 1452 nimirum
1225 1429 1355 1466 reges,
1394 1418 1524 1456 inertia
1559 1431 1601 1455 ac
1627 1418 1683 1454 lu-

1030 1472 1129 1509 xurie
1161 1473 1392 1521 diffluentes,
1436 1475 1681 1523 regnicuram

1031 1528 1108 1565 aliis
1140 1529 1374 1579 permittunt,
1403 1543 1426 1567 a
1454 1531 1584 1580 quibus
1610 1531 1682 1582 ipsi

1031 1585 1203 1636 deinceps
1222 1599 1338 1635 regno
1359 1587 1582 1624 deiiciuntur.

1089 1640 1131 1680 ἐκ
1172 1637 1320 1692 δούλης
1355 1664 1412 1671 —-
1447 1642 1681 1696 Ἡρακλέος]

1033 1698 1127 1734 Sunt
1166 1698 1228 1747 qui
1262 1699 1477 1738 Heraclidas
1516 1713 1592 1737 non
1637 1701 1683 1738 ab

1032 1754 1178 1792 Iardani
1199 1768 1316 1804 serva,
1345 1757 1412 1794 sed
1432 1758 1478 1794 ab
1504 1757 1686 1808 Omphale

1034 1811 1112 1848 sive
1153 1824 1265 1850 uxore
1307 1813 1454 1850 Iardani
1493 1814 1569 1851 sive
1611 1813 1686 1850 filia

1037 1867 1210 1904 oriundos
1251 1882 1333 1907 esse
1372 1874 1545 1907 statuant.
1611 1870 1688 1908 Sed

1038 1925 1253 1974 scriptorum
1279 1930 1441 1963 veterum
1479 1926 1690 1964 testimonia

1036 1981 1221 2018 Herodoti
1241 1983 1459 2020 sententiam
1475 1983 1691 2020 confirman—

1038 2038 1090 2075 tia
1118 2036 1243 2075 laudat
1268 2038 1299 2075 C
1305 2051 1332 2075 r.
1363 2039 1557 2089 (sragmm.
1577 2040 1692 2077 histo-

1040 2095 1121 2132 rice.
1159 2108 1197 2145 p.
1232 2097 1312 2136 186
1352 2097 1461 2145 sq.)‚
1512 2096 1690 2134 Hellanic.

1042 2164 1101 2201 ap.
1140 2151 1266 2201 Steph.
1307 2151 1398 2200 Byz.
1440 2166 1518 2190 voc.
1556 2147 1692 2203 Ἀκέλη

1044 2209 1239 2256 (fragmm.
1264 2208 1362 2245 Hell.
1400 2222 1437 2259 p.
1467 2209 1576 2258 134)
1613 2209 1694 2246 coll.

1042 2264 1154 2302 Diod.
1185 2264 1256 2301 Sic.
1295 2264 1368 2313 IV,
1405 2267 1459 2306 31
1496 2271 1534 2303 et
1578 2265 1692 2303 Dion.

1046 2321 1237 2368 chrysost.
1267 2321 1371 2358 Orat.
1396 2321 1447 2358 IV
1468 2335 1504 2372 p.
1526 2324 1621 2369 236,
1650 2322 1694 2358 B.

1044 2377 1094 2413 Et
1124 2378 1168 2414 cf.
1198 2390 1344 2427 quoque
1363 2378 1522 2416 Wessel.
1552 2379 1601 2415 ad
1617 2379 1651 2416 h.
1673 2378 1696 2416 l.

1045 2433 1126 2471 Nec
1164 2447 1315 2483 prorsus
1348 2435 1527 2483 refragari
1555 2435 1698 2473 videtur

1044 2497 1249 2540 temporum
1263 2491 1366 2528 ratio.
1397 2491 1546 2541 Quippe
1565 2503 1698 2540 regna-

1045 2561 1085 2584 re
1106 2546 1240 2597 incepit
1273 2546 1421 2596 Agron,
1449 2548 1586 2597 primus
1619 2547 1697 2584 He-

1046 2601 1258 2640 raclidarum
1295 2616 1380 2650 rex,
1427 2616 1525 2640 anno
1567 2605 1697 2649 12203

1048 2659 1147 2695 unde
1177 2671 1293 2707 usque
1323 2660 1373 2695 ad
1391 2658 1587 2697 Herculem
1613 2672 1700 2710 pro-

1050 2714 1252 2764 genitorem
1277 2715 1399 2765 stirpis
1427 2716 1588 2764 quinque
1621 2729 1701 2753 cum

1052 2772 1125 2807 sint
1145 2771 1400 2820 generationes
1417 2772 1493 2810 sive
1514 2774 1593 2813 166
1604 2773 1703 2820 anni,

1054 2827 1222 2864 Herculis
1259 2827 1375 2877 ipsius
1416 2841 1534 2865 annus
1573 2829 1704 2866 natalis

1054 2884 1188 2922 incidet
1215 2886 1249 2921 in
1277 2897 1359 2921 ann.
1393 2887 1499 2926 1386
1528 2898 1561 2923 a.
1593 2885 1705 2932 Chr.‚
