1759 3324
624 244 843 284 CLIO.
901 244 928 281 Ι.

1330 246 1413 286 281

154 368 243 408 τῶν
266 363 455 412 παίδων,
508 356 532 401 ὁ
565 359 716 410 Κῦρος
754 353 833 397 τόν
870 353 1006 396 παῖδα
1044 351 1232 408 τρηχέως
1273 353 1415 408 κάρτα
1430 361 1473 394 10

154 441 354 496 περιέσπε
386 436 649 494 μαστιγέων·
681 433 705 477 ὁ
737 433 809 484 δὲ,
842 433 932 476 ἐπεί
960 449 1004 475 τε
1024 434 1200 489 μετείθη
1221 430 1415 488 τάχιστα,

155 522 214 574 ὥς
241 537 287 576 γε
317 518 370 575 δή
401 515 555 568 ἀνάξια
586 515 755 558 ἑωυτοῦ
784 511 963 565 παθών,
994 512 1162 567 μᾶλλόν
1190 529 1232 556 τι
1261 527 1411 568 περιη-

152 601 311 657 μέκτεε·
365 594 591 640 κατελθών
632 594 678 638 δὲ
716 593 758 644 ἐς
797 592 948 645 πόλιν,
1000 591 1112 647 πρὸς
1140 593 1219 635 τὸν
1248 591 1414 646 πατέρα

150 678 414 730 ἀποικτίζετο
446 678 536 718 τῶν
569 672 658 717 ὑπὸ
699 673 855 728 Κύρου
885 673 1066 728 ἤντησε,
1112 670 1250 728 λέγων
1280 672 1326 715 δὲ
1357 669 1413 715 οὐ

149 756 326 811 Κύρου,
358 753 430 811 (οὐ
457 754 542 811 γάρ
563 771 626 797 κω
657 748 711 809 ἦν
740 757 870 796 τοῦτο
901 750 1143 807 τοῧνομα,)
1175 750 1282 795 ἀλλὰ
1305 749 1412 805 πρὸς
1427 758 1469 792 15

119 840 227 880 5τοῦ
268 835 489 891 βουκόλου
528 838 608 878 τοῦ
648 830 904 889 Ἀστυάγεος
941 833 1111 883 παιδός.
1167 830 1216 874 Ὁ
1246 831 1293 874 δὲ
1319 828 1411 886 Ἀρ-

144 915 358 973 τεμβάρης
387 912 520 970 ὀργῇ,
571 912 629 964 ὥς
659 911 760 969 εἶχε,
810 911 954 956 ἐλθών
983 911 1100 967 παροὲ
1127 910 1206 954 τὸν
1230 909 1413 954 'Am-voi-

145 1012 248 1052 γεα,
295 995 368 1039 καὶ
399 994 488 1050 ἅμα
523 992 734 1050 ἀγόμενος
763 990 842 1036 τὸν
873 994 1031 1044 παῖδα,
1080 990 1271 1045 ἀνάρσια
1299 987 1411 1046 πρή-

146 1091 287 1132 γματα
317 1074 399 1131 ἔφη
429 1073 719 1126 πεπονθέναι,
748 1071 909 1129 λέγων·
968 1067 1055 1124 ,,Ὦι
1085 1073 1284 1127 βασιλεῦ,
1322 1068 1410 1114 ὑπὸ

146 1158 260 1207 ,,τοῦ
298 1158 380 1197 σοῦ
420 1152 606 1207 δούλου,
651 1150 875 1208 βουκόλου
914 1153 960 1195 δὲ
997 1150 1174 1201 παιδὸς,
1230 1145 1311 1194 ὧδε
1341 1165 1412 1194 πε-

146 1236 508 1290 ,,ριῦβρίσμεθα.“
568 1232 760 1288 (δεικνύς
798 1234 879 1275 τοῦ
908 1229 1064 1281 παιδὸς
1091 1228 1194 1280 τούς
1229 1229 1468 1285 &ssve->20

27 1317 125 1366 115
147 1314 357 1365 Ἀκούσας
388 1312 433 1356 δὲ
461 1313 534 1356 καὶ
565 1313 671 1355 ἰδών
699 1309 721 1355 ὁ
751 1309 1009 1366 Ἁστυάγης,
1049 1308 1196 1353 θέλων
1224 1312 1409 1365 τιμωρῆ-
1467 1329 1539 1364 Cyri
1565 1337 1585 1357 a
1605 1338 1681 1371 pege
1699 1331 1746 1359 in-

148 1407 219 1440 σαι
248 1396 310 1452 τῷ
335 1392 458 1436 παιδὶ
487 1395 610 1449 τιμῆς
641 1395 716 1449 τῆς
751 1388 1061 1448 Ἀρτεμβάρεος
1091 1391 1258 1442 εἵνεκα,
1289 1405 1406 1446 μετε,
1463 1366 1614 1427 ἔῗὲιὶῗὶὲαῗῃ
1642 1373 1713 1393 ⁶⁰¹²-

89 1615 295 1654 melioribus
323 1613 423 1651 libris
465 1627 546 1652 cum
577 1613 745 1651 Gaisfor-

90 1673 152 1710 dio
177 1672 404 1708 adscivimus.
461 1670 532 1707 Est
559 1683 644 1708 vero
665 1670 742 1707 hic:

91 1729 238 1765 medium
263 1728 415 1777 aliquem
458 1726 743 1776 comprehendere,

91 1790 132 1822 ut
150 1785 214 1832 lv,
234 1784 299 1826 94.
320 1785 396 1830 68,
427 1784 488 1820 ubi
509 1784 603 1820 cons.
632 1783 742 1821 ἶνες-

90 1841 219 1890 seling.
255 1842 520 1878 Grammaticus
542 1840 673 1877 Graec.
704 1840 741 1876 in

89 1897 248 1936 Bekkeri
268 1896 432 1934 Anecdd.
461 1896 478 1934 Ι
507 1909 544 1947 p.
566 1899 619 1937 36
655 1896 740 1933 bina

88 1955 200 1992 verbo
220 1953 423 2003 διαλαβεῖν
451 1953 646 2002 significari
674 1953 741 1990 ad-

89 2014 212 2059 notat,
240 2010 392 2048 alterum
421 2006 466 2049 το“
494 2007 743 2060 ἑκατέρωθέν

90 2082 197 2114 τινος
233 2065 429 2117 λαβέσθαι
460 2066 654 2116 (sequitur
684 2066 742 2103 hic

90 2124 240 2173 locus);
278 2123 432 2162 alterum
470 2128 527 2161 est
556 2123 667 2170 illud,
697 2123 745 2159 de

88 2194 161 2232 quo
181 2181 252 2218 vid.
275 2181 323 2218 ad
343 2180 381 2229 Ι,
404 2182 496 2222 190.

144 2235 314 2289 τρηχέως
334 2232 460 2289 κάρτα
477 2235 662 2290 περιέσπε
674 2253 744 2288 μα-

90 2293 278 2347 στιγέων]
309 2292 494 2347 περιέσπε
523 2295 745 2345 scripsimus,

29 2398 31 2402 Ι
91 2363 166 2388 non
185 2352 392 2403 περίεσπε,
421 2356 461 2388 ut
491 2351 575 2389 olim
592 2352 746 2403 impres-

92 2420 173 2445 sum
200 2412 279 2446 erat
313 2412 349 2446 et
387 2408 505 2446 adhuc
527 2409 746 2459 impressum

93 2467 210 2502 exstat
254 2465 355 2514 apud
399 2464 531 2503 Matth.
581 2466 743 2503 Gramm.

96 2520 224 2558 Graec.
263 2519 300 2572 ἓ.
324 2520 407 2563 234
437 2535 525 2572 pag.
548 2521 652 2570 457,
683 2523 745 2559 ubi

96 2575 144 2614 (le
162 2577 285 2614 formis
304 2579 409 2616 huius
423 2579 522 2616 verbi
548 2579 635 2628 agit.
686 2578 746 2616 De

96 2632 214 2670 form&
240 2634 476 2685 μετείθη,
504 2636 540 2672 in
566 2648 639 2686 qua
664 2635 747 2672 libri

97 2687 154 2724 hic
177 2691 332 2738 variant,
367 2691 465 2730 idem
489 2692 560 2730 vid.
589 2691 627 2743 §-
650 2691 746 2739 214,

101 2746 123 2784 1
141 2756 226 2794 pag.
250 2746 342 2788 408.
372 2747 416 2785 In
433 2761 538 2798 seqq.
565 2744 746 2788 ἀποικτί-

99 2801 180 2846 ζετο
206 2804 300 2842 τῶν
328 2801 410 2844 ’ὑπὸ
431 2800 578 2857 Κύρου
597 2802 746 2857 ἤντησε

99 2856 288 2896 Genitivus
307 2872 455 2910 quoque
473 2862 598 2900 referri
612 2862 748 2912 poterit

99 2912 147 2950 ad
167 2909 334 2966 ἤντησε,
363 2918 462 2967 quod
481 2918 632 2957 verbum
649 2920 746 2957 acci-

807 1612 950 1664 piendi,
973 1611 1125 1663 fruendi
1140 1611 1289 1649 notione
1310 1610 1392 1649 huic
1408 1623 1468 1648 ca—

813 1671 869 1706 sui
894 1670 1065 1718 iungitur.
1104 1669 1244 1706 Herod.
1272 1667 1308 1705 H
1322 1697 1333 1716 ,
1366 1671 1466 1710 119:

812 1748 933 1754 —-—
955 1726 1169 1774 ξεινίων
1191 1722 1384 1775 ἤντησε
1404 1739 1468 1775 με-

810 1779 954 1835 γάλων.
1012 1782 1095 1819 Alia
1137 1782 1263 1819 laudat
1288 1780 1468 1820 Matthiae

811 1841 877 1877 Gr.
900 1840 965 1878 Gr.
988 1852 1074 1890 pag.
1088 1840 1181 1880 636.

1008 1924 1120 1976 Cap.
1153 1922 1269 1961 cxv.

865 2011 982 2061 τιμῆς
991 2011 1061 2060 τῆς
1069 2003 1354 2060 Ἀρτεμβάρεος
1371 2006 1467 2047 εἴνε·

811 2065 887 2118 κα]
920 2066 1050 2106 εἵνεκα
1078 2066 1114 2103 in
1148 2065 1470 2103 Schellershemia-

812 2137 861 2162 no
889 2127 924 2161 et
945 2124 983 2160 in
1003 2122 1187 2160 Sancrofti
1212 2122 1303 2159 libro
1325 2121 1470 2171 alioque

812 2180 980 2219 Parisino
1001 2193 1081 2218 cum
1101 2182 1219 2226 esset,
1250 2179 1468 2216 adscivimus

811 2241 899 2289 post
926 2237 1188 2274 Gaisfordium.
1246 2235 1367 2285 Vulgo
1388 2234 1468 2274 ἕνε-

813 2310 875 2333 κα.
902 2294 1046 2332 Eadem
1065 2295 1142 2331 sere
1161 2292 1327 2330 lectionis
1351 2292 1469 2329 varie-

813 2356 870 2388 tas
891 2351 990 2388 haud
1014 2351 1227 2399 infrequens
1255 2349 1354 2400 apud
1373 2348 1472 2386 Pau-

814 2409 953 2445 saniam
969 2438 980 2457 ‚
1011 2409 1058 2445 de
1084 2420 1156 2456 quo
1176 2406 1344 2444 Siebelis.
1371 2406 1419 2442 ad
1437 2405 1468 2453 I,

814 2464 839 2507 5
861 2463 898 2516 ξ.
920 2467 958 2506 4.
1015 2463 1105 2501 Mox
1131 2463 1169 2500 in
1199 2476 1287 2501 voce
1318 2457 1468 2516 οἷεικείῃ

813 2523 955 2559 variant
970 2521 1061 2558 libri.
1118 2520 1240 2570 Supra
1258 2519 1295 2567 I,
1316 2520 1370 2560 73
1390 2519 1471 2557 sine

814 2578 886 2615 ulla
916 2578 1072 2616 lectione
1094 2575 1229 2626 legitur
1259 2571 1284 2615 οΞ
1298 2590 1371 2615 εικ
1386 2590 1403 2614 ε
1416 2575 1469 2631 ίῃ

814 2634 893 2673 coll.
910 2635 974 2682 ΙΙΙ,
987 2637 1090 2681 160·,
1118 2647 1186 2672 nee
1205 2633 1273 2670 hoc
1289 2632 1370 2670 loco
1390 2632 1471 2683 ple-

814 2692 917 2741 rique
939 2696 976 2730 εἴ
999 2692 1024 2728 ii
1044 2690 1212 2729 meliores
1239 2690 1322 2727 libri
1346 2690 1472 2740 scripti

814 2749 861 2786 ab
879 2748 947 2786 hac
963 2748 1118 2787 lectione
1137 2747 1334 2794 recedunt,
1361 2759 1472 2795 quam

814 2818 837 2842 a
857 2805 1068 2843 Gaisfordio
1093 2807 1268 2842 mutatam
1298 2803 1410 2840 miror
1434 2802 1472 2839 in

816 2857 973 2918 οἷεικίῃ,
1004 2866 1131 2900 contra
1157 2860 1337 2898 Matthiae
1362 2872 1472 2897 cano-

815 2931 922 2967 nem,
953 2931 996 2958 ex
1025 2931 1097 2969 quo
1125 2918 1274 2956 nomina
1301 2917 1472 2954 substan-
