1759 3324
334 231 420 272 67⁰

750 228 1223 270 HERODOTI

334 337 516 394 νεκρὸς,
546 338 770 383 δεικνύασι
798 345 910 384 τοῖσι
939 341 1146 396 κομίσασι
1173 339 1501 395 παραδείγματα
1524 355 1597 383 νε-

334 422 457 473 κρῶν
485 417 662 472 ξύλινα,
701 423 756 476 τῇ
784 424 936 477 γραφῇ
972 418 1254 476 μεμιμημένα.
1307 419 1381 461 καὶ
1411 418 1492 474 τήν
1523 419 1602 474 μὲν

336 496 689 554 σπουδαιοτάτην
728 496 894 541 αὐτέων
923 500 1031 554 φασὶ
1062 496 1196 550 εἶναι,
1247 502 1330 541 τοῦ
1360 497 1443 541 οὐκ
1474 497 1658 542 ὅσιον3ο

334 580 541 632 ποιεῦμαι
568 575 618 620 τὸ
653 575 826 632 οὔνομα
865 577 935 620 ἐπὶ
963 577 1150 635 τοιούτῳ
1187 577 1405 634 πρήγματι
1434 575 1599 633 ὄνομά-

307 660 440 710 3ζειν.
499 657 578 712 τὴν
615 656 661 699 δὲ
700 655 906 711 δευτέρην
947 656 1171 700 δεικνύασι
1207 655 1527 712 ὑποδεεστέρην
1555 671 1600 699 τε

333 734 494 790 ταύτης
522 734 594 778 καὶ
623 733 946 791 εὐτελεστέρην·
977 735 1057 792 τήν
1077 735 1121 779 δὲ
1149 736 1317 792 τρίτην,
1350 732 1599 779 εὐτελεστά-

277 978 351 1015 que
380 976 505 1002 eorum
537 963 782 1002 conditionem
815 963 936 1001 consi-

278 1023 398 1060 deres.
455 1021 565 1058 Conf.
586 1020 640 1067 ΙΙ,
664 1022 729 1062 89.

334 1071 541 1117 δεικνύασι
594 1080 697 1116 τοῖσι
744 1075 933 1128 κομίσασι

277 1134 576 1187 παραδείγματα
593 1135 748 1186 νεκρῶν
778 1129 932 1181 ξύλινα,

278 1193 330 1245 τῇ
357 1206 492 1244 γραφη
518 1188 792 1242 μεμιμημένα]
823 1190 934 1229 Intel-

276 1248 357 1297 ligit
374 1247 592 1298 exemplaria
606 1261 633 1284 s.
655 1247 844 1284 simulacra
856 1260 935 1284 mu-

276 1305 429 1343 miarum
456 1304 596 1353 lignea,
625 1304 765 1355 pictura
784 1304 935 1341 inducta

277 1366 314 1400 et
351 1361 500 1410 quidem
540 1361 582 1398 ea
604 1390 614 1409 ‚
655 1373 751 1410 quae
784 1361 932 1408 Isidem,

277 1418 461 1456 Osiridem
483 1421 524 1454 ut
551 1417 744 1468 plurimum
759 1446 770 1464 ‚
799 1416 934 1455 aliasve

275 1487 334 1512 res
357 1487 476 1511 sacras
497 1473 693 1511 exhiberet.
752 1473 811 1511 De
832 1473 934 1511 locu-

275 1531 377 1568 tione
414 1532 465 1584 τῇ
494 1532 632 1584 γραφῇ
667 1528 932 1581 μεμιμημένα,

276 1599 350 1637 qua
375 1587 515 1624 indicat
559 1586 749 1624 simulacra
787 1588 855 1623 ista
883 1588 933 1624 sic

274 1644 373 1696 picta
399 1644 536 1690 fuisse,
577 1647 616 1680 ut
647 1643 786 1693 pictura
807 1656 932 1681 verum

273 1700 430 1740 maxime
467 1699 692 1737 imitarentur
729 1704 840 1749 atque
870 1713 933 1738 ex-

272 1759 490 1826 primerent‚
508 1758 602 1794 conf.
622 1756 667 1804 ΙΙ,
685 1758 738 1797 78
755 1756 840 1806 ibiq
855 1760 931 1793 not.

329 1830 395 1855 και
408 1828 483 1866 την
503 1811 576 1865 μὲν
593 1810 929 1865 σπουδαιοτάτην]

272 1871 628 1922 8οἰ1.ταρίχενσιν,·
660 1872 930 1919 praestantissz-

271 1941 364 1967 mam
404 1930 501 1967 enim
538 1926 706 1976 intelligit
734 1927 930 1964 condiendi

272 1987 464 2024 rationem.
525 1984 618 2022 Cum
652 1984 747 2021 enim
775 1984 847 2019 tria
873 1983 931 2020 hic

271 2046 387 2092 ponat
419 2055 556 2091 genera
583 2040 801 2088 condiendi,
842 2039 930 2076 illud

272 2098 560 2145 observandum,
609 2097 762 2134 cuiusvis
807 2096 929 2133 classis

271 2155 402 2191 modos
440 2154 554 2191 videri
577 2153 688 2190 fuisse
713 2153 930 2203 complures,

271 2210 323 2247 uti
345 2213 524 2247 testantur
536 2209 693 2246 mumiae
704 2209 822 2246 adhuc
835 2221 929 2258 quae

273 2270 480 2316 supersunt.
529 2263 671 2315 [Quare
689 2278 762 2302 non
787 2265 929 2312 mirum,

270 2335 294 2359 a
312 2322 539 2373 nuperrimo,
561 2321 827 2371 Aegyptiarum
853 2325 930 2357 ter-

269 2391 392 2415 rarum
425 2378 724 2428 peregrinatore,
767 2378 928 2426 quinque

271 2434 408 2472 classes
439 2447 521 2471 esse
560 2434 784 2471 observatas.
842 2433 925 2469 Vid.

271 2490 444 2528 Minutoli
463 2489 675 2538 Nachtrage
698 2494 764 2527 etc.
787 2491 926 2539 p.199.

271 2548 368 2585 Add.
390 2546 543 2584 Belzoni
558 2558 700 2595 voyage
718 2559 763 2583 en
779 2546 928 2595 Egypte

270 2607 298 2641 t.
319 2603 336 2640 I
365 2616 402 2654 p.
422 2605 504 2644 269
525 2600 646 2652 seqq.]
707 2602 818 2645 Quod
840 2614 926 2639 vero

271 2659 439 2709 Heynius
465 2658 487 2695 l.
509 2657 532 2695 1.
554 2671 640 2708 pag.
661 2660 716 2700 82
751 2658 881 2696 rectius
907 2671 930 2695 a

271 2716 439 2754 Diodoro
474 2715 650 2752 traditum
680 2718 804 2764 putat3
833 2726 928 2750 sum-

273 2775 374 2810 tuum
392 2772 440 2809 ad
462 2771 749 2820 unumquodque
765 2771 931 2808 conditu-

272 2841 336 2867 rae
363 2841 479 2878 genus
506 2827 790 2866 necessariorum
817 2829 930 2864 ratio-

273 2897 350 2924 nem
380 2897 404 2924 a
427 2884 636 2936 taricheutis
665 2883 776 2933 fuisse
792 2896 931 2936 propo-

1003 964 1112 1001 sitam
1147 965 1398 1002 defunctorum
1429 964 1658 1011 necessariis,

1000 1021 1193 1059 Herodoto
1221 1021 1270 1058 sic
1289 1022 1536 1072 patrocinatur
1555 1021 1658 1059 Zoe-

1001 1090 1050 1127 ga
1081 1078 1148 1126 (de
1169 1077 1275 1115 obell.
1306 1091 1342 1128 p.
1358 1080 1442 1120 252
1470 1082 1545 1115 not.
1570 1078 1657 1127 15),

1000 1138 1040 1171 ut
1060 1139 1209 1172 moneat
1227 1135 1378 1183 cogitari
1399 1147 1509 1185 posse
1532 1134 1658 1184 singu-

1001 1190 1037 1227 la
1080 1191 1203 1240 lignea
1238 1191 1403 1241 exempla
1441 1191 1560 1228 fasciis
1588 1204 1658 1241 pro

1002 1247 1177 1297 cuiusque
1194 1248 1406 1286 conditurae
1427 1247 1569 1285 ratione
1597 1247 1656 1284 di-

1001 1305 1115 1341 versis
1143 1303 1303 1341 involuta
1330 1305 1464 1351 fuisse,
1494 1304 1591 1341 unde
1611 1316 1657 1341 ex

1001 1360 1154 1398 cuiusvis
1173 1362 1329 1398 mumiae
1347 1361 1523 1411 adspectu
1539 1359 1595 1397 vel
1613 1372 1657 1398 ex

1001 1418 1097 1468 picto
1131 1417 1287 1454 mumiae
1317 1416 1498 1454 schemate
1527 1417 1658 1454 distin-

1002 1477 1196 1522 gueretur,
1213 1474 1312 1511 cuius
1333 1478 1429 1511 esset
1447 1473 1585 1511 classis.
1605 1473 1656 1510 Et

1000 1531 1212 1580 comprobat
1237 1530 1487 1567 Herodoteam
1529 1541 1657 1566 narra-

1000 1588 1138 1624 tionem
1157 1586 1280 1623 tabula
1299 1600 1319 1624 e
1335 1586 1508 1636 sepulcris
1518 1586 1656 1634 Ilithyi-

1001 1643 1115 1693 opolis
1141 1647 1265 1690 eruta,
1317 1655 1412 1692 quae
1438 1643 1509 1680 hoc
1539 1655 1657 1691 nego-

1000 1700 1089 1736 tium
1107 1701 1200 1738 bene
1218 1712 1428 1750 expressum
1445 1699 1551 1736 nobis
1570 1702 1657 1736 ante

1001 1755 1122 1793 oculos
1146 1756 1260 1806 ponit.
1319 1756 1424 1794 Haec
1452 1755 1655 1793 Creuzerns

999 1812 1021 1850 l.
1045 1812 1068 1849 1.
1094 1827 1130 1863 p.
1153 1813 1203 1853 18
1232 1817 1268 1849 et
1286 1813 1360 1849 tab.
1389 1825 1443 1849 nr.
1466 1814 1503 1852 1.
1560 1811 1658 1849 Cae-

999 1874 1115 1907 terum
1143 1869 1303 1905 constitit
1322 1869 1412 1906 haec
1433 1869 1550 1918 prima
1565 1868 1656 1904 ratio

999 1926 1193 1963 condiendi
1226 1925 1364 1963 talento
1390 1924 1534 1972 Attico,
1562 1928 1658 1962 teste

998 1982 1164 2020 Diodoro
1206 1981 1243 2029 Ι,
1284 1984 1362 2028 91,
1415 1982 1514 2030 quod
1547 1982 1656 2022 1200

998 2038 1154 2076 thaleros
1173 2038 1374 2075 Saxonicos
1406 2039 1484 2075 fere
1503 2041 1656 2087 aequat3

999 2095 1112 2132 altera
1139 2096 1234 2132 ratio
1262 2094 1392 2144 viginti
1424 2094 1530 2131 minis
1569 2106 1656 2131 con-

1000 2152 1102 2189 stitit.

1053 2209 1129 2247 τοῦ
1155 2201 1230 2247 οὔκ
1257 2203 1371 2247 ὅσιον
1398 2208 1588 2258 ποιεῦμαι
1614 2202 1658 2246 τὸ

998 2261 1154 2314 οὕνομα
1192 2279 1227 2302 κ.
1253 2279 1284 2302 τ.
1316 2262 1367 2314 λ.]
1403 2264 1653 2313 Cogitandum

998 2325 1055 2358 est
1076 2322 1122 2358 de
1144 2320 1300 2357 Osiridis
1319 2319 1508 2357 simulacro
1527 2320 1564 2356 in
1576 2333 1660 2357 mu·-

996 2377 1091 2413 miae
1114 2378 1266 2413 sormam
1287 2376 1507 2426 composito3
1536 2379 1578 2413 ut
1600 2376 1659 2412 in-

996 2432 1169 2481 telligitur
1181 2437 1257 2468 tum
1281 2444 1324 2469 ex
1345 2433 1480 2469 diserto
1494 2431 1657 2470 Athena-

995 2501 1109 2538 gorae
1143 2489 1348 2526 testimonio
1384 2489 1421 2524 in
1444 2488 1555 2538 legat.
1586 2501 1656 2540 pro

996 2545 1130 2581 Christ.
1167 2558 1223 2594 cp.
1246 2546 1299 2586 25
1333 2559 1370 2595 p.
1394 2545 1473 2593 32,
1501 2550 1578 2583 tum
1610 2557 1655 2583 ex

998 2601 1110 2651 ipsius
1142 2600 1325 2638 Herodoti
1360 2600 1446 2637 locis
1481 2602 1575 2639 inter
1615 2614 1656 2639 se

998 2656 1139 2694 collatis
1164 2656 1222 2704 II,
1251 2658 1317 2697 61.
1348 2658 1441 2698 132·
1464 2660 1545 2700 170
1575 2670 1653 2707 seq-

997 2712 1166 2762 Arguunt
1210 2713 1318 2750 etiam
1351 2714 1454 2763 ipsae
1495 2714 1653 2751 Osiridis

997 2770 1174 2819 imagines
1201 2768 1257 2807 vel
1278 2769 1315 2805 in
1335 2769 1508 2820 sepulcris
1529 2783 1656 2821 reper-

997 2830 1057 2863 tae
1089 2826 1145 2863 vel
1177 2825 1215 2862 in
1252 2825 1466 2862 mumiarum
1501 2827 1651 2876 picturis

998 2882 1187 2921 exhibitae.
1235 2881 1346 2920 Plura
1363 2882 1581 2921 Creuzerus.
