1759 3324
204 772 300 818 122

26 838 175 878 Exceptus
198 845 226 877 a·
243 836 308 864 suis

24 870 307 933 t.¹:.¹2.².¹¹·212-³:.2¹.¹³5.;
367 920 379 935 ,

24 939 142 966 nutrice
159 937 239 964 illius
257 944 305 965 ca·
362 938 381 965 ε

26 980 65 1001 no
85 972 126 1007 [1,
136 971 210 1007 no}

356 260 442 302 292

769 253 1236 296 HERODOTI

358 385 520 424 ,,κεον,
559 372 614 428 τῇ
643 370 840 413 σεωυτοῦ
868 366 914 411 δὲ
943 366 1076 423 μοίρῃ
1104 364 1288 420 περίεις·
1341 365 1427 406 νῦν
1458 355 1523 406 ὦν
1551 362 1620 405 ἰ’θι

360 482 386 502 ,‚
398 450 562 506 χαίρων
590 448 634 500 ἐς
661 447 859 503 Πέρσας,
897 443 1099 502 πομποὺς
1137 442 1181 488 δ’
1213 441 1296 498 ἐγώ
1327 440 1416 498 ἅμα
1447 440 1618 497 πέμψω.

359 528 538 581 „il-&niv
575 528 620 572 δὲ
657 527 764 579 ἐκεῖ,
808 524 974 580 πατέρα
1009 540 1053 569 τε
1090 523 1166 567 καὶ
1204 520 1370 578 μητέρα
1408 518 1621 577 εὑρήσεις,

359 605 449 660 ,,οὖ
492 605 602 650 κατὰ
641 602 930 661 Μιτραδάτην
966 618 1012 648 τε
1049 601 1131 647 τὸν
1165 600 1386 659 βουκόλον
1423 600 1498 644 καὶ
1534 597 1615 656 τὴν
1631 603 1677 639 65

363 718 388 737 ,,
399 690 585 742 γυναῖκα
614 683 766 727 αὐτοῦ.
778 687 805 706 “

476 767 623 807 Ταῦτα
653 765 773 812 ε’ίπας
810 759 834 805 ὁ
861 758 1118 817 Ἀστυάγης,
1158 759 1402 815 ἀποπέμπει
1428 756 1506 802 τὸν
1533 758 1621 799 Κῦ-

363 859 454 897 ρον.
483 840 752 897 νοστήσαντα
781 838 827 883 δέ
855 855 930 895 μιν
959 839 1001 890 ές
1027 842 1107 882 τοῦ
1127 838 1375 894 Καμβύσεω
1404 836 1458 881 τά
1488 836 1620 887 οἰκία,

386 920 561 973 δέξαντο
594 921 637 963 οἱ
665 917 934 975 γεινάμενοι·
966 918 1041 960 καὶ
1071 915 1316 973 δεξάμενοι,
1347 915 1406 967 ὥς
1431 913 1623 959 ἐπύθον-

360 1016 433 1052 το,
465 997 661 1055 μεγάλως
691 997 955 1050 ἀσπάζοντο,
987 992 1060 1039 οἷα
1090 995 1142 1052 δὴ
1172 995 1447 1051 ἐπιστάμενοι
1466 991 1624 1037 αὐτίκα

329 1076 459 1122 Ξτότε
488 1082 756 1133 τελευτῆσαι·
785 1073 982 1130 ἱστόρεόν
1011 1091 1055 1119 τε
1086 1075 1194 1133 ὅτεῳ
1216 1073 1366 1131 τρόπῳ
1391 1072 1620 1128 περιγένοι-
1634 1076 1681 1111 70

355 1174 420 1202 το.
462 1155 486 1201 ὁ
518 1156 564 1201 δέ
593 1168 672 1213 σφι
702 1157 838 1214 ἔλεγε,
880 1155 968 1213 φάς
996 1155 1081 1211 πρὸ
1111 1158 1191 1198 τοῦ
1221 1154 1299 1210 μὲν
1334 1152 1417 1197 οὐκ
1447 1151 1622 1204 εἰδέναι,

355 1235 466 1281 ἀλλὰ
497 1233 794 1293 ἡμαρτηκέναι
822 1240 1042 1287 πλεῖστον,
1074 1233 1166 1279 κατ’
1195 1233 1304 1278 ὁδὸν
1333 1233 1379 1277 δὲ
1397 1233 1621 1277 πυθέσθαι

358 1319 504 1360 πᾶσαν
535 1315 615 1372 τὴν
644 1315 812 1360 ἑωυτοῦ
843 1314 1006 1372 πάθην.
1036 1314 1295 1358 ἐπίστασθαι
1324 1313 1403 1369 μὲν
1430 1311 1529 1368 γάρ,
1561 1308 1622 1363 ὥς

357 1393 580 1452 βουκόλου
608 1398 688 1438 τοῦ
716 1394 969 1452 Ἀστυάγεος
998 1396 1062 1451 εἴη
1080 1398 1204 1445 παῖς·
1239 1390 1325 1435 άπὸ
1357 1391 1403 1435 δὲ
1432 1394 1509 1448 τῆς
1536 1393 1620 1435 κεῖ-

354 1479 438 1519 θεν
468 1473 580 1518 ὁδοῦ
610 1472 689 1518 τόν
716 1473 858 1518 πάντα
886 1473 1019 1531 λόγον
1047 1477 1137 1518 τῶν
1164 1474 1351 1529 πομπῶν
1378 1470 1616 1515 πυθέσθαι.

298 1683 485 1718 vanum,
526 1683 556 1707 s.
585 1670 702 1720 magis
739 1670 788 1708 ad
820 1668 950 1707 verba:

295 1741 362 1765 non
375 1727 596 1778 perfectum,
627 1726 718 1777 quod
734 1740 800 1763 non
819 1726 953 1777 expleri

295 1783 437 1828 debuit3
466 1797 503 1819 eo
536 1782 626 1834 quod
653 1797 720 1820 non
742 1783 952 1833 perfectum,

296 1853 428 1878 vanum
453 1843 540 1878 erat.
600 1839 761 1877 Confero
781 1840 950 1888 equidem

296 1896 464 1944 Aeschyl.
514 1896 554 1932 S.
593 1908 622 1932 c.
658 1896 729 1933 Th.
765 1897 847 1936 832
892 1895 950 1932 ed.

297 1952 430 1990 Blomf.
452 1946 483 1990 ὦ
503 1950 667 2003 μέλαινα
689 1950 754 1990 καὶ
777 1965 827 1990 τε
841 1953 860 1989 λ
874 1951 949 1989 εία

299 2028 356 2036 --
375 2003 448 2057 Ἀρ
461 2003 499 2046 ά.
530 2007 619 2044 Mox
638 2008 848 2058 scripsimus
869 2019 949 2043 cum

297 2063 499 2112 Schweigh.
516 2067 552 2101 et
563 2064 680 2102 Gaisf.
702 2063 851 2113 περίεις
863 2063 949 2112 (pro

297 2121 492 2169 περιεῖς),
532 2124 571 2155 ut
594 2119 690 2156 infra
717 2118 756 2166 I,
778 2118 868 2159 124.
893 2139 950 2145 —

298 2175 357 2213 De
375 2171 467 2226 γὰρ,
498 2175 598 2223 quod
630 2175 830 2212 orationem
857 2173 950 2211 inci·-

299 2231 377 2282 pit,
416 2231 510 2267 conf.
538 2243 650 2280 supra
679 2230 727 2266 ad
755 2229 792 2278 I,
822 2233 859 2272 8.
883 2231 950 2272 24.

297 2286 470 2325 Refertur
488 2286 583 2323 enim
613 2286 660 2322 ad
682 2286 742 2333 id,
773 2287 873 2336 quod
891 2299 952 2324 se-

299 2342 443 2391 quitur;
469 2343 521 2378 sic
550 2342 585 2378 h.
607 2341 631 2378 l.
657 2343 705 2379 ad
737 2343 848 2381 verba
873 2345 952 2382 νῦν

300 2392 367 2438 οἷν
398 2398 462 2437 ἴθι
490 2397 650 2450 χαίρων.

355 2510 434 2547 νῦν
453 2502 511 2548 οἷν
531 2508 596 2548 ἴθι
624 2508 740 2560 χαίρ
757 2512 848 2556 ων]
870 2511 892 2547 i.
917 2522 949 2549 e.

297 2577 389 2602 nunc
414 2567 530 2613 igitur
553 2565 633 2613 abi,
670 2570 848 2603 contentus
886 2571 950 2604 tua

297 2624 406 2668 sorte,
423 2623 588 2659 immunis
606 2624 714 2659 omnis
735 2623 857 2660 damni
870 2635 947 2660 ma-

297 2676 401 2728 lique.
460 2677 570 2715 Conf.
603 2678 650 2715 de
674 2679 820 2730 χαίρων
849 2680 946 2717 Her-

296 2746 419 2771 mann.
455 2733 503 2770 ad
529 2733 655 2783 Viger.
691 2748 728 2785 p.
755 2737 836 2776 766
865 2749 944 2785 seq.

296 2811 353 2817 —
371 2789 414 2827 In
432 2789 504 2826 fine
521 2790 648 2840 capitis
667 2790 796 2828 verba:
816 2786 865 2830 ου’
876 2806 944 2830 κα·-

1017 1673 1127 1708 nant:
1155 1682 1224 1706 non
1241 1671 1314 1707 eius
1334 1666 1543 1706 conditionis
1560 1679 1604 1704 ac
1620 1665 1674 1704 lo-

1019 1728 1073 1774 ci,
1113 1728 1214 1763 cuius
1242 1729 1324 1763 sunt
1351 1725 1571 1763 IlIa'traclates
1609 1723 1674 1761 bu-

1019 1783 1140 1820 bulcus
1160 1783 1325 1833 illiusque
1343 1794 1443 1819 uxor.
1481 1781 1558 1819 Ubi
1575 1775 1676 1819 κατοὶ

1019 1839 1262 1876 similitudinis
1290 1838 1592 1887 significationem
1612 1849 1676 1874 ex-

1017 1896 1159 1947 primit,
1189 1896 1237 1932 de
1263 1896 1334 1944 qua
1365 1893 1495 1930 Matth.
1520 1893 1585 1930 Gr.
1607 1892 1674 1929 Gr.

1018 1950 1055 2002 ἓ.
1085 1952 1190 1998 581,
1218 1951 1240 1987 b
1278 1962 1366 2000 pag.
1403 1949 1525 1990 1153.
1574 1947 1674 1986 Add.

1016 2009 1096 2044 Ast.
1131 2007 1179 2043 ad
1206 2005 1350 2044 Platon.
1376 2005 1474 2044 Rem
1492 2004 1675 2057 publicam

1016 2075 1103 2115 pag.
1122 2062 1218 2104 599.

1195 2202 1228 2240 C
1241 2214 1309 2252 ap.
1339 2200 1494 2239 CXXII.

1073 2283 1099 2328 ὅ
1128 2283 1170 2326 δέ
1201 2297 1274 2336 σφι
1308 2284 1434 2338 ἔλεγε,
1481 2280 1564 2335 φάς
1593 2281 1674 2338 πρό

1017 2342 1113 2394 τοῦ]
1156 2343 1270 2386 Quod
1295 2355 1363 2392 pro
1404 2337 1487 2392 φὰς
1524 2341 1674 2392 quidam

1019 2400 1189 2438 exhibent
1209 2396 1313 2448 σφέα
1324 2426 1335 2443 ,
1349 2402 1412 2435 aut
1421 2395 1560 2449 σφέας,
1570 2399 1674 2448 quod

1018 2455 1148 2494 vallae
1175 2456 1284 2492 etiam
1309 2455 1427 2492 versio
1447 2454 1582 2492 Latina
1610 2466 1673 2493 ex-

1018 2512 1174 2563 pressit,
1203 2511 1243 2548 id
1265 2510 1490 2548 librariorum
1508 2510 1672 2548 incuriae

1016 2568 1206 2605 tribuimus
1217 2595 1229 2615 ‚
1264 2567 1327 2616 qui
1342 2566 1596 2604 Herodoteum
1614 2567 1673 2604 di-

1017 2624 1122 2662 cendi
1145 2636 1263 2673 genus
1290 2622 1482 2660 abundans
1503 2623 1574 2661 hoc
1589 2635 1672 2660 mo·-

1017 2681 1066 2718 do
1093 2679 1314 2718 deleverunt.
1375 2678 1483 2716 Conf.
1501 2692 1614 2730 supra
1635 2678 1669 2726 Ι,

1016 2738 1109 2777 118.
1134 2756 1191 2764 ·--
1230 2729 1348 2786 πάθη
1389 2735 1427 2772 in
1467 2749 1573 2786 seqq.
1612 2739 1670 2773 est

1013 2793 1112 2830 idem
1131 2793 1209 2829 fere
1235 2791 1336 2842 quod
1363 2787 1521 2839 πάθος,
1550 2805 1669 2838 casus,

294 2841 344 2884 τὰ
369 2842 631 2895 Μιτραδάτην
653 2860 694 2884 τε
718 2843 944 2912 τόν,βουκὸ-
1011 2848 1210 2888 calamitas.
1268 2847 1378 2886 Conf.
1407 2847 1447 2897 1,
1475 2848 1543 2891 52.
1573 2848 1667 2889 123.

294 2903 366 2941 λον
385 2899 453 2940 καὶ
467 2897 541 2953 τήν
556 2905 725 2954 γυναῖκα
743 2905 870 2944 αυτοῦ
881 2917 943 2942 so-
