1759 3324
354 261 441 302 46⁰
751 259 1224 299 HERODOTI

354 372 576 425 ποταμοῦ,
627 369 832 426 διάβασιν
869 373 931 427 τῷ
969 373 1157 428 στρατῷ,
1210 369 1281 412 καὶ
1320 369 1519 424 πύργους
1554 370 1623 414 ἐπὶ

355 449 520 492 πλοίων
556 452 645 491 τῶν
687 448 1110 506 διαπορθμευόντων
1147 448 1227 492 τόν
1265 448 1466 503 ποταμόν
1509 451 1624 493 οἰκο-

199 534 299 579 206
358 527 633 583 δομεόμενος.
680 527 853 583 ’Έχοντι
890 527 935 572 δέ
966 531 1010 572 οἵ
1037 533 1198 572 τοῦτον
1227 528 1307 572 τόν
1333 527 1493 581 πόνον,
1525 529 1680 584 πέμ-25

24 599 79 626 nni
86 607 133 627 um
151 607 168 626 a
178 599 304 634 Tomyri

359 613 480 660 ψασα
508 603 536 662 ἡ
571 605 763 662 Τόμυρις
792 604 979 662 κήρυκα,
1010 608 1124 664 ἔλεγε
1149 606 1274 651 τάδε·
1332 603 1416 660 ,Ῐῼ
1445 611 1626 664 βασιλεῦ

25 634 304 696 ἓι·”ι’.’ἰιῑιῗὲ’““ἓι’έίἕίἷὲἰ
470 683 480 697 ,
698 688 716 696 -
914 686 923 698 ,
1079 685 1088 698 ,
1220 685 1230 700 ,
1414 685 1425 700 ,
1497 688 1505 700 ,
1578 686 1597 700 2.

24 703 112 729 razio.
363 686 597 740 ,,Μηδων,
625 697 791 728 παυσαι
815 688 1016 729 σπευδωυ
1041 703 1094 729 τα
1124 688 1340 737 σπευδεις·
1371 703 1425 730 ου
1455 704 1537 743 γαρ
1570 704 1626 730 αν

358 765 551 819 „swam
590 765 630 807 εἴ
663 780 731 807 τοι
769 764 812 815 ἐς
848 762 1006 818 καιρόν
1042 765 1159 808 ἔσται
1196 769 1334 809 ταῦτα
1372 766 1620 823 τελεύμενα·

357 877 382 895 ,,
395 842 674 897 παυσάμενος
705 842 772 896 δὲ,
804 845 1005 899 βασίλευε
1034 846 1121 886 τῶν
1140 849 1359 897 σεωυτοῦ,
1388 846 1462 889 καὶ
1490 845 1626 902 ἡμέας

333 930 388 974 2,,
401 921 551 977 ἀνέχευ
582 919 721 976 ὁρέων
752 922 966 978 ἄρχοντας
994 927 1083 966 τῶν
1112 938 1191 978 περ
1222 923 1421 980 ἄρχομεν.
1468 924 1627 968 Οὕκων

361 999 618 1057 »ἐθελήσεις
649 999 904 1058 ὑποθήκῃσι
941 1004 1087 1060 τῇσίδε
1123 1003 1349 1058 χρέεσθαι,
1391 1001 1499 1046 ἀλλὰ
1522 1002 1684 1046 πάν-30

332 1088 451 1133 3,,τα
487 1086 654 1137 μᾶλλον
689 1081 717 1138 ἢ
756 1080 820 1126 δι’
858 1081 1038 1139 ἡσυχίης
1069 1080 1193 1126 εἶναι.

305 1279 377 1327 tio,
407 1292 516 1328 quam
546 1278 757 1328 imperfecto
784 1277 958 1315 declarari

305 1340 442 1386 putem.
502 1336 611 1372 Conf.
642 1334 676 1381 Ι,
710 1336 774 1374 68.
835 1335 960 1378 Quare

306 1392 620 1450 etiamfflequenti
660 1391 795 1440 capite:
835 1390 960 1441 ἔχοντι

307 1446 351 1488 δέ
375 1448 416 1487 οἵ
429 1450 573 1487 τοῦτον
593 1445 663 1487 τόν
682 1445 809 1486 πόνον
832 1462 867 1486 κ.
883 1462 913 1486 τ.
926 1451 958 1488 λ.

304 1505 387 1544 dum
412 1507 451 1543 in
480 1505 534 1543 his
563 1507 774 1555 occupatu-5,
802 1508 962 1542 versatus

304 1565 392 1600 erat.

485 1674 517 1712 C
539 1687 561 1711 a
579 1688 616 1725 p.
659 1674 791 1712 CCVI.

364 1755 548 1798 σπεύδων
569 1755 618 1797 τοὲ
640 1756 838 1810 σπεύδεις]
869 1760 964 1798 Ver-

305 1816 394 1853 bum
442 1815 710 1853 intransitivum
758 1817 961 1854 accusativo

305 1873 489 1920 iunctum,
519 1877 559 1909 ut
593 1877 717 1910 monet
736 1872 866 1910 Matth.
897 1874 962 1911 Gr.

308 1930 374 1966 Gr.
408 1941 495 1978 pag.
525 1931 619 1969 779.
676 1929 846 1966 Eundem
876 1942 963 1966 con-

307 1984 373 2022 sul.
398 1983 435 2035 §.
460 1984 541 2025 359
562 1987 610 2022 ad
637 1986 750 2023 verba
779 1985 963 2037 βασίλευε

306 2055 386 2079 των
407 2052 595 2079 σεωυτου.

365 2122 433 2162 καὶ
481 2121 609 2174 ’ἡμέας
658 2120 797 2175 οἷνέχευ
838 2123 963 2175 ὁρέων

308 2177 527 2231 ἄρχοντας]
541 2180 663 2229 Magis
681 2181 843 2231 placeret
854 2182 963 2219 W'es-

310 2236 485 2285 selingio,
528 2237 557 2273 si
595 2237 777 2286 legeretur
809 2233 962 2289 ου’ρέων

305 2294 365 2343 (ut
376 2296 504 2329 montes
515 2293 832 2343 intelligerentur),
854 2308 961 2345 prae-

306 2350 430 2388 sertim
459 2363 538 2386 cum
568 2350 702 2387 Strabo
731 2350 784 2387 XI
811 2364 848 2400 p.
876 2353 959 2393 780

306 2407 437 2444 doceat
456 2405 747 2455 Massagetarum
764 2407 885 2458 plures
907 2407 959 2444 lo-

306 2476 350 2500 ca
368 2465 534 2498 montana
564 2463 751 2511 habuisse,
781 2463 960 2501 Iustinus-

305 2532 379 2570 que
397 2519 511 2555 addat
530 2518 589 2566 (I,
611 2520 655 2567 8)
683 2519 862 2568 Tomyrin
881 2521 958 2569 Cy-

305 2589 347 2613 ro
372 2576 410 2612 in
433 2575 616 2612 montibus
645 2576 795 2613 insidias
816 2578 960 2627 posuis-

309 2646 361 2670 se.
385 2631 518 2669 Verum
536 2631 631 2668 nulla
643 2633 841 2671 mutatione
853 2647 960 2684 opus,

308 2701 388 2727 cum
410 2685 532 2739 ὁρέων
552 2688 597 2725 sit
616 2689 842 2740 participium
862 2691 961 2727 verbi

309 2743 430 2799 ὂρᾷν,
471 2745 571 2793 quod
603 2745 714 2782 verbo
745 2740 874 2796 α’νὲχει
895 2747 962 2783 ad-

310 2802 425 2840 ditum
463 2801 592 2838 eadem
625 2802 790 2850 ratione,
827 2815 899 2851 qua
931 2802 962 2851 I,

312 2859 378 2900 80.
406 2856 461 2904 V,
484 2859 546 2898 19.
585 2857 643 2894 Cf.
669 2857 800 2895 Matth.
816 2859 881 2895 Gr.
897 2860 962 2896 Gr.

313 2927 351 2965 p.
378 2915 487 2957 1080
525 2926 567 2952 ac
599 2914 646 2953 de
674 2915 788 2952 forma
825 2909 962 2967 ἀνέχευ

1253 1082 1307 1127 σύ
1343 1083 1388 1126 δὲ
1417 1081 1473 1140 ἢν
1499 1082 1626 1139 μεγά-

1026 1291 1114 1329 pag.
1133 1280 1228 1320 379.
1245 1301 1301 1306 —
1319 1278 1460 1326 „Iones
1485 1291 1553 1329 pro
1573 1272 1685 1328 ὅροῖω

1029 1336 1161 1373 dixisse
1182 1333 1282 1386 ὁρέω
1301 1339 1444 1373 constat
1464 1349 1507 1373 ex
1526 1335 1682 1383 Gregor.

1030 1392 1195 1429 Corinth.
1219 1405 1306 1443 pag.
1327 1393 1409 1433 397
1431 1392 1488 1429 ed.
1510 1391 1683 1429 Seliaef.“

1032 1448 1063 1485 C
1070 1461 1099 1487 r.

1089 1529 1221 1572 οὔκων
1241 1529 1444 1583 ἐθελήσεις
1463 1547 1540 1571 κ.τ.
1553 1531 1603 1583 λ.]
1625 1532 1682 1570 De

1032 1586 1166 1628 οὔκων
1195 1590 1233 1626 in
1262 1589 1441 1627 sententia
1479 1590 1683 1636 bimembri,

1030 1647 1092 1683 ubi
1111 1646 1264 1684 alterum
1283 1646 1482 1683 membrum
1503 1646 1581 1683 sine
1597 1658 1684 1682 con-

1030 1703 1213 1740 iunctione
1258 1702 1462 1750 subiicitur,
1503 1702 1552 1738 ad
1584 1702 1685 1751 quod

1029 1760 1179 1809 proprie
1200 1763 1340 1810 spectat
1370 1752 1448 1805 οἷν,
1479 1771 1590 1807 quum
1619 1771 1684 1795 ne-

1031 1817 1131 1864 gatio
1153 1816 1200 1852 ad
1220 1816 1319 1866 prius
1340 1815 1532 1852 referenda
1552 1815 1620 1861 sit,
1640 1827 1685 1851 ex

1030 1872 1161 1909 Matth.
1187 1871 1498 1909 animadversione
1528 1871 1683 1907 vidimus

1031 1929 1079 1965 ad
1098 1928 1137 1974 I,
1164 1931 1225 1968 11.
1285 1928 1359 1971 Qui
1396 1928 1493 1964 idem
1523 1927 1578 1963 vir
1615 1927 1685 1964 hoc

1030 1984 1109 2021 loco
1143 1981 1184 2022 δὲ
1220 1980 1299 2031 (σῦ
1323 1981 1365 2022 δὲ
1384 1979 1437 2034 ἢν
1457 2003 1514 2011 ——
1531 1987 1685 2035 προθυ-

1032 2038 1140 2091 μέαι)
1173 2053 1247 2076 non
1283 2041 1570 2077 coniunctionem
1603 2053 1686 2078 esse

1032 2097 1157 2134 statuit
1175 2097 1446 2134 connectendae
1463 2109 1542 2133 cum
1562 2097 1684 2147 priore

1031 2153 1186 2189 orationi
1211 2153 1489 2201 inservientem,
1526 2154 1593 2190 sed
1623 2166 1686 2190 eo-

1031 2210 1114 2247 dem
1141 2210 1251 2246 modo
1281 2210 1460 2260 positam,
1497 2213 1537 2246 ut
1563 2209 1686 2247 Hero-

1029 2267 1135 2303 dotus
1156 2267 1311 2313 diceret,
1337 2265 1372 2305 εἰ
1389 2260 1463 2305 οὖν
1482 2261 1686 2315 ἐθελήσεις

1027 2343 1149 2351 ——
1171 2319 1218 2361 σύ
1241 2320 1284 2361 δὲ
1303 2344 1370 2359 -.
1400 2322 1513 2359 —-In
1537 2335 1641 2371 seqq.
1664 2336 1685 2359 e

1027 2380 1210 2416 Sancrofti
1228 2379 1318 2416 libro
1342 2392 1422 2416 cum
1443 2379 1561 2416 Gaisf.
1581 2379 1687 2416 dedi-

1027 2449 1106 2473 mus
1123 2432 1253 2474 πάντα
1274 2449 1341 2487 pro
1359 2435 1456 2485 vulg.
1482 2431 1656 2481 πάντως.

1087 2516 1136 2559 σύ
1177 2517 1220 2558 δὲ
1257 2516 1311 2571 ἢν
1339 2541 1397 2549 --
1428 2516 1683 2571 προθυμέαι]

1026 2572 1081 2627 ἢν
1120 2576 1358 2625 reliquimus,
1402 2588 1623 2626 quamquam
1664 2588 1685 2613 e

1028 2633 1122 2670 binis
1151 2632 1327 2669 Parisinis
1357 2645 1475 2682 nuper
1497 2636 1685 2682 receptum

1030 2694 1086 2728 est
1114 2688 1161 2728 εἰ,
1220 2690 1328 2726 Conf.
1358 2688 1490 2725 Matth.
1520 2688 1586 2726 Gr.
1617 2689 1683 2726 Gr.

1027 2758 1115 2797 pag.
1140 2748 1259 2787 1022.
1318 2743 1550 2795 προθυμέαι
1568 2744 1684 2795 pleri-

1030 2816 1102 2852 que
1119 2806 1157 2840 et
1176 2801 1303 2853 optimi
1331 2801 1411 2839 libri
1432 2801 1581 2839 dabant.
1623 2802 1683 2839 Cf.

1029 2859 1068 2906 Ι,
1096 2860 1163 2900 39.
1221 2858 1346 2903 Quare
1382 2857 1497 2896 abieci
1529 2862 1683 2911 προθυ-

1031 2929 1153 2968 μεεαι.
