1759 3324
356 239 441 280 530
768 238 1232 279 HERODOTI

227 348 295 392 46

23 411 302 440 Mendesiinonim-
533 426 543 442 2
625 429 633 439 ι
813 429 823 443 ,
945 430 954 444 ,
1078 430 1090 443 ,-
1144 430 1154 443 ,
1252 429 1259 441 ,
1418 428 1425 440 η
1540 431 1557 439 ..

21 445 134 472 maiam
152 452 301 480 capram-t
359 443 461 470 νεκα
491 445 544 471 ου
573 433 734 475 ,θυουσι
768 434 1018 482 Αιγυπτιων
1048 445 1089 471 οι
1120 444 1346 484 ειρημενοι.
1379 444 1456 471 τον
1486 431 1614 471 Πανα

21 478 301 549 ἓῗῗ-Ἶῗῐῐιιῖῗέᾝὲῗ
356 510 444 550 τῶν
494 506 605 551 ὀκτώ
651 510 770 549 θεῶν
806 508 1047 562 λογίζονται
1094 504 1206 551 εἶναι
1257 507 1299 550 οἱ
1344 505 1612 563 Μενδήσιοι*

470 347 555 400 Τὰς
585 348 630 393 δὲ
663 348 716 405 δὴ
749 348 871 403 αἶγας
909 350 982 392 καὶ
1020 348 1123 400 τούς
1159 347 1349 404 τράγους
1387 350 1524 392 τῶνδε
1553 350 1615 392 εἴ-

296 691 382 727 ibid.
401 689 744 738 Schweighaeusero
775 688 833 736 (in
857 688 947 726 Lex.

296 747 436 783 Herod.
456 760 484 783 s.
508 753 561 794 v.)
584 759 680 781 nuuc
696 745 816 794 placet
837 741 948 795 εὔμε-

298 802 379 847 νέα,
410 803 521 850 quod,
552 807 589 837 ut
617 808 784 838 neutrum
811 801 948 850 plurale

295 859 393 895 idem
414 858 530 895 valeat
559 861 669 905 atque
689 855 718 907 ἦ
751 853 947 907 εὐμένεια,

295 914 458 951 hocloco
478 926 606 951 vereor
629 917 669 949 ut
696 913 842 963 probari
862 927 949 962 pos-

297 972 352 1007 sit.
384 970 474 1007 Inde
492 970 623 1006 retinui
643 964 835 1020 εὐμένεια,
848 970 948 1018 quod

296 1029 331 1063 in
364 1027 467 1063 simili
496 1026 650 1063 formula
685 1026 722 1062 in
755 1026 947 1063 Heliodor.

295 1084 491 1133 Aethiopp.
517 1082 568 1119 IX
597 1096 632 1132 p.
653 1081 735 1123 424
755 1083 948 1128 invenitur,

295 1141 356 1175 ubi
380 1141 532 1176 denotat
561 1141 719 1185 veniam,
759 1139 946 1187 indulgen-

293 1199 388 1232 tiam.
419 1197 510 1232 Eum
526 1208 612 1232 vero
634 1208 655 1231 a
669 1196 737 1231 diis
757 1208 873 1244 aeque
893 1199 949 1231 at-

293 1265 363 1301 que
384 1253 554 1289 heroibus
578 1253 646 1288 sibi
663 1252 755 1301 petit
776 1252 948 1288 Herodo-

292 1314 364 1354 tus,
393 1314 433 1345 ut
452 1309 514 1357 qui
534 1309 580 1346 de
596 1309 706 1345 rebus
726 1308 948 1355 disseruerit,

292 1378 384 1414 quas
406 1371 557 1413 tangere
573 1365 676 1402 nefas
697 1365 760 1412 sit,
790 1377 870 1401 cum
899 1365 948 1400 ad

290 1434 441 1458 arcanas
471 1421 664 1470 religiones
694 1434 736 1458 ac
758 1421 948 1470 mysterio-

291 1491 369 1514 rum
381 1479 581 1514 doctrinam
598 1477 815 1527 pertineant.
835 1478 943 1514 Conf.

293 1548 402 1583 supra
431 1534 486 1581 Π,
507 1534 545 1574 4.
598 1534 738 1570 Similes
769 1533 945 1571 formulae

291 1591 389 1640 apud
404 1590 580 1627 Nostrum
599 1591 789 1639 aliquoties
808 1589 946 1641 reperi-

290 1650 399 1683 untur
418 1647 464 1695 Il,
480 1647 545 1688 46.
571 1646 636 1687 47.
658 1647 711 1687 48
733 1647 794 1684 fin.

473 1759 583 1810 Cap.
613 1758 745 1796 XLVI.

347 1838 398 1882 ον’
416 1839 566 1882 θύουσι
581 1842 813 1894 Αἰγυπτίων
833 1840 874 1881 οἷ
895 1840 945 1881 εἵ-

291 1898 479 1951 ρημένοι]
517 1900 730 1938 Mendesios
762 1899 942 1948 intelligit,

290 1958 383 1993 conf.
404 1956 450 2004 ll,
467 1956 533 1998 42.

346 2037 411 2078 τᾶν
435 2042 557 2078 Πᾶνα
585 2041 666 2077 τῶν
699 2034 801 2077 ὀκτώ
832 2040 943 2076 θεῶν

289 2097 508 2146 λογίζονται
528 2092 627 2134 εἶναι
649 2091 941 2144 οἷΜενδήσιοι]

289 2153 385 2189 Octo
412 2153 517 2201 primi
544 2152 679 2187 ordinis
709 2151 799 2186 deos
818 2151 941 2199 Aegy-

288 2209 449 2258 ptiorum
488 2208 671 2255 attigimus
707 2207 755 2242 ad
792 2206 846 2252 Il,
873 2208 938 2247 43.

288 2264 392 2306 Quos
413 2265 562 2300 eosdem
573 2263 678 2311 vulgo
699 2275 855 2299 summos
869 2262 938 2299 Ca-

287 2321 376 2356 biros
397 2324 539 2357 vocant.
581 2318 684 2365 Ραη,
708 2319 770 2367 qui
800 2319 847 2354 ad
876 2332 938 2355 eos

288 2377 443 2413 refertur
462 2377 507 2412 ab
527 2375 743 2422 Herodoto,
773 2374 843 2411 hoc
871 2376 940 2411 erit

289 2445 444 2477 numen,
491 2433 563 2481 quo
591 2432 629 2467 in
658 2443 777 2467 rerum
808 2431 938 2466 natura

288 2489 339 2525 vis
361 2489 572 2537 designatur
586 2486 746 2536 prolifica
767 2491 805 2524 et
826 2499 937 2535 gene-

286 2545 357 2581 trix
375 2549 460 2581 tunc
487 2543 759 2589 efficacissima,
789 2543 937 2591 quando

287 2601 339 2638 sol
369 2600 406 2637 in
445 2600 541 2637 tauri
578 2600 681 2647 signo
720 2598 937 2636 domicilium

286 2657 432 2706 capiens
454 2669 535 2692 cum
555 2668 685 2705 caprae
705 2655 821 2702 signo,
844 2667 937 2703 quae

285 2713 457 2750 continuo
487 2717 631 2748 taurum
659 2712 811 2760 excipit,
851 2723 938 2746 con-

286 2769 426 2805 iunctus
447 2768 635 2817 reperitur.
672 2768 770 2803 Hinc
800 2779 937 2804 summa

287 2825 363 2862 eius
392 2824 577 2861 veneratio
609 2823 816 2872 cultusque,
854 2822 937 2860 hinc

285 2886 390 2931 pater
405 2880 461 2918 ille
472 2880 603 2917 dicitur
623 2879 791 2930 optimus,
820 2880 936 2917 omni-

1015 702 1150 738 umque
1170 700 1322 738 parens,
1352 702 1446 738 quae
1464 693 1562 727 terra
1581 701 1668 739 pro-

1015 747 1104 790 fert,
1134 745 1217 781 hine
1235 745 1284 781 illi
1304 757 1407 782 sacra
1426 747 1539 783 fertur
1559 758 1668 796 capra

1016 805 1052 837 et
1069 801 1198 837 hircus.
1232 802 1337 843 Quae
1357 801 1517 850 pluribus
1541 815 1667 851 perse-

1014 860 1116 893 cutus
1145 860 1201 892 est
1228 856 1432 893 Creuzerus
1463 858 1623 906 Symbol.
1653 858 1667 894 l

1013 926 1050 962 p-
1075 912 1168 953 476.
1199 911 1248 949 Ill
1267 925 1303 961 p.
1324 911 1572 960 234-240,
1589 913 1666 951 coll.

1013 968 1046 1005 ll
1067 982 1103 1018 p.
1124 971 1216 1009 391.
1261 968 1318 1004 Eo
1340 969 1447 1005 etiam
1475 969 1576 1005 ducit
1597 969 1669 1006 Ae-

1015 1026 1179 1074 gyptium
1197 1024 1255 1061 dei
1272 1037 1418 1071 nomen,
1448 1026 1549 1073 quod
1563 1024 1669 1062 BIen-

1015 1082 1073 1118 des
1100 1082 1212 1118 fuisse
1232 1082 1427 1131 scriptores
1449 1085 1591 1120 veteres
1613 1085 1668 1119 te-

1016 1142 1156 1174 stantur
1184 1137 1384 1187 hircumque
1415 1142 1543 1174 nostro
1576 1138 1668 1174 idio-

1016 1198 1115 1231 mate
1126 1194 1329 1242 significare
1347 1195 1583 1230 contendunt.
1609 1194 1667 1231 Cf.

1016 1251 1184 1287 Bochart.
1196 1250 1400 1287 Hierozoic.
1414 1250 1459 1296 ll,
1470 1252 1535 1292 53.
1555 1250 1667 1293 Quod

1017 1320 1121 1344 secus
1159 1320 1240 1343 esse
1275 1311 1400 1343 monet
1421 1306 1664 1353 lablonskius,

1016 1376 1096 1400 cum
1126 1362 1271 1400 Mendes
1298 1362 1560 1413 Aegyptiorum
1589 1376 1665 1400 ser-

1014 1433 1123 1457 mone
1143 1420 1319 1469 exprimat
1342 1418 1560 1467 seminalem,
1580 1432 1664 1469 pro-

1012 1476 1168 1526 lIficum,
1192 1475 1430 1525 foecundum,
1460 1476 1511 1512 ita
1535 1479 1576 1512 ut
1592 1475 1666 1512 Ae-

1012 1533 1128 1582 gyptii
1155 1532 1440 1569 foecunditatem
1463 1531 1664 1582 prolificam

1011 1595 1163 1626 naturae
1176 1589 1374 1638 exprimere
1395 1587 1583 1625 voluerint.
1604 1589 1660 1625 Cf.

1011 1645 1120 1682 Voce.
1151 1645 1325 1694 Aegyptt.
1364 1657 1401 1694 p.
1424 1645 1504 1685 138
1541 1644 1665 1693 ibique

1012 1701 1137 1738 laudd.
1178 1701 1290 1738 Unde
1317 1701 1572 1748 manifestum,
1601 1713 1664 1737 cur

1013 1758 1151 1794 hircum
1178 1757 1260 1794 huic
1287 1757 1357 1794 deo
1389 1760 1570 1794 sacratum
1600 1769 1665 1792 vo·
1732 1760 1735 1765 '

1011 1814 1160 1859 luerint,
1202 1814 1393 1863 ipsumque
1430 1813 1539 1850 deum
1575 1812 1664 1849 hirci

1010 1871 1175 1920 partibus
1187 1871 1392 1919 praeditum
1400 1869 1510 1918 vulgo
1518 1881 1664 1919 reprae-

1012 1927 1252 1973 sentaverint,
1292 1938 1534 1975 quamquam,
1563 1926 1664 1974 quod

1011 1984 1089 2020 iure
1115 1983 1276 2029 mireris,
1304 1984 1341 2019 in
1367 1986 1422 2018 tot
1447 1980 1662 2031 anaglyphis

1010 2038 1244 2088 Aegyptiacis
1262 2038 1359 2074 nulla
1372 2039 1477 2075 huius
1494 2038 1551 2075 dei
1572 2039 1662 2074 ima-

1011 2108 1079 2143 go,
1130 2094 1274 2143 qualem
1312 2095 1523 2132 Herodotus
1561 2098 1662 2132 certe

1010 2152 1168 2197 indicat,
1206 2151 1394 2199 reperitur.
1450 2150 1532 2187 Vid.
1562 2150 1659 2186 Hirt.

1007 2207 1096 2243 iiber
1114 2207 1174 2242 die
1193 2206 1374 2254 Gegenst.
1397 2206 1432 2242 d.
1452 2206 1574 2242 Kunst
1591 2212 1658 2242 etc.

1006 2276 1092 2312 pag.
1118 2261 1205 2303 124.
1243 2263 1319 2298 Sed
1347 2266 1472 2298 monet
1491 2261 1661 2298 Minutoli

1007 2319 1138 2365 (Reise
1154 2322 1220 2354 etc.
1241 2331 1277 2366 p.
1291 2319 1407 2365 283),
1430 2319 1467 2353 in
1483 2319 1617 2367 cryptis
1637 2329 1660 2354 a

1004 2374 1179 2410 Belzouio
1205 2374 1338 2423 apertis
1366 2376 1551 2411 inventum
1570 2375 1659 2411 fuis-

1007 2443 1046 2467 se
1076 2431 1178 2467 Pana
1205 2431 1332 2467 eadem
1367 2432 1484 2467 forma
1513 2443 1658 2480 reprae-

1005 2490 1207 2531 sentatum,
1244 2498 1373 2534 quam,
1414 2490 1509 2523 teste
1536 2487 1658 2524 Hero-

1005 2543 1114 2588 doto,
1144 2543 1213 2591 ipsi
1243 2543 1435 2580 tribuerint
1472 2542 1653 2592 Aegyptii.

1004 2598 1117 2635 Urbis
1136 2599 1235 2634 numi
1257 2599 1503 2636 Romanorum
1533 2603 1656 2636 aetate

1005 2654 1074 2690 susi
1124 2658 1328 2692 monstrant
1364 2656 1512 2692 hircum.
1569 2655 1652 2692 Vid.

1006 2710 1122 2758 Zo'eg.
1152 2723 1285 2747 numm.
1307 2711 1480 2761 Aegyptt.
1509 2712 1654 2760 impert.

1005 2779 1040 2815 p-
1064 2769 1153 2806 117.
1176 2768 1268 2808 215.
1300 2768 1374 2805 Sed
1396 2781 1527 2805 nomen
1548 2766 1654 2804 Men-

1004 2822 1062 2858 des
1078 2835 1144 2859 nec
1166 2823 1245 2859 urbi
1260 2836 1327 2860 nec
1344 2837 1452 2861 nomo
1470 2824 1556 2861 inde
1585 2836 1652 2860 co-

1004 2880 1214 2928 gnominato
1250 2892 1374 2918 revera
1410 2879 1494 2917 olim
1538 2880 1652 2917 fuisse
