1759 3324
261 603 325 648 15

385 252 471 292 5⁰8

776 252 1248 292 HERODOTI

387 360 434 404 δὲ
462 360 741 418 καταπατήσῃ
770 366 868 419 τῇσι
897 362 970 405 ὑσὶ
1000 362 1047 404 τὸ
1070 361 1261 416 σπέρμα,
1293 360 1460 417 ἄμητον
1484 360 1532 404 τὸ
1556 359 1642 405 ἀπὸ

385 439 546 484 τούτου
583 439 714 496 μένει.

385 518 500 563 οὕτω
530 521 758 574 κομίζεται.

775 440 1040 498 ἀποδινήσας
1085 441 1129 485 ὁὲ
1165 445 1264 497 τῇσι
1293 440 1364 484 ὑσὶ
1394 442 1472 484 τὸν
1503 445 1646 494 σῖτον,

496 599 554 641 Εἰ
585 593 646 641 ὧν
686 599 941 655 βουλόμεθα
980 599 1176 656 γνώμῃσι
1213 603 1311 657 τῇσι
1346 599 1504 643 Ἱώνων
1541 602 1646 654 χρᾶ-

52 666 156 694 lonum
181 671 332 697 sententia

53 700 91 727 de
110 703 243 738 Aegypto
282 712 330 731 rc-

53 734 168 762 fellitur

327 827 435 864 quam
461 815 497 851 in
518 814 639 852 limum
665 816 864 853 recondere
891 829 978 866 pro-

328 871 447 908 babile
476 871 521 907 sit
540 872 740 919 eademque
770 872 886 909 bestia
915 873 980 910 de-

330 927 483 977 spicatui
523 927 630 964 fuerit
654 927 868 978 Aegyptiis,
901 928 980 965 Hc-

329 984 497 1019 rodotum
515 988 551 1020 et
568 983 636 1020 hoc
656 984 736 1021 loco
759 990 793 1022 et
814 985 980 1034 proxime

328 1040 495 1088 sequenti
515 1040 702 1090 scripsisse
723 1042 821 1092 βοῦς
839 1046 874 1079 et
887 1042 979 1091 βου-

330 1094 370 1135 σὶ
405 1096 575 1145 suspicati
618 1102 722 1144 sunt,
769 1098 980 1148 praesertim

329 1166 410 1190 cum
429 1152 614 1190 Diodorus
637 1154 766 1191 eadem
795 1155 832 1190 in
857 1167 897 1191 re
925 1155 981 1191 di-

328 1211 420 1247 xerit
439 1206 692 1260 βοσκήματα,
721 1224 789 1249 nec
806 1223 888 1248 sues
915 1211 980 1247 bo-

327 1278 465 1315 vesque
485 1266 666 1314 sigillatim
681 1267 889 1316 designarit.
903 1267 981 1305 Sed

327 1327 453 1361 contra
463 1323 625 1359 codicum
639 1324 759 1371 fidem,
773 1324 833 1373 qui
849 1337 974 1360 omnes

326 1379 365 1415 in
383 1378 529 1427 vulgata
549 1381 765 1429 persistunt,
795 1380 864 1417 hoc
880 1384 976 1417 certe

327 1435 407 1472 loco
436 1435 523 1471 nihil
551 1437 720 1485 equidem
749 1442 890 1474 mutare
911 1449 976 1473 au-

328 1492 447 1529 deam.
517 1492 697 1529 Graviora
735 1498 840 1539 sunt,
880 1505 976 1541 quae

327 1548 366 1584 in
393 1549 628 1597 sequentibus
659 1549 848 1598 leguntur:
879 1545 974 1588 α’πο-

329 1601 494 1654 δινήσας
513 1603 555 1643 δὲ
573 1607 662 1656 τῇσι
678 1605 744 1644 ὖσὶ
761 1603 828 1644 τὸν
847 1609 975 1654 σῖτον,-

327 1674 423 1711 quae
443 1662 490 1698 de
509 1663 678 1699 frumenti
702 1663 829 1699 tritura
846 1661 978 1700 intelli-

327 1718 450 1767 genda
471 1731 552 1756 esse
569 1731 676 1756 nemo
697 1719 886 1756 dubitabit.
919 1718 978 1755 Ad

324 1774 490 1811 trituram
509 1787 594 1812 vero
622 1776 698 1813 sive
717 1776 765 1812 ad
783 1775 980 1812 exterenda

328 1844 349 1868 e
393 1831 500 1881 spicis
531 1836 672 1868 matura
708 1844 823 1880 grana
859 1831 978 1867 suibus

325 1886 530 1937 Aegyptios
549 1901 634 1924 usos
648 1889 780 1935 suisse,
810 1888 977 1937 nuspiam

324 1943 476 1981 relatum
502 1944 664 1989 inveni03
694 1944 791 1980 boves
818 1957 885 1994 per
906 1944 978 1980 ori-

328 2004 448 2037 entem
485 2000 532 2036 ad
568 1999 661 2037 hanc
696 2013 771 2037 rem
815 1999 978 2036 adhiberi

326 2055 377 2092 sic
395 2055 480 2092 satis
499 2060 640 2092 constat
656 2060 765 2105 atque
782 2056 978 2092 etiamnum

325 2112 364 2147 in
397 2111 568 2160 Aegypto
598 2112 759 2149 adhiberi
792 2124 977 2148 common—

325 2167 452 2204 stravit
471 2167 687 2204 Hartmann.
712 2168 734 2204 l.
746 2168 768 2204 l.
784 2180 869 2217 pag.
884 2171 977 2209 227.

325 2222 458 2271 Neque
481 2223 519 2259 in
540 2228 700 2261 veterum
716 2224 979 2273 Aegyptiorum

326 2278 565 2329 anaglyphis,
606 2293 701 2328 quae
740 2286 795 2317 tot
834 2280 902 2317 alia
931 2281 979 2317 ad

325 2348 497 2384 agrorum
543 2336 714 2373 culturam
761 2337 979 2386 pertinentia

327 2392 515 2438 exhibent,
544 2405 627 2429 sues
655 2406 694 2430 se
720 2393 854 2430 vidisse
874 2397 978 2429 notat

327 2448 476 2484 Costaz.
495 2447 518 2484 l.
541 2461 650 2498 supra
669 2448 766 2485 laud.
793 2461 878 2498 pag.
900 2451 974 2493 603

325 2505 422 2542 unde
455 2517 592 2542 morem
620 2505 726 2541 istum
753 2505 789 2541 in
817 2505 976 2543 inferiori

324 2559 496 2611 Aegypto
529 2562 650 2611 potius
686 2562 885 2598 obtinuisse
913 2575 974 2598 su-

325 2617 493 2666 spicatur.
555 2617 698 2664 Quare,
729 2618 796 2653 nisi
819 2631 972 2655 consen-

324 2673 419 2710 tiens
440 2677 536 2711 esset
560 2672 731 2709 librorum
757 2678 980 2711 vetustorum

324 2729 430 2766 lectio
443 2758 454 2776 ‚
475 2729 572 2766 haud
589 2729 718 2766 invitus
736 2730 978 2779 scripsissem:

326 2780 575 2836 ἀποδινήσας
595 2787 712 2840 τῇσι
743 2787 768 2836 β
780 2801 799 2825 ο
811 2788 910 2824 ὖσι.
924 2805 980 2813 -·

322 2841 485 2879 Verbum
503 2836 710 2881 ἅποδινεῖν
738 2842 787 2879 ad
815 2842 979 2879 trituram

325 2898 482 2949 pertinet
503 2899 578 2937 sive
604 2899 653 2936 ad
671 2901 888 2936 frumentum
917 2911 979 2936 ex·

1047 817 1263 855 cutiendum.
1294 817 1392 855 Nam
1413 818 1523 864 δῖνος
1543 817 1627 855 olim
1647 818 1702 854 di-

1048 874 1196 911 cebatur
1238 870 1362 921 ἒὶλως,
1407 878 1577 911 mouente
1614 873 1701 910 Val-

1048 929 1152 967 cken.
1173 943 1217 966 ex
1233 930 1364 966 Athen.
1379 930 1432 966 Xl
1461 943 1498 979 p.
1518 930 1623 976 467,
1644 929 1701 974 F;

1048 986 1145 1022 unde
1165 980 1373 1024 α’ποδιτέῖν
1384 987 1577 1024 Herodoto
1590 986 1701 1032 idem,

1049 1042 1149 1091 quod
1171 1041 1248 1078 aliis
1274 1037 1468 1096 (Ξκαλοᾷν.
1507 1042 1580 1078 Pro
1603 1036 1700 1092 ἄμη-

1047 1094 1114 1137 τόν
1136 1111 1214 1135 cum
1233 1098 1433 1148 Schweigh.
1455 1102 1492 1136 et
1513 1099 1699 1136 Gaissord.

1048 1155 1215 1205 rescripsi
1238 1151 1412 1204 ἄμητον,
1444 1168 1523 1192 cum
1548 1167 1700 1192 monen-

1046 1212 1142 1248 tibus
1181 1212 1431 1249 Grammaticis
1465 1208 1616 1262 ἄμητον
1653 1211 1700 1247 sit

1047 1268 1196 1304 metendi
1234 1271 1386 1318 tempus,
1427 1263 1581 1318 α’μητόν
1610 1266 1699 1317 fra-

1046 1337 1106 1373 ges
1125 1324 1319 1369 demessae;
1348 1326 1442 1362 conf.
1466 1323 1530 1372 IV,
1549 1325 1613 1365 18.

1251 1409 1322 1446 Ca
1343 1422 1380 1460 p.
1418 1407 1500 1447 XV.

1100 1492 1135 1533 εἰ
1169 1487 1226 1532 ὦν
1265 1489 1497 1545 βουλόμεθα
1523 1507 1558 1531 κ.
1584 1507 1616 1531 τ.
1646 1491 1695 1542 L]

1044 1550 1292 1602 βουλοίμεθα
1315 1550 1450 1587 mavult
1475 1549 1697 1587 Benedictus

1043 1608 1081 1643 in
1131 1607 1226 1644 Actt.
1276 1607 1413 1643 Semin.
1460 1605 1547 1655 phil.
1591 1605 1696 1655 Lips.

1045 1663 1115 1700 vol.
1144 1663 1177 1699 lt
1214 1676 1250 1713 p.
1276 1663 1311 1698 Π
1339 1675 1426 1712 pag.
1452 1664 1558 1708 286,
1598 1662 1698 1710 quod

1045 1719 1391 1767 Schweighaeusero
1447 1719 1584 1756 arridet
1649 1717 1696 1755 ob

1047 1777 1272 1824 subsequens
1293 1771 1624 1824 τῖποδεικνύοιμεν
1646 1770 1697 1812 ἂν

1047 1832 1195 1880 (quibus
1218 1832 1337 1869 verbis
1355 1831 1527 1881 apodosis
1539 1831 1697 1880 incipit),

1047 1901 1115 1925 nec
1135 1889 1238 1925 nobis
1259 1887 1447 1938 displicet,
1477 1899 1697 1936 quamquam

1045 1944 1143 1980 libris
1199 1943 1414 1994 praesertim
1469 1944 1696 1980 obstantibus

1045 1999 1143 2036 haud
1161 2000 1404 2037 necessarium
1421 2000 1585 2048 videtur,
1615 2013 1696 2037 cum

1046 2056 1127 2106 ipsa
1149 2061 1327 2093 structura
1352 2056 1443 2094 haec
1463 2069 1530 2093 nec
1551 2055 1697 2093 insolita

1048 2113 1171 2150 sitnec
1189 2112 1306 2150 aliena
1326 2113 1472 2149 omnino
1493 2112 1539 2149 ab
1560 2112 1630 2149 hoc
1643 2112 1697 2149 lo-

1047 2181 1089 2206 co
1114 2169 1228 2206 videri
1256 2173 1376 2218 queat.
1436 2169 1545 2206 Conf.
1576 2170 1624 2206 de
1651 2181 1696 2206 ea

1046 2224 1178 2262 Matth.
1201 2226 1266 2262 Gr.
1287 2225 1352 2262 Gr.
1381 2237 1467 2276 pag.
1490 2225 1597 2266 1015
1616 2238 1693 2274 seq.

1049 2281 1166 2329 („Ac
1191 2282 1286 2319 bene
1307 2281 1422 2318 locum
1443 2286 1564 2319 tuetur
1583 2281 1696 2318 Stall-

1048 2338 1209 2375 baumius
1249 2338 1296 2375 ad
1327 2337 1489 2375 Platonis
1522 2338 1693 2388 Sympos.

1045 2407 1124 2443 cap.
1146 2398 1198 2435 27
1218 2408 1254 2444 p.
1274 2396 1353 2434 120
1369 2395 1407 2430 in
1434 2394 1519 2431 bibl.
1535 2394 1695 2432 Graec.“

1046 2449 1077 2487 C
1083 2452 1132 2497 r.)
1162 2451 1202 2487 ln
1223 2451 1303 2501 ipsa
1324 2451 1508 2497 oratione,
1529 2462 1571 2486 ac
1589 2463 1694 2500 prae-

1042 2507 1148 2556 cipue
1174 2507 1211 2543 in
1247 2506 1365 2543 verbis
1391 2506 1617 2556 interpositis
1647 2520 1694 2545 ne

1042 2563 1123 2610 quis
1140 2562 1310 2609 haereat,
1338 2563 1408 2598 hoc
1434 2563 1608 2600 monitum
1631 2576 1697 2600 vo·-

1042 2618 1180 2665 lumus,
1242 2618 1468 2668 participium
1516 2618 1696 2670 λέγοντες

1047 2677 1229 2724 pertinere
1248 2675 1296 2711 ad
1315 2674 1463 2723 οἳφασι
1475 2675 1695 2725 (sc.lones),

1047 2742 1115 2767 nec
1132 2730 1203 2766 alio
1225 2731 1452 2768 referendum
1471 2745 1552 2769 esse
1564 2729 1696 2783 λεγόν-

1047 2800 1145 2832 των,
1169 2786 1228 2822 ubi
1247 2786 1284 2821 in
1299 2786 1500 2823 absolutam
1517 2788 1695 2839 participii

1046 2846 1260 2878 structuram
1292 2843 1410 2879 subito
1443 2844 1603 2882 deflectit
1630 2857 1694 2881 au-

1046 2903 1143 2945 ctor,
1172 2897 1284 2949 priori
1303 2899 1477 2936 orationis
1504 2903 1694 2948 structura,
