1759 3324
528 255 955 296 EUTERPE.
1005 256 1051 294 11.

1328 259 1414 300 743

145 369 219 413 καὶ
248 367 347 413 τόδε
374 366 424 411 τό
453 367 613 423 χωρίον
644 364 727 409 οὐκ
756 364 933 421 ἥκιστα,
966 363 1073 408 ἀλλὰ
1102 364 1300 422 μάλιστα,
1333 366 1410 422 δη-
1423 373 1468 408 55

144 451 218 491 λοῖ
254 446 321 490 ὅτι
362 445 445 490 οὐκ
478 443 674 502 Ὁμήρου
709 444 763 489 τὰ
798 443 978 501 Κύπρια
1015 443 1117 489 ἔπεσί
1148 445 1258 498 ἐστι,
1313 441 1410 488 ἀλλ’

86 658 191 692 tenus
203 652 338 690 nullam
355 652 466 690 fidem
486 657 627 691 mereat
647 653 741 691 Bor-

84 710 203 748 heckii
236 709 395 760 suspicio
416 738 427 756 ‚
478 714 597 747 totum
631 715 741 760 caput

85 766 224 805 CXVII
263 766 425 816 spurium
462 767 588 804 videri.
656 767 740 805 Nec

84 824 282 873 quidquam
312 823 443 860 eiicere
479 823 649 872 equidem
676 836 742 861 au-

85 881 214 926 deam3
245 892 466 929 quamquam
485 880 569 917 mihi
593 893 741 930 quoque

84 949 219 986 magna
238 936 279 973 fit
299 936 481 986 suspicio,
511 937 643 974 verba:
673 935 741 976 καὶ

83 989 175 1033 τόδε
206 989 252 1031 τό
278 993 426 1045 χωρίον
463 994 510 1030 ad
536 994 740 1042 marginem

85 1051 170 1088 olim
211 1049 324 1087 fuisse
353 1050 539 1100 adscripta
575 1062 616 1086 ac
640 1051 738 1098 dein,

85 1108 137 1144 uti
171 1106 250 1144 fieri
282 1106 402 1153 solet,
442 1106 559 1143 textui
588 1107 738 1144 inserta.

84 1163 260 1202 Locutio:
295 1158 368 1202 οὐκ
389 1159 531 1213 ἥκιστα
548 1158 646 1201 cisso}
664 1158 738 1214 μα’-

86 1223 198 1260 λιστα
226 1220 408 1257 invenitur
431 1232 579 1268 quoque
602 1220 658 1268 ΙΙ,
683 1220 738 1261 43

84 1290 153 1315 nec
183 1276 260 1314 sine
285 1277 444 1325 quadam
472 1277 507 1313 vi
535 1276 569 1313 h.
597 1277 619 1314 l.
650 1276 739 1328 poni

85 1334 238 1371 videtur.
300 1332 414 1369 Redit
438 1336 558 1369 autem
588 1346 631 1371 eo
660 1334 738 1371 fere

84 1389 267 1428 Herodoti
311 1393 578 1438 argumentum:
638 1389 739 1439 quod

85 1447 185 1497 apud
215 1445 416 1498 Homerum
454 1446 610 1494 vestigia
639 1458 740 1483 erro-

83 1516 163 1540 rum
183 1501 326 1539 Paridis
355 1502 586 1539 inveniuntur
616 1502 739 1551 (quae

85 1560 166 1610 ipsa
209 1560 297 1596 satis
338 1558 523 1596 declarant
540 1587 551 1606 ‚
590 1561 737 1610 poetam

83 1615 190 1667 plura
215 1616 262 1652 de
286 1615 340 1652 his
360 1615 596 1664 cognovisse,
628 1628 737 1665 quam

85 1685 180 1722 quae
207 1673 244 1708 in
268 1672 348 1722 ipso
368 1672 523 1709 carmine
554 1673 738 1710 indicave-

83 1729 167 1777 rit),
193 1728 278 1765 inde
304 1727 424 1777 colligi
457 1729 613 1778 poterit,
657 1729 739 1765 Ho-

83 1798 223 1823 merum
240 1788 423 1822 auctorem
450 1797 524 1821 non
557 1799 637 1822 esse
657 1798 736 1822 car-

85 1843 224 1880 minum
242 1842 480 1891 Cypriorum,
512 1842 642 1890 quibus
664 1841 738 1878 Pa-

84 1898 134 1936 ris
154 1899 274 1935 fausto
296 1899 424 1935 itinere
450 1898 521 1934 iam
541 1899 646 1935 tertio
678 1898 738 1936 die

84 1955 123 1992 in
157 1955 310 2004 patriam
348 1955 539 1992 revertisse
568 1955 738 1992 tradeba-

83 2016 154 2048 tur.
214 2011 320 2054 Quae
346 2012 612 2059 argumentatio
652 2024 739 2063 spe-

83 2067 213 2105 ciosior
226 2079 335 2117 quam
345 2068 464 2104 verior
483 2068 624 2105 videtur
633 2068 739 2105 Hen-

82 2124 260 2171 richsen.,
289 2124 365 2160 viro
384 2124 515 2171 docto,
544 2125 581 2161 in
607 2138 737 2162 comm.

85 2181 132 2218 de
154 2193 299 2218 carmm.
328 2180 440 2230 Cypr.
472 2181 591 2218 Havn.
627 2183 736 2222 1828

84 2249 168 2288 pag.
187 2240 212 2277 7
233 2250 310 2286 seq.
368 2237 550 2286 Equidem
583 2237 633 2274 nil
661 2238 738 2275 dis-

83 2306 246 2339 cernam3
266 2294 336 2331 hoc
354 2294 464 2330 modo
484 2295 601 2332 teneri
618 2294 736 2342 velim,

84 2348 312 2388 Aristotelem
343 2363 490 2400 quoque
522 2364 565 2389 ex
594 2351 737 2389 diversa

85 2405 360 2444 Homericorum
378 2410 413 2444 et
425 2408 642 2458 Cypriorum
658 2420 738 2445 car-

87 2462 223 2499 minum
242 2463 361 2501 indole
381 2464 563 2501 diversum
575 2468 738 2502 statuere

87 2522 290 2567 auctore-m,
323 2521 369 2558 de
388 2525 453 2557 art.
473 2523 572 2571 poet.
594 2535 649 2571 cp.
668 2523 734 2563 23.

89 2573 156 2611 Cr.
183 2575 232 2611 ad
264 2581 514 2625 argumentum
545 2577 649 2614 huius
678 2589 737 2615 ca-

87 2630 171 2680 pitis
189 2633 341 2670 conferri
361 2633 440 2670 vult
459 2634 669 2672 Groddeck.
691 2634 738 2672 de

87 2686 250 2734 hymnor.
265 2688 433 2726 Homerr.
453 2690 613 2738 reliquiis
634 2704 670 2741 p
681 2688 735 2731 41

90 2746 129 2779 et
150 2742 215 2784 42.
270 2744 447 2783 Matthiae
477 2747 737 2784 animadverss.

90 2797 140 2834 ad
168 2797 288 2846 hymn.
309 2801 459 2839 Homer.
485 2815 571 2854 pag.
590 2806 643 2844 68
657 2816 736 2853 seq.

146 2849 206 2892 ’ὅτι
224 2851 298 2894 οὔκ
315 2853 490 2908 Ὁμήρου
511 2857 558 2898 τοὶ
575 2856 739 2909 Κύπρια

93 2904 187 2949 ἕπεά
209 2909 311 2962 ἐστι,
350 2909 432 2953 ἀλλ’
459 2911 582 2956 ἄλλον
607 2912 738 2966 τινός]

812 653 944 704 Cypria
963 656 1143 702 carmina,
1172 658 1213 692 ut
1232 653 1304 693 hoc.
1325 655 1468 690 tantum

809 712 1004 748 afferamus
1018 740 1029 759 ‚
1060 716 1237 762 perpetua
1252 710 1360 759 quasi
1376 709 1468 748 serie

811 768 975 819 exposita
1001 769 1210 805 continuere
1247 765 1332 803 belli
1368 765 1404 802 Τ
1407 780 1468 802 ro-

810 824 881 861 iani
900 825 1102 874 primordia
1123 836 1241 874 usque
1260 821 1466 860 adAchillis

809 881 923 929 iram,
952 881 1016 917 ubi
1032 880 1186 918 Homeri
1212 879 1296 917 Ilias
1320 879 1467 916 exordi-

808 941 876 973 tur.
934 937 1058 981 Quare
1093 938 1227 975 eodem
1258 936 1355 983 iure,
1393 932 1485 985 quo¹

811 993 962 1030 Homeri
1011 995 1192 1041 carmina,
1233 993 1281 1029 ad
1328 992 1467 1041 cyclum

808 1050 870 1099 qui
894 1050 1024 1086 dicitur
1043 1051 1183 1100 epicum
1207 1050 1335 1087 referri
1357 1053 1465 1100 pote-

807 1110 900 1143 runt.
978 1106 1061 1143 Vid.
1104 1106 1345 1144 Henrichsen.
1388 1106 1412 1144 l.
1441 1106 1464 1143 l.

806 1175 891 1213 pag,
917 1165 970 1204 27
996 1175 1123 1212 seqq.,
1161 1162 1326 1212 inprimis
1352 1175 1390 1212 p.
1409 1164 1463 1204 31

807 1232 885 1268 seq.
942 1219 1001 1256 De
1030 1232 1103 1268 quo
1143 1219 1297 1256 istorum
1335 1220 1466 1256 carmi-

805 1288 894 1312 num
916 1279 1155 1324 argumento,
1195 1275 1369 1312 historico
1396 1289 1465 1325 po-

806 1332 876 1369 tius
897 1345 1008 1381 quam
1029 1332 1155 1381 epico,
1187 1336 1226 1368 ut
1244 1332 1315 1368 iam
1335 1332 1464 1369 obser-

805 1393 867 1425 vat
890 1388 1105 1426 Aristoteles
1134 1387 1156 1425 l.
1178 1388 1201 1424 l.
1233 1387 1337 1436 (coll.
1358 1388 1464 1426 Hen-

805 1445 960 1482 richsen.
989 1459 1025 1495 p.
1050 1447 1131 1486 102
1153 1445 1299 1494 seqq.),
1339 1444 1464 1482 classi-

806 1515 868 1539 cus
890 1505 948 1539 est
964 1500 1084 1538 Procli
1104 1500 1203 1538 locus
1217 1531 1228 1550 ,
1256 1514 1374 1551 nuper
1397 1502 1464 1539 de-

803 1562 920 1596 tectus
940 1562 1052 1607 atque
1070 1558 1189 1595 editus
1209 1559 1266 1594 in:
1291 1558 1462 1596 Biblioth.

805 1615 840 1652 d.
862 1615 923 1652 alt.
953 1613 1106 1652 Literat.
1136 1614 1154 1651 I
1178 1613 1316 1652 Anecd.
1342 1628 1377 1664 p.
1394 1616 1460 1656 23.

805 1669 882 1718 24,
912 1671 1086 1720 repetitus
1116 1675 1153 1709 et
1182 1671 1356 1720 singulari
1376 1684 1462 1708 cura

803 1731 889 1778 post
915 1727 1003 1764 alios
1026 1726 1225 1764 illustratus
1256 1728 1302 1765 ab
1330 1728 1461 1765 eodem

804 1783 1043 1821 Henrichsen.
1071 1783 1096 1820 l.
1115 1783 1138 1820 l.
1160 1797 1247 1834 pag.
1268 1786 1461 1831 18—26‚

806 1840 868 1889 qui
892 1841 1000 1878 etiam
1020 1845 1203 1890 quotquot
1223 1841 1351 1877 horum
1381 1852 1461 1877 car-

805 1896 941 1934 minum
968 1900 1110 1934 exstant
1134 1898 1358 1945 fragmenta,
1386 1896 1460 1933 col-

805 1953 895 2002 legit
931 1966 973 1990 ac
1000 1954 1182 1990 recensuit
1215 1967 1252 2004 p.
1274 1953 1330 1994 34
1356 1966 1460 2002 seqq.

809 2031 857 2038 -—-
886 2009 945 2047 De
962 2013 1109 2047 auctore
1125 2010 1322 2047 carminum
1339 2009 1462 2047 Hero-

806 2067 884 2104 doti
935 2070 1055 2103 aetate
1103 2067 1175 2104 iam
1219 2067 1460 2116 disceptatum

804 2124 937 2170 fuisse,
957 2135 1001 2160 ex
1016 2123 1084 2160 hoc
1102 2122 1182 2160 loco
1202 2127 1324 2173 patet,
1343 2123 1460 2160 idem-

805 2192 878 2229 que
910 2179 988 2216 aliis
1032 2192 1180 2229 quoque
1212 2179 1391 2217 Athenaei
1422 2183 1459 2217 et

803 2235 923 2274 Procli
944 2236 1031 2273 locis
1056 2237 1335 2287 comprobatur,
1366 2247 1458 2285 quos

804 2293 915 2331 affert
934 2292 1171 2331 Henrichsen.
1190 2293 1213 2330 l.
1232 2293 1256 2330 l.
1276 2306 1312 2344 p.
1331 2291 1357 2333 4
1375 2305 1457 2342 sqq.

803 2350 1063 2388 accuratiorem
1082 2351 1167 2387 inde
1178 2350 1372 2387 instituens
1384 2350 1460 2386 dis-

803 2406 1034 2456 quisitionem
1053 2407 1100 2445 de
1127 2420 1213 2444 vero
1233 2407 1361 2443 horum
1379 2418 1459 2443 car-

804 2466 941 2501 minum
966 2467 1136 2510 auctore,
1166 2476 1273 2513 quem
1294 2462 1354 2500 alii
1373 2463 1459 2499 Sta-

806 2521 924 2558 sinum
952 2520 1130 2570 Cyprium
1157 2520 1282 2568 (unde
1311 2532 1458 2569 quoque

803 2577 1001 2614 carminum
1037 2590 1192 2623 nomen,
1231 2576 1321 2623 nisi,
1356 2576 1459 2625 quod

805 2633 884 2670 aliis
904 2634 1021 2671 verius
1048 2634 1215 2681 videtur,
1245 2645 1288 2670 ex
1307 2631 1459 2682 Cypride

808 2688 980 2741 [Venere]
994 2689 1083 2727 illud
1099 2690 1370 2737 derivandum),
1379 2689 1458 2726 He-

806 2746 974 2796 gesinum
1009 2747 1100 2794 alii,
1148 2746 1353 2784 Homerum
1381 2745 1457 2792 alii,

806 2803 896 2840 alios
935 2803 996 2841 alii
1032 2803 1211 2841 ferebant.
1279 2801 1360 2839 Nos
1395 2801 1458 2838 illa

807 2860 957 2909 quidem
992 2860 1091 2897 haud
1128 2862 1353 2910 repetamus;
1388 2857 1458 2894 hoc

807 2928 920 2954 unum
942 2916 1082 2955 addere
1101 2915 1249 2967 placet,
1270 2914 1376 2952 nobis
1404 2913 1457 2950 vi-
