1759 3324
542 265 970 307 EUTERPE.
1014 266 1061 304 Π.

1337 269 1421 308 673

157 383 254 439 λίην
280 382 447 424 πᾶσαν·
477 377 799 432 ἐκκαθήραντες
825 375 872 419 δὲ
894 374 1055 431 αὐτὴν,
1084 375 1159 418 καὶ
1179 374 1420 432 διηθήσαν-

157 477 225 510 τες
268 461 373 513 οἴνῳ
412 458 665 512 φοινικηΐῳ,
726 450 849 506 αὖτις
896 453 1127 510 διηθέουσι
1171 454 1420 511 θυμιήμασι

129 547 150 580 7
161 536 485 592 τετριμμένοισι.

545 534 688 578 ἔπειτα
726 535 806 590 τὴν
845 534 985 589 νηδύν
1023 533 1217 588 σμύρνης
1254 533 1418 590 α’κηρά-

153 633 233 659 του
263 614 563 672 τετριμμένης,
593 613 667 658 aaz
695 615 861 670 κασίης,
897 613 971 657 καὶ
1000 616 1088 656 τῶν
1118 611 1263 656 ἄλλων
1291 619 1414 657 θυω-

150 830 419 886 διηθήσαντες
466 832 564 887 οἷ’νῳ
612 847 748 883 φοινι-

91 890 217 945 κηΐῳ]
247 894 270 929 ἰ.
290 906 321 930 e.
348 892 469 928 eluunt
489 904 570 927 rano
586 891 747 940 palmeo,-

92 949 130 985 in
152 961 225 997 quo
256 962 337 985 cum
366 948 444 986 No
431 954 505 984 tro
534 947 643 997 plane
660 949 747 985 facit

89 1004 279 1042 Diodorus
309 1005 348 1052 Ι,
380 1007 446 1045 91.
521 1003 580 1042 De
606 1005 691 1040 n'no
724 1017 745 1042 e

89 1061 219 1111 palmis
227 1066 356 1111 parato
369 1062 522 1098 diximus
540 1062 587 1098 ad
608 1061 634 1107 Ι,
652 1062 744 1101 193.

88 1117 229 1166 Magna
265 1117 465 1167 palmarum
502 1118 540 1153 in
572 1117 744 1166 Aegypto

87 1175 157 1211 fuit
174 1175 301 1224 copia,
321 1187 443 1223 neque
460 1180 585 1211 tamen
603 1173 743 1210 illarum

90 1243 134 1267 ea
166 1232 392 1280 praestantia
428 1236 539 1279 atque
572 1230 610 1267 in
640 1230 741 1267 Asia.

87 1286 198 1323 Plura
214 1287 385 1324 Creuzer.
400 1286 423 1323 l.
442 1286 464 1323 l.

143 1339 374 1393 θυμιήμασι
400 1340 687 1393 τετριμμένοισι
704 1357 741 1381 κ.

87 1413 121 1438 τ.
140 1397 189 1450 λ.]
220 1399 395 1447 „Horum
421 1405 625 1436 aromatum
653 1412 742 1449 pro-

87 1462 235 1493 ventum
248 1485 259 1502 ‚
288 1457 325 1492 in
339 1456 475 1493 Arabia
496 1455 740 1493 felicissimum

85 1524 130 1550 ac
145 1513 369 1563 percipiendi
390 1513 539 1549 modum
557 1513 637 1562 ipse
658 1512 733 1549 No-

86 1573 161 1606 ster
193 1570 363 1606 describit
406 1568 479 1616 IH,
521 1572 613 1610 107.
644 1571 737 1609 110.

87 1628 179 1666 111.
207 1647 265 1653 —
291 1626 418 1674 Atque
443 1625 630 1662 Gmelinus
651 1624 692 1671 (l.
714 1625 737 1661 l.

84 1694 121 1731 p.
141 1682 224 1729 18)
261 1682 300 1717 in
329 1681 384 1718 his
407 1682 590 1719 Herodoti
618 1682 737 1718 verbis

85 1738 196 1774 docet
214 1737 300 1774 bina
319 1738 422 1774 uobis
448 1738 609 1775 tenenda
637 1751 737 1775 esse:

83 1795 257 1844 primum,
293 1794 457 1830 adhibita
478 1795 591 1831 fuisse
616 1794 738 1830 herbas

84 1854 122 1887 et
147 1863 267 1886 succos
297 1851 514 1887 aromaticos
545 1852 739 1887 odoratos-

83 1919 176 1955 que;
215 1907 369 1944 alterum
397 1907 485 1954 hoc,
514 1908 649 1944 ventris
677 1919 738 1943 ca-

81 1975 167 1999 mm
187 1975 261 2000 nou
276 1965 466 2013 perfusum
488 1977 569 2001 esse
586 1964 736 2000 materia

81 2020 296 2067 condiente,
334 2021 400 2057 sed
426 2020 653 2057 subtilissimo
671 2032 736 2069 per

81 2075 193 2112 culum
225 2077 300 2113 sive
320 2077 470 2113 cribrum
498 2079 643 2113 traiecto
661 2080 735 2113 eius

77 2132 220 2182 pulvere
255 2132 444 2182 repletum,·
483 2134 583 2182 quod
604 2133 734 2171 intelli-

80 2193 188 2237 gatur
219 2203 240 2227 e
265 2190 385 2227 verbis
414 2185 642 2241 θυμιήμασι
674 2204 733 2228 τε-

76 2244 324 2296 τριμμένοισι
372 2251 409 2284 et
462 2245 730 2296 τετριμμένης.

79 2300 139 2339 De
156 2302 347 2339 herbarum
365 2308 486 2340 autem
502 2303 651 2354 pulvere
670 2317 733 2340 co-

81 2357 177 2405 gitat
196 2359 305 2395 etiam
326 2359 492 2407 Heyuius
519 2361 731 2407 (comment.

82 2425 154 2450 soc.
171 2414 274 2452 Gott.
289 2415 341 2452 IV
359 2429 395 2465 p.
411 2418 495 2465 18),
524 2417 562 2453 in
582 2416 652 2453 hoc
673 2422 731 2453 ta-

80 2481 166 2507 men
183 2470 314 2519 falsus,
341 2473 443 2521 quod
464 2474 602 2510 viscera
622 2473 660 2509 in
677 2472 732 2509 al-

79 2537 128 2562 vo
157 2528 367 2576 reponenda
394 2542 438 2566 eo
477 2529 627 2580 pulvere
663 2530 731 2565 ad·-

81 2593 207 2630 spersa
238 2588 353 2633 putat.
417 2585 461 2622 In
499 2586 571 2623 alia
609 2587 731 2623 omnia

79 2637 157 2674 abit
188 2637 361 2677 Rouellus
385 2641 424 2678 in
449 2655 593 2679 memm.
626 2642 731 2679 acad.

80 2692 164 2730 Par.
184 2695 322 2732 scientt.
350 2709 433 2735 ann.
453 2700 562 2740 1750
586 2711 623 2748 p-
648 2701 729 2738 120

80 2761 185 2798 seqq.
255 2750 380 2801 Negat
412 2756 508 2792 enim
542 2755 729 2805 pulverem

80 2809 281 2843 aromatum
306 2809 344 2845 in
371 2810 509 2853 viscera
535 2811 729 2856 iniectum3

80 2861 233 2910 eiusque
247 2863 298 2900 rei
318 2865 408 2902 duas
426 2879 575 2903 caussas
586 2867 727 2912 adfert3

78 2929 199 2964 neque
218 2919 312 2956 enim
328 2920 499 2959 idoneum
512 2935 593 2961 esse
612 2922 729 2960 solnm

123 2972 332 3013 Hznono‘r.
362 2976 392 3014 I.

814 833 999 884 pulverem
1011 834 1187 872 eiusmodi
1200 835 1375 874 siccandis
1391 849 1471 874 cor-

814 892 964 941 poribus
985 920 996 938 ,
1034 904 1156 940 neque
1191 904 1278 929 vero
1317 894 1468 943 reperiri

815 947 890 984 eius
905 947 1062 997 pulveris
1079 947 1250 996 reliquias
1263 949 1301 985 in
1313 951 1467 986 mumiis.

813 1004 954 1040 Contra
976 1003 1068 1041 haec
1094 1004 1257 1053 disputat
1289 1005 1467 1043 Lauthins

812 1059 851 1096 in
879 1060 1019 1097 histoir.
1053 1060 1102 1098 de
1130 1060 1323 1098 l'anatom.
1352 1062 1422 1099 vol.
1451 1063 1467 1099 Ι

812 1129 849 1166 p.
870 1119 925 1157 20
953 1129 1030 1165 seq.
1063 1121 1102 1153 et
1133 1117 1323 1154 oblocutus
1352 1119 1467 1168 priori

813 1178 1028 1221 argumento
1058 1172 1129 1209 hoc
1156 1172 1309 1211 alterum
1333 1176 1384 1212 ita
1407 1175 1467 1211 in-

809 1229 954 1278 fringit,
984 1233 1024 1266 ut
1043 1229 1158 1266 dicat:
1188 1229 1371 1279 pulverem
1383 1244 1465 1269 eum

810 1285 1013 1322 adhibitum
1045 1298 1128 1323 esse
1154 1287 1298 1323 nonnisi
1323 1288 1465 1337 pretio-

811 1342 953 1378 sissimo
1005 1342 1132 1391 generi
1176 1343 1465 1381 condiendorum

807 1410 999 1448 corporum
1017 1411 1134 1447 eaque
1152 1399 1329 1436 cadavera
1348 1400 1464 1437 medi-

807 1460 888 1492 cata
911 1467 1060 1505 perrara
1087 1468 1192 1501 esse,
1227 1456 1384 1506 proinde
1407 1457 1463 1493 fa-

808 1510 875 1548 cile
900 1512 1067 1561 potuisse
1098 1511 1199 1557 fieri,
1226 1517 1267 1548 ut
1285 1512 1460 1550 Rouellus

807 1567 878 1604 hoc
908 1580 1025 1617 genus
1051 1568 1269 1604 mumiarum
1300 1581 1374 1605 non
1405 1570 1462 1605 ti-

808 1624 916 1661 derit.
981 1624 1087 1661 Haec
1111 1623 1313 1672 Lauthius,
1343 1631 1462 1663 recte-

807 1693 879 1729 que
899 1681 929 1717 si
950 1681 1040 1729 quid
1067 1680 1187 1717 video.
1243 1680 1343 1718 Nam
1365 1694 1460 1730 quae

806 1750 874 1786 per
898 1736 1087 1786 Europam
1121 1738 1355 1774 asservantur
1376 1751 1459 1775 mu-

805 1793 922 1839 miae,
952 1805 1018 1830 eae
1045 1792 1240 1842 pleraeque
1265 1793 1460 1831 herbarum

803 1850 965 1899 ipsarum
991 1849 1218 1897 aliarumque
1236 1863 1356 1887 rerum
1385 1851 1460 1887 far-

803 1906 931 1954 ragine
949 1905 1112 1954 repletae
1132 1910 1226 1942 suut.
1284 1906 1395 1955 Atqui
1414 1919 1459 1944 ex

803 1962 1009 1998 istiusmodi
1035 1962 1250 1998 centonibus
1269 1961 1459 2011 haudqua-

804 2031 914 2067 quam
936 2019 1075 2068 pendet
1105 2018 1302 2055 auctoritas
1333 2019 1458 2056 Hero-

803 2075 879 2111 doti
892 2105 903 2122 ,
931 2079 972 2110 ut
993 2075 1054 2124 qui
1070 2074 1108 2110 in
1127 2074 1321 2112 Thebaide
1339 2075 1458 2125 hypo-

802 2132 976 2180 gaeisque
1006 2131 1152 2180 Regum
1181 2130 1270 2167 alias
1302 2131 1456 2169 mumias

801 2187 1030 2238 spectaverit.
1089 2187 1284 2224 Caeterum
1302 2188 1339 2224 in
1359 2189 1457 2225 exitu

799 2245 900 2280 iuvat
919 2244 1130 2282 adscribere
1151 2244 1264 2280 verba
1286 2244 1457 2294 Appuleii

799 2301 837 2337 in
861 2300 1006 2350 apolog.
1031 2313 1068 2350 p.
1090 2301 1174 2341 295
1197 2299 1362 2337 Elmenh.
1376 2314 1452 2337 :—

797 2361 839 2394 ut
879 2358 909 2394 si
942 2357 1024 2394 thus
1051 2361 1092 2394 et
1122 2358 1255 2392 casiam
1297 2361 1334 2393 et
1361 2370 1457 2407 myr-

799 2413 900 2450 rham
919 2418 1133 2462 ceterosque
1151 2413 1190 2450 id
1215 2425 1333 2461 genus
1363 2414 1456 2449 odo-

798 2483 858 2507 res
870 2469 999 2520 sunen'
1023 2474 1164 2507 tantum
1192 2474 1334 2519 emptos
1357 2469 1455 2506 arbi-

797 2527 926 2572 treris,
952 2539 1033 2564 cum
1060 2531 1097 2563 et
1117 2525 1364 2563 medicamento
1387 2538 1454 2575 pa·-

797 2588 923 2621 rentur
940 2588 977 2620 et
996 2582 1181 2620 sacrificio.
1185 2584 1211 2603 “
1239 2581 1452 2621 Creuz.1.l.

796 2652 882 2690 pag
903 2641 969 2681 36.
986 2641 1053 2680 37

852 2710 929 2746 την
953 2691 1083 2745 νηδυν
1101 2690 1293 2757 σμύρνης
1303 2687 1453 2744 οἷκηρα-

795 2766 867 2791 του
885 2745 1449 2803 τετοιμμένης-πλήσαντες]

795 2805 926 2858 νηδυν
957 2809 1015 2846 hic
1043 2820 1191 2858 quoque
1216 2807 1303 2844 dicit
1324 2818 1452 2843 mrum

793 2866 953 2912 ventris,
979 2865 1158 2902 intestinis
1178 2862 1408 2900 exenteratis.

853 2916 1034 2974 σμύρνης
1063 2914 1266 2970 ἀκηράτου
1301 2931 1451 2969 τετριμ-
