1759 3324
621 278 926 319 CL10.1.

1323 281 1408 320 333

118 395 194 439 3δὲ
222 393 370 443 ἐόντος
397 393 476 434 τοῦ
505 387 671 439 παντός
700 386 798 431 τότε
823 385 1081 443 Ἑλληνικοῦ
1109 386 1275 443 γένεος,
1306 392 1408 432 πολ-

146 476 209 532 λῷ
245 472 290 515 δὲ
327 465 382 526 ἦν
420 467 738 512 ἀσθενέστατον
775 469 864 509 τῶν
906 465 1076 509 ἐθνέων
1112 466 1162 510 τό
1203 466 1409 521 Ἰωνικὸν,

146 552 218 595 καὶ
244 550 376 604 λόγου
405 547 651 603 ἐλαχίστου·
703 545 771 589 ὅτι
799 544 883 602 γὰρ
914 545 972 601 μὴ
998 544 1205 602 Ἀθῆναι,
1244 542 1301 603 ἦν
1331 545 1406 591 ου’-

147 629 219 672 δὲν
247 627 349 671 ἄλλο
378 625 568 681 πόλισμα
597 625 789 683 λόγιμον.
827 627 871 669 οἱ
898 625 978 682 μέν
1004 643 1089 670 νυν
1118 625 1242 670 ἄλλοι
1259 625 1409 677 Ἴωνες

143 707 218 751 καὶ
247 708 290 750 οἱ
320 704 544 762 Ἀθηναῖοι
573 705 743 762 ἔφυγον
770 704 820 749 τὸ
845 704 1038 762 οὔνομα,
1071 703 1126 748 οὗ
1145 704 1408 762 βουλόμενοι
1422 714 1465 746 10

117 787 282 837 4Ἴωνες
308 789 566 841 κεκλῆσθαι·
615 783 726 828 ἄλλα
763 785 838 829 καὶ
875 788 959 828 νῦν
996 786 1232 841 φαίνονταί
1259 801 1334 842 μοι
1365 786 1409 828 οἱ

284 866 293 880 Ι
384 864 394 878 7
439 868 456 876 ⁴⁸
531 865 544 880 7
697 863 706 876 Ῑ
945 867 963 876 Ν
1046 862 1057 878 ἳ
1104 863 1114 876 ¹
1323 865 1336 880 t·
1383 864 1408 887 ³.

144 869 298 909 πολλοι
336 881 484 908 αυτων
526 870 864 920 επαισχυνεσθαι
902 880 962 924 τῳ
1005 881 1228 922 ουνοματι.
1289 883 1334 908 αι
1361 866 1408 908 δε

145 944 343 989 δυώδεκα
371 944 518 996 πόλιες
549 938 678 988 αὗται
715 947 776 1001 τῷ
815 959 859 986 τε
901 941 1114 999 οὐνόματι
1149 941 1407 1000 ἠγάλλοντο,

144 1024 218 1067 καὶ
246 1023 345 1080 ἱρόν
374 1024 611 1078 ἱδρύσαντο
642 1024 712 1068 ἐπὶ
743 1023 892 1080 σφέων
933 1022 1101 1078 αὐτῶν,
1147 1026 1208 1083 τῷ
1238 1022 1409 1080 οὕνομα

146 1105 298 1148 ἔθεντο
328 1102 580 1148 Πανιώνιον
593 1118 602 1128 ·

92 1316 197 1340 usum
221 1305 362 1353 spectes
375 1330 385 1348 ‚
423 1300 654 1338 referendum
675 1301 744 1338 erit

92 1360 141 1396 ad
166 1360 328 1410 proxime
359 1358 612 1395 antecedentia
637 1358 743 1395 inde-

91 1428 163 1465 que
195 1416 241 1453 de
272 1414 444 1451 insulanis
479 1414 740 1464 accipiendum.

90 1470 291 1510 Larcherus
331 1471 368 1507 in
400 1470 565 1508 versione
600 1470 741 1507 Gallica

91 1529 140 1568 ad
157 1527 318 1565 Milesios
338 1527 481 1574 retulit,
511 1527 574 1576 qui
588 1526 740 1563 induciis

91 1597 172 1622 cum
193 1585 290 1633 Cyro
310 1584 433 1631 factis,
473 1596 512 1620 se
539 1595 561 1619 a
585 1582 745 1632 reliquo-

90 1654 169 1678 rum
180 1641 309 1677 Ionum
322 1641 493 1678 societate
503 1639 742 1677 seiunxerant.

92 1696 195 1734 Alter
215 1696 342 1733 Gallus
360 1697 541 1746 interpres
572 1696 619 1733 de
637 1696 745 1732 utris-

93 1765 165 1802 que
181 1752 374 1799 intellexit,
405 1753 451 1790 de
470 1751 622 1789 Milesiis
641 1755 677 1788 et
697 1752 744 1789 de

93 1808 277 1846 insulanis.
338 1809 430 1846 Utut
449 1812 524 1856 est,
553 1808 618 1845 hos
636 1807 743 1845 Iones

92 1864 167 1902 vult
185 1865 398 1902 Herodotus
419 1879 458 1903 se
474 1877 496 1902 a
512 1865 656 1914 reliquis
684 1864 745 1901 Io-

91 1921 196 1959 nibus
227 1922 424 1960 seiunxisse
452 1934 526 1958 non
563 1921 668 1957 aliam
695 1921 743 1957 ob

93 1990 236 2015 causam
263 1979 466 2028 quandam,
501 1990 623 2015 verum
659 1978 743 2014 ideo

94 2035 212 2083 quod,
241 2048 322 2072 cum
340 2035 456 2071 omnis
484 2035 591 2084 stirps
624 2034 744 2071 Grae-

94 2102 136 2127 ca
153 2094 238 2128 tunc
255 2091 429 2142 temporis
455 2091 598 2127 infirma
621 2090 743 2137 suerit,

93 2146 205 2184 multo
230 2150 351 2185 tamen
375 2147 616 2184 infirmissima
635 2148 744 2184 exsti-

92 2203 176 2240 terit
208 2216 298 2252 gens
331 2204 475 2251 Ionica,
513 2216 582 2242 nec
617 2203 743 2252 magni

92 2261 274 2298 momenti.
308 2260 384 2298 Iam
401 2260 525 2307 vides,
555 2261 742 2310 quomodo

93 2315 161 2353 sibi
188 2317 405 2355 cohaereant
430 2312 514 2356 κατ’
536 2314 631 2355 ἄλλο
658 2313 743 2367 μὲν

95 2366 212 2412 οῧδὲν
231 2377 269 2412 et
299 2368 494 2420 ἀσθενέος
528 2370 580 2412 δὲ
607 2367 745 2420 ἐόντος

95 2441 132 2467 κ.
150 2442 182 2467 τ.
215 2431 246 2468 λ.
271 2451 328 2458 -
355 2428 416 2467 Ad
443 2430 638 2467 dictionem
666 2425 744 2469 ὅτι

95 2483 232 2537 -μῆ
260 2486 407 2533 mnfil,
430 2488 494 2527 18.
514 2481 744 2538 λόγιμον

99 2552 143 2577 ex
167 2540 202 2578 h.
231 2541 254 2579 l.
293 2543 415 2580 laudat
448 2542 610 2580 Thomas
640 2542 744 2591 Mag.

97 2607 135 2646 p.
146 2596 225 2638 580
246 2598 424 2648 explicans
439 2594 642 2651 ἐλλόγιμον
653 2628 663 2648 ,
682 2595 746 2639 λό-

99 2664 172 2702 γου
193 2650 314 2700 ἄξιον.
352 2654 479 2692 Pollux
498 2656 535 2692 in
552 2656 745 2694 Onomast.

100 2706 156 2755 11,
178 2710 257 2751 122
274 2710 358 2749 citat
378 2707 492 2759 πόλις
510 2712 665 2765 λογίμη.

150 2817 192 2857 οἱ
209 2817 280 2870 μέν
300 2836 375 2862 νυν
396 2820 508 2864 ἄλλοι
523 2821 660 2871 Ἴωνες
680 2822 749 2864 καὶ

103 2873 145 2913 οἱ
156 2869 362 2926 Ἀθηναῖοι
381 2878 531 2933 ἔφυγον
560 2877 606 2920 τό
630 2877 747 2920 οὔνο-

103 2945 157 2980 μα
175 2944 210 2971 κ.
235 2946 266 2972 τ.
284 2935 342 2979 λ.]
378 2935 477 2976 Male
516 2937 554 2976 in
589 2937 746 2987 vulgatis

664 1101 983 1161 ἐβουλεύσαντο
1023 1103 1069 1148 δὲ
1107 1101 1245 1148 αὐτοῦ
1281 1111 1464 1160 μετα-15

811 1300 895 1338 olim
908 1300 1078 1338 omissum
1098 1298 1140 1339 οἷ
1148 1293 1462 1350 ἃηῒθἈθηναΐοι.

809 1357 890 1395 Nos
920 1370 1000 1394 cum
1034 1360 1183 1394 recentt.
1219 1356 1319 1393 editt.
1350 1356 1464 1393 secuti

810 1427 932 1451 sumus
951 1413 1121 1450 librorum
1139 1412 1377 1462 probatorum
1401 1425 1465 1449 au-

808 1471 1023 1508 ctoritatem.
1099 1469 1172 1506 Pro
1219 1466 1398 1519 τοῦνομα
1444 1481 1465 1506 e

810 1526 1084 1565 Schellershem.
1104 1525 1196 1563 libro
1225 1525 1372 1575 alioque
1392 1524 1466 1562 Pa-

810 1584 921 1620 risino
951 1597 1032 1621 cum
1052 1586 1200 1620 recentt.
1226 1582 1392 1620 dedimus
1418 1577 1464 1621 vo*

812 1636 978 1691 οὔνομα.
1046 1640 1243 1677 Caeterum
1279 1638 1322 1678 οἷ
1353 1634 1466 1678 ἄλλοι

799 1693 936 1742 Ἴωνες
964 1700 1070 1734 erunt
1097 1708 1224 1733 omnes
1242 1694 1373 1742 Iones,
1404 1707 1467 1732 ex-

812 1753 924 1802 ceptis
962 1753 1026 1799 iis,
1068 1752 1130 1800 qui
1160 1752 1352 1789 duodecim
1386 1751 1465 1788 illas

811 1810 918 1846 urbes
951 1808 1178 1854 incolebant,
1222 1821 1302 1845 cum
1329 1807 1467 1845 Noster

811 1878 896 1903 mox
912 1866 1044 1902 scribat
1068 1864 1112 1903 αἱ
1138 1861 1181 1904 δὲ
1200 1861 1380 1904 δυώδεκα
1396 1860 1467 1903 πό-

811 1923 891 1968 λιες
919 1916 1034 1960 affirm
1065 1936 1100 1960 κ.
1127 1937 1161 1960 τ.
1190 1923 1223 1959 λ.
1291 1922 1468 1972 Spectare

810 1978 954 2016 videtur
972 1978 1200 2028 potissimum
1218 1978 1346 2015 Ionum
1366 1977 1466 2016 colo-

810 2047 878 2071 nos
898 2034 955 2072 vel
972 2035 1119 2071 omnino
1147 2047 1230 2082 eos,
1261 2035 1323 2084 qui
1344 2034 1468 2072 Ionica

811 2091 974 2141 quamvis
1003 2094 1040 2129 et
1078 2091 1149 2142 ipsi
1172 2091 1317 2128 oriundi
1354 2092 1468 2142 stirpe

810 2147 944 2185 nonin
971 2145 1083 2185 Asiae
1112 2147 1218 2185 Ionia
1245 2160 1370 2185 verum
1388 2148 1466 2185 aliis

811 2204 961 2241 aliarum
979 2205 1171 2253 regionum
1181 2204 1269 2242 locis
1282 2205 1388 2243 sedes
1399 2217 1468 2255 po-

810 2264 968 2298 suerant.
999 2282 1056 2288 ——
1082 2260 1142 2298 Ad
1169 2261 1238 2299 loci
1272 2273 1467 2311 argumen-

811 2321 888 2354 tum
902 2318 997 2355 conf.
1006 2317 1238 2355 Plutarchum
1261 2319 1309 2356 de
1324 2318 1465 2356 Herod.

812 2373 965 2422 Malign.
1004 2387 1041 2425 p.
1071 2374 1178 2422 858,
1202 2375 1234 2412 F
1263 2375 1342 2412 coll.
1365 2373 1468 2425 Apo-

811 2430 998 2480 phthegm.
1019 2444 1057 2480 p.
1078 2430 1180 2479 174,
1196 2430 1242 2468 Ε.
1259 2431 1368 2469 —--In
1386 2443 1468 2469 ver-

812 2486 883 2524 bis:
911 2483 995 2538 ἱρὸν
1017 2483 1229 2538 ἱδρύσαντο
1246 2487 1312 2527 ἐπὶ
1330 2485 1467 2538 σφέων

814 2538 948 2582 αὐτῶν
978 2544 1093 2581 secuti
1132 2557 1252 2582 sumus
1281 2542 1486 2593 Schweig-'

813 2598 938 2637 haeus.
964 2603 1075 2649 atque
1104 2601 1375 2649 Gaisfordium‚
1404 2601 1468 2650 qui

813 2655 912 2694 libris
931 2669 1042 2693 manu
1066 2658 1207 2708 scriptis
1232 2657 1402 2695 commoti
1417 2658 1468 2695 sic

817 2712 1021 2751 ediderunt.
1077 2713 1137 2752 De
1167 2712 1232 2753 ἐπὶ
1259 2715 1334 2752 dixi
1365 2715 1413 2751 ad
1435 2713 1467 2761 I,

817 2768 900 2810 142
918 2769 984 2806 fin.
998 2790 1055 2797 ——-
1071 2770 1261 2808 Structura
1276 2771 1376 2809 verbi
1393 2783 1468 2821 με-

814 2825 1008 2864 ταδοῦναι
1024 2826 1081 2874 (in
1090 2826 1150 2864 fin.
1161 2827 1262 2878 cap.)
1282 2827 1368 2864 satis
1378 2830 1466 2863 nota

814 2893 859 2918 ex
881 2880 1014 2918 Matth.
1042 2883 1108 2920 Gr.
1136 2882 1202 2921 Gr.
1238 2881 1276 2934 ἓ.
1306 2883 1410 2931 326,
1438 2883 1466 2923 3

812 2949 899 2988 pag.
921 2937 1016 2980 634.
