1786 3315
540 263 968 304 EUTERPE.
1021 263 1068 303 11.
1344 267 1430 309 643

154 376 310 434 φεύγει
337 390 437 432 μιν·
481 374 506 418 ὁ
536 374 582 418 δὲ
611 376 810 428 τροχίλος
845 372 1073 430 εἰρηναῖόν
1115 376 1159 417 οῖ
1186 374 1296 426 ἐστὶ,
1351 373 1484 419 ἅτε45

125 454 438 513 ὃῶφελεομένῳ
467 452 580 508 πρὸς
610 452 762 497 αὐτοῦ.
793 454 922 497 ἐπεὰν
952 452 1036 510 γὰρ
1066 454 1109 505 ἐς
1136 453 1217 511 τὴν
1244 457 1327 510 γῆν
1354 452 1426 498 ἐκ-

151 539 210 593 βῇ
240 536 286 578 ἐκ
314 537 397 578 τοῦ
425 532 588 584 ὕδατος
618 531 642 576 ὁ
674 531 979 587 κροκόδειλος,
1029 534 1103 577 καὶ
1140 533 1285 577 ἔπειτα
1313 532 1425 591 χάνῃ

150 613 312 672 (ἐώθεε
339 612 424 670 γάρ
454 617 586 656 τοῦτο
618 611 677 664 ὥς
717 613 875 657 ἐπίπαν
904 613 1070 656 ποιέειν
1108 612 1220 667 πρὸς
1248 612 1327 657 τὸν
1358 613 1423 667 ζέ-

145 695 323 750 φυρον.)
375 691 571 737 ἐνθαῦτα
599 692 624 736 ὁ
654 694 852 748 τροχίλος
888 691 1088 737 ἐσδύνων
1126 693 1168 744 ἐς
1205 693 1253 737 τό
1285 692 1424 749 στόμα

147 771 308 825 αὐτοῦ,
347 774 574 816 καταπίνει
602 771 678 824 τὰς
701 772 912 828 βδέλλας·
962 770 985 816 ὁ
1017 771 1089 824 δὲ,
1119 771 1424 829 ὠφελεύμενος

21 854 87 900 69
143 852 313 910 ἥδεται,
344 853 418 896 καὶ
454 849 585 896 οὐδὲν
616 854 779 896 σίνεται
807 850 885 896 τὸν
914 854 1129 907 τροχίλον.
1187 856 1309 896 Τοῖσι
1339 849 1756 926 μὲνὸθξξῧξξξξξξξᾞο,ξηῖζ

1472 920 1526 946 alii
1577 921 1735 949 comeduut
1745 931 1755 949 a

144 931 198 990 δὴ
228 936 318 976 τῶν
347 933 598 988 Αἰγυπτίων
633 933 723 987 ἱροί
753 933 834 975 εἰσι
872 933 917 975 οἱ
954 931 1248 987 κροκόδειλοι·
1299 937 1413 976 τοῖσι
1472 952 1530 988 ipsi
1558 961 1625 981 eum
1650 955 1754 994 pham-

143 1009 185 1056 δ’
216 1010 297 1065 οὔ,
327 1010 424 1057 ἀλλ’
455 1011 531 1057 ἅτε
571 1013 809 1069 πολεμίους
848 1011 1116 1068 περιέπουσι.
1169 1013 1214 1055 οἱ
1242 1011 1288 1056 δὲ
1318 1014 1417 1068 περί
1470 992 1755 1083 ffifffiffilffifflfi

84 1243 194 1281 quam
219 1230 343 1283 lapsus
372 1237 448 1280 est,
474 1232 512 1269 in
536 1244 580 1271 eo
601 1235 741 1270 tantum

85 1301 246 1327 errorem
304 1289 528 1327 commisisse
573 1289 739 1336 videtur,

84 1346 205 1395 quod,
246 1358 327 1383 cum
353 1358 495 1384 muscas
526 1359 555 1385 s,
580 1358 740 1396 conopes

83 1403 202 1440 dicere
231 1406 442 1453 oporteret,
477 1402 610 1439 bdellas
639 1403 740 1450 dixit,

82 1470 180 1507 quae
217 1458 397 1496 hirudines
428 1459 536 1508 vulgo
573 1459 738 1496 audiunt.

83 1514 166 1552 vid.
190 1515 369 1567 Ge'offroy
390 1516 412 1553 l.
430 1515 452 1553 l.
471 1528 558 1566 pag.
581 1517 664 1557 382
685 1529 739 1565 sq.

84 1576 121 1610 et
143 1572 258 1609 Iahnii
283 1573 414 1610 annall.
437 1572 561 1624 philol.
583 1576 621 1610 et
651 1585 740 1623 pae-

83 1629 170 1677 dag.
197 1629 368 1678 (1828)
400 1629 439 1676 I,
470 1631 496 1669 3
534 1642 621 1679 pag.
643 1629 737 1671 365.

83 1683 120 1722 T
123 1685 295 1722 rochilum
316 1699 401 1723 vero
422 1686 548 1723 dicunt
565 1699 647 1723 esse
656 1685 740 1722 cka-

82 1741 244 1778 radn'um
266 1742 481 1793 Aegyptium
501 1742 576 1779 sive
592 1755 740 1793 saq-saq

83 1798 270 1847 (tak-tak)
292 1799 453 1836 Arabum
469 1798 637 1846 nomine,
666 1801 740 1836 sre-

82 1859 254 1904 quentein
270 1854 364 1892 illum
384 1856 422 1892 in
440 1855 495 1892 his
514 1855 737 1904 regionibus.

81 1909 165 1948 Vid.
199 1911 378 1962 Geoffroy
405 1912 427 1948 l.
459 1911 482 1949 l.
519 1924 606 1962 pag.
641 1911 736 1954 384.

79 1966 251 2004 Minutoli
279 1967 302 2005 l.
320 1968 342 2005 l.
370 1982 406 2020 p.
430 1970 512 2010 162
546 1982 646 2018 seq.,
676 1969 739 2018 qui

79 2024 225 2074 saepius
266 2037 307 2063 se
336 2025 430 2063 hanc
465 2037 570 2063 avem
604 2026 738 2064 vidisse

78 2080 248 2118 affirmat.

135 2187 262 2233 ἐώθεε
301 2188 376 2244 γὰρ
411 2195 529 2234 τοῦτο
556 2216 612 2223 --
639 2191 738 2247 πρὸς

78 2244 145 2288 τὸν
173 2248 368 2302 ζέφυρον]
427 2248 512 2288 Hoc
545 2264 668 2289 verum
695 2264 735 2289 se

78 2306 379 2344 animadvertisse
408 2308 537 2345 asserit
557 2308 734 2358 Ge‘offroy

78 2374 164 2412 pag.
196 2363 290 2405 385.
319 2384 376 2391 --
404 2363 656 2402 Herodoteam
686 2365 735 2403 de

78 2419 230 2456 trochilo
263 2419 507 2458 narrationem
543 2421 736 2472 descripsit

80 2475 196 2513 ferme
222 2474 358 2514 Aelian.
380 2475 468 2514 Nat.
488 2476 558 2514 An.
586 2477 657 2525 Ill,
682 2480 732 2520 11

79 2530 158 2568 coll.
178 2530 274 2580 VIII,
292 2532 357 2574 25.
386 2532 589 2572 Larcherus
609 2534 676 2572 hac
687 2535 735 2572 de

79 2599 121 2625 re
140 2587 266 2625 laudat
282 2588 372 2626 Plin.
395 2589 444 2626 H.
463 2590 513 2628 N.
536 2588 640 2638 VIII,
665 2593 734 2633 25.

79 2642 263 2682 Aristotel.
282 2644 378 2683 Hist.
392 2645 460 2683 An.
480 2646 547 2694 IX,
567 2650 592 2689 6
612 2652 649 2685 et
661 2648 736 2686 Ca-

78 2712 180 2737 mum
223 2701 270 2738 ad
317 2701 494 2741 Gallicam
528 2702 735 2743 Aristotelei

79 2755 201 2806 operis
226 2758 427 2796 versionem
451 2764 477 2797 t.
506 2759 540 2797 Il
570 2774 608 2812 p.
639 2763 733 2803 732.

80 2833 138 2839 -—
178 2811 250 2849 Pro
297 2810 420 2854 ἐώθεε
454 2815 655 2866 Schweigh.
699 2821 737 2855 et

81 2867 198 2904 Gaisf.
232 2868 351 2919 ἐ’ωθε;
403 2876 444 2908 tu
472 2874 567 2910 cons.
596 2873 633 2920 l,
669 2876 733 2914 11.

79 2923 143 2972 Ill,
155 2925 220 2966 33.
251 2926 345 2965 Cum
357 2927 488 2967 iisdem
504 2929 629 2981 scripsi
644 2944 735 2984 τρο-

811 1232 919 1283 χίλος
938 1237 975 1269 ct
991 1231 1170 1283 τροχίλον
1189 1244 1258 1282 pro
1277 1232 1374 1283 vulg.
1388 1247 1474 1287 τρο-

809 1304 832 1340 χ
845 1292 937 1335 ῖλος
955 1292 992 1326 et
1011 1303 1102 1340 τροχ
1116 1291 1222 1327 ῐλον.

1001 1373 1033 1411 C
1046 1387 1067 1411 a
1079 1387 1116 1424 p.
1147 1372 1280 1411 LXIX.

864 1461 967 1498 τοῖσι
984 1455 1055 1510 μὲν
1078 1453 1127 1508 δὴ
1139 1460 1218 1496 τῶν
1235 1456 1471 1509 Αἰγυπτίων

808 1536 864 1544 -
885 1512 1143 1568 περιέπουσι]
1182 1514 1241 1552 De
1261 1512 1469 1565 περιέπειν

809 1573 904 1610 conf.
934 1573 968 1621 I,
997 1575 1064 1614 73.
1096 1571 1151 1619 II,
1180 1570 1246 1612 64.
1285 1572 1396 1616 Quod
1421 1571 1470 1609 ad

808 1633 1084 1678 argumentum,
1131 1628 1309 1678 probatur
1345 1628 1469 1666 Hero-

809 1687 920 1723 dotea
945 1685 1106 1722 narratio
1138 1684 1291 1721 aliorum
1322 1697 1470 1734 quoque

807 1742 1026 1792 scriptorum
1054 1740 1286 1788 testimoniis,
1315 1740 1471 1778 Strabo-

807 1799 863 1835 nis
887 1799 991 1835 XVII
1010 1812 1046 1849 p.
1061 1798 1185 1845 1165,
1202 1797 1250 1835 D.
1282 1799 1404 1844 1169,
1422 1797 1467 1835 Β.

807 1855 851 1892 C.
890 1854 1032 1892 Aeliani
1058 1854 1107 1891 N.
1129 1854 1173 1891 A.
1196 1854 1254 1901 Χ,
1281 1855 1349 1901 21,
1377 1853 1467 1890 alio-

804 1924 896 1949 rum.
924 1912 1118 1962 Typhonis
1143 1910 1276 1949 animal
1297 1910 1467 1960 perhibe-

808 1969 915 2005 batur
935 1967 1138 2005 crocodilus
1169 1968 1330 2016 indeque
1356 1980 1467 2004 exosa

803 2024 924 2062 multis
955 2025 1083 2062 bestia.
1128 2023 1237 2060 Plura
1259 2023 1466 2061 Creuzerus

804 2081 842 2118 in
862 2081 1025 2130 Symbol.
1047 2080 1063 2117 I
1086 2093 1172 2130 pag.
1195 2081 1278 2121 319
1299 2092 1354 2128 sq.
1381 2081 1467 2121 323

805 2151 898 2187 seq.,
917 2138 977 2187 qui
994 2138 1092 2175 idem
1102 2137 1140 2174 in
1153 2137 1375 2174 Commentt.
1387 2135 1466 2174 He-

804 2194 910 2231 rodd.
932 2206 1016 2244 pag.
1032 2196 1085 2235 84
1108 2206 1185 2242 seq.
1214 2193 1304 2230 haec
1320 2193 1465 2243 posuit:

803 2251 908 2299 „Iam
927 2251 974 2288 de
989 2250 1251 2288 crocodilorum
1272 2249 1466 2288 sanctitate

803 2309 911 2346 etiam
930 2312 1071 2346 veteres
1092 2307 1360 2356 quaesiverunt.
1382 2306 1467 2343 Uti-

802 2364 914 2402 litatis
929 2365 1104 2402 admonet
1114 2363 1352 2414 philosophus
1364 2363 1464 2413 apud

803 2422 1020 2459 Ciceronem
1059 2421 1106 2458 de
1139 2424 1217 2457 nat.
1253 2420 1404 2457 deorum
1433 2418 1464 2467 I,

802 2480 869 2520 36.
930 2478 1024 2515 Eam
1065 2476 1248 2527 duplicem
1290 2476 1464 2526 produnt.

802 2534 901 2573 Nam
924 2533 1187 2572 crocodilorum
1210 2536 1310 2570 metu
1339 2532 1465 2569 dicunt

801 2592 1010 2642 praedones
1048 2595 1086 2629 et
1123 2602 1276 2640 rapaces
1304 2588 1464 2626 Arabiae

804 2654 841 2686 et
874 2648 1014 2697 Libyae
1056 2647 1223 2684 homines
1257 2645 1463 2696 prohiberi,

803 2705 997 2754 quominus
1052 2704 1178 2741 Nilum
1228 2705 1464 2739 transnatent

804 2761 959 2809 (Euseb.
988 2760 1031 2798 P.
1052 2761 1095 2797 E.
1116 2760 1171 2806 II,
1195 2760 1216 2799 1
1246 2771 1283 2809 p.
1307 2757 1404 2806 50);
1426 2761 1463 2795 et

804 2831 848 2856 ex
867 2818 944 2855 eius
970 2817 1112 2854 belluae
1134 2828 1282 2853 accessu
1309 2813 1464 2862 auguria

803 2874 883 2924 capi
904 2874 1112 2911 accedentis
1135 2871 1230 2918 Nili,
1261 2884 1342 2908 esse
1365 2870 1462 2907 enim

804 2930 1027 2968 crocodilum
1054 2928 1251 2977 Aegyptiis
1280 2925 1464 2964 nonnullis

1093 2983 1181 3025 41*
