1759 3324
521 251 944 291 EUTERPE.
997 253 1043 290 ΙΙ.

1321 256 1401 296 641

138 381 216 415 τας
246 363 292 407 δὲ
320 361 536 418 μεγάλους
564 361 638 403 καὶ
666 359 1000 415 χαυλιόδοντας,
1031 360 1143 404 κατὰ
1169 358 1303 416 λόγον
1322 365 1403 406 τοῦ

109 442 352 497 5σώματος.
408 442 612 496 γλῶσσαν
648 440 694 483 δὲ
732 443 904 496 μοῦνον
932 441 1104 497 θηρίων
1129 438 1212 483 οὐκ
1242 439 1401 495 ἔφυσε·

140 519 244 564 οὐδὲ
272 518 351 575 τὴν
374 517 491 562 κάτω
523 518 654 562 κινέει
683 517 877 575 γνάθον,
909 518 1016 563 ἀλλὰ
1039 519 1112 563 καὶ
1136 522 1268 563 τοῦτο
1289 522 1401 576 μοῦ-

77 704 185 742 liores
206 703 284 742 illos
301 718 383 743 esse
403 704 488 741 olim
509 704 634 742 statuit
657 705 731 742 Ca-

77 775 156 799 mus
176 762 346 811 idemque
363 775 460 799 nunc
473 761 597 798 statuit
607 761 732 799 Minu-

75 817 139 855 toli
158 817 180 854 l.
204 818 226 855 l.
248 832 334 868 pag.
355 821 434 859 160
455 818 534 855 coll.
551 818 731 868 Geoffroy

74 887 160 925 pag.
182 876 276 916 379.
325 874 387 912 Tu
408 876 478 912 vid.
502 875 730 925 potissimum

74 931 287 968 Schneider.
302 931 324 968 l.
343 931 365 968 l.
393 944 480 982 pag.
500 933 555 972 23
586 935 622 969 et
643 931 733 970 'sie-

75 988 246 1025 demann.
271 988 295 1025 l.
318 987 341 1025 l.
372 1001 459 1038 pag.
476 990 543 1029 28.

132 1039 298 1091 ὀδόντας
349 1042 391 1083 δὲ
429 1040 624 1096 μεγάλους
662 1043 731 1083 καὶ

72 1096 390 1151 χαυλιόδοντας]
452 1098 730 1152 χαυλιόδοντες

73 1162 157 1194 sunt
197 1158 314 1195 dentes
343 1160 489 1206 exserti,
537 1158 595 1195 cles
629 1159 728 1195 dents

73 1214 258 1262 εαῖίῖαηΐε,
299 1218 339 1251 ut
374 1215 485 1252 vertit
510 1214 728 1263 Larcherus,

71 1270 228 1308 Diodori
254 1272 455 1309 admonens
482 1271 518 1318 Ι,
540 1272 594 1312 35
623 1276 659 1309 et
676 1272 728 1308 Io.

70 1326 223 1365 Diacon.
256 1327 365 1365 schol.
393 1328 430 1364 in
460 1331 548 1364 scut.
574 1328 727 1366 Hesiod.

70 1397 124 1422 vs.
148 1386 254 1429 303,
284 1384 347 1433 qui
378 1384 527 1434 exponit
556 1379 727 1431 ὀδόντας

69 1436 326 1491 ἐξεστηκότος
344 1442 417 1480 τοῦ
445 1436 647 1491 στόματος.
672 1463 720 1468 —-

69 1497 112 1535 In
126 1499 206 1548 ipsa
222 1510 262 1534 re
278 1510 384 1534 nemo
398 1527 408 1545 ‚
437 1498 499 1546 qui
519 1498 629 1535 oculis
651 1499 723 1535 suis

69 1555 150 1605 ipse
165 1555 362 1604 inspexerit
381 1554 613 1602 crocodilum,
644 1555 722 1592 He-

69 1612 241 1648 rodotum
268 1611 398 1648 erroris
423 1615 564 1659 arguet.
622 1611 721 1649 Nam

71 1667 199 1705 dentes
221 1666 400 1703 crocodilo
431 1671 515 1703 sunt
538 1668 661 1716 magni
685 1671 722 1705 et

70 1723 109 1760 in
145 1722 289 1760 maxilla
331 1723 519 1773 superiore
557 1724 722 1774 plerique

69 1780 121 1817 ita
152 1779 305 1826 exserti,
334 1784 374 1816 ut
403 1780 512 1816 etiam
537 1793 601 1817 ore
621 1780 721 1817 clau-

69 1849 134 1883 so,
164 1849 245 1872 cum
268 1834 363 1872 labia
394 1848 468 1872 non
495 1837 636 1884 adsint,
666 1838 722 1873 fo-

69 1893 117 1929 ris
135 1896 342 1942 spectentur
366 1905 385 1928 e
396 1893 581 1942 superiore
592 1893 720 1930 maxil-

66 1948 103 1986 la
121 1949 292 1986 deorsum
309 1949 569 1998 prominentes.
617 1950 722 1987 Haec

67 2008 105 2043 et
122 2005 226 2054 plura
253 2004 494 2042 Schneiderus
514 2005 537 2042 l.
557 2006 580 2043 l.
612 2020 648 2056 p.
665 2005 720 2047 34

66 2061 147 2100 coll.
173 2061 416 2099 Tiedemann.
444 2075 530 2112 pag.
550 2064 604 2104 39
628 2075 719 2111 seq.‚

66 2130 139 2168 quo
178 2121 337 2166 utroque
367 2117 447 2155 loco
474 2118 579 2168 plura
609 2120 719 2156 etiam

64 2174 224 2212 invenies
242 2174 288 2212 de
306 2175 471 2212 dentium
491 2188 641 2213 numero
664 2179 719 2213 at-

64 2243 136 2281 que
152 2232 255 2269 serie.

121 2289 303 2339 γλῶσσαν
336 2284 379 2327 δὲ
411 2289 566 2339 μοῦνον
592 2288 718 2340 θηρί-

67 2358 123 2382 ων
144 2339 216 2383 ου’κ
237 2342 381 2395 ἔφυσε]
411 2358 459 2382 sc.
479 2341 718 2396 ὄκροκόδει-

65 2401 152 2448 λος,·
179 2413 246 2438 ηοη
262 2403 384 2449 genuit
396 2430 406 2449 ,
422 2415 530 2439 unum
551 2415 594 2438 ex
605 2404 715 2439 omni-

65 2456 128 2494 bus
155 2457 366 2494 animalibus
383 2487 393 2505 ,
433 2458 504 2495 sibi
533 2459 715 2507 linguam,-

65 2511 87 2549 i.
116 2524 148 2549 e.
177 2513 272 2550 haud
302 2518 444 2552 nactum
475 2518 525 2552 est
553 2515 716 2564 linguam

65 2580 172 2605 unum
212 2569 272 2606 hoc
309 2573 399 2607 inter
427 2574 543 2609 omnia
567 2572 713 2609 animal.

64 2644 122 2652 —
145 2624 220 2662 Res
246 2625 324 2676 ipsa
360 2627 465 2665 valde
495 2629 713 2679 disceptata,

64 2682 276 2731 praesertim
302 2696 380 2721 cum
403 2684 617 2722 Aristoteles
637 2685 715 2722 alii-

65 2748 138 2785 que
169 2737 357 2788 scriptores
389 2739 478 2778 haec
513 2754 559 2779 ex
591 2742 715 2779 Hero-

65 2793 154 2829 doto
174 2795 401 2844 repetierint,
430 2810 498 2834 nec
521 2798 714 2835 recentiori

64 2852 185 2885 aetate
204 2850 383 2889 defuerint
394 2881 405 2900 ,
435 2854 498 2903 qui
517 2853 712 2891 Herodoto

63 2905 374 2955 patrocinarentur
399 2909 446 2946 ab
479 2909 558 2947 aliis
590 2910 714 2948 obtre-

115 2958 324 3000 Hauonor.
355 2963 383 3002 Ι.

799 708 908 742 ctat0.
954 703 1064 742 Nunc
1083 716 1168 742 vero
1189 717 1248 743 res
1272 705 1453 756 expedita.

797 761 922 800 Habet
930 762 1056 811 utique
1069 762 1269 799 crocodilus
1279 762 1454 812 linguam,

798 822 838 855 ut
879 818 1018 867 reliqua
1055 818 1244 866 animalia,
1290 819 1357 857 sed
1384 819 1453 856 sub

800 875 964 912 maxillae
987 875 1164 912 inferioris
1192 888 1323 925 aspera
1344 875 1452 926 pelle,

800 932 904 980 quasi
928 931 1009 968 laxo
1037 931 1182 968 vinculo
1212 932 1452 982 comprehen-

799 1000 897 1035 sam,
926 988 1295 1036 sicwdelitescentem‚
1325 992 1366 1025 ut
1391 989 1453 1026 vix

796 1045 914 1095 primo
926 1045 1101 1094 adspectu
1121 1048 1343 1095 compareat,
1358 1044 1452 1082 mul-

795 1101 916 1150 tisque
954 1101 1038 1137 viris
1064 1114 1213 1150 prorsus
1243 1103 1374 1139 abesse
1395 1101 1450 1138 vi-

798 1158 954 1195 deretur.
997 1158 1095 1194 Nam
1117 1157 1281 1196 maxillae
1301 1158 1451 1196 inferio-

796 1214 846 1250 ris
875 1214 1103 1251 interstitium
1141 1218 1258 1251 totum
1293 1218 1451 1264 occupat

797 1271 948 1320 eiusque
966 1270 1120 1319 margini
1132 1270 1294 1307 interiori
1306 1274 1343 1308 et
1356 1270 1451 1320 apici

796 1331 875 1364 tota
902 1331 960 1364 est
989 1327 1120 1374 affixa,
1149 1327 1201 1364 uti
1229 1340 1293 1364 ore
1319 1330 1448 1376 aperto

795 1388 970 1433 apparet3
999 1383 1149 1432 linguae
1177 1383 1312 1421 scilicet
1342 1383 1449 1420 mini-

793 1440 903 1477 sterio
924 1440 1125 1477 crocodilus
1143 1453 1234 1489 opus
1253 1439 1448 1477 nonhabet

792 1509 861 1533 nec
881 1497 928 1533 ad
948 1509 1076 1533 vocem
1109 1509 1176 1534 nec
1205 1497 1252 1533 ad
1271 1496 1447 1546 praedam

789 1553 1081 1591 convertendam.
1129 1552 1212 1589 Vid.
1232 1553 1446 1590 Schneider.

790 1610 813 1647 l.
834 1609 856 1646 l.
888 1622 973 1660 pag.
993 1608 1047 1650 43
1068 1623 1145 1658 seq.
1205 1610 1446 1647 Tiedemann.

789 1666 812 1703 l.
830 1665 851 1702 l.
889 1678 976 1716 pag.
995 1667 1049 1706 32
1078 1679 1156 1714 seq.
1212 1666 1446 1704 Herodotum

789 1735 876 1760 vero
900 1735 1071 1760 excusare
1099 1722 1250 1769 licebit,
1291 1722 1354 1771 qui
1382 1734 1446 1759 ex·-

789 1783 929 1816 ternam
952 1779 1111 1829 speciem
1141 1779 1258 1828 magis
1287 1782 1445 1826 secutus,

789 1835 876 1872 talia
894 1848 968 1872 non
986 1836 1098 1883 vidit,
1121 1848 1216 1884 quae
1237 1834 1293 1872 vel
1308 1835 1446 1872 doctis-

792 1892 900 1928 simos
929 1896 1078 1929 nostrae
1103 1893 1231 1929 aetatis
1258 1892 1352 1928 viros
1382 1891 1445 1928 diu

787 1948 977 1995 latuerint,
1018 1961 1087 1986 nec
1119 1948 1188 1984 nisi
1227 1948 1444 1985 cadaverum

788 2005 1007 2042 sectionibus
1046 2005 1219 2041 institutis
1259 2005 1308 2040 ad
1337 2004 1443 2054 liqui-

787 2063 873 2099 dum
891 2061 1041 2110 perduci
1060 2061 1257 2111 potuerint.

845 2113 938 2156 ου’ὄὲ
954 2114 1029 2168 τήν
1054 2113 1163 2156 κάτω
1196 2113 1319 2156 κινέει
1346 2112 1442 2168 γνά-

786 2173 893 2225 θον]
923 2174 945 2211 i.
975 2187 1007 2211 e.
1036 2173 1236 2223 inferiorem
1257 2173 1444 2211 maxillam.

785 2244 853 2268 non
881 2234 1003 2267 movet.
1061 2230 1166 2268 Haec
1197 2243 1346 2279 quoque
1369 2243 1442 2278 res,

787 2289 834 2325 ab
867 2286 1064 2325 Aristotele
1090 2287 1243 2336 aliisque
1270 2286 1441 2337 repetita,

786 2345 912 2381 nostra
938 2347 1059 2382 aetate
1077 2344 1184 2383 valde
1207 2343 1364 2381 exercuit
1390 2343 1442 2379 vi-

784 2414 844 2438 ros
863 2402 1011 2448 doctos,
1030 2401 1080 2437 ita
1101 2404 1142 2436 ut
1161 2400 1220 2437 vix
1240 2400 1442 2449 composita

782 2457 826 2494 lis
864 2471 945 2495 esse
985 2456 1163 2494 videatur.
1231 2455 1293 2492 Tu
1317 2460 1442 2494 tamen

783 2514 878 2551 hanc
895 2518 1021 2551 teneas
1041 2512 1330 2563 disputationum
1343 2525 1442 2549 sum-

784 2584 902 2607 mam:
934 2570 1142 2607 inferiorem
1163 2568 1335 2606 crocodili
1361 2581 1440 2605 ma-

783 2627 924 2674 xillam,
962 2627 1033 2663 nisi
1069 2639 1220 2676 prorsus
1249 2625 1440 2662 immobilis

784 2684 852 2731 sit,
890 2688 964 2721 tam
992 2683 1146 2720 obscure
1174 2682 1333 2728 moveri,
1374 2694 1442 2719 nec

782 2740 891 2791 plane
925 2740 973 2776 ad
1013 2739 1151 2787 latera,
1190 2742 1232 2775 ut
1269 2737 1327 2774 vix
1352 2736 1442 2774 illud

782 2797 943 2847 conspici
983 2795 1110 2846 possit.
1175 2794 1259 2832 Vid.
1288 2793 1442 2831 Schnei-

782 2854 858 2890 der.
882 2853 902 2889 l.
923 2852 944 2889 l.
964 2865 1053 2902 pag.
1074 2851 1128 2892 48
1150 2863 1253 2900 seqq.
1277 2853 1313 2887 et
1332 2861 1441 2899 prae-

781 2910 886 2960 cipue
907 2908 1151 2946 Tiedemann.
1180 2907 1202 2943 l.
1223 2906 1246 2944 Ι.
1275 2918 1361 2956 pag.
1383 2906 1439 2946 36
