1759 3324
193 556 294 602 210

350 292 436 334 466

759 288 1228 331 HERODOTI

349 433 375 454 „
387 411 486 456 σας,
516 400 589 445 καὶ
619 400 738 445 ποίεε
769 399 885 452 ὅκως
914 399 1044 445 ἐπεάν
1072 399 1155 457 ἐγώ
1184 396 1288 444 τάδε
1316 399 1613 456 καταστρεψὰ.
1633 407 1677 442 10

351 512 375 533 ,,
388 496 520 538 μενος
548 479 662 524 ἔλθω
692 479 798 532 ἐκεῖ,
848 479 908 532 ὥς
944 496 1020 537 μοι
1057 478 1329 537 καταστήσῃς
1363 478 1444 523 τόν
1483 480 1621 524 παῖδα

350 592 376 613 ,,
387 559 430 611 ἐς
459 559 671 615 ἔλεγχον.“

728 562 881 614 Κῦρος
910 559 990 615 μὲν
1029 557 1195 603 δοκέων
1232 556 1429 615 Δαρεῖόν
1462 559 1507 602 οἱ
1536 557 1623 602 ἐπι-

353 635 602 695 βουλεύειν,
638 637 751 693 ἕλεγε
781 636 902 681 τάδε·
943 640 1005 696 τῷ
1035 636 1081 681 δὲ
1110 636 1134 681 ὁ
1166 639 1334 694 δαίμων
1363 638 1619 694 προέφαινε,

353 715 413 769 ὥς
443 716 574 768 αὐτὸς
599 716 677 772 μὲν
705 715 969 772 τελευτήσειν
1000 716 1136 760 αὐτοῦ
1167 716 1302 773 ταύτῃ
1321 718 1494 772 μέλλοι,
1525 716 1552 772 ἡ
1574 716 1620 759 δὲ

325 797 558 852 Ξβασιληΐη
589 792 728 838 αὐτοῦ
758 796 1010 851 περιχωρέοι
1036 794 1080 846 ἐς
1108 800 1315 848 Δαρεῖον.

351 874 405 930 δὴ
446 869 508 917 ὦν
544 874 568 919 ὁ
602 871 843 930 Ὑστάσπης
875 876 1046 938 τοῖσδε·

1377 793 1618 852 Ἀμείβεται
1633 802 1675 835 15

1104 870 1190 927 „³⁶91
1220 878 1420 932 βασιλεῦ,
1463 873 1521 930 μὴ
1553 876 1619 931 εἴη

353 949 504 1008 »ἀνὴρ
538 953 708 1009 Πέρσης
736 951 948 1010 γεγονώς,
978 952 1098 1004 ὅστις
1125 970 1194 998 τοι
1222 950 1522 1009 ἐπιβουλεύσει
1539 968 1550 979 ·
1581 953 1619 996 εὶ

353 1064 378 1084 ,,
391 1029 431 1075 δ’
465 1031 577 1085 ἔστι,
617 1029 826 1076 α’πόλοιτο
857 1028 917 1084 ὦς
945 1030 1144 1088 τάχιστα·
1194 1031 1241 1084 ὃς
1272 1029 1368 1075 ἀντὶ
1404 1031 1482 1088 μὲν
1512 1029 1618 1076 δού-

353 1143 379 1162 ,,
391 1114 501 1163 λων,
543 1110 750 1168 ἐποίησας
781 1110 1040 1168 ἐλευθέρους
1069 1109 1245 1167 Πέρσας
1273 1108 1406 1156 εἶναι·
1447 1107 1544 1154 ἀντὶ
1572 1110 1619 1155 δὲ

356 1303 424 1344 καὶ
449 1304 559 1346 ποίεε
584 1301 686 1354 ’ὅκως
714 1328 770 1336 —
801 1301 856 1354 ὥς
882 1320 951 1358 μοι

298 1358 546 1417 καταστήσῃς
569 1377 604 1402 κ.
635 1378 667 1402 τ.
684 1362 733 1414 λ.]
764 1358 866 1410 ὅκως
893 1363 951 1401 hic

298 1423 355 1456 est
379 1419 565 1469 quomodo,
597 1433 663 1470 quo
686 1423 816 1470 pacto,
844 1432 952 1470 repe-

297 1475 403 1512 titum
421 1475 505 1513 dein
517 1505 528 1523 ‚
551 1481 702 1527 propter
719 1475 823 1527 plura
842 1488 951 1513 voca-

298 1531 384 1568 bula
402 1532 608 1580 interiecta,
636 1533 673 1569 in
691 1532 867 1584 particula
886 1530 952 1580 ὥς,

301 1587 400 1624 cuius
421 1588 550 1626 eadem
574 1589 676 1626 notio
702 1601 743 1627 ac
763 1593 953 1627 structura.

301 1643 410 1682 Conf.
428 1644 561 1682 Matth.
583 1645 606 1683 l.
628 1645 650 1683 l.
667 1658 754 1697 pag.
776 1647 897 1687 1037.

492 1728 524 1766 C
543 1741 565 1766 a
578 1742 615 1780 p.
657 1727 773 1766 CCX.

356 1806 517 1853 αυτοῦ
542 1807 702 1868 ταύτῃ
727 1810 874 1865 μέλλοι]
890 1812 948 1851 Cf.

299 1868 467 1935 supraI,
491 1871 571 1911 189
599 1870 661 1907 fin.

355 1919 559 1977 οἷμείβεται
586 1923 634 1976 δη
664 1919 721 1965 ὠν
752 1923 777 1966 o‘
804 1921 948 1965 ’Υστά-

300 1991 417 2037 σπης
427 1982 580 2028 τοῖσδε]
620 1982 762 2032 Vulgo:
794 1978 948 2034 ἀμείβε-

298 2051 361 2075 ται
384 2038 440 2076 ὠν
461 2034 510 2088 δη
531 2036 555 2076 ό
570 2034 789 2088 Τστάσπης
805 2043 947 2078 τοιοῖσ-

299 2092 363 2140 62,-
392 2094 493 2142 quod
520 2094 730 2142 reliquimus
760 2094 946 2143 Schweig-

298 2147 512 2186 haeuserum
539 2150 674 2197 secuti,
708 2151 768 2199 qui
799 2163 820 2187 e
846 2150 946 2188 libris

297 2203 348 2239 ita
371 2205 503 2252 edidit,
540 2206 708 2254 beneque
736 2210 861 2244 monet
895 2203 946 2257 δη

299 2274 356 2298 ων
377 2260 556 2297 aNostro
583 2262 703 2310 potius
735 2262 805 2299 dici
837 2275 947 2312 quam

297 2309 659 2366 03116233utL58
679 2318 745 2359 59
765 2318 831 2360 75
869 2319 948 2356 Ad-

296 2372 438 2408 dubitat
454 2376 577 2410 tamen
588 2386 717 2411 censor
733 2374 769 2411 in
780 2374 944 2412 Ienenss.

295 2426 555 2478 Ephemeridd.
599 2431 706 2471 1817
732 2443 831 2468 num.
864 2433 943 2473 163

296 2496 333 2534 p.
351 2485 434 2526 362
451 2484 550 2522 locos
574 2485 770 2534 colligens,
799 2487 862 2524 ubi
885 2481 943 2526 ὦν

293 2537 346 2590 δή
383 2540 581 2591 reperitur,
610 2546 650 2578 ut
679 2542 716 2589 I,
746 2542 811 2584 84.
847 2543 940 2585 115·

293 2594 385 2637 174.
408 2598 488 2637 180
513 2601 580 2635 etc.
637 2597 669 2634 E
697 2598 942 2637 Schellershe-

289 2651 411 2689 miano
429 2652 658 2690 Gaisfordius
678 2659 762 2704 post
783 2651 937 2707 α’μείβε-

289 2722 354 2746 ται
384 2708 538 2745 inseruit
568 2709 620 2748 οἱ
634 2726 647 2758 ,·
685 2711 784 2760 quod
814 2716 936 2750 tamen

291 2764 377 2801 ferri
401 2778 512 2815 posse
538 2771 651 2814 negat
682 2767 856 2816 Apetzius
886 2769 935 2806 ad

289 2819 325 2857 h.
338 2819 361 2856 l.
381 2821 558 2858 adnotans
570 2822 680 2859 verbo
699 2818 935 2874 ἀμείβεσθαι

287 2875 344 2913 vel
362 2877 601 2914 accusativum
624 2882 661 2915 et
688 2891 869 2928 personae
897 2884 935 2918 et

284 2931 358 2980 rei,
396 2932 451 2972 vel
487 2934 724 2972 accusativum
755 2949 936 2987 personae

1020 1311 1056 1346 et
1073 1308 1232 1346 dativum
1241 1305 1294 1344 rei
1305 1305 1467 1356 adiungi.
1475 1328 1531 1334 —
1540 1320 1561 1344 τ
1572 1320 1592 1345 ο
1607 1307 1672 1345 ἴσ-

1020 1364 1043 1404 δ
1057 1378 1074 1404 ε
1102 1365 1228 1401 itidem
1254 1363 1335 1400 libri
1357 1362 1522 1414 plerique
1544 1363 1674 1401 iidem-

1019 1433 1091 1472 que
1107 1419 1245 1472 optimi.

1076 1475 1265 1528 ἐποίησας
1291 1472 1527 1527 ἐλευθέρους
1566 1472 1671 1527 Πέρ-

1021 1543 1094 1580 σας
1117 1529 1244 1583 εἶναι]
1285 1532 1345 1570 De
1360 1532 1536 1569 infinitivo
1555 1527 1672 1580 εἶναι,

1021 1591 1083 1639 qui
1103 1591 1289 1628 abundare
1318 1589 1502 1636 videatur,
1531 1588 1671 1626 consul.

1019 1646 1152 1684 Matth.
1174 1646 1241 1683 Gr.
1264 1646 1330 1682 Gr.
1352 1658 1390 1696 p.
1415 1646 1510 1686 768.
1559 1645 1673 1688 Quod

1023 1703 1185 1752 sequitur
1237 1698 1326 1740 ἀντὶ
1374 1697 1417 1740 δὲ
1466 1696 1671 1752 ἄρχεσθαι,

1024 1759 1160 1796 omisso
1182 1757 1353 1805 articulo,
1382 1757 1433 1794 ita
1460 1761 1501 1794 ut
1518 1757 1671 1808 simplex

1018 1815 1213 1852 infinitivus
1242 1813 1551 1865 praepositionem
1576 1814 1671 1852 exci-

1017 1871 1114 1922 piat,
1151 1871 1210 1907 vix
1251 1871 1441 1908 ferendum
1478 1870 1671 1907 videbatur

1016 1928 1101 1964 viris
1119 1926 1246 1964 doctis.
1303 1925 1431 1974 Itaque
1451 1925 1668 1964 Schaeferus

1015 1984 1082 2032 (ad
1100 1983 1257 2031 Gregor.
1279 1981 1444 2019 Corinth.
1462 1995 1498 2032 p.
1516 1982 1570 2023 39
1587 1982 1668 2020 coll.

1012 2039 1150 2089 Appar.
1168 2038 1407 2076 Demosthen.
1423 2041 1450 2075 t.
1470 2037 1505 2074 Π
1514 2051 1550 2088 p.
1563 2038 1666 2087 564)

1015 2095 1120 2132 scribi
1139 2094 1283 2132 maluit:
1315 2089 1403 2133 α’ντὶ
1427 2090 1470 2132 δέ
1488 2095 1577 2134 τοῦ
1597 2091 1666 2144 ἅρ-
1757 2091 1759 2139 l

1013 2155 1177 2202 χεσθαι,
1210 2150 1310 2200 quod
1351 2150 1470 2187 invitis
1500 2151 1664 2200 quamvis
1755 2173 1758 2199 1

1014 2208 1178 2244 omnibus
1196 2206 1377 2244 codicibus
1389 2234 1400 2253 ,
1411 2211 1558 2257 praeter
1573 2207 1664 2245 alios
1756 2210 1757 2214 ’

1014 2263 1194 2301 Matthiae
1223 2275 1368 2312 quoque
1393 2275 1489 2300 nunc
1518 2263 1664 2314 placere

1011 2320 1130 2357 video.
1187 2319 1290 2356 Idem
1314 2323 1437 2356 tamen
1458 2321 1665 2358 conferatur

1012 2388 1160 2425 quoque
1180 2375 1218 2412 in
1236 2375 1399 2412 Gramm.
1419 2375 1529 2426 Gr.p.
1542 2376 1664 2418 1065.

1012 2431 1093 2470 Nec
1127 2431 1332 2481 Schweigh.
1360 2432 1498 2483 recepit
1530 2433 1664 2470 articu-

1009 2487 1105 2535 lum,
1138 2500 1353 2538 comparans
1382 2487 1454 2535 VI,
1481 2489 1548 2530 32.
1581 2488 1665 2538 VII,

1011 2547 1092 2586 170
1120 2543 1207 2593 ibiq.
1237 2556 1314 2581 var.
1347 2543 1492 2581 lection.
1528 2565 1584 2572 —
1618 2544 1662 2583 In

1006 2613 1111 2650 seqq.
1148 2596 1403 2651 ἀπαγγέλλει
1431 2600 1529 2651 (pro
1559 2600 1660 2650 vulg.

1003 2651 1257 2708 ἐπαγγέλλοι)
1269 2655 1367 2693 libris
1385 2656 1591 2694 iubentibus
1602 2671 1662 2696 re-

1001 2713 1176 2750 stitutum.
1209 2732 1268 2740 -—·
1303 2712 1347 2749 In
1380 2712 1535 2750 formula
1563 2725 1660 2752 nunc

1001 2770 1088 2806 satis
1108 2773 1214 2806 nota:
1245 2769 1419 2832 χρῆσθαι
1437 2764 1549 2824 αὐτῷ
1563 2771 1655 2809 τοῦ-

1001 2839 1068 2874 το,
1103 2822 1126 2865 ὅ
1156 2839 1193 2863 τι
1223 2819 1387 2875 βούλεαι
1421 2809 1528 2862 nihil
1547 2825 1657 2875 quid-

999 2894 1111 2931 quam
1133 2881 1356 2919 mutandum.
1399 2880 1510 2919 Conf.
1541 2882 1654 2920 modo

1000 2937 1130 2976 matth.
1157 2951 1198 2989 p.
1215 2936 1309 2980 749.
