1759 3324
352 275 437 315 534

743 266 1210 309 HERODOTI

354 381 457 434 „nai
485 380 804 436 Ἐλεφαντίνης*
848 377 1071 434 οὐνόματα
1101 377 1146 420 δὲ
1187 374 1298 418 εἶναι
1334 377 1446 417 τοῖσι
1476 387 1602 427 ουρε-
1614 377 1659 413 25

299 623 396 657 nem,
424 609 656 654 Strabonem,
684 605 946 650 Ptolemaeum,

299 670 468 705 accurate
485 665 572 713 egit,
600 665 771 699 monente
787 660 816 697 C
823 672 852 697 r.
863 689 875 707 ‚
890 660 947 696 Io-

299 722 414 761 mard.
436 721 473 756 in
484 719 667 767 Descript.
685 717 732 753 de
745 715 949 763 1’Eg.v01.1

301 791 380 827 cap.
401 779 427 817 2
448 789 485 825 p.
505 779 525 816 1
549 786 651 823 seqq.
673 775 699 812 7
722 784 825 820 seqq.
855 771 949 818 (Re-

301 832 394 871 cueil
413 836 480 869 etc.
500 845 536 880 p.
558 832 579 869 1
601 841 702 877 seqq.
721 841 756 877 p.
771 828 951 875 Sseqq.);

300 889 364 926 ubi
380 888 484 937 plura
501 888 547 923 de
564 884 722 933 reliquiis
740 883 871 920 veteris
892 895 952 918 ur—

300 944 368 982 bis.
402 942 465 979 Tu
483 942 566 978 add.
579 938 950 989 Champoll.l’Egypt.

301 1012 387 1037 sous
405 998 428 1035 l.
448 998 549 1048 phar.
567 996 632 1047 Ip.
647 999 724 1037 161
747 1007 849 1044 seqq.
869 995 952 1031 Rit-

300 1059 369 1094 ter.
386 1054 578 1091 Erdkund.
598 1053 615 1089 Ι
635 1065 671 1102 p.
692 1054 772 1093 693
791 1064 894 1100 seqq.

361 1110 513 1148 Thebais
533 1114 571 1146 et
588 1109 645 1145 hic
665 1112 704 1145 et
727 1108 782 1155 ΙΙ,
800 1110 854 1148 92
876 1118 951 1143 non

302 1168 350 1204 de
368 1180 477 1204 nomo
497 1165 706 1211 Thebaico,
737 1164 800 1213 qni
821 1163 951 1200 dicitur

302 1223 348 1270 Il,
367 1223 441 1269 42,
457 1223 522 1260 sed
535 1221 669 1270 deipsa
678 1220 837 1270 AegHJfi
845 1224 950 1269 parte

303 1280 486 1330 superiore
505 1278 739 1326 intelligenda
756 1280 821 1315 est.
842 1275 950 1312 Conf-

303 1336 349 1384 Il,
368 1336 418 1377 15
435 1336 521 1384 ibiq.
542 1338 620 1371 not.

359 1390 424 1430 καὶ
445 1386 744 1440 Ἐλεφαντίνης]
782 1387 841 1425 De
869 1386 953 1424 Ele-

303 1448 479 1499 phantine
504 1447 576 1485 vid.
607 1450 699 1483 nott.
731 1445 778 1482 ad
806 1444 858 1491 II,
889 1445 952 1483 17.

304 1505 381 1542 Sed
403 1517 497 1553 quae
525 1503 596 1540 hoc
623 1504 702 1552 ipso
723 1501 801 1538 loco
819 1512 955 1537 memo-

303 1564 440 1607 rantur,
469 1573 513 1597 ea
534 1571 606 1595 non
618 1559 666 1596 ad
675 1557 955 1607 Elephantinen,

303 1628 427 1654 verum
447 1616 496 1653 ad
521 1614 647 1652 Philas
666 1614 794 1662 (cuius
815 1612 956 1649 insulae

304 1672 404 1709 nulla
427 1671 638 1720 caeteroqui
664 1670 764 1719 apud
786 1668 957 1705 Herodo-

304 1732 381 1765 tum
411 1728 575 1775 mentio)
613 1727 796 1777 pertinere
827 1724 957 1761 statuit

303 1784 460 1821 Iomard.
481 1785 518 1820 in
536 1784 715 1832 Descript.
737 1783 784 1818 de
798 1781 956 1830 l’Egypt.

303 1839 454 1889 Antiqq.
492 1840 562 1877 vol.
591 1840 608 1877 I
638 1852 717 1888 cap.
747 1841 772 1877 2
811 1841 899 1874 sect.
930 1839 957 1877 2

304 1909 391 1947 pag.
412 1897 474 1936 18.
499 1898 549 1936 19
571 1894 649 1932 coll.
677 1908 732 1944 cp.
753 1895 780 1934 3
801 1907 838 1942 p.
860 1896 894 1932 1.
917 1894 955 1932 2.

308 1954 360 1992 18
379 1964 456 2000 seq.
487 1951 655 1999 (Recueil
676 1951 693 1986 Ι
712 1962 796 1999 pag.
813 1952 864 1989 36
879 1960 956 1996 seq.

306 2009 361 2048 88
382 2007 505 2055 seqq.)
523 2008 715 2057 ipsumque
734 2005 837 2041 istius
857 2005 957 2040 insu-

306 2062 365 2099 lae
401 2075 534 2099 nomen
561 2064 631 2099 huc
658 2062 790 2105 refert,
830 2061 858 2096 si
875 2060 957 2108 qui-

308 2118 412 2164 dem,
451 2122 494 2154 ut
525 2118 665 2154 dudum
691 2116 856 2152 voluerat
882 2115 957 2151 Bo-

309 2173 468 2220 chartus,
487 2173 602 2211 Φίλαι
627 2173 814 2209 descendit
831 2184 853 2207 a
867 2183 957 2208 voce

311 2229 406 2275 Φίλ,
447 2230 589 2266 adiecta
616 2228 759 2264 Graeca
785 2228 956 2264 termina-

307 2286 426 2331 tione,
457 2285 529 2333 qua
548 2298 637 2321 voce
654 2284 849 2332 Aethiopes
880 2283 956 2320 alii-

308 2353 381 2390 que
400 2341 509 2377 Asiae
525 2340 648 2391 populi
675 2339 882 2388 elephantem
903 2340 955 2375 si-

309 2397 500 2446 gnificent,
538 2398 575 2432 in
603 2409 684 2433 eum
715 2397 808 2433 enim
837 2395 955 2432 locum

309 2453 499 2490 advectum
522 2466 603 2490 esse
626 2456 731 2488 notat
753 2465 773 2489 e
793 2453 955 2501 superio-

307 2509 405 2545 ribus
437 2509 643 2557 regionibus
673 2507 815 2545 Africae
845 2509 954 2554 ebur3

310 2577 405 2613 quae
418 2577 477 2602 res
494 2565 569 2601 eius
586 2564 739 2600 nominis
753 2577 859 2601 causa
875 2565 954 2601 fue-

308 2621 366 2657 rit.
405 2621 508 2658 Haec
529 2624 568 2657 et
587 2620 656 2657 alia
674 2620 784 2656 multa
805 2621 859 2666 (in
874 2621 953 2669 qui-

309 2677 378 2714 bus
397 2680 438 2713 tu
454 2676 645 2726 praecipue
665 2677 758 2712 conf.
779 2676 894 2724 Zoeg.
907 2676 954 2714 de

311 2732 629 2782 Obeliscc.p.286
651 2736 724 2768 not.
749 2736 786 2769 et
797 2732 953 2769 Coraem

311 2789 361 2827 ad
379 2788 565 2826 Heliodor.
577 2787 743 2837 Aethiop.
759 2788 792 2823 ΙΙ
804 2800 838 2836 p.
852 2788 953 2835 256)

311 2846 347 2881 in
358 2845 513 2882 medium
524 2843 669 2894 protulit
681 2844 710 2880 C
715 2856 809 2881 reuz.
823 2843 955 2890 (Com-

312 2905 437 2938 mentt.
457 2901 621 2938 Herodd.
636 2913 721 2950 pag.
741 2900 818 2941 175
839 2902 955 2949 seq),

294 3071 314 3081 r

1015 606 1104 643 haec
1115 605 1285 642 adiiciens
1298 617 1305 640 :
1328 603 1476 650 „Quam
1485 601 1664 638 rationem

1016 662 1046 697 si
1087 660 1334 710 amplectaris:
1391 659 1486 696 duae
1532 658 1666 695 fuerint

1016 716 1280 766 Elephantinae
1297 715 1448 761 insulae,
1464 714 1576 751 altera
1595 725 1665 762 po-

1016 776 1096 808 stea
1113 772 1163 808 sic
1181 783 1328 820 quoque
1347 769 1541 820 appellata,
1553 769 1667 806 altera

1016 827 1152 864 Philae.
1192 828 1245 862 Ac
1273 839 1402 875 reapse
1432 838 1528 874 quae
1546 826 1666 862 Hero-

1018 883 1126 919 dotus
1150 882 1205 927 II,
1223 883 1277 922 28
1305 883 1352 918 de
1371 882 1513 918 duobus
1531 881 1666 917 monti-

1018 939 1087 976 bus
1125 939 1273 988 Syenen
1308 938 1402 973 inter
1438 941 1551 986 atque
1583 936 1668 973 Ele-

1018 995 1216 1045 phantinen
1237 993 1350 1031 refert
1371 993 1409 1029 in
1424 992 1503 1029 loco
1522 993 1569 1030 de
1586 993 1668 1029 fon-

1019 1052 1118 1088 tibus
1142 1050 1235 1097 Nili,
1265 1062 1310 1087 ea
1339 1050 1385 1086 ad
1406 1048 1526 1086 Philas
1554 1049 1668 1099 perti-

1018 1120 1106 1145 nere
1125 1108 1319 1143 arbitratur
1327 1105 1527 1142 lomardus.
1557 1105 1670 1148 Quod

1017 1164 1147 1201 mirum
1167 1164 1212 1199 sit
1231 1163 1268 1199 in
1286 1163 1455 1199 historico
1471 1165 1548 1199 tam
1563 1174 1670 1198 accu-

1018 1224 1098 1257 rato
1127 1223 1163 1256 et
1188 1219 1250 1268 qui
1287 1219 1424 1255 ibidem
1457 1218 1670 1268 profiteatur

1019 1277 1094 1326 (cp.
1115 1276 1210 1323 29),
1240 1288 1279 1312 se
1295 1275 1413 1324 ipsum
1432 1278 1670 1324 spectatorem

1018 1332 1226 1384 pervenisse
1246 1331 1510 1380 Elephantinen
1538 1342 1670 1379 usque,

1021 1390 1157 1438 quique
1180 1400 1275 1436 quae
1293 1387 1386 1423 ultra
1414 1388 1484 1424 sita
1503 1390 1589 1423 sunt
1607 1399 1672 1422 au-

1021 1446 1118 1491 dita,
1157 1445 1245 1481 satis
1274 1447 1444 1481 accurate
1475 1443 1668 1480 describat.

1022 1501 1183 1548 Contra,
1224 1500 1253 1536 si
1278 1512 1388 1536 unam
1415 1498 1670 1536 tantummodo

1021 1560 1172 1594 noverat
1221 1555 1488 1605 Elephantinen
1554 1555 1670 1592 histo-

1022 1614 1098 1650 riae
1126 1615 1255 1661 pater:
1286 1612 1540 1649 celeberrimae
1570 1611 1673 1648 insu-

1022 1669 1079 1706 lae
1106 1668 1290 1705 Philarum
1313 1668 1352 1704 in
1374 1668 1451 1705 eius
1477 1667 1576 1705 libris
1603 1678 1672 1704 nec

1023 1724 1107 1762 vola
1152 1737 1220 1761 nec
1269 1724 1462 1772 vestigium
1506 1726 1671 1774 apparet.

1022 1781 1193 1830 Utraque
1231 1784 1355 1817 tamen
1388 1793 1446 1817 res
1483 1779 1673 1817 commode

1025 1837 1194 1887 explicari
1221 1840 1357 1885 potest.
1413 1835 1549 1884 Neque
1579 1836 1674 1872 enim

1023 1894 1140 1940 magis
1197 1891 1406 1941 Tentyrae,
1463 1891 1675 1940 Latopolis,
1710 1928 1715 1935 ι,

1025 1950 1136 1986 Ombi
1164 1947 1386 1995 aliarumque
1411 1947 1585 1984 nobilium
1612 1960 1675 1983 ur·-

1022 2005 1122 2041 bium
1133 2003 1281 2052 templa,
1308 2003 1444 2052 palatia
1462 2003 1674 2052 reliquaque
1748 2019 1749 2030 ¹

1022 2064 1259 2097 monumenta
1279 2063 1468 2096 memorat.
1510 2059 1674 2095 Strictim
1746 2074 1748 2113 ξ

1021 2116 1274 2152 tantummodo
1321 2116 1436 2165 carpit
1480 2115 1673 2165 superioris
1746 2162 1747 2167 Ἰ

1022 2171 1181 2220 Aegypti
1201 2171 1382 2219 reliquias.
1412 2171 1592 2208 Videlicet
1605 2171 1674 2208 hac

1023 2228 1153 2264 caussa
1172 2228 1325 2275 ductus,
1359 2228 1458 2277 quod
1479 2231 1563 2265 ante
1591 2240 1673 2265 eum
1744 2226 1745 2230 ’

1021 2283 1229 2320 Hecataeus
1248 2282 1410 2322 Milesius
1431 2296 1492 2321 eas
1510 2296 1592 2320 oras
1611 2296 1674 2320 ea-

1021 2352 1173 2388 rumque
1194 2341 1439 2377 memorabilia
1467 2339 1671 2376 accuratius

1022 2400 1100 2433 erat
1117 2400 1329 2445 persecutus
1349 2396 1413 2444 (cf.
1429 2396 1558 2444 fragm.
1570 2408 1606 2444 p.
1618 2396 1670 2435 21
1741 2435 1743 2451 μ

1023 2465 1124 2500 seqq.
1148 2456 1185 2488 et
1202 2456 1276 2488 not.
1305 2453 1354 2490 ad
1380 2452 1519 2489 Herod.
1544 2451 1598 2497 Il,
1619 2449 1672 2491 15
1740 2487 1742 2493 ,

1021 2508 1104 2555 fin.)
1129 2507 1261 2556 Neque
1276 2509 1384 2556 igitur
1395 2508 1602 2544 doctissimo
1613 2507 1672 2543 Io-
1739 2536 1741 2551 2

1021 2564 1148 2600 mardo
1168 2566 1359 2609 assentiar,
1389 2564 1452 2612 qui
1464 2564 1551 2600 illud
1565 2563 1672 2600 silen-

1020 2620 1110 2656 tium
1130 2619 1215 2656 inde
1237 2620 1401 2670 explicat,
1431 2620 1532 2668 quod
1542 2619 1592 2656 nil
1604 2618 1672 2655 nisi
1738 2650 1739 2662 ,

1021 2676 1119 2725 ipsas
1145 2675 1294 2713 Thebas
1330 2676 1367 2712 in
1390 2676 1583 2713 Thebaide
1611 2687 1671 2712 co-
1736 2702 1738 2731 ἰ

1021 2732 1186 2780 gnoverit
1215 2731 1427 2769 Herodotus
1467 2731 1670 2780 (Descript.
1699 2766 1705 2775 ,

1021 2788 1069 2824 de
1097 2787 1197 2835 l’Eg.
1221 2786 1236 2822 Ι
1261 2801 1315 2837 cp.
1336 2787 1361 2829 5
1388 2801 1423 2836 p.
1445 2787 1537 2835 3).“
1566 2787 1671 2823 Haec
1734 2819 1736 2836 ἱ

1019 2844 1091 2890 ille,
1119 2843 1270 2893 plurima
1289 2844 1336 2881 de
1355 2843 1539 2892 Philarum
1556 2842 1672 2879 insula

1023 2900 1172 2949 eiusque
1203 2901 1312 2936 sacris
1333 2900 1544 2949 disputans,
1574 2910 1670 2947 quae
