<?xml version="1.0" encoding="UTF-8"?>
<!DOCTYPE html PUBLIC "-//W3C//DTD XHTML 1.0 Transitional//EN"
    "http://www.w3.org/TR/xhtml1/DTD/xhtml1-transitional.dtd">
<html xmlns="http://www.w3.org/1999/xhtml" xml:lang="en" lang="en">
 <head>
  <title>
</title>
<meta http-equiv="Content-Type" content="text/html;charset=utf-8" />
  <meta name='ocr-system' content='tesseract 3.04.00' />
  <meta name='ocr-capabilities' content='ocr_page ocr_carea ocr_par ocr_line ocrx_word'/>
</head>
<body>
  <div class='ocr_page' id='page_1' title='image "./musaeher01hero/musaeher01hero_0815.png"; bbox 0 0 1759 3324; ppageno 0'>
   <div class='ocr_carea' id='block_1_1' title="bbox 509 255 1030 297">
    <p class='ocr_par' dir='ltr' id='par_1_1' title="bbox 509 255 1030 297">
     <span class='ocr_line' id='line_1_1' title="bbox 509 255 1030 297; baseline -0.008 0"><span class='ocrx_word' id='word_1_1' title='bbox 509 255 934 297; x_wconf 86' lang='lat' dir='ltr'><strong>EUTERPE.</strong></span> <span class='ocrx_word' id='word_1_2' title='bbox 984 256 1030 294; x_wconf 93' lang='grc' dir='ltr'>ΙΙ.</span> 
     </span>
    </p>
   </div>
   <div class='ocr_carea' id='block_1_2' title="bbox 129 363 1528 504">
    <p class='ocr_par' dir='ltr' id='par_1_2' title="bbox 129 363 1528 504">
     <span class='ocr_line' id='line_1_2' title="bbox 129 363 927 423; baseline -0.008 -10"><span class='ocrx_word' id='word_1_3' title='bbox 129 368 352 413; x_wconf 77' lang='grc' dir='ltr'><strong><em>ταλάντων</em></strong></span> <span class='ocrx_word' id='word_1_4' title='bbox 386 365 573 423; x_wconf 75' lang='grc' dir='ltr'><em>χιλιάδες</em></span> <span class='ocrx_word' id='word_1_5' title='bbox 611 363 927 421; x_wconf 81' lang='grc' dir='ltr'><em>ἀναρίθμητοι,</em></span> 
     </span>
     <span class='ocr_line' id='line_1_3' title="bbox 129 441 1528 504; baseline -0.005 -12"><span class='ocrx_word' id='word_1_6' title='bbox 129 446 464 504; x_wconf 79' lang='grc' dir='ltr'><em>ἀναισίμωνται·</em></span> <span class='ocrx_word' id='word_1_7' title='bbox 507 443 618 498; x_wconf 81' lang='grc' dir='ltr'><strong><em>πρὸς</em></strong></span> <span class='ocrx_word' id='word_1_8' title='bbox 647 443 715 496; x_wconf 79' lang='grc' dir='ltr'>δὲ,</span> <span class='ocrx_word' id='word_1_9' title='bbox 747 442 814 487; x_wconf 80' lang='grc' dir='ltr'>ὅτι</span> <span class='ocrx_word' id='word_1_10' title='bbox 843 442 953 487; x_wconf 83' lang='grc' dir='ltr'><em>κατὰ</em></span> <span class='ocrx_word' id='word_1_11' title='bbox 974 442 1157 499; x_wconf 81' lang='grc' dir='ltr'><em>’Ἀμασιν</em></span> <span class='ocrx_word' id='word_1_12' title='bbox 1186 441 1388 498; x_wconf 82' lang='grc' dir='ltr'><em>βασιλεύ-</em></span> <span class='ocrx_word' id='word_1_13' title='bbox 1449 447 1528 486; x_wconf 85' lang='grc'>168</span> 
     </span>
    </p>
   </div>
   <div class='ocr_carea' id='block_1_3' title="bbox 1308 257 1392 297">
    <p class='ocr_par' dir='ltr' id='par_1_3' title="bbox 1308 257 1392 297">
     <span class='ocr_line' id='line_1_4' title="bbox 1308 257 1392 297; baseline 0 -1"><span class='ocrx_word' id='word_1_14' title='bbox 1308 257 1392 297; x_wconf 74' lang='lat'>793</span> 
     </span>
    </p>
   </div>
   <div class='ocr_carea' id='block_1_4' title="bbox 988 362 1391 420">
    <p class='ocr_par' dir='ltr' id='par_1_4' title="bbox 988 362 1391 420">
     <span class='ocr_line' id='line_1_5' title="bbox 988 362 1391 420; baseline -0.002 -13"><span class='ocrx_word' id='word_1_15' title='bbox 988 363 1046 414; x_wconf 78' lang='grc' dir='ltr'>ὠς</span> <span class='ocrx_word' id='word_1_16' title='bbox 1088 362 1202 420; x_wconf 80' lang='grc' dir='ltr'><em>λόγῳ</em></span> <span class='ocrx_word' id='word_1_17' title='bbox 1243 364 1391 416; x_wconf 83' lang='grc' dir='ltr'><em>εἰπεῖν,</em></span> 
     </span>
    </p>
   </div>
   <div class='ocr_carea' id='block_1_5' title="bbox 129 519 1447 582">
    <p class='ocr_par' dir='ltr' id='par_1_5' title="bbox 129 519 1447 582">
     <span class='ocr_line' id='line_1_6' title="bbox 129 519 1447 582; baseline -0.006 -11"><span class='ocrx_word' id='word_1_18' title='bbox 129 544 234 571; x_wconf 83' lang='grc' dir='ltr'><em>οντα</em></span> <span class='ocrx_word' id='word_1_19' title='bbox 262 521 317 582; x_wconf 77' lang='grc' dir='ltr'>ἦν</span> <span class='ocrx_word' id='word_1_20' title='bbox 351 522 601 579; x_wconf 73' lang='grc' dir='ltr'><em>ἀκμάζουσα</em></span> <span class='ocrx_word' id='word_1_21' title='bbox 639 521 869 576; x_wconf 77' lang='grc' dir='ltr'><em>Ῥοδῶπις,</em></span> <span class='ocrx_word' id='word_1_22' title='bbox 909 520 1005 566; x_wconf 81' lang='grc' dir='ltr'><em>ἀλλ’</em></span> <span class='ocrx_word' id='word_1_23' title='bbox 1038 519 1092 566; x_wconf 82' lang='grc' dir='ltr'>οὐ</span> <span class='ocrx_word' id='word_1_24' title='bbox 1134 522 1245 567; x_wconf 79' lang='grc' dir='ltr'><em>κατὰ</em></span> <span class='ocrx_word' id='word_1_25' title='bbox 1287 526 1447 566; x_wconf 85' lang='grc' dir='ltr'><em>τοῦ-50</em></span> 
     </span>
    </p>
   </div>
   <div class='ocr_carea' id='block_1_6' title="bbox 73 646 344 654">
    <p class='ocr_par' dir='ltr' id='par_1_6' title="bbox 73 646 344 654">
     <span class='ocr_line' id='line_1_7' title="bbox 73 646 344 654; baseline 0 2670"><span class='ocrx_word' id='word_1_26' title='bbox 73 646 344 654; x_wconf 95' lang='lat' dir='ltr'> </span> 
     </span>
    </p>
   </div>
   <div class='ocr_carea' id='block_1_7' title="bbox 40 704 723 1269">
    <p class='ocr_par' dir='ltr' id='par_1_7' title="bbox 40 704 723 1269">
     <span class='ocr_line' id='line_1_8' title="bbox 67 704 720 760; baseline -0.003 -10"><span class='ocrx_word' id='word_1_27' title='bbox 67 716 194 750; x_wconf 80' lang='grc' dir='ltr'><em>θεσαν</em></span> <span class='ocrx_word' id='word_1_28' title='bbox 235 705 490 760; x_wconf 71' lang='grc' dir='ltr'><em>ποιήσασθαι</em></span> <span class='ocrx_word' id='word_1_29' title='bbox 514 704 720 760; x_wconf 79' lang='grc' dir='ltr'><em>τοιαύτην]</em></span> 
     </span>
     <span class='ocr_line' id='line_1_9' title="bbox 40 766 721 817; baseline 0 -13"><span class='ocrx_word' id='word_1_30' title='bbox 40 773 43 775; x_wconf 72' lang='grc'><strong><em>’</em></strong></span> <span class='ocrx_word' id='word_1_31' title='bbox 68 768 90 804; x_wconf 87' lang='lat' dir='ltr'>i.</span> <span class='ocrx_word' id='word_1_32' title='bbox 111 780 140 804; x_wconf 92' lang='lat' dir='ltr'>e.</span> <span class='ocrx_word' id='word_1_33' title='bbox 161 766 296 817; x_wconf 75' lang='lat' dir='ltr'><em>alioqui</em></span> <span class='ocrx_word' id='word_1_34' title='bbox 316 769 404 803; x_wconf 74' lang='lat' dir='ltr'>enim</span> <span class='ocrx_word' id='word_1_35' title='bbox 419 766 467 802; x_wconf 78' lang='lat' dir='ltr'>cul</span> <span class='ocrx_word' id='word_1_36' title='bbox 487 778 562 803; x_wconf 82' lang='lat' dir='ltr'>eam</span> <span class='ocrx_word' id='word_1_37' title='bbox 583 780 650 803; x_wconf 76' lang='lat' dir='ltr'>non</span> <span class='ocrx_word' id='word_1_38' title='bbox 667 780 721 804; x_wconf 83' lang='lat' dir='ltr'>re-</span> 
     </span>
     <span class='ocr_line' id='line_1_10' title="bbox 67 822 723 873; baseline -0.002 -12"><span class='ocrx_word' id='word_1_39' title='bbox 67 823 229 861; x_wconf 77' lang='lat' dir='ltr'><em>tulissent</em></span> <span class='ocrx_word' id='word_1_40' title='bbox 245 823 331 860; x_wconf 75' lang='lat' dir='ltr'>talz&#39;s</span> <span class='ocrx_word' id='word_1_41' title='bbox 348 822 546 873; x_wconf 72' lang='lat' dir='ltr'><em>pyramidis</em></span> <span class='ocrx_word' id='word_1_42' title='bbox 566 827 723 860; x_wconf 78' lang='lat' dir='ltr'>constru-</span> 
     </span>
     <span class='ocr_line' id='line_1_11' title="bbox 66 879 719 931; baseline -0.003 -13"><span class='ocrx_word' id='word_1_43' title='bbox 66 882 223 918; x_wconf 81' lang='lat' dir='ltr'><em>ctionem.</em></span> <span class='ocrx_word' id='word_1_44' title='bbox 260 879 320 917; x_wconf 93' lang='lat' dir='ltr'>Ad</span> <span class='ocrx_word' id='word_1_45' title='bbox 343 881 461 931; x_wconf 82' lang='lat' dir='ltr'>ipsam</span> <span class='ocrx_word' id='word_1_46' title='bbox 484 879 719 917; x_wconf 87' lang='lat' dir='ltr'>locutionem:</span> 
     </span>
     <span class='ocr_line' id='line_1_12' title="bbox 67 931 721 987; baseline -0.006 -10"><span class='ocrx_word' id='word_1_47' title='bbox 67 932 273 977; x_wconf 67' lang='grc' dir='ltr'><em>ἀνέθεσαν</em></span> <span class='ocrx_word' id='word_1_48' title='bbox 292 936 333 976; x_wconf 82' lang='grc' dir='ltr'>οἱ</span> <span class='ocrx_word' id='word_1_49' title='bbox 350 931 603 987; x_wconf 80' lang='grc' dir='ltr'><em>ποιήσασθαι</em></span> <span class='ocrx_word' id='word_1_50' title='bbox 622 938 721 984; x_wconf 88' lang='lat' dir='ltr'>facit,</span> 
     </span>
     <span class='ocr_line' id='line_1_13' title="bbox 66 994 719 1044; baseline -0.002 -14"><span class='ocrx_word' id='word_1_51' title='bbox 66 994 167 1043; x_wconf 91' lang='lat' dir='ltr'>quod</span> <span class='ocrx_word' id='word_1_52' title='bbox 205 1006 285 1044; x_wconf 85' lang='lat' dir='ltr'>cap.</span> <span class='ocrx_word' id='word_1_53' title='bbox 318 994 483 1042; x_wconf 77' lang='lat' dir='ltr'>sequenti</span> <span class='ocrx_word' id='word_1_54' title='bbox 519 994 719 1031; x_wconf 69' lang='lat' dir='ltr'>invenitur:</span> 
     </span>
     <span class='ocr_line' id='line_1_14' title="bbox 67 1045 722 1102; baseline -0.002 -13"><span class='ocrx_word' id='word_1_55' title='bbox 67 1045 188 1089; x_wconf 82' lang='grc' dir='ltr'><em>ου’δὲν</em></span> <span class='ocrx_word' id='word_1_56' title='bbox 216 1050 280 1088; x_wconf 85' lang='grc' dir='ltr'>δεῖ</span> <span class='ocrx_word' id='word_1_57' title='bbox 301 1046 449 1102; x_wconf 78' lang='grc' dir='ltr'><em>μεγάλα</em></span> <span class='ocrx_word' id='word_1_58' title='bbox 479 1049 520 1089; x_wconf 82' lang='grc' dir='ltr'>οἵ</span> <span class='ocrx_word' id='word_1_59' title='bbox 542 1045 722 1101; x_wconf 78' lang='grc' dir='ltr'><em>χρήματα</em></span> 
     </span>
     <span class='ocr_line' id='line_1_15' title="bbox 67 1102 722 1156; baseline 0 -11"><span class='ocrx_word' id='word_1_60' title='bbox 67 1102 296 1145; x_wconf 78' lang='grc' dir='ltr'><em>ἀναθεῖναι.</em></span> <span class='ocrx_word' id='word_1_61' title='bbox 337 1129 393 1134; x_wconf 90' lang='lat'>—</span> <span class='ocrx_word' id='word_1_62' title='bbox 441 1105 499 1143; x_wconf 91' lang='lat' dir='ltr'>Ad</span> <span class='ocrx_word' id='word_1_63' title='bbox 527 1120 629 1156; x_wconf 91' lang='lat' dir='ltr'>seqq.</span> <span class='ocrx_word' id='word_1_64' title='bbox 669 1104 722 1152; x_wconf 73' lang='grc' dir='ltr'>ὥς</span> 
     </span>
     <span class='ocr_line' id='line_1_16' title="bbox 67 1158 718 1216; baseline -0.005 -14"><span class='ocrx_word' id='word_1_65' title='bbox 67 1158 168 1216; x_wconf 78' lang='grc' dir='ltr'><em>λόγῳ</em></span> <span class='ocrx_word' id='word_1_66' title='bbox 193 1163 318 1202; x_wconf 82' lang='grc' dir='ltr'><em>εἰπεῖν</em></span> <span class='ocrx_word' id='word_1_67' title='bbox 347 1164 441 1200; x_wconf 88' lang='lat' dir='ltr'>conf.</span> <span class='ocrx_word' id='word_1_68' title='bbox 467 1163 525 1209; x_wconf 90' lang='lat' dir='ltr'>Il,</span> <span class='ocrx_word' id='word_1_69' title='bbox 546 1164 599 1204; x_wconf 82' lang='lat'>53</span> <span class='ocrx_word' id='word_1_70' title='bbox 631 1163 718 1212; x_wconf 90' lang='lat' dir='ltr'>ibiq.</span> 
     </span>
     <span class='ocr_line' id='line_1_17' title="bbox 66 1220 719 1269; baseline -0.002 -12"><span class='ocrx_word' id='word_1_71' title='bbox 66 1224 158 1257; x_wconf 90' lang='lat' dir='ltr'>nott.</span> <span class='ocrx_word' id='word_1_72' title='bbox 187 1224 224 1257; x_wconf 89' lang='lat' dir='ltr'>et</span> <span class='ocrx_word' id='word_1_73' title='bbox 261 1220 309 1256; x_wconf 89' lang='lat' dir='ltr'>ad</span> <span class='ocrx_word' id='word_1_74' title='bbox 341 1226 591 1269; x_wconf 78' lang='lat' dir='ltr'>argumentum</span> <span class='ocrx_word' id='word_1_75' title='bbox 623 1221 719 1256; x_wconf 86' lang='lat' dir='ltr'>conf.</span> 
     </span>
    </p>
   </div>
   <div class='ocr_carea' id='block_1_8' title="bbox 64 1275 722 2965">
    <p class='ocr_par' dir='ltr' id='par_1_8' title="bbox 65 1275 722 1610">
     <span class='ocr_line' id='line_1_18' title="bbox 66 1275 720 1323; baseline 0.002 -11"><span class='ocrx_word' id='word_1_76' title='bbox 66 1276 219 1315; x_wconf 87' lang='lat' dir='ltr'>Diodor.</span> <span class='ocrx_word' id='word_1_77' title='bbox 249 1275 287 1323; x_wconf 86' lang='lat' dir='ltr'>I,</span> <span class='ocrx_word' id='word_1_78' title='bbox 316 1276 381 1316; x_wconf 79' lang='lat'>64.</span> <span class='ocrx_word' id='word_1_79' title='bbox 424 1277 594 1313; x_wconf 87' lang='lat' dir='ltr'>Strabon.</span> <span class='ocrx_word' id='word_1_80' title='bbox 615 1276 720 1313; x_wconf 87' lang='lat' dir='ltr'>XVII</span> 
     </span>
     <span class='ocr_line' id='line_1_19' title="bbox 65 1333 720 1384; baseline 0 -14"><span class='ocrx_word' id='word_1_81' title='bbox 65 1346 103 1384; x_wconf 87' lang='lat' dir='ltr'>p.</span> <span class='ocrx_word' id='word_1_82' title='bbox 126 1334 207 1373; x_wconf 87' lang='grc'>808</span> <span class='ocrx_word' id='word_1_83' title='bbox 234 1347 261 1370; x_wconf 91' lang='lat' dir='ltr'>s.</span> <span class='ocrx_word' id='word_1_84' title='bbox 297 1336 415 1373; x_wconf 76' lang='lat'>1161.</span> <span class='ocrx_word' id='word_1_85' title='bbox 456 1333 547 1370; x_wconf 89' lang='lat' dir='ltr'>Plin.</span> <span class='ocrx_word' id='word_1_86' title='bbox 576 1333 660 1378; x_wconf 79' lang='lat' dir='ltr'>l.l.;</span> <span class='ocrx_word' id='word_1_87' title='bbox 699 1346 720 1370; x_wconf 89' lang='lat' dir='ltr'>e</span> 
     </span>
     <span class='ocr_line' id='line_1_20' title="bbox 66 1388 720 1440; baseline 0 -14"><span class='ocrx_word' id='word_1_88' title='bbox 66 1389 196 1439; x_wconf 91' lang='lat' dir='ltr'>quibus</span> <span class='ocrx_word' id='word_1_89' title='bbox 224 1388 457 1437; x_wconf 78' lang='lat' dir='ltr'>intelligitur,</span> <span class='ocrx_word' id='word_1_90' title='bbox 496 1389 588 1427; x_wconf 90' lang='lat' dir='ltr'>hanc</span> <span class='ocrx_word' id='word_1_91' title='bbox 612 1402 720 1440; x_wconf 72' lang='lat' dir='ltr'>pyra-</span> 
     </span>
     <span class='ocr_line' id='line_1_21' title="bbox 66 1445 721 1496; baseline 0 -13"><span class='ocrx_word' id='word_1_92' title='bbox 66 1445 200 1483; x_wconf 85' lang='lat' dir='ltr'>midem</span> <span class='ocrx_word' id='word_1_93' title='bbox 225 1446 405 1496; x_wconf 82' lang='lat' dir='ltr'>prioribus</span> <span class='ocrx_word' id='word_1_94' title='bbox 438 1445 550 1482; x_wconf 89' lang='lat' dir='ltr'>multo</span> <span class='ocrx_word' id='word_1_95' title='bbox 575 1452 721 1496; x_wconf 84' lang='lat' dir='ltr'>specta-</span> 
     </span>
     <span class='ocr_line' id='line_1_22' title="bbox 65 1503 722 1552; baseline 0.003 -14"><span class='ocrx_word' id='word_1_96' title='bbox 65 1503 195 1539; x_wconf 88' lang='lat' dir='ltr'>tiorem</span> <span class='ocrx_word' id='word_1_97' title='bbox 221 1503 334 1539; x_wconf 88' lang='lat' dir='ltr'>fuisse</span> <span class='ocrx_word' id='word_1_98' title='bbox 358 1503 626 1552; x_wconf 80' lang='lat' dir='ltr'>maioribusque</span> <span class='ocrx_word' id='word_1_99' title='bbox 654 1503 722 1540; x_wconf 88' lang='lat' dir='ltr'>im-</span> 
     </span>
     <span class='ocr_line' id='line_1_23' title="bbox 65 1559 444 1610; baseline 0 -15"><span class='ocrx_word' id='word_1_100' title='bbox 65 1559 189 1610; x_wconf 85' lang='lat' dir='ltr'>pensis</span> <span class='ocrx_word' id='word_1_101' title='bbox 214 1564 444 1596; x_wconf 85' lang='lat' dir='ltr'>exstructam.</span> 
     </span>
    </p>

    <p class='ocr_par' dir='ltr' id='par_1_9' title="bbox 64 1611 722 2965">
     <span class='ocr_line' id='line_1_24' title="bbox 122 1611 722 1666; baseline 0.003 -13"><span class='ocrx_word' id='word_1_102' title='bbox 122 1611 222 1666; x_wconf 79' lang='grc' dir='ltr'>πρός</span> <span class='ocrx_word' id='word_1_103' title='bbox 249 1613 313 1663; x_wconf 79' lang='grc' dir='ltr'>δὲ,</span> <span class='ocrx_word' id='word_1_104' title='bbox 353 1611 413 1654; x_wconf 75' lang='grc' dir='ltr'>ὅτι</span> <span class='ocrx_word' id='word_1_105' title='bbox 436 1613 533 1654; x_wconf 63' lang='lat' dir='ltr'>narr}</span> <span class='ocrx_word' id='word_1_106' title='bbox 551 1613 722 1666; x_wconf 73' lang='grc' dir='ltr'><em>’Ἁμασιν</em></span> 
     </span>
     <span class='ocr_line' id='line_1_25' title="bbox 67 1666 721 1723; baseline 0 -14"><span class='ocrx_word' id='word_1_107' title='bbox 67 1667 328 1723; x_wconf 73' lang='grc' dir='ltr'><em>βασιλεύοντα</em></span> <span class='ocrx_word' id='word_1_108' title='bbox 361 1666 413 1722; x_wconf 76' lang='grc' dir='ltr'>ἦν</span> <span class='ocrx_word' id='word_1_109' title='bbox 450 1688 484 1711; x_wconf 80' lang='grc' dir='ltr'>κ.</span> <span class='ocrx_word' id='word_1_110' title='bbox 513 1688 544 1710; x_wconf 87' lang='grc' dir='ltr'>τ.</span> <span class='ocrx_word' id='word_1_111' title='bbox 574 1671 622 1722; x_wconf 83' lang='grc' dir='ltr'>λ.]</span> <span class='ocrx_word' id='word_1_112' title='bbox 661 1672 721 1710; x_wconf 89' lang='lat' dir='ltr'>Ad</span> 
     </span>
     <span class='ocr_line' id='line_1_26' title="bbox 66 1729 718 1766; baseline 0 -1"><span class='ocrx_word' id='word_1_113' title='bbox 66 1729 239 1766; x_wconf 89' lang='lat' dir='ltr'>orationis</span> <span class='ocrx_word' id='word_1_114' title='bbox 278 1733 494 1766; x_wconf 85' lang='lat' dir='ltr'>structuram</span> <span class='ocrx_word' id='word_1_115' title='bbox 527 1729 624 1766; x_wconf 88' lang='lat' dir='ltr'>haud</span> <span class='ocrx_word' id='word_1_116' title='bbox 662 1729 718 1766; x_wconf 90' lang='lat' dir='ltr'>in-</span> 
     </span>
     <span class='ocr_line' id='line_1_27' title="bbox 66 1785 720 1823; baseline -0.002 -1"><span class='ocrx_word' id='word_1_117' title='bbox 66 1786 259 1822; x_wconf 86' lang='lat' dir='ltr'>commode</span> <span class='ocrx_word' id='word_1_118' title='bbox 287 1785 376 1822; x_wconf 80' lang='lat' dir='ltr'>haec</span> <span class='ocrx_word' id='word_1_119' title='bbox 404 1798 448 1823; x_wconf 82' lang='lat' dir='ltr'>ex</span> <span class='ocrx_word' id='word_1_120' title='bbox 470 1786 720 1822; x_wconf 86' lang='lat' dir='ltr'>antecedenti-</span> 
     </span>
     <span class='ocr_line' id='line_1_28' title="bbox 68 1837 719 1897; baseline 0.003 -18"><span class='ocrx_word' id='word_1_121' title='bbox 68 1842 137 1897; x_wconf 54' lang='lat' dir='ltr'>bjls</span> <span class='ocrx_word' id='word_1_122' title='bbox 157 1842 378 1890; x_wconf 81' lang='lat' dir='ltr'>subintelligi</span> <span class='ocrx_word' id='word_1_123' title='bbox 398 1846 590 1892; x_wconf 88' lang='lat' dir='ltr'>poterunt:</span> <span class='ocrx_word' id='word_1_124' title='bbox 613 1837 662 1881; x_wconf 76' lang='grc' dir='ltr'>ου’</span> <span class='ocrx_word' id='word_1_125' title='bbox 677 1840 719 1881; x_wconf 80' lang='grc' dir='ltr'>δὲ</span> 
     </span>
     <span class='ocr_line' id='line_1_29' title="bbox 69 1892 721 1949; baseline 0.002 -13"><span class='ocrx_word' id='word_1_126' title='bbox 69 1898 127 1936; x_wconf 81' lang='grc' dir='ltr'>ὠν</span> <span class='ocrx_word' id='word_1_127' title='bbox 142 1892 237 1937; x_wconf 70' lang='grc' dir='ltr'><em>οὐδὲ</em></span> <span class='ocrx_word' id='word_1_128' title='bbox 252 1895 399 1944; x_wconf 78' lang='grc' dir='ltr'><em>εἰδότες</em></span> <span class='ocrx_word' id='word_1_129' title='bbox 420 1914 488 1949; x_wconf 86' lang='grc' dir='ltr'>μοι</span> <span class='ocrx_word' id='word_1_130' title='bbox 508 1899 721 1947; x_wconf 80' lang='grc' dir='ltr'><em>φαίνονται</em></span> 
     </span>
     <span class='ocr_line' id='line_1_30' title="bbox 66 1948 721 2006; baseline 0 -13"><span class='ocrx_word' id='word_1_131' title='bbox 66 1953 192 2006; x_wconf 80' lang='grc' dir='ltr'><em>λέγειν</em></span> <span class='ocrx_word' id='word_1_132' title='bbox 215 1948 337 1994; x_wconf 77' lang='grc' dir='ltr'><em>οὗτοι.</em></span> <span class='ocrx_word' id='word_1_133' title='bbox 356 1976 411 1984; x_wconf 88' lang='lat'>—-</span> <span class='ocrx_word' id='word_1_134' title='bbox 440 1956 498 1993; x_wconf 88' lang='lat' dir='ltr'>De</span> <span class='ocrx_word' id='word_1_135' title='bbox 515 1955 721 2006; x_wconf 76' lang='lat' dir='ltr'>leclopz&#39;de</span> 
     </span>
     <span class='ocr_line' id='line_1_31' title="bbox 66 2011 721 2063; baseline 0.005 -15"><span class='ocrx_word' id='word_1_136' title='bbox 66 2011 135 2048; x_wconf 93' lang='lat' dir='ltr'>hos</span> <span class='ocrx_word' id='word_1_137' title='bbox 154 2012 232 2049; x_wconf 87' lang='lat' dir='ltr'>fere</span> <span class='ocrx_word' id='word_1_138' title='bbox 250 2011 347 2049; x_wconf 90' lang='lat' dir='ltr'>locos</span> <span class='ocrx_word' id='word_1_139' title='bbox 370 2011 519 2049; x_wconf 87' lang='lat' dir='ltr'>laudant</span> <span class='ocrx_word' id='word_1_140' title='bbox 542 2013 721 2063; x_wconf 85' lang='lat' dir='ltr'>interpre-</span> 
     </span>
     <span class='ocr_line' id='line_1_32' title="bbox 65 2068 718 2116; baseline 0.003 -11"><span class='ocrx_word' id='word_1_141' title='bbox 65 2071 139 2105; x_wconf 87' lang='lat' dir='ltr'>tes:</span> <span class='ocrx_word' id='word_1_142' title='bbox 169 2068 322 2105; x_wconf 87' lang='lat' dir='ltr'>Diodor.</span> <span class='ocrx_word' id='word_1_143' title='bbox 344 2069 415 2106; x_wconf 93' lang='lat' dir='ltr'>Sic.</span> <span class='ocrx_word' id='word_1_144' title='bbox 438 2068 475 2116; x_wconf 79' lang='grc' dir='ltr'>Ι,</span> <span class='ocrx_word' id='word_1_145' title='bbox 499 2068 564 2110; x_wconf 81' lang='grc'>64.</span> <span class='ocrx_word' id='word_1_146' title='bbox 595 2069 718 2107; x_wconf 82' lang='lat' dir='ltr'>strab.</span> 
     </span>
     <span class='ocr_line' id='line_1_33' title="bbox 65 2124 719 2176; baseline 0.011 -14"><span class='ocrx_word' id='word_1_147' title='bbox 65 2124 173 2162; x_wconf 91' lang='lat' dir='ltr'><strong>XVII</strong></span> <span class='ocrx_word' id='word_1_148' title='bbox 193 2137 279 2174; x_wconf 84' lang='lat' dir='ltr'>pag.</span> <span class='ocrx_word' id='word_1_149' title='bbox 299 2127 398 2172; x_wconf 84' lang='lat'>808,</span> <span class='ocrx_word' id='word_1_150' title='bbox 414 2126 457 2163; x_wconf 93' lang='lat' dir='ltr'>B.</span> <span class='ocrx_word' id='word_1_151' title='bbox 479 2126 509 2162; x_wconf 92' lang='lat' dir='ltr'>C</span> <span class='ocrx_word' id='word_1_152' title='bbox 529 2126 584 2176; x_wconf 89' lang='lat' dir='ltr'>(p.</span> <span class='ocrx_word' id='word_1_153' title='bbox 598 2129 719 2173; x_wconf 79' lang='lat'>1162,</span> 
     </span>
     <span class='ocr_line' id='line_1_34' title="bbox 64 2179 721 2231; baseline 0.006 -14"><span class='ocrx_word' id='word_1_154' title='bbox 64 2179 138 2229; x_wconf 93' lang='lat' dir='ltr'>A).</span> <span class='ocrx_word' id='word_1_155' title='bbox 177 2180 268 2218; x_wconf 88' lang='lat' dir='ltr'>Plin.</span> <span class='ocrx_word' id='word_1_156' title='bbox 296 2181 332 2218; x_wconf 94' lang='lat' dir='ltr'>h.</span> <span class='ocrx_word' id='word_1_157' title='bbox 362 2195 398 2218; x_wconf 90' lang='lat' dir='ltr'>n.</span> <span class='ocrx_word' id='word_1_158' title='bbox 426 2182 626 2231; x_wconf 82' lang='lat' dir='ltr'>XXXVII,</span> <span class='ocrx_word' id='word_1_159' title='bbox 657 2186 721 2224; x_wconf 89' lang='lat'>17.</span> 
     </span>
     <span class='ocr_line' id='line_1_35' title="bbox 67 2235 722 2286; baseline 0.003 -12"><span class='ocrx_word' id='word_1_160' title='bbox 67 2235 207 2275; x_wconf 91' lang='lat' dir='ltr'>Aelian.</span> <span class='ocrx_word' id='word_1_161' title='bbox 238 2250 271 2275; x_wconf 89' lang='lat' dir='ltr'>v.</span> <span class='ocrx_word' id='word_1_162' title='bbox 297 2238 333 2275; x_wconf 92' lang='lat' dir='ltr'>h.</span> <span class='ocrx_word' id='word_1_163' title='bbox 363 2238 474 2286; x_wconf 88' lang='lat' dir='ltr'>XIII,</span> <span class='ocrx_word' id='word_1_164' title='bbox 509 2241 576 2281; x_wconf 85' lang='lat'>33.</span> <span class='ocrx_word' id='word_1_165' title='bbox 634 2239 722 2276; x_wconf 92' lang='lat' dir='ltr'>Plu-</span> 
     </span>
     <span class='ocr_line' id='line_1_36' title="bbox 64 2294 722 2345; baseline 0.003 -15"><span class='ocrx_word' id='word_1_166' title='bbox 64 2294 176 2331; x_wconf 86' lang='lat' dir='ltr'>tarch.</span> <span class='ocrx_word' id='word_1_167' title='bbox 195 2294 332 2332; x_wconf 91' lang='lat' dir='ltr'>morall.</span> <span class='ocrx_word' id='word_1_168' title='bbox 360 2309 397 2345; x_wconf 88' lang='lat' dir='ltr'>p.</span> <span class='ocrx_word' id='word_1_169' title='bbox 422 2295 526 2343; x_wconf 84' lang='grc'>400,</span> <span class='ocrx_word' id='word_1_170' title='bbox 547 2296 590 2332; x_wconf 89' lang='lat' dir='ltr'>F.</span> <span class='ocrx_word' id='word_1_171' title='bbox 637 2296 722 2333; x_wconf 88' lang='lat' dir='ltr'>Sui-</span> 
     </span>
     <span class='ocr_line' id='line_1_37' title="bbox 67 2348 718 2404; baseline 0.008 -18"><span class='ocrx_word' id='word_1_172' title='bbox 67 2350 132 2387; x_wconf 88' lang='lat' dir='ltr'>das</span> <span class='ocrx_word' id='word_1_173' title='bbox 154 2364 183 2388; x_wconf 92' lang='lat' dir='ltr'>s.</span> <span class='ocrx_word' id='word_1_174' title='bbox 203 2363 236 2388; x_wconf 78' lang='lat' dir='ltr'>v,</span> <span class='ocrx_word' id='word_1_175' title='bbox 256 2348 492 2399; x_wconf 76' lang='grc' dir='ltr'><em>Ῥοδώπιδος</em></span> <span class='ocrx_word' id='word_1_176' title='bbox 512 2348 718 2404; x_wconf 76' lang='grc' dir='ltr'><em>ἀνάθημα.</em></span> 
     </span>
     <span class='ocr_line' id='line_1_38' title="bbox 66 2404 718 2459; baseline 0.008 -17"><span class='ocrx_word' id='word_1_177' title='bbox 66 2404 187 2455; x_wconf 91' lang='lat' dir='ltr'>Atque</span> <span class='ocrx_word' id='word_1_178' title='bbox 197 2408 267 2445; x_wconf 89' lang='lat' dir='ltr'>duo</span> <span class='ocrx_word' id='word_1_179' title='bbox 277 2409 504 2458; x_wconf 86' lang='lat' dir='ltr'>potissimum</span> <span class='ocrx_word' id='word_1_180' title='bbox 515 2414 609 2458; x_wconf 89' lang='lat' dir='ltr'>sunt,</span> <span class='ocrx_word' id='word_1_181' title='bbox 622 2423 718 2459; x_wconf 89' lang='lat' dir='ltr'>quae</span> 
     </span>
     <span class='ocr_line' id='line_1_39' title="bbox 65 2462 719 2513; baseline 0.009 -15"><span class='ocrx_word' id='word_1_182' title='bbox 65 2462 161 2500; x_wconf 89' lang='lat' dir='ltr'>viros</span> <span class='ocrx_word' id='word_1_183' title='bbox 189 2464 316 2502; x_wconf 90' lang='lat' dir='ltr'>doctos</span> <span class='ocrx_word' id='word_1_184' title='bbox 336 2471 594 2513; x_wconf 80' lang='lat' dir='ltr'>exercuerunt3</span> <span class='ocrx_word' id='word_1_185' title='bbox 625 2466 719 2504; x_wconf 86' lang='lat' dir='ltr'>alte-</span> 
     </span>
     <span class='ocr_line' id='line_1_40' title="bbox 66 2521 718 2569; baseline 0.009 -15"><span class='ocrx_word' id='word_1_186' title='bbox 66 2531 168 2566; x_wconf 88' lang='lat' dir='ltr'>rum,</span> <span class='ocrx_word' id='word_1_187' title='bbox 197 2522 295 2569; x_wconf 91' lang='lat' dir='ltr'>quod</span> <span class='ocrx_word' id='word_1_188' title='bbox 317 2521 488 2560; x_wconf 86' lang='lat' dir='ltr'>Aelianus</span> <span class='ocrx_word' id='word_1_189' title='bbox 521 2522 543 2559; x_wconf 93' lang='lat' dir='ltr'>l.</span> <span class='ocrx_word' id='word_1_190' title='bbox 563 2523 585 2559; x_wconf 96' lang='lat' dir='ltr'>l.</span> <span class='ocrx_word' id='word_1_191' title='bbox 615 2523 718 2560; x_wconf 89' lang='lat' dir='ltr'>Rho-</span> 
     </span>
     <span class='ocr_line' id='line_1_41' title="bbox 67 2574 718 2625; baseline 0.011 -15"><span class='ocrx_word' id='word_1_192' title='bbox 67 2574 235 2625; x_wconf 86' lang='lat' dir='ltr'>dopidem</span> <span class='ocrx_word' id='word_1_193' title='bbox 252 2577 368 2615; x_wconf 87' lang='lat' dir='ltr'>elocat</span> <span class='ocrx_word' id='word_1_194' title='bbox 387 2579 645 2616; x_wconf 86' lang='lat' dir='ltr'>Psammiticho</span> <span class='ocrx_word' id='word_1_195' title='bbox 661 2594 718 2617; x_wconf 91' lang='lat' dir='ltr'>re-</span> 
     </span>
     <span class='ocr_line' id='line_1_42' title="bbox 66 2631 718 2684; baseline 0.011 -17"><span class='ocrx_word' id='word_1_196' title='bbox 66 2631 126 2678; x_wconf 82' lang='lat' dir='ltr'>gi,</span> <span class='ocrx_word' id='word_1_197' title='bbox 155 2633 218 2681; x_wconf 90' lang='lat' dir='ltr'>qui</span> <span class='ocrx_word' id='word_1_198' title='bbox 246 2632 436 2684; x_wconf 85' lang='lat' dir='ltr'>Amaside,</span> <span class='ocrx_word' id='word_1_199' title='bbox 468 2637 567 2673; x_wconf 88' lang='lat' dir='ltr'>cuius</span> <span class='ocrx_word' id='word_1_200' title='bbox 597 2641 718 2674; x_wconf 86' lang='lat' dir='ltr'>aetate</span> 
     </span>
     <span class='ocr_line' id='line_1_43' title="bbox 66 2686 718 2730; baseline 0.012 -8"><span class='ocrx_word' id='word_1_201' title='bbox 66 2686 248 2726; x_wconf 85' lang='lat' dir='ltr'>mulierem</span> <span class='ocrx_word' id='word_1_202' title='bbox 284 2692 453 2730; x_wconf 80' lang='lat' dir='ltr'>floruisse</span> <span class='ocrx_word' id='word_1_203' title='bbox 503 2693 718 2730; x_wconf 84' lang='lat' dir='ltr'>Herodotus</span> 
     </span>
     <span class='ocr_line' id='line_1_44' title="bbox 69 2744 718 2797; baseline 0.014 -19"><span class='ocrx_word' id='word_1_204' title='bbox 69 2744 212 2792; x_wconf 84' lang='lat' dir='ltr'>scribit,</span> <span class='ocrx_word' id='word_1_205' title='bbox 242 2747 506 2797; x_wconf 81' lang='lat' dir='ltr'>quinquaginta</span> <span class='ocrx_word' id='word_1_206' title='bbox 519 2750 634 2787; x_wconf 83' lang='lat' dir='ltr'>ferme</span> <span class='ocrx_word' id='word_1_207' title='bbox 652 2763 718 2786; x_wconf 85' lang='lat' dir='ltr'>an-</span> 
     </span>
     <span class='ocr_line' id='line_1_45' title="bbox 69 2799 717 2849; baseline 0.015 -16"><span class='ocrx_word' id='word_1_208' title='bbox 69 2799 124 2835; x_wconf 86' lang='lat' dir='ltr'>nis</span> <span class='ocrx_word' id='word_1_209' title='bbox 143 2801 241 2849; x_wconf 86' lang='lat' dir='ltr'>prior</span> <span class='ocrx_word' id='word_1_210' title='bbox 259 2807 323 2839; x_wconf 87' lang='lat' dir='ltr'>est.</span> <span class='ocrx_word' id='word_1_211' title='bbox 358 2803 455 2841; x_wconf 88' lang='lat' dir='ltr'>Nam</span> <span class='ocrx_word' id='word_1_212' title='bbox 477 2806 594 2842; x_wconf 87' lang='lat' dir='ltr'>tenuit</span> <span class='ocrx_word' id='word_1_213' title='bbox 606 2807 717 2842; x_wconf 79' lang='lat' dir='ltr'>Ama-</span> 
     </span>
     <span class='ocr_line' id='line_1_46' title="bbox 70 2855 716 2910; baseline 0.014 -20"><span class='ocrx_word' id='word_1_214' title='bbox 70 2855 116 2891; x_wconf 91' lang='lat' dir='ltr'>sis</span> <span class='ocrx_word' id='word_1_215' title='bbox 146 2868 296 2904; x_wconf 81' lang='lat' dir='ltr'>regnum</span> <span class='ocrx_word' id='word_1_216' title='bbox 316 2858 397 2900; x_wconf 87' lang='lat'>570</span> <span class='ocrx_word' id='word_1_217' title='bbox 417 2873 449 2896; x_wconf 91' lang='lat' dir='ltr'>a.</span> <span class='ocrx_word' id='word_1_218' title='bbox 468 2861 569 2910; x_wconf 76' lang='lat' dir='ltr'>Chr.²</span> <span class='ocrx_word' id='word_1_219' title='bbox 589 2862 716 2898; x_wconf 82' lang='lat' dir='ltr'>Psam-</span> 
     </span>
     <span class='ocr_line' id='line_1_47' title="bbox 69 2911 717 2965; baseline 0.015 -19"><span class='ocrx_word' id='word_1_220' title='bbox 69 2911 230 2950; x_wconf 83' lang='lat' dir='ltr'>mitichus</span> <span class='ocrx_word' id='word_1_221' title='bbox 254 2915 334 2956; x_wconf 87' lang='lat'>656</span> <span class='ocrx_word' id='word_1_222' title='bbox 364 2929 396 2953; x_wconf 83' lang='lat' dir='ltr'>a.</span> <span class='ocrx_word' id='word_1_223' title='bbox 424 2916 534 2965; x_wconf 85' lang='lat' dir='ltr'>Chr.‚</span> <span class='ocrx_word' id='word_1_224' title='bbox 574 2918 603 2955; x_wconf 88' lang='lat' dir='ltr'>si</span> <span class='ocrx_word' id='word_1_225' title='bbox 623 2917 717 2955; x_wconf 88' lang='lat' dir='ltr'>Lar-</span> 
     </span>
    </p>
   </div>
   <div class='ocr_carea' id='block_1_9' title="bbox 785 707 1448 2967">
    <p class='ocr_par' dir='ltr' id='par_1_10' title="bbox 787 707 1448 1938">
     <span class='ocr_line' id='line_1_48' title="bbox 792 707 1448 760; baseline -0.005 -12"><span class='ocrx_word' id='word_1_226' title='bbox 792 709 888 748; x_wconf 87' lang='lat' dir='ltr'>cheri</span> <span class='ocrx_word' id='word_1_227' title='bbox 910 722 1104 760; x_wconf 86' lang='lat' dir='ltr'>sequamur</span> <span class='ocrx_word' id='word_1_228' title='bbox 1125 708 1280 746; x_wconf 86' lang='lat' dir='ltr'>calculos</span> <span class='ocrx_word' id='word_1_229' title='bbox 1304 708 1356 755; x_wconf 93' lang='lat' dir='ltr'>(t.</span> <span class='ocrx_word' id='word_1_230' title='bbox 1379 707 1448 745; x_wconf 87' lang='lat' dir='ltr'>VII</span> 
     </span>
     <span class='ocr_line' id='line_1_49' title="bbox 790 765 1448 818; baseline -0.003 -15"><span class='ocrx_word' id='word_1_231' title='bbox 790 781 827 818; x_wconf 87' lang='lat' dir='ltr'>p.</span> <span class='ocrx_word' id='word_1_232' title='bbox 849 766 943 808; x_wconf 78' lang='lat'><strong>604.</strong></span> <span class='ocrx_word' id='word_1_233' title='bbox 970 768 1084 813; x_wconf 88' lang='grc'>619).</span> <span class='ocrx_word' id='word_1_234' title='bbox 1146 766 1270 809; x_wconf 83' lang='lat' dir='ltr'>Quare</span> <span class='ocrx_word' id='word_1_235' title='bbox 1297 765 1448 802; x_wconf 85' lang='lat' dir='ltr'>Perizo-</span> 
     </span>
     <span class='ocr_line' id='line_1_50' title="bbox 790 821 1447 860; baseline -0.003 0"><span class='ocrx_word' id='word_1_236' title='bbox 790 824 870 860; x_wconf 88' lang='lat' dir='ltr'>nius</span> <span class='ocrx_word' id='word_1_237' title='bbox 901 824 949 860; x_wconf 83' lang='lat' dir='ltr'>ad</span> <span class='ocrx_word' id='word_1_238' title='bbox 974 822 1116 860; x_wconf 89' lang='lat' dir='ltr'>Aeliani</span> <span class='ocrx_word' id='word_1_239' title='bbox 1138 823 1159 859; x_wconf 94' lang='lat' dir='ltr'>l.</span> <span class='ocrx_word' id='word_1_240' title='bbox 1186 822 1208 859; x_wconf 89' lang='lat' dir='ltr'>l.</span> <span class='ocrx_word' id='word_1_241' title='bbox 1242 822 1333 859; x_wconf 75' lang='lat' dir='ltr'>(luas</span> <span class='ocrx_word' id='word_1_242' title='bbox 1362 821 1447 858; x_wconf 88' lang='lat' dir='ltr'>olim</span> 
     </span>
     <span class='ocr_line' id='line_1_51' title="bbox 791 879 1446 930; baseline -0.005 -12"><span class='ocrx_word' id='word_1_243' title='bbox 791 880 1024 930; x_wconf 76' lang='lat' dir='ltr'>Rlzoclopz&#39;das</span> <span class='ocrx_word' id='word_1_244' title='bbox 1044 880 1151 917; x_wconf 85' lang='lat' dir='ltr'>fuisse</span> <span class='ocrx_word' id='word_1_245' title='bbox 1163 879 1348 916; x_wconf 84' lang='lat' dir='ltr'>statuebat</span> <span class='ocrx_word' id='word_1_246' title='bbox 1365 891 1446 916; x_wconf 89' lang='lat' dir='ltr'>eas-</span> 
     </span>
     <span class='ocr_line' id='line_1_52' title="bbox 790 936 1446 987; baseline -0.005 -13"><span class='ocrx_word' id='word_1_247' title='bbox 790 950 862 986; x_wconf 88' lang='lat' dir='ltr'>que</span> <span class='ocrx_word' id='word_1_248' title='bbox 882 949 903 973; x_wconf 90' lang='lat' dir='ltr'>a</span> <span class='ocrx_word' id='word_1_249' title='bbox 927 937 1159 987; x_wconf 81' lang='lat' dir='ltr'>scriptoribus</span> <span class='ocrx_word' id='word_1_250' title='bbox 1178 936 1337 984; x_wconf 85' lang='lat' dir='ltr'>antiquis</span> <span class='ocrx_word' id='word_1_251' title='bbox 1358 948 1446 972; x_wconf 90' lang='lat' dir='ltr'>con-</span> 
     </span>
     <span class='ocr_line' id='line_1_53' title="bbox 789 992 1447 1040; baseline -0.005 -10"><span class='ocrx_word' id='word_1_252' title='bbox 789 995 887 1030; x_wconf 88' lang='lat' dir='ltr'>fusas</span> <span class='ocrx_word' id='word_1_253' title='bbox 900 1023 910 1040; x_wconf 89' lang='lat'>‚</span> <span class='ocrx_word' id='word_1_254' title='bbox 928 993 1078 1030; x_wconf 83' lang='lat' dir='ltr'>alteram</span> <span class='ocrx_word' id='word_1_255' title='bbox 1096 992 1341 1030; x_wconf 87' lang='lat' dir='ltr'>Psammitichi</span> <span class='ocrx_word' id='word_1_256' title='bbox 1358 1005 1447 1028; x_wconf 86' lang='lat' dir='ltr'>uxo-</span> 
     </span>
     <span class='ocr_line' id='line_1_54' title="bbox 790 1049 1446 1100; baseline -0.002 -13"><span class='ocrx_word' id='word_1_257' title='bbox 790 1063 866 1087; x_wconf 86' lang='lat' dir='ltr'>rem</span> <span class='ocrx_word' id='word_1_258' title='bbox 897 1050 1149 1100; x_wconf 86' lang='lat' dir='ltr'>sepultamque</span> <span class='ocrx_word' id='word_1_259' title='bbox 1174 1049 1211 1085; x_wconf 92' lang='lat' dir='ltr'>in</span> <span class='ocrx_word' id='word_1_260' title='bbox 1244 1049 1446 1099; x_wconf 71' lang='lat' dir='ltr'>pyramide,</span> 
     </span>
     <span class='ocr_line' id='line_1_55' title="bbox 789 1106 1446 1157; baseline 0 -14"><span class='ocrx_word' id='word_1_261' title='bbox 789 1107 940 1144; x_wconf 86' lang='lat' dir='ltr'>alteram</span> <span class='ocrx_word' id='word_1_262' title='bbox 956 1106 1092 1157; x_wconf 88' lang='lat' dir='ltr'>Aesopi</span> <span class='ocrx_word' id='word_1_263' title='bbox 1110 1118 1334 1153; x_wconf 79' lang='lat' dir='ltr'>conservam,</span> <span class='ocrx_word' id='word_1_264' title='bbox 1351 1117 1446 1154; x_wconf 87' lang='lat' dir='ltr'>quae</span> 
     </span>
     <span class='ocr_line' id='line_1_56' title="bbox 787 1162 1445 1212; baseline -0.003 -12"><span class='ocrx_word' id='word_1_265' title='bbox 787 1163 970 1200; x_wconf 78' lang='lat' dir='ltr'>Amasidis</span> <span class='ocrx_word' id='word_1_266' title='bbox 1036 1167 1204 1212; x_wconf 85' lang='lat' dir='ltr'>tempore</span> <span class='ocrx_word' id='word_1_267' title='bbox 1269 1162 1445 1199; x_wconf 87' lang='lat' dir='ltr'>floruerit.</span> 
     </span>
     <span class='ocr_line' id='line_1_57' title="bbox 790 1219 1445 1265; baseline -0.003 -9"><span class='ocrx_word' id='word_1_268' title='bbox 790 1221 896 1263; x_wconf 83' lang='lat' dir='ltr'>Quae</span> <span class='ocrx_word' id='word_1_269' title='bbox 925 1220 953 1256; x_wconf 86' lang='lat' dir='ltr'>si</span> <span class='ocrx_word' id='word_1_270' title='bbox 976 1232 1061 1257; x_wconf 85' lang='lat' dir='ltr'>vera</span> <span class='ocrx_word' id='word_1_271' title='bbox 1086 1219 1284 1265; x_wconf 86' lang='lat' dir='ltr'>habentur,</span> <span class='ocrx_word' id='word_1_272' title='bbox 1315 1219 1445 1257; x_wconf 84' lang='lat' dir='ltr'>erroris</span> 
     </span>
     <span class='ocr_line' id='line_1_58' title="bbox 788 1276 1445 1326; baseline -0.002 -14"><span class='ocrx_word' id='word_1_273' title='bbox 788 1276 893 1326; x_wconf 87' lang='lat' dir='ltr'>culpa</span> <span class='ocrx_word' id='word_1_274' title='bbox 913 1278 1037 1325; x_wconf 90' lang='lat' dir='ltr'>utique</span> <span class='ocrx_word' id='word_1_275' title='bbox 1056 1280 1200 1313; x_wconf 87' lang='lat' dir='ltr'>tenetur</span> <span class='ocrx_word' id='word_1_276' title='bbox 1219 1276 1445 1322; x_wconf 80' lang='lat' dir='ltr'>Herodotus,</span> 
     </span>
     <span class='ocr_line' id='line_1_59' title="bbox 789 1332 1444 1382; baseline -0.002 -13"><span class='ocrx_word' id='word_1_277' title='bbox 789 1334 876 1382; x_wconf 89' lang='lat' dir='ltr'>qui,</span> <span class='ocrx_word' id='word_1_278' title='bbox 907 1338 946 1369; x_wconf 93' lang='lat' dir='ltr'>ut</span> <span class='ocrx_word' id='word_1_279' title='bbox 967 1337 1064 1369; x_wconf 87' lang='lat' dir='ltr'>recte</span> <span class='ocrx_word' id='word_1_280' title='bbox 1092 1333 1163 1369; x_wconf 90' lang='lat' dir='ltr'>iam</span> <span class='ocrx_word' id='word_1_281' title='bbox 1179 1332 1444 1380; x_wconf 62' lang='lat' dir='ltr'>W&#39;esselingius</span> 
     </span>
     <span class='ocr_line' id='line_1_60' title="bbox 789 1389 1444 1438; baseline -0.005 -11"><span class='ocrx_word' id='word_1_282' title='bbox 789 1390 947 1435; x_wconf 87' lang='lat' dir='ltr'>monuit,</span> <span class='ocrx_word' id='word_1_283' title='bbox 978 1390 1069 1426; x_wconf 87' lang='lat' dir='ltr'>duas</span> <span class='ocrx_word' id='word_1_284' title='bbox 1099 1389 1342 1438; x_wconf 88' lang='lat' dir='ltr'>Rhodopidas</span> <span class='ocrx_word' id='word_1_285' title='bbox 1371 1401 1444 1425; x_wconf 90' lang='lat' dir='ltr'>non</span> 
     </span>
     <span class='ocr_line' id='line_1_61' title="bbox 791 1444 1447 1495; baseline 0 -12"><span class='ocrx_word' id='word_1_286' title='bbox 791 1447 891 1484; x_wconf 81' lang='lat' dir='ltr'>novit</span> <span class='ocrx_word' id='word_1_287' title='bbox 915 1451 951 1483; x_wconf 90' lang='lat' dir='ltr'>ct</span> <span class='ocrx_word' id='word_1_288' title='bbox 971 1445 1153 1482; x_wconf 85' lang='lat' dir='ltr'>Amasidis</span> <span class='ocrx_word' id='word_1_289' title='bbox 1188 1450 1353 1495; x_wconf 84' lang='lat' dir='ltr'>tempore</span> <span class='ocrx_word' id='word_1_290' title='bbox 1371 1444 1447 1483; x_wconf 90' lang='lat' dir='ltr'>Ae-</span> 
     </span>
     <span class='ocr_line' id='line_1_62' title="bbox 792 1502 1448 1553; baseline -0.003 -13"><span class='ocrx_word' id='word_1_291' title='bbox 792 1504 872 1553; x_wconf 91' lang='lat' dir='ltr'>sopi</span> <span class='ocrx_word' id='word_1_292' title='bbox 891 1502 988 1539; x_wconf 86' lang='lat' dir='ltr'>illam</span> <span class='ocrx_word' id='word_1_293' title='bbox 1001 1502 1300 1540; x_wconf 84' lang='lat' dir='ltr'>contubernalem</span> <span class='ocrx_word' id='word_1_294' title='bbox 1311 1502 1448 1550; x_wconf 79' lang='lat' dir='ltr'>viguis-</span> 
     </span>
     <span class='ocr_line' id='line_1_63' title="bbox 792 1558 1448 1597; baseline -0.003 0"><span class='ocrx_word' id='word_1_295' title='bbox 792 1574 832 1597; x_wconf 87' lang='lat' dir='ltr'>se</span> <span class='ocrx_word' id='word_1_296' title='bbox 875 1560 1044 1596; x_wconf 80' lang='lat' dir='ltr'>distincte</span> <span class='ocrx_word' id='word_1_297' title='bbox 1082 1559 1260 1596; x_wconf 87' lang='lat' dir='ltr'>adfirmat.</span> <span class='ocrx_word' id='word_1_298' title='bbox 1337 1558 1448 1595; x_wconf 89' lang='lat' dir='ltr'>Ponit</span> 
     </span>
     <span class='ocr_line' id='line_1_64' title="bbox 790 1615 1447 1665; baseline -0.002 -12"><span class='ocrx_word' id='word_1_299' title='bbox 790 1617 876 1654; x_wconf 87' lang='lat' dir='ltr'>inde</span> <span class='ocrx_word' id='word_1_300' title='bbox 899 1629 978 1653; x_wconf 86' lang='lat' dir='ltr'>eam</span> <span class='ocrx_word' id='word_1_301' title='bbox 1005 1616 1174 1654; x_wconf 88' lang='lat' dir='ltr'>Larcher.</span> <span class='ocrx_word' id='word_1_302' title='bbox 1198 1615 1273 1663; x_wconf 91' lang='lat' dir='ltr'>(l.l.</span> <span class='ocrx_word' id='word_1_303' title='bbox 1290 1629 1326 1665; x_wconf 88' lang='lat' dir='ltr'>p.</span> <span class='ocrx_word' id='word_1_304' title='bbox 1344 1616 1447 1664; x_wconf 90' lang='grc'>620)</span> 
     </span>
     <span class='ocr_line' id='line_1_65' title="bbox 789 1671 1446 1717; baseline -0.002 -8"><span class='ocrx_word' id='word_1_305' title='bbox 789 1673 827 1710; x_wconf 90' lang='lat' dir='ltr'>in</span> <span class='ocrx_word' id='word_1_306' title='bbox 860 1686 943 1710; x_wconf 91' lang='lat' dir='ltr'>ann.</span> <span class='ocrx_word' id='word_1_307' title='bbox 973 1674 1054 1714; x_wconf 87' lang='lat'>567</span> <span class='ocrx_word' id='word_1_308' title='bbox 1087 1685 1119 1709; x_wconf 86' lang='lat' dir='ltr'>a.</span> <span class='ocrx_word' id='word_1_309' title='bbox 1141 1672 1248 1717; x_wconf 82' lang='lat' dir='ltr'>Chr.;</span> <span class='ocrx_word' id='word_1_310' title='bbox 1287 1671 1446 1709; x_wconf 88' lang='lat' dir='ltr'>Schultz.</span> 
     </span>
     <span class='ocr_line' id='line_1_66' title="bbox 789 1729 1447 1780; baseline -0.002 -14"><span class='ocrx_word' id='word_1_311' title='bbox 789 1730 956 1780; x_wconf 81' lang='lat' dir='ltr'>(specim.</span> <span class='ocrx_word' id='word_1_312' title='bbox 979 1730 1027 1766; x_wconf 89' lang='lat' dir='ltr'>ad</span> <span class='ocrx_word' id='word_1_313' title='bbox 1048 1741 1173 1779; x_wconf 88' lang='lat' dir='ltr'>appar.</span> <span class='ocrx_word' id='word_1_314' title='bbox 1203 1729 1311 1766; x_wconf 88' lang='lat' dir='ltr'>critic.</span> <span class='ocrx_word' id='word_1_315' title='bbox 1342 1743 1378 1779; x_wconf 89' lang='lat' dir='ltr'>p.</span> <span class='ocrx_word' id='word_1_316' title='bbox 1392 1732 1447 1770; x_wconf 93' lang='grc'>22</span> 
     </span>
     <span class='ocr_line' id='line_1_67' title="bbox 791 1785 1446 1836; baseline -0.005 -12"><span class='ocrx_word' id='word_1_317' title='bbox 791 1800 866 1836; x_wconf 86' lang='lat' dir='ltr'>seq.</span> <span class='ocrx_word' id='word_1_318' title='bbox 887 1794 962 1823; x_wconf 84' lang='lat' dir='ltr'>not.</span> <span class='ocrx_word' id='word_1_319' title='bbox 986 1786 1060 1829; x_wconf 82' lang='lat'>45)</span> <span class='ocrx_word' id='word_1_320' title='bbox 1090 1786 1184 1822; x_wconf 90' lang='lat' dir='ltr'>circa</span> <span class='ocrx_word' id='word_1_321' title='bbox 1213 1785 1361 1836; x_wconf 80' lang='lat' dir='ltr'>Olymp.</span> <span class='ocrx_word' id='word_1_322' title='bbox 1378 1785 1446 1822; x_wconf 91' lang='lat' dir='ltr'>LII</span> 
     </span>
     <span class='ocr_line' id='line_1_68' title="bbox 792 1842 1446 1890; baseline -0.005 -9"><span class='ocrx_word' id='word_1_323' title='bbox 792 1858 820 1881; x_wconf 88' lang='lat' dir='ltr'>s.</span> <span class='ocrx_word' id='word_1_324' title='bbox 843 1844 926 1884; x_wconf 86' lang='grc'>572</span> <span class='ocrx_word' id='word_1_325' title='bbox 941 1865 980 1869; x_wconf 87' lang='grc'>-</span> <span class='ocrx_word' id='word_1_326' title='bbox 1003 1843 1084 1883; x_wconf 85' lang='grc'>569</span> <span class='ocrx_word' id='word_1_327' title='bbox 1113 1847 1198 1879; x_wconf 88' lang='lat' dir='ltr'>ante</span> <span class='ocrx_word' id='word_1_328' title='bbox 1217 1842 1318 1890; x_wconf 63' lang='lat' dir='ltr'>Chr„</span> <span class='ocrx_word' id='word_1_329' title='bbox 1347 1842 1446 1878; x_wconf 88' lang='lat' dir='ltr'>haud</span> 
     </span>
     <span class='ocr_line' id='line_1_69' title="bbox 789 1899 1160 1938; baseline -0.008 0"><span class='ocrx_word' id='word_1_330' title='bbox 789 1900 862 1938; x_wconf 85' lang='lat' dir='ltr'>scio</span> <span class='ocrx_word' id='word_1_331' title='bbox 883 1912 930 1936; x_wconf 88' lang='lat' dir='ltr'>an</span> <span class='ocrx_word' id='word_1_332' title='bbox 949 1899 1160 1936; x_wconf 87' lang='lat' dir='ltr'>accuratius.</span> 
     </span>
    </p>

    <p class='ocr_par' dir='ltr' id='par_1_11' title="bbox 785 1954 1447 2967">
     <span class='ocr_line' id='line_1_70' title="bbox 841 1954 1446 2002; baseline -0.002 -10"><span class='ocrx_word' id='word_1_333' title='bbox 841 1956 997 1992; x_wconf 89' lang='lat' dir='ltr'>Gravius</span> <span class='ocrx_word' id='word_1_334' title='bbox 1046 1956 1199 1993; x_wconf 89' lang='lat' dir='ltr'>alterum</span> <span class='ocrx_word' id='word_1_335' title='bbox 1248 1954 1337 1991; x_wconf 91' lang='lat' dir='ltr'>illud</span> <span class='ocrx_word' id='word_1_336' title='bbox 1376 1958 1446 2002; x_wconf 86' lang='lat' dir='ltr'>est,</span> 
     </span>
     <span class='ocr_line' id='line_1_71' title="bbox 789 2011 1444 2063; baseline -0.002 -14"><span class='ocrx_word' id='word_1_337' title='bbox 789 2013 889 2063; x_wconf 91' lang='lat' dir='ltr'>quod</span> <span class='ocrx_word' id='word_1_338' title='bbox 898 2012 1108 2049; x_wconf 83' lang='lat' dir='ltr'>Athenaeus</span> <span class='ocrx_word' id='word_1_339' title='bbox 1128 2012 1215 2049; x_wconf 89' lang='lat' dir='ltr'>XIII</span> <span class='ocrx_word' id='word_1_340' title='bbox 1234 2026 1270 2063; x_wconf 91' lang='lat' dir='ltr'>p.</span> <span class='ocrx_word' id='word_1_341' title='bbox 1290 2014 1387 2058; x_wconf 83' lang='lat'><strong>396,</strong></span> <span class='ocrx_word' id='word_1_342' title='bbox 1412 2011 1444 2048; x_wconf 93' lang='lat' dir='ltr'>B</span> 
     </span>
     <span class='ocr_line' id='line_1_72' title="bbox 788 2069 1446 2117; baseline -0.003 -10"><span class='ocrx_word' id='word_1_343' title='bbox 788 2074 914 2107; x_wconf 87' lang='lat' dir='ltr'>contra</span> <span class='ocrx_word' id='word_1_344' title='bbox 922 2069 1153 2106; x_wconf 86' lang='lat' dir='ltr'>Herodotum</span> <span class='ocrx_word' id='word_1_345' title='bbox 1172 2069 1326 2117; x_wconf 81' lang='lat' dir='ltr'>insurgit</span> <span class='ocrx_word' id='word_1_346' title='bbox 1345 2081 1446 2106; x_wconf 87' lang='lat' dir='ltr'>eum-</span> 
     </span>
     <span class='ocr_line' id='line_1_73' title="bbox 789 2125 1444 2176; baseline -0.003 -13"><span class='ocrx_word' id='word_1_347' title='bbox 789 2139 862 2176; x_wconf 92' lang='lat' dir='ltr'>que</span> <span class='ocrx_word' id='word_1_348' title='bbox 880 2127 1030 2172; x_wconf 85' lang='lat' dir='ltr'>incusat‚</span> <span class='ocrx_word' id='word_1_349' title='bbox 1051 2127 1152 2175; x_wconf 89' lang='lat' dir='ltr'>quod</span> <span class='ocrx_word' id='word_1_350' title='bbox 1175 2126 1333 2163; x_wconf 82' lang='lat' dir='ltr'>Charaxi</span> <span class='ocrx_word' id='word_1_351' title='bbox 1355 2125 1444 2162; x_wconf 89' lang='lat' dir='ltr'>ami-</span> 
     </span>
     <span class='ocr_line' id='line_1_74' title="bbox 788 2181 1446 2231; baseline -0.006 -10"><span class='ocrx_word' id='word_1_352' title='bbox 788 2196 867 2221; x_wconf 89' lang='lat' dir='ltr'>cam</span> <span class='ocrx_word' id='word_1_353' title='bbox 890 2182 1084 2219; x_wconf 66' lang='lat' dir='ltr'>Doricham</span> <span class='ocrx_word' id='word_1_354' title='bbox 1117 2187 1155 2221; x_wconf 91' lang='lat' dir='ltr'>et</span> <span class='ocrx_word' id='word_1_355' title='bbox 1190 2181 1446 2231; x_wconf 68' lang='lat' dir='ltr'>erorlopidem,</span> 
     </span>
     <span class='ocr_line' id='line_1_75' title="bbox 787 2239 1447 2289; baseline -0.003 -12"><span class='ocrx_word' id='word_1_356' title='bbox 787 2239 1013 2277; x_wconf 87' lang='lat' dir='ltr'>meretricem</span> <span class='ocrx_word' id='word_1_357' title='bbox 1040 2240 1228 2289; x_wconf 87' lang='lat' dir='ltr'>quondam</span> <span class='ocrx_word' id='word_1_358' title='bbox 1254 2239 1447 2286; x_wconf 90' lang='lat' dir='ltr'>celebrem,</span> 
     </span>
     <span class='ocr_line' id='line_1_76' title="bbox 787 2296 1446 2346; baseline -0.003 -12"><span class='ocrx_word' id='word_1_359' title='bbox 787 2297 969 2334; x_wconf 87' lang='lat' dir='ltr'>diversam</span> <span class='ocrx_word' id='word_1_360' title='bbox 1008 2300 1200 2346; x_wconf 89' lang='lat' dir='ltr'>utramque</span> <span class='ocrx_word' id='word_1_361' title='bbox 1246 2296 1446 2342; x_wconf 82' lang='lat' dir='ltr'>mulierem,</span> 
     </span>
     <span class='ocr_line' id='line_1_77' title="bbox 786 2353 1447 2404; baseline 0 -15"><span class='ocrx_word' id='word_1_362' title='bbox 786 2367 855 2404; x_wconf 90' lang='lat' dir='ltr'>pro</span> <span class='ocrx_word' id='word_1_363' title='bbox 896 2366 970 2390; x_wconf 90' lang='lat' dir='ltr'>una</span> <span class='ocrx_word' id='word_1_364' title='bbox 1016 2354 1220 2402; x_wconf 84' lang='lat' dir='ltr'>eademque</span> <span class='ocrx_word' id='word_1_365' title='bbox 1268 2353 1447 2390; x_wconf 87' lang='lat' dir='ltr'>habuerit.</span> 
     </span>
     <span class='ocr_line' id='line_1_78' title="bbox 785 2409 1444 2457; baseline -0.002 -11"><span class='ocrx_word' id='word_1_366' title='bbox 785 2409 978 2448; x_wconf 87' lang='lat' dir='ltr'>Accedunt</span> <span class='ocrx_word' id='word_1_367' title='bbox 1006 2410 1078 2447; x_wconf 86' lang='lat' dir='ltr'>alia</span> <span class='ocrx_word' id='word_1_368' title='bbox 1105 2410 1319 2447; x_wconf 89' lang='lat' dir='ltr'>testimonia</span> <span class='ocrx_word' id='word_1_369' title='bbox 1351 2409 1444 2457; x_wconf 91' lang='lat' dir='ltr'>(vid.</span> 
     </span>
     <span class='ocr_line' id='line_1_79' title="bbox 787 2466 1445 2517; baseline -0.002 -14"><span class='ocrx_word' id='word_1_370' title='bbox 787 2467 956 2504; x_wconf 89' lang='lat' dir='ltr'>Grauert.</span> <span class='ocrx_word' id='word_1_371' title='bbox 980 2466 1002 2503; x_wconf 88' lang='lat' dir='ltr'>l.</span> <span class='ocrx_word' id='word_1_372' title='bbox 1024 2479 1108 2503; x_wconf 85' lang='lat' dir='ltr'>mox</span> <span class='ocrx_word' id='word_1_373' title='bbox 1131 2466 1153 2504; x_wconf 86' lang='lat' dir='ltr'>l.</span> <span class='ocrx_word' id='word_1_374' title='bbox 1175 2480 1213 2517; x_wconf 92' lang='lat' dir='ltr'>p.</span> <span class='ocrx_word' id='word_1_375' title='bbox 1234 2468 1310 2507; x_wconf 86' lang='grc'>121</span> <span class='ocrx_word' id='word_1_376' title='bbox 1332 2466 1445 2514; x_wconf 87' lang='lat' dir='ltr'>seq.)‚</span> 
     </span>
     <span class='ocr_line' id='line_1_80' title="bbox 787 2522 1446 2573; baseline -0.003 -13"><span class='ocrx_word' id='word_1_377' title='bbox 787 2524 919 2573; x_wconf 86' lang='lat' dir='ltr'>quibus</span> <span class='ocrx_word' id='word_1_378' title='bbox 937 2527 1077 2561; x_wconf 84' lang='lat' dir='ltr'>certum</span> <span class='ocrx_word' id='word_1_379' title='bbox 1101 2524 1163 2570; x_wconf 85' lang='lat' dir='ltr'>fit,</span> <span class='ocrx_word' id='word_1_380' title='bbox 1183 2522 1361 2560; x_wconf 54' lang='lat' dir='ltr'>Dorio-leae</span> <span class='ocrx_word' id='word_1_381' title='bbox 1378 2535 1446 2559; x_wconf 81' lang='lat' dir='ltr'>no-</span> 
     </span>
     <span class='ocr_line' id='line_1_81' title="bbox 786 2580 1446 2629; baseline -0.003 -12"><span class='ocrx_word' id='word_1_382' title='bbox 786 2593 872 2617; x_wconf 89' lang='lat' dir='ltr'>men</span> <span class='ocrx_word' id='word_1_383' title='bbox 904 2580 1085 2618; x_wconf 86' lang='lat' dir='ltr'>meretrici</span> <span class='ocrx_word' id='word_1_384' title='bbox 1113 2580 1246 2627; x_wconf 85' lang='lat' dir='ltr'>fuisse,</span> <span class='ocrx_word' id='word_1_385' title='bbox 1275 2593 1348 2629; x_wconf 90' lang='lat' dir='ltr'>quo</span> <span class='ocrx_word' id='word_1_386' title='bbox 1377 2591 1446 2615; x_wconf 92' lang='lat' dir='ltr'>no-</span> 
     </span>
     <span class='ocr_line' id='line_1_82' title="bbox 786 2636 1445 2686; baseline -0.002 -13"><span class='ocrx_word' id='word_1_387' title='bbox 786 2637 883 2674; x_wconf 88' lang='lat' dir='ltr'>mine</span> <span class='ocrx_word' id='word_1_388' title='bbox 899 2637 957 2673; x_wconf 87' lang='lat' dir='ltr'>illa</span> <span class='ocrx_word' id='word_1_389' title='bbox 976 2641 1197 2674; x_wconf 87' lang='lat' dir='ltr'>memoratur</span> <span class='ocrx_word' id='word_1_390' title='bbox 1217 2636 1286 2673; x_wconf 88' lang='lat' dir='ltr'>hoc</span> <span class='ocrx_word' id='word_1_391' title='bbox 1304 2637 1384 2686; x_wconf 89' lang='lat' dir='ltr'>ipso</span> <span class='ocrx_word' id='word_1_392' title='bbox 1408 2636 1445 2672; x_wconf 84' lang='lat' dir='ltr'>in</span> 
     </span>
     <span class='ocr_line' id='line_1_83' title="bbox 786 2692 1445 2743; baseline 0 -14"><span class='ocrx_word' id='word_1_393' title='bbox 786 2694 943 2730; x_wconf 85' lang='lat' dir='ltr'>carmine</span> <span class='ocrx_word' id='word_1_394' title='bbox 963 2693 1150 2743; x_wconf 83' lang='lat' dir='ltr'>Sapphus,</span> <span class='ocrx_word' id='word_1_395' title='bbox 1170 2693 1218 2729; x_wconf 87' lang='lat' dir='ltr'>ad</span> <span class='ocrx_word' id='word_1_396' title='bbox 1237 2706 1346 2741; x_wconf 86' lang='lat' dir='ltr'>quam</span> <span class='ocrx_word' id='word_1_397' title='bbox 1366 2692 1445 2729; x_wconf 91' lang='lat' dir='ltr'>He-</span> 
     </span>
     <span class='ocr_line' id='line_1_84' title="bbox 786 2749 1446 2799; baseline -0.002 -13"><span class='ocrx_word' id='word_1_398' title='bbox 786 2751 939 2786; x_wconf 81' lang='lat' dir='ltr'>rodotus</span> <span class='ocrx_word' id='word_1_399' title='bbox 975 2754 1163 2799; x_wconf 85' lang='lat' dir='ltr'>provocat.</span> <span class='ocrx_word' id='word_1_400' title='bbox 1233 2749 1283 2786; x_wconf 89' lang='lat' dir='ltr'>At</span> <span class='ocrx_word' id='word_1_401' title='bbox 1320 2754 1446 2785; x_wconf 88' lang='lat' dir='ltr'>monet</span> 
     </span>
     <span class='ocr_line' id='line_1_85' title="bbox 787 2806 1446 2856; baseline 0 -14"><span class='ocrx_word' id='word_1_402' title='bbox 787 2808 959 2844; x_wconf 80' lang='lat' dir='ltr'>Grauert.</span> <span class='ocrx_word' id='word_1_403' title='bbox 989 2806 1025 2842; x_wconf 89' lang='lat' dir='ltr'>in</span> <span class='ocrx_word' id='word_1_404' title='bbox 1055 2806 1247 2856; x_wconf 81' lang='lat' dir='ltr'>appendic.</span> <span class='ocrx_word' id='word_1_405' title='bbox 1277 2806 1364 2842; x_wconf 81' lang='lat' dir='ltr'>diss.</span> <span class='ocrx_word' id='word_1_406' title='bbox 1398 2806 1446 2842; x_wconf 85' lang='lat' dir='ltr'>de</span> 
     </span>
     <span class='ocr_line' id='line_1_86' title="bbox 785 2862 1442 2912; baseline -0.003 -14"><span class='ocrx_word' id='word_1_407' title='bbox 785 2863 933 2912; x_wconf 83' lang='lat' dir='ltr'>Aesopo</span> <span class='ocrx_word' id='word_1_408' title='bbox 973 2868 1084 2910; x_wconf 86' lang='lat' dir='ltr'>atque</span> <span class='ocrx_word' id='word_1_409' title='bbox 1122 2862 1245 2899; x_wconf 82' lang='lat' dir='ltr'>fabull.</span> <span class='ocrx_word' id='word_1_410' title='bbox 1279 2862 1442 2910; x_wconf 90' lang='lat' dir='ltr'>Aesopp.</span> 
     </span>
     <span class='ocr_line' id='line_1_87' title="bbox 786 2918 1445 2967; baseline -0.002 -12"><span class='ocrx_word' id='word_1_411' title='bbox 786 2919 923 2965; x_wconf 82' lang='lat' dir='ltr'>(Boun.</span> <span class='ocrx_word' id='word_1_412' title='bbox 953 2918 1100 2967; x_wconf 79' lang='lat'>1825),</span> <span class='ocrx_word' id='word_1_413' title='bbox 1131 2919 1194 2956; x_wconf 88' lang='lat' dir='ltr'>ubi</span> <span class='ocrx_word' id='word_1_414' title='bbox 1217 2922 1332 2956; x_wconf 85' lang='lat' dir='ltr'>totam</span> <span class='ocrx_word' id='word_1_415' title='bbox 1352 2918 1445 2954; x_wconf 88' lang='lat' dir='ltr'>hanc</span> 
     </span>
    </p>
   </div>
  </div>
 </body>
</html>
