1777 3324
195 1001 295 1045 143

24 1065 170 1093 caeteros
213 1065 302 1092 Ionas

22 1100 118 1139 fuissq
156 1098 302 1138 infirmo-s,

23 1136 55 1159 et
72 1141 119 1160 sui
137 1140 188 1160 eos
205 1140 299 1160 nouu-

22 1167 69 1194 nis
85 1165 238 1202 puduisse.

353 251 438 291 332

748 249 1218 290 HERODOTI

325 352 488 402 δαῦται
516 359 563 403 δὲ
595 360 641 403 αἵ
668 359 813 412 πόλιες
841 364 939 418 τῇσι
977 360 1193 416 πρότερον
1231 360 1474 417 λεχθείσῃσι
1513 359 1616 417 ὁμο·

353 439 556 494 λογέουσι
583 439 693 482 κατὰ
722 443 922 495 γλῶσσαν
951 438 1104 491 οὐδὲν,
1147 441 1225 496 σφὶ
1257 441 1302 483 δὲ
1333 437 1616 496 ὁμοφωνέου-

355 530 409 562 σι.
467 518 529 562 ἔτι
559 519 606 563 δὲ
644 523 757 574 τρεῖς
793 519 1030 564 ὑπόλοιποι
1064 517 1196 571 Ἰάδες
1233 519 1402 570 πόλιες,
1452 522 1541 561 τῶν
1573 521 1673 562 αἱ95

355 595 437 642 δύο
467 597 546 653 μὲν
578 595 742 652 νήσους
773 598 984 649 οἰκέαται,
1025 597 1184 654 Σάμον
1220 615 1263 642 τε
1300 599 1373 641 καὶ
1407 599 1538 641 Χίον·
1586 595 1615 654 ἡ

323 676 401 720 Ἰδὲ
428 677 507 731 μία
537 675 584 720 ἐν
611 680 666 732 τῇ
703 674 866 733 ἠπείρῳ
896 678 1094 730 ἵδρυται,
1129 677 1347 732 Ἐρυθραί.
1407 681 1508 720 Χῖοι
1537 676 1618 733 μέν

352 770 438 798 νυν
462 754 535 798 καὶ
562 751 820 808 Ἐρυθραῖοι
837 755 947 798 κατα
968 754 1106 800 τώυτὸ
1130 757 1415 812 διελέγονται,
1452 754 1619 811 Σάμιοι

353 833 401 877 δὲ
431 832 491 876 ἐπ’
521 833 697 877 ἑωυτῶν
726 837 896 888 μοῦνοι.
956 829 1079 878 οὗτοι
1117 840 1384 891 χαρακτῆρες
1421 833 1620 891 γλώσσης
1686 845 1739 884 71

353 909 549 966 τέσσερες
578 913 788 967 γίνονται.

471 989 655 1034 Τούτων
685 990 738 1047 δὴ
779 985 842 1034 ὦν
880 993 968 1033 τῶν
1007 988 1168 1034 Ἰώνων
1207 992 1253 1035 οἱ
1289 990 1502 1048 Μιλήσιοι
1537 991 1645 1049 μὲνῙ

358 1066 473 1128 ἦσαν
512 1069 558 1114 ἐν
600 1070 735 1127 σκέπῃ
774 1073 857 1113 τοῦ
895 1068 1068 1127 φόβου,
1129 1070 1283 1127 ὅρκιον
1321 1070 1621 1128 ποιησάμενοι.

355 1154 472 1193 τοῖσι
499 1150 546 1193 δὲ
577 1148 725 1193 αὐτῶν
761 1148 1000 1207 νησιώτῃσι
1037 1144 1094 1206 ἦν
1134 1150 1282 1194 δεινὸν
1319 1148 1473 1195 οὐδέν·
1519 1149 1620 1194 οὔτε

354 1228 440 1285 γὰρ
476 1229 676 1280 Φοίνικες
703 1223 818 1285 ἦσάν
847 1245 910 1272 κω
933 1227 1138 1284 Περσέων
1155 1229 1383 1286 κατήκοοι,
1415 1227 1622 1274 offusa&-

325 1309 428 1353 Ξτοὶ
458 1309 501 1352 οἱ
527 1308 694 1364 Πέρσαι
723 1307 953 1365 ναυβάται.
999 1306 1340 1366 Ἀπεσχίσθησαν
1360 1309 1406 1353 δὲ
1424 1308 1511 1353 α’πὸ
1530 1312 1648 1352 τῶν5

355 1387 498 1432 ἄλλων
523 1385 686 1432 Ἰώνων
714 1382 837 1432 οὗτοι
865 1386 967 1432 κατ’
997 1386 1102 1432 ἄλλο
1119 1388 1200 1446 μὲν
1221 1387 1352 1433 οὐδὲν
1367 1420 1381 1443 ,
1410 1387 1620 1440 ἀσθενέος

295 1608 434 1658 Η)Ἰῐιιι.
456 1608 493 1644 in
512 1606 652 1645 Pallad.
670 1620 721 1644 vs.
740 1607 795 1650 24
816 1622 854 1660 p.
871 1609 954 1651 632

297 1678 401 1715 seqq.

351 1720 381 1772 ἦ
393 1718 436 1760 δὲ
456 1719 528 1771 μία
549 1718 591 1760 ἐν
606 1722 658 1774 τῇ
675 1715 830 1774 ἠπείρῳ
845 1719 954 1771 ἵδρυ-

296 1793 382 1826 ται,
430 1774 647 1829 Ἐρυθραί]
717 1777 952 1815 Grammatici

297 1834 405 1872 scribi
429 1834 555 1871 volunt
584 1830 794 1886 Ἐρυθραὶ,
836 1835 866 1872 si
892 1833 952 1871 Io-

296 1904 385 1928 num
431 1891 653 1939 intelligatur
696 1891 841 1937 civitas,
885 1891 951 1928 sed

295 1942 508 1999 Ἐρύθραι,
539 1948 568 1984 si
589 1947 636 1984 de
653 1947 827 1985 Boeotica
844 1947 949 1983 huius

296 2004 453 2041 nominis
477 2004 567 2040 urbe
585 2016 702 2040 sermo
725 2003 781 2040 sit.
841 2003 949 2039 conf.

295 2059 418 2096 Schol.
439 2060 487 2096 ad
502 2059 604 2095 Iliad.
625 2059 671 2106 ΙΙ,
694 2058 775 2099 489
795 2058 950 2096 etwes-

298 2115 425 2164 seling.
455 2116 504 2152 ad
525 2115 679 2153 Diodor.
710 2114 820 2151 Sicul.
849 2114 948 2152 '1111

296 2184 383 2223 pag.
405 2171 499 2212 365.
557 2170 690 2217 Nunc,
719 2175 758 2207 ut
784 2170 849 2208 Cr.
871 2184 950 2208 mo-

298 2229 398 2274 nuit,
437 2227 634 2264 accuratius
664 2227 711 2264 de
747 2227 801 2263 his
826 2227 951 2264 statuit

297 2283 521 2332 Gisttlingius
544 2283 600 2331 (in
618 2282 755 2332 Syllog.
768 2283 951 2334 Inscriptt.

298 2342 448 2378 Graece.
499 2340 555 2376 ed.
599 2340 738 2377 Osann.
784 2341 903 2377 fascic.
935 2339 952 2377 I

297 2410 384 2448 pag.
403 2397 481 2444 5),
511 2396 653 2434 reiectis
683 2397 951 2433 Grammatico-

297 2467 376 2491 rum
394 2453 523 2500 nugis,
553 2465 598 2489 ex
623 2452 793 2502 analogia
815 2454 950 2491 docens

296 2509 402 2547 scribi
422 2505 723 2559 posse'Z'Qvfipcc
747 2515 783 2547 et
806 2510 843 2546 in
869 2509 952 2560 plu-

295 2566 360 2603 rali
394 2560 598 2617 Ἐρυθραί.
656 2566 753 2603 Hinc
783 2566 952 2616 rescripsi

294 2618 526 2673 Ἐρυθραί,
584 2622 763 2672 probante
805 2636 950 2672 quoque

296 2677 432 2717 Siebel.
460 2679 508 2715 ad
536 2677 692 2715 Pausau.
714 2679 801 2727 VH,
823 2681 848 2720 3
870 2678 907 2730 ἓ.
922 2679 950 2721 4

297 2748 383 2787 pag.
410 2735 502 2776 113.

353 2786 505 2841 Σάμιοι
525 2787 568 2830 δὲ
588 2786 647 2830 ἐπ’
669 2789 827 2831 ἑωυτῶν
846 2795 949 2843 μοῦ-

298 2849 388 2893 νοι]
420 2843 481 2897 ἐφ’
501 2845 646 2887 ἑαυτοῦ
664 2848 695 2886 is
715 2849 866 2897 dicitur,
887 2850 949 2899 qui

300 2903 494 2956 quidsacz't
506 2917 569 2956 per
588 2918 623 2943 se
637 2908 669 2942 et
692 2906 788 2956 apud
808 2919 841 2943 se
854 2935 863 2953 ‚
894 2920 948 2944 so-

1023 1608 1103 1656 lus,
1131 1608 1218 1646 aliis
1246 1609 1410 1649 exclusis.
1468 1607 1552 1646 Vid.
1581 1619 1676 1657 quae

1022 1666 1096 1703 dixi
1119 1665 1158 1702 in
1173 1665 1313 1704 Melett.
1332 1667 1463 1704 Creuz.
1482 1664 1536 1701 111
1555 1677 1592 1714 p.
1608 1666 1674 1705 71.

1021 1722 1076 1759 Ita
1099 1735 1177 1772 cap.
1202 1723 1369 1772 sequenti
1391 1720 1473 1762 ἐπὶ
1502 1718 1676 1770 σφέων

1023 1794 1048 1817 α
1063 1774 1090 1818 ν’
1100 1794 1121 1817 τ
1133 1781 1167 1818 οἳ
1177 1793 1220 1827 ν,
1252 1780 1353 1828 quod
1381 1779 1468 1816 citat
1495 1776 1675 1814 Matthiae

1021 1836 1086 1873 Gr.
1112 1836 1177 1873 Gr.
1209 1833 1246 1887 §.
1268 1835 1372 1883 584,
1392 1847 1415 1873 a
1442 1846 1529 1885 pag.
1552 1834 1672 1874 1163.

1189 1920 1220 1956 c
1233 1931 1255 1956 a
1268 1932 1304 1970 p.
1336 1917 1503 1955 CXLm.

1074 1996 1182 2054 ἦσαν
1204 2001 1248 2042 ἐν
1269 2000 1394 2056 σκέπῃ
1414 2003 1489 2042 τοῦ
1516 1997 1675 2054 φόβου]

1017 2060 1040 2096 i.
1063 2072 1095 2096 e.
1139 2061 1177 2096 z'n
1213 2072 1251 2096 eo
1282 2059 1447 2110 foedere,
1479 2058 1569 2109 quod
1598 2071 1677 2096 cum

1020 2116 1111 2166 Cyro
1129 2118 1283 2163 icerant,
1305 2119 1415 2152 metus
1433 2119 1590 2152 tutamen
1608 2115 1676 2152 Ιια-

1017 2172 1162 2219 bebant,
1201 2178 1242 2210 ut
1268 2172 1532 2221 W'esselingius
1563 2173 1677 2209 inter-

1016 2234 1202 2280 pretatur,
1243 2243 1270 2266 s.
1301 2231 1373 2265 tuti
1399 2232 1498 2266 erant
1527 2242 1551 2266 a
1582 2231 1676 2265 metu

1019 2289 1170 2335 propter
1190 2285 1281 2322 illud
1306 2286 1451 2323 foedus.
1508 2285 1675 2322 Recurrit

1019 2342 1152 2379 locutio
1181 2342 1270 2389 Vll,
1306 2345 1397 2383 172.
1420 2341 1526 2389 215,
1564 2353 1675 2390 quam

1020 2399 1175 2436 eandem
1201 2399 1358 2435 imitatus
1385 2403 1441 2436 est
1460 2398 1638 2434 Aristides
1655 2396 1673 2433 I

1018 2468 1056 2505 p-
1077 2454 1159 2495 476
1176 2455 1247 2492 alii.
1284 2454 1367 2493 Vid.
1389 2454 1673 2502 Wesselingium

1020 2512 1067 2548 ad
1086 2511 1122 2548 h.
1141 2511 1164 2548 l.

1074 2570 1178 2607 τοῖσι
1198 2564 1241 2606 δὲ
1271 2562 1428 2617 αὐτῶν]
1464 2561 1596 2605 αὐτῶν
1616 2565 1672 2603 bis

1018 2623 1087 2661 hoc
1111 2625 1230 2674 capite
1250 2628 1287 2661 et
1305 2623 1340 2671 Ι,
1361 2622 1442 2664 144
1461 2636 1542 2660 cum
1554 2623 1673 2660 Gaisf.

1017 2680 1184 2730 rescripsi
1218 2693 1286 2731 pro
1327 2675 1493 2719 αὐτέων.
1523 2701 1580 2707 —-
1614 2678 1674 2717 De

1017 2732 1214 2787 κατήκοος
1234 2738 1330 2774 conf.
1352 2736 1401 2773 ad
1418 2736 1457 2783 Ι,
1479 2738 1571 2777 141.

1075 2788 1380 2843 ἀπεσχίσθησαν
1415 2790 1459 2832 δὲ
1489 2788 1568 2831 ἆπὸ
1591 2792 1673 2830 τῶν

1020 2846 1149 2888 ἄλλων
1177 2845 1321 2888 Ἰώνων
1355 2844 1465 2888 οὗτοι
1496 2863 1532 2887 κ.
1563 2861 1596 2886 τ.
1623 2847 1671 2897 λ.]

1021 2900 1081 2946 οὗ
1093 2921 1142 2946 το
1155 2921 1191 2955 ι,
1222 2907 1252 2944 si
1283 2905 1468 2955 vulgarem
1497 2905 1671 2943 sermonis
1688 2952 1693 2955 .
