1768 3315
278 269 363 311 276
672 266 1141 308 HERODOTI

251 377 604 436 3μεταπέμψαιτο
634 375 768 434 αὐτῆς
795 377 874 421 τὸν
905 376 1056 432 ἄνδρα.
1115 375 1206 420 ἐπεί
1234 390 1278 418 τε
1304 373 1351 418 δὲ
1379 370 1538 417 ἇπονο-
1550 375 1594 414 41

281 457 440 515 στήσας
467 457 643 514 ἐπέστη,
683 454 754 501 οἷα
783 457 825 509 ἐξ
855 456 1042 500 ἀέλπτου
1072 456 1227 499 ἰδοῦσα
1257 453 1282 511 ἡ
1312 452 1444 509 γυνὴ,
1481 453 1540 496 εἴ·

282 552 380 594 ρετο
410 535 621 593 προτέρη,
671 535 696 580 ὅ
723 553 764 578 τι
793 552 870 591 μιν
900 534 1017 579 οὕτω
1045 533 1287 589 προθύμως
1322 531 1542 587 ΓἍρπαγος

249 616 616 674 4μεταπέμψαιτο.

675 612 698 656 ὁ
730 614 776 657 δὲ
802 612 909 657 εἷπε·

968 608 1052 664 »Ὧι
1082 611 1236 669 γύναι,
1274 609 1394 655 εἶδόν
1422 627 1467 654 τε
1495 610 1540 662 ἐς
1552 612 1598 650 45

280 693 448 747 »πόλιν
482 691 626 736 ἐλθών
673 691 749 735 καὶ
785 691 953 747 ἥκουσα
991 691 1040 734 τὸ
1080 691 1184 748 μήτε
1222 690 1540 746 ἰδεῖνόφελον,

281 771 422 829 »μήτε
451 769 550 814 κοτὲ
578 769 782 825 γενέσθαι
821 770 864 820 ἐς
902 769 1113 822 δεσπότας
1150 770 1255 821 τούς
1291 768 1541 826 ἡμετέρους.

280 849 436 902 ,,οἶκος
464 849 542 904 μὲν
570 853 654 898 πᾶς
679 847 901 903 Ἁρπάγου
931 851 1148 905 κλαυθμῷ
1177 850 1415 903 κατείχετο·
1455 845 1539 902 ἐγώ

253 937 313 981 5,,
327 929 372 972 δὲ
411 927 650 982 ἐκπλαγεὶς,
698 926 775 982 ἤϊα
816 926 909 970 ἔσω.
969 927 1028 977 ὠς
1060 926 1104 970 δὲ
1134 926 1309 981 τάχιστοι
1337 926 1539 981 ἐσῆλθον,

279 1006 427 1063 »ὁρέω
455 1007 632 1050 παιδίον
661 1007 969 1062 προκείμενον,
997 1003 1212 1059 ἀσπαῖρόν
1240 1020 1285 1047 τε
1313 1004 1387 1048 καὶ
1407 1020 1539 1059 κραυ-
1552 1010 1598 1045 50

280 1084 581 1142 ,,γανόμενον,
641 1085 968 1142 κεκοσμημένον
1015 1087 1161 1140 χρυσῷ
1199 1099 1244 1127 τε
1282 1083 1354 1126 καὶ
1393 1082 1543 1140 ἐσθῆτι

254 1167 510 1222 6,,ποικίλῃ.
555 1163 771 1221 Ἅρπαγος
802 1164 847 1208 δὲ
877 1162 936 1217 ὦς
965 1161 1049 1208 εἶδέ
1077 1180 1148 1221 με,
1180 1162 1345 1207 ἐκέλευε
1365 1161 1446 1219 τήν
1468 1178 1541 1205 τοι-

282 1338 350 1382 οἷα
385 1340 425 1389 ἐξ
463 1335 632 1379 οἷέλπτου
672 1335 818 1379 ἰδοῦσα
848 1337 878 1391 ἦ

225 1413 325 1451 γυνη
300 1395 351 1450 “]
390 1398 449 1436 De
476 1393 543 1436 οἷα
572 1400 657 1434 ante
686 1396 878 1448 participia

225 1456 366 1493 monuit
410 1453 588 1491 Matthiae
625 1451 662 1503 §.
702 1454 805 1501 569,
849 1455 875 1493 7

225 1524 312 1563 pag.
344 1510 475 1558 1125,
518 1510 689 1558 idemque
725 1508 761 1559 ἓ.
794 1507 876 1551 574

225 1580 312 1619 pag.
339 1566 448 1609 1134
477 1566 525 1603 de
554 1565 710 1603 dictione
729 1565 768 1613 ἐξ
792 1561 875 1604 αέλ-

225 1639 326 1663 πτου
352 1623 415 1672 (ex
436 1622 652 1672 z'nsperato);
687 1622 735 1658 ad
766 1632 875 1671 quam

224 1680 475 1717 illustrandam
492 1679 599 1716 etiam
611 1677 878 1727 VVesseliugius

225 1736 364 1786 aliquot
400 1736 626 1774 Graecorum
658 1734 876 1784 scriptorum

225 1791 325 1831 locos
345 1791 476 1829 attulit.
506 1812 563 1818 —-
603 1790 647 1827 In
675 1803 778 1840 seqq.
801 1787 823 1830 ’ὅ
840 1805 878 1829 τι

225 1850 390 1899 accipere
399 1848 502 1886 licet:
515 1850 657 1897 propter
668 1847 753 1897 quid
765 1876 776 1894 ‚
795 1860 877 1891 cur;

226 1905 291 1942 ubi
305 1901 371 1943 διὰ
403 1904 575 1941 omissum
603 1903 713 1951 vulgo
732 1904 876 1941 docent.

227 1961 335 1998 Conf.
348 1960 479 1997 sitanti
497 1964 572 2007 est,
584 1958 715 1996 Matth.
732 1958 769 2010 ἓ.
781 1959 877 2007 477,

228 2029 249 2054 e
277 2029 364 2071 pag
386 2017 480 2057 893

284 2072 314 2110 ὠ
339 2086 483 2123 γυναι,
515 2067 622 2110 εἶδόν
649 2084 689 2109 τε
719 2085 754 2108 κ.
769 2084 800 2109 τ.
824 2068 875 2120 λ.]

226 2123 364 2181 γύναι,
421 2127 758 2177 compellamentum
809 2127 878 2163 ho-

226 2183 471 2221 nestissimum
498 2184 595 2233 apud
622 2187 764 2221 veteres
792 2183 879 2220 dicit

225 2239 387 2278 Fischer.
408 2240 456 2276 ad
469 2237 687 2276 Anacreont.
708 2239 793 2286 XX,
812 2241 876 2280 11.

225 2294 269 2332 In
285 2308 391 2344 seqq.
421 2296 469 2331 ad
501 2295 601 2332 verbi
624 2293 771 2343 ὄφελον
793 2309 874 2332 cum

226 2351 401 2388 infinitivo
420 2364 525 2387 usum
537 2351 581 2386 iis
598 2351 635 2387 in
647 2352 767 2398 rebus,
783 2364 873 2400 quas

226 2407 303 2444 fieri
323 2407 448 2456 utique
474 2407 679 2456 oportuisse
695 2408 872 2453 volumus,

227 2475 322 2512 quae
347 2476 433 2500 vero
461 2476 592 2513 reapse
623 2464 786 2500 nondum
817 2466 873 2500 fa-

227 2522 306 2557 ctae
325 2524 430 2566 sunt‚
457 2520 552 2555 conf.
574 2518 702 2556 Matth.
732 2518 768 2570 ἓ.
791 2520 872 2561 513

226 2578 301 2611 not.
319 2576 344 2615 3
365 2588 450 2624 pag.
464 2577 556 2616 976.
585 2574 872 2613 Blomsseld.not.

226 2631 275 2668 ad
294 2630 460 2679 Aeschyl.
486 2630 587 2668 Pers.
607 2633 688 2673 912
711 2645 797 2682 pag.
820 2634 874 2673 84

228 2687 285 2727 ed.
306 2687 516 2735 Cantabrig.

283 2740 322 2787 ἐς
337 2738 526 2789 δεσπότας
537 2739 630 2789 τούς
640 2741 870 2794 ἡμετέρους]

228 2796 267 2844 ἒς
298 2798 333 2835 h.
359 2798 382 2835 l.
414 2803 488 2836 est:
535 2800 625 2848 quod
660 2803 785 2837 attinet
814 2802 872 2837 ad.

226 2854 441 2904 Scripsimus
459 2867 539 2893 cum
563 2855 681 2892 Gaisf.
706 2869 747 2894 ac
777 2858 872 2907 poti-

228 2910 349 2948 oribus
367 2911 465 2948 libris
488 2909 679 2958 δεσπότας
691 2941 701 2959 ,
732 2918 771 2949 ut
787 2914 871 2951 item

944 1338 1076 1389 legitur
1102 1338 1142 1387 Ι,
1167 1341 1246 1380 129
1268 1337 1330 1375 fin.
1388 1335 1508 1386 Vulgo
1537 1336 1597 1375 δε-

947 1392 1130 1443 σπότεας,
1166 1408 1261 1445 quae
1293 1396 1412 1432 forma
1439 1393 1598 1444 pertinet

946 1453 994 1489 ad
1014 1454 1169 1489 formam
1197 1449 1404 1503 ἐξηγητέας
1433 1463 1475 1487 ac
1499 1449 1598 1487 simi-

946 1508 1012 1546 les.
1044 1509 1151 1545 conf.
1176 1507 1214 1556 Ι,
1244 1509 1310 1550 78.
1358 1506 1529 1545 Recurrit
1558 1505 1598 1554 Ι,

944 1567 1036 1606 112.

999 1635 1043 1659 κε
1028 1616 1248 1671 εκοσμημέι
1253 1634 1298 1659 ον
1318 1620 1449 1673 χρυσῷ
1468 1632 1509 1657 τε
1528 1632 1598 1657 και

943 1674 1088 1728 ἐσθῆτι
1110 1675 1309 1744 ποικίλῃ]
1323 1676 1466 1713 Eodem
1488 1679 1597 1725 pacto

943 1734 1053 1785 paulo
1091 1734 1206 1770 infra.
1246 1730 1368 1785 ὁρέων
1399 1733 1531 1786 χρυσῷ
1556 1745 1598 1771 τε

943 1789 1012 1829 καὶ
1023 1785 1480 1841 εἳ’μασικεκοσιιημένον,·
1499 1787 1599 1837 quod

947 1847 1127 1897 explicant
1164 1859 1208 1883 eo
1255 1845 1399 1883 dicendi
1448 1856 1598 1893 genere,

945 1904 1046 1952 quod
1065 1902 1174 1951 vulgo
1194 1900 1415 1952 appellant‘*
1399 1914 1440 1939 εν
1453 1897 1519 1939 δια
1533 1900 1599 1938 δυ-

947 1962 1033 2006 οῖν,-
1061 1963 1102 1995 ut
1127 1958 1235 1995 suerit
1253 1956 1425 2008 puerulus
1448 1960 1597 1994 ornatus

945 2018 1072 2051 aurata
1091 2026 1132 2051 ac
1150 2014 1337 2062 variegata
1357 2017 1470 2050 veste.
1521 2012 1598 2050 Ea-

946 2071 1027 2108 dem
1046 2069 1178 2107 locutio
1200 2074 1316 2107 exstat
1333 2069 1406 2117 ΙΙΙ,
1428 2070 1450 2110 1
1464 2098 1475 2117 ,
1506 2081 1598 2119 qua-

944 2140 1026 2164 cum
1066 2127 1159 2163 conf.
1188 2124 1369 2162 Plutarch.
1406 2123 1596 2164 Artaxerx.

947 2182 1010 2224 15.
1047 2204 1103 2210 ——
1143 2182 1215 2219 Pro
1253 2177 1596 2234 κραυγανόμε-

943 2253 967 2277 ν
981 2254 1001 2278 0
1014 2254 1058 2286 ν,
1089 2239 1189 2288 quod
1209 2239 1373 2289 proxime
1399 2239 1595 2286 antecedit,

944 2268 1218 2332 Schellershem.
1239 2295 1330 2333 liber
1347 2295 1512 2344 aliusque
1522 2294 1596 2332 Pa-

942 2351 1075 2388 risinus
1102 2352 1282 2401 praebent
1302 2347 1595 2416 κραυγαντόμε-

941 2423 1035 2455 νον,
1074 2407 1165 2444 alius
1191 2408 1283 2444 liber
1311 2422 1518 2460 κοαυγαυο
1529 2421 1594 2458 με

941 2479 1025 2503 νοι.
1055 2463 1167 2501 Unde
1193 2463 1380 2501 Lobeckio
1411 2465 1459 2500 ad
1476 2463 1595 2513 Phry-

942 2521 1035 2557 nich
1060 2532 1146 2570 pag.
1167 2521 1249 2560 337
1274 2519 1471 2568 legendum
1492 2519 1596 2558 vide-

941 2581 999 2613 tur
1013 2591 1134 2628 xgmyy
1138 2572 1336 2626 ανόμενον
1364 2576 1405 2624 (a
1423 2591 1593 2639 κραγγα-

943 2647 1018 2680 νω,
1055 2636 1094 2668 ut
1121 2627 1292 2683 κλαγμιι
1298 2633 1368 2680 ω),
1407 2634 1468 2681 qui
1494 2633 1594 2671 idem

943 2701 1024 2726 cum
1068 2687 1193 2724 laudat
1237 2688 1508 2726 Blomfieldium
1544 2690 1593 2726 ad

941 2742 1070 2781 Aesch.
1096 2743 1198 2781 Pers.
1219 2757 1255 2794 p.
1274 2747 1353 2786 189
1382 2746 1594 2795 praeferen-

941 2805 1013 2837 tem
1045 2814 1169 2850 κραυγ
1183 2815 1206 2838 α
1219 2815 1231 2837 ι,
1244 2797 1419 2850 νόμενον
1429 2829 1441 2848 ,
1488 2802 1593 2850 equi-

941 2856 1070 2894 demin
1082 2869 1167 2893 mea
1187 2857 1345 2896 editione
1365 2856 1591 2907 (Lipsiensi)

938 2912 1023 2949 nihil
1042 2911 1113 2949 tale
1140 2913 1299 2962 reperire
1315 2913 1430 2965 potui.
1491 2913 1590 2952 citat

1754 1589 1764 1824 ι

1747 1911 1762 2248 l
