1759 3324
515 255 1036 300 EUTERPE.11.
1312 257 1398 300 537

136 371 195 425 ὥς
223 371 294 429 ἐμὲ
321 368 590 419 κατανοέειν,
620 368 742 418 δίνας
769 365 893 417 τινας
920 364 1058 422 ταύτῃ
1091 363 1249 415 ἐούσας
1271 365 1393 421 ἰσχυ-

134 451 215 506 ροὲς
241 450 313 494 καὶ
341 447 624 503 παλιρροίην·
672 442 744 489 οἷα
774 444 820 489 δὲ
850 444 1141 500 ἐμβάλλοντος
1170 447 1252 488 τοῦ
1281 445 1391 489 ὕδα-

136 546 209 580 τος
235 532 347 571 τοῖσι
376 525 547 580 οὔρεσι,
576 523 634 580 μὴ
665 523 887 568 δύνασθαι
913 525 1168 580 κατιεμένην
1185 541 1391 568 καταπει-

12 608 78 654 29
135 608 339 664 ρητηρίην
377 605 419 655 ἐς
448 602 616 660 βυσσὸν
645 603 769 647 ἰέναι.
817 602 978 647 ’Ἀλλου
1020 603 1066 647 δὲ
1101 601 1282 656 οὐδενὸς
1313 602 1390 648 οὐη
1448 605 1535 634 υῑῑῐὸ
1551 606 1725 642 ΕῙΘΡΜΜῑ·

1447 649 1516 667 nam
1538 642 1635 675 qualis
1663 641 1724 669 Nili

130 686 205 731 δὲν
242 682 463 739 ἐδυνάμην
505 682 740 726 πυθέσθαι.
799 680 907 725 ἄλλα
944 680 1123 726 τοσόνδε
1163 683 1242 740 μὲν
1283 681 1387 727 ἄλλο
1444 675 1726 746 ῗζέἷζξῷρῃξῗᾛῗ

128 765 199 809 ἐπὶ
227 762 500 820 μακρότατον
529 761 781 819 ἐπυθόμην,
819 760 942 818 μέχρι
971 761 1050 817 μὲν
1086 740 1601 819 Ἐλεφαντίνηςίιοῖιιῗὲῖῗιῗί.
1619 742 1725 815 1)ίὲἷῖζὲ

176 842 186 856 ,
357 841 368 856 ‚
409 841 419 856 ,
560 842 572 856 ,
662 840 670 854 .
811 840 819 854 =
885 838 896 855 ‚
945 838 956 854 ‚
1005 840 1014 854 κ
1115 840 1126 855 ν
1286 840 1296 855 ‚
1367 846 1385 854 ν
1442 809 1725 878 xgbfifbfflbc‘ssfflff

128 847 280 895 πολιος
310 858 527 898 αυτοπτης
555 846 722 893 ελθων,
771 857 820 885 το
853 843 877 885 δ
929 856 1014 885 απο
1044 858 1231 893 τουτου,
1271 859 1382 900 ακοῃ
1440 874 1581 912 Iovisque
1618 884 1725 904 oracu-

99 920 214 980 Ξῆδη
244 922 464 975 ἱστορέων.
518 919 622 964 'Auo
655 918 959 978 Ἐλεφαντίνης
995 920 1146 972 πόλιος
1175 920 1266 964 ἄνω
1296 920 1390 965 ἰόν-
1445 908 1518 938 ¹⁰⁸¹·

126 1018 189 1053 τι,
218 1000 401 1053 ἅναντὲς
431 1001 519 1045 ἐστι
549 1001 733 1056 χωρίον·
784 999 920 1058 ταύτῃ
950 994 1015 1044 ὦν
1052 1002 1121 1044 δεῖ
1154 998 1203 1044 τὸ
1234 1004 1394 1044 πλοῖον

72 1219 121 1258 do
148 1220 375 1258 reddendum
404 1221 629 1258 censuimus:
659 1223 726 1268 „ut

71 1277 226 1326 equidem
238 1279 358 1324 sentio,
388 1281 468 1314 sunt
482 1277 623 1327 quidam
635 1289 723 1326 gur-

70 1335 183 1382 gites,
222 1332 279 1371 vel
299 1334 437 1383 potius:
465 1334 640 1371 intellexit
664 1333 724 1370 ille

69 1391 231 1437 gurgites
249 1389 433 1439 quosdam,
457 1392 520 1440 qui
538 1390 615 1427 illic
642 1392 724 1426 sunt

68 1445 204 1492 validi,
237 1458 279 1482 ac
297 1447 472 1496 refluxum
497 1461 525 1484 s.
547 1459 722 1496 repercus-

68 1504 215 1546 sionem;
246 1515 350 1551 quum
369 1515 449 1539 vero
477 1516 574 1553 aqua
595 1504 724 1540 monti-

68 1558 131 1596 bus
154 1557 296 1606 illidat,
332 1559 427 1596 haud
450 1562 568 1610 potuit
602 1562 725 1609 utique

65 1614 244 1666 plumbum
260 1615 529 1665 exploratorium
541 1616 724 1653 demissum

67 1672 106 1708 in
116 1670 271 1720 fundum
285 1674 473 1721 pervenire.
484 1694 541 1701 —
558 1673 599 1710 In
621 1685 723 1721 seqq.

68 1726 166 1764 haud
194 1729 328 1764 mutavi
352 1724 418 1767 οἷα
445 1726 507 1776 δὲ,
538 1730 637 1778 quod
660 1742 725 1765 vo-

68 1781 133 1820 luit
150 1783 320 1820 Valcken.
352 1785 460 1822 Conf.
479 1790 568 1822 nott.
582 1786 629 1822 ad
641 1785 726 1822 Plu-

67 1839 180 1876 tarch.
203 1839 328 1887 Pyrrh.
352 1854 440 1892 pag.
465 1844 625 1883 176.——
653 1842 725 1879 Pro

68 1891 306 1946 ἐμβαλόντος
324 1910 404 1936 cum
423 1902 577 1936 recentt.
599 1898 726 1950 scripsi

68 1948 341 2004 ἐμβάλλοντος.

254 2037 286 2074 C
299 2049 368 2089 ap.
398 2037 536 2075 XXIX.

123 2118 188 2160 ἐπὶ
209 2115 469 2174 μακρότατον]
501 2121 557 2160 De
570 2122 721 2160 hacsor-

67 2176 164 2214 mula
183 2180 277 2216 conf.
307 2178 344 2225 Ι,
368 2180 458 2219 171.
488 2178 542 2226 ΙΙ,
561 2179 626 2220 34.
657 2178 720 2226 IV,

71 2235 134 2274 17.
165 2237 265 2282 192,
302 2239 452 2272 notante
488 2235 644 2273 Werser.
683 2236 720 2272 in

68 2287 163 2327 Actt.
183 2290 280 2341 phill.
294 2291 460 2328 Monacc.
481 2291 510 2339 I,
529 2294 555 2332 2
579 2306 616 2342 p.
638 2291 720 2333 244

70 2358 170 2394 seqq.
183 2375 193 2392 ,
223 2347 279 2384 cui
291 2348 376 2385 add.
389 2348 546 2397 Kriiger.
564 2349 610 2385 ad
630 2348 721 2385 Dio-

69 2412 146 2448 nys.
165 2402 346 2441 Halicarn.
367 2404 479 2441 Iudic.
506 2405 554 2442 de
573 2404 609 2441 T
612 2405 721 2453 hucy-

71 2457 144 2494 did.
165 2470 248 2507 pag.
272 2462 362 2501 119.
403 2460 553 2511 Spectat
581 2460 640 2498 illa
673 2462 720 2498 ad

69 2511 225 2551 locorum
245 2516 452 2554 distantiam
482 2530 550 2555 nec
576 2517 670 2556 male
698 2530 721 2554 a

70 2566 250 2607 Larchero
274 2572 368 2610 hunc
395 2573 432 2609 in
460 2574 608 2611 modum
636 2575 720 2612 red-

71 2624 184 2662 ditur:
214 2639 281 2673 „en
301 2633 470 2679 pons-cant
488 2642 557 2666 mes
586 2631 719 2668 recher-

74 2679 151 2716 ches
187 2685 284 2720 aussi
322 2685 412 2732 loin,
457 2686 596 2735 qu’elles
630 2700 720 2737 pou-

72 2739 186 2772 vot‘ent
210 2739 336 2777 aller.“
387 2742 508 2779 Minus
531 2748 631 2782 recte
655 2745 718 2782 Vi-

72 2803 149 2840 get.
171 2793 217 2830 de
234 2795 401 2835 idiotism.
424 2811 510 2849 pag.
535 2801 626 2841 153.

130 2843 324 2902 αὐτόπτης
342 2851 496 2904 ἐλθών]
527 2856 610 2899 Quo
638 2855 718 2894 loco

72 2905 289 2945 memorabili
296 2922 405 2961 supra
415 2923 539 2949 sumus
548 2912 604 2949 usi
613 2913 662 2950 ad
674 2912 719 2961 11,

795 1219 861 1268 15,
880 1219 942 1258 ubi
962 1220 1035 1258 vid.
1064 1219 1114 1258 Et
1129 1220 1205 1259 iure
1222 1220 1291 1258 hoc
1309 1220 1347 1258 in
1369 1220 1449 1259 loco

793 1278 1011 1324 subsistunt,
1042 1278 1105 1326 qui
1126 1278 1172 1315 de
1187 1278 1368 1316 Herodoti
1387 1279 1449 1315 iti-

791 1334 938 1371 neribus
959 1339 1207 1383 exposuerunt
1219 1334 1332 1382 (conf.
1344 1335 1447 1383 Hey-

793 1403 832 1427 se
850 1390 1002 1433 Quaest.
1026 1391 1167 1427 Herod.
1187 1390 1202 1427 I
1225 1403 1309 1441 pag.
1332 1392 1445 1439 112).

791 1445 888 1483 Nam
914 1447 1117 1483 universam
1141 1446 1349 1497 Aegyptum
1370 1447 1450 1484 No-

793 1506 906 1539 strum
916 1503 1050 1540 vidisse
1060 1503 1141 1540 hinc
1151 1504 1382 1541 manifestum
1395 1504 1448 1541 fit.

834 1554 912 1598 οἷπό
924 1554 1204 1610 Ἐλεφαντίνης
1215 1555 1350 1606 πόλιος
1361 1557 1448 1599 ἅνω

794 1610 897 1654 ἰόντι
923 1630 958 1654 κ.
985 1630 1016 1654 τ.
1043 1618 1102 1662 λ.]
1140 1616 1370 1654 Herodotum
1399 1616 1448 1654 ob

792 1673 1008 1709 narrationis
1064 1671 1281 1720 elegantiam
1337 1677 1449 1722 atque

792 1729 1087 1778 perspicuitatem
1127 1728 1251 1766 laudat
1288 1728 1448 1778 Longin.

793 1787 839 1821 de
871 1785 1008 1822 sublim.
1037 1782 1073 1835 §.
1092 1787 1168 1832 26,
1197 1786 1260 1822 ubi
1280 1785 1449 1835 Toupius

791 1839 940 1878 Lucian.
972 1842 1019 1878 de
1037 1854 1111 1878 ver.
1135 1841 1221 1878 hist.
1242 1841 1295 1886 ΙΙ,
1316 1845 1370 1882 27
1394 1842 1450 1878 af-

791 1897 873 1935 fert.
903 1896 962 1934 Ad
973 1903 1224 1946 argumentum
1244 1898 1362 1948 ipsum
1373 1898 1448 1934 vid.

792 1966 886 2003 quae
905 1967 950 1991 ex
967 1955 1206 1992 recentiorum
1235 1955 1449 2004 peregrina-

790 2013 911 2047 torum
924 2011 1022 2048 libris
1035 2010 1155 2048 attulit
1164 2011 1323 2048 Heeren.
1335 2011 1448 2049 Ideeu

791 2071 858 2104 etc.
876 2067 921 2113 ΙΙ,
940 2070 957 2106 1
980 2081 1015 2116 p.
1037 2065 1118 2108 356
1139 2080 1242 2116 seqq.
1260 2068 1332 2111 Qui
1351 2068 1446 2105 enim

789 2127 914 2160 nostra
935 2127 1056 2161 aetate
1075 2123 1140 2160 has
1167 2124 1336 2172 regiones
1362 2129 1448 2161 ante

787 2180 991 2228 incognitas
1010 2180 1288 2231 perlustratum,
1306 2183 1450 2217 testan-

788 2241 847 2273 tur
872 2235 998 2274 Nilum
1026 2249 1136 2287 supra
1163 2237 1311 2286 Syenen
1340 2236 1447 2274 valde

788 2295 988 2331 flexuosum
1025 2306 1069 2330 ac
1108 2297 1312 2330 tortuosum
1351 2306 1446 2340 esse,

788 2350 893 2399 aquis
923 2354 998 2386 tam
1019 2350 1147 2399 rapide
1178 2349 1447 2396 delabentibus,

788 2411 829 2443 ut
851 2406 971 2443 adhue
989 2420 1079 2456 opus
1106 2407 1152 2442 sit
1168 2407 1332 2453 funibus,
1365 2407 1446 2455 qui-

788 2462 857 2499 bus
877 2475 989 2500 naves
1015 2464 1170 2500 adverso
1202 2464 1351 2500 flumine
1372 2468 1446 2499 tra-

788 2519 938 2565 hantur3
970 2519 1112 2556 alveum
1135 2519 1211 2556 Nili
1229 2519 1308 2556 fieri
1329 2531 1447 2567 angu-

789 2577 936 2613 stiorem
980 2576 1137 2624 indeque
1177 2576 1445 2625 impeditiorem

788 2632 905 2681 ipsam
916 2633 1198 2680 navigationem.
1213 2632 1317 2675 Quae
1330 2644 1447 2680 quan-

786 2693 865 2725 tum
884 2689 933 2725 ad
951 2689 1134 2727 Herodoti
1152 2688 1262 2725 fidem
1283 2689 1445 2738 proban-

786 2745 870 2782 dam
891 2746 1046 2792 faciant,
1075 2758 1184 2782 nemo
1212 2757 1285 2781 non
1314 2744 1446 2782 intelli-

786 2802 850 2850 git.
880 2800 963 2838 Alia
981 2803 1055 2839 suis
1073 2814 1240 2851 quaeque
1261 2800 1350 2837 locis
1377 2801 1445 2837 ad-

784 2858 1002 2895 notabimus.
1031 2857 1092 2895 Ad
1107 2858 1204 2894 hune
1220 2870 1307 2894 vero
1324 2856 1443 2894 locum

786 2914 881 2952 conf.
901 2914 1011 2953 etiam
1026 2914 1184 2953 Iomard.
1201 2912 1354 2953 Recueil
1374 2916 1442 2950 etc.
