1759 3324
371 271 454 311 818
764 268 1237 307 HERODOTI

252 392 255 398 f
285 376 306 393 ν

214 378 314 423 140

45 443 281 471 Vetustissimam

41 478 120 512 apud
156 478 319 512 Aegyptios

42 515 171 539 aetatem
185 519 250 537 eet-,e
263 511 317 536 Pa-

42 545 88 572 nis
110 554 117 571 z
180 544 317 577 mediam,

42 578 200 609 llerculim
218 578 315 611 [233]

42 611 191 638 minimam
243 612 314 637 Bac-

43 645 110 672 chi:
130 629 210 679 apud
220 644 302 670 Grae

43 687 93 705 cos
112 677 246 705 Bacchus
265 686 315 703 na*

41 715 91 738 tus
108 711 228 738 circiter
245 719 316 737 ann.

47 745 127 775 154⁴;
172 744 318 771 Hercules

43 778 321 846 gggfltgulgbrljgssg
376 784 511 822 νυσος
542 771 587 814 δὲ
606 803 616 817 ,
667 775 756 814 τῶν
785 773 942 826 τρίτων
964 805 974 821 ,
1026 775 1068 814 οἳ
1098 771 1143 814 ἐκ
1171 775 1260 814 τῶν
1291 771 1489 816 δυώδεκα
1517 777 1637 816 θεῶν

45 853 102 880 quo
121 848 187 880 post
205 843 318 871 a.12e4.
350 859 370 890 Ξ
384 851 598 906 ἐγένοντο.

483 377 553 422 Ἐν
582 376 762 433 ’Έλλησι
793 380 871 434 μέν
901 395 983 422 νυν
1012 377 1218 421 νεώτατοι
1247 380 1337 420 τῶν
1365 379 1483 420 θεῶν
1512 378 1635 432 νομί-

377 461 522 510 ζονται
566 456 677 501 εἶναι
710 457 926 514 ἹΙρακλῆς
962 474 1005 501 τε
1045 458 1117 500 καὶ
1146 455 1365 506 Διόνυσος
1405 456 1477 498 καὶ
1514 455 1692 498 Πάν·60

375 534 471 589 παρ’
504 537 777 590 Αἰγυπτίοισι
809 538 854 580 δὲ
878 537 980 580 Πάν
1012 536 1091 591 μὲν
1122 533 1425 590 ἀρχαιότατος,
1455 535 1637 578 καὶτῶν

374 614 487 658 ὀκτώ
516 618 604 657 τῶν
645 615 831 669 πρώτων
869 616 1111 671 λεγομένων
1150 618 1291 657 θεῶν·
1347 614 1561 670 “Ηρακλῆς
1591 613 1637 657 δὲ

373 699 461 737 τῶν
492 693 725 747 δευτέρων,
754 698 842 737 τῶν
873 693 1071 737 δυώδεκα
1089 694 1334 748 λεγομένων
1363 692 1496 736 εἶναι·
1528 691 1635 735 Διό-

664 848 865 902 “Ηρακλε”ιῖ
905 849 984 904 μὲν
1022 847 1074 903 δὴ
1117 848 1199 892 ὅσα
1241 848 1368 893 αὐτοὶ
1410 851 1637 907 Αἰγύπτιοί

375 940 483 984 φασι
515 926 626 971 εἶναι
656 929 749 971 ἔτεα
780 929 821 978 ἐς
848 927 1034 982 ’Ἄμασιν
1065 928 1264 983 βασιλέα,
1296 929 1530 985 δεδήλωταί
1563 937 1692 986 μοι65

375 1004 565 1062 πρόσθε·
612 1009 728 1051 Πανὶ
760 1008 805 1051 δὲ
835 1007 896 1051 ἔτι
925 1005 1095 1050 τούτων
1129 1007 1293 1050 πλέονα
1323 1007 1488 1064 λέγεται
1517 1008 1639 1062 εἶναι,

500 1256 531 1292 C
544 1269 610 1306 ap.
639 1252 789 1293 CXLV.

377 1336 591 1391 ἕν’Έλλησι
611 1336 681 1389 μέν
700 1353 775 1377 νυν
787 1333 973 1377 νεώτατοι

319 1399 398 1436 τῶν
418 1399 527 1436 θεῶν
559 1396 785 1446 νομίζονται
815 1410 849 1433 κ.
873 1410 901 1431 τ.
924 1392 971 1444 λ]

321 1454 580 1505 Comparanda
600 1457 706 1498 sunt,
738 1465 831 1501 quae
859 1452 905 1488 ad
929 1451 973 1497 ll,

322 1511 375 1551 43
396 1516 433 1548 et
447 1510 500 1551 46
521 1510 776 1559 adscripsimus
800 1508 976 1556 simulque

322 1568 542 1614 adiicienda,
573 1579 666 1615 quae
687 1566 733 1602 de
755 1565 896 1615 triplice
917 1577 976 1600 or-

323 1624 409 1661 dine
430 1624 581 1661 deorum
598 1622 878 1672 Aegyptiorum,
902 1621 976 1670 pri-

322 1693 463 1717 morum
484 1680 620 1727 (octo),
647 1679 842 1716 alterorum
865 1679 976 1723 (duo-

324 1737 479 1784 decim),
515 1736 735 1781 tertiorum,
779 1735 816 1770 in
848 1735 975 1782 quibus

324 1794 402 1844 ipse
422 1791 757 1841 Osiris-Dionysus
788 1794 864 1837 est,
900 1790 975 1826 dis-

325 1851 437 1887 seruit
465 1849 669 1886 Creuzerus
708 1860 836 1884 comm.
866 1847 974 1883 Herr.

323 1920 360 1957 p.
384 1905 464 1947 205
482 1918 584 1954 seqq.
625 1904 784 1952 „Habet
809 1904 976 1940 nimirum

324 1962 527 1999 huiusmodi
561 1962 726 1998 doctrina
753 1961 822 1997 hoc
854 1961 978 2008 singu-

327 2018 425 2065 lare,
455 2022 496 2054 ut
518 2030 612 2066 quae
632 2018 814 2065 hodieque
833 2018 879 2053 ad
900 2029 977 2053 me-

326 2075 553 2124 taphysicas,
587 2075 775 2123 physicas,
809 2078 978 2110 astrono-

326 2132 436 2167 micas
454 2131 615 2179 inprimis
633 2130 790 2166 rationes
804 2130 978 2177 redigun-

326 2191 402 2232 tur,
433 2199 476 2223 ea
489 2186 721 2223 sacerdotalis
737 2187 828 2221 ratio
851 2186 898 2222 ad
922 2186 977 2221 hi-

327 2243 460 2279 storiae
484 2243 667 2290 quandam
695 2242 852 2290 speciem
872 2241 976 2278 effin-

328 2303 404 2347 gat.
463 2298 560 2334 Hinc
578 2299 699 2334 omnia
714 2297 773 2333 illa
793 2310 888 2345 quae
911 2297 977 2333 ho-

326 2356 462 2391 minum
511 2355 721 2390 memoriam
783 2353 976 2399 excedunt,

327 2413 578 2460 dispescuntur
609 2423 676 2459 per
700 2422 809 2457 regna
838 2409 976 2445 deorum

327 2466 554 2517 (βασιλείας
583 2466 731 2512 θεῶν).
796 2464 976 2502 Videlicet

326 2528 469 2574 ponunt
489 2523 597 2571 prisci
609 2522 816 2558 sacerdotes
835 2521 976 2570 copiam

326 2580 508 2628 quandam
545 2583 726 2623 aetatum,
781 2590 875 2625 quae
910 2590 977 2626 per

327 2640 530 2684 temporum
558 2635 747 2671 decursum
767 2634 917 2670 invicem
937 2646 975 2670 se

328 2692 521 2740 excipiunt.
566 2691 607 2726 In
623 2690 798 2739 principio
821 2693 857 2726 et
873 2690 975 2737 quasi

328 2749 365 2784 in
390 2760 509 2784 rerum
546 2747 706 2783 omnium
733 2746 885 2782 culmine
923 2745 975 2782 lo-

325 2808 410 2841 cant
435 2803 492 2840 vel
521 2815 631 2839 imum
658 2801 714 2839 vel
739 2802 858 2851 plures
888 2803 974 2838 deos

325 2860 482 2909 supremi
515 2859 649 2896 ordinis
678 2863 714 2895 et
741 2858 818 2894 sola
845 2859 974 2894 mentis

326 2916 543 2965 cogitatione
577 2915 835 2952 informandos.
893 2915 974 2951 Hos

1042 1230 1244 1276 sequuntur
1268 1227 1318 1263 dii
1344 1227 1468 1275 alteri,
1506 1228 1694 1266 inferiores

1041 1283 1109 1319 illis
1139 1284 1281 1333 primis,
1323 1285 1386 1320 sed
1415 1285 1451 1321 in
1481 1285 1612 1333 quibus
1638 1288 1695 1321 ta-

1042 1353 1126 1376 men
1153 1345 1189 1376 et
1218 1341 1305 1390 ipsis
1330 1353 1416 1378 vera
1440 1340 1493 1377 vis
1523 1341 1695 1379 divinita-

1041 1398 1108 1442 tis,
1145 1409 1217 1445 qua
1255 1396 1307 1433 illi
1343 1398 1449 1447 primi
1487 1402 1696 1444 censentur,

1042 1454 1149 1497 insit,
1176 1458 1213 1490 et
1236 1454 1286 1489 sic
1311 1466 1420 1503 porro
1440 1453 1592 1491 diversis
1611 1466 1696 1502 gra-

1043 1511 1147 1546 dibus
1173 1510 1399 1560 procedente
1417 1511 1554 1547 ordine.
1612 1510 1697 1548 Hoc

1041 1570 1151 1616 pacto
1181 1567 1241 1613 fit,
1281 1570 1319 1603 ut
1349 1579 1526 1603 summum
1559 1579 1694 1604 numen

1043 1628 1082 1659 et
1102 1626 1276 1670 tanquam
1304 1623 1386 1672 ipsa
1414 1623 1582 1660 divinitas
1610 1636 1696 1672 pro-

1041 1680 1177 1729 pagine
1195 1680 1259 1715 sua
1277 1680 1429 1716 deorum
1446 1692 1512 1729 per
1532 1679 1695 1717 labentes

1043 1740 1183 1772 aetates
1214 1748 1293 1772 sese
1318 1735 1492 1786 explicet,
1524 1739 1582 1782 et,
1612 1735 1696 1774 ficet

1043 1805 1110 1842 per
1138 1805 1176 1828 se
1206 1804 1366 1838 summa,
1397 1793 1445 1829 ad
1480 1792 1605 1829 infima
1639 1797 1696 1829 ta-

1045 1860 1128 1886 men
1149 1848 1269 1884 omnia
1281 1861 1348 1885 nec
1368 1849 1486 1885 minus
1504 1849 1695 1899 pertineat.

1044 1905 1085 1941 In
1135 1909 1334 1942 extremum
1373 1910 1493 1942 autem
1542 1905 1696 1954 gradum

1044 1973 1268 2012 progressa,
1315 1963 1472 2010 quadam
1503 1962 1557 1998 sui
1590 1966 1696 2011 parte

1044 2017 1248 2067 implicatur
1267 2019 1477 2055 inferiorum
1504 2030 1623 2055 rerum
1642 2018 1697 2053 vi-

1043 2075 1264 2119 cissitudine,
1285 2087 1403 2111 rerum
1421 2075 1597 2110 fluxarum
1611 2086 1697 2122 gur-

1043 2131 1120 2179 gite
1160 2131 1410 2178 immergitur,
1458 2134 1496 2168 et
1533 2129 1698 2167 mortalia

1045 2187 1213 2235 adeoque
1236 2191 1388 2224 mortem
1416 2187 1532 2234 subit,
1562 2187 1613 2223 ita
1637 2190 1698 2222 ta-

1043 2256 1148 2289 men,
1178 2247 1237 2289 ut,
1264 2242 1348 2291 quia
1366 2255 1551 2291 nunquam
1572 2246 1696 2292 potest

1044 2311 1066 2334 a
1084 2312 1122 2335 se
1143 2300 1225 2347 ipsa
1248 2300 1470 2344 desciscere,
1500 2299 1534 2334 vi
1564 2311 1696 2348 peren-

1044 2356 1098 2390 nis
1120 2366 1207 2390 suae
1230 2354 1425 2390 divinitatis
1447 2354 1637 2391 reviviscat
1659 2358 1696 2392 et

1042 2411 1296 2459 perpetuitatis
1333 2423 1450 2447 rerum
1479 2410 1695 2448 naturalium

1045 2472 1172 2502 auctor
1213 2467 1298 2501 sit.“
1357 2466 1418 2503 Tu
1454 2466 1550 2504 hisce
1585 2468 1693 2514 adde,

1045 2534 1139 2569 quae
1171 2522 1217 2558 ab
1247 2524 1377 2560 eodem
1404 2523 1480 2559 viro
1506 2524 1696 2573 disputata

1044 2578 1213 2626 leguntur
1230 2579 1267 2614 in
1281 2579 1443 2627 Symbol.
1465 2579 1481 2615 I
1504 2592 1591 2630 pag.
1611 2580 1693 2620 517

1045 2647 1147 2682 seqq.
1179 2634 1258 2670 coll.
1300 2635 1449 2673 Giirres.
1475 2635 1695 2685 Mythenge·

1042 2691 1197 2727 schichte
1215 2703 1300 2740 pag.
1323 2692 1406 2733 412
1427 2704 1530 2740 seqq.

1101 2743 1320 2796 δεδήλωταί
1337 2763 1405 2798 μοι
1416 2744 1589 2799 πρόσθε]
1610 2748 1692 2785 Vid.

1044 2815 1153 2852 supra
1184 2803 1236 2849 11,
1267 2804 1332 2845 43.
1402 2803 1461 2841 De
1485 2805 1596 2841 dativi
1625 2817 1693 2841 usu

1044 2858 1298 2909 (Ἡρακλέϊ
1331 2858 1403 2911 μὲν
1435 2856 1487 2909 δή
1518 2874 1553 2899 κ.
1581 2875 1614 2899 τ.
1636 2860 1692 2909 λ.)

1041 2917 1181 2953 monuit
1208 2916 1339 2954 Matth.
1365 2917 1430 2954 Gr.
1450 2917 1514 2954 Gr.
1538 2930 1575 2968 p.
1596 2919 1690 2959 712.
