1805 3315
628 216 935 254 cL10.1.
1192 199 1200 205 '
1379 219 1435 257 23

125 335 349 390 6629&vass
383 331 463 385 μὲν
490 328 561 371 ἐπὶ
597 326 680 371 δύο
711 342 756 368 τε
785 325 859 368 καὶ
891 326 1029 368 εἴκοσι
1057 322 1207 378 γενεάς
1238 321 1432 378 ἀνδρῶν,

147 416 239 459 ἔτεα
277 409 398 453 πέντε
437 424 482 451 τε
517 407 592 450 καὶ
633 402 922 455 πεντακόσια,
973 408 1076 453 παῖς
1117 400 1236 457 παρὰ
1271 401 1432 457 πατρὸς

143 487 422 545 ἐκδεκόμενος
483 485 565 542 τὴν
620 483 781 540 ἀρχὴν,

64 575 96 618 8
140 568 350 624 Μύρσου.

845 482 968 539 μέχρι
1022 479 1292 525 Κανδαύλεω
1350 484 1475 524 τοῦ15

420 562 561 617 Οὗτος
599 564 652 621 δὴ
695 559 759 606 ὦν
799 563 822 606 ὁ
863 561 1125 617 Κανδαύλης
1153 558 1325 616 ἠράσθη
1354 564 1429 616 τῆς
1476 566 1647 627 ἓξυὲίιὲυῑεε
1682 577 1736 595 uxo

1585 609 1638 628 ore
1662 602 1697 628 de
1720 587 1750 629 ei

1625 610 1751 669 impeiliu.

138 649 306 692 ἑωυτοῦ
333 643 564 702 γυναικός·
595 643 795 698 ἐρασθεὶς
833 641 899 693 δὲ,
933 639 1099 697 ἐνόμιζέ
1130 642 1174 684 οἱ
1202 637 1315 683 εἶναι
1343 657 1426 695 γυ-
1473 634 1593 702 ἕξέζςῃ
1620 672 1653 695 ut
1685 676 1750 696 eam

1472 701 1549 728 claun
1566 705 1680 737 spectet
1698 711 1749 729 nu<

96 847 133 898 id
163 845 261 894 quod
286 846 426 880 tantum
454 843 609 879 duomm
637 853 752 878 anno-

96 915 174 940 rum
205 900 324 952 spatio
362 899 484 936 differt
514 899 559 936 ab
591 911 635 936 eo
669 898 751 948 ipso

95 971 268 1004 numero,
298 969 406 1005 quem
435 956 516 1005 ipse
536 955 749 992 Herodotus

95 1014 256 1066 prodidit
294 1013 350 1060 Π,
391 1012 483 1053 145.
552 1011 608 1047 lta
651 1015 750 1048 certe

95 1071 265 1109 Larcher.
282 1069 305 1106 l.
317 1069 340 1106 l.
358 1069 420 1105 ubi
440 1068 621 1105 Herodoti
639 1067 749 1105 fidem

95 1128 308 1166 confirmare
341 1129 378 1163 et
404 1138 427 1161 a
451 1124 573 1174 pravis
596 1123 748 1160 aliorum

95 1183 309 1222 coniecturis
326 1181 509 1220 vindicare
528 1179 675 1217 studuit.

152 1294 341 1348 ἄρξαντες
375 1291 448 1344 μὲν
484 1290 550 1332 ἐπὶ
573 1313 629 1319 -
657 1305 749 1331 πεν-

94 1350 281 1403 τακόσια]
352 1351 457 1387 Haec
500 1349 618 1386 minus
662 1362 749 1385 con-

96 1423 228 1462 gruere
258 1408 438 1447 existimat
468 1405 640 1443 Larcher.
670 1405 692 1442 l.
725 1405 747 1442 l.

95 1482 131 1519 p-
160 1468 242 1510 213
272 1469 308 1503 et
344 1463 416 1509 143
458 1462 628 1512 quoniam
667 1462 747 1512 ipse

95 1524 233 1562 Herod.
260 1522 318 1570 II,
351 1519 431 1562 142
459 1515 599 1573 γενεοὶν
617 1519 746 1567 trigin-

94 1586 132 1619 ta
168 1581 276 1617 trium
310 1590 488 1615 annorum
525 1580 562 1613 et
592 1580 747 1624 quatuor

94 1638 270 1676 mensium
318 1634 437 1684 spatio
492 1632 664 1680 definiat,
706 1635 747 1668 ut

94 1698 237 1733 centum
256 1693 332 1730 fere
355 1703 471 1727 annos
494 1693 570 1726 tres
587 1689 747 1726 efficiant

93 1750 236 1801 γενεαί,
305 1748 432 1791 Quare
477 1746 512 1784 h.
550 1745 574 1782 l.
613 1745 746 1794 legen-

93 1808 178 1845 dum
207 1805 426 1856 suspicatur:
457 1800 647 1854 ὄῖρξαντες
672 1799 745 1852 μὲν

92 1863 158 1904 ἐπὶ
177 1860 563 1903 πεντεκαίδεκα
582 1854 743 1911 γενεάς-ς

91 1934 202 1970 quum
236 1919 381 1956 ultimus
411 1929 588 1954 annorum
617 1928 745 1953 nume-

93 1991 154 2014 rus
173 1978 299 2026 utique
318 1986 430 2011 sanus
450 1974 509 2010 sit.
548 1973 626 2010 Sed
648 1973 744 2009 bene

92 2034 164 2072 iam
202 2032 386 2081 Volneyus
423 2029 585 2076 notavit,
633 2042 743 2078 quam

92 2091 319 2140 negligenter
348 2089 386 2124 in
404 2086 610 2124 istiusmodi
632 2085 742 2123 rebus

90 2148 237 2185 omnino
275 2145 417 2195 egerint
439 2148 582 2182 veteres
614 2155 742 2191 quam—

91 2218 162 2254 que
197 2203 296 2242 varie
334 2214 402 2253 pro
451 2205 657 2250 temporum
698 2212 740 2236 ac

87 2261 247 2299 locorum
282 2259 424 2296 ratione
465 2256 741 2306 generationum

90 2331 207 2356 annos
263 2315 482 2354 definierint.
547 2313 607 2350 Cf.
663 2313 740 2350 eius

89 2374 220 2425 Suppl.
249 2375 271 2411 a
298 2372 463 2410 l’Herod.
494 2371 542 2408 de
566 2369 739 2408 Larcher.

91 2444 126 2482 p.
154 2434 208 2472 76
252 2442 335 2479 sqq.
380 2430 448 2469 79-
487 2426 586 2464 Add.
623 2425 740 2463 Dahl—

91 2500 211 2525 mann.
237 2486 378 2524 Herod.
415 2498 454 2535 p.
485 2486 554 2531 99,
580 2483 642 2532 qui
674 2482 743 2519 hoc

91 2544 140 2580 ad
157 2556 281 2582 eorum
307 2554 469 2580 errorum
493 2553 611 2590 genus
638 2552 744 2577 revo-

93 2608 174 2638 care
209 2599 304 2647 vult,
342 2598 468 2648 quales
507 2598 546 2634 in
582 2597 742 2634 numeris

94 2657 238 2694 omnino
271 2657 371 2706 apud
398 2655 632 2692 Herodotum
659 2666 743 2691 sae-

95 2712 175 2761 pius
217 2713 546 2763 deprehendantur.
582 2732 639 2738 —
674 2708 740 2749 ἐπὶ

96 2767 133 2804 in
151 2769 248 2808 hisce
263 2769 398 2807 Krebs.
419 2768 442 2805 l.
460 2768 483 2805 l.
504 2783 541 2820 p.
561 2768 615 2809 23
634 2767 741 2804 reddi

97 2823 222 2861 voluit:
251 2825 312 2873 ad,
334 2827 482 2863 circiter.
513 2825 591 2862 Sed
609 2824 740 2861 rectius

96 2880 294 2931 Schweigh.
328 2896 411 2933 per,
451 2895 532 2920 cum
573 2879 638 2920 ἐπὶ
674 2882 742 2919 hoc

1472 734 1549 762 dam.

818 840 897 878 loco
918 841 965 877 de
984 838 1160 888 temporis
1175 838 1336 886 quodam
1355 837 1475 887 spatio

818 898 866 934 sit
895 896 1155 946 accipiendum.
1193 894 1251 930 Cf.
1293 894 1348 941 Π,
1382 896 1473 934 119.

821 955 912 994 133.
948 952 1060 989 Plura
1096 951 1257 988 Fischer.
1288 951 1336 987 ad
1368 950 1473 987 well.

816 1011 889 1057 Ill,
929 1012 955 1050 6
991 1023 1028 1059 p.
1077 1007 1158 1049 243
1189 1011 1226 1045 et
1254 1006 1320 1047 44.
1351 1007 1394 1043 C.
1425 1007 1472 1043 G.

817 1068 975 1114 Kriiger.
1003 1065 1040 1101 in
1073 1065 1179 1101 indic.
1218 1064 1266 1100 ad
1302 1063 1472 1113 Xenoph.

816 1123 934 1159 Anab.
964 1135 1000 1171 p.
1023 1120 1117 1161 487.

872 1193 968 1235 παῖς
988 1184 1096 1239 παροὶ
1122 1208 1169 1212 -
1193 1181 1335 1238 ἀρχὴν]
1367 1187 1471 1223 Stru-

817 1251 917 1286 ctura
957 1245 1025 1282 loci
1064 1244 1116 1280 uti
1162 1256 1237 1279 non
1283 1243 1470 1293 impedita,

816 1305 866 1341 ita
901 1308 1024 1340 tamen
1062 1299 1225 1337 nonnihil
1272 1313 1295 1336 a
1332 1299 1469 1347 vulgari

817 1361 991 1398 orationis
1046 1361 1226 1394 structura
1284 1357 1470 1393 recedens.

814 1418 909 1455 Sunt
945 1416 1040 1454 enim
1071 1412 1280 1450 nominativi
1317 1412 1471 1449 absoluti

814 1487 937 1512 eorum
965 1485 1009 1510 ex
1037 1483 1192 1520 genere,
1232 1482 1326 1518 quos
1356 1468 1468 1519 expli-

813 1532 884 1568 cuit
937 1529 1067 1566 Matth.
1116 1527 1278 1563 Gramm.
1335 1526 1466 1563 Graec.

813 1586 851 1639 ᾗ.
885 1586 967 1628 562
1002 1589 1078 1622 not.
1129 1584 1325 1620 Caeterum
1366 1581 1470 1620 facile

814 1648 871 1682 est
924 1644 960 1680 in
1008 1641 1224 1679 Herodotea
1274 1638 1467 1685 locutione,

813 1713 922 1751 quam
947 1698 1124 1736 imitando
1153 1696 1377 1746 expressisse
1404 1708 1470 1731 vo—

814 1758 892 1794 lunt
937 1755 1211 1802 Athenagoram
1261 1752 1298 1788 in
1334 1751 1467 1800 Legat.

813 1815 861 1851 ad
900 1813 1014 1849 Marc.
1050 1810 1186 1848 Anton.
1229 1813 1266 1846 et
1311 1807 1466 1844 Lucium

813 1870 1005 1907 Commod.
1050 1881 1087 1918 p.
1131 1867 1218 1912 fin.‚
1265 1877 1467 1913 agnoscere

812 1926 1068 1964 indicationem
1106 1923 1210 1971 regni
1256 1921 1465 1958 hereditarii

811 1983 973 2033 legitime
1008 1980 1181 2030 suscepti.
1231 1978 1316 2021 Quo
1351 1990 1463 2014 sensu

810 2040 979 2089 Thucyd.
1008 2038 1047 2084 l,
1080 2038 1131 2078 13
1156 2035 1243 2072 dicit
1267 2035 1315 2072 de
1345 2034 1463 2071 Grae-

808 2110 932 2135 corum
951 2095 1096 2144 regnis,
1134 2087 1327 2141 πατρικὰς
1355 2091 1463 2141 βασι-

808 2154 930 2200 λείας.
960 2152 1057 2190 Add.
1083 2149 1178 2187 Xen.
1199 2148 1337 2197 Cyrop.
1359 2146 1399 2194 l,
1426 2149 1462 2191 1,

808 2211 834 2252 4
857 2215 893 2248 et
923 2211 967 2248 cf.
990 2207 1131 2246 Herod.
1152 2205 1199 2253 ll,
1222 2207 1302 2246 166
1327 2205 1387 2240 fin.

1016 2333 1048 2370 C
1060 2346 1082 2370 a
1092 2346 1129 2383 p.
1159 2330 1257 2368 Vlll.

864 2419 980 2470 οὗτος
1018 2419 1068 2474 δὴ
1107 2416 1165 2461 ὦν
1195 2418 1216 2461 ὁ
1247 2420 1375 2459 Κανδ.
1410 2441 1462 2446 —

810 2476 1026 2535 γυναικός]
1066 2479 1125 2517 De
1173 2478 1318 2515 nomine
1364 2476 1463 2512 Can-

810 2539 928 2577 daulis
969 2537 998 2574 C
1006 2551 1036 2574 r.
1075 2535 1320 2585 adscripserat
1358 2533 1463 2569 haec-

810 2610 852 2634 ce
894 2593 1070 2642 Hesychii
1114 2593 1246 2629 verba:
1278 2584 1462 2627 Κανδαύ-

810 2655 900 2702 λης·
957 2649 1106 2702 Ἑρμῆς
1161 2644 1189 2699 ἢ
1251 2645 1462 2698 Ἡρακλῆς.

813 2709 926 2753 Quod
974 2708 1021 2745 de
1054 2705 1171 2754 Lydis
1215 2703 1465 2753 accipiendum

811 2779 894 2804 esse
919 2763 1101 2815 persuasit
1123 2760 1352 2798 Iablonskius
1377 2758 1466 2795 Dis-

810 2826 896 2860 sert.
952 2821 1000 2858 de
1058 2819 1146 2867 ling.
1194 2817 1357 2865 Lycaon.
1415 2812 1465 2850 Ill

810 2894 846 2930 p.
882 2878 934 2921 85
989 2877 1146 2926 Opuscc.
1203 2873 1300 2911 Nam
1339 2869 1465 2907 divini--
