1805 3315
659 245 874 282 CLIO.
933 245 958 282 I

60 355 121 403 35
167 357 436 412 κρεμάμενον
485 357 544 410 τῷ
581 354 700 396 παιδὶ
746 353 921 410 ἐμπέσῃ.

1400 250 1452 287 91

977 352 1182 409 Ἕχοντος
1232 356 1277 398 δέ
1326 357 1369 399 οἱ
1408 355 1455 399 ἐν

163 435 280 490 χερσὶ
309 437 388 476 τοῦ
418 431 575 484 παιδὸς
604 430 681 476 τὸν
709 431 871 488 γάμον,
905 430 1151 476 ἀπικνέεται
1179 433 1222 485 ἐς
1239 433 1315 485 τὰς
1333 433 1453 489 Σοέρ-

1500 367 1619 398 Adrasti
1643 369 1752 399 adven-

1497 403 1557 430 tus.

163 517 228 565 δις
255 512 365 568 ἀνὴρ
395 514 601 569 συμφορῇ
630 510 851 568 ἐχόμενος,
887 512 961 555 καὶ
991 511 1046 556 ου’
1076 512 1272 569 καθαρὸς
1309 518 1500 569 χεῖραςδο

119 695 204 734 hist.
229 708 265 745 p.
287 697 391 740 2113
424 693 485 742 qui
517 705 610 729 nunc
646 690 772 727 laudat

118 751 272 789 Homeri
294 752 431 800 Odyss
454 748 536 796 XV,
557 750 640 790 322
670 747 771 799 (πῦρ

118 802 149 846 τ’
179 801 226 846 εὖ
253 807 427 859 νηῆσαι)
478 806 566 855 ibiq.
603 804 770 841 Eustath.

117 864 280 929 p-577‚
316 866 367 905 18
392 864 478 900 Bas.
499 883 556 889 —
582 861 625 899 In
646 874 771 910 seqq:

119 915 174 971 μή
207 935 245 959 τι
268 936 287 960 o
301 936 315 959 ι
337 916 771 972 κρεμαμενον-ἒμπέ-

119 988 168 1030 σῃ
182 1005 192 1025 ,
224 978 271 1015 de
290 990 357 1013 usu
372 976 596 1026 pronominis
619 990 658 1014 οι
647 974 772 1024 pleo-

117 1034 265 1131 nasticg
287 1035 382 1072 cons.
409 1032 545 1071 Matth.
581 1030 617 1082 ἓ.
636 1033 737 1079 389,
760 1032 779 1068 f

117 1103 155 1141 p.
184 1092 236 1131 71
270 1119 277 1127 .

293 1173 324 1210 c
340 1186 408 1224 ap.
440 1171 593 1210 xxxv.

176 1254 276 1311 α’νήρ
296 1259 488 1311 συμφορῇ
507 1251 717 1307 ἐχόμενος]
748 1255 770 1291 i.

118 1329 149 1354 e.
177 1318 268 1363 „vir
301 1314 504 1352 calamitate
523 1325 682 1363 pressus,
713 1312 771 1348 ob-

117 1372 298 1409 strictus.“
356 1371 430 1407 Ubi
457 1366 644 1420 συμφορά
668 1368 770 1405 aliter

116 1433 226 1478 atque
245 1428 283 1474 I,
309 1428 364 1468 32
390 1431 446 1464 est
467 1427 652 1464 calamitas
665 1455 675 1473 ,
695 1438 769 1462 ma-

114 1484 196 1522 lum.
253 1484 397 1521 Eodem
422 1485 497 1521 sere
527 1497 637 1520 seusu
666 1495 767 1532 συμ-

116 1543 227 1596 φορᾷ
254 1543 450 1592 χρᾶσθαι,-
490 1542 537 1578 de
572 1553 642 1589 quo
674 1540 767 1589 ipso,

114 1599 343 1635 Herodotum
353 1610 498 1646 quoque
520 1597 767 1646 respicientes,

114 1654 268 1691 diximus
306 1655 354 1691 ad
392 1654 568 1690 Plutarch.
605 1652 762 1690 Flamin.

113 1724 170 1761 cp.
196 1714 247 1752 19
281 1713 433 1760 p.122;
463 1714 524 1746 aut
555 1705 653 1764 τύχῃ
674 1711 765 1759 χρῆ·

116 1771 236 1815 σθαι,
274 1768 320 1804 de
353 1780 424 1815 quo
457 1767 527 1803 vid.
556 1767 604 1803 ad
644 1765 766 1803 Philo-

112 1837 235 1874 poem.
260 1825 421 1864 1notatt.
438 1837 476 1873 p.
501 1825 540 1864 3.
561 1822 767 1863 4.—Ver-

113 1881 191 1928 bis,
221 1893 315 1929 quae
340 1881 509 1916 contiuuo
538 1880 766 1928 subsequun-

111 1940 188 1974 tur:
233 1935 301 1975 καὶ
341 1933 391 1976 ου’
421 1933 595 1986 καθαρὸς
636 1938 766 1986 χεῖρας

114 1990 214 2042 ἐών,
249 1993 449 2041 indicatur,
478 1997 650 2030 monente
680 1992 763 2038 Cr„

114 2050 213 2087 illum
244 2051 358 2088 fuisse
402 2045 656 2102 οἷνὸροφόνον
689 2049 766 2086 sive

113 2107 348 2158 parricidam3
394 2107 471 2144 coll.
514 2106 677 2155 Bergler.
718 2106 765 2142 ad

113 2162 269 2214 Alciphr.
290 2163 358 2213 lp.
371 2162 424 2204 48
435 2164 491 2202 ed.
505 2163 640 2212 Wagn.
669 2162 766 2199 Hinc

114 2233 180 2270 pro
199 2219 292 2256 illius
322 2220 450 2257 aetatis
480 2233 581 2257 more
606 2233 628 2257 a
650 2220 765 2256 Croe-

113 2289 155 2312 so
181 2277 368 2327 expiatur,
406 2277 455 2313 ad
477 2290 586 2326 quem
612 2275 766 2325 supplex

114 2334 337 2381 confugerat.
395 2332 476 2371 Nec
500 2333 621 2380 aliter,
651 2334 765 2369 fratre

114 2389 249 2439 quippe
283 2389 495 2438 interfecto,
535 2390 688 2438 Tydeus
716 2389 765 2425 ad

114 2443 333 2494 Adrastum,
371 2446 406 2483 T
409 2446 478 2483 alai
511 2446 628 2492 ,filium
656 2444 765 2494 Argi-

113 2514 312 2552 vorumque
346 2515 470 2551 regem
501 2502 689 2552 confugit,
728 2505 764 2538 et

114 2558 159 2594 ab
188 2558 298 2596 hocce
339 2559 526 2609 expiatur,
575 2564 614 2596 ut
640 2562 765 2596 monet

115 2613 145 2650 C
151 2627 194 2662 r.,
205 2619 350 2653 auctore
361 2615 570 2665 Pheree)·de
580 2616 636 2664 (iu
644 2614 763 2651 Schol.

113 2669 262 2709 Homer.
284 2673 331 2709 ad
354 2672 393 2708 Il.
413 2673 512 2720 xlv,
537 2675 639 2719 120¹,
668 2672 764 2708 Phe-

114 2728 234 2774 recyd.
257 2727 445 2777 Fragmm.
475 2731 531 2766 ed.
561 2729 621 2766 alt.
643 2729 762 2765 Sturz.

115 2795 152 2831 p-
175 2782 252 2824 156
270 2786 380 2834 seq),
409 2785 590 2822 Herodoti
606 2787 682 2823 fere
702 2797 763 2821 ae-

116 2837 213 2886 quali
260 2852 378 2877 rerum
425 2842 622 2891 scriptore,
664 2841 763 2891 apud

116 2906 223 2943 quem
255 2896 381 2933 verba:
435 2893 595 2950 φεύγων
633 2893 667 2938 δ’
708 2897 763 2943 εἰς

827 686 972 742 ’Ἄργος
994 706 1092 741 προς
1109 687 1353 743 ’Ἀδραστον,

1385 691 1493 742 βασι-

839 745 907 785 λέα
923 750 992 799 τῆς
1015 743 1146 800 χώρας
1167 769 1223 775 —
1222 750 1492 812 καθαρσί-

841 818 908 842 ων
966 819 1016 844 τε
1073 819 1125 843 τυ
1142 819 1319 856 γχανει
1370 802 1494 856 πρὸς

841 876 865 899 α
876 855 901 899 ν’
912 876 931 899 τ
943 876 962 901 ο
974 863 1001 899 ὖ
1039 861 1131 899 bene
1155 874 1235 898 eum
1270 861 1493 899 Herodoteis

839 918 1066 955 conveniunt.
1126 917 1307 968 Expiaudi
1326 931 1411 955 vero
1434 931 1493 955 ra—

839 975 977 1012 tionem
1006 974 1066 1022 (s.
1094 989 1140 1012 τα
1161 969 1421 1025 νομιζομενα,
1453 979 1493 1012 ut

840 1031 933 1068 infra
947 1032 1030 1078 ait),
1059 1044 1166 1080 quam
1185 1030 1300 1079 Lydis
1320 1036 1355 1068 et
1374 1032 1491 1068 Grae-

842 1088 891 1124 cis
915 1089 1068 1124 eandem
1089 1088 1165 1124 fere
1185 1100 1267 1125 esse
1285 1087 1393 1137 paulo
1406 1092 1491 1137 post

839 1144 969 1181 asserit
1015 1143 1229 1180 Herodotus
1241 1172 1251 1190 ,
1309 1144 1491 1193 copiosius

840 1200 1012 1237 describit
1027 1199 1146 1236 Schol.
1170 1199 1338 1248 Apollou.
1369 1200 1490 1236 Rhod.

839 1256 902 1304 IV,
921 1257 1001 1297 693
1027 1269 1132 1305 seqq.
1152 1255 1231 1292 coll.
1254 1255 1422 1292 Eustath.
1443 1257 1491 1292 ad

836 1313 938 1350 Iliad.
985 1312 1128 1361 XXIV,
1168 1311 1264 1353 480.
1322 1311 1488 1361 Euripid.

837 1370 961 1407 Orest.
1003 1368 1096 1410 511.
1166 1368 1332 1418 Iphigen.
1373 1368 1487 1405 'suun

838 1426 941 1474 950,
958 1438 1050 1474 quos
1070 1425 1168 1462 locos
1185 1425 1308 1462 laudat
1330 1424 1488 1462 W'essel.

838 1483 899 1519 Tu
926 1483 1023 1519 adde
1052 1482 1226 1519 Creuzeri
1260 1481 1424 1530 Symbol.
1455 1481 1489 1519 Π

836 1553 874 1589 p.
895 1539 976 1580 520
995 1551 1073 1588 seq.
1099 1543 1136 1576 et
1151 1539 1196 1575 ab
1221 1537 1284 1575 Cr.
1304 1538 1489 1575 laudatum

834 1596 958 1634 vales.
1010 1597 1058 1632 ad
1105 1595 1225 1634 Nicol.
1266 1595 1487 1632 Damascen.

834 1666 871 1703 p-
884 1652 979 1699 441,
995 1653 1019 1689 f·
1037 1665 1073 1702 p.
1093 1653 1174 1693 182
1193 1665 1270 1701 seq.
1289 1653 1347 1689 ed.
1370 1651 1482 1689 orell,

833 1709 914 1747 Nos
954 1708 1041 1745 illud
1082 1709 1312 1758 potissimum
1347 1708 1486 1745 attendi

832 1766 1017 1813 volumus,
1047 1765 1278 1814 peregrinum
1291 1794 1302 1813 ,
1321 1764 1382 1813 qui
1400 1777 1487 1814 sup-

834 1823 917 1873 plex
938 1823 986 1860 ad
1016 1821 1147 1858 Croesi
1168 1823 1281 1859 aedes
1312 1822 1487 1869 confuge-

834 1883 911 1926 rat,
938 1878 1040 1929 prius
1060 1878 1105 1915 ab
1130 1891 1173 1915 eo
1196 1878 1355 1928 expiari,
1376 1890 1485 1926 quam

833 1936 909 1974 eius
942 1947 1075 1972 nomen
1104 1935 1295 1985 patriaque
1323 1934 1485 1982 requira-

833 1996 911 2038 tur3
940 1992 979 2028 id
996 1991 1097 2040 quod
1123 1990 1249 2041 procul
1268 1990 1377 2027 dubio
1404 1989 1486 2027 reli-

832 2050 944 2098 gione
963 2050 1017 2085 sic
1037 2052 1223 2098 receptiun
1241 2051 1337 2094 erat,
1368 2051 1408 2083 ut
1424 2047 1485 2095 qui

833 2105 986 2156 supplex
1008 2110 1129 2152 esset,
1159 2105 1283 2141 statim
1315 2103 1485 2140 lustrare-

833 2166 892 2199 tur
915 2162 960 2199 ab
983 2175 1050 2209 e0,
1081 2174 1189 2211 quem
1209 2161 1380 2207 adiisset,
1410 2160 1485 2196 his-

834 2232 904 2268 que
935 2218 1092 2269 peractis
1140 2218 1285 2255 demum
1327 2216 1485 2265 alloquio

833 2276 1017 2324 benigno,
1048 2279 1218 2324 tectoque
1249 2278 1285 2312 et
1309 2273 1486 2321 convivio,

832 2336 871 2368 ut
892 2332 953 2381 qui
983 2332 1031 2368 ad
1047 2332 1195 2369 domum
1218 2332 1336 2382 ipsam
1357 2329 1487 2366 famili-

832 2401 964 2437 amque
989 2389 1208 2438 pertineret,
1248 2388 1483 2437 exciperetur.

831 2444 1007 2482 Pertinuit
1034 2458 1119 2483 vero
1151 2445 1221 2481 hoc
1256 2444 1485 2495 potissimum

830 2503 879 2538 ad
904 2515 989 2548 eos,
1029 2503 1092 2551 qui
1121 2502 1233 2539 caede
1258 2504 1402 2551 patrata
1428 2499 1485 2537 vel

831 2558 1072 2595 involuntaria
1082 2589 1093 2606 ,
1122 2571 1189 2609 pro
1202 2570 1304 2595 more
1316 2557 1486 2594 heroicae

831 2616 959 2652 aetatis
982 2616 1102 2665 patriti
1129 2619 1225 2651 terra
1246 2615 1398 2661 cedere,
1427 2614 1482 2650 sa-

831 2672 1005 2720 ciuusque
1065 2671 1298 2710 commissum
1343 2670 1482 2717 exsilio,

831 2728 886 2765 vel
901 2728 1067 2776 longiore
1082 2728 1137 2766 vel
1159 2741 1300 2776 annuo,
1330 2731 1370 2765 ut
1383 2727 1482 2776 apud

832 2784 998 2835 Euripid.
1020 2785 1212 2836 Hippolyt.
1239 2799 1290 2822 vs.
1308 2784 1363 2826 35
1390 2783 1482 2831 legi-

830 2854 933 2889 mus,
972 2841 1071 2880 luere
1100 2842 1213 2878 coacti
1239 2846 1360 2888 erant,
1391 2852 1482 2889 quo*

830 2910 910 2935 rum
955 2902 993 2935 ut
1036 2898 1292 2936 sceleratorum
1336 2909 1481 2934 omnem
