1805 3315
354 247 410 287 96
759 245 1227 283 HERODOTI

331 355 668 411 Ξδιαφθείρεσκε.
725 351 910 396 πολλάκι
941 352 987 395 δὲ
1016 355 1058 396 οἱ
1086 356 1239 396 Μυσοὶ
1270 354 1328 397 ἐπ’
1362 352 1500 397 αὐτὸν
1529 353 1642 405 ἐξελ-

354 433 529 485 θόντες,
558 431 784 475 ποιέεσκον
814 431 892 486 μὲν
923 430 1051 474 οὐδὲν
1069 430 1226 483 κακὸν,
1259 433 1442 489 ἔπασχον
1466 434 1510 476 δὲ
1530 431 1643 486 πρός

358 512 507 556 αὐτοῦ.
565 511 683 562 τέλος
714 511 781 562 δὲ,
812 507 1067 565 ἀπικόμενοι
1095 508 1213 563 παρὰ
1242 511 1318 554 τὸν
1338 516 1534 568 Κροῖσον
1554 516 1644 555 τῶν

334 595 529 635 34Μυσῶν
559 589 744 646 ἄγγελοι,
775 589 924 644 ἔλεγον
952 588 1074 632 τάδε·
1107 585 1183 640 „³521
1208 592 1410 645 βασιλεῦ,
1440 590 1519 642 ὑὸς
1548 594 1645 647 χρῆ-

359 688 453 726 „em
481 670 681 725 μέγιστον
710 665 906 724 ἀνεφάνη
935 667 1039 725 ἡμῖν
1069 668 1115 712 ἓν
1141 671 1194 723 τῇ
1222 667 1364 724 χώρῃ,
1397 669 1445 721 ὃς
1470 670 1522 714 τὰ
1545 671 1692 726 ἕργαεε

360 750 652 804 ,,διαφθείρει.
711 753 871 793 τοῦτον
911 745 1265 804 προθυμεόμενοι
1303 746 1459 801 ἑλέειν,
1491 747 1546 792 οὐ
1578 751 1650 792 δυ-

335 827 578 883 4,,νάμεθα.
635 831 719 871 νῦν
751 822 814 870 ὧν
843 826 1147 882 προσδεόμεθά
1178 838 1275 878 σευ,
1307 826 1386 870 τὸν
1415 829 1550 871 παῖδα
1576 830 1650 872 καὶ

358 940 383 958 „
397 905 586 962 λογάδας
623 908 796 961 νεηνίας
831 906 903 949 καὶ
941 905 1079 957 κύνας
1118 906 1370 962 συμπέμψαι
1413 906 1536 964 ἡμῖν,
1593 905 1652 958 ὥς

335 983 452 1038 5,,ἅν
480 1000 556 1041 μιν
585 983 792 1040 ἐξέλωμεν
828 983 875 1028 ἐκ
903 989 979 1041 τῆς
1006 983 1193 1041 χώρης.“
1252 988 1306 1029 Οἱ
1340 986 1419 1042 μὲν
1458 984 1511 1042 δὴ
1552 985 1653 1029 τού-

358 1081 447 1108 των
476 1062 660 1107 ἐδέοντο.
711 1066 904 1119 Κροῖσος
933 1063 1001 1116 δὲ,
1040 1064 1327 1120 μνημονεύων
1363 1069 1442 1108 τοῦ
1473 1063 1698 1119 ὀνείρου9ο

359 1143 413 1188 τοὶ
452 1144 577 1192 ἔπεα,
618 1141 731 1198 ἔλεγέ
766 1154 846 1199 σφι
881 1141 1007 1186 τάδε·
1062 1144 1267 1196 ,,Παιδός
1313 1144 1392 1200 μὲν
1431 1144 1531 1198 πέρι
1571 1147 1653 1187 τοῦ

359 1257 384 1276 ,,
398 1223 504 1280 ἐμοῦ
539 1220 597 1279 μὴ
635 1226 856 1278 μνησθῆτε
897 1222 976 1266 ἔτι·
1024 1221 1079 1266 οὐ
1111 1224 1194 1279 γαρ
1232 1223 1286 1266 ἂν
1323 1223 1429 1279 ’ὑμῖν
1459 1221 1654 1279 συμπέμ-

360 1310 545 1358 ,,ψαιμι·
586 1299 801 1357 νεόγαμός
837 1317 882 1344 τε
921 1301 1007 1358 γάρ
1047 1301 1163 1355 ἐστι,
1205 1302 1279 1346 καὶ
1313 1301 1450 1345 ταῦτά
1492 1303 1536 1345 οἱ
1570 1305 1654 1345 νῦν

339 1392 386 1433 6„
397 1382 524 1438 μέλει.

318 1578 554 1622 augmentum
602 1574 712 1624 vulgo
767 1577 904 1623 omitti,
932 1575 977 1613 F.

317 1629 363 1666 A.
386 1629 497 1667 IVols.
529 1644 675 1680 quoque
705 1637 810 1669 notat
846 1633 978 1681 (Prae-

319 1687 384 1722 fat.
407 1687 455 1722 ad
476 1686 577 1724 Iliad,
612 1701 650 1738 p.
667 1686 852 1737 LXVIII)
882 1689 977 1725 conf.

318 1741 354 1788 I,
385 1744 475 1783 100.
512 1742 568 1790 II,
611 1743 692 1784 174
724 1744 846 1793 ibique
882 1747 974 1781 nott.

318 1796 427 1834 Unus
454 1798 544 1836 liber
570 1812 682 1850 prave
711 1799 856 1839 exhibet
881 1800 977 1840 διε-

321 1854 560 1906 φθείρεσκε.

380 1930 434 1979 ὥς
459 1929 511 1971 ὄῖν
537 1948 606 1983 μιν
631 1932 820 1986 ἐξέλωμεν
843 1932 885 1973 ἐκ
907 1935 979 1985 τῆς

321 1983 477 2039 χώρης]
519 1993 595 2036 „ut
645 1991 745 2028 illam
783 1991 926 2027 bestiam
961 2003 979 2027 e

322 2047 416 2080 terra
447 2035 610 2082 tammus
653 2061 684 2084 s.
715 2047 832 2083 tollere
862 2048 979 2096 possi-

321 2101 436 2136 mus.“
471 2100 531 2138 De
547 2099 600 2147 ὦς
616 2098 667 2141 ἂν
691 2107 868 2152 sequente
892 2116 977 2140 con-

322 2156 478 2192 iunctivo
509 2159 604 2194 conf.
637 2171 747 2208 supra
766 2159 803 2206 I,
828 2161 891 2199 11.
922 2178 979 2187 —-

322 2210 491 2262 ἐξαιρεῖν
511 2213 569 2249 hic
598 2213 666 2261 (ut
693 2219 800 2251 antea
821 2215 978 2266 αἱρεῖν)

323 2268 497 2304 eximendi
516 2269 779 2317 significatione
801 2271 978 2320 accipien-

324 2324 422 2360 dum.
479 2323 538 2361 De
562 2338 636 2374 qua
657 2325 721 2362 Cr.
739 2327 911 2362 amandat
931 2326 978 2362 ad

323 2380 506 2417 Schaefer.
532 2382 580 2417 ad
601 2381 773 2432 Sophocl.
791 2381 977 2432 Oedip.R.

380 2510 519 2560 παιδός
541 2511 612 2564 μὲν
637 2512 758 2567 πέρι
786 2529 855 2554 του
877 2513 981 2565 ε’μοιῖ

324 2566 378 2620 μὴ
407 2573 613 2621 μνησθῆτε
636 2570 713 2621 ἔτι]
754 2572 979 2608 Structuram

323 2626 423 2663 verbi
451 2628 633 2676 μνᾶσθαι
672 2640 752 2664 cum
789 2628 981 2676 praeposi-

322 2682 421 2719 tione
441 2681 550 2732 περὶ,
579 2683 658 2720 loco
681 2682 854 2732 simplicis
877 2683 981 2731 geni-

322 2738 397 2785 tivi,
420 2751 463 2775 ex
481 2738 548 2775 hoc
565 2738 644 2776 loco
656 2739 807 2787 aliisque
829 2739 981 2776 adnotat

323 2793 452 2831 Matth.
480 2792 516 2844 ἓ.
535 2795 618 2836 347
636 2799 713 2833 not.
739 2798 758 2835 1
779 2808 815 2844 p.
828 2797 922 2836 656.

379 2860 446 2901 καὶ
488 2857 612 2901 ταῦτα’
662 2860 704 2902 οἱ
737 2863 814 2902 νῦν
849 2859 977 2913 μέλει]

592 1382 755 1424 Λυδῶν
790 1380 940 1438 μέντοι
979 1381 1167 1438 λογάδας
1196 1382 1267 1426 καὶ
1304 1379 1353 1425 τό
1393 1381 1655 1438 κυνηγέσιον

1044 1578 1170 1616 ταῦτα
1192 1578 1215 1614 i.
1232 1590 1263 1615 e.
1284 1573 1333 1615 τὰ
1353 1578 1425 1616 τοῦ
1436 1571 1581 1629 γάμου,
1599 1577 1700 1626 quod

1045 1646 1089 1671 ex
1109 1634 1427 1671 antecedentibus:
1447 1628 1647 1685 νεόγαμός
1657 1647 1698 1672 τε

1044 1685 1122 1741 γάρ
1147 1689 1226 1728 ἐστι
1248 1694 1370 1726 mente
1381 1690 1621 1740 repetendum
1633 1694 1699 1727 est.

1044 1746 1087 1783 In
1103 1759 1206 1795 seqq.
1240 1759 1260 1783 e
1288 1745 1635 1783 Schellershemiano
1658 1745 1702 1782 li-

1046 1802 1111 1838 bro
1132 1815 1213 1838 cum
1234 1801 1402 1850 Schwgh.
1423 1806 1460 1839 et
1475 1802 1592 1839 Gaisf.
1611 1802 1702 1838 scri-

1044 1859 1182 1908 psimus
1209 1855 1448 1904 συνεξελέειν
1479 1857 1572 1908 (pro
1611 1869 1702 1896 συν-

1047 1913 1218 1962 εξελεῖν)
1248 1915 1367 1951 sonna
1409 1914 1527 1963 magis
1567 1914 1702 1961 Ionica,

1046 1970 1162 2018 qualis
1189 1982 1298 2020 supra
1327 1967 1464 2009 ἑλέειν.
1523 1969 1703 2007 Matthiae

1046 2025 1083 2062 in
1099 2031 1201 2063 textu
1218 2025 1364 2074 reliquit
1385 2026 1617 2073 συνεξελεῖν.
1645 2046 1702 2054 --

1046 2079 1091 2121 το“
1108 2081 1429 2135 κυνηγέσιον
1448 2083 1703 2131 significatve-

1046 2139 1204 2176 naticum
1225 2151 1332 2176 omne
1351 2138 1610 2186 ministerium,
1638 2151 1703 2175 ve-

1046 2199 1193 2232 natores
1217 2208 1298 2232 cum
1316 2195 1479 2232 canibus.
1520 2194 1563 2231 In
1590 2194 1703 2232 verbo

1048 2250 1071 2288 δ
1087 2265 1134 2288 ια
1146 2247 1357 2300 κελεύομαι
1390 2251 1703 2301 praepositionem

1047 2307 1320 2354 significationis
1340 2308 1534 2355 augendae
1561 2311 1597 2344 et
1627 2318 1706 2342 am-

1045 2362 1217 2412 pliandae
1241 2375 1349 2399 causa
1385 2364 1566 2400 adiectam
1596 2366 1704 2413 puta-

1045 2430 1140 2454 mus,
1198 2418 1369 2455 Conferri
1411 2422 1586 2468 poterunt
1611 2431 1705 2454 non-

1045 2472 1142 2509 nulla
1167 2485 1211 2510 ex
1251 2474 1294 2509 iis
1308 2501 1318 2520 ,
1360 2485 1457 2521 quae
1495 2474 1544 2510 ad
1575 2473 1703 2521 Viger.

1045 2529 1176 2565 adiecit
1189 2528 1305 2564 Zeun.
1321 2541 1360 2577 p.
1373 2528 1456 2568 589
1474 2532 1511 2565 et
1523 2528 1698 2565 Abresch.

1047 2585 1095 2620 ad
1117 2583 1267 2620 Cattieri
1303 2584 1555 2633 Gazophylac.
1584 2597 1621 2633 p.
1648 2582 1703 2624 75

1047 2651 1152 2687 seqq.
1209 2638 1343 2688 Neque
1366 2641 1463 2676 enim
1487 2640 1545 2676 hic
1563 2637 1628 2678 ὁιοέ
1639 2652 1704 2676 va-

1046 2694 1096 2731 let
1126 2697 1295 2739 z'lwz'cem3
1326 2695 1373 2732 de
1412 2707 1485 2744 qua
1514 2696 1705 2746 praeposi-

1045 2750 1153 2787 tionis
1188 2751 1225 2787 in
1272 2751 1536 2800 compositione
1564 2752 1599 2788 vi
1634 2751 1701 2788 Cr.

1047 2807 1200 2843 conferri
1231 2806 1331 2844 iubet
1356 2805 1532 2846 Valcken.
1557 2808 1607 2846 ad
1621 2807 1702 2845 He·-

1045 2862 1124 2900 rod.
1146 2862 1192 2910 V,
1217 2864 1281 2903 18.

1788 2832 1792 2935 ,ἕ
