1759 3324
348 264 434 306 326

741 258 1215 300 HERODOTI

323 373 412 432 ὃδὴ
439 368 504 418 ὦν
530 371 609 417 τὸν
643 371 777 415 νέκυν
816 371 1002 426 Πέρσαι,
1055 373 1112 427 γῇ
1146 366 1402 423 κρύπτουσι.
1460 365 1614 422 Μάγοι

353 453 402 497 δὲ
436 453 720 508 κεχωρίδαται
760 449 925 495 πολλὸν
958 453 1047 494 τῶν
1086 465 1132 492 τε
1169 446 1313 491 ἄλλων
1349 442 1615 501 ἀνθρώπων,

352 534 427 576 καὶ
454 536 541 576 τῶν
570 532 618 576 ἐν
650 529 856 588 Αἰγύπτῳ
887 528 1030 584 ἱρέων.
1073 529 1118 572 οἷ
1156 527 1235 584 μὲν
1267 526 1351 583 γὰρ
1381 523 1616 581 ἁγνεύουσι

325 613 548 669 4ἔμψυχον
576 610 711 667 μηδὲν
739 610 942 660 κτείνειν,
988 608 1025 651 εἰ
1062 606 1120 662 μή
1151 606 1234 650 ὅσα
1263 605 1437 650 θύουσι.
1499 606 1543 648 οἱ
1571 604 1673 648 δὲ50

355 689 410 747 δὴ
438 689 571 747 μάγοι
610 686 858 743 αὐτοχειρίῃ
896 684 1061 737 πάντα,
1107 684 1222 741 πλὴν
1267 685 1403 736 κυνὸς
1439 685 1513 728 καὶ
1542 683 1615 729 ἇν-

301 884 453 928 Quaest.
476 882 516 930 I,
534 882 588 924 45
619 881 672 929 (,,
681 880 818 919 Persae
843 880 952 918 etiam

300 952 383 978 cera
418 938 632 977 circumlitos
672 937 855 984 condunt,
913 940 955 973 ut

300 1008 411 1045 quam
429 995 585 1033 maxime
613 996 854 1045 permaneant
872 992 955 1030 diu-

299 1056 408 1089 turna
427 1053 644 1102 corpora“),
673 1051 806 1088 Sextus
824 1049 953 1100 Empi-

300 1109 394 1147 ficus
440 1107 618 1157 Pyrrhon.
664 1107 854 1158 Hypotyp.
901 1104 954 1142 III

301 1178 364 1216 op.
382 1163 437 1206 24
460 1177 547 1215 pag.
575 1164 678 1213 185,
714 1163 777 1213 qui
804 1174 954 1200 narrare

300 1222 481 1272 quosdam
505 1221 648 1268 scribit,
676 1232 700 1257 a
724 1219 845 1258 Persis
876 1231 957 1256 sus-

300 1277 416 1329 pendi
435 1281 599 1315 mortuos
630 1281 667 1316 et
694 1276 789 1313 nitro
817 1275 958 1313 condiri

300 1338 413 1384 atque
435 1334 486 1372 ita
520 1333 640 1371 fasciis
667 1332 821 1371 obvolvi.
878 1332 958 1370 He-

300 1391 472 1428 rodotum
500 1389 558 1428 hic
583 1403 664 1429 mos
681 1402 727 1428 eo
744 1389 863 1439 magis
892 1388 960 1425 ad-

300 1450 445 1486 vertere
468 1450 635 1498 poterat,
665 1458 738 1496 quo
755 1445 850 1483 aliae
868 1457 960 1494 gen-

301 1507 358 1541 tes
372 1502 550 1553 plurimae
566 1506 730 1541 mortuos
749 1502 961 1540 comburere

301 1558 481 1598 solebant.
537 1559 616 1598 Sed
635 1559 705 1597 hoc
734 1560 838 1597 nefas
857 1557 959 1596 vide·

301 1615 411 1654 batur
442 1615 586 1664 Persis,
643 1616 707 1665 qui
744 1615 960 1653 cadaverum

302 1671 556 1710 combustione
571 1672 694 1721 ignem
723 1669 961 1709 contaminari

301 1729 494 1780 putabant.
551 1728 624 1766 Vid
645 1732 736 1766 nott.
763 1728 813 1765 ad
833 1727 872 1775 Ι,
893 1729 961 1770 86.

301 1784 463 1823 Heeren.
493 1784 608 1823 Ideen
634 1784 674 1832 I,
700 1788 724 1826 1
752 1797 840 1835 pag.
864 1782 959 1826 254.

301 1839 426 1891 Atque
447 1841 584 1879 exstitit
597 1854 716 1891 nuper
733 1839 879 1888 Rhode,
897 1840 959 1890 qui

303 1897 346 1946 (l.
365 1897 389 1934 l.
411 1910 498 1949 pag.
519 1898 612 1940 132.
639 1897 750 1945 133)
782 1901 862 1934 tota
881 1909 960 1934 cor-

302 1965 416 2005 pora,
446 1954 530 1991 cera
549 1954 730 2001 obducta,
758 1953 872 1990 fuisse
891 1952 959 1989 hu-

302 2013 405 2047 mata
430 2013 585 2058 negaret
620 2008 764 2058 aliaque
793 2009 959 2059 disputa-

302 2069 381 2113 ret,
421 2065 552 2115 quibus
590 2065 807 2102 sententiam
856 2076 958 2100 suam

301 2121 479 2171 probaret
497 2121 581 2158 viris
606 2120 733 2158 doctis.
776 2120 883 2163 Quae
903 2125 960 2156 ta-

303 2188 389 2215 men
408 2190 488 2214 cum
510 2189 578 2214 nec
589 2177 770 2214 Herodoti
785 2189 853 2213 nec
870 2175 960 2213 alio-

302 2245 384 2270 rum
396 2232 611 2270 testimoniis
622 2233 693 2270 sint
703 2236 960 2280 consentanea,

303 2289 488 2327 mittamus
527 2301 616 2326 sane
650 2302 717 2326 nee
741 2289 886 2337 longius
916 2289 959 2325 iis

303 2345 547 2383 immoremur.
595 2344 718 2394 Magis
739 2346 893 2382 forsitan
911 2345 959 2382 ad

303 2401 534 2440 Herodotum
571 2401 661 2438 illud
701 2402 810 2449 facit,
859 2402 960 2451 quod

303 2455 505 2496 Larcherus
534 2459 696 2508 profert,
725 2457 835 2506 Angli
861 2458 959 2506 regis

303 2513 459 2551 cadaver
506 2514 588 2551 cera
625 2514 820 2551 obductum
863 2526 960 2551 anno

307 2569 415 2611 1307
452 2582 489 2620 p.
519 2569 606 2607 Chr.
635 2582 670 2606 n.
708 2574 745 2608 et
778 2571 960 2619 integrum

304 2628 484 2663 servatum
504 2625 551 2662 ad
579 2630 740 2663 nostram
765 2639 881 2676 usque
897 2639 959 2665 ae-

304 2685 428 2720 tatem.
469 2682 579 2719 Conf.
607 2683 766 2732 denique
792 2688 882 2720 nott.
911 2684 959 2721 ad

305 2737 340 2786 l,
369 2738 462 2779 198.

361 2795 415 2848 γῇ
431 2788 674 2846 κρύπτουσι]
706 2795 729 2832 i.
749 2808 780 2833 e.
809 2799 846 2833 in
864 2800 957 2834 terra

305 2854 493 2900 reponunt,
522 2851 686 2888 condunt.
715 2851 858 2889 Eodem
877 2866 956 2890 mo-

307 2907 356 2944 do
377 2906 414 2955 1,
435 2909 516 2948 216
545 2912 581 2945 et
606 2908 706 2958 apud
735 2909 954 2960 Sophoclem

1020 875 1136 932 τάφῳ
1157 874 1315 932 κρύψαι
1335 877 1559 930 inAntigon.
1582 881 1675 923 182.

1079 991 1121 1032 οἵ
1142 989 1185 1031 δὲ
1216 987 1266 1044 δή
1300 986 1420 1044 μάγοι
1450 987 1675 1047 αὕτοχειρίῃ

1020 1044 1154 1088 πάντα
1189 1070 1238 1077 --
1265 1047 1488 1099 κτείνουσι]
1551 1048 1677 1099 Expli-

1023 1106 1141 1143 canda
1154 1105 1245 1143 haec
1264 1109 1348 1142 sunt
1366 1118 1410 1144 ex
1421 1106 1586 1143 doctrina
1594 1105 1678 1143 Ma·

1023 1175 1152 1212 gotum
1178 1175 1221 1200 ac
1239 1161 1433 1200 Persarum
1462 1162 1510 1200 de
1536 1162 1679 1199 duobus

1023 1219 1164 1269 geniis,
1201 1219 1299 1256 bono
1338 1231 1413 1256 uno
1441 1218 1679 1268 (Ormuzd),

1025 1275 1139 1314 altero
1161 1287 1273 1325 pravo
1303 1274 1556 1325 (Ahriman),
1586 1288 1680 1326 quo-

1024 1345 1103 1369 rum
1126 1331 1186 1370 ille
1205 1332 1365 1369 omnium
1393 1332 1594 1379 bonorum,
1622 1331 1681 1369 hic

1026 1388 1187 1427 omnium
1231 1388 1407 1426 malorum
1448 1390 1531 1427 fons
1567 1392 1681 1438 atque

1023 1445 1252 1496 principium.
1318 1444 1384 1483 Ille
1425 1445 1531 1483 bonis
1575 1445 1683 1482 adest

1025 1501 1252 1549 hominibus,
1281 1501 1339 1538 hic
1365 1514 1498 1552 pravos
1529 1501 1626 1550 regit
1643 1504 1681 1538 et

1027 1558 1076 1596 ad
1103 1571 1206 1596 suum
1234 1558 1420 1595 arbitrium
1450 1558 1559 1595 ducit.
1615 1556 1682 1594 Ille

1027 1615 1126 1653 bona
1160 1615 1246 1652 sibi·
1270 1614 1380 1652 habet
1413 1612 1602 1661 animalia,
1632 1613 1682 1650 ad

1027 1671 1220 1709 utilitatem
1252 1670 1438 1708 hommum
1477 1674 1681 1721 procreata,

1027 1727 1086 1765 hic
1103 1727 1204 1765 malis
1221 1731 1392 1779 praeest,
1421 1727 1547 1765 bestiis
1560 1755 1571 1776 ,
1595 1726 1681 1764 feris

1028 1784 1185 1821 humano
1205 1784 1331 1833 generi
1341 1783 1476 1822 nocivis
1493 1785 1684 1821 damnum-

1028 1853 1100 1890 que
1120 1840 1312 1891 plurimum
1322 1840 1569 1878 inserentibus.
1588 1839 1683 1876 Cum

1026 1910 1114 1934 vero
1162 1909 1457 1946 unumquemque
1500 1895 1683 1933 hominem

1026 1957 1197 2003 oporteat
1223 1953 1358 1990 bonum
1396 1952 1543 2001 genium
1572 1952 1684 2000 (Or-

1026 2010 1162 2057 muzd)
1204 2009 1331 2058 sequi,
1367 2009 1560 2060 ipsumque
1597 2007 1685 2046 inde

1026 2066 1181 2116 probum
1213 2066 1311 2113 fieri,
1349 2066 1471 2102 omnia
1500 2065 1569 2102 iste
1595 2067 1684 2114 agat

1027 2135 1178 2159 necesse
1208 2127 1283 2169 est,
1325 2122 1566 2171 omnibusque
1593 2133 1684 2172 ope-

1027 2178 1101 2215 rari
1120 2178 1242 2226 debet,
1261 2179 1391 2228 quibus
1411 2178 1514 2229 pravi
1531 2179 1684 2216 daemo-

1027 2234 1082 2271 nis
1101 2248 1255 2284 regnum
1273 2236 1474 2283 minuatur,
1502 2235 1683 2273 eiusdem-

1028 2303 1102 2340 que
1117 2292 1170 2328 vis
1190 2292 1228 2328 in
1248 2305 1305 2329 res
1324 2292 1527 2329 mundanas
1548 2303 1591 2328 ac
1609 2294 1684 2328 ter-

1026 2351 1160 2385 restres
1179 2352 1398 2386 coerceatur.
1428 2347 1601 2398 Semper,
1620 2347 1684 2396 qui

1025 2404 1161 2454 probus
1179 2417 1221 2442 ac
1238 2405 1316 2442 sere
1333 2405 1463 2442 beatus
1484 2404 1564 2441 fieri
1581 2403 1681 2451 velit,

1028 2460 1182 2509 vigilare
1210 2461 1322 2498 debet
1353 2473 1572 2511 semperque
1600 2472 1684 2498 esse

1028 2515 1188 2554 intentus
1200 2546 1212 2565 ‚
1228 2530 1296 2555 nec
1312 2529 1472 2566 unquam
1493 2516 1684 2554 socordiae

1028 2577 1093 2610 aut
1126 2573 1295 2623 ignaviae
1327 2573 1494 2619 deditus;
1539 2585 1685 2624 semper

1027 2633 1270 2680 persequatur
1302 2628 1418 2677 mala,
1457 2641 1553 2679 quae
1597 2628 1685 2667 mali

1027 2686 1125 2734 genii
1144 2686 1197 2723 vis
1219 2686 1423 2736 procreavit
1443 2690 1556 2734 atque
1581 2685 1683 2732 aluit,

1028 2754 1171 2792 semper
1189 2742 1380 2780 insidietur
1398 2742 1519 2792 pravis
1544 2741 1684 2788 bestiis,

1026 2810 1074 2836 ne
1101 2798 1149 2834 illi
1178 2799 1226 2836 de
1247 2798 1352 2835 bonis
1379 2798 1596 2845 detrahant,
1625 2810 1684 2835 re-

1025 2867 1183 2903 gnumve
1201 2855 1304 2905 pravi
1326 2855 1380 2892 sui
1401 2853 1500 2904 genii
1519 2854 1683 2902 adauge-

1025 2915 1098 2948 ant.
1158 2911 1234 2949 Sed
1265 2910 1410 2961 Magis,
1439 2911 1502 2961 qui
1527 2909 1682 2962 proximi
