1805 3315
269 1233 336 1278 14

93 1300 179 1334 Quae
203 1298 276 1333 ille,
305 1299 336 1337 ‹Jt

60 1340 131 1361 autc
165 1341 234 1360 eum
268 1339 334 1366 quis

370 252 428 292 36
788 248 1260 287 HERODOTI

350 362 490 417 Ξρίου.
523 357 583 410 ὥς
611 356 696 414 γάρ
726 357 779 414 δὴ
811 358 854 401 οἱ
874 358 1015 401 Λυδοὶ
1045 359 1192 402 δεινὸν
1223 358 1448 402 ἐποιεῦντο
1477 356 1525 402 τό
1544 359 1663 401 Καν-

374 438 542 484 δαύλεω
571 436 735 488 πάθος,
773 437 847 481 καὶ
885 436 933 480 ἐν
973 436 1147 481 ὅπλοισι
1175 433 1306 493 ἦσαν,
1350 438 1595 494 συνέβησαν
1623 436 1666 488 ἐς

373 516 515 562 τώυτό
566 517 615 560 οἵ
647 532 692 560 τε
730 520 810 560 τοῦ
850 515 1000 573 Γύγεω
1041 519 1275 559 στασιῶται
1312 516 1387 560 καὶ
1433 518 1478 560 οῖ
1517 515 1667 560 λοιποὶ

374 597 542 649 Λυδοὶ,
569 594 626 652 ἢν
652 596 732 652 μὲν
762 595 815 652 δή
850 594 899 639 τό
931 594 1194 651 χρηστήριον
1224 594 1354 652 οἷνέλῃ
1385 612 1459 652 μιν
1488 594 1687 651 βασιλέα1

378 675 491 722 εἶναι
521 677 704 728 Λυδῶν,
731 673 857 719 τόνδε
886 675 1152 732 βασιλεύειν·
1186 674 1242 731 ἢν
1272 675 1317 719 δὲ
1346 674 1427 731 μή,
1470 672 1668 718 ἀποδοῦ-

352 764 450 801 3ναι
480 753 616 800 ὀπίσω
647 755 689 807 ἐς
714 754 996 810 Ἡρακλείδας
1036 754 1118 811 τὴν
1152 753 1298 810 ἀρχήν.
1357 751 1498 797 ἀνεῖλέ
1531 768 1576 796 τε
1613 751 1668 809 δή

353 835 428 880 4τὸ
459 833 745 892 χρηστήριον,
777 833 851 878 καὶ
881 834 1155 890 ἐβασίλευσεν
1183 834 1298 877 οὕτω
1327 833 1485 890 Γύγης.
1517 831 1671 876 τοσόν-

379 916 426 958 δε
454 915 603 970 μέντοι
635 911 726 957 εἷπε
755 911 782 969 ἡ
817 914 995 969 Πυθίη,
1028 911 1087 964 ὠς
1107 913 1413 970 Ἡρακλείδῃσι
1437 915 1546 964 τίσις
1577 912 1693 969 ἥξειδ

357 993 424 1045 ὅές
449 992 527 1037 τόν
561 991 756 1050 πέμπτον
792 989 1017 1048 ἀπόγονον
1045 991 1207 1049 Γύγεω.
1247 992 1409 1036 τούτου
1434 996 1514 1035 τοῦ
1547 992 1671 1042 ἔπεος

379 1077 420 1116 Λ
512 1073 522 1089 Ι
683 1072 692 1087 l
758 1072 770 1085 P
939 1070 948 1085 1
1067 1070 1077 1086 2
1125 1077 1143 1084 νυ
1242 1070 1251 1084 Ι
1407 1070 1416 1084 2
1456 1073 1464 1085 1
1562 1070 1574 1086 Ἱ

422 1075 522 1116 υδοι
550 1088 595 1116 τε
623 1089 698 1116 και
727 1087 769 1114 οι
799 1074 995 1127 βασιλεες
1025 1089 1171 1116 αυτων
1200 1076 1335 1128 λογον
1364 1074 1523 1116 ουδενα
1557 1084 1673 1115 εποι-

379 1155 533 1205 εῦντο,
563 1152 670 1207 πρὶν
700 1150 752 1208 δὴ
782 1150 1053 1208 ἐπετελέσθη.

55 1368 337 1469 ἓΞΞῘΙΞΞΞξΞ-ἥὲ-
383 1390 542 1443 νεύσας
569 1389 790 1448 ἀπέπεμψε
818 1389 1081 1448 ἀναθήματα
1115 1390 1157 1442 ἐς
1184 1389 1389 1448 Δελφοὺς
1420 1386 1504 1433 οὐκ
1532 1387 1720 1444 ὀλίγαιο

57 1469 121 1496 fert
154 1467 262 1494 Mileto
306 1469 337 1493 et

57 1502 130 1536 Smy
136 1508 207 1527 tuae.
241 1507 335 1533 arma,

57 1538 91 1562 et
140 1533 342 1566 Colophonem

58 1568 150 1603 capit.

59 1602 166 1663 ξᾶῗὲ
182 1568 338 1630 εὼῃεῖξιίῗέ

545 1571 577 1609 C
587 1584 609 1608 a
618 1584 654 1622 p.
686 1570 786 1608 XIII.

395 1652 464 1694 καὶ
490 1653 531 1694 ἓν
556 1651 716 1694 ὅπλοισι
737 1648 867 1706 ἦσαν]
897 1654 997 1694 Male

333 1710 496 1751 nonnulli
542 1710 731 1759 ἔνοπλοι,
783 1711 996 1750 confusione

335 1769 424 1806 satis
448 1768 643 1817 frequenti.
669 1767 993 1818 Vid.Wesseling.

335 1825 460 1874 ibique
485 1823 642 1862 iaudatt.

393 1879 620 1932 συνέβησαν
650 1880 690 1928 ἐς
719 1875 844 1920 τώυτὸ
885 1879 929 1920 οἵ
958 1894 999 1920 τε

335 1936 410 1976 τοῦ
437 1934 570 1989 Γύγεω
602 1939 813 1977 στασιῶται
833 1951 869 1975 κ.
889 1952 921 1975 τ.
942 1935 995 1988 λ.]

335 1994 360 2031 ἰ.
400 2006 433 2031 e.
502 1997 696 2042 „convenit
744 1995 834 2030 inter
881 1994 999 2044 Gygz's

331 2050 529 2101 factionem
552 2054 585 2087 et
609 2051 760 2101 ‘reliquos
779 2049 914 2100 Lydos,
944 2054 998 2098 ut,

338 2106 476 2157 quando
513 2107 646 2144 scilicet
684 2107 866 2144 oraculum
909 2107 998 2144 hunc

336 2175 452 2211 regem
501 2163 683 2214 Lydorum
732 2177 801 2201 esse
838 2163 998 2210 dixisset,

338 2219 433 2256 hicce
474 2219 664 2269 (Gyges)
709 2223 895 2269 regnaret3
943 2222 998 2256 sin

337 2277 472 2322 minus',
511 2280 551 2313 ut
598 2276 804 2315 Heraclidis
852 2289 997 2325 regnum

338 2333 546 2369 restitueret.
558 2333 583 2352 ‘⁴
640 2333 856 2370 Particulam
906 2329 968 2383 δή
983 2363 995 2381 ,

339 2400 435 2437 quae
461 2388 556 2426 male
592 2401 614 2426 a
645 2390 861 2438 quibusdam
889 2390 997 2427 codd.

342 2444 471 2491 abest,
516 2444 615 2481 haud
654 2446 733 2483 sine
767 2447 926 2495 quadam
962 2445 999 2481 vi

342 2500 496 2536 orationi
548 2501 722 2538 insertam
778 2515 881 2548 esse,
938 2501 998 2537 vix

342 2567 560 2604 quemquam
579 2556 684 2604 fugit.
721 2555 802 2594 Nec
828 2557 899 2593 alia
919 2558 997 2594 fere

342 2611 506 2648 eiusdem
530 2611 584 2647 vis
606 2612 643 2648 in
671 2624 774 2661 sqq.:
804 2607 936 2651 ἀνεῖλε
954 2625 996 2650 τε

343 2663 406 2717 δή
438 2663 483 2706 τδ
512 2662 751 2718 χρηστήριον
784 2682 820 2706 κ.
842 2682 876 2706 τ.
899 2671 932 2706 λ.
957 2671 994 2705 et

343 2723 382 2762 in
416 2723 489 2760 fine
523 2723 670 2773 capitis:
712 2743 770 2750 —
800 2723 896 2775 πρὶν
930 2720 992 2774 δὴ

343 2777 594 2829 ἐπετελέσθη.
650 2778 710 2817 De
732 2779 811 2817 loeo
829 2781 910 2831 ipso
928 2779 994 2817 Cr.

342 2836 483 2873 confert
509 2835 677 2872 Eustath.
699 2836 747 2872 ad
773 2837 909 2885 Odyss.
930 2835 995 2884 ΙΙΙ,

344 2890 426 2934 225
465 2904 502 2943 p.
540 2894 622 2935 122
655 2892 736 2930 infr.
783 2893 842 2931 ed.
883 2892 995 2930 Basil.

357 1313 477 1360 ἒδαι,
508 1310 613 1362 τούς
639 1309 921 1366 “Ηρακλείδας
943 1308 1211 1366 ἀπελόμενοι.

499 1230 590 1287 Τὴν
623 1230 702 1287 μὲν
729 1230 783 1287 δὴ
811 1233 1052 1286 τυραννίδα
1086 1229 1202 1275 οὕτω
1234 1230 1361 1286 ἔσχον
1390 1231 1435 1274 οἵ
1461 1227 1673 1284 Μερμνά-

1272 1309 1419 1366 Γύγης
1443 1309 1489 1353 δὲ
1514 1325 1673 1364 τυραν-

1064 1570 1123 1609 De
1144 1573 1335 1616 structura,
1369 1568 1441 1618 qu&
1458 1568 1607 1606 verbum
1630 1577 1721 1606 συν-

1065 1626 1215 1677 έβησαν
1225 1626 1282 1663 hic
1293 1626 1423 1676 exeipit
1432 1625 1639 1671 infinitivus,
1649 1623 1722 1661 vid.

1064 1684 1249 1720 Schaefer.
1275 1683 1322 1718 ad
1349 1681 1534 1719 Lambert.
1564 1681 1653 1717 Bos.
1673 1681 1721 1718 de

1062 1739 1193 1790 Ellips.
1214 1753 1251 1790 p.
1265 1738 1358 1779 784.
1372 1767 1383 1785 ‚
1415 1738 1472 1776 cui
1489 1742 1612 1775 tamen
1624 1733 1721 1776 ὥστε

1067 1797 1104 1833 in
1139 1797 1194 1833 his
1223 1796 1395 1832 omissum
1425 1807 1507 1832 esse
1535 1794 1722 1841 statuenti,

1066 1856 1164 1890 recte
1197 1852 1228 1888 si
1257 1852 1345 1900 quid
1374 1851 1503 1898 video,
1532 1849 1720 1887 oblocutus

1067 1913 1124 1946 est
1162 1908 1364 1945 Hermann.
1402 1908 1440 1944 in
1476 1907 1631 1945 Dissert.
1673 1907 1721 1944 de

1066 1964 1197 2015 Ellips.
1223 1968 1259 2001 et
1291 1963 1501 2001 Pleonasm.
1530 1964 1569 2000 in
1594 1962 1721 2000 Wolfii

1067 2026 1104 2059 et
1129 2021 1340 2058 Buttmann.
1362 2019 1495 2057 Museo
1525 2019 1623 2057 stud.
1654 2015 1721 2056 im-

1065 2079 1130 2128 tiq.
1161 2076 1243 2114 Vol.
1274 2077 1291 2113 I
1318 2090 1355 2127 p.
1379 2076 1471 2118 195.

1120 2129 1237 2173 τόνδε
1259 2129 1499 2184 βασιλεύειν]
1529 2131 1722 2170 Buttman-

1064 2204 1150 2228 num
1182 2191 1212 2226 si
1232 2191 1360 2227 audias
1385 2190 1442 2237 (in
1468 2190 1619 2227 Excurs.
1649 2188 1722 2226 XII

1064 2248 1114 2284 ad
1133 2247 1369 2284 Demosthen,
1391 2246 1543 2283 Midian.
1561 2258 1598 2296 p.
1620 2245 1721 2294 158)

1064 2304 1122 2341 hic
1151 2304 1380 2341 scribendum
1413 2303 1481 2340 erIt
1521 2299 1609 2341 τὸν
1644 2300 1720 2351 δὲ,

1065 2364 1106 2397 ut
1126 2360 1163 2396 in
1185 2359 1293 2396 simili
1312 2359 1391 2396 loco
1408 2359 1466 2407 ΙΙ,
1497 2360 1564 2401 39.

1121 2437 1178 2445 —
1206 2412 1293 2467 ἥξει
1335 2414 1374 2462 ἐς
1431 2412 1503 2455 τόν
1540 2412 1721 2466 πέμπτον

1067 2466 1272 2524 οῗπόγονον
1291 2468 1451 2523 Γύγεω]
1484 2471 1558 2515 Qui
1578 2472 1721 2510 Croesus

1065 2533 1164 2577 erat,
1193 2528 1266 2566 vid.
1289 2528 1384 2565 infra
1411 2528 1452 2576 Ι,
1482 2530 1548 2569 91.

1270 2638 1303 2676 C
1314 2650 1383 2688 ap.
1412 2637 1510 2675 XIV.

1121 2718 1252 2774 Γύγης
1273 2719 1317 2761 δὲ
1332 2718 1604 2773 τυραννεύσας
1623 2717 1716 2763 οἷπέ-

1062 2788 1198 2830 πεμψε
1248 2773 1492 2829 ἀναθήματα
1541 2778 1581 2826 ἐς
1620 2783 1716 2819 Δελ-

1065 2832 1193 2885 φούς]
1252 2849 1439 2886 τυρανν
1452 2831 1604 2883 εύσας
1658 2837 1716 2874 hie

1063 2896 1161 2931 verte
1170 2905 1184 2930 ;
1223 2920 1248 2940 ,,
1261 2903 1337 2930 cum
1371 2903 1516 2941 regnum
1548 2905 1714 2944 occupas-
