1759 3324
567 278 986 318 EUTERPE.
1048 281 1090 317 Π,

1367 284 1449 325 837

185 387 393 444 ἐκβάντας
412 389 457 431 δὲ
479 387 521 438 ἐς
540 389 640 442 γῆν,
671 387 742 430 καὶ
762 385 1048 438 ὁπλισθέντας
1067 390 1232 444 χαλκῷ,
1256 388 1448 446 ἀγγέλλει

185 470 272 510 τῶν
299 483 362 518 τις
390 466 638 520 Αἰγυπτίων
667 465 709 516 ές
739 466 791 508 τὰ
821 465 916 509 ἕλεα
946 464 1208 521 ἀπικόμενος
1231 472 1292 525 τῷ
1320 473 1502 526 {isay-30

182 546 352 603 μιτίχῳ,
410 542 493 599 (ὥς
531 542 613 587 οὐκ
662 543 768 587 ἰδών
815 544 1033 599 πρότερον
1077 549 1225 604 χαλκῷ
1277 547 1442 603 ἄνδρας

180 622 485 675 ὁπλισθέντας,
499 624 512 677 )

151 700 404 758 7θαλοὲσσης
442 705 694 758 λεηλατεῦσι
732 702 782 745 τό
812 704 977 746 πεδίον.

575 620 632 672 ὠς
669 621 842 678 χάλκεοι
878 623 1034 678 ἄνδρες
1086 623 1318 681 ἀπιγμένοι
1359 625 1443 670 ἀπό

1037 702 1061 747 ὁ
1093 705 1159 755 δὲ,
1203 704 1363 760 μαθών
1393 706 1440 750 τὸ

176 780 439 838 χρηστήριον
470 779 796 835 ἐπιτελεύμενον
817 813 828 834 ,
875 783 981 838 φίλα
1010 799 1053 825 τε
1083 788 1196 826 τοῖσι
1218 783 1340 826 Ἴωσι
1369 784 1442 827 καὶ

179 862 323 915 Καρσὶ
352 861 566 912 ποιέεται,
595 861 669 903 καί
699 872 856 916 σφεας,
887 860 1053 918 μεγάλα
1081 861 1496 919 ὑπισχνεύμενος,35

120 1067 384 1117 Vl'esselingius
397 1069 508 1106 Cares
530 1067 614 1104 olim
629 1066 772 1104 latroci-

118 1125 216 1160 nium
232 1126 432 1162 exercuisse
441 1125 648 1175 passimque
663 1124 771 1161 etiam

118 1182 285 1218 mercede
307 1183 505 1219 conductos
525 1180 713 1218 militasse.

177 1233 370 1287 ἐκβάντας
414 1235 457 1276 δὲ
495 1237 534 1283 ἐς
563 1239 659 1289 γῆν,
700 1236 770 1276 καὶ

118 1290 383 1341 ὁπλισθέντας
401 1296 531 1348 χαλκῷ
549 1309 584 1332 κ.
607 1308 638 1331 τ.
650 1293 700 1343 λ]
718 1294 767 1331 Ηί

117 1350 308 1387 accusativi
332 1352 494 1401 pendent
524 1364 545 1387 a
567 1350 678 1387 verbo
701 1346 767 1402 “²7-

114 1403 261 1456 γέλλει,
291 1420 372 1444 curn
400 1408 449 1444 ita
469 1407 606 1444 Noster
632 1407 767 1443 oratio-

113 1473 196 1499 nem
216 1464 422 1500 exordiatur
437 1492 448 1510 ,
478 1477 520 1500 ac
549 1464 579 1499 si
606 1467 689 1512 post
710 1464 765 1500 di-

114 1531 195 1555 cere
215 1518 387 1557 voluisset
406 1522 617 1570 λεηλατεῖν.
647 1518 680 1555 Α
693 1532 765 1568 qua

113 1577 238 1612 tamen
269 1577 463 1613 accusativi
487 1589 566 1613 cum
590 1576 763 1612 infinitivo

112 1634 288 1669 structura
347 1633 394 1669 iu·
437 1632 542 1669 aliam
593 1633 763 1682 deinceps

111 1687 243 1724 transit
287 1692 501 1726 structuram
541 1688 639 1725 verbi
672 1689 763 1725 finiti

112 1756 192 1780 cum
219 1744 392 1793 particula
421 1743 475 1791 (ὅς
509 1743 583 1793 (ὥς
604 1739 762 1794 χάλκεοι

113 1796 255 1850 ἄνδρες
274 1821 329 1827 -
346 1802 591 1852 λεηλατεῦσι)
613 1802 659 1837 ob
681 1815 763 1838 ver-

112 1856 158 1892 ba
178 1857 285 1893 credo
302 1857 407 1906 plura
433 1858 658 1908 interposita.
699 1857 761 1894 Tu

110 1912 181 1948 vid.
230 1913 277 1949 de
324 1913 527 1951 istiusmodi
575 1914 761 1950 structuris

110 1967 241 2004 Matth.
273 1969 338 2007 Gr.
369 1971 433 2006 Gr.
468 1983 553 2020 pag.
588 1973 694 2010 1299
726 1974 762 2007 et

109 2025 202 2061 conf.
226 2038 319 2073 quae
350 2027 387 2063 in
418 2026 591 2064 Creuzeri
618 2026 759 2063 Melett.

110 2080 183 2117 dixi
203 2080 250 2117 ΠΙ
269 2094 306 2130 p.
328 2085 379 2122 12
402 2096 479 2132 seq.
540 2083 652 2126 Quod
673 2096 758 2120 vero

108 2149 185 2174 aere
207 2136 358 2192 (χαλκῷ
375 2156 402 2173 :
416 2140 579 2189 Kupfer)
600 2143 759 2176 armatos

108 2193 194 2230 dicit
209 2193 315 2231 Iones
335 2198 445 2244 atque
464 2197 596 2242 Cares,
614 2196 683 2233 hoc
697 2209 758 2232 ru-

108 2249 172 2286 des
219 2250 355 2287 indicat
398 2257 526 2299 gentes
567 2253 759 2301 minusque

108 2305 243 2353 cultas,
272 2320 352 2344 cum
374 2307 471 2358 ferri
489 2322 573 2345 usus
594 2309 629 2345 in
648 2309 756 2345 armis

107 2360 258 2411 aliisque
308 2364 416 2401 rebus
454 2366 665 2402 necessariis
710 2365 757 2402 ad

108 2422 262 2456 aetatem
286 2420 357 2456 iam
389 2421 573 2459 cultiorem
592 2422 754 2458 referen-

108 2474 175 2510 dus
192 2475 248 2510 sit.
305 2476 425 2527 Supra
446 2477 484 2525 I,
504 2478 584 2519 215
613 2478 756 2514 Massa-

108 2533 210 2577 getas
235 2530 370 2570 Noster
396 2534 507 2571 refert
533 2547 616 2572 aere
644 2539 756 2583 atque

108 2596 194 2621 auro
231 2587 307 2623 solo
336 2589 413 2637 uti,
447 2594 483 2627 et
512 2590 615 2627 simili
644 2592 755 2627 modo

108 2647 246 2679 veteres
267 2643 486 2683 Germaniae
504 2647 670 2684 nationes
692 2660 754 2685 ae-

108 2697 184 2733 neis
205 2700 312 2736 armis
332 2714 416 2738 usas
439 2716 520 2740 esse
538 2704 753 2753 accepimus.

108 2752 217 2789 Plura
235 2754 342 2793 Link.
359 2757 501 2795 Urwelt
520 2763 586 2796 etc.
604 2773 640 2809 p.
658 2762 752 2801 263.

109 2807 304 2859 Aegyptios
325 2841 336 2859 ,
373 2827 453 2851 cum
483 2828 567 2852 aere
595 2821 754 2853 armatos

109 2863 202 2901 viros
221 2867 454 2916 mirarentur,
490 2871 654 2908 cultiores
683 2873 754 2909 iam

108 2919 218 2958 fuisse
254 2923 444 2975 ferreaque
482 2939 581 2964 arma
619 2928 654 2964 in
686 2942 754 2965 usu

840 1067 1009 1106 habuisse
1039 1069 1135 1107 idem
1170 1070 1255 1109 inde
1281 1070 1414 1119 colligit
1442 1071 1494 1107 vir

840 1125 979 1161 doctus.

886 1181 985 1230 φίλα
996 1180 1248 1232 -ποιέεται]
1271 1183 1290 1218 i.
1306 1196 1336 1219 e.
1350 1183 1494 1231 benigne

837 1239 989 1286 excipit,
1022 1242 1129 1286 grata
1140 1239 1240 1288 facit
1253 1268 1264 1285 ‚
1297 1244 1336 1275 ut
1358 1240 1402 1285 V,
1424 1241 1490 1280 37.

837 1316 891 1320 ——
929 1294 1041 1331 Paulo
1075 1294 1178 1332 aliter
1218 1296 1307 1332 haec
1348 1300 1493 1332 enarrat

837 1349 988 1387 Diodor.
1012 1350 1040 1397 I,
1063 1353 1130 1398 66,
1150 1352 1185 1387 in
1208 1364 1344 1388 summa
1364 1365 1492 1400 quam-

834 1407 888 1443 vis
919 1408 1150 1444 consentiens
1183 1421 1264 1444 cum
1282 1408 1489 1455 Herodoto,

833 1475 941 1511 quem
977 1468 1118 1500 secutus
1142 1463 1347 1501 Larcherus
1364 1464 1491 1501 Psam-

832 1519 1015 1556 mitichum
1035 1521 1139 1569 ponit
1161 1521 1209 1557 ad
1227 1533 1381 1569 regnum
1404 1534 1489 1559 eve-

831 1580 927 1612 ctum
958 1588 1042 1612 ann.
1065 1577 1146 1617 656
1174 1590 1205 1616 a.
1225 1577 1311 1613 Chr.
1332 1591 1366 1614 n.
1381 1606 1392 1624 ,
1416 1582 1490 1624 aut,

831 1633 859 1668 si
874 1632 1075 1669 Diodorum
1101 1634 1203 1682 sequi
1221 1633 1338 1680 malis,
1355 1646 1385 1670 a.
1407 1636 1488 1674 689

831 1689 878 1732 (t.
905 1688 969 1725 Vll
992 1691 1132 1738 p.107.
1154 1690 1235 1730 113
1255 1690 1332 1726 coll.
1354 1691 1487 1739 p.74).

829 1744 927 1781 Alias
949 1745 1097 1782 aliorum
1125 1750 1323 1783 sententias
1353 1759 1488 1795 suppe-

830 1801 959 1837 ditabit
978 1802 1089 1839 Beck.
1110 1800 1242 1839 Anleit.
1265 1816 1298 1838 z.
1321 1802 1487 1851 l‘Veltge-

831 1857 976 1894 schicht.
1004 1857 1018 1893 I
1050 1871 1087 1908 p.
1107 1860 1199 1899 723.
1262 1858 1373 1901 Quod
1401 1872 1486 1895 vero

829 1915 1043 1963 peregrinos
1079 1914 1209 1951 milites
1246 1917 1485 1952 mercenarios

827 1970 1104 2007 Psammitichus
1146 1971 1344 2018 conduxit,
1394 1984 1485 2020 quo-

828 2039 903 2064 rum
936 2040 1007 2077 ope
1038 2039 1191 2075 regnum
1224 2031 1259 2064 et
1282 2027 1485 2076 acquireret

828 2086 864 2120 et
893 2082 1105 2132 acquisitum
1148 2088 1308 2129 teneret,
1349 2083 1417 2120 hoc
1447 2084 1483 2119 in

828 2139 934 2176 rebus
961 2137 1197 2189 Aegyptiacis
1230 2139 1381 2176 multum
1412 2140 1481 2176 uti-

828 2208 900 2244 que
915 2195 1069 2232 valuisse
1094 2196 1256 2242 videtur,
1285 2209 1387 2243 cum,
1421 2195 1481 2244 qni

825 2251 1120 2289 Psammitichum
1158 2252 1271 2290 secuti
1309 2257 1394 2289 sunt
1423 2266 1482 2290 re-

826 2320 914 2357 ges,
946 2309 1160 2358 peregrinos
1187 2308 1317 2345 milites
1346 2312 1381 2346 et
1410 2310 1480 2358 ipsi

825 2365 1054 2402 retinuerint.
1112 2364 1259 2414 Reliqui
1291 2365 1385 2401 enim
1406 2364 1479 2402 Ae-

824 2421 942 2471 gyptii
962 2421 1005 2469 (ii
1023 2422 1251 2472 praesertim,
1269 2422 1330 2470 qui
1345 2422 1392 2457 ad
1413 2421 1479 2457 mi-

824 2478 925 2514 litum
944 2478 1077 2514 tribum
1086 2499 1143 2505 -—-
1150 2478 1414 2525 Kriegerkaste
1423 2499 1478 2505 —

822 2535 1076 2585 pertinebant)
1111 2534 1181 2571 hoc
1211 2546 1322 2582 aegre
1353 2533 1478 2571 tulisse

823 2591 991 2628 videntur
1012 2620 1023 2637 ,
1053 2595 1094 2628 ut
1126 2591 1220 2627 hanc
1258 2590 1304 2626 ob
1331 2603 1477 2627 causam

822 2647 925 2684 multi
942 2647 1121 2684 seditione
1141 2651 1241 2684 mota
1270 2647 1307 2682 in
1326 2645 1477 2683 Aethio—

822 2704 919 2754 piam
954 2704 1204 2749 discederent3
1255 2715 1328 2751 qua
1360 2703 1406 2739 de
1437 2715 1475 2739 re

822 2760 896 2797 vid.
917 2760 1057 2797 Herod.
1080 2760 1124 2807 ΙΙ,
1143 2762 1197 2800 30
1220 2758 1472 2795 coll.Heeren.

822 2816 944 2853 Ideen.
964 2816 1010 2863 II,
1030 2819 1057 2856 2
1077 2829 1161 2866 pag.
1175 2817 1256 2856 399
1275 2828 1351 2862 seq.
1390 2814 1475 2863 Ipsa

824 2873 930 2910 sedes
951 2874 1051 2920 regia
1066 2885 1163 2909 nunc
1182 2871 1244 2907 Sai
1262 2874 1362 2915 erat,
1391 2882 1475 2905 nam

823 2928 926 2966 huius
968 2929 1065 2966 urbis
1103 2928 1242 2965 incolae
1271 2925 1474 2963 Psammiti-
