<?xml version="1.0" encoding="UTF-8"?>
<!DOCTYPE html PUBLIC "-//W3C//DTD XHTML 1.0 Transitional//EN"
    "http://www.w3.org/TR/xhtml1/DTD/xhtml1-transitional.dtd">
<html xmlns="http://www.w3.org/1999/xhtml" xml:lang="en" lang="en">
 <head>
  <title>
</title>
<meta http-equiv="Content-Type" content="text/html;charset=utf-8" />
  <meta name='ocr-system' content='tesseract 3.04.00' />
  <meta name='ocr-capabilities' content='ocr_page ocr_carea ocr_par ocr_line ocrx_word'/>
</head>
<body>
  <div class='ocr_page' id='page_1' title='image "./musaeher01hero/musaeher01hero_0016.png"; bbox 0 0 1758 3315; ppageno 0'>
   <div class='ocr_carea' id='block_1_1' title="bbox 276 225 1157 270">
    <p class='ocr_par' dir='ltr' id='par_1_1' title="bbox 276 225 1157 270">
     <span class='ocr_line' id='line_1_1' title="bbox 276 225 1157 270; baseline -0.007 0"><span class='ocrx_word' id='word_1_1' title='bbox 276 231 305 270; x_wconf 80' lang='lat'>2</span> <span class='ocrx_word' id='word_1_2' title='bbox 690 225 1157 266; x_wconf 87' lang='lat' dir='ltr'>HERODOTI</span> 
     </span>
    </p>
   </div>
   <div class='ocr_carea' id='block_1_2' title="bbox 277 332 1565 394">
    <p class='ocr_par' dir='ltr' id='par_1_2' title="bbox 277 332 1565 394">
     <span class='ocr_line' id='line_1_2' title="bbox 277 332 1565 394; baseline -0.002 -12"><span class='ocrx_word' id='word_1_3' title='bbox 277 336 380 394; x_wconf 74' lang='grc' dir='ltr'><em>ἥδε·</em></span> <span class='ocrx_word' id='word_1_4' title='bbox 412 335 472 389; x_wconf 77' lang='grc' dir='ltr'><em>ὥς</em></span> <span class='ocrx_word' id='word_1_5' title='bbox 499 335 605 394; x_wconf 82' lang='grc' dir='ltr'><em>μήτε</em></span> <span class='ocrx_word' id='word_1_6' title='bbox 641 336 695 381; x_wconf 79' lang='grc' dir='ltr'><em>τοὶ</em></span> <span class='ocrx_word' id='word_1_7' title='bbox 732 334 947 392; x_wconf 71' lang='grc' dir='ltr'><strong><em>γενόμενα</em></strong></span> <span class='ocrx_word' id='word_1_8' title='bbox 983 333 1028 387; x_wconf 81' lang='grc' dir='ltr'><em>ἐξ</em></span> <span class='ocrx_word' id='word_1_9' title='bbox 1056 333 1306 391; x_wconf 76' lang='grc' dir='ltr'><strong><em>ἀνθρώπων</em></strong></span> <span class='ocrx_word' id='word_1_10' title='bbox 1333 339 1395 394; x_wconf 79' lang='grc' dir='ltr'><em>τῷ</em></span> <span class='ocrx_word' id='word_1_11' title='bbox 1421 332 1565 393; x_wconf 84' lang='grc' dir='ltr'><strong><em>χρόνῳ</em></strong></span> 
     </span>
    </p>
   </div>
   <div class='ocr_carea' id='block_1_3' title="bbox 236 448 510 455">
    <p class='ocr_par' dir='ltr' id='par_1_3' title="bbox 236 448 510 455">
     <span class='ocr_line' id='line_1_3' title="bbox 236 448 510 455; baseline 0 2860"><span class='ocrx_word' id='word_1_12' title='bbox 236 448 510 455; x_wconf 95' lang='lat' dir='ltr'><em> </em></span> 
     </span>
    </p>
   </div>
   <div class='ocr_carea' id='block_1_4' title="bbox 236 517 940 2818">
    <p class='ocr_par' dir='ltr' id='par_1_4' title="bbox 236 517 899 574">
     <span class='ocr_line' id='line_1_4' title="bbox 236 517 899 574; baseline -0.008 -14"><span class='ocrx_word' id='word_1_13' title='bbox 236 526 501 574; x_wconf 81' lang='lat' dir='ltr'>proposuerat,</span> <span class='ocrx_word' id='word_1_14' title='bbox 549 533 645 558; x_wconf 91' lang='lat' dir='ltr'><em>nunc</em></span> <span class='ocrx_word' id='word_1_15' title='bbox 680 524 722 556; x_wconf 90' lang='lat' dir='ltr'><em>ut</em></span> <span class='ocrx_word' id='word_1_16' title='bbox 753 517 899 556; x_wconf 86' lang='lat' dir='ltr'><em>absolu-</em></span> 
     </span>
    </p>

    <p class='ocr_par' dir='ltr' id='par_1_5' title="bbox 239 569 902 852">
     <span class='ocr_line' id='line_1_5' title="bbox 239 569 898 626; baseline -0.003 -9"><span class='ocrx_word' id='word_1_17' title='bbox 239 586 315 617; x_wconf 74' lang='lat' dir='ltr'><em>tiun</em></span> <span class='ocrx_word' id='word_1_18' title='bbox 337 579 413 616; x_wconf 88' lang='lat' dir='ltr'><em>edit</em></span> <span class='ocrx_word' id='word_1_19' title='bbox 431 577 636 626; x_wconf 65' lang='lat' dir='ltr'><em>xulgatque.</em></span> <span class='ocrx_word' id='word_1_20' title='bbox 681 576 779 612; x_wconf 89' lang='lat' dir='ltr'><em>Hinc</em></span> <span class='ocrx_word' id='word_1_21' title='bbox 798 569 898 615; x_wconf 80' lang='grc' dir='ltr'><em>ἆπό-</em></span> 
     </span>
     <span class='ocr_line' id='line_1_6' title="bbox 241 632 900 682; baseline -0.011 -7"><span class='ocrx_word' id='word_1_22' title='bbox 241 636 383 682; x_wconf 83' lang='grc' dir='ltr'>δειξις,</span> <span class='ocrx_word' id='word_1_23' title='bbox 427 639 468 669; x_wconf 90' lang='lat' dir='ltr'><em>ut</em></span> <span class='ocrx_word' id='word_1_24' title='bbox 504 632 772 681; x_wconf 67' lang='grc' dir='ltr'>Π)ιῒειι1)ῑιεὴίἰ</span> <span class='ocrx_word' id='word_1_25' title='bbox 818 636 900 668; x_wconf 91' lang='lat' dir='ltr'><em>utar</em></span> 
     </span>
     <span class='ocr_line' id='line_1_7' title="bbox 240 689 901 738; baseline -0.008 -10"><span class='ocrx_word' id='word_1_26' title='bbox 240 692 359 728; x_wconf 82' lang='lat' dir='ltr'><em>verbis</em></span> <span class='ocrx_word' id='word_1_27' title='bbox 377 689 521 726; x_wconf 88' lang='lat' dir='ltr'><em>Selectt.</em></span> <span class='ocrx_word' id='word_1_28' title='bbox 541 689 731 725; x_wconf 85' lang='lat' dir='ltr'><em>Historicc.</em></span> <span class='ocrx_word' id='word_1_29' title='bbox 752 702 788 738; x_wconf 89' lang='lat' dir='ltr'><em>p.</em></span> <span class='ocrx_word' id='word_1_30' title='bbox 806 689 901 735; x_wconf 83' lang='lat'><em>339,</em></span> 
     </span>
     <span class='ocr_line' id='line_1_8' title="bbox 243 745 902 794; baseline -0.006 -10"><span class='ocrx_word' id='word_1_31' title='bbox 243 753 302 785; x_wconf 86' lang='lat' dir='ltr'><em>est</em></span> <span class='ocrx_word' id='word_1_32' title='bbox 319 746 491 782; x_wconf 74' lang='lat' dir='ltr'><em>absolutio</em></span> <span class='ocrx_word' id='word_1_33' title='bbox 504 774 514 792; x_wconf 92' lang='lat'><em>,</em></span> <span class='ocrx_word' id='word_1_34' title='bbox 539 745 684 794; x_wconf 81' lang='lat' dir='ltr'><em>publica</em></span> <span class='ocrx_word' id='word_1_35' title='bbox 697 747 902 794; x_wconf 82' lang='lat' dir='ltr'><em>propositio,</em></span> 
     </span>
     <span class='ocr_line' id='line_1_9' title="bbox 245 801 905 852; baseline -0.003 -13"><span class='ocrx_word' id='word_1_36' title='bbox 245 804 457 852; x_wconf 77' lang='lat' dir='ltr'><em>ostensioque</em></span> <span class='ocrx_word' id='word_1_37' title='bbox 479 801 632 838; x_wconf 83' lang='lat' dir='ltr'><em>absoluti</em></span> <span class='ocrx_word' id='word_1_38' title='bbox 653 803 773 851; x_wconf 77' lang='lat' dir='ltr'><em>operis.</em></span> <span class='ocrx_word' id='word_1_39' title='bbox 803 802 905 837; x_wconf 88' lang='lat' dir='ltr'><em>Con-</em></span> 
     </span>
    </p>

    <p class='ocr_par' dir='ltr' id='par_1_6' title="bbox 246 857 909 1360">
     <span class='ocr_line' id='line_1_10' title="bbox 248 857 906 909; baseline -0.005 -13"><span class='ocrx_word' id='word_1_40' title='bbox 248 861 408 897; x_wconf 81' lang='lat' dir='ltr'><em>ferantur</em></span> <span class='ocrx_word' id='word_1_41' title='bbox 425 858 486 895; x_wconf 85' lang='lat' dir='ltr'><em>alii</em></span> <span class='ocrx_word' id='word_1_42' title='bbox 500 858 684 909; x_wconf 84' lang='lat' dir='ltr'><em>scriptoris</em></span> <span class='ocrx_word' id='word_1_43' title='bbox 703 859 816 894; x_wconf 84' lang='lat' dir='ltr'>nostri</span> <span class='ocrx_word' id='word_1_44' title='bbox 836 857 906 894; x_wconf 93' lang='lat' dir='ltr'><em>loci</em></span> 
     </span>
     <span class='ocr_line' id='line_1_11' title="bbox 246 913 908 963; baseline -0.011 -8"><span class='ocrx_word' id='word_1_45' title='bbox 246 917 277 963; x_wconf 83' lang='grc' dir='ltr'><strong>Ι,</strong></span> <span class='ocrx_word' id='word_1_46' title='bbox 297 918 378 956; x_wconf 77' lang='lat'><em>207</em></span> <span class='ocrx_word' id='word_1_47' title='bbox 401 915 462 951; x_wconf 88' lang='lat' dir='ltr'><em>fin.</em></span> <span class='ocrx_word' id='word_1_48' title='bbox 492 914 539 961; x_wconf 90' lang='grc' dir='ltr'><em>ΙΙ,</em></span> <span class='ocrx_word' id='word_1_49' title='bbox 565 917 655 955; x_wconf 86' lang='grc'>101.</span> <span class='ocrx_word' id='word_1_50' title='bbox 679 914 768 955; x_wconf 83' lang='lat'><em>148.</em></span> <span class='ocrx_word' id='word_1_51' title='bbox 812 913 908 949; x_wconf 90' lang='lat' dir='ltr'><em>Hinc</em></span> 
     </span>
     <span class='ocr_line' id='line_1_12' title="bbox 247 970 908 1022; baseline -0.005 -14"><span class='ocrx_word' id='word_1_52' title='bbox 247 971 495 1022; x_wconf 85' lang='lat' dir='ltr'><em>philosophis,</em></span> <span class='ocrx_word' id='word_1_53' title='bbox 563 970 692 1008; x_wconf 88' lang='lat' dir='ltr'><em>eodem</em></span> <span class='ocrx_word' id='word_1_54' title='bbox 738 974 908 1007; x_wconf 88' lang='lat' dir='ltr'><em>monente</em></span> 
     </span>
     <span class='ocr_line' id='line_1_13' title="bbox 249 1026 907 1076; baseline -0.005 -11"><span class='ocrx_word' id='word_1_55' title='bbox 249 1026 542 1076; x_wconf 72' lang='lat' dir='ltr'><em>wyttenbachio,</em></span> <span class='ocrx_word' id='word_1_56' title='bbox 570 1026 828 1073; x_wconf 83' lang='lat' dir='ltr'><em>demonstratio,</em></span> <span class='ocrx_word' id='word_1_57' title='bbox 849 1039 907 1062; x_wconf 90' lang='lat' dir='ltr'><em>re-</em></span> 
     </span>
     <span class='ocr_line' id='line_1_14' title="bbox 249 1083 908 1131; baseline -0.005 -10"><span class='ocrx_word' id='word_1_58' title='bbox 249 1089 330 1122; x_wconf 82' lang='lat' dir='ltr'><strong>ctae</strong></span> <span class='ocrx_word' id='word_1_59' title='bbox 378 1083 549 1121; x_wconf 80' lang='lat' dir='ltr'><strong>scientiae</strong></span> <span class='ocrx_word' id='word_1_60' title='bbox 597 1083 757 1120; x_wconf 85' lang='lat' dir='ltr'><em>effectrix</em></span> <span class='ocrx_word' id='word_1_61' title='bbox 799 1095 908 1131; x_wconf 84' lang='lat' dir='ltr'><em>argu-</em></span> 
     </span>
     <span class='ocr_line' id='line_1_15' title="bbox 250 1134 909 1188; baseline -0.006 -10"><span class='ocrx_word' id='word_1_62' title='bbox 250 1141 446 1188; x_wconf 83' lang='lat' dir='ltr'><strong>mentatio,</strong></span> <span class='ocrx_word' id='word_1_63' title='bbox 485 1143 542 1176; x_wconf 80' lang='lat' dir='ltr'><em>est</em></span> <span class='ocrx_word' id='word_1_64' title='bbox 568 1134 774 1186; x_wconf 78' lang='grc' dir='ltr'>οἷπὸδειξις.</span> <span class='ocrx_word' id='word_1_65' title='bbox 831 1138 909 1175; x_wconf 86' lang='lat' dir='ltr'><em>Sed</em></span> 
     </span>
     <span class='ocr_line' id='line_1_16' title="bbox 252 1194 908 1247; baseline -0.005 -14"><span class='ocrx_word' id='word_1_66' title='bbox 252 1196 506 1247; x_wconf 88' lang='lat' dir='ltr'><em>Sophistarum</em></span> <span class='ocrx_word' id='word_1_67' title='bbox 522 1200 577 1232; x_wconf 89' lang='lat' dir='ltr'><em>est</em></span> <span class='ocrx_word' id='word_1_68' title='bbox 592 1194 777 1242; x_wconf 79' lang='grc' dir='ltr'>ἐπίδειξις</span> <span class='ocrx_word' id='word_1_69' title='bbox 797 1198 908 1231; x_wconf 80' lang='lat' dir='ltr'><em>osten—</em></span> 
     </span>
     <span class='ocr_line' id='line_1_17' title="bbox 250 1252 908 1302; baseline -0.003 -13"><span class='ocrx_word' id='word_1_70' title='bbox 250 1255 327 1299; x_wconf 79' lang='lat' dir='ltr'><em>sio,</em></span> <span class='ocrx_word' id='word_1_71' title='bbox 365 1253 480 1288; x_wconf 90' lang='lat' dir='ltr'><em>oratio</em></span> <span class='ocrx_word' id='word_1_72' title='bbox 517 1252 601 1289; x_wconf 84' lang='lat' dir='ltr'><em>ficta</em></span> <span class='ocrx_word' id='word_1_73' title='bbox 642 1252 784 1302; x_wconf 89' lang='lat' dir='ltr'><em>publice</em></span> <span class='ocrx_word' id='word_1_74' title='bbox 821 1264 908 1302; x_wconf 89' lang='lat' dir='ltr'><em>pro-</em></span> 
     </span>
     <span class='ocr_line' id='line_1_18' title="bbox 251 1308 908 1360; baseline -0.003 -15"><span class='ocrx_word' id='word_1_75' title='bbox 251 1309 373 1360; x_wconf 88' lang='lat' dir='ltr'><em>posita</em></span> <span class='ocrx_word' id='word_1_76' title='bbox 395 1313 431 1346; x_wconf 89' lang='lat' dir='ltr'><em>et</em></span> <span class='ocrx_word' id='word_1_77' title='bbox 451 1308 499 1344; x_wconf 90' lang='lat' dir='ltr'><em>ad</em></span> <span class='ocrx_word' id='word_1_78' title='bbox 520 1309 799 1346; x_wconf 79' lang='lat' dir='ltr'>ostentationem</span> <span class='ocrx_word' id='word_1_79' title='bbox 811 1320 908 1344; x_wconf 84' lang='lat' dir='ltr'><em>com-</em></span> 
     </span>
    </p>

    <p class='ocr_par' dir='ltr' id='par_1_7' title="bbox 251 1363 938 2652">
     <span class='ocr_line' id='line_1_19' title="bbox 251 1363 910 1417; baseline 0 -17"><span class='ocrx_word' id='word_1_80' title='bbox 251 1366 386 1416; x_wconf 88' lang='lat' dir='ltr'><em>posita.</em></span> <span class='ocrx_word' id='word_1_81' title='bbox 404 1385 460 1392; x_wconf 85' lang='lat'><em>—-</em></span> <span class='ocrx_word' id='word_1_82' title='bbox 482 1363 635 1417; x_wconf 78' lang='grc' dir='ltr'><strong><em>ἱστορίη</em></strong></span> <span class='ocrx_word' id='word_1_83' title='bbox 659 1364 846 1413; x_wconf 72' lang='lat' dir='ltr'><em>indagatio</em></span> <span class='ocrx_word' id='word_1_84' title='bbox 873 1367 910 1401; x_wconf 90' lang='lat' dir='ltr'><em>et</em></span> 
     </span>
     <span class='ocr_line' id='line_1_20' title="bbox 251 1421 910 1471; baseline -0.003 -13"><span class='ocrx_word' id='word_1_85' title='bbox 251 1423 407 1471; x_wconf 80' lang='lat' dir='ltr'><em>cognitio</em></span> <span class='ocrx_word' id='word_1_86' title='bbox 437 1433 571 1469; x_wconf 80' lang='lat' dir='ltr'><em>rerum,</em></span> <span class='ocrx_word' id='word_1_87' title='bbox 608 1434 702 1471; x_wconf 89' lang='lat' dir='ltr'><em>quae</em></span> <span class='ocrx_word' id='word_1_88' title='bbox 733 1422 825 1458; x_wconf 91' lang='lat' dir='ltr'><em>fiunt</em></span> <span class='ocrx_word' id='word_1_89' title='bbox 853 1421 910 1456; x_wconf 87' lang='lat' dir='ltr'><em>sa-</em></span> 
     </span>
     <span class='ocr_line' id='line_1_21' title="bbox 251 1476 912 1527; baseline -0.005 -12"><span class='ocrx_word' id='word_1_90' title='bbox 251 1482 405 1527; x_wconf 81' lang='lat' dir='ltr'><em>etaeque</em></span> <span class='ocrx_word' id='word_1_91' title='bbox 428 1482 523 1525; x_wconf 86' lang='lat' dir='ltr'><em>sunt,</em></span> <span class='ocrx_word' id='word_1_92' title='bbox 552 1477 640 1524; x_wconf 86' lang='lat' dir='ltr'><em>sive,</em></span> <span class='ocrx_word' id='word_1_93' title='bbox 668 1482 708 1514; x_wconf 94' lang='lat' dir='ltr'><em>ut</em></span> <span class='ocrx_word' id='word_1_94' title='bbox 727 1476 912 1524; x_wconf 82' lang='lat' dir='ltr'><em>Schweig-</em></span> 
     </span>
     <span class='ocr_line' id='line_1_22' title="bbox 257 1533 916 1582; baseline -0.005 -11"><span class='ocrx_word' id='word_1_95' title='bbox 257 1534 459 1572; x_wconf 90' lang='lat' dir='ltr'><em>haeuserus</em></span> <span class='ocrx_word' id='word_1_96' title='bbox 475 1534 564 1582; x_wconf 71' lang='lat' dir='ltr'><em>wlt,</em></span> <span class='ocrx_word' id='word_1_97' title='bbox 592 1536 732 1580; x_wconf 83' lang='lat' dir='ltr'><em>notitia,</em></span> <span class='ocrx_word' id='word_1_98' title='bbox 756 1533 916 1570; x_wconf 82' lang='lat' dir='ltr'><em>doctrina</em></span> 
     </span>
     <span class='ocr_line' id='line_1_23' title="bbox 259 1589 918 1640; baseline -0.003 -13"><span class='ocrx_word' id='word_1_99' title='bbox 259 1590 532 1640; x_wconf 82' lang='lat' dir='ltr'><em>contemplando,</em></span> <span class='ocrx_word' id='word_1_100' title='bbox 562 1589 833 1640; x_wconf 78' lang='lat' dir='ltr'><em>percunctando,</em></span> <span class='ocrx_word' id='word_1_101' title='bbox 861 1591 918 1626; x_wconf 86' lang='lat' dir='ltr'><em>in-</em></span> 
     </span>
     <span class='ocr_line' id='line_1_24' title="bbox 259 1642 919 1697; baseline -0.003 -13"><span class='ocrx_word' id='word_1_102' title='bbox 259 1644 426 1697; x_wconf 79' lang='lat' dir='ltr'><em>quirendo</em></span> <span class='ocrx_word' id='word_1_103' title='bbox 448 1642 670 1697; x_wconf 76' lang='lat' dir='ltr'><em>comparata,</em></span> <span class='ocrx_word' id='word_1_104' title='bbox 698 1659 794 1696; x_wconf 88' lang='lat' dir='ltr'><em>quae</em></span> <span class='ocrx_word' id='word_1_105' title='bbox 824 1647 919 1683; x_wconf 81' lang='lat' dir='ltr'><em>refe-</em></span> 
     </span>
     <span class='ocr_line' id='line_1_25' title="bbox 259 1703 919 1753; baseline -0.003 -13"><span class='ocrx_word' id='word_1_106' title='bbox 259 1707 361 1740; x_wconf 84' lang='lat' dir='ltr'>ratur</span> <span class='ocrx_word' id='word_1_107' title='bbox 374 1707 451 1740; x_wconf 88' lang='lat' dir='ltr'><em>tum</em></span> <span class='ocrx_word' id='word_1_108' title='bbox 474 1705 522 1740; x_wconf 87' lang='lat' dir='ltr'><em>ad</em></span> <span class='ocrx_word' id='word_1_109' title='bbox 539 1716 595 1752; x_wconf 89' lang='lat' dir='ltr'><em>ea,</em></span> <span class='ocrx_word' id='word_1_110' title='bbox 625 1716 719 1753; x_wconf 89' lang='lat' dir='ltr'><em>quae</em></span> <span class='ocrx_word' id='word_1_111' title='bbox 738 1703 818 1752; x_wconf 90' lang='lat' dir='ltr'><em>quis</em></span> <span class='ocrx_word' id='word_1_112' title='bbox 838 1703 919 1753; x_wconf 85' lang='lat' dir='ltr'><em>ipse</em></span> 
     </span>
     <span class='ocr_line' id='line_1_26' title="bbox 261 1759 920 1808; baseline -0.002 -13"><span class='ocrx_word' id='word_1_113' title='bbox 261 1759 391 1797; x_wconf 82' lang='lat' dir='ltr'><em>viderit</em></span> <span class='ocrx_word' id='word_1_114' title='bbox 399 1760 579 1808; x_wconf 88' lang='lat' dir='ltr'><em>noritque,</em></span> <span class='ocrx_word' id='word_1_115' title='bbox 595 1764 670 1796; x_wconf 79' lang='lat' dir='ltr'><em>tuin</em></span> <span class='ocrx_word' id='word_1_116' title='bbox 683 1760 731 1795; x_wconf 87' lang='lat' dir='ltr'><em>ad</em></span> <span class='ocrx_word' id='word_1_117' title='bbox 748 1771 804 1806; x_wconf 91' lang='lat' dir='ltr'><em>ea,</em></span> <span class='ocrx_word' id='word_1_118' title='bbox 826 1771 920 1808; x_wconf 89' lang='lat' dir='ltr'><em>quae</em></span> 
     </span>
     <span class='ocr_line' id='line_1_27' title="bbox 264 1815 920 1865; baseline -0.003 -13"><span class='ocrx_word' id='word_1_119' title='bbox 264 1816 312 1852; x_wconf 85' lang='lat' dir='ltr'><em>ab</em></span> <span class='ocrx_word' id='word_1_120' title='bbox 332 1815 411 1852; x_wconf 84' lang='lat' dir='ltr'><em>aliis</em></span> <span class='ocrx_word' id='word_1_121' title='bbox 432 1816 648 1865; x_wconf 88' lang='lat' dir='ltr'><em>inquirendo</em></span> <span class='ocrx_word' id='word_1_122' title='bbox 664 1820 700 1853; x_wconf 89' lang='lat' dir='ltr'><em>et</em></span> <span class='ocrx_word' id='word_1_123' title='bbox 710 1815 920 1863; x_wconf 86' lang='lat' dir='ltr'><em>indagando</em></span> 
     </span>
     <span class='ocr_line' id='line_1_28' title="bbox 263 1871 923 1921; baseline -0.003 -13"><span class='ocrx_word' id='word_1_124' title='bbox 263 1871 455 1921; x_wconf 85' lang='lat' dir='ltr'><em>acceperit.</em></span> <span class='ocrx_word' id='word_1_125' title='bbox 470 1872 634 1909; x_wconf 74' lang='lat' dir='ltr'><em>,Arctiori</em></span> <span class='ocrx_word' id='word_1_126' title='bbox 650 1872 793 1921; x_wconf 85' lang='lat' dir='ltr'><em>quidem</em></span> <span class='ocrx_word' id='word_1_127' title='bbox 812 1883 923 1908; x_wconf 86' lang='lat' dir='ltr'><em>sensu</em></span> 
     </span>
     <span class='ocr_line' id='line_1_29' title="bbox 265 1927 924 1979; baseline -0.002 -15"><span class='ocrx_word' id='word_1_128' title='bbox 265 1927 477 1964; x_wconf 89' lang='lat' dir='ltr'><em>Herodotus</em></span> <span class='ocrx_word' id='word_1_129' title='bbox 514 1928 693 1979; x_wconf 80' lang='grc' dir='ltr'><em>ἱστορίην</em></span> <span class='ocrx_word' id='word_1_130' title='bbox 737 1927 924 1976; x_wconf 81' lang='lat' dir='ltr'><em>distinguit</em></span> 
     </span>
     <span class='ocr_line' id='line_1_30' title="bbox 267 1980 923 2034; baseline -0.003 -14"><span class='ocrx_word' id='word_1_131' title='bbox 267 1983 315 2020; x_wconf 86' lang='lat' dir='ltr'><em>ab</em></span> <span class='ocrx_word' id='word_1_132' title='bbox 348 1980 462 2033; x_wconf 77' lang='grc' dir='ltr'>ὄψει,</span> <span class='ocrx_word' id='word_1_133' title='bbox 508 1997 580 2033; x_wconf 91' lang='lat' dir='ltr'><em>quo</em></span> <span class='ocrx_word' id='word_1_134' title='bbox 621 1997 715 2034; x_wconf 86' lang='lat' dir='ltr'><em>quae</em></span> <span class='ocrx_word' id='word_1_135' title='bbox 741 1984 822 2034; x_wconf 87' lang='lat' dir='ltr'><em>ipse</em></span> <span class='ocrx_word' id='word_1_136' title='bbox 850 1984 923 2020; x_wconf 87' lang='lat' dir='ltr'><em>suis</em></span> 
     </span>
     <span class='ocr_line' id='line_1_31' title="bbox 268 2039 925 2090; baseline 0.002 -15"><span class='ocrx_word' id='word_1_137' title='bbox 268 2039 380 2076; x_wconf 88' lang='lat' dir='ltr'><em>oculis</em></span> <span class='ocrx_word' id='word_1_138' title='bbox 399 2040 636 2090; x_wconf 84' lang='lat' dir='ltr'><strong>usurpaverit,</strong></span> <span class='ocrx_word' id='word_1_139' title='bbox 662 2041 815 2088; x_wconf 87' lang='lat' dir='ltr'><em>indicet,</em></span> <span class='ocrx_word' id='word_1_140' title='bbox 845 2053 925 2077; x_wconf 89' lang='lat' dir='ltr'><em>cum</em></span> 
     </span>
     <span class='ocr_line' id='line_1_32' title="bbox 270 2094 926 2146; baseline -0.002 -12"><span class='ocrx_word' id='word_1_141' title='bbox 270 2094 424 2145; x_wconf 77' lang='grc' dir='ltr'><strong><em>ἱστορία</em></strong></span> <span class='ocrx_word' id='word_1_142' title='bbox 451 2097 501 2132; x_wconf 88' lang='lat' dir='ltr'><em>ad</em></span> <span class='ocrx_word' id='word_1_143' title='bbox 528 2110 572 2134; x_wconf 91' lang='lat' dir='ltr'><em>ea</em></span> <span class='ocrx_word' id='word_1_144' title='bbox 599 2097 801 2146; x_wconf 80' lang='lat' dir='ltr'><em>pertineat,</em></span> <span class='ocrx_word' id='word_1_145' title='bbox 832 2109 926 2146; x_wconf 83' lang='lat' dir='ltr'><em>quae</em></span> 
     </span>
     <span class='ocr_line' id='line_1_33' title="bbox 271 2151 925 2202; baseline -0.003 -12"><span class='ocrx_word' id='word_1_146' title='bbox 271 2164 317 2190; x_wconf 84' lang='lat' dir='ltr'><em>ex</em></span> <span class='ocrx_word' id='word_1_147' title='bbox 336 2151 501 2199; x_wconf 87' lang='lat' dir='ltr'><em>aliorum,</em></span> <span class='ocrx_word' id='word_1_148' title='bbox 530 2166 622 2202; x_wconf 89' lang='lat' dir='ltr'><em>quos</em></span> <span class='ocrx_word' id='word_1_149' title='bbox 639 2153 830 2200; x_wconf 88' lang='lat' dir='ltr'><em>consuluit,</em></span> <span class='ocrx_word' id='word_1_150' title='bbox 840 2165 925 2190; x_wconf 90' lang='lat' dir='ltr'><em>nar-</em></span> 
     </span>
     <span class='ocr_line' id='line_1_34' title="bbox 272 2208 925 2257; baseline 0.002 -13"><span class='ocrx_word' id='word_1_151' title='bbox 272 2208 412 2245; x_wconf 89' lang='lat' dir='ltr'><em>ratione</em></span> <span class='ocrx_word' id='word_1_152' title='bbox 447 2209 626 2246; x_wconf 88' lang='lat' dir='ltr'><em>fluxerint.</em></span> <span class='ocrx_word' id='word_1_153' title='bbox 681 2209 713 2246; x_wconf 80' lang='lat' dir='ltr'><strong>V</strong></span> <span class='ocrx_word' id='word_1_154' title='bbox 715 2209 763 2245; x_wconf 85' lang='lat' dir='ltr'><em>id.</em></span> <span class='ocrx_word' id='word_1_155' title='bbox 790 2209 836 2257; x_wconf 87' lang='lat' dir='ltr'><em>II,</em></span> <span class='ocrx_word' id='word_1_156' title='bbox 873 2212 925 2250; x_wconf 85' lang='lat'><em>99</em></span> 
     </span>
     <span class='ocr_line' id='line_1_35' title="bbox 272 2263 926 2312; baseline 0.003 -12"><span class='ocrx_word' id='word_1_157' title='bbox 272 2264 360 2312; x_wconf 88' lang='lat' dir='ltr'><em>ibiq.</em></span> <span class='ocrx_word' id='word_1_158' title='bbox 379 2268 468 2301; x_wconf 89' lang='lat' dir='ltr'><em>nott.</em></span> <span class='ocrx_word' id='word_1_159' title='bbox 487 2263 533 2312; x_wconf 86' lang='grc' dir='ltr'><em>ΙΙ,</em></span> <span class='ocrx_word' id='word_1_160' title='bbox 558 2267 649 2306; x_wconf 86' lang='grc'>118.</span> <span class='ocrx_word' id='word_1_161' title='bbox 679 2266 756 2303; x_wconf 85' lang='lat' dir='ltr'><em>Sed</em></span> <span class='ocrx_word' id='word_1_162' title='bbox 775 2265 808 2302; x_wconf 89' lang='lat' dir='ltr'><em>h.</em></span> <span class='ocrx_word' id='word_1_163' title='bbox 830 2265 853 2302; x_wconf 95' lang='lat' dir='ltr'><em>l.</em></span> <span class='ocrx_word' id='word_1_164' title='bbox 874 2265 926 2302; x_wconf 89' lang='lat' dir='ltr'><em>la-</em></span> 
     </span>
     <span class='ocr_line' id='line_1_36' title="bbox 274 2320 931 2369; baseline 0.002 -12"><span class='ocrx_word' id='word_1_165' title='bbox 274 2320 357 2357; x_wconf 85' lang='lat' dir='ltr'><em>tiori</em></span> <span class='ocrx_word' id='word_1_166' title='bbox 379 2333 489 2357; x_wconf 87' lang='lat' dir='ltr'><em>sensu</em></span> <span class='ocrx_word' id='word_1_167' title='bbox 514 2321 678 2358; x_wconf 83' lang='lat' dir='ltr'><em>adhibuit</em></span> <span class='ocrx_word' id='word_1_168' title='bbox 693 2335 839 2369; x_wconf 80' lang='lat' dir='ltr'><em>vocem,</em></span> <span class='ocrx_word' id='word_1_169' title='bbox 869 2335 931 2358; x_wconf 89' lang='lat' dir='ltr'><em>cu-</em></span> 
     </span>
     <span class='ocr_line' id='line_1_37' title="bbox 275 2377 935 2427; baseline 0.005 -15"><span class='ocrx_word' id='word_1_170' title='bbox 275 2377 332 2412; x_wconf 86' lang='lat' dir='ltr'><em>ius</em></span> <span class='ocrx_word' id='word_1_171' title='bbox 341 2377 403 2425; x_wconf 90' lang='lat' dir='ltr'><em>qui</em></span> <span class='ocrx_word' id='word_1_172' title='bbox 422 2381 508 2427; x_wconf 85' lang='lat' dir='ltr'><em>post</em></span> <span class='ocrx_word' id='word_1_173' title='bbox 517 2377 623 2414; x_wconf 82' lang='lat' dir='ltr'><em>fuerit</em></span> <span class='ocrx_word' id='word_1_174' title='bbox 634 2391 720 2414; x_wconf 89' lang='lat' dir='ltr'><em>usus</em></span> <span class='ocrx_word' id='word_1_175' title='bbox 737 2391 779 2415; x_wconf 91' lang='lat' dir='ltr'><em>ac</em></span> <span class='ocrx_word' id='word_1_176' title='bbox 794 2378 935 2426; x_wconf 86' lang='lat' dir='ltr'><em>signifi-</em></span> 
     </span>
     <span class='ocr_line' id='line_1_38' title="bbox 278 2432 934 2483; baseline 0.003 -14"><span class='ocrx_word' id='word_1_177' title='bbox 278 2432 387 2480; x_wconf 77' lang='lat' dir='ltr'><em>catio,</em></span> <span class='ocrx_word' id='word_1_178' title='bbox 417 2432 475 2469; x_wconf 88' lang='lat' dir='ltr'><em>hic</em></span> <span class='ocrx_word' id='word_1_179' title='bbox 498 2445 679 2483; x_wconf 87' lang='lat' dir='ltr'><strong>exponere</strong></span> <span class='ocrx_word' id='word_1_180' title='bbox 705 2447 778 2470; x_wconf 88' lang='lat' dir='ltr'><em>non</em></span> <span class='ocrx_word' id='word_1_181' title='bbox 796 2436 934 2471; x_wconf 85' lang='lat' dir='ltr'><em>attinet.</em></span> 
     </span>
     <span class='ocr_line' id='line_1_39' title="bbox 279 2487 938 2539; baseline 0.005 -15"><span class='ocrx_word' id='word_1_182' title='bbox 279 2487 402 2525; x_wconf 85' lang='lat' dir='ltr'><em>Fluxit</em></span> <span class='ocrx_word' id='word_1_183' title='bbox 416 2488 512 2536; x_wconf 90' lang='lat' dir='ltr'><em>inde,</em></span> <span class='ocrx_word' id='word_1_184' title='bbox 524 2489 666 2539; x_wconf 70' lang='lat' dir='ltr'><em>opinor,</em></span> <span class='ocrx_word' id='word_1_185' title='bbox 684 2491 794 2539; x_wconf 90' lang='lat' dir='ltr'><em>quod,</em></span> <span class='ocrx_word' id='word_1_186' title='bbox 808 2495 846 2527; x_wconf 93' lang='lat' dir='ltr'><em>ut</em></span> <span class='ocrx_word' id='word_1_187' title='bbox 859 2504 938 2527; x_wconf 90' lang='lat' dir='ltr'><em>mo-</em></span> 
     </span>
     <span class='ocr_line' id='line_1_40' title="bbox 279 2544 937 2595; baseline 0.006 -15"><span class='ocrx_word' id='word_1_188' title='bbox 279 2544 359 2580; x_wconf 90' lang='lat' dir='ltr'><em>nuit</em></span> <span class='ocrx_word' id='word_1_189' title='bbox 376 2544 580 2582; x_wconf 90' lang='lat' dir='ltr'><em>Creuzerus</em></span> <span class='ocrx_word' id='word_1_190' title='bbox 598 2546 710 2595; x_wconf 88' lang='lat' dir='ltr'><em>(conf.</em></span> <span class='ocrx_word' id='word_1_191' title='bbox 722 2547 828 2584; x_wconf 82' lang='lat' dir='ltr'><em>etiam</em></span> <span class='ocrx_word' id='word_1_192' title='bbox 842 2548 937 2584; x_wconf 88' lang='lat' dir='ltr'><em>Hist.</em></span> 
     </span>
     <span class='ocr_line' id='line_1_41' title="bbox 280 2599 938 2652; baseline 0.006 -16"><span class='ocrx_word' id='word_1_193' title='bbox 280 2599 406 2637; x_wconf 86' lang='lat' dir='ltr'><em>Kunst</em></span> <span class='ocrx_word' id='word_1_194' title='bbox 421 2601 488 2638; x_wconf 90' lang='lat' dir='ltr'><em>der</em></span> <span class='ocrx_word' id='word_1_195' title='bbox 509 2602 573 2638; x_wconf 94' lang='lat' dir='ltr'><em>Gr.</em></span> <span class='ocrx_word' id='word_1_196' title='bbox 592 2615 627 2652; x_wconf 88' lang='lat' dir='ltr'><em>p.</em></span> <span class='ocrx_word' id='word_1_197' title='bbox 651 2602 731 2643; x_wconf 83' lang='lat'><em>174</em></span> <span class='ocrx_word' id='word_1_198' title='bbox 754 2604 842 2651; x_wconf 84' lang='lat' dir='ltr'><em>sq.,)</em></span> <span class='ocrx_word' id='word_1_199' title='bbox 865 2604 938 2640; x_wconf 86' lang='lat' dir='ltr'><em>Po-</em></span> 
     </span>
    </p>

    <p class='ocr_par' dir='ltr' id='par_1_8' title="bbox 282 2654 940 2818">
     <span class='ocr_line' id='line_1_42' title="bbox 283 2654 940 2709; baseline 0.008 -18"><span class='ocrx_word' id='word_1_200' title='bbox 283 2654 400 2704; x_wconf 83' lang='lat' dir='ltr'><em>lybius</em></span> <span class='ocrx_word' id='word_1_201' title='bbox 429 2669 523 2707; x_wconf 85' lang='lat' dir='ltr'><em>opus</em></span> <span class='ocrx_word' id='word_1_202' title='bbox 555 2670 659 2694; x_wconf 89' lang='lat' dir='ltr'><em>suum</em></span> <span class='ocrx_word' id='word_1_203' title='bbox 694 2659 940 2709; x_wconf 81' lang='lat' dir='ltr'><em>appellaverat</em></span> 
     </span>
     <span class='ocr_line' id='line_1_43' title="bbox 282 2708 937 2766; baseline 0.006 -16"><span class='ocrx_word' id='word_1_204' title='bbox 282 2710 460 2761; x_wconf 81' lang='grc' dir='ltr'><strong><em>ἱστορίαν</em></strong></span> <span class='ocrx_word' id='word_1_205' title='bbox 487 2708 767 2766; x_wconf 79' lang='grc' dir='ltr'>οἷποδεικτικην</span> <span class='ocrx_word' id='word_1_206' title='bbox 804 2716 862 2765; x_wconf 92' lang='grc' dir='ltr'><em>(Ι,</em></span> <span class='ocrx_word' id='word_1_207' title='bbox 901 2719 937 2758; x_wconf 94' lang='grc'><em>1.</em></span> 
     </span>
     <span class='ocr_line' id='line_1_44' title="bbox 285 2766 938 2818; baseline 0.002 -10"><span class='ocrx_word' id='word_1_208' title='bbox 285 2766 351 2808; x_wconf 82' lang='grc'><em>14.</em></span> <span class='ocrx_word' id='word_1_209' title='bbox 375 2768 440 2815; x_wconf 89' lang='grc' dir='ltr'><em>ΠΙ,</em></span> <span class='ocrx_word' id='word_1_210' title='bbox 459 2770 525 2810; x_wconf 84' lang='grc'><em>31.</em></span> <span class='ocrx_word' id='word_1_211' title='bbox 555 2769 599 2806; x_wconf 90' lang='lat' dir='ltr'><em>V.</em></span> <span class='ocrx_word' id='word_1_212' title='bbox 620 2771 705 2818; x_wconf 88' lang='grc'><em>75)</em></span> <span class='ocrx_word' id='word_1_213' title='bbox 732 2772 755 2808; x_wconf 88' lang='grc' dir='ltr'><em>ἱ.</em></span> <span class='ocrx_word' id='word_1_214' title='bbox 775 2785 806 2809; x_wconf 87' lang='lat' dir='ltr'><em>e.</em></span> <span class='ocrx_word' id='word_1_215' title='bbox 825 2773 938 2809; x_wconf 87' lang='lat' dir='ltr'><em>histo-</em></span> 
     </span>
    </p>
   </div>
   <div class='ocr_carea' id='block_1_5' title="bbox 283 2824 938 2934">
    <p class='ocr_par' dir='ltr' id='par_1_9' title="bbox 283 2824 938 2934">
     <span class='ocr_line' id='line_1_45' title="bbox 283 2824 938 2877; baseline 0.012 -18"><span class='ocrx_word' id='word_1_216' title='bbox 283 2824 374 2861; x_wconf 84' lang='lat' dir='ltr'><em>riam</em></span> <span class='ocrx_word' id='word_1_217' title='bbox 404 2824 728 2874; x_wconf 80' lang='lat' dir='ltr'><em>demonstrativam,</em></span> <span class='ocrx_word' id='word_1_218' title='bbox 759 2841 851 2877; x_wconf 87' lang='lat' dir='ltr'><em>quae</em></span> <span class='ocrx_word' id='word_1_219' title='bbox 881 2829 938 2866; x_wconf 86' lang='lat' dir='ltr'><em>ni-</em></span> 
     </span>
     <span class='ocr_line' id='line_1_46' title="bbox 283 2880 937 2934; baseline 0.012 -18"><span class='ocrx_word' id='word_1_220' title='bbox 283 2880 414 2919; x_wconf 87' lang='lat' dir='ltr'><em>mirum</em></span> <span class='ocrx_word' id='word_1_221' title='bbox 437 2894 481 2921; x_wconf 85' lang='lat' dir='ltr'><em>ex</em></span> <span class='ocrx_word' id='word_1_222' title='bbox 499 2882 564 2931; x_wconf 84' lang='lat' dir='ltr'><em>iis,</em></span> <span class='ocrx_word' id='word_1_223' title='bbox 592 2895 686 2933; x_wconf 84' lang='lat' dir='ltr'><em>quae</em></span> <span class='ocrx_word' id='word_1_224' title='bbox 715 2890 820 2933; x_wconf 76' lang='lat' dir='ltr'><em>gesta</em></span> <span class='ocrx_word' id='word_1_225' title='bbox 838 2889 937 2934; x_wconf 85' lang='lat' dir='ltr'><em>sunt,</em></span> 
     </span>
    </p>
   </div>
   <div class='ocr_carea' id='block_1_6' title="bbox 954 518 1612 622">
    <p class='ocr_par' dir='ltr' id='par_1_10' title="bbox 954 518 1612 622">
     <span class='ocr_line' id='line_1_47' title="bbox 954 518 1612 569; baseline 0.005 -14"><span class='ocrx_word' id='word_1_226' title='bbox 954 518 1104 555; x_wconf 84' lang='lat' dir='ltr'><em>rationis</em></span> <span class='ocrx_word' id='word_1_227' title='bbox 1142 531 1235 569; x_wconf 92' lang='lat' dir='ltr'><em>ope,</em></span> <span class='ocrx_word' id='word_1_228' title='bbox 1279 520 1366 568; x_wconf 88' lang='lat' dir='ltr'><em>quid</em></span> <span class='ocrx_word' id='word_1_229' title='bbox 1395 521 1460 558; x_wconf 87' lang='lat' dir='ltr'><em>fiat</em></span> <span class='ocrx_word' id='word_1_230' title='bbox 1488 520 1612 558; x_wconf 79' lang='lat' dir='ltr'><em>fierive</em></span> 
     </span>
     <span class='ocr_line' id='line_1_48' title="bbox 956 575 1612 622; baseline 0.005 -12"><span class='ocrx_word' id='word_1_231' title='bbox 956 575 1110 622; x_wconf 86' lang='lat' dir='ltr'><em>debeat,</em></span> <span class='ocrx_word' id='word_1_232' title='bbox 1151 575 1397 613; x_wconf 88' lang='lat' dir='ltr'><em>concludendo</em></span> <span class='ocrx_word' id='word_1_233' title='bbox 1428 589 1612 613; x_wconf 85' lang='lat' dir='ltr'><em>common-</em></span> 
     </span>
    </p>
   </div>
   <div class='ocr_carea' id='block_1_7' title="bbox 954 630 1649 2938">
    <p class='ocr_par' dir='ltr' id='par_1_11' title="bbox 954 630 1613 738">
     <span class='ocr_line' id='line_1_49' title="bbox 954 630 1613 670; baseline 0.005 -3"><span class='ocrx_word' id='word_1_234' title='bbox 954 636 1055 668; x_wconf 88' lang='lat' dir='ltr'><em>strat.</em></span> <span class='ocrx_word' id='word_1_235' title='bbox 1113 630 1174 667; x_wconf 87' lang='lat' dir='ltr'><em>Tu</em></span> <span class='ocrx_word' id='word_1_236' title='bbox 1197 633 1281 668; x_wconf 89' lang='lat' dir='ltr'><em>add.</em></span> <span class='ocrx_word' id='word_1_237' title='bbox 1299 632 1514 669; x_wconf 90' lang='lat' dir='ltr'><em>Dahlmann.</em></span> <span class='ocrx_word' id='word_1_238' title='bbox 1534 633 1613 670; x_wconf 86' lang='lat' dir='ltr'><strong>He-</strong></span> 
     </span>
     <span class='ocr_line' id='line_1_50' title="bbox 956 689 1312 738; baseline -0.006 -13"><span class='ocrx_word' id='word_1_239' title='bbox 956 689 1074 725; x_wconf 85' lang='lat' dir='ltr'><em>rodot.</em></span> <span class='ocrx_word' id='word_1_240' title='bbox 1104 700 1191 738; x_wconf 84' lang='lat' dir='ltr'><em>pag.</em></span> <span class='ocrx_word' id='word_1_241' title='bbox 1221 690 1312 729; x_wconf 85' lang='grc'>108.</span> 
     </span>
    </p>

    <p class='ocr_par' dir='ltr' id='par_1_12' title="bbox 961 739 1649 2938">
     <span class='ocr_line' id='line_1_51' title="bbox 1017 739 1614 809; baseline 0.005 -28"><span class='ocrx_word' id='word_1_242' title='bbox 1017 759 1070 790; x_wconf 84' lang='grc' dir='ltr'><em>ως</em></span> <span class='ocrx_word' id='word_1_243' title='bbox 1093 741 1208 807; x_wconf 84' lang='grc' dir='ltr'><em>μήτε</em></span> <span class='ocrx_word' id='word_1_244' title='bbox 1255 741 1302 782; x_wconf 76' lang='grc' dir='ltr'><em>τὰ</em></span> <span class='ocrx_word' id='word_1_245' title='bbox 1339 739 1531 809; x_wconf 81' lang='grc' dir='ltr'><strong><em>γενόμενα</em></strong></span> <span class='ocrx_word' id='word_1_246' title='bbox 1574 743 1614 792; x_wconf 82' lang='grc' dir='ltr'><em>ἒξ</em></span> 
     </span>
     <span class='ocr_line' id='line_1_52' title="bbox 961 794 1614 855; baseline 0.002 -17"><span class='ocrx_word' id='word_1_247' title='bbox 961 794 1191 851; x_wconf 71' lang='grc' dir='ltr'><strong><em>ἆνθρωπων</em></strong></span> <span class='ocrx_word' id='word_1_248' title='bbox 1253 802 1308 855; x_wconf 78' lang='grc' dir='ltr'><em>τῷ</em></span> <span class='ocrx_word' id='word_1_249' title='bbox 1361 796 1489 854; x_wconf 79' lang='grc' dir='ltr'><strong><em>χρόνῳ</em></strong></span> <span class='ocrx_word' id='word_1_250' title='bbox 1540 799 1614 848; x_wconf 76' lang='grc' dir='ltr'><strong><em>ἐξί-</em></strong></span> 
     </span>
     <span class='ocr_line' id='line_1_53' title="bbox 961 856 1614 909; baseline -0.003 -14"><span class='ocrx_word' id='word_1_251' title='bbox 961 860 1059 906; x_wconf 73' lang='grc' dir='ltr'><em>τηλα</em></span> <span class='ocrx_word' id='word_1_252' title='bbox 1111 856 1291 909; x_wconf 79' lang='grc' dir='ltr'>γένηται]</span> <span class='ocrx_word' id='word_1_253' title='bbox 1364 858 1614 905; x_wconf 85' lang='lat' dir='ltr'><em>lungendum:</em></span> 
     </span>
     <span class='ocr_line' id='line_1_54' title="bbox 963 908 1616 965; baseline 0.002 -14"><span class='ocrx_word' id='word_1_254' title='bbox 963 911 1011 951; x_wconf 76' lang='grc' dir='ltr'><em>τοὶ</em></span> <span class='ocrx_word' id='word_1_255' title='bbox 1052 910 1246 965; x_wconf 77' lang='grc' dir='ltr'><strong><em>γενόμενα</em></strong></span> <span class='ocrx_word' id='word_1_256' title='bbox 1292 912 1332 960; x_wconf 79' lang='grc' dir='ltr'><em>ἐξ</em></span> <span class='ocrx_word' id='word_1_257' title='bbox 1372 908 1616 964; x_wconf 79' lang='grc' dir='ltr'><strong><em>α’νθρωπων,</em></strong></span> 
     </span>
     <span class='ocr_line' id='line_1_55' title="bbox 963 969 1617 1019; baseline 0.002 -14"><span class='ocrx_word' id='word_1_258' title='bbox 963 974 1004 1005; x_wconf 92' lang='lat' dir='ltr'><em>ut</em></span> <span class='ocrx_word' id='word_1_259' title='bbox 1041 969 1214 1006; x_wconf 79' lang='lat' dir='ltr'><em>hominum</em></span> <span class='ocrx_word' id='word_1_260' title='bbox 1244 969 1354 1019; x_wconf 82' lang='lat' dir='ltr'><em>facta</em></span> <span class='ocrx_word' id='word_1_261' title='bbox 1395 984 1424 1006; x_wconf 78' lang='lat' dir='ltr'><em>S.</em></span> <span class='ocrx_word' id='word_1_262' title='bbox 1462 983 1516 1006; x_wconf 80' lang='lat' dir='ltr'><em>res</em></span> <span class='ocrx_word' id='word_1_263' title='bbox 1554 982 1617 1018; x_wconf 84' lang='lat' dir='ltr'><em>ge</em></span> 
     </span>
     <span class='ocr_line' id='line_1_56' title="bbox 964 1026 1619 1063; baseline 0.002 -2"><span class='ocrx_word' id='word_1_264' title='bbox 964 1029 1040 1062; x_wconf 81' lang='lat' dir='ltr'><em>stae</em></span> <span class='ocrx_word' id='word_1_265' title='bbox 1089 1026 1325 1062; x_wconf 84' lang='lat' dir='ltr'><em>declarentur.</em></span> <span class='ocrx_word' id='word_1_266' title='bbox 1389 1026 1500 1063; x_wconf 85' lang='lat' dir='ltr'><em>Haud</em></span> <span class='ocrx_word' id='word_1_267' title='bbox 1559 1038 1619 1062; x_wconf 87' lang='lat' dir='ltr'><em>ra-</em></span> 
     </span>
     <span class='ocr_line' id='line_1_57' title="bbox 963 1082 1619 1132; baseline -0.002 -14"><span class='ocrx_word' id='word_1_268' title='bbox 963 1095 1004 1118; x_wconf 92' lang='lat' dir='ltr'><em>ro</em></span> <span class='ocrx_word' id='word_1_269' title='bbox 1043 1082 1137 1119; x_wconf 89' lang='lat' dir='ltr'><em>enim</em></span> <span class='ocrx_word' id='word_1_270' title='bbox 1175 1082 1388 1119; x_wconf 87' lang='lat' dir='ltr'><em>Herodotus</em></span> <span class='ocrx_word' id='word_1_271' title='bbox 1426 1082 1619 1132; x_wconf 85' lang='lat' dir='ltr'><em>praeposi-</em></span> 
     </span>
     <span class='ocr_line' id='line_1_58' title="bbox 961 1134 1621 1188; baseline 0 -14"><span class='ocrx_word' id='word_1_272' title='bbox 961 1139 1097 1175; x_wconf 88' lang='lat' dir='ltr'><em>tionem</em></span> <span class='ocrx_word' id='word_1_273' title='bbox 1112 1137 1150 1185; x_wconf 77' lang='grc' dir='ltr'><em>ἐξ</em></span> <span class='ocrx_word' id='word_1_274' title='bbox 1172 1151 1238 1188; x_wconf 87' lang='lat' dir='ltr'><em>pro</em></span> <span class='ocrx_word' id='word_1_275' title='bbox 1255 1134 1337 1177; x_wconf 81' lang='grc' dir='ltr'><em>ύπό</em></span> <span class='ocrx_word' id='word_1_276' title='bbox 1357 1143 1519 1188; x_wconf 84' lang='lat' dir='ltr'><em>usurpat.</em></span> <span class='ocrx_word' id='word_1_277' title='bbox 1558 1137 1621 1174; x_wconf 86' lang='lat' dir='ltr'><em>Tu</em></span> 
     </span>
     <span class='ocr_line' id='line_1_59' title="bbox 962 1194 1622 1243; baseline -0.002 -12"><span class='ocrx_word' id='word_1_278' title='bbox 962 1195 1032 1231; x_wconf 79' lang='lat' dir='ltr'><em>vid.</em></span> <span class='ocrx_word' id='word_1_279' title='bbox 1052 1194 1098 1240; x_wconf 83' lang='grc' dir='ltr'><strong>ΙΙ,</strong></span> <span class='ocrx_word' id='word_1_280' title='bbox 1125 1194 1217 1241; x_wconf 82' lang='grc'>148,</span> <span class='ocrx_word' id='word_1_281' title='bbox 1250 1194 1340 1241; x_wconf 84' lang='lat' dir='ltr'><em>alia,</em></span> <span class='ocrx_word' id='word_1_282' title='bbox 1371 1207 1464 1243; x_wconf 90' lang='lat' dir='ltr'><em>quae</em></span> <span class='ocrx_word' id='word_1_283' title='bbox 1484 1195 1622 1231; x_wconf 85' lang='lat' dir='ltr'><em>dudum</em></span> 
     </span>
     <span class='ocr_line' id='line_1_60' title="bbox 962 1249 1624 1302; baseline 0 -16"><span class='ocrx_word' id='word_1_284' title='bbox 962 1251 1111 1302; x_wconf 88' lang='lat' dir='ltr'><em>protulit</em></span> <span class='ocrx_word' id='word_1_285' title='bbox 1130 1249 1179 1285; x_wconf 62' lang='lat' dir='ltr'>U</span> <span class='ocrx_word' id='word_1_286' title='bbox 1181 1250 1406 1299; x_wconf 82' lang='lat' dir='ltr'><em>esselingius.</em></span> <span class='ocrx_word' id='word_1_287' title='bbox 1436 1250 1552 1287; x_wconf 89' lang='lat' dir='ltr'><em>Aliis</em></span> <span class='ocrx_word' id='word_1_288' title='bbox 1543 1262 1624 1286; x_wconf 83' lang='lat' dir='ltr'><em>lun-</em></span> 
     </span>
     <span class='ocr_line' id='line_1_61' title="bbox 963 1301 1625 1359; baseline 0.002 -16"><span class='ocrx_word' id='word_1_289' title='bbox 963 1320 1052 1356; x_wconf 84' lang='lat' dir='ltr'><em>gere</em></span> <span class='ocrx_word' id='word_1_290' title='bbox 1099 1306 1249 1357; x_wconf 85' lang='lat' dir='ltr'><em>placuit.</em></span> <span class='ocrx_word' id='word_1_291' title='bbox 1308 1306 1346 1354; x_wconf 79' lang='grc' dir='ltr'><em>ἐξ</em></span> <span class='ocrx_word' id='word_1_292' title='bbox 1393 1301 1625 1359; x_wconf 64' lang='grc' dir='ltr'><strong><em>ἀνθρώπων</em></strong></span> 
     </span>
     <span class='ocr_line' id='line_1_62' title="bbox 965 1363 1625 1413; baseline -0.005 -11"><span class='ocrx_word' id='word_1_293' title='bbox 965 1363 1141 1413; x_wconf 78' lang='grc' dir='ltr'><em>ἐξίτηλα,</em></span> <span class='ocrx_word' id='word_1_294' title='bbox 1179 1363 1248 1400; x_wconf 90' lang='lat' dir='ltr'><em>hoc</em></span> <span class='ocrx_word' id='word_1_295' title='bbox 1278 1364 1356 1400; x_wconf 84' lang='lat' dir='ltr'><em>fere</em></span> <span class='ocrx_word' id='word_1_296' title='bbox 1390 1377 1519 1401; x_wconf 85' lang='lat' dir='ltr'><em>sensu:</em></span> <span class='ocrx_word' id='word_1_297' title='bbox 1550 1375 1625 1410; x_wconf 80' lang='lat' dir='ltr'><em>„ne</em></span> 
     </span>
     <span class='ocr_line' id='line_1_63' title="bbox 965 1419 1626 1468; baseline 0 -12"><span class='ocrx_word' id='word_1_298' title='bbox 965 1432 1019 1456; x_wconf 81' lang='lat' dir='ltr'><em>res</em></span> <span class='ocrx_word' id='word_1_299' title='bbox 1029 1423 1148 1468; x_wconf 82' lang='lat' dir='ltr'><em>gestae</em></span> <span class='ocrx_word' id='word_1_300' title='bbox 1165 1423 1370 1456; x_wconf 77' lang='lat' dir='ltr'><em>evanescant</em></span> <span class='ocrx_word' id='word_1_301' title='bbox 1389 1433 1431 1456; x_wconf 73' lang='lat' dir='ltr'><em>ex</em></span> <span class='ocrx_word' id='word_1_302' title='bbox 1451 1419 1626 1456; x_wconf 79' lang='lat' dir='ltr'><em>hominum</em></span> 
     </span>
     <span class='ocr_line' id='line_1_64' title="bbox 967 1476 1627 1526; baseline -0.002 -13"><span class='ocrx_word' id='word_1_303' title='bbox 967 1479 1128 1513; x_wconf 83' lang='lat' dir='ltr'><em>memoria</em></span> <span class='ocrx_word' id='word_1_304' title='bbox 1141 1489 1205 1524; x_wconf 82' lang='lat' dir='ltr'><em>per</em></span> <span class='ocrx_word' id='word_1_305' title='bbox 1230 1478 1389 1526; x_wconf 80' lang='lat' dir='ltr'><em>temporis</em></span> <span class='ocrx_word' id='word_1_306' title='bbox 1406 1476 1627 1513; x_wconf 85' lang='lat' dir='ltr'><em>diuturnita-</em></span> 
     </span>
     <span class='ocr_line' id='line_1_65' title="bbox 969 1531 1628 1581; baseline 0 -12"><span class='ocrx_word' id='word_1_307' title='bbox 969 1533 1074 1569; x_wconf 86' lang='lat' dir='ltr'><em>tem.“</em></span> <span class='ocrx_word' id='word_1_308' title='bbox 1131 1531 1219 1576; x_wconf 86' lang='lat' dir='ltr'><em>Quo&#39;</em></span> <span class='ocrx_word' id='word_1_309' title='bbox 1249 1533 1380 1570; x_wconf 89' lang='lat' dir='ltr'><em>rectius</em></span> <span class='ocrx_word' id='word_1_310' title='bbox 1408 1546 1489 1570; x_wconf 91' lang='lat' dir='ltr'><em>cum</em></span> <span class='ocrx_word' id='word_1_311' title='bbox 1518 1532 1628 1581; x_wconf 78' lang='lat' dir='ltr'><em>Wyt-</em></span> 
     </span>
     <span class='ocr_line' id='line_1_66' title="bbox 971 1588 1628 1639; baseline -0.002 -13"><span class='ocrx_word' id='word_1_312' title='bbox 971 1588 1161 1626; x_wconf 82' lang='lat' dir='ltr'><em>tenbachio</em></span> <span class='ocrx_word' id='word_1_313' title='bbox 1179 1594 1315 1626; x_wconf 81' lang='lat' dir='ltr'><em>vertas:</em></span> <span class='ocrx_word' id='word_1_314' title='bbox 1346 1593 1413 1637; x_wconf 89' lang='lat' dir='ltr'><em>„ut</em></span> <span class='ocrx_word' id='word_1_315' title='bbox 1436 1602 1544 1639; x_wconf 81' lang='lat' dir='ltr'><em>neque</em></span> <span class='ocrx_word' id='word_1_316' title='bbox 1571 1602 1628 1636; x_wconf 84' lang='lat' dir='ltr'><em>ea,</em></span> 
     </span>
     <span class='ocr_line' id='line_1_67' title="bbox 975 1644 1628 1696; baseline 0 -15"><span class='ocrx_word' id='word_1_317' title='bbox 975 1658 1063 1696; x_wconf 86' lang='lat' dir='ltr'><em>quae</em></span> <span class='ocrx_word' id='word_1_318' title='bbox 1093 1645 1137 1681; x_wconf 86' lang='lat' dir='ltr'><em>ab</em></span> <span class='ocrx_word' id='word_1_319' title='bbox 1172 1644 1364 1682; x_wconf 77' lang='lat' dir='ltr'><em>hominibus</em></span> <span class='ocrx_word' id='word_1_320' title='bbox 1389 1646 1500 1696; x_wconf 87' lang='lat' dir='ltr'><em>facta</em></span> <span class='ocrx_word' id='word_1_321' title='bbox 1532 1649 1628 1692; x_wconf 82' lang='lat' dir='ltr'><em>sunt,</em></span> 
     </span>
     <span class='ocr_line' id='line_1_68' title="bbox 974 1701 1630 1752; baseline -0.003 -12"><span class='ocrx_word' id='word_1_322' title='bbox 974 1701 1125 1740; x_wconf 79' lang='lat' dir='ltr'><em>evanida</em></span> <span class='ocrx_word' id='word_1_323' title='bbox 1140 1702 1259 1751; x_wconf 86' lang='lat' dir='ltr'><em>fiant,</em></span> <span class='ocrx_word' id='word_1_324' title='bbox 1289 1703 1310 1738; x_wconf 93' lang='lat' dir='ltr'><em>i.</em></span> <span class='ocrx_word' id='word_1_325' title='bbox 1332 1716 1362 1740; x_wconf 92' lang='lat' dir='ltr'><em>e.</em></span> <span class='ocrx_word' id='word_1_326' title='bbox 1384 1706 1426 1739; x_wconf 82' lang='lat' dir='ltr'><em>ut</em></span> <span class='ocrx_word' id='word_1_327' title='bbox 1441 1715 1548 1752; x_wconf 82' lang='lat' dir='ltr'><em>neque</em></span> <span class='ocrx_word' id='word_1_328' title='bbox 1566 1703 1630 1738; x_wconf 81' lang='grc' dir='ltr'>Ιιο-</span> 
     </span>
     <span class='ocr_line' id='line_1_69' title="bbox 974 1758 1630 1808; baseline 0 -14"><span class='ocrx_word' id='word_1_329' title='bbox 974 1760 1105 1794; x_wconf 82' lang='lat' dir='ltr'><em>minum</em></span> <span class='ocrx_word' id='word_1_330' title='bbox 1117 1758 1228 1807; x_wconf 88' lang='lat' dir='ltr'><em>facta</em></span> <span class='ocrx_word' id='word_1_331' title='bbox 1246 1758 1482 1796; x_wconf 80' lang='lat' dir='ltr'><em>diuturnitate</em></span> <span class='ocrx_word' id='word_1_332' title='bbox 1500 1763 1630 1808; x_wconf 86' lang='lat' dir='ltr'><em>tempo-</em></span> 
     </span>
     <span class='ocr_line' id='line_1_70' title="bbox 975 1814 1633 1864; baseline 0 -12"><span class='ocrx_word' id='word_1_333' title='bbox 975 1817 1025 1852; x_wconf 70' lang='lat' dir='ltr'><em>ris</em></span> <span class='ocrx_word' id='word_1_334' title='bbox 1044 1817 1083 1851; x_wconf 84' lang='lat' dir='ltr'><em>in</em></span> <span class='ocrx_word' id='word_1_335' title='bbox 1101 1814 1296 1852; x_wconf 73' lang='lat' dir='ltr'><em>obliuionem</em></span> <span class='ocrx_word' id='word_1_336' title='bbox 1318 1817 1483 1852; x_wconf 83' lang='lat' dir='ltr'><em>abeant.“</em></span> <span class='ocrx_word' id='word_1_337' title='bbox 1511 1815 1633 1864; x_wconf 86' lang='lat' dir='ltr'><em>Atque</em></span> 
     </span>
     <span class='ocr_line' id='line_1_71' title="bbox 978 1871 1634 1921; baseline -0.005 -11"><span class='ocrx_word' id='word_1_338' title='bbox 978 1871 1169 1921; x_wconf 80' lang='grc' dir='ltr'><strong><em>ἐξίτηλος,</em></strong></span> <span class='ocrx_word' id='word_1_339' title='bbox 1200 1873 1299 1920; x_wconf 90' lang='lat' dir='ltr'><em>quod</em></span> <span class='ocrx_word' id='word_1_340' title='bbox 1340 1873 1486 1910; x_wconf 84' lang='lat' dir='ltr'><em>ductum</em></span> <span class='ocrx_word' id='word_1_341' title='bbox 1526 1876 1583 1909; x_wconf 87' lang='lat' dir='ltr'><em>est</em></span> <span class='ocrx_word' id='word_1_342' title='bbox 1610 1883 1634 1907; x_wconf 84' lang='lat' dir='ltr'><em>a</em></span> 
     </span>
     <span class='ocr_line' id='line_1_72' title="bbox 978 1925 1635 1979; baseline -0.003 -15"><span class='ocrx_word' id='word_1_343' title='bbox 978 1928 1088 1965; x_wconf 75' lang='lat' dir='ltr'><em>verbo</em></span> <span class='ocrx_word' id='word_1_344' title='bbox 1109 1925 1263 1975; x_wconf 79' lang='grc' dir='ltr'>ἐξιέναι,</span> <span class='ocrx_word' id='word_1_345' title='bbox 1281 1932 1322 1965; x_wconf 85' lang='lat' dir='ltr'><em>ut</em></span> <span class='ocrx_word' id='word_1_346' title='bbox 1336 1929 1485 1979; x_wconf 91' lang='lat' dir='ltr'><em>proprie</em></span> <span class='ocrx_word' id='word_1_347' title='bbox 1502 1929 1550 1965; x_wconf 90' lang='lat' dir='ltr'><em>de</em></span> <span class='ocrx_word' id='word_1_348' title='bbox 1572 1940 1635 1964; x_wconf 89' lang='lat' dir='ltr'><em>co-</em></span> 
     </span>
     <span class='ocr_line' id='line_1_73' title="bbox 980 1984 1634 2023; baseline -0.002 -2"><span class='ocrx_word' id='word_1_349' title='bbox 980 1985 1055 2021; x_wconf 89' lang='lat' dir='ltr'><em>lore</em></span> <span class='ocrx_word' id='word_1_350' title='bbox 1078 1988 1139 2020; x_wconf 90' lang='lat' dir='ltr'><em>aut</em></span> <span class='ocrx_word' id='word_1_351' title='bbox 1157 1984 1311 2022; x_wconf 87' lang='lat' dir='ltr'><em>tinctura</em></span> <span class='ocrx_word' id='word_1_352' title='bbox 1325 1988 1562 2023; x_wconf 86' lang='lat' dir='ltr'><em>evanescente</em></span> <span class='ocrx_word' id='word_1_353' title='bbox 1573 1996 1634 2020; x_wconf 89' lang='lat' dir='ltr'><em>ac-</em></span> 
     </span>
     <span class='ocr_line' id='line_1_74' title="bbox 979 2040 1637 2091; baseline -0.003 -13"><span class='ocrx_word' id='word_1_354' title='bbox 979 2041 1204 2091; x_wconf 88' lang='lat' dir='ltr'><em>cipiendum,</em></span> <span class='ocrx_word' id='word_1_355' title='bbox 1232 2042 1283 2078; x_wconf 87' lang='lat' dir='ltr'><em>ita</em></span> <span class='ocrx_word' id='word_1_356' title='bbox 1311 2042 1482 2091; x_wconf 89' lang='lat' dir='ltr'><em>deinceps</em></span> <span class='ocrx_word' id='word_1_357' title='bbox 1505 2041 1552 2078; x_wconf 86' lang='lat' dir='ltr'><em>de</em></span> <span class='ocrx_word' id='word_1_358' title='bbox 1579 2040 1637 2086; x_wconf 84' lang='lat' dir='ltr'><em>iis,</em></span> 
     </span>
     <span class='ocr_line' id='line_1_75' title="bbox 980 2097 1637 2146; baseline -0.003 -12"><span class='ocrx_word' id='word_1_359' title='bbox 980 2110 1215 2146; x_wconf 84' lang='lat' dir='ltr'><em>quaecunque</em></span> <span class='ocrx_word' id='word_1_360' title='bbox 1233 2097 1338 2135; x_wconf 80' lang='lat' dir='ltr'><em>facile</em></span> <span class='ocrx_word' id='word_1_361' title='bbox 1355 2098 1488 2135; x_wconf 85' lang='lat' dir='ltr'><em>abeant</em></span> <span class='ocrx_word' id='word_1_362' title='bbox 1503 2098 1637 2133; x_wconf 85' lang='lat' dir='ltr'><em>intere-</em></span> 
     </span>
     <span class='ocr_line' id='line_1_76' title="bbox 980 2151 1638 2204; baseline -0.002 -14"><span class='ocrx_word' id='word_1_363' title='bbox 980 2159 1108 2200; x_wconf 87' lang='lat' dir='ltr'><em>antve,</em></span> <span class='ocrx_word' id='word_1_364' title='bbox 1138 2166 1232 2202; x_wconf 87' lang='lat' dir='ltr'><em>quae</em></span> <span class='ocrx_word' id='word_1_365' title='bbox 1259 2153 1316 2191; x_wconf 85' lang='lat' dir='ltr'><em>vel</em></span> <span class='ocrx_word' id='word_1_366' title='bbox 1342 2158 1507 2204; x_wconf 88' lang='lat' dir='ltr'><em>tempore</em></span> <span class='ocrx_word' id='word_1_367' title='bbox 1537 2151 1638 2190; x_wconf 89' lang='lat' dir='ltr'><em>dele-</em></span> 
     </span>
     <span class='ocr_line' id='line_1_77' title="bbox 981 2209 1637 2248; baseline -0.002 -2"><span class='ocrx_word' id='word_1_368' title='bbox 981 2215 1088 2246; x_wconf 83' lang='lat' dir='ltr'><em>antur</em></span> <span class='ocrx_word' id='word_1_369' title='bbox 1137 2210 1193 2247; x_wconf 72' lang='lat' dir='ltr'><em>vel</em></span> <span class='ocrx_word' id='word_1_370' title='bbox 1241 2211 1415 2248; x_wconf 89' lang='lat' dir='ltr'><em>memoria</em></span> <span class='ocrx_word' id='word_1_371' title='bbox 1460 2209 1637 2248; x_wconf 84' lang='lat' dir='ltr'><em>excidant.</em></span> 
     </span>
     <span class='ocr_line' id='line_1_78' title="bbox 983 2263 1640 2318; baseline 0.002 -15"><span class='ocrx_word' id='word_1_372' title='bbox 983 2266 1069 2316; x_wconf 85' lang='lat' dir='ltr'><em>Ipse</em></span> <span class='ocrx_word' id='word_1_373' title='bbox 1088 2266 1301 2304; x_wconf 86' lang='lat' dir='ltr'><em>Herodotus</em></span> <span class='ocrx_word' id='word_1_374' title='bbox 1335 2267 1381 2314; x_wconf 89' lang='lat' dir='ltr'><em>V,</em></span> <span class='ocrx_word' id='word_1_375' title='bbox 1407 2268 1482 2308; x_wconf 87' lang='lat'><em>39:</em></span> <span class='ocrx_word' id='word_1_376' title='bbox 1525 2263 1640 2318; x_wconf 79' lang='grc' dir='ltr'><strong><em>γένος</em></strong></span> 
     </span>
     <span class='ocr_line' id='line_1_79' title="bbox 986 2318 1642 2375; baseline 0 -15"><span class='ocrx_word' id='word_1_377' title='bbox 986 2318 1260 2373; x_wconf 77' lang='grc' dir='ltr'><strong><em>Εὕρισθένεος</em></strong></span> <span class='ocrx_word' id='word_1_378' title='bbox 1293 2322 1481 2375; x_wconf 81' lang='grc' dir='ltr'>γενέσθαι</span> <span class='ocrx_word' id='word_1_379' title='bbox 1518 2321 1642 2372; x_wconf 77' lang='grc' dir='ltr'><strong><em>ἐξίτη-</em></strong></span> 
     </span>
     <span class='ocr_line' id='line_1_80' title="bbox 989 2377 1643 2423; baseline -0.006 -4"><span class='ocrx_word' id='word_1_380' title='bbox 989 2381 1071 2419; x_wconf 77' lang='grc' dir='ltr'><em>λον.</em></span> <span class='ocrx_word' id='word_1_381' title='bbox 1119 2380 1262 2423; x_wconf 87' lang='lat' dir='ltr'><em>Quibus</em></span> <span class='ocrx_word' id='word_1_382' title='bbox 1296 2381 1386 2417; x_wconf 90' lang='lat' dir='ltr'><em>haec</em></span> <span class='ocrx_word' id='word_1_383' title='bbox 1420 2379 1523 2416; x_wconf 88' lang='lat' dir='ltr'><em>addit</em></span> <span class='ocrx_word' id='word_1_384' title='bbox 1553 2377 1643 2416; x_wconf 72' lang='lat' dir='ltr'><em>Cr..-</em></span> 
     </span>
     <span class='ocr_line' id='line_1_81' title="bbox 990 2434 1645 2485; baseline -0.003 -12"><span class='ocrx_word' id='word_1_385' title='bbox 990 2435 1130 2484; x_wconf 80' lang='lat' dir='ltr'><em>„Philo</em></span> <span class='ocrx_word' id='word_1_386' title='bbox 1149 2436 1304 2473; x_wconf 85' lang='lat' dir='ltr'><em>Iudaeus</em></span> <span class='ocrx_word' id='word_1_387' title='bbox 1326 2438 1374 2474; x_wconf 89' lang='lat' dir='ltr'><em>de</em></span> <span class='ocrx_word' id='word_1_388' title='bbox 1398 2435 1529 2472; x_wconf 88' lang='lat' dir='ltr'><em>Mundi</em></span> <span class='ocrx_word' id='word_1_389' title='bbox 1550 2434 1645 2485; x_wconf 83' lang='lat' dir='ltr'><em>Opi-</em></span> 
     </span>
     <span class='ocr_line' id='line_1_82' title="bbox 992 2489 1645 2542; baseline 0.002 -13"><span class='ocrx_word' id='word_1_390' title='bbox 992 2493 1048 2529; x_wconf 87' lang='lat' dir='ltr'><em>fic.</em></span> <span class='ocrx_word' id='word_1_391' title='bbox 1075 2505 1112 2542; x_wconf 91' lang='lat' dir='ltr'><em>p.</em></span> <span class='ocrx_word' id='word_1_392' title='bbox 1144 2494 1224 2533; x_wconf 89' lang='lat'><em>100</em></span> <span class='ocrx_word' id='word_1_393' title='bbox 1253 2493 1309 2530; x_wconf 89' lang='lat' dir='ltr'><em>ed.</em></span> <span class='ocrx_word' id='word_1_394' title='bbox 1337 2492 1444 2530; x_wconf 82' lang='lat' dir='ltr'><em>Pseif.</em></span> <span class='ocrx_word' id='word_1_395' title='bbox 1469 2489 1550 2542; x_wconf 80' lang='grc' dir='ltr'><em>ἥδη</em></span> <span class='ocrx_word' id='word_1_396' title='bbox 1571 2491 1645 2530; x_wconf 79' lang='grc' dir='ltr'><em>τοῦ</em></span> 
     </span>
     <span class='ocr_line' id='line_1_83' title="bbox 992 2544 1644 2600; baseline 0 -14"><span class='ocrx_word' id='word_1_397' title='bbox 992 2546 1132 2600; x_wconf 78' lang='grc' dir='ltr'><strong><em>γένους</em></strong></span> <span class='ocrx_word' id='word_1_398' title='bbox 1149 2545 1216 2588; x_wconf 73' lang='grc' dir='ltr'><em>διὰ</em></span> <span class='ocrx_word' id='word_1_399' title='bbox 1246 2545 1397 2600; x_wconf 66' lang='grc' dir='ltr'><strong><em>μακράς</em></strong></span> <span class='ocrx_word' id='word_1_400' title='bbox 1415 2544 1558 2600; x_wconf 84' lang='grc' dir='ltr'><strong><em>χρόνον</em></strong></span> <span class='ocrx_word' id='word_1_401' title='bbox 1576 2560 1644 2586; x_wconf 78' lang='grc' dir='ltr'><em>πε-</em></span> 
     </span>
     <span class='ocr_line' id='line_1_84' title="bbox 994 2600 1644 2656; baseline -0.003 -13"><span class='ocrx_word' id='word_1_402' title='bbox 994 2600 1151 2656; x_wconf 84' lang='grc' dir='ltr'>ριόδους</span> <span class='ocrx_word' id='word_1_403' title='bbox 1210 2601 1456 2655; x_wconf 79' lang='grc' dir='ltr'><em>ἐξιτήλου</em></span> <span class='ocrx_word' id='word_1_404' title='bbox 1514 2600 1644 2650; x_wconf 68' lang='grc' dir='ltr'><strong><em>ὄντος.</em></strong></span> 
     </span>
     <span class='ocr_line' id='line_1_85' title="bbox 994 2660 1646 2710; baseline -0.002 -13"><span class='ocrx_word' id='word_1_405' title='bbox 994 2660 1078 2698; x_wconf 85' lang='lat' dir='ltr'><em>Alia</em></span> <span class='ocrx_word' id='word_1_406' title='bbox 1119 2661 1284 2698; x_wconf 86' lang='lat' dir='ltr'><em>Zonaras</em></span> <span class='ocrx_word' id='word_1_407' title='bbox 1315 2660 1405 2698; x_wconf 88' lang='lat' dir='ltr'><em>Lex.</em></span> <span class='ocrx_word' id='word_1_408' title='bbox 1446 2661 1576 2698; x_wconf 85' lang='lat' dir='ltr'><em>Graec.</em></span> <span class='ocrx_word' id='word_1_409' title='bbox 1608 2672 1646 2710; x_wconf 84' lang='lat' dir='ltr'><em>p.</em></span> 
     </span>
     <span class='ocr_line' id='line_1_86' title="bbox 996 2716 1648 2766; baseline -0.008 -9"><span class='ocrx_word' id='word_1_410' title='bbox 996 2718 1077 2759; x_wconf 85' lang='lat'><em>163</em></span> <span class='ocrx_word' id='word_1_411' title='bbox 1117 2718 1203 2766; x_wconf 88' lang='lat' dir='ltr'><em>ibiq.</em></span> <span class='ocrx_word' id='word_1_412' title='bbox 1251 2717 1452 2754; x_wconf 82' lang='lat' dir='ltr'><em>Tittmann.</em></span> <span class='ocrx_word' id='word_1_413' title='bbox 1495 2716 1648 2753; x_wconf 81' lang='lat' dir='ltr'><em>Photius</em></span> 
     </span>
     <span class='ocr_line' id='line_1_87' title="bbox 991 2772 1648 2824; baseline -0.003 -13"><span class='ocrx_word' id='word_1_414' title='bbox 991 2772 1083 2811; x_wconf 87' lang='lat' dir='ltr'><em>Lex.</em></span> <span class='ocrx_word' id='word_1_415' title='bbox 1105 2787 1141 2824; x_wconf 90' lang='lat' dir='ltr'><em>p.</em></span> <span class='ocrx_word' id='word_1_416' title='bbox 1167 2777 1221 2815; x_wconf 88' lang='lat'><em>90</em></span> <span class='ocrx_word' id='word_1_417' title='bbox 1250 2777 1288 2811; x_wconf 91' lang='lat' dir='ltr'><em>et</em></span> <span class='ocrx_word' id='word_1_418' title='bbox 1309 2773 1541 2811; x_wconf 89' lang='lat' dir='ltr'><em>Schleusneri</em></span> <span class='ocrx_word' id='word_1_419' title='bbox 1559 2772 1648 2810; x_wconf 89' lang='lat' dir='ltr'><em>Cur.</em></span> 
     </span>
     <span class='ocr_line' id='line_1_88' title="bbox 992 2828 1649 2880; baseline -0.002 -14"><span class='ocrx_word' id='word_1_420' title='bbox 992 2842 1075 2867; x_wconf 86' lang='lat' dir='ltr'><em>nov.</em></span> <span class='ocrx_word' id='word_1_421' title='bbox 1105 2830 1143 2866; x_wconf 90' lang='lat' dir='ltr'><em>in</em></span> <span class='ocrx_word' id='word_1_422' title='bbox 1179 2830 1300 2867; x_wconf 91' lang='lat' dir='ltr'><em>Photii</em></span> <span class='ocrx_word' id='word_1_423' title='bbox 1331 2828 1422 2868; x_wconf 87' lang='lat' dir='ltr'><em>Lex.</em></span> <span class='ocrx_word' id='word_1_424' title='bbox 1457 2841 1545 2880; x_wconf 87' lang='lat' dir='ltr'><em>pag.</em></span> <span class='ocrx_word' id='word_1_425' title='bbox 1583 2830 1649 2870; x_wconf 89' lang='lat'><em>87.</em></span> 
     </span>
     <span class='ocr_line' id='line_1_89' title="bbox 992 2884 1649 2938; baseline -0.006 -13"><span class='ocrx_word' id='word_1_426' title='bbox 992 2885 1080 2925; x_wconf 92' lang='lat' dir='ltr'><em>Not.</em></span> <span class='ocrx_word' id='word_1_427' title='bbox 1118 2887 1167 2925; x_wconf 91' lang='lat' dir='ltr'><em>ad</em></span> <span class='ocrx_word' id='word_1_428' title='bbox 1216 2885 1348 2925; x_wconf 77' lang='lat' dir='ltr'><em>Plotia.</em></span> <span class='ocrx_word' id='word_1_429' title='bbox 1410 2885 1459 2924; x_wconf 83' lang='lat' dir='ltr'><em>de</em></span> <span class='ocrx_word' id='word_1_430' title='bbox 1508 2884 1649 2938; x_wconf 81' lang='lat' dir='ltr'><em>pulerit.</em></span> 
     </span>
    </p>
   </div>
  </div>
 </body>
</html>
