1832 3315
680 269 978 309 cL10.1.

1378 277 1457 318 131

283 380 454 429 φεύγειν,
478 377 571 424 μηδὲ
587 378 728 424 μένειν,
751 378 837 427 μηδ’
862 381 1054 417 αἰδεῖσθαι
1078 382 1192 424 κακὸς
1223 382 1329 420 εἶναι.

197 530 379 587 μάλιστα
397 526 575 570 πάντων
602 527 719 585 ἥσθη
733 563 742 580 ,
767 529 949 582 ἐλπίζων
969 528 1158 586 ημίονον
1178 531 1391 588 οὐδαμὰ’
1367 531 1456 576 αντ’

196 606 358 662 ἀνδρὸς
394 606 668 662 βασιλεύσειν
701 608 896 664 Μήδων·

166 689 240 730 2οῐ
261 687 303 738 ἐξ
329 685 488 739 αὐτοῦ,
527 685 777 730 παύσεσθαί
815 704 912 731 κοτε
943 693 1018 744 τῆς
1052 687 1199 746 ἀρχῆς.

191 770 330 810 ταῦτα
359 763 588 823 ἐφρόντιζε
606 765 838 820 ἱστορέων,
869 768 973 819 τοὺς
1000 767 1054 812 ἂν
1079 767 1297 827 Ἑλλήνων
1327 772 1455 815 δυνα-

191 843 412 897 τωτάτους
451 845 602 898 ἐόντας
644 846 964 904 προσκτήσαιτο
1000 849 1167 904 φίλους.

75 454 142 502 56
205 450 406 496 Τούτοισι
441 447 621 492 ἐλθοῦσι
656 454 769 492 τοῖσι
813 449 931 493 ἔπεσι
966 449 990 493 ὁ
1021 451 1390 508 Κροῖσοςπολλόν
1415 460 1620 498 τι35οτοεεί
1644 464 1786 499 gaudium

1513 502 1653 530 auctum
1672 503 1702 526 et
1720 508 1789 527 con-

942 607 1036 653 οὐδ’
1063 605 1124 653 οἷν
1165 608 1323 664 αὐτὸς,
1356 610 1458 656 οὐδὲ

193 925 260 978 δὲ,
286 924 458 982 εὕρισκε
471 928 847 984 Λακεδαιμονίους
866 927 940 971 καὶ
962 925 1226 984 Ἀθηναίους
1253 929 1458 986 προέχον-

136 1106 222 1141 stat.
281 1101 393 1153 Apud
419 1097 645 1148 Hesychium
687 1099 794 1154 αβροέ

137 1159 290 1211 βαίνων
307 1163 362 1195 est
379 1170 447 1210 τρο
459 1151 668 1208 φερόβιος;
699 1171 795 1207 quae

137 1217 254 1254 citans
282 1215 504 1261 wesseling.
551 1213 654 1250 addit
693 1214 793 1252 The-

137 1273 234 1310 mist.
259 1271 325 1308 Or.
348 1271 437 1308 XIX
456 1283 492 1320 p.
517 1271 622 1316 226,
640 1268 696 1307 D:
728 1266 793 1309 ἄλ·

137 1325 186 1367 λοέ
205 1329 362 1379 τρυφῆς
380 1322 432 1378 ἦν
458 1322 527 1364 καὶ
551 1320 625 1364 οὐκ
651 1321 793 1378 ἀρετῆς

139 1382 164 1425 ό
186 1381 387 1436 ποδαβρὸς
403 1381 630 1432 ἐπωνυμία,
659 1387 696 1421 et
715 1384 791 1420 Eu-

136 1441 244 1491 ripid.
267 1440 302 1477 Τ
305 1440 510 1481 road.506.
542 1437 679 1489 „Apud
697 1440 790 1477 Dio-

134 1510 215 1546 nys,
254 1496 502 1534 Halicarnass.
546 1495 594 1532 de
626 1509 787 1547 compos,

135 1553 258 1592 verbb.
291 1567 327 1603 p.
349 1555 432 1595 390
462 1552 520 1591 ed.
550 1551 694 1590 Schaef.
727 1566 788 1590 ex-

136 1614 211 1648 stat
238 1607 242 1611 ’
263 1606 415 1662 ἐλαφροὶ
469 1608 620 1649 ποδοῖν.
679 1610 788 1647 Conf.

135 1666 238 1706 Bast.
262 1665 284 1703 l.
304 1666 357 1703 l.“
388 1665 451 1703 Cr.

192 1717 464 1774 πολυψήφιδα
496 1717 586 1774 παρ’
609 1717 788 1774 ’“Έρμον]

138 1777 292 1817 Hermus
304 1780 435 1816 fluvius
448 1779 485 1816 in
495 1778 676 1826 Phrygiae
687 1792 791 1816 mon-

138 1836 234 1872 tibus
258 1839 378 1884 ortus,
408 1849 475 1886 per
501 1835 670 1872 Sardium
697 1848 794 1872 cam-

135 1904 206 1942 pos
257 1892 344 1930 inde
393 1892 547 1938 labitur,
595 1895 794 1941 auctusque

137 1947 287 1986 Pactolo
309 1948 347 1985 in
374 1949 484 1986 maris
508 1946 649 1997 Aegaei
676 1949 793 1985 sinum

137 2004 376 2053 Smyrnaeum
393 2018 476 2042 sese
495 2004 661 2041 effundit.
685 2003 794 2042 Nunc

139 2061 173 2098 ei
194 2073 330 2100 nomen
354 2061 517 2099 Sarabat
534 2075 564 2097 S.
587 2061 741 2108 Malous,
753 2066 794 2099 ut

138 2115 308 2156 Larcher.
348 2122 484 2156 monet.
544 2117 605 2155 Tu
636 2119 732 2155 conf.
762 2117 792 2165 Ῐ,

136 2174 204 2214 80.
236 2173 282 2221 V,
303 2177 381 2216 101
399 2175 557 2212 Pausan.
578 2174 624 2222 V,
640 2176 692 2215 13
707 2173 742 2225 §
755 2174 792 2216 4.

138 2227 344 2268 Tzschuck.
375 2232 423 2268 ad
452 2231 631 2282 Pompon.
648 2230 736 2268 Mel.
762 2231 791 2278 I,

140 2287 193 2326 17
216 2284 252 2336 ἓ.
275 2289 314 2328 2.
330 2308 386 2315 ·—
402 2287 446 2325 In
464 2301 568 2337 seqq.
590 2288 793 2337 imperativi

150 2340 230 2379 loco
250 2343 466 2382 infinitimm
485 2348 597 2395 poeta
617 2344 793 2389 adhibuit3

139 2397 186 2436 de
204 2411 278 2448 quo
300 2413 367 2437 usu
388 2402 484 2438 conf.
503 2400 635 2439 Matth.
650 2401 715 2438 Gr.
726 2401 791 2438 Gr.

139 2451 177 2504 §-
197 2454 303 2504 546,
333 2469 381 2495 ne
401 2457 517 2508 plura.

346 2551 378 2590 C
391 2565 459 2605 ap.
490 2552 587 2592 LVI.

184 2631 361 2700 ἐλπίζων
379 2659 436 2666 --
452 2632 635 2690 οὕδαμα]
673 2637 794 2687 Vulgo

145 2683 316 2741 οὕδαμᾶ.
358 2692 439 2731 Nos
459 2695 577 2732 Gaisf.
597 2699 634 2733 et
659 2693 791 2731 Matth.

144 2746 256 2782 secuti
291 2761 424 2787 sumus.
499 2750 554 2789 Ac
601 2751 676 2789 bini
713 2751 792 2788 libri

144 2794 323 2852 ου’δαμα,
347 2818 438 2843 unus
457 2801 632 2873 ου’δαμῆ

199 2854 292 2905 τοὺς
309 2855 358 2899 ἄν
378 2859 580 2915 Ἑλλήνων
611 2865 793 2903 δυνατω-

144 2926 287 2961 τατονς
326 2911 460 2966 ἐόντας
500 2931 791 2974 προσκτησαιτο

864 1100 1030 1151 φίλους]
1056 1100 1270 1140 Particulam
1292 1098 1365 1150 ἂν,
1395 1103 1516 1142 inuno

864 1159 955 1195 libro
978 1157 1171 1205 omissam,
1203 1160 1280 1196 eiici
1306 1160 1381 1197 vult
1406 1160 1516 1198 VVer-

862 1217 927 1252 fer.
961 1215 998 1251 in
1033 1213 1127 1251 Actt.
1169 1214 1267 1265 phill.
1301 1215 1466 1254 Monacc.
1497 1216 1519 1255 I

860 1284 898 1322 p.
919 1271 1002 1312 257
1038 1282 1118 1307 cum
1149 1283 1271 1320 neque
1299 1273 1347 1309 ad
1375 1269 1514 1320 ἐόντας

861 1340 980 1376 neque
1010 1327 1057 1363 ad
1081 1323 1371 1378 προσκτήσαιτο
1396 1330 1511 1379 parti-

859 1383 938 1421 cula
959 1383 1148 1434 potentiali
1187 1385 1234 1421 sit
1268 1397 1373 1435 opus.
1432 1385 1510 1423 Sed

858 1440 934 1478 iure
960 1439 1173 1490 particulam
1203 1441 1359 1479 retinent
1381 1441 1512 1492 reliqui

858 1496 939 1533 libri
961 1500 997 1533 et
1019 1496 1141 1546 scripti
1167 1500 1202 1534 et
1222 1498 1321 1535 editi.

916 1562 1105 1614 ἱστορέων
1130 1561 1192 1612 δὲ,
1214 1560 1369 1617 εὕρισκε
1381 1569 1512 1606 Λακε-

859 1621 1093 1671 δαιμονίους
1118 1635 1155 1660 κ.
1177 1636 1208 1659 τ.
1232 1624 1294 1668 λ.]
1337 1623 1513 1672 Sequitur

858 1677 915 1715 hic
935 1677 1078 1726 longior
1101 1678 1304 1726 digressio,
1354 1691 1428 1716 non
1451 1679 1514 1716 illa

859 1734 1006 1783 quidem
1031 1733 1149 1771 aliena
1175 1735 1221 1771 ab
1248 1734 1404 1772 universi
1423 1749 1514 1785 ope-

863 1791 912 1827 ris
930 1790 1099 1838 consilio,
1140 1791 1207 1827 sed
1237 1790 1326 1827 alius
1343 1793 1420 1829 fere
1449 1805 1515 1841 ge-

862 1846 959 1884 neris
978 1851 1088 1896 atque
1109 1859 1175 1893 ea,
1207 1859 1314 1895 quam
1344 1860 1456 1898 supra
1484 1848 1514 1895 Ι,

863 1904 918 1944 23
951 1916 1054 1952 seqq.
1075 1904 1273 1939 narrationi
1296 1903 1436 1942 Noster
1461 1903 1516 1941 in-

862 1964 1036 1997 seruerat.
1101 1959 1196 1995 Cum
1226 1959 1321 1996 enim
1350 1961 1420 1997 hoc
1447 1960 1517 1998 sibi

863 2017 1009 2053 omnino
1036 2016 1265 2066 propositum
1291 2016 1444 2063 habeat,
1476 2020 1516 2054 ut

862 2071 1056 2110 Persarum
1080 2085 1139 2109 res
1161 2085 1305 2109 eversas
1335 2073 1520 2111 Graecos-

862 2142 933 2178 que
961 2129 1061 2180 ipsos
1084 2141 1224 2165 Summa
1256 2142 1335 2166 cum
1352 2129 1459 2167 laude
1480 2130 1519 2167 in

861 2185 1065 2223 libertatem
1093 2186 1295 2222 vindicatos
1334 2187 1518 2233 ostendat,

861 2255 1100 2292 quaecunque
1129 2241 1199 2278 alia
1235 2242 1306 2278 hoe
1337 2243 1375 2279 in
1406 2255 1519 2293 opere

860 2303 1075 2346 narrantur,
1119 2310 1164 2335 ea
1199 2298 1292 2335 hanc
1328 2310 1438 2335 unam
1470 2299 1518 2336 ob

861 2367 1006 2393 causam
1033 2353 1171 2391 narrari
1199 2355 1383 2401 videntur,
1418 2355 1521 2404 quod

862 2411 1047 2461 scriptoris
1101 2411 1291 2449 consilium
1346 2411 1520 2448 adiuvant

862 2468 1062 2517 meliusque
1084 2466 1281 2504 declarant.
1339 2467 1436 2504 Hinc
1459 2467 1518 2505 vel

864 2537 908 2562 ea
917 2554 927 2571 ‚
939 2538 1032 2574 quae
1043 2524 1089 2560 ad
1100 2523 1389 2572 antiquissimum
1399 2524 1519 2562 Grae-

864 2581 940 2618 ciae
961 2585 1119 2626 statum,
1142 2579 1519 2617 Lacedaemoniorum

863 2642 974 2686 atque
989 2636 1260 2673 Atheniensium
1272 2664 1281 2682 ‚
1314 2649 1407 2686 quae
1415 2637 1519 2686 prin-

862 2694 961 2744 cipes
972 2694 1048 2731 sere
1061 2697 1146 2729 tunc
1161 2693 1337 2742 temporis
1351 2694 1388 2729 in
1399 2693 1519 2731 Grae-

860 2751 916 2787 cia
937 2750 1098 2787 civitates
1111 2777 1122 2796 ‚
1142 2750 1436 2797 cognoscendum
1455 2761 1519 2786 va-

860 2806 959 2853 lent,
990 2806 1042 2842 ita
1062 2809 1277 2852 narrantur,
1308 2809 1350 2842 ut
1367 2817 1441 2841 non
1470 2805 1519 2842 de

860 2862 1059 2908 industria,
1085 2862 1152 2899 sed
1175 2861 1296 2898 oblata
1313 2861 1517 2905 occasione,

861 2919 923 2957 ubi
941 2918 1014 2956 tale
1034 2918 1122 2968 quid
1144 2917 1313 2956 omittere
1335 2917 1438 2954 nefas
1466 2915 1519 2952 vi-

1158 2970 1219 3013 9*

1513 530 1613 557 silium
1631 532 1667 558 de
1682 532 1787 560 adiun-

1514 564 1612 598 genda
1625 565 1679 591 sibi
1691 565 1787 592 Grae-

1513 604 1611 623 corum
1645 599 1788 627 amicitia.

1512 630 1754 664 Lacedaemonii,

1515 664 1635 691 oriundi
1659 665 1696 692 ab
1715 665 1788 692 Hel-

1258 689 1383 734 Μεῑά
1413 691 1460 735 δὲ
1516 697 1649 732 lenibus,
1679 698 1788 737 princi-

1516 739 1567 770 pes
1591 732 1712 766 genueris
1730 731 1788 757 Do-

1466 764 1585 811 4Orici3
1626 764 1787 791 Athenien-

1512 806 1577 831 ses

1511 818 1615 858 louici.
1651 818 1787 858 Helleni-

1245 849 1453 906 ἱστορέων
1510 864 1787 927 ceffieffiemsmriae

1604 805 1623 825 a
1640 798 1787 832 1¹‹,is‚1asg
