1768 3315
610 234 828 273 CLIO.
883 235 911 273 1.

1301 239 1387 280 219

125 347 269 401 ,,εἴναι
298 348 387 391 τῶν
415 343 611 399 ζωόντων
639 342 832 399 ὅλβιον.“
889 344 949 398 ὦς
978 345 1025 391 δὲ
1060 343 1146 402 ἄρα
1175 361 1250 401 μιν
1278 360 1382 402 προ-

125 431 277 484 στῆναι
301 429 453 475 τοῦτο,
491 421 827 479 ἀνενεικάμενόν
854 441 899 469 τε
928 426 1002 469 καὶ
1033 424 1384 478 ἀναστενάξαντα

96 507 176 550 4ἐκ
203 507 360 560 πολλῆς
386 501 588 561 ἡσυχίης,
616 503 660 555 ἐς
687 503 781 559 τρὶς
810 501 1025 563 ὀνομάσαι
1054 504 1253 549 Σόλωνα.
1304 504 1382 550 καὶ
1440 509 1495 552 44

66 706 160 731 nunc
179 704 200 730 e
217 690 316 728 libris
338 689 551 728 restitutum.
609 689 713 729 Idem

67 745 215 796 ζωόντα
235 747 331 784 infra
349 747 419 784 hoc
432 748 512 798 ipso
534 747 570 784 in
596 748 714 798 capite

66 805 251 852 dedimus,
308 805 370 841 ubi
420 804 528 853 vulgo
577 804 712 850 ζῶντα.

67 862 174 898 Conf.
195 861 242 898 de
254 861 369 898 forma
389 861 409 908 ζ
417 855 447 899 ω’
461 861 711 899 mButtmann.

66 918 103 955 in
124 917 338 954 Grammatt.
358 917 482 955 maior.
504 916 538 954 ΙΙ
561 931 597 968 p.
620 918 710 959 145.

67 994 123 1002 —
156 973 216 1011 Ad
261 974 477 1011 sententiam
526 976 716 1013 commode

67 1031 214 1068 laudant
244 1031 363 1080 ipsum
390 1029 518 1067 Nostri
546 1030 662 1068 locum
686 1031 717 1078 I,

68 1089 123 1128 32
145 1091 180 1124 et
194 1086 299 1123 Plinii
326 1087 573 1123 testimonium
595 1088 642 1124 H.
667 1087 717 1125 N.

67 1143 155 1190 Vll,
185 1145 261 1184 40:
302 1145 368 1189 „si
394 1156 517 1180 verum
551 1144 720 1180 iudicium

68 1200 188 1237 facere
231 1199 394 1236 volumus
440 1212 483 1236 ac
529 1200 721 1250 repudiata

69 1256 168 1293 omni
186 1257 352 1293 fortunae
373 1256 568 1294 ambitione
597 1257 722 1294 decer-

69 1324 177 1358 nere,
213 1312 416 1349 mortalium
444 1324 551 1350 nemo
584 1316 641 1350 est
669 1314 722 1350 fe-

67 1368 153 1405 lix.“

126 1421 183 1470 w‘g
216 1421 259 1462 δὲ
293 1420 370 1475 ὄῖρα
402 1439 469 1475 μιν
499 1427 721 1475 προστῆναι

68 1478 210 1530 τοῦτο]
233 1483 483 1533 παραστῆναι
503 1495 523 1518 e
543 1482 721 1532 Stephani

69 1536 272 1574 coniectura
296 1537 381 1574 olim
412 1538 450 1574 in
467 1542 603 1575 textum
628 1539 718 1576 irre-

68 1597 213 1644 pserat,
245 1606 323 1630 cum
354 1594 434 1631 libri
454 1607 579 1632 omnes
607 1595 643 1631 in
666 1595 718 1633 le-

70 1649 206 1687 ctione¹
227 1652 448 1700 προστῆναι
496 1651 718 1701 conspirent,

70 1707 170 1744 cuius
207 1707 320 1757 ipsius
359 1708 719 1757 interpretamentum

71 1762 138 1800 erit
157 1765 417 1814 παραστῆναι.
446 1764 609 1801 Pertinet
624 1764 720 1801 enim

70 1821 290 1869 προστῆναι
311 1820 370 1857 hic
399 1821 456 1869 (et
475 1820 510 1867 Ι,
533 1823 719 1862 119.129

70 1875 147 1913 coll.
169 1875 215 1924 V,
233 1877 307 1925 51)
338 1877 386 1913 ad
409 1878 558 1914 verbum
579 1888 721 1928 προσι-

72 1927 233 1980 στάναι,
262 1933 299 1970 in
319 1934 418 1970 cuius
441 1933 577 1970 aoristo
596 1934 722 1971 scribi-

70 2002 152 2027 mus
161 1991 381 2041 προστῆναι
392 1990 478 2040 (pro
502 2004 578 2040 προ
592 2002 615 2028 σ
627 1993 723 2041 στῆ-

73 2060 162 2090 ναι,
190 2047 373 2095 geminata
400 2046 560 2096 literula)
591 2048 721 2085 eodem

72 2102 168 2150 iure,
188 2115 260 2151 quo
281 2116 391 2153 supra
409 2103 438 2151 I,
466 2107 493 2145 2
513 2118 591 2155 προ
603 2100 723 2155 σχόν-

72 2173 159 2206 τας,
180 2171 269 2209 pro:
291 2156 599 2211 προσσχόντας.
631 2161 724 2198 Sen-

73 2227 152 2252 sum
215 2216 335 2266 ipsum
391 2221 490 2255 recte
547 2217 726 2266 expressit

73 2271 240 2320 Schwgh.
269 2302 293 2321 ,‚
307 2274 397 2323 quod
415 2274 548 2311 dictum
565 2274 627 2311 ubi
644 2274 725 2311 sub-

73 2329 119 2365 iit
149 2327 269 2365 Croeso
298 2330 488 2378 (Croesum
499 2331 558 2379 ).“
617 2330 726 2369 Nunc

74 2384 179 2422 video
199 2386 245 2423 de
263 2385 330 2424 hac
349 2387 648 2438 interpretatione
658 2388 726 2424 du-

76 2440 190 2479 bitare
218 2441 417 2491 Matthiae,
459 2444 515 2481 cui
552 2445 725 2496 προστῆ-

76 2510 143 2535 ναι
167 2497 209 2546 (a
226 2499 337 2536 verbo
357 2514 435 2551 προ
447 2495 632 2550 ϊστάναι)
652 2513 726 2538 non

79 2552 303 2593 incommode
339 2557 409 2594 dici
444 2570 556 2608 posse
583 2558 728 2595 videtur

79 2619 158 2655 τες,
187 2622 281 2658 quae
299 2615 473 2662 tanquam
494 2614 636 2664 species
662 2614 727 2651 ob-

81 2662 174 2711 lata,
202 2667 320 2704 animo
350 2670 574 2708 obversatur.
612 2669 728 2708 Accu-

82 2719 232 2758 sativmn
251 2736 332 2761 esse
353 2726 516 2763 additum
534 2726 630 2764 idem
660 2739 729 2777 pu-

83 2777 158 2836 fata
188 2778 269 2826 quia
298 2795 327 2818 π
341 2796 362 2834 ρ
378 2796 398 2820 ο
410 2784 530 2833 στῆν
542 2798 565 2821 α
579 2797 593 2822 ι
611 2783 731 2821 valeat

83 2830 202 2878 “lema
247 2837 345 2883 quod
380 2837 593 2888 εἰσελθεῖνς
632 2839 731 2876 cuius

85 2891 356 2929 constructionis
386 2894 501 2933 simile
528 2895 732 2947 exemplum

779 691 905 729 laudat
962 703 1006 730 ex
1063 689 1236 742 Sophocl.
1303 688 1441 729 Electr.

785 750 905 790 1378.

838 799 1144 855 ἀνενεικάμενόν
1171 817 1212 842 τε
1243 800 1311 842 καὶ
1343 797 1438 842 ἀνα·

783 856 1022 908 στενάξαντα
1050 859 1093 900 ἐκ
1124 861 1274 910 πολλῆς
1298 857 1441 911 ’ἡσυχί-

781 921 852 969 ης]
878 917 1106 956 Retinuimus
1125 916 1219 954 hanc
1235 915 1441 962 lectionem,

783 976 820 1013 in
842 987 914 1024 qua
933 974 1097 1024 plerique
1114 973 1195 1010 libri
1219 973 1442 1022 conspirant,

783 1031 1000 1083 praesertim
1042 1044 1122 1068 cmn
1152 1029 1212 1067 illa
1248 1030 1441 1080 optimum,

786 1088 838 1125 uti
867 1087 1031 1134 videtur,
1068 1087 1246 1136 praebeat
1279 1098 1441 1123 sensum.

787 1144 860 1181 Pro
892 1141 1060 1194 ἡσυχίης
1096 1143 1193 1180 enim
1231 1145 1339 1189 sunt,
1379 1142 1443 1191 qui

789 1200 982 1238 exhibeant
1004 1198 1293 1249 Rsmoipvxing,
1324 1198 1443 1234 idem-

789 1270 860 1306 que
882 1256 919 1292 in
947 1268 1011 1292 ora
1037 1255 1169 1304 legitur
1197 1253 1444 1292 Schellershe·

789 1313 898 1350 miani
930 1311 1031 1359 libri,
1068 1324 1149 1348 cum
1189 1310 1226 1347 in
1258 1314 1359 1347 textu
1397 1310 1445 1346 sit

788 1367 966 1420 ἡσυχίης.
1020 1368 1090 1405 Vix
1127 1372 1249 1404 tamen
1279 1366 1444 1412 dubium,

789 1426 877 1475 quin
898 1423 1164 1474 λειποψυχίης
1184 1437 1204 1462 e
1222 1423 1446 1473 glossemate

789 1483 826 1518 in
843 1486 981 1519 textum
998 1481 1207 1531 irrepserit,
1230 1481 1306 1517 sive
1327 1492 1370 1516 ex
1388 1479 1445 1515 in-

787 1542 1071 1589 terpretamento
1080 1537 1241 1575 lectionis
1253 1532 1445 1586 ἀψυχίης,

788 1607 897 1644 quam
918 1607 994 1632 non
1025 1595 1221 1632 absurdam
1251 1593 1337 1630 dicit
1358 1591 1445 1630 Val-

787 1651 1000 1698 ckenarius,
1066 1655 1107 1688 ut
1144 1650 1306 1687 Croesus
1358 1653 1445 1686 ante

789 1708 898 1744 animi
925 1707 1124 1756 deliquium
1144 1719 1275 1757 passus
1295 1717 1446 1743 censea-

788 1769 870 1811 tur,
898 1776 1006 1813 quam
1041 1763 1187 1800 Solonis
1218 1762 1304 1799 dicti
1319 1761 1446 1799 memi-

789 1821 884 1858 nerit
918 1820 1079 1869 illudque
1116 1819 1279 1857 elocutus
1317 1819 1447 1864 fuerit,

790 1878 867 1914 sive
878 1889 922 1914 ex
930 1876 1228 1928 interpretatione
1236 1875 1336 1912 verbi
1350 1868 1446 1913 ἀνα-

791 1932 1007 1985 φέρεσθαι,
1038 1933 1139 1982 quod
1155 1931 1250 1969 valet
1268 1944 1338 1968 sese
1359 1932 1447 1968 reci-

787 2003 888 2041 pere,
940 2003 961 2027 e
997 1989 1272 2040 perturbatione
1310 1987 1448 2026 scilicet

792 2047 904 2084 animi
933 2046 991 2084 vel
1011 2045 1323 2092 consternatione,
1353 2057 1450 2094 quae

791 2109 906 2142 totum
927 2116 1058 2153 corpus
1083 2103 1317 2151 animumque
1339 2105 1446 2138 tenu-

793 2165 872 2199 erat
912 2160 1116 2208 (nostrum:
1145 2157 1271 2195 wieder
1299 2171 1346 2195 zu
1373 2157 1449 2194 sicle

793 2218 975 2273 lcommena
1022 2216 1098 2254 sich
1130 2215 1265 2252 erlwlen
1275 2215 1306 2264 ).
1363 2214 1447 2251 Vid.

793 2287 888 2325 quae
914 2273 1138 2310 laudavimus
1178 2272 1226 2309 ad
1267 2270 1448 2308 Plutarch.

793 2330 967 2368 Alcibiad.
978 2343 1014 2380 p.
1031 2330 1109 2370 115
1131 2332 1205 2365 not.
1224 2342 1261 2379 p.
1275 2328 1356 2369 257
1368 2340 1447 2376 seq.

794 2388 878 2431 Quo
899 2399 1010 2424 sensu
1039 2386 1172 2423 Graeci
1200 2386 1308 2423 etiam
1328 2384 1451 2421 dicunt

795 2440 1014 2495 ἀναφέρειν
1043 2444 1081 2479 in
1108 2443 1248 2489 activo,
1278 2439 1451 2477 intransi-

794 2502 876 2538 tive.
898 2500 975 2537 Sed
993 2499 1087 2536 hanc
1096 2498 1202 2535 huius
1213 2497 1313 2536 verbi
1334 2497 1451 2546 signi-

795 2556 1000 2594 ficationem
1011 2555 1171 2604 sequiori
1181 2555 1325 2592 demum
1339 2553 1452 2591 aetati

795 2613 1026 2651 tribuendam
1073 2615 1199 2649 censet
1232 2609 1452 2659 Schweigh.‚

797 2683 879 2708 cum
899 2669 1000 2720 apud
1020 2672 1162 2706 veteres
1182 2671 1220 2705 et
1234 2667 1377 2704 Ionicos
1383 2679 1452 2716 po-

797 2726 974 2763 tissimum
1013 2725 1208 2775 scriptores
1238 2722 1327 2760 nihil
1372 2724 1451 2760 fere

798 2783 896 2820 aliud
912 2782 971 2829 sit,
1001 2782 1072 2819 nisi
1088 2793 1203 2818 vocem
1215 2779 1270 2818 vel
1285 2781 1452 2828 gemitum

800 2839 865 2887 (ex
892 2840 963 2876 imo
989 2839 1166 2890 pectore)
1190 2836 1373 2887 proferre‚·
1410 2837 1452 2871 ut

800 2896 838 2943 Ι,
865 2898 955 2937 116.
1013 2894 1094 2934 Nec
1127 2899 1250 2932 tamen
1281 2892 1450 2942 equidem
