1759 3324
208 621 307 666 173

29 686 140 722 Lycios
165 693 184 714 e
217 686 312 712 Creta

30 720 62 748 in
81 720 180 748 Asiam
208 719 308 754 prose-

31 759 106 788 σωβ,
128 753 219 781 ductu·
237 752 309 779 Sar-

52 786 157 815 edonis
176 794 194 813 a
206 785 310 812 Minoe

47 825 127 847 ratre
143 819 232 855 pulsi,
250 818 309 845 Mi-

31 854 149 888 lyndem
169 858 310 880 terrama

30 888 161 922 Solymis
195 885 311 912 habita-

29 925 93 949 tam
139 926 311 957 occupasse,

193 958 312 979 nomme

31 987 200 1021 Tei-milas,
234 991 312 1011 novo

32 1021 128 1048 dictos
163 1028 182 1046 a
228 1018 310 1057 Lyco

31 1053 190 1082 Pandionis
232 1051 311 1078 filio:

31 1095 135 1157 {25¹2}
151 1085 312 1148 nffi'ssssffij
339 1090 470 1131 2105·
503 1086 546 1130 οἱ
574 1084 621 1128 δὲ
650 1082 945 1137 ἀπωσθέντες,

30 954 129 981 veteri

361 269 447 309 380
513 312 516 314 .

757 263 1231 306 HERODOTI

363 375 554 434 ἡβηδὸν,
583 373 813 428 τύπτοντες
843 374 1028 431 δούρασι
1056 374 1135 420 τὸν
1162 373 1293 433 ἠέρα,
1331 373 1454 430 με’χρι
1481 369 1685 427 οὕρων4ο

362 460 452 500 τῶν
492 457 783 499 Καλυνδικῶν
833 455 1015 507 ἕποντο,
1074 455 1149 498 καὶ
1197 455 1367 511 ἔφασαν
1405 449 1630 508 ἐκβάλλειν

362 534 468 586 τούς
496 533 710 587 ξεινικοὺς
737 533 886 586 θεούς.
947 534 1020 577 καὶ
1050 528 1174 577 οὗτοι
1202 533 1280 589 μὲν
1308 530 1512 587 τρόποισι
1538 547 1628 574 τοι·

366 613 537 659 ούτοισι
585 611 804 669 χρέωνται.

867 614 918 655 Οἱ
947 612 993 656 δὲ
1036 612 1196 656 Λύκιοι
1233 611 1281 655 ἐκ
1320 609 1492 667 Κρήτης
1525 608 1630 664 τώρ-

367 697 495 748 χαῖον
525 690 743 748 γεγόνασι.
773 688 854 747 τὴν
882 688 966 745 γᾶρ
999 690 1176 748 Κρήτην
1216 689 1332 747 εἶχον
1360 689 1408 734 τὸ
1439 687 1630 733 παλαιὸν

366 775 512 815 πᾶσαν
541 768 773 826 βάρβαροι.
814 769 1139 823 διενειχθέντων
1178 769 1223 813 δὲ
1263 770 1309 813 ἐν
1341 767 1492 825 Κρήτῃ
1531 767 1684 822 περὶ45

367 852 442 905 τῆς
471 850 696 904 βασιληίης
730 850 818 890 τῶν
857 845 1074 903 Εὐρώπης
1102 849 1295 900 παίδων,
1335 847 1630 906 Σαρπηδόνος

366 943 410 971 τε
434 927 507 971 καὶ
536 928 670 970 Μίνω
685 957 698 976 ,
728 923 788 977 ὦς
809 925 1067 982 ἐπεκράτησε
1085 929 1138 982 τῇ
1166 924 1312 969 στάσει
1331 927 1508 979 Μίνως,
1539 926 1630 982 ἐξή-

367 1011 470 1052 λασε
498 1003 637 1050 αὐτόν
664 1020 709 1049 τε
733 1004 1002 1061 Σαρπηδόνα
1029 1004 1105 1048 καὶ
1142 1003 1247 1056 τούς
1286 1003 1526 1056 στασιώτας
1555 1004 1630 1048 αὐ-

976 1083 1185 1128 άπίκοντο
1214 1087 1290 1140 τῆς
1314 1082 1455 1140 Ἀσίης
1477 1083 1521 1136 ἒς
1545 1088 1629 1141 γῆν

363 1166 444 1222 τὴν
475 1162 708 1209 Μιλυάδα·
740 1164 819 1221 τὴν
847 1162 931 1221 γάρ
960 1166 1044 1208 νῦν
1073 1161 1236 1208 Λύκιοι
1264 1162 1486 1220 νέμονται,
1516 1163 1686 1221 αὕτη50

337 1243 418 1289 3τὸ
447 1243 634 1289 παλαιόν
661 1239 717 1301 ἦν
743 1242 941 1297 Μιλυάς·
972 1244 1016 1288 οἱ
1044 1243 1091 1288 δὲ
1112 1241 1283 1288 Μιλύαι
1311 1241 1409 1288 τότε
1428 1242 1630 1302 Σόλυμοι

354 1451 466 1505 μέχρι
487 1448 546 1493 οὔ
559 1466 581 1505 ρ
596 1466 626 1491 ω
639 1464 664 1491 ν
691 1451 773 1490 ταῖν
803 1452 960 1491 Καλυν-

306 1508 452 1561 δικῶν]
484 1505 620 1561 οὔρων
640 1508 687 1545 ab
711 1501 832 1560 οὖρος
853 1509 958 1558 finis,

306 1580 376 1605 nec
395 1567 442 1603 ab
466 1562 559 1618 ὅρος
578 1577 697 1613 mons3
728 1565 828 1614 quod
854 1564 883 1601 si
903 1578 960 1602 es-

308 1627 365 1661 set
394 1626 482 1670 (nec
507 1621 610 1659 aliter
629 1633 742 1671 prave
758 1621 960 1658 redderunt

306 1679 447 1732 priores
461 1678 712 1729 interpretes),
727 1677 960 1715 scribendum

305 1737 423 1784 soret,
453 1734 572 1772 iudice
589 1732 853 1779 Valckenario‚
884 1729 959 1773 οὗ-

307 1790 433 1844 ρέων,
461 1796 502 1828 ut
519 1790 557 1839 I,
577 1790 748 1845 110311,
769 1792 836 1838 28,
857 1790 956 1829 alibi.

307 1848 385 1887 Sed
403 1843 538 1899 οὔρων
557 1846 623 1895 (ab
647 1846 786 1897 οὖρος)
805 1846 870 1894 IV,
891 1849 957 1888 99.

309 1904 402 1947 125.
446 1903 575 1941 Simile
600 1902 787 1953 quoddam
819 1903 866 1941 de
891 1903 960 1941 Se-

306 1961 468 2011 gestanis
498 1959 671 1997 matronis
688 1958 960 2007 virginibusque

307 2017 467 2055 Dianam
493 2029 538 2054 ex
566 2016 657 2053 urbe
685 2015 958 2064 exportantibus

309 2077 347 2111 et
371 2085 489 2121 usque
519 2072 568 2109 ad
594 2072 674 2119 agri
701 2071 793 2107 fines
830 2083 959 2120 prose-

307 2129 501 2178 quentibus
521 2132 646 2164 narrat
659 2126 788 2163 Cicero
806 2126 844 2163 in
853 2126 887 2163 V
889 2139 958 2165 err.

306 2184 371 2232 IV,
383 2184 448 2225 35.
467 2183 549 2220 Alia
566 2182 671 2219 huius
693 2183 838 2231 generis
852 2195 963 2233 prae-

306 2244 408 2278 terea
426 2238 863 2276 laudavitValckenarius.
887 2238 959 2276 Ca-

308 2296 418 2347 lynda
438 2296 524 2332 urbs
548 2295 584 2331 in
605 2293 741 2343 Lyciae
761 2299 870 2344 atque
885 2296 958 2332 Ca-

307 2354 384 2390 riae
413 2352 544 2389 finibus
572 2351 621 2388 ad
646 2363 746 2388 mare
771 2352 840 2388 sita
867 2356 957 2399 erat,

308 2408 407 2446 unde
427 2408 536 2445 modo
547 2406 683 2455 Lyciae
697 2408 807 2445 modo
828 2408 960 2445 Cariae

310 2464 537 2503 adscribitur.
563 2463 673 2500 conf.
691 2464 860 2501 Strabon.
872 2463 960 2501 XIV

311 2534 349 2572 p.
367 2521 449 2562 963
461 2549 472 2567 ,
492 2519 524 2556 B
553 2520 677 2569 ibique
695 2520 960 2558 Casaub.Plin.

311 2577 361 2615 H.
384 2576 434 2615 N.
453 2575 499 2624 V,
518 2577 584 2618 28.

467 2660 578 2711 Cap.
609 2659 816 2698 CLxxm.

367 2740 442 2795 τήν
473 2740 548 2797 γὰρ
590 2739 754 2796 Κρήτην
789 2740 896 2795 εἶχον
923 2742 966 2786 τό

311 2797 485 2841 παλαιόν
503 2802 636 2840 πᾶσαν
655 2797 876 2852 βάρβαροι]
905 2801 965 2840 De

312 2857 454 2896 insulae
465 2858 597 2895 Cretae
614 2857 739 2895 incolis
758 2858 965 2906 antiquissi-

313 2913 382 2953 mis
402 2914 474 2953 vid.
493 2914 605 2953 Diod.
625 2913 736 2953 Sicul.
750 2914 795 2963 V,
814 2916 879 2956 64.
898 2916 963 2956 80.

1025 1450 1198 1490 Primitus
1228 1452 1323 1491 enim
1341 1452 1454 1491 fuisse
1469 1451 1684 1490 Eteocretas

1026 1522 1056 1546 s.
1075 1509 1290 1558 indigenas,
1320 1522 1471 1558 quorum
1490 1521 1553 1546 rex
1576 1509 1684 1546 fuerit

1027 1566 1140 1613 Cres,
1177 1565 1370 1603 multarum
1396 1578 1518 1604 rerum
1542 1563 1684 1602 utilium

1028 1622 1206 1660 inventor.
1264 1622 1333 1658 His
1355 1621 1469 1658 multo
1498 1624 1585 1672 post
1611 1620 1684 1658 Pe-

1028 1677 1151 1727 lasgos
1208 1679 1458 1728 supervenisse
1476 1706 1489 1726 ‚
1543 1676 1684 1715 insulae

1026 1738 1169 1786 partem
1197 1735 1401 1784 quandam,
1440 1733 1502 1771 ubi
1530 1732 1685 1784 appule-

1025 1795 1130 1839 rant,
1159 1791 1378 1828 obtinentes.
1436 1789 1478 1828 T
1475 1789 1584 1827 ertios
1615 1790 1684 1827 im-

1025 1848 1203 1896 migrasse
1221 1847 1341 1885 Dores
1353 1876 1365 1894 ,
1395 1846 1572 1884 Tectamo
1591 1845 1684 1883 Dori

1026 1904 1102 1941 filio
1125 1905 1226 1941 duce.
1285 1902 1336 1940 Et
1358 1902 1553 1940 arcessisse
1572 1913 1682 1951 quar-

1025 1964 1103 1997 tum
1133 1960 1317 1996 hominum
1355 1971 1491 2007 genus,
1531 1958 1632 2007 quod
1661 1971 1682 1996 e

1025 2015 1238 2066 promiscuis
1269 2015 1430 2064 undique
1456 2014 1618 2051 barbaris
1643 2014 1682 2051 in

1027 2072 1177 2109 Cretam
1198 2071 1430 2118 confluxerit,
1452 2071 1682 2120 eandemque

1025 2128 1210 2177 linguam,
1241 2140 1314 2177 qua
1337 2127 1465 2176 reliqui
1483 2127 1680 2165 Cretenses

1024 2188 1223 2231 uterentur,
1242 2185 1462 2221 assumserit.
1487 2182 1680 2232 Asterium,

1024 2253 1137 2291 porro
1165 2245 1337 2288 narrant,
1362 2240 1529 2277 Tectami
1555 2239 1681 2288 filium,

1024 2297 1211 2347 Europam
1225 2297 1262 2333 in
1277 2296 1544 2333 matrimonium
1559 2296 1683 2334 duxis-

1026 2366 1066 2391 se
1086 2353 1272 2402 filiosque,
1299 2365 1321 2389 a
1345 2353 1431 2389 Iove
1456 2357 1542 2390 ante
1560 2365 1682 2390 susce-

1025 2414 1124 2462 ptOS,
1145 2410 1342 2460 adoptasse
1354 2440 1364 2456 ‚
1383 2408 1560 2456 Minoem,
1578 2407 1682 2446 Rha-

1028 2466 1261 2503 damanthum
1289 2470 1398 2515 atque
1415 2466 1682 2516 Sarpedonem.

1030 2522 1105 2566 Qui
1124 2521 1247 2560 Minos
1262 2534 1348 2560 avus
1370 2525 1425 2559 est
1445 2522 1521 2558 eius
1532 2519 1681 2569 Minois,

1030 2591 1139 2628 quem
1159 2583 1244 2629 post
1266 2578 1374 2614 maris
1402 2578 1592 2628 imperium
1614 2577 1681 2614 ob-

1029 2635 1181 2672 tinuisse
1204 2635 1344 2672 scimus.
1395 2634 1503 2671 Conf.
1523 2634 1680 2672 Diodor.

1031 2691 1103 2728 Sic.
1121 2689 1183 2737 lV,
1214 2693 1280 2732 60.
1336 2690 1431 2726 Sunt
1455 2703 1604 2739 quoque
1631 2689 1681 2727 ad

1031 2747 1259 2784 Cretensium
1285 2760 1344 2784 res
1371 2747 1524 2783 notandi
1558 2747 1682 2784 Hero-

1031 2803 1110 2840 doti
1138 2803 1207 2840 loci
1225 2802 1317 2850 vll,
1339 2805 1486 2843 169—
1503 2804 1582 2843 171
1599 2800 1681 2839 incl·

1089 2855 1189 2909 αὕτη
1210 2855 1253 2898 τὸ
1269 2855 1434 2898 παλαιὸν
1463 2852 1518 2908 ἦν
1549 2860 1680 2896 Μιλυ-

1032 2911 1102 2963 άς·
1131 2915 1172 2956 οἷ
1199 2913 1241 2956 δὲ
1260 2911 1419 2955 Μιλύαι
1446 2911 1534 2955 τότε
1549 2909 1680 2955 Σόλυ-
