1805 3315
695 232 998 273 cL10.1.

1414 234 1497 275 119

208 367 288 397 τον
313 345 603 408 ἡμιτάλαντον
639 342 824 387 ἕκαστον
862 341 1066 386 ἕλκοντα·
1103 339 1157 384 τὰ
1188 339 1234 384 δὲ
1261 339 1371 385 ἄλλα
1400 338 1541 397 ἡμι-σο

160 528 260 562 cutus
289 519 489 570 Schweigh.
519 523 598 568 est,
627 518 726 557 haud
752 531 812 557 re·
879 517 918 555 in
943 521 1240 569 programmate,
1270 517 1372 567 quod
1399 518 1538 568 prodiit

159 578 371 618 cedendum.

210 634 310 672 Auro
328 633 452 670 huicce
470 631 662 682 purissimo
690 644 809 683 oppo-

153 692 250 729 nitur
266 690 304 726 in
327 702 431 739 seqq.
459 685 599 735 λευκός
616 686 768 740 χρυσὸς
781 690 804 727 i.

153 761 185 787 e.
213 746 370 784 albidum
396 759 426 783 ε.
455 744 646 783 candalum
667 758 808 794 aurum,

154 803 256 854 quod
276 803 412 850 scilicet,
436 802 555 839 minus
578 815 708 852 purum
738 807 807 851 est,

150 861 253 910 quod
272 860 392 897 minus
409 862 606 909 purgatum
633 862 689 897 est
715 859 807 897 mul-

150 921 260 966 taque
285 916 357 954 alia
393 915 504 953 habet
532 915 710 963 admixta,
749 929 808 953 ar-

149 977 301 1022 gentum
319 972 484 1023 inprimis
504 985 548 1009 ex
564 971 625 1008 illa
642 977 806 1010 veterum

149 1030 342 1080 opinione,
379 1041 452 1078 qua
484 1029 582 1065 omni
629 1041 717 1065 auro
747 1041 806 1066 ar-

150 1091 305 1136 gentum
344 1086 467 1122 inesse
508 1085 608 1122 vario
638 1086 804 1135 pondere

149 1143 296 1193 scripsit
357 1141 496 1178 Plinius
558 1141 656 1178 Hist.
713 1140 802 1179 Nat.

146 1198 310 1237 XXXIII
330 1202 417 1236 sect.
445 1199 512 1239 23.
554 1196 650 1235 Tale
675 1209 802 1235 aurum

145 1256 324 1293 vocabant
351 1254 535 1292 Electrum
565 1250 794 1305 (ἤλεκτρον)

145 1312 306 1362 illudque
331 1310 367 1348 h.
385 1310 408 1348 l.
439 1309 717 1359 intelligendum
740 1324 799 1348 es-

145 1382 187 1407 se
204 1373 292 1419 post
309 1367 399 1405 alios
427 1366 567 1404 monuit
585 1366 798 1405 Schneider.

141 1426 182 1463 in
206 1424 298 1462 Lex.
330 1424 397 1461 Gr.
425 1436 454 1460 S.
480 1435 512 1460 v.
562 1422 623 1460 De
653 1422 800 1461 Electro

141 1481 334 1532 primarius
355 1484 411 1517 est
429 1479 536 1517 Plinii
546 1478 645 1516 loeus
655 1480 691 1516 in
700 1479 797 1517 Hist.

141 1537 230 1576 Nat.
251 1535 578 1584 XXXVII‚7sect.
602 1538 652 1577 11
669 1540 798 1587 p.769

141 1595 201 1634 ed.
224 1594 356 1643 Hard,
382 1606 534 1643 quocum
559 1592 624 1630 Cr.
644 1594 800 1630 conferri

140 1651 218 1688 vult
265 1663 330 1697 ea,
392 1662 487 1699 quae
548 1653 798 1699 exposuerunt

141 1706 292 1745 Eckhel.
304 1706 326 1743 l.
338 1705 362 1743 l.
376 1705 549 1755 Prolegg.
571 1718 657 1756 pag.
670 1705 796 1743 XXIV

142 1777 220 1813 seq.
242 1768 279 1802 et
296 1762 419 1800 Raoul
427 1762 633 1800 -Rochette
643 1763 680 1799 in
691 1762 796 1799 Iour-

141 1820 201 1858 nal
221 1820 256 1857 d.
270 1820 413 1857 Savans
426 1820 534 1860 1819
546 1819 634 1868 Apr.
647 1832 683 1870 p.
698 1821 792 1860 208.

203 1876 377 1930 τρίτον
434 1872 794 1927 ’ἡμιτάλαντον

139 1932 305 1973 ἕκαστον
333 1931 518 1983 ἕλκοντα]
561 1933 701 1970 Omnes
731 1945 794 1970 co-

138 1992 256 2030 dices:
299 1989 389 2041 τρία
417 1984 665 2041 ἡμιτάλαντα
704 1990 726 2026 i.
759 2003 790 2027 e.

137 2059 248 2085 unum
265 2047 435 2084 talentum
457 2059 534 2084 cum
561 2045 707 2083 dimidio
736 2046 793 2082 al-

137 2107 258 2142 terius.
316 2103 429 2148 Quod
449 2108 546 2142 certe
565 2103 687 2140 mirari
705 2103 793 2140 sub—

95 2163 99 2166 ’
137 2165 210 2210 eat,
228 2173 308 2198 cum
317 2160 463 2211 pondus
483 2173 607 2197 eorum
627 2159 792 2207 laterum,

135 2217 199 2268 qui
218 2230 263 2255 ex
283 2230 371 2255 auro
393 2216 514 2254 albido
539 2231 568 2254 s.
591 2217 709 2254 minus
722 2229 792 2266 pu-

136 2287 178 2311 ro
195 2273 349 2312 consecti
367 2278 491 2321 erant,
505 2274 659 2311 duorum
676 2272 791 2310 talen-

135 2334 254 2368 torum
290 2330 405 2368 fuisse
452 2330 614 2379 dicatur,
669 2342 791 2378 neque

134 2386 364 2425 Herodotum
391 2387 563 2425 credibile
589 2387 638 2424 sit
684 2386 791 2435 igno-

134 2455 256 2491 rasse,
301 2456 433 2494 purum
474 2456 601 2480 aurum
644 2443 790 2492 gravius

135 2512 219 2538 esse
247 2513 313 2548 e0,
352 2501 409 2538 cui
434 2505 625 2548 argentum
651 2499 700 2536 sit
721 2501 789 2536 ad-

135 2556 306 2604 mixtum,
346 2557 519 2607 quodque
548 2557 668 2593 minus
701 2556 789 2593 inde

135 2611 184 2648 sit
201 2625 340 2662 purum.
398 2613 519 2656 Quam
538 2611 787 2650 difficultatem

137 2667 190 2704 ita
204 2668 279 2705 tolli
296 2682 409 2720 posse
428 2669 539 2718 vulgo
560 2669 787 2707 arbitraban-

139 2726 219 2770 tur,
245 2728 286 2762 ut
303 2729 459 2775 quatuor
476 2726 608 2764 lateres
628 2727 707 2762 auri
719 2739 788 2776 pu-

140 2777 170 2814 ri
187 2779 297 2816 multo
307 2781 490 2820 breviores
501 2811 512 2829 ‚
533 2782 692 2831 reliquos
708 2781 789 2818 lon-

140 2834 262 2882 giores
283 2836 453 2875 dicerent.
495 2839 789 2887 Schweighaeus.

141 2894 179 2928 et
202 2895 287 2930 ante
303 2905 386 2931 eum
414 2893 477 2932 Fr.
498 2895 587 2932 Chr.
607 2894 789 2934 Matthiae

877 574 1107 613 Francofurt.
1161 575 1210 612 ad
1256 573 1380 612 Moen.
1426 576 1535 616 1810

876 630 1207 681 („Bemerkungen
1225 644 1272 668 zu
1299 631 1377 668 drei
1397 630 1536 669 Stellen

875 687 924 724 im
949 687 1142 735 Herodot‚
1174 688 1304 726 Cicero
1337 687 1412 724 und
1434 686 1535 725 Livi-

878 745 981 793 us“)‚
1010 745 1047 782 in
1066 744 1261 783 Herodoto
1291 743 1441 782 rescribi
1467 756 1534 781 vo-

875 800 1019 838 luerunt
1070 801 1203 852 τρίτον
1249 796 1531 852 ἡμιτάλαντον,

875 858 977 907 quod
1002 857 1121 907 ipsum
1150 871 1172 895 a
1197 856 1396 895 Laurentio
1427 856 1533 894 Valla

875 914 1010 950 dudum
1051 927 1262 965 expressum
1309 917 1388 952 erat
1430 913 1531 952 hisce

873 971 1013 1008 verbis:
1029 970 1097 1007 duo
1119 970 1253 1008 talenta
1275 983 1353 1009 cum
1371 969 1528 1008 dimidio,

873 1025 1031 1076 Recepit
1049 1027 1281 1065 Gaisfordius
1294 1056 1305 1074 ‚
1326 1039 1436 1076 quem
1447 1026 1529 1075 ipse

873 1087 1017 1119 secutus
1047 1097 1136 1120 sum.
1195 1083 1266 1120 Vix
1302 1084 1398 1122 enim
1425 1082 1528 1121 aliter

870 1138 1099 1177 Herodotum
1141 1140 1331 1189 scripsisse
1374 1152 1527 1189 persua-

870 1207 949 1232 sum
978 1195 1108 1233 habeo.
1168 1197 1262 1233 Cum
1292 1196 1388 1233 enim
1416 1194 1525 1246 ἕβδο-

869 1265 946 1302 μον
983 1247 1255 1302 ἡμιτάλαντον
1295 1251 1428 1289 efficiat
1465 1265 1524 1289 sex

869 1307 1003 1345 talenta
1030 1322 1107 1346 cum
1138 1308 1307 1356 dimidio,
1341 1306 1525 1358 τέταρτον

866 1360 1136 1415 ἡμιτάλαντον
1175 1368 1248 1403 tria
1281 1363 1416 1402 talenta
1446 1377 1523 1402 cum

867 1421 1036 1470 dimidio,
1065 1421 1123 1460 hic
1154 1435 1302 1472 quoque
1326 1421 1458 1474 τρίτον
1478 1419 1522 1472 ἦ·

867 1474 1109 1530 μιτάλαντον
1154 1479 1241 1516 erit:
1287 1478 1356 1515 dno
1384 1477 1522 1516 talenta

867 1547 944 1572 cum
963 1535 1119 1574 dimidio.
1168 1534 1308 1573 Probat
1329 1535 1521 1572 Gramma-

864 1592 957 1629 ticus
1005 1592 1044 1628 in
1093 1591 1254 1630 Bekkeri
1300 1590 1466 1629 Anecdd.
1504 1591 1520 1629 I

865 1662 901 1699 P·
921 1650 1026 1697 306,
1049 1652 1124 1696 20,
1156 1652 1266 1698 atque
1293 1646 1389 1697 Aug.
1420 1648 1519 1685 Mat-

863 1704 961 1742 thiae
1000 1705 1037 1742 in
1075 1705 1237 1742 Gramm.
1267 1705 1332 1742 Gr,
1353 1678 1402 1756 bg.
1425 1704 1518 1752 143,

864 1761 924 1798 ubi
956 1761 1003 1798 de
1036 1761 1244 1799 discrimine
1275 1760 1370 1798 inter
1397 1761 1518 1826 τρία

863 1813 1109 1869 ημιτάλαντα
1123 1821 1160 1856 et
1179 1832 1200 1857 τ
1211 1833 1232 1870 ρ
1249 1817 1291 1856 ίτ
1302 1831 1322 1856 o
1335 1832 1358 1856 ν
1375 1812 1517 1868 ἡμιτά-

862 1877 1006 1914 λαντον
1025 1874 1177 1912 monuit.
1236 1873 1347 1912 Plura
1375 1874 1516 1911 Casan-

862 1932 948 1969 bon.
969 1932 1017 1968 ad
1037 1931 1285 1981 'Iheophrast
1303 1930 1513 1968 Character.

861 1987 911 2025 vl
933 2001 1020 2038 pag.
1041 1989 1094 2028 93
1116 2000 1196 2038 seq.
1221 1988 1279 2025 ed.
1299 1986 1419 2024 Fisch.
1435 1986 1512 2023 coll.

860 2043 963 2082 Rosc
984 2044 1164 2094 Inscriptt.
1188 2057 1274 2095 pag.
1301 2045 1396 2084 203.
1437 2042 1514 2080 Ad-

861 2102 915 2138 dit
938 2101 969 2139 C
973 2115 1002 2138 r.
1020 2101 1179 2138 Pollucis
1206 2100 1454 2138 testimonium
1477 2100 1513 2136 in

859 2158 1054 2195 Onomast.
1102 2157 1174 2205 lX,
1224 2156 1290 2198 54.
1354 2154 1511 2204 Εῐ)·ιῃοΙ.

858 2227 981 2264 magn.
1003 2227 1089 2265 pag.
1111 2212 1195 2255 744
1206 2213 1400 2261 etDidym.
1415 2214 1513 2262 apud

858 2271 1035 2309 Priscian.
1073 2284 1110 2322 p.
1147 2270 1266 2311 1347.
1297 2270 1407 2311 1350
1436 2268 1513 2316 (de

859 2329 965 2376 figur.
995 2340 1134 2365 numer.
1164 2339 1243 2377 cap.
1267 2330 1294 2367 2
1322 2338 1409 2376 pag.
1429 2327 1512 2366 208

859 2386 917 2422 ed.
941 2384 1228 2432 Lindemann),
1258 2382 1342 2421 'she
1373 2381 1509 2418 classic.

856 2441 978 2478 Iourn.
1017 2440 1098 2478 Vol.
1130 2440 1164 2477 V
1203 2452 1289 2490 pag.
1314 2438 1398 2479 334
1433 2451 1509 2487 seq.

856 2497 959 2535 Idem
983 2498 1030 2535 de
1049 2500 1263 2546 argumento
1294 2494 1435 2543 consuli
1458 2495 1511 2530 iu-

858 2556 920 2592 bet
952 2553 1170 2605 peculiarem
1205 2551 1386 2600 IVagneri
1424 2551 1511 2587 scri-

856 2612 1019 2661 ptionem
1043 2611 1089 2647 de
1102 2609 1232 2647 Croesi
1242 2607 1511 2658 hemiplinthiis‚

854 2668 1028 2705 insertam
1057 2665 1240 2703 Mercurio
1276 2663 1385 2702 Novo
1417 2664 1509 2700 Ger-

855 2724 996 2762 manico
1024 2725 1133 2765 1802
1159 2721 1333 2760 Decemb.
1354 2734 1390 2770 p.
1415 2720 1510 2766 295,

857 2782 930 2831 qua
956 2780 1133 2832 probatur
1175 2791 1238 2826 ea,
1268 2790 1376 2827 quam
1405 2776 1510 2812 dedi-

856 2851 960 2885 muS,
987 2836 1058 2873 loci
1086 2834 1348 2886 interpretatio.
1389 2833 1509 2875 Quam

858 2895 1014 2933 eandem
1039 2893 1145 2931 unice
1185 2903 1308 2930 veram
1347 2900 1509 2941 pronun-
