1777 3324
486 293 571 331 AD
628 290 1002 330 HERODOT.
1049 291 1086 339 1,
1124 293 1190 333 93.
1515 294 1599 336 925

88 409 258 457 reliquum
278 410 393 443 autem
411 404 604 455 sepulcrum
629 408 742 442 terrae
768 403 923 441 tumulus
951 408 1002 440 est
1023 425 1068 431 —-
1090 405 1228 441 termz'm
1245 407 1383 453 autem,
1414 409 1476 456 qui
1495 409 1598 457 quin-

89 488 153 525 que
174 478 255 510 sunt
269 472 362 523 [*)]‚
392 473 507 510 adhuc
533 471 581 509 ad
609 484 719 509 meam
749 475 899 509 aetatem
930 473 967 508 in
994 484 1125 509 summo
1147 472 1301 522 sepulcro
1330 477 1450 521 erant,
1480 475 1525 511 ab
1544 475 1599 512 his

87 542 198 591 igitur
217 541 336 578 verbis
355 540 385 576 si
407 540 642 577 discedimus:
673 541 790 590 ipsam
809 540 1014 577 Herodotei
1034 539 1102 577 loci
1123 541 1342 578 sententiam
1358 545 1445 591 apte
1463 545 1499 578 et
1517 555 1601 592 per-

87 609 226 659 cepisse
244 611 282 645 et
297 608 502 645 reddidisse
523 608 737 645 iudicandus
757 609 803 644 sit
821 607 1056 644 Etruscorum
1074 612 1388 646 monumentorum
1407 609 1600 659 interpres.

86 675 184 714 Nam
205 675 360 725 primum
381 675 610 713 Chandlerus
628 676 651 712 l.
671 675 695 713 l.
722 676 770 712 de
796 675 851 711 his
871 674 1013 723 Lydiae
1038 676 1211 726 sepulcris
1239 677 1292 713 ita
1317 677 1429 714 refert
1458 690 1494 726 p.
1518 677 1601 717 369

85 755 178 780 vers.
199 742 343 780 Germ.:
375 743 523 790 „„Alle
546 744 629 781 sind
647 744 714 780 mit
732 744 885 792 griinem
903 742 1027 780 Rasen
1057 743 1237 793 bedeckt,
1268 745 1344 781 und
1372 758 1412 781 so
1436 744 1506 782 viel
1533 745 1602 781 mir

84 811 123 847 in
141 811 200 848 die
221 808 351 859 Augen
369 810 476 848 fielen
488 840 498 858 ,
518 811 570 848 als
589 811 645 849 ich
662 814 770 848 unter
785 811 894 848 ihnen
913 809 1242 858 herumwandelte,
1271 812 1391 850 haben
1410 813 1503 849 noch
1523 812 1602 850 ihre

86 878 321 927 Kegelform,
351 878 445 916 ohne
465 880 548 917 dass
567 880 627 917 die
648 880 777 929 Spitze
798 879 889 915 auch
905 891 974 916 nur
999 880 1058 917 ein
1080 881 1200 929 wenig
1224 880 1475 930 eingesunken
1493 882 1601 917 ware.

87 946 199 983 Einer
224 945 289 983 der
307 946 519 996 Grabhfigel
546 949 613 985 auf
626 948 744 984 dieser
759 947 891 993 Habe,
922 947 987 984 der
1016 948 1125 984 meist
1152 949 1188 985 in
1216 949 1282 986 der
1310 947 1420 985 Mitte
1448 949 1515 985 auf
1536 949 1602 986 der

87 1014 190 1051 Seite
217 1013 310 1050 nach
339 1013 474 1052 Sardes
501 1015 612 1064 liegt,
644 1027 718 1052 war
743 1015 808 1051 das
842 1014 1017 1052 Grabmal
1048 1015 1112 1053 des
1132 1016 1346 1065 Halyattes,
1376 1016 1508 1054 Vaters
1535 1016 1600 1053 des

87 1081 319 1118 Croesus.““
376 1081 522 1120 Deinde
554 1084 592 1119 in
620 1083 846 1120 monumenti
871 1081 1023 1128 Albani,
1055 1084 1154 1132 quod
1180 1084 1427 1122 Curiatiorum
1453 1084 1601 1121 nomine

84 1148 224 1197 vulgari
242 1148 364 1194 venit,
395 1150 583 1187 ruderibus
617 1163 725 1200 super
746 1150 825 1186 basi
849 1162 869 1187 e
893 1150 1073 1199 lapidibus
1103 1155 1288 1189 exstructa
1305 1153 1487 1201 hodieque
1504 1165 1603 1190 com-

84 1221 219 1267 parent
236 1217 391 1265 vestigia
408 1219 559 1266 quinque
577 1230 735 1254 coriorum
754 1218 973 1267 (lnghirami
994 1218 1045 1255 IV
1067 1232 1104 1269 p.
1131 1222 1230 1259 168:
1262 1249 1323 1268 ‚„‚
1336 1220 1423 1257 Cosi
1442 1221 1478 1256 in
1495 1219 1604 1268 Alba,

86 1284 226 1321 colonia
254 1285 314 1322 dei
339 1284 462 1333 Frigi,
492 1285 568 1322 cive
590 1286 740 1334 digente
766 1285 832 1322 che
861 1286 891 1322 si
911 1287 984 1335 pub
1012 1290 1138 1324 tenere
1165 1300 1356 1337 compresa
1383 1287 1465 1325 nell’
1483 1288 1605 1325 antica

85 1351 257 1398 Meonia,
294 1351 319 1388 il
346 1352 581 1389 vecchissimo
610 1366 631 1390 e
660 1354 849 1390 notissimo
877 1353 1041 1404 sepolcro
1071 1355 1310 1393 denominato
1335 1357 1382 1394 de
1414 1356 1561 1393 Curiazi
1583 1357 1603 1393 e

85 1419 187 1456 anch’
208 1433 287 1457 esso
303 1432 351 1456 un
370 1419 462 1457 dado
483 1421 602 1470 lapide
620 1422 817 1472 quadrato,
847 1422 904 1458 sul
923 1421 1026 1472 quale
1047 1435 1195 1470 sorgono
1216 1425 1338 1473 cinque
1357 1425 1603 1473 granconz‘.““

85 1509 140 1517 —-
161 1488 211 1525 Se
234 1501 281 1525 ne
298 1501 418 1537 vegga
437 1488 472 1525 la
491 1490 606 1538 figura
623 1489 693 1526 alla
717 1502 784 1526 ser.
805 1488 856 1525 VI
883 1496 956 1526 taV.
972 1491 1017 1528 F.
1039 1493 1063 1530 6
1091 1504 1188 1528 num.
1215 1493 1298 1540 10).

130 1584 135 1591 .
199 1555 344 1604 „Unde
370 1556 468 1593 haud
498 1558 625 1607 inepta
654 1557 862 1594 coniectura
891 1562 966 1605 est,
1004 1558 1165 1607 Alyattei
1192 1560 1283 1597 illius
1314 1560 1467 1611 sepulcri
1497 1560 1601 1598 basin

85 1624 266 1674 lapideam
294 1624 405 1661 fuisse
431 1625 573 1661 cubum:
605 1624 778 1662 tumulum
808 1639 827 1663 e
858 1629 957 1662 terra
985 1631 1202 1676 aggestum,
1233 1640 1364 1665 conum.
1422 1627 1543 1678 Atque
1572 1629 1602 1666 si

85 1696 316 1743 reputamus,
345 1704 537 1729 numerum
557 1693 787 1741 pyramidum
810 1694 1009 1742 quinarium
1029 1696 1084 1732 bis
1104 1696 1296 1733 memorari
1312 1697 1431 1749 'etiam
1457 1695 1494 1733 in
1523 1710 1603 1733 mo-

85 1764 260 1798 numento
288 1759 498 1797 Porsennae
531 1759 622 1806 (vid.
644 1760 759 1798 Varro
780 1775 839 1812 ap.
860 1761 953 1799 Plin.
976 1762 999 1800 l.
1018 1762 1086 1811 l.)‚
1126 1763 1222 1800 haud
1252 1765 1408 1802 absurde
1438 1765 1603 1802 censebi-

86 1841 163 1865 mus
175 1856 186 1874 ,
216 1827 393 1865 eiusmodi
412 1826 675 1865 architecturae
694 1827 821 1877 Lydos
847 1829 941 1866 inter
966 1834 1078 1880 atque
1098 1830 1271 1869 Etruscos
1289 1836 1500 1869 concentum
1519 1836 1601 1869 tan—

87 1908 196 1945 quam
224 1908 357 1932 novum
378 1899 633 1943 argumentum
654 1897 827 1934 accedere
853 1897 918 1944 iis,
948 1911 1041 1946 quae
1068 1898 1172 1949 plura
1190 1900 1238 1935 ad
1258 1899 1504 1936 narrationem
1523 1899 1602 1937 He-

85 1963 205 1999 rodoti
236 1963 302 2010 (I,
327 1962 410 2009 94)
449 1963 495 1999 de
520 1962 707 2010 Lydorum
733 1965 770 2001 in
796 1964 902 2001 Italia
929 1966 1091 2003 adventu
1119 1966 1333 2003 firmandam
1359 1967 1478 2016 posita
1504 1971 1600 2004 sunt.

87 2029 156 2067 Cui
174 2030 226 2066 rei
246 2031 355 2068 etiam
375 2030 567 2067 Osannum
593 2043 624 2067 v.
650 2031 691 2069 cl.
718 2032 827 2069 fidem
854 2031 988 2070 habere
1008 2034 1114 2071 video
1137 2034 1174 2070 in
1192 2035 1442 2085 disputatione
1460 2035 1506 2072 de
1523 2047 1600 2071 mo-

84 2101 260 2134 numento
280 2097 442 2146 Phrygio
472 2112 588 2149 nuper
614 2103 773 2149 reperto.
831 2099 916 2136 Vid.
943 2101 1019 2138 eius
1039 2102 1105 2139 viri
1126 2101 1286 2151 libellus,
1317 2103 1379 2153 qui
1398 2103 1602 2140 inscribitur

85 2162 212 2202 Midas
231 2177 318 2215 pag.
341 2168 390 2206 10
409 2166 513 2204 infra.
523 2168 606 2195 —“
637 2166 761 2204 CRE
775 2166 964 2206 UZER.

131 2353 168 2398 *)
205 2354 330 2396 [Minus
351 2358 512 2388 accurate
531 2355 848 2399 Schweighaeuser.
876 2356 961 2390 haec
985 2356 1034 2390 ita
1054 2358 1224 2392 reddidit:
1253 2361 1401 2401 fuerunt
1420 2365 1534 2394 autem
1553 2361 1601 2395 ad

198 2424 310 2446 meam
335 2423 439 2456 usque
468 2417 617 2446 aetatem
638 2414 673 2446 in
693 2425 820 2446 summo
839 2415 968 2447 tumulo
996 2417 1141 2460 quinque
1160 2418 1308 2451 termini.
1357 2418 1422 2451 Est
1440 2430 1521 2452 vero
1535 2444 1545 2459 ‚
1571 2419 1601 2453 si

200 2468 281 2513 quid
310 2469 432 2511 video,
467 2469 553 2502 haec
577 2469 698 2503 Nostri
728 2470 918 2511 sententia,
946 2473 1059 2513 fuisse
1087 2475 1249 2517 primitus
1277 2476 1422 2520 quinque
1439 2478 1601 2510 terminos

200 2537 319 2569 eosque
337 2527 494 2570 integros
511 2527 624 2559 adhuc
652 2539 716 2560 sua
742 2528 847 2572 ipsius
873 2533 989 2562 aetate
1005 2530 1148 2565 stetisse.
1194 2531 1351 2576 Namque
1368 2533 1418 2567 ita
1436 2534 1599 2579 scriptum

198 2583 357 2628 legimus:
385 2577 493 2627 οὖροι
513 2579 553 2617 δὲ
571 2580 680 2617 πέντε
698 2580 780 2618 ἐόν
793 2596 867 2624 τες
881 2610 890 2627 ,
917 2583 970 2619 ἔτι
990 2606 1034 2611 -
1054 2580 1079 2629 ἧ
1091 2596 1176 2620 σαν
1188 2607 1243 2621 -.
1272 2589 1356 2633 Br.]
