1759 3324
381 249 466 290 736

796 248 1266 288 HERODOTI

381 356 543 401 τούτου
601 358 811 410 ἅψασθαι.
873 357 897 402 ὁ
939 359 1078 414 νόμος
1130 353 1259 411 οὗτος
1310 359 1514 402 διατελέει
1562 359 1648 403 {cdv

349 436 538 492 4ὁμοῖος
566 438 691 494 μέχρι
723 439 825 494 ἐμεῦ
854 443 915 498 τῷ
946 437 1017 482 ἀπ’
1047 437 1195 494 ἀρχῆς.
1247 442 1327 482 τοῦ
1360 432 1422 481 οἷν
1453 438 1505 494 δὴ
1531 435 1649 482 Ἀλε-

379 515 571 572 ξάνδρου
601 515 851 560 ἀπιστέαται
872 517 1137 572 θεράποντες
1153 550 1162 566 ,
1194 516 1442 573 πυθόμενοι
1459 517 1536 560 τόν
1550 518 1647 572 περὶ
1659 525 1704 558 80

378 595 428 639 τὸ
461 595 558 651 ἱρὸν
589 596 740 651 ἔχοντα
769 595 931 652 νόμον·
965 596 1100 639 ἱκέται
1129 597 1175 640 δὲ
1206 596 1394 653 ἱζόμενοι
1423 600 1503 640 τοῦ
1522 600 1648 649 θεοῦ,

377 674 646 730 κατηγόρεον
677 678 759 717 τοῦ
792 673 1101 728 Ἀλεξάνδρου,
1148 674 1411 731 βουλόμενοι
1443 675 1649 731 βλάπτειν

379 751 540 805 αὐτὸν,
571 751 714 796 πάντα
743 752 874 808 λόγον
905 753 1178 809 ἐξηγεύμενοι
1222 752 1280 804 ὠς
1322 752 1404 810 εἶχε
1438 755 1537 808 περὶ
1565 753 1646 810 τήν

372 830 544 887 Ἑλένην
574 848 617 875 τε
646 832 719 875 καὶ
740 831 819 888 τὴν
837 831 879 882 ές
898 833 1128 875 Μενέλεων
1148 831 1319 888 ἀδικίην
1339 847 1348 857 ·
1379 832 1645 889 κατηγόρεον

377 911 423 954 δὲ
452 915 590 954 ταῦτα
623 909 732 965 πρός
759 926 803 953 τε
831 911 938 962 τούς
968 910 1086 965 ἱρέας
1115 910 1188 954 καὶ
1217 910 1295 953 τὸν
1324 915 1404 954 τοῦ
1434 910 1646 967 στόματος

219 996 319 1041 114
378 989 540 1034 τούτου
575 987 799 1046 φύλακον,
847 993 908 1046 τῷ
941 989 1112 1046 οὕνομα
1141 985 1197 1046 ἦν
1230 993 1384 1041 Θῶνις.
1439 989 1701 1042 Ἀκούσας85

42 1060 169 1087 Proteus
227 1060 321 1088 Parin

42 1094 319 1157 ..22‘333{¹33{2¹¹...

379 1070 425 1113 δὲ
454 1067 624 1113 τούτων
655 1068 678 1112 ὁ
712 1071 877 1121 Θῶνις,
926 1069 1080 1126 πέμπει
1109 1070 1187 1122 τὴν
1215 1071 1416 1125 ταχίστην
1445 1070 1486 1121 ές
1514 1069 1643 1125 Μέμ-

348 1156 463 1204 Ξφιν
492 1147 611 1203 παρά
643 1149 826 1202 Πρωτέα
857 1147 1082 1206 ἀγγελίην,
1112 1148 1326 1204 λέγουσαν
1354 1146 1474 1192 τάδε·
1503 1148 1646 1201 ,ζΉκει

375 1228 568 1280 ,,ξεῖνος,
611 1227 738 1284 γένος
768 1227 847 1284 μὲν
882 1232 1097 1286 Τεῦκρος,
1150 1228 1280 1286 ἔργον
1311 1228 1356 1272 δὲ
1387 1225 1567 1272 ἀνόσιον
1597 1228 1645 1272 ἐν

375 1434 516 1487 ομοῖος
548 1434 659 1488 μέχρι
694 1435 790 1487 ἐμεῦ
824 1439 878 1491 τῷ
905 1431 972 1476 ἀπ’

319 1489 476 1544 οἷρχης]
535 1493 593 1530 Ita
639 1494 845 1544 scripsimus
893 1508 974 1531 cum

319 1549 523 1599 Sehweigh.
547 1553 583 1587 et
605 1550 792 1587 Gaisford.
851 1550 973 1599 Vulgo

318 1603 465 1656 ομοίως
494 1610 532 1643 et
562 1602 756 1657 ἄπαρχῆς.
822 1605 881 1644 Ad
916 1622 970 1659 τῳ

319 1658 386 1701 απ’
406 1658 530 1713 αρχῆς
547 1663 664 1714 suppl.
684 1659 809 1730 νόμῳ.
827 1684 883 1691 —-
915 1662 974 1701 De

318 1721 436 1757 forma
448 1715 672 1758 ἀπιστέαται
684 1720 771 1772 (pro
783 1715 975 1770 α’φίσταν-

319 1777 402 1824 ται)
424 1777 518 1813 conf.
542 1776 597 1824 II,
619 1779 685 1817 80.

375 1833 430 1885 τῷ
451 1828 606 1882 οὕνομα
634 1847 688 1883 ην
714 1831 869 1883 Θωνις]
901 1832 976 1870 Po-

317 1889 510 1938 lydamna‚
538 1888 670 1926 Thonis
688 1890 869 1938 (Θῶνος)
888 1902 974 1926 con-

318 1946 408 1992 iux,
452 1944 670 1996 Aegyptia,
733 1946 896 1983 Homero
934 1947 973 1982 in

318 2001 485 2039 Helenae
520 2002 670 2039 historia
712 2002 812 2039 hand
846 2003 973 2051 ignota

319 2058 456 2106 Odyss.
484 2057 558 2104 IV,
591 2060 685 2099 228.
753 2059 863 2095 Unde
893 2058 971 2095 aliis

322 2113 453 2150 Thonis
466 2114 595 2150 dicitur
605 2114 765 2164 Aegypti
776 2127 837 2151 rex
848 2128 858 2159 3
875 2116 971 2152 conf.

317 2169 486 2206 Eustath.
515 2171 563 2206 ad
591 2170 745 2207 Homeri
770 2170 860 2217 loc.,
896 2170 970 2208 Ae-

316 2225 401 2262 lian.
424 2226 460 2262 h.
478 2238 511 2262 a.
531 2226 597 2273 IX,
622 2229 670 2267 21
704 2225 781 2263 coll.
800 2226 968 2277 interprr.

317 2282 366 2318 ad
399 2281 574 2318 Nicandr.
601 2281 713 2318 Ther.
739 2283 832 2323 312.
891 2283 969 2320 Sed

317 2337 482 2375 Diodoro
506 2338 535 2385 I,
560 2339 609 2377 19
634 2337 765 2374 Thonis
788 2342 970 2376 vetustum

317 2398 373 2431 est
399 2392 560 2443 Aegypti
589 2395 812 2444 emporium,
843 2395 905 2431 ubi
933 2395 970 2431 in

318 2462 418 2487 mare
437 2451 511 2487 exit
530 2449 646 2487 Nilus.
686 2450 808 2500 Atque
828 2463 871 2488 ea
889 2452 970 2500 ipsa

317 2507 404 2543 urbs
425 2518 446 2543 a
473 2505 590 2543 Thone
611 2519 723 2555 rege,
754 2507 815 2555 qui
837 2506 968 2545 Mene-

317 2562 412 2599 laum
452 2563 661 2613 exceperit,
698 2576 832 2600 nomen
869 2576 971 2600 acce-

316 2619 416 2670 pisse
433 2620 560 2656 sertur.
617 2619 700 2655 vid.
722 2620 844 2656 Strab.
866 2619 969 2656 XVII

316 2687 403 2725 pag.
425 2677 503 2716 801
543 2689 571 2712 s.
605 2688 641 2725 p.
676 2675 803 2722 1152,
832 2675 863 2711 Β
891 2675 970 2712 coll.

316 2731 476 2768 Heeren.
499 2731 614 2769 Ideen
641 2731 695 2777 ΙΙ,
714 2735 740 2773 2
769 2744 854 2781 pag.
873 2733 968 2773 378.

316 2786 428 2824 Plura
466 2789 604 2838 oppida
647 2800 713 2837 per
758 2787 993 2838 Aegyptum-

315 2844 462 2882 nomine
486 2843 603 2881 Thana·
632 2844 810 2881 exstitisse
839 2845 967 2882 viden-

314 2904 393 2948 tur,
414 2902 511 2939 unde
531 2901 713 2938 Graecum
737 2901 868 2949 Θῶνις
895 2902 964 2939 flu-

1041 1439 1138 1476 xisse
1166 1437 1242 1474 vult
1272 1436 1473 1487 Champoll.
1494 1436 1696 1487 l'Egypt.s.

1042 1494 1065 1531 l.
1090 1495 1192 1544 phar.
1223 1493 1240 1529 Ι
1272 1507 1309 1544 p.
1332 1493 1426 1535 285.
1472 1493 1506 1529 II
1536 1507 1573 1544 p.
1607 1493 1697 1535 142.

1043 1554 1136 1592 262.
1196 1550 1269 1593 Qui
1292 1550 1420 1587 altiora
1446 1554 1630 1587 sectantur
1662 1554 1699 1587 et

1042 1607 1250 1644 interiorem
1281 1607 1465 1654 quandam
1495 1606 1620 1643 harum
1642 1607 1699 1643 fa-

1042 1663 1206 1700 bularum
1245 1663 1421 1700 rationem
1457 1663 1579 1700 rimari
1619 1666 1697 1700 stu-

1044 1720 1156 1767 dent,
1193 1718 1341 1756 leenem
1370 1719 1495 1756 volunt
1514 1732 1594 1756 esse
1623 1721 1698 1769 spi-

1042 1777 1153 1813 ritum
1173 1776 1337 1813 universi.
1374 1775 1555 1825 Equidem
1575 1775 1696 1813 malim

1042 1846 1122 1870 cum
1144 1833 1328 1869 Creuzero
1343 1832 1504 1881 cogitare
1516 1832 1564 1869 de
1580 1832 1696 1870 Grae-

1042 1902 1166 1926 corum
1190 1888 1341 1925 Tithono
1360 1888 1453 1938 (quo
1474 1889 1554 1938 ipso
1573 1889 1611 1925 in
1628 1901 1698 1925 no-

1041 1947 1138 1983 mine
1161 1944 1344 1995 Aegyptia
1366 1945 1470 1982 radix
1494 1943 1649 1995 [Θῶν]“
1640 1958 1698 1982 ln-

1042 2016 1123 2040 esse
1159 2002 1355 2050 videatur)
1400 2001 1483 2039 Aes*
1459 2002 1697 2051 gyptiumque

1040 2059 1127 2095 inde
1156 2058 1305 2096 heroem
1336 2058 1383 2094 ad
1405 2058 1541 2095 solares
1561 2058 1697 2096 referre

1039 2115 1155 2153 deos
1146 2128 1184 2151 m
1204 2114 1375 2164 Aegypto
1395 2114 1462 2151 coli
1484 2113 1621 2151 solitos.

1236 2199 1267 2235 C
1278 2211 1299 2235 a
1307 2211 1344 2248 p.
1375 2196 1504 2234 CXIV.

1093 2280 1206 2333 γένος
1241 2279 1313 2332 μὲν
1349 2281 1545 2332 Τεῦκρος]
1599 2285 1692 2321 Τευ-

1039 2336 1130 2389 κρὸς
1152 2337 1357 2385 Schweigh.
1376 2341 1411 2375 et
1429 2338 1613 2375 Gaisford.
1627 2340 1692 2376 de-

1039 2395 1173 2432 derunt
1197 2407 1265 2445 pro
1292 2397 1325 2432 T
1323 2395 1464 2445 εὖκοος
1471 2408 1484 2441 ;
1515 2396 1693 2443 quemad-

1038 2452 1186 2488 modum
1224 2464 1304 2487 cum
1342 2452 1441 2501 apud
1476 2451 1690 2516 Euripidem

1038 2512 1148 2556 atque
1171 2507 1256 2544 alias
1277 2520 1422 2557 semper
1437 2508 1631 2565 scriptum
1636 2509 1690 2545 vi-

1038 2564 1177 2610 derim,
1215 2562 1266 2599 nil
1298 2564 1512 2601 mutandum
1553 2556 1689 2601 censui.

1040 2623 1162 2668 Atque
1182 2620 1289 2657 etiam
1308 2620 1344 2656 in
1369 2633 1473 2669 seqq.
1493 2619 1620 2669 reliqui
1637 2620 1689 2657 le-

1038 2677 1195 2713 ctionem
1217 2676 1424 2725 vulgatam,
1454 2676 1550 2713 libris
1580 2676 1688 2714 etiam

1038 2733 1177 2782 scriptis
1196 2732 1393 2770 firmatam:
1426 2731 1466 2779 ἐς
1482 2734 1558 2783 γῆν
1576 2728 1688 2771 ταύ-

1036 2803 1126 2839 την
1166 2785 1399 2839 ἀπενεχθεὶς
1423 2817 1435 2836 ,
1474 2789 1571 2825 cuius
1608 2789 1686 2825 loco

1034 2846 1134 2894 quod
1163 2846 1201 2882 in
1227 2845 1443 2896 nuperrimis
1469 2845 1686 2882 editionibus

1033 2902 1264 2940 substitutum
1295 2905 1371 2940 est:
1400 2897 1476 2952 τήν
1503 2897 1600 2952 σὴν,
1637 2901 1685 2938 ad
