1759 3324
35 483 114 510 lerit.

37 1508 119 1535 daut.

209 350 308 394 103
369 349 612 402 οἷνάλκιδεςζ

34 416 194 449 Quousque
211 423 242 441 m
251 414 314 441 Fu

36 457 138 483 ropam
157 457 240 476 anna
266 453 313 475 tu—

366 242 451 282 714
762 241 1232 281 HERODOTI

673 354 818 394 Ταῦτα
849 351 900 408 δὴ
931 351 1111 403 ποιέων,
1144 349 1298 407 διεξήϊε
1327 351 1406 408 τήν
1426 350 1687 408 ἤπειρον·1ο

370 431 414 483 ἐς
445 430 469 475 ὃ
498 431 544 474 ἐκ
571 434 646 486 τῆς
669 429 810 486 Ἀσίης
850 431 892 482 ἐς
928 431 1008 487 τήν
1037 430 1259 488 Εὐρώπην
1295 429 1473 486 διαβὰς,
1527 429 1631 482 τούς

340 519 413 555 Ξτε
444 510 628 561 Σκύθας
657 512 972 565 κατεστρέψατο
1003 511 1075 554 καὶ
1104 509 1208 561 τοὺς
1229 509 1430 566 Θρήϊκας.
1463 509 1504 561 ἐς
1526 509 1628 553 τού-

364 607 469 641 τους
507 588 552 633 δέ
591 606 666 644 μοι
696 590 835 632 δοκέει
864 591 938 633 καὶ
968 589 1021 633 οὐ
1052 588 1310 645 προσώτατα
1341 588 1574 633 ἀπικέσθαι
1605 588 1629 632 ὁ

366 668 604 724 Αἰγύπτιος
643 669 822 722 στρατός
833 683 841 691 ·

369 749 602 804 φαίνονται
641 752 864 790 σταθεῖσαι
900 749 946 790 αῖ
981 751 1151 802 στῆλαι·

901 669 946 712 ἐν
986 669 1064 724 μὲν
1103 668 1185 724 γὰρ
1225 673 1277 726 τῇ
1315 669 1482 712 τούτων
1510 666 1629 724 χώρῃ

1211 747 1260 791 τὸ
1295 747 1340 791 δὲ
1369 748 1629 804 προσωτέρω

339 826 566 878 3τούτων,
599 824 754 870 οὐκέτι.
785 826 987 869 ἐνθεῦτεν
1016 825 1062 869 δὲ
1091 825 1347 881 ἐπιστρέψας
1376 824 1514 870 ὀπίσω
1543 826 1685 883 ἥϊε·15

368 906 439 950 καὶ
469 905 559 948 ἐπεί
593 922 638 948 τε
669 905 833 960 ἐγένετο
864 905 930 948 ἐπὶ
964 905 1077 949 Φάσι
1106 908 1307 962 ποταμῷ,
1360 903 1441 949 οὐκ
1471 906 1551 961 ἔχω
1580 905 1629 949 τὸ

368 986 572 1029 ἐνθεῦτεν
612 983 825 1039 ἀτρεκέως
874 985 1026 1036 εἰπεῖν,
1084 985 1165 1027 εἴτε
1205 982 1337 1034 αὐτός
1375 984 1398 1026 ὁ
1430 983 1632 1040 βασιλεὺς

368 1064 613 1119 Σέσωστρις
643 1062 976 1118 ἀποδασάμενος
1014 1067 1089 1119 τῆς
1119 1063 1286 1107 ἑωυτοῦ
1317 1067 1519 1119 στρατιῆς
1548 1062 1628 1118 μό-

370 1161 468 1198 ριον
498 1143 606 1187 ὅσον
634 1143 710 1199 δή,
742 1142 880 1186 αὐτοῦ
899 1143 1095 1186 κατέλιπε
1124 1147 1198 1198 τῆς
1220 1142 1361 1199 χώρης
1381 1142 1629 1199 οἰκήτορας·

370 1226 453 1268 εἴτε
482 1228 570 1267 τῶν
599 1224 712 1274 τινὲς
742 1222 1038 1276 στρατιωτέων
1073 1226 1126 1279 τῇ
1156 1221 1299 1279 πλάνῃ
1331 1219 1471 1265 αὐτοῦ
1501 1220 1687 1278 οἰχθε-Ξο

517 1597 548 1634 c
560 1610 627 1647 ap.
670 1595 766 1634 0111.

378 1684 504 1721 ταῦτα
557 1678 607 1732 δή
653 1678 822 1730 ποιέων]
866 1677 915 1731 δή
945 1693 967 1717 a

310 1739 515 1788 Schweigh.
539 1743 575 1776 et
588 1738 773 1774 Gaisford.
793 1737 966 1774 librorum

311 1796 539 1845 quorundam
554 1807 597 1832 ex
616 1793 829 1831 auctoritate
847 1797 967 1830 muta-

311 1858 387 1890 tum
422 1856 477 1889 est
505 1852 543 1887 in
569 1849 632 1899 65,-
663 1851 740 1888 sine
766 1863 897 1897 causa,
929 1854 966 1886 ut

311 1909 480 1959 equidem
496 1908 676 1946 existimo.

369 1978 436 2017 καὶ
458 1975 505 2018 ου’
524 1974 778 2030 προσώτατα]
812 1973 869 2017 ου’
885 1990 964 2015 cum

312 2037 406 2072 absit
421 2049 443 2072 a
462 2036 603 2072 duobus
621 2035 726 2071 codd.
742 2064 753 2082 ‚
783 2035 965 2072 eiecerunt

312 2091 514 2139 Schweigh.
544 2095 580 2128 et
608 2091 725 2127 Gaisf.
783 2091 964 2139 Equidem

312 2147 525 2197 particulam
562 2147 788 2184 retinendam
830 2146 964 2184 censui.

314 2203 531 2309 ἓιίίὶεὲἰφιᾶ
553 2204 646 2239 conf.
664 2202 794 2239 Matth.
810 2203 876 2240 Gr.
899 2202 965 2238 Gr.

402 2262 425 2299 6

372 2323 691 2394 ἀποδασάμενος
716 2330 788 2378 τῆς
818 2326 969 2366 ἑωυτοῦ

317 2388 500 2436 στρατιῆς
514 2382 651 2435 μόριον
670 2379 764 2423 ὅσον
786 2381 851 2434 δη]
872 2385 968 2420 Seri-

314 2443 371 2492 psi
392 2455 470 2478 cum
493 2446 642 2479 recentt.
665 2442 851 2478 seiunctim
871 2436 966 2479 όσον

315 2494 380 2548 δή.
449 2498 568 2546 Vulgo
607 2498 832 2534 coniunctim.
904 2496 965 2533 Tu

315 2554 465 2601 conf.,I
491 2557 568 2595 160
588 2554 673 2603 ibiq.
691 2559 781 2590 nott.
802 2547 965 2591 -εἷπο-

315 2606 536 2661 δασαμενος
567 2614 638 2647 est:
677 2610 739 2646 uba*
761 2609 965 2656 ‹lz'‚uulserat

315 2669 515 2704 seiunxerat
532 2680 554 2703 a
567 2666 697 2715 reliquo
715 2669 867 2703 exercita
882 2679 965 2715 par-

316 2728 381 2760 tem
419 2723 696 2773 qualemcunque.
761 2723 967 2760 Memoran-

317 2785 374 2818 tur
409 2780 614 2817 Phocenses
653 2774 898 2827 α’ποδοὲσμιοι
940 2778 967 2825 Ι,

320 2836 423 2884 146,
449 2837 510 2872 ubi
528 2837 622 2872 conf.
644 2840 734 2872 nott.
773 2835 831 2872 Ad
851 2836 966 2884 ipsam

319 2893 496 2930 Herodoti
522 2892 764 2929 narrationem
790 2892 875 2929 facit
894 2891 966 2928 Va-

370 1400 441 1427 ται
469 1383 548 1439 μὲν
585 1381 668 1438 γὰρ
709 1380 851 1433 ἐόντες
895 1383 938 1425 οἱ
966 1380 1128 1438 Κόλχοι
1159 1379 1410 1437 Αἰγύπτιοι·

207 1308 307 1353 104
365 1303 563 1356 σθέντες,
594 1302 693 1356 περὶ
725 1301 866 1345 Φάσιν
895 1301 1093 1356 ποταμὸν
1122 1301 1390 1355 κατέμειναν.
1436 1303 1629 1346 Φαίνον-

38 1373 141 1400 Colchi
159 1373 195 1400 ab
221 1374 313 1407 λείη·

35 1408 105 1441 ptiis
166 1407 285 1433 oriundi
305 1416 312 1433 :

37 1449 114 1475 quae
139 1446 243 1480 ς6111111>
271 1440 316 1466 xi—

36 1483 60 1500 11
55 1475 105 1500 ilia
160 1473 315 1501 circumci-

1469 1380 1632 1438 νοήσας

1035 1596 1141 1633 lerius
1170 1596 1321 1633 Flaccus
1349 1594 1487 1645 Argon.
1511 1595 1568 1643 V,
1603 1594 1686 1636 418

1036 1666 1152 1701 seqq,
1181 1653 1241 1689 ubi
1259 1653 1354 1690 canit
1371 1653 1568 1700 Sesostrin,
1582 1652 1685 1689 Getis

1035 1709 1169 1746 bellum
1204 1710 1418 1747 inferentem
1438 1738 1448 1756 ‚
1503 1709 1686 1759 repulsam

1037 1765 1185 1811 tulisse3
1215 1778 1324 1814 quam
1349 1766 1502 1803 eandem
1531 1766 1567 1802 in
1600 1765 1688 1802 Col-

1036 1822 1109 1859 chis
1128 1823 1207 1870 regi
1218 1822 1400 1872 Aegyptio
1421 1822 1599 1859 accidisse
1614 1826 1688 1858 tra-

1036 1879 1089 1915 dit
1114 1879 1249 1916 Plinius
1280 1879 1315 1915 h.
1343 1892 1379 1915 n.
1404 1878 1589 1924 XXXIII,
1623 1879 1688 1924 13,

1033 1939 1204 1972 monente
1221 1934 1444 1984 IVesseling.
1470 1936 1518 1972 ad
1536 1935 1688 1973 Diodor.

1031 1990 1072 2040 Ι,
1101 1992 1167 2033 55.

1241 2074 1353 2126 Cap.
1386 2074 1482 2113 CIV.

1090 2158 1302 2209 φαίνονται
1341 2156 1412 2209 μὲν
1446 2155 1519 2211 γάρ
1554 2153 1689 2205 ἐόντες

1036 2215 1076 2254 οἷ
1095 2211 1240 2265 Κόλχοι
1259 2211 1485 2265 Αἰγύπτιοι]
1509 2215 1574 2260 115,
1592 2227 1688 2263 quae

1036 2285 1079 2309 ex
1109 2271 1264 2308 Theone
1295 2272 1382 2307 citat
1411 2271 1688 2319 Wesselingius‚

1036 2327 1238 2376 Schweigh.
1257 2327 1359 2363 addit
1377 2326 1543 2377 Apollon.
1564 2327 1685 2364 Rhod.

1035 2383 1172 2432 Argon·
1211 2383 1272 2429 lV,
1294 2387 1375 2424 272
1403 2397 1529 2433 seqq„
1559 2384 1619 2420 ubi
1649 2385 1687 2421 in

1038 2439 1178 2477 scholiis
1236 2439 1403 2476 laudatur
1458 2441 1684 2477 Herodotus.

1033 2495 1243 2545 Disputavit
1264 2496 1309 2532 de
1330 2495 1396 2533 hac
1422 2495 1685 2546 Aegyptiorum

1034 2552 1173 2588 colonia
1208 2552 1245 2587 in
1274 2552 1447 2589 Colchide
1481 2554 1685 2591 Heerenius

1034 2608 1146 2645 Ideen
1172 2607 1210 2654 Ι,
1236 2610 1257 2647 1
1288 2620 1371 2657 pag.
1392 2609 1473 2650 405
1495 2614 1571 2646 1101.
1594 2623 1686 2659 seq.,

1034 2677 1114 2701 eam
1133 2670 1300 2714 repetens
1321 2678 1363 2701 ex
1380 2665 1440 2701 illo
1460 2666 1684 2703 orientalium

1035 2733 1155 2767 more,
1187 2732 1259 2768 quo
1291 2725 1421 2769 gentes
1443 2723 1553 2758 victas
1573 2735 1684 2772 saepe

1034 2778 1194 2824 integras
1216 2777 1253 2812 in
1283 2777 1370 2813 alias
1390 2791 1537 2827 prorsus
1565 2780 1685 2827 regio-

1034 2846 1099 2869 1165
1120 2834 1356 2869 transducant
1380 2834 1532 2883 aliisque
1555 2835 1591 2870 in
1611 2839 1684 2871 161·-

1034 2890 1083 2926 ris
1112 2901 1224 2926 novas
1248 2889 1315 2927 illis
1351 2891 1456 2929 sedes
1485 2892 1681 2940 assignent.
