1759 3324
631 261 938 302 cL10.1.

1335 263 1418 303 331

161 375 405 433 Κολοφών,
450 373 662 431 Λέβεδος,
711 371 854 424 Τέως,
890 369 1186 428 Κλαζομεναὶ,
1224 367 1420 415 Φώκαια.

104 553 134 591 si
145 564 229 590 vera
243 553 344 597 sunt,
363 548 511 589 evidens
529 552 586 586 est
604 546 751 585 Andro-

103 609 220 656 clum,
249 606 362 644 Codri
383 605 516 652 filium,
545 605 607 654 qui
624 604 753 641 Ionum

102 663 279 703 coloniam
305 661 492 713 Ephesum
522 661 669 700 duxisse
695 661 753 698 di-

101 721 211 767 citur,
236 718 274 756 id
301 718 422 769 potius
447 717 600 766 fecisse,
629 721 669 755 ut
697 717 755 754 in-

102 776 242 826 digenis
255 775 375 813 eiectis
389 804 400 823 ‚
429 787 555 812 eorum
573 775 679 813 sedes
689 787 752 812 co-

99 833 190 871 lonis
220 831 292 869 suis
314 832 529 880 assignaret.
577 830 658 870 Nec
687 831 752 868 ali-

99 895 155 928 ter
171 890 249 927 fere
271 888 319 926 de
341 888 533 938 Colophone
560 888 686 925 statuit
699 887 753 925 vir

99 945 328 985 doctissimus
348 945 390 994 (Ι.
411 945 434 981 l.
454 959 491 996 p.
509 945 597 994 90),
616 945 754 995 quippe

99 1015 173 1054 quo
191 1002 319 1040 Ionum
347 1001 466 1040 coloni
487 1003 642 1052 profecti
662 1001 755 1039 Cre-

98 1064 222 1098 tenses
249 1059 287 1095 in
312 1058 368 1096 his
406 1058 617 1108 regionibus
651 1057 755 1095 habi-

98 1119 220 1154 tantes
242 1115 423 1153 eiecerint.
459 1115 510 1151 Et
529 1114 578 1151 illi
599 1113 668 1165 ipsi
694 1113 756 1151 Io-

100 1185 167 1211 nes
185 1171 312 1210 Mileto
342 1171 481 1221 egressi
503 1171 672 1209 videntur
695 1170 753 1207 in-

102 1229 224 1279 deque
242 1227 435 1278 Colophon
457 1240 526 1279 pro
547 1227 664 1266 Mileti
694 1239 756 1264 co-

101 1285 199 1323 lonia
226 1283 407 1322 habenda.
465 1283 640 1322 Lebedum
668 1283 755 1321 olim

102 1342 217 1380 Cares
243 1341 404 1379 tenuisse
439 1341 624 1388 videntur3
661 1353 755 1390 quos

101 1398 192 1436 alius
231 1397 378 1447 quidam
415 1397 529 1435 Codri
551 1397 643 1434 filius
671 1397 756 1434 hinc

100 1455 206 1493 eiecit
225 1453 405 1504 Ionesque
422 1467 506 1492 suos
523 1453 671 1492 colonos
691 1466 755 1492 eo·-

100 1523 179 1548 rum
201 1510 240 1548 in
270 1509 350 1548 loco
380 1510 578 1549 collocavit.
614 1510 755 1559 Viginti

100 1567 220 1606 stadia
255 1566 367 1604 distat
402 1571 480 1605 tum
515 1580 538 1605 a
577 1566 755 1606 Teiorum

99 1624 209 1671 urbe,
236 1626 314 1660 tum
334 1635 358 1661 a
376 1624 603 1675 Colophone.
652 1622 754 1671 Teos,

102 1692 199 1730 quae
215 1679 315 1730 prius
341 1679 388 1717 ab
413 1679 590 1719 Aeolibus
608 1680 754 1718 condita

101 1735 331 1788 perhibetur,
358 1740 445 1786 post
462 1738 607 1775 demum
625 1736 755 1774 Ionum

101 1792 284 1843 recepisse
308 1793 438 1830 dicitur
466 1793 668 1841 coloniam,
707 1794 754 1830 ab

100 1849 173 1887 alio
193 1849 352 1898 quodam
372 1849 486 1887 Codri
507 1850 580 1887 filio
599 1850 669 1887 huc
689 1850 755 1888 de-

101 1906 267 1950 ductam3
297 1909 334 1944 et
347 1905 385 1943 in
415 1919 495 1945 eam
514 1907 666 1945 cessisse
697 1907 753 1944 di-

99 1966 227 2000 cuntur
244 1961 394 2011 Minyae
418 1963 478 2000 isti
505 1963 752 2011 Orchomenii,

103 2031 196 2069 quos
223 2017 352 2056 Ionum
385 2020 610 2070 expeditioni
640 2020 754 2057 inter-

100 2075 212 2114 fuisse
223 2075 303 2126 ipse
313 2074 451 2113 Noster
471 2077 606 2115 indicat
617 2075 646 2126 I,
660 2077 752 2118 146.

100 2131 209 2170 Conf.
227 2131 346 2170 Raoul
359 2132 564 2172 -Rochette
582 2133 604 2171 l.
615 2133 637 2170 l.
648 2147 686 2184 p.
698 2136 748 2175 91

101 2193 139 2226 et
155 2189 200 2226 C.
219 2188 267 2226 O.
288 2188 428 2227 Miiller.
447 2191 485 2227 in
501 2190 752 2228 Orchomenos

100 2257 187 2297 pag·
207 2247 301 2288 399.
320 2246 415 2288 400.
445 2245 555 2285 Nunc
573 2247 671 2284 vicus
690 2247 754 2295 ibi,

101 2302 158 2339 cui
183 2314 319 2341 nomen
348 2302 472 2353 Sz‘gesz'
507 2303 566 2342 vel
593 2303 754 2351 Bodrzm,

103 2361 142 2394 ut
157 2357 219 2396 alii
241 2359 376 2397 dicunt.
416 2360 526 2398 conf.
551 2360 683 2411 Poppo
705 2361 753 2398 ad

103 2413 307 2465 Thucydid.
339 2415 377 2465 I,
407 2420 434 2458 2
462 2430 549 2468 pag.
572 2417 667 2459 459.
701 2438 749 2446 --

106 2469 331 2510 Clazomenae
359 2486 434 2511 non
460 2474 590 2512 eadem
620 2478 754 2522 aetate,

105 2538 178 2576 qua
194 2528 353 2579 reliquae
372 2529 500 2568 Ionum
518 2531 625 2568 urbes
637 2560 648 2579 ,
669 2543 756 2568 con-

106 2582 205 2622 ditae
228 2590 333 2633 sunt,
369 2587 434 2625 sed
466 2592 618 2638 postea,
654 2587 757 2626 duci-

107 2637 174 2676 bus
198 2639 433 2693 Colophoniis
461 2644 665 2690 nonnullis3
704 2645 757 2681 ita

104 2696 147 2730 ut
162 2694 386 2749 Colophonis
403 2699 543 2737 colonia
563 2701 758 2738 existimari

107 2754 228 2798 queat.
282 2755 390 2793 Conf.
418 2755 562 2793 Raoul-
577 2757 757 2795 Rochette

108 2805 160 2843 111
189 2819 272 2857 pag.
293 2812 358 2852 93.
418 2811 583 2850 Phocaea
610 2827 758 2863 quoque

108 2864 308 2911 posteriore
326 2871 490 2917 tempore
511 2871 659 2907 condita
675 2884 757 2909 esse

108 2917 335 2969 perhibetur,
373 2924 513 2963 colonia
558 2925 756 2965 Athenien-

821 546 912 585 sium
932 545 1016 584 illuc
1025 546 1204 593 deducta3
1224 545 1373 584 cuicum
1384 545 1477 583 mul-

819 605 848 643 ti
878 617 1026 654 quoque
1050 603 1280 642 interfuerint
1304 602 1476 639 Phocidis
1543 642 1545 644 ,

819 665 940 700 terrae
955 660 1119 709 incolae,
1148 660 1236 698 inde
1262 671 1396 696 nomen
1418 671 1478 695 ur-

822 718 877 756 bis
908 716 1146 755 derivandum
1174 730 1255 755 esse
1280 714 1478 767 probabili-

818 778 876 813 ter
904 777 1077 812 statuunt.
1124 773 1255 821 confi,
1281 785 1330 810 ne
1359 771 1478 823 plura,

821 830 940 869 Raoul
962 853 981 859 -
999 830 1182 869 Rochette
1216 829 1269 867 III
1298 841 1386 879 pag.
1411 827 1478 870 94.

820 887 932 926 Nunc
962 887 1039 925 eius
1066 899 1201 925 nomen
1230 885 1364 923 Palaeo
1385 884 1478 923 Foz'a

822 958 851 982 s.
873 943 1053 993 Phoggz'a.
1094 943 1217 993 Atque
1239 943 1334 980 infra
1352 941 1381 991 l,
1396 944 1478 983 146

820 1001 1028 1038 Phocenses
1062 998 1261 1049 (Φωκέες)
1291 999 1416 1037 itidem
1439 999 1478 1036 in

820 1058 864 1096 iis
894 1058 1084 1105 dicuntur,
1130 1057 1193 1107 qui
1219 1069 1299 1094 cum
1328 1055 1477 1093 Ionibus

821 1114 859 1152 in
878 1112 1003 1151 Asiam
1022 1113 1128 1151 simul
1143 1112 1395 1162 immigrarint.
1416 1112 1478 1151 De

823 1171 937 1209 ternis
959 1170 1107 1220 reliquis
1130 1170 1352 1217 civitatibus,
1382 1181 1478 1219 quae

822 1228 872 1266 ad
893 1227 1021 1265 Ionum
1056 1226 1186 1265 foedus
1224 1226 1477 1276 pertinuerint,

822 1296 940 1335 pauca
959 1296 1029 1322 nec
1048 1296 1092 1321 ea
1111 1283 1200 1320 satis
1220 1282 1399 1333 disposita
1416 1294 1476 1319 se-

824 1353 978 1390 cumque
993 1339 1253 1378 concordantia
1268 1338 1368 1388 apud
1390 1337 1478 1376 scri-
1534 1376 1539 1383 ¹

821 1401 946 1449 ptores
982 1397 1152 1446 antiquos
1175 1396 1427 1447 reperiuntur3
1456 1407 1478 1432 e

822 1453 953 1504 quibus
981 1453 1050 1491 hoc
1079 1453 1224 1491 efficere
1243 1451 1382 1489 studuit
1399 1451 1478 1488 Ra-

822 1509 1099 1548 oul-Rochette
1115 1508 1138 1546 l.
1157 1508 1181 1546 l.
1202 1521 1289 1559 pag.
1307 1508 1361 1549 95
1372 1520 1476 1556 seqq.

825 1566 950 1606 Chium
979 1570 1091 1617 atque
1119 1565 1302 1617 Erythras
1333 1565 1380 1602 ab
1405 1576 1479 1601 una

823 1625 1027 1674 eademque
1065 1623 1206 1661 col‹,¹.1ia
1233 1622 1399 1660 conditas
1424 1621 1479 1657 vi-

823 1680 925 1728 deri,
952 1681 1166 1731 praesertim
1191 1692 1272 1716 cum
1299 1691 1368 1729 par
1385 1690 1480 1728 quo-

823 1749 896 1787 que
915 1736 1024 1774 fuerit
1045 1750 1170 1774 eorum
1190 1736 1326 1784 lingua.

884 1788 1074 1844 Φώκαια]
1097 1793 1306 1844 Stephanus
1324 1792 1415 1840 Byz.
1432 1792 1480 1829 de

822 1849 890 1887 hac
909 1851 1052 1888 civitate
1078 1849 1231 1899 loquens
1253 1852 1291 1886 et
1305 1848 1480 1886 Herodo-

821 1911 899 1944 tum
919 1906 1009 1944 libro
1037 1907 1156 1957 primo
1185 1909 1317 1944 testem
1350 1905 1478 1952 citans,

820 1967 946 2001 monet
992 1963 1067 2000 dici
1099 1976 1247 2013 quoque
1299 1963 1479 2011 Φωκαίῃ.

819 2019 943 2070 Atque
974 2020 1025 2057 sic
1048 2020 1240 2070 Φωκαίην
1260 2019 1420 2068 reperies
1450 2018 1480 2065 Ι,

822 2078 889 2118 80.
904 2077 1001 2123 1643
1028 2077 1207 2115 sedidem
1227 2075 1368 2113 Noster
1390 2070 1480 2113 Φώ-

821 2148 940 2173 καιαν
961 2134 1008 2181 ΙΙ,
1027 2136 1118 2175 106.
1146 2128 1315 2172 Φώκαια
1326 2132 1373 2179 Il,
1387 2133 1480 2173 178·

822 2191 934 2229 Unde
956 2191 1072 2228 nostri
1093 2190 1163 2228 loci
1186 2190 1293 2228 lectio
1323 2188 1411 2226 satis
1441 2202 1482 2226 se

821 2248 993 2285 tuebitur.
1050 2247 1110 2285 De
1153 2260 1198 2285 eo
1238 2259 1334 2284 nunc
1369 2245 1481 2283 nolim

821 2317 994 2352 monere,
1025 2305 1125 2355 quod
1143 2305 1272 2342 eadem
1294 2303 1380 2340 urbs
1401 2302 1482 2340 He-

821 2361 948 2398 raclidi
969 2361 1122 2399 Pontico
1144 2359 1181 2412 §.
1205 2361 1282 2407 34,
1311 2363 1352 2396 ut
1378 2362 1482 2396 notat

825 2417 856 2456 C
863 2431 891 2454 r.
904 2447 915 2466 ‚
944 2418 1074 2455 dicitur
1095 2416 1238 2456 Φωκέα
1251 2446 1262 2465 ,
1292 2417 1393 2466 quod
1412 2429 1481 2452 no-

822 2487 908 2513 men
926 2475 975 2512 de
985 2474 1130 2512 Graeca
1143 2474 1242 2512 terra
1258 2474 1363 2510 unice
1375 2486 1482 2510 usur-

822 2531 904 2582 pari
924 2529 1034 2580 vulgo
1057 2531 1304 2577 contendunt,
1334 2534 1374 2567 ut
1394 2524 1483 2567 ‘Dm'-

823 2603 918 2627 καια
927 2588 975 2625 de
985 2587 1096 2626 Asiae
1114 2588 1205 2625 urbe
1223 2586 1357 2624 Ionica.
1383 2586 1483 2623 Scri-

822 2650 969 2696 pturam
994 2644 1103 2682 istam
1134 2644 1234 2695 apud
1249 2643 1482 2681 Heraclidem

824 2702 911 2739 satis
938 2701 1031 2739 tueri
1058 2702 1180 2739 studet
1199 2699 1350 2738 Koeler.
1381 2700 1431 2737 ad
1445 2699 1480 2736 h.

824 2759 848 2795 l.
872 2771 959 2809 pag.
976 2760 1053 2806 86,
1092 2758 1149 2795 cui
1179 2756 1283 2794 addit
1307 2756 1480 2793 Creuzer.

824 2814 1038 2865 Spanhemii
1066 2815 1241 2865 disputat.
1271 2813 1309 2849 in
1348 2812 1483 2860 Begeri

825 2870 862 2908 T
864 2871 1006 2908 hesaur.
1025 2871 1307 2918 Brandenburg.
1319 2869 1335 2905 Ι
1348 2882 1383 2918 p.
1399 2867 1481 2909 495

827 2931 865 2966 et
907 2928 943 2964 in
991 2927 1127 2965 notatis
1174 2927 1222 2963 ad
1269 2924 1480 2963 Callimachi
