1768 3315
595 240 811 279 CLIO.
871 240 897 278 Ι.

118 374 198 402 του
233 354 398 400 κύκλου
435 353 479 396 οἱ
515 349 820 406 προμαχεῶνες
861 350 942 393 εἶσι
981 351 1151 393 λευκοί·

1293 243 1379 283 253

1211 354 1292 394 τοῦ
1329 351 1377 395 δὲ

119 436 345 489 δευτέρου,
384 430 585 487 μέλανες·
641 431 791 483 τρίτου
822 429 867 472 δὲ
906 427 1093 481 κύκλου,
1132 431 1374 484 φοινίκεοι·

117 513 323 568 τετάρτου
353 510 421 560 δὲ,
464 507 662 552 κυάνεοι·
714 509 913 564 πέμπτου
940 508 1008 560 δὲ,
1041 508 1373 564 σανδαράκινοι.

90 593 233 638 9οὕτω
270 589 447 634 πάντων
489 590 579 630 τῶν
615 585 790 631 κύκλων
831 590 874 630 οἱ
910 592 1214 643 προμαχεῶνες
1251 587 1377 645 ἠνθι-

116 670 264 727 σμένοι
291 669 372 713 εἰσὶ
402 665 686 723 φαρμάκοισι.
745 664 827 710 δύο
859 667 904 710 δὲ
945 668 989 710 οἵ
1024 670 1263 711 τελευταῖοί
1292 671 1374 712 εἰσι
1387 676 1431 711 65

117 749 141 794 ὁ
168 750 246 806 μὲν
277 745 717 802 καταργυρωμένους,
767 744 791 790 ὁ
823 745 870 791 δὲ
908 747 1375 804 κατακεχρυσωμένους

114 830 224 886 ἔχων
251 827 355 879 τούς
382 829 703 883 προμαχεῶνας.

57 1050 131 1088 qua
152 1038 246 1074 infra
278 1037 326 1073 ad
355 1034 395 1082 I,
422 1036 514 1076 121.
574 1035 708 1073 Caete-

56 1107 136 1131 rum
163 1094 200 1130 in
225 1091 444 1130 declarando
473 1090 571 1128 urbis
598 1090 708 1128 Athe-

57 1163 184 1187 narum
201 1150 338 1186 ambitu
359 1162 432 1184 non
452 1161 601 1198 prorsus
621 1160 708 1184 con-

58 1207 218 1244 sentiunt
237 1210 376 1243 veteres
396 1205 604 1254 scriptoreS,
616 1217 708 1252 quo-

57 1276 138 1300 rum
157 1262 256 1299 locos
275 1262 411 1298 dudum
430 1260 571 1308 collegit
583 1260 709 1297 Meur-

58 1319 132 1355 sius
154 1317 270 1356 Lectt.
294 1317 367 1354 Att.
389 1316 426 1364 Ι,
450 1320 472 1357 1
491 1316 569 1352 coll.
586 1315 706 1363 lII,4.

58 1373 288 1412 Accuratiora
303 1386 399 1410 nunc
419 1373 563 1409 edocuit
582 1372 705 1410 Kruse

57 1430 201 1479 (Hellas
218 1430 253 1466 ΙΙ
267 1459 277 1477 ,
295 1433 322 1471 2
351 1441 436 1479 pag.
459 1428 559 1477 158)
600 1428 705 1464 Thu-

55 1486 193 1535 cydidis
200 1486 394 1536 praecipue
414 1485 585 1523 insistens
602 1485 706 1522 testi-

56 1542 178 1580 monio
205 1541 261 1589 II,
290 1543 365 1589 13,
403 1545 514 1590 atque
539 1541 705 1589 Dionysii

55 1598 300 1636 Halicarnass.
344 1596 521 1647 (Antiqq.
557 1598 703 1635 Romm.

55 1654 119 1702 IV,
144 1656 206 1695 13.
243 1653 319 1701 IX,
338 1655 445 1702 68),
483 1667 555 1703 quo
581 1667 705 1691 verum

55 1711 230 1749 ambitum
251 1711 364 1748 fuisse
383 1714 516 1747 centum
537 1714 706 1759 sexagin—

56 1770 96 1804 ta
125 1768 324 1804 stadiorum
360 1767 548 1805 evinceret.
606 1767 705 1805 Nam

56 1836 100 1861 ex
128 1822 344 1872 Thucydide
378 1827 512 1860 centum
549 1824 703 1873 quadra-

54 1881 158 1929 ginta
187 1883 262 1916 octo
287 1880 400 1917 fuisse
429 1879 630 1928 colligitur,
660 1894 704 1918 ex

53 1936 231 1984 Dionysio
247 1940 381 1973 centum
396 1939 584 1984 sexaginta
606 1941 702 1981 octo,-

55 2004 78 2029 a
97 1993 228 2042 quibus
248 1993 406 2030 numeris
438 1993 565 2042 reliqui
584 1995 702 2043 magis

53 2049 216 2087 minusve
254 2050 439 2087 recedunt.
512 2050 606 2087 Utut
633 2056 702 2099 est,

54 2105 242 2143 confirmat
257 2105 439 2143 Herodoti
454 2107 700 2146 testimonium

52 2161 237 2200 Diodorus
257 2161 420 2210 Siculus,
450 2163 578 2212 XVII,
606 2167 698 2212 110,

53 2218 116 2267 qui
141 2217 312 2256 ambitum
330 2218 599 2257 Ecbatanorum
623 2225 700 2258 sta-

52 2274 124 2311 diis
143 2277 277 2312 centum
296 2278 555 2326 quinquaginta
579 2278 702 2315 absol-

108 2385 238 2439 τρίτου
262 2385 306 2428 δὲ
329 2383 499 2441 κύκλου]
530 2390 572 2428 In
591 2391 647 2428 his
666 2395 702 2430 et

19 2459 21 2464 ¹
53 2454 158 2492 seqq.
175 2445 346 2483 omissum
373 2447 475 2484 vides
503 2449 702 2496 articulum,

55 2508 163 2547 quem
189 2501 227 2538 in
253 2503 549 2540 antecedentibus
580 2504 659 2552 (το
675 2507 703 2544 ὖ

55 2552 298 2607 Ἢπρώτου,
328 2559 701 2612 τοῦ-δευτέρου)

57 2609 218 2649 additum
253 2614 464 2653 invenimus.
529 2617 605 2655 Sed
643 2618 703 2655 alii

57 2677 202 2715 quoque
228 2669 280 2706 ita
305 2671 444 2710 variare
484 2673 624 2721 solent,
663 2678 705 2711 ut

57 2723 297 2762 numeralibus
314 2729 422 2764 modo
450 2729 588 2767 addant
616 2731 704 2767 arti-

58 2776 194 2825 culum,
229 2783 338 2819 modo
363 2784 540 2822 omittant.
615 2786 700 2825 Vid.

57 2831 189 2871 Matth.
210 2833 245 2885 ς.
268 2838 372 2885 264,
393 2841 420 2880 3
440 2854 525 2890 pag.
536 2841 630 2883 541,
646 2841 708 2871 -·

57 2887 101 2925 In
111 2901 213 2940 seqq.
228 2893 432 2944 scripsimus
451 2910 532 2936 cum
551 2903 701 2937 recentt.

776 1029 1102 1086 σανδαράκινοι,
1136 1039 1287 1073 accentu
1316 1039 1429 1074 retra-

777 1096 858 1138 cto,
900 1104 1007 1140 quem
1035 1092 1072 1128 in
1103 1096 1263 1129 extrema
1291 1093 1430 1141 syllaba

776 1148 935 1185 editores
953 1149 1094 1197 priores
1110 1149 1196 1185 inde
1217 1150 1262 1185 ab
1282 1149 1331 1185 H.
1345 1151 1429 1187 Ste—

774 1204 895 1254 phano
937 1207 1148 1253 posuerant.
1214 1205 1430 1254 Intelligitur

775 1265 896 1297 autem
917 1261 1085 1296 subrufus
1104 1260 1163 1298 ille
1190 1261 1310 1308 color,
1338 1275 1429 1310 qua-

773 1315 817 1352 lis
852 1320 908 1354 est
937 1317 1179 1365 sandaracae,
1209 1317 1427 1355 sandarach-

773 1372 861 1409 roth.
880 1368 884 1372 ’
903 1372 1001 1410 Nam
1022 1374 1225 1411 sandaraca
1242 1375 1337 1412 idem
1356 1379 1426 1422 est,

773 1429 874 1478 quod
912 1429 1019 1478 vulgo
1063 1430 1268 1480 appellant:
1314 1432 1429 1468 rother

775 1485 1134 1535 Scliwesel-Arsem'lr
1164 1500 1193 1523 s.
1216 1487 1426 1525 Arsenz‘lrra-

773 1542 831 1579 bin
843 1572 854 1589 ,
884 1547 919 1579 et
938 1556 1031 1591 quae
1050 1542 1118 1580 alia
1132 1548 1276 1581 exstant
1290 1558 1428 1594 cogno-

772 1600 869 1636 mina
881 1628 891 1645 ,
923 1600 969 1636 de
986 1600 1116 1648 quibus
1131 1601 1201 1637 vid.
1213 1600 1425 1640 Leonhard.

773 1656 811 1692 in
861 1656 1154 1704 Oryctognosiae
1208 1659 1426 1708 compendio

773 1712 870 1749 Sect.
895 1713 945 1754 15
970 1713 1229 1762 S.v.Realgar.
1241 1727 1328 1765 pag.
1344 1718 1426 1757 166

772 1781 853 1818 seq.

827 1820 1068 1876 ἠνθισμένοι
1106 1824 1183 1866 εἶσὶ
1212 1842 1242 1877 φ
1255 1843 1279 1866 α
1289 1842 1310 1879 ρ
1323 1844 1349 1879 μ
1363 1823 1388 1867 οἱ
1401 1850 1426 1857 -

771 1897 795 1920 κ
808 1896 851 1921 οι
867 1893 888 1919 σ
901 1879 940 1931 ι]
973 1877 1166 1934 φάρμακα
1187 1885 1233 1922 de
1253 1885 1426 1922 coloribus

772 1939 861 1985 dici,
893 1951 935 1974 ex
956 1938 1025 1975 hoc
1052 1940 1136 1988 ipso
1158 1940 1236 1978 loco
1252 1943 1426 1980 admonet

772 1995 936 2032 Thomas
946 1994 1096 2044 Magist.
1119 2010 1149 2033 s.
1166 2010 1199 2034 v.
1221 2011 1307 2047 pag.
1329 1998 1423 2040 885.

770 2051 902 2099 „A‹ld.
930 2051 1081 2088 Suidam
1112 2067 1140 2090 s.
1162 2067 1195 2090 v.
1223 2054 1423 2093 Philemon.

769 2108 985 2145 Grammatt.
1008 2121 1093 2158 pag.
1122 2111 1241 2151 180.“
1272 2112 1338 2149 Cr.

824 2160 898 2203 δύο
912 2161 954 2203 δὲ
965 2164 1227 2206 οἷτελευταῖοί
1238 2166 1343 2209 εἰσιό
1353 2166 1425 2220 μὲν

770 2235 806 2260 κ.
827 2236 858 2260 τ.
881 2219 930 2272 λ.]
960 2221 1016 2258 Ita
1034 2224 1263 2273 scripsimus,
1291 2226 1423 2264 reiecta

768 2291 920 2329 prorsus
948 2279 1203 2328 distinctione,
1232 2294 1341 2331 quam
1365 2283 1424 2320 alii

771 2339 858 2385 post
877 2333 952 2374 εἰσὶ
968 2363 979 2383 ,
1010 2336 1069 2373 alii
1091 2341 1176 2375 ante
1201 2337 1277 2376 εἰσὶ
1306 2352 1424 2390 pone-

772 2391 882 2440 bant,
911 2397 1061 2430 accentu
1075 2394 1201 2431 addito
1232 2394 1316 2433 huic
1341 2409 1424 2434 ver-

770 2447 831 2485 bo.
853 2469 911 2476 —-
942 2449 1003 2486 Ad
1021 2455 1276 2499 argumentum
1296 2454 1420 2490 verbb.

772 2502 792 2544 ὅ
813 2502 885 2555 μὲν
900 2506 1421 2559 καταργυρωμένους,

771 2559 792 2601 ὁ
808 2559 850 2600 δὲ
877 2563 1298 2615 κατακεχρυσωμένους
1323 2565 1423 2617 ἔχων

769 2615 864 2664 τούς
885 2623 1169 2671 προμαχεῶνας
1190 2623 1283 2659 conf.
1310 2622 1422 2672 Poly-

771 2675 821 2712 bii
842 2675 959 2712 locum
980 2690 1092 2727 supra
1120 2678 1316 2716 laudatum.
1341 2680 1422 2728 „Ae

772 2731 1004 2782 splendorem
1037 2734 1332 2784 opulentiamque
1352 2737 1420 2773 hu-

771 2788 827 2824 ius
846 2788 945 2826 sedis
965 2790 1089 2838 regiae
1117 2791 1297 2828 collaudat
1328 2805 1421 2841 quo-

771 2856 844 2893 que
862 2844 999 2882 Auctor
1015 2846 1097 2883 libri
1112 2848 1159 2884 de
1167 2848 1304 2884 mundo
1322 2862 1377 2898 cp.
1392 2851 1419 2889 6

769 2913 807 2951 p.
829 2903 911 2942 216
933 2903 992 2940 ed.
1010 2901 1155 2954 Kapp.3
1196 2903 1312 2941 simile
1332 2917 1418 2941 vero
