1777 3324
68 683 162 709 Ornat
213 682 243 708 et
284 680 346 707 alia

67 716 177 750 templa
204 714 344 741 maxime-

201 748 343 782 templum

68 782 194 809 Vulcani
243 787 342 808 enno-

70 823 138 842 vum
159 802 231 842 lsisii
261 813 342 841 aedi-

67 757 126 781 que

69 849 148 876 licat.

398 264 482 303 880
790 261 1261 301 HERODOTI

373 370 482 414 7ἐᾶν
515 369 576 413 ἔτι
606 371 867 425 προσωτέρω
899 368 1084 414 ἑλκύσαι.
1132 368 1215 426 ἤδη
1247 368 1292 413 δέ
1327 386 1439 421 τινες
1468 370 1658 427 λέγουσι,

400 447 456 501 ὦς
487 448 721 502 ἅνθρωπος
763 449 981 506 διεφθάρη
1022 447 1097 493 ὑπ’
1141 448 1274 504 αὐτῆς
1311 453 1400 492 τῶν
1429 467 1492 500 τις
1523 450 1660 507 αὐτὴν

399 526 722 584 μοχλευόντων,
769 528 842 571 καὶ
880 526 966 571 ἀπὸ
1002 527 1164 572 τούτου
1211 525 1292 571 οὐκ
1331 528 1658 585 ἐσελκυσθῆναι.

401 689 509 729 πᾶσι
536 688 649 727 τοῖσι
679 684 939 738 ἐλλογίμοισι
967 685 1070 740 ἔργα
1102 686 1150 729 τό
1185 686 1376 741 μέγαθος
1407 686 1658 743 ἀξιοθέητα·

399 765 447 808 ἐν
478 764 546 815 δὲ,
584 762 657 805 καὶ
686 761 732 804 ἐν
762 762 938 817 Μέμφι,
981 763 1058 805 τὸν
1086 763 1245 806 ὕπτιον
1274 768 1472 819 κείμενον
1501 771 1659 810 κολοσ-

405 842 503 893 σὸν,
542 844 620 883 τοῦ
657 838 938 895 ἹΙφαιστείου
980 841 1219 896 ἔμπροσθε·
1268 847 1347 885 τοῦ
1379 843 1509 894 πόδες
1536 844 1659 886 πέντε

369 921 473 963 Qua),
503 918 802 975 ἑβδομήκοντά
834 921 914 962 εἰσι
953 919 1002 962 τό
1043 923 1195 975 μῆκος.
1250 919 1319 964 ἐπὶ
1356 923 1401 964 δὲ
1439 926 1500 978 τῷ
1541 921 1656 979 αὐτῷ

398 998 552 1055 βάθρῳ
583 998 751 1051 ἑστᾶσι,
797 1001 1064 1042 Αἰθιοπικοῦ
1095 997 1242 1050 ἐόντος
1270 1001 1424 1052 λίθου,
1468 999 1549 1044 δύο
1579 1017 1655 1044 κο-

399 1082 424 1121 a
534 1077 543 1092 1
618 1077 630 1092 9
662 1079 671 1093 1
911 1080 929 1088 ’ν
1028 1077 1038 1091 ἱ
1122 1077 1131 1091 l
1318 1079 1329 1093 ν
1353 1078 1362 1092 ἱ
1444 1078 1457 1093 θ
1504 1078 1513 1090 Ι
1648 1094 1656 1102 ‚
1697 1088 1713 1095 ..-

428 1089 571 1128 οσσοι,
613 1089 769 1122 εεικοσι
806 1080 957 1122 ποδων
993 1094 1042 1121 το
1082 1083 1272 1134 μεγαθος
1313 1095 1396 1123 ξων
1438 1096 1637 1134 εκατερος
1672 1088 1714 1122 10

372 1155 427 1201 36
458 1157 717 1214 μὲνὲνθεν,
748 1156 772 1202 ὁ
805 1157 850 1203 δ’
883 1158 1011 1202 ἔνθεν
1039 1156 1357 1224 τοῦφμεγοέρου.
1399 1158 1488 1202 ἔστι
1519 1159 1564 1203 δὲ
1591 1160 1657 1203 λί-

344 1391 542 1438 habentem,
579 1395 620 1428 ut
654 1391 762 1428 vertit
791 1389 993 1439 Schweigh.

343 1449 380 1485 in
396 1447 463 1485 Iex.
475 1448 614 1485 Herod.
644 1448 727 1492 Quo
741 1448 870 1485 eodem
888 1460 996 1484 sensu

344 1505 439 1541 infra
461 1504 570 1551 VIII,
592 1503 645 1545 54
669 1517 748 1541 cum
770 1504 993 1541 inveniatur:

343 1556 608 1611 ἐνθύμιον
627 1558 879 1613 -ἐγένετο,
916 1560 993 1596 aliis

342 1629 489 1666 quoque
521 1617 756 1666 scriptoribus
785 1617 994 1664 frequenta-

343 1677 418 1710 tum
449 1674 540 1721 (vid.
573 1673 713 1710 Duker.
751 1673 798 1709 ad
827 1672 862 1709 Τ
866 1672 995 1720 hucyd.

343 1729 430 1777 VII,
455 1731 538 1777 18),
559 1729 627 1766 hoc
646 1742 793 1778 quoque
809 1729 888 1765 loco
904 1728 995 1764 Val-

342 1786 532 1823 ckenarius
561 1782 758 1836 ἐνθύμιον
783 1786 996 1835 praeferret,

344 1843 375 1878 si
412 1842 553 1879 codices
588 1841 626 1878 in
654 1855 698 1879 eo
735 1842 995 1891 conspirarent.

345 1898 419 1942 Qui
442 1902 618 1948 quantum
646 1899 718 1935 scio
749 1911 875 1935 omnes
904 1898 996 1934 offe-

342 1959 426 1991 runt
464 1951 708 2004 ἐνθυμιστόν
732 1983 741 2001 ,
782 1955 883 2003 quod
911 1965 996 1991 cave

343 2011 423 2048 loco
443 2024 602 2048 moveas.
640 2011 689 2047 Et
710 2011 804 2048 bene
823 2011 997 2047 admonet

343 2067 547 2116 Schweigh.
573 2067 675 2104 verbi
696 2066 998 2117 ἐνθυμίζεσθαι,

347 2124 446 2171 quod
474 2123 535 2159 illo
575 2136 684 2160 sensu
718 2124 754 2160 in
787 2136 854 2160 usu
889 2123 998 2160 fuerit

346 2180 539 2219 veteribus.

512 2290 543 2327 c
556 2303 576 2327 a
587 2304 622 2341 p.
654 2289 858 2328 CLXXVI.

403 2373 444 2413 ἐν
466 2371 529 2419 δὲ,
562 2373 654 2424 καὶ]
685 2375 791 2411 Conf.
820 2374 998 2411 Matthiae

347 2431 412 2468 Gr.
434 2431 497 2467 Gr.
523 2444 559 2480 p.
584 2432 690 2471 1189
719 2435 754 2468 et
775 2443 869 2480 quae
893 2430 998 2479 plura

344 2487 451 2524 affert
483 2487 578 2523 Gail.
608 2487 646 2522 in
676 2487 780 2523 mem.
803 2487 849 2524 de
870 2486 996 2523 l'aead.

344 2544 392 2580 de
417 2543 547 2579 l’inscr.
572 2542 657 2579 VIII
688 2542 834 2591 (Paris.
860 2544 997 2591 1827)

342 2611 428 2649 pag.
452 2601 532 2639 190
560 2611 637 2648 seq.

398 2681 650 2721 Αἰθιοπικοῦ
685 2678 814 2729 ἐόντος
860 2680 995 2732 λίθου]

347 2736 597 2776 Αἰθιοπικοῦ
631 2751 651 2775 e
688 2737 868 2775 nonnullis
900 2738 996 2775 libris

347 2794 484 2842 recepit
499 2793 715 2842 lVesseling.
744 2808 811 2843 pro
838 2797 909 2832 τοῦ
929 2789 997 2832 αὕ-

349 2851 420 2887 τοῦ
433 2877 443 2896 ,
473 2849 572 2896 quod
589 2854 625 2886 et
653 2850 770 2899 ipsum
788 2850 933 2900 probati
952 2849 996 2885 li-

349 2904 406 2942 bri
423 2904 593 2951 offerunt,
616 2906 786 2954 quodque
802 2905 897 2942 haud
911 2917 998 2941 con-

1062 1391 1164 1428 tinuo
1191 1390 1423 1429 reiiciendum
1445 1391 1583 1429 videtur
1598 1390 1716 1428 Creu·
1772 1404 1774 1411 ’

1062 1461 1149 1485 zero
1168 1448 1217 1484 in'
1231 1448 1361 1485 annali.
1383 1448 1579 1486 Heidelbb.
1608 1449 1714 1488 1823
1772 1458 1777 1487 :¹

1062 1517 1138 1541 nro.
1160 1507 1208 1544 10
1231 1517 1316 1554 pag.
1332 1504 1430 1551 153,
1451 1505 1513 1541 ubi
1530 1505 1607 1553 ipse
1628 1516 1715 1540 con-

1061 1561 1158 1607 iicit,
1195 1560 1279 1597 olim
1310 1560 1360 1597 sic
1398 1561 1567 1610 scriptum
1604 1560 1714 1596 fuisse

1061 1616 1387 1655 Αἰθιοπικοῦ
1423 1619 1512 1656 τοῦ
1552 1611 1715 1654 αὐτοῦ

1064 1667 1116 1712 ἐό
1128 1687 1151 1711 ν
1163 1687 1182 1710 τ
1195 1687 1210 1711 ε
1223 1688 1242 1719 ς
1282 1673 1413 1711 λίθου.
1494 1672 1582 1710 Non
1621 1672 1714 1709 enim

1064 1729 1222 1766 alienum
1243 1729 1355 1766 videri
1376 1733 1501 1766 censet
1529 1729 1575 1766 ab
1592 1728 1713 1766 Hero-

1064 1786 1173 1823 ‹lotea
1194 1786 1378 1833 oratione,
1410 1791 1450 1822 ut
1472 1790 1556 1835 post
1574 1787 1627 1836 τῷ
1646 1779 1716 1822 αὕ-

1063 1844 1116 1895 τῷ
1145 1842 1315 1878 continuo
1343 1847 1515 1890 sequatur
1541 1843 1615 1879 τοῦ
1644 1835 1716 1878 av'-

1062 1899 1154 1946 τοῦ,
1194 1899 1294 1947 quod
1320 1898 1437 1948 ipsum
1469 1898 1590 1935 sensui
1618 1897 1716 1934 haud

1063 1959 1244 2004 repugnet
1261 1983 1272 2001 ,
1309 1967 1390 1991 cum
1430 1958 1504 1992 tres
1541 1953 1715 1999 colossos,

1064 2012 1183 2048 eidem
1204 2011 1282 2047 basi
1300 2010 1611 2061 superimpositos,
1623 2011 1716 2047 eius-

1065 2068 1149 2104 dem
1170 2079 1317 2116 quoque
1345 2067 1474 2116 lapidis
1502 2067 1614 2103 fuisse
1631 2079 1716 2115 pro-

1066 2123 1182 2160 babile
1202 2123 1257 2159 sit.
1269 2143 1322 2150 —
1349 2123 1409 2159 De
1426 2122 1548 2172 lapide
1566 2122 1714 2160 Aethio-

1064 2180 1146 2230 pico
1167 2179 1239 2215 vid.
1259 2178 1315 2225 ll,
1337 2181 1416 2219 127
1435 2184 1470 2215 et
1492 2178 1582 2219 134.

1124 2233 1146 2273 ὁ
1176 2232 1246 2285 μὲν
1274 2233 1393 2273 ἔνθεν
1414 2262 1425 2280 ,
1465 2231 1484 2273 ὃ
1518 2229 1560 2272 δ’
1597 2232 1717 2274 ἔνθεν

1065 2293 1139 2329 τοῦ
1158 2286 1354 2342 μεγάρου]
1385 2290 1441 2326 Ex
1461 2289 1587 2327 Vallae
1608 2291 1718 2327 inter·

1064 2347 1268 2397 pretatione
1280 2346 1459 2393 („magno
1479 2346 1527 2382 illi
1540 2347 1717 2383 adsisten-

1064 2405 1176 2449 tes“)
1218 2402 1400 2438 Schaeser.
1434 2415 1501 2452 pro
1531 2398 1716 2453 μεγάρου,

1066 2459 1165 2507 quod
1195 2458 1232 2494 in
1259 2458 1424 2494 omnibus
1451 2457 1548 2495 libris
1569 2472 1715 2508 compa-

1065 2518 1144 2561 ret,
1178 2514 1292 2551 edidit
1312 2508 1506 2564 μεγάλου,
1533 2515 1714 2564 probante

244 615 343 662 176
397 606 600 662 Ἀνέθηκε
641 605 788 648 δὲκαὶ
826 605 872 648 ἐν
907 612 1017 650 τοῖσι
1060 606 1226 650 ἄλλοισι
1268 610 1401 662 ἱροῖσι
1431 606 1713 663 ὁ”Αμασις10
1774 593 1777 601 ’

1064 2583 1199 2620 nuper,
1230 2583 1310 2606 cum
1328 2569 1455 2618 reliqui
1478 2570 1637 2608 editores
1658 2584 1715 2608 re-
1768 2591 1769 2595 =

1066 2627 1254 2673 iecissent,
1280 2625 1465 2663 Letronne
1492 2626 1529 2662 in
1557 2627 1662 2663 me'm.
1684 2641 1712 2664 s.

1062 2682 1098 2720 le
1124 2683 1294 2719 tombeau
1314 2681 1549 2730 d’Osymand.
1579 2682 1712 2730 (Paris.
1752 2697 1754 2700 ’

1069 2740 1197 2787 1822)
1214 2750 1300 2787 pag.
1319 2739 1345 2777 7
1358 2764 1369 2783 ,
1398 2737 1458 2773 ubi
1474 2737 1509 2773 h.
1523 2736 1545 2773 l.
1565 2738 1617 2775 ita
1634 2751 1715 2776 ver-

1065 2795 1127 2831 tit:
1172 2806 1265 2841 „sut
1296 2792 1329 2829 la
1356 2793 1471 2829 meme
1506 2793 1594 2832 base
1630 2798 1716 2831 sont
1766 2813 1768 2847 j

1065 2850 1159 2886 deux
1173 2849 1330 2885 colosses
1352 2848 1528 2885 debout..
1543 2877 1570 2885 ..
1593 2849 1713 2899 places
1766 2860 1769 2885 τ

1065 2905 1111 2941 de
1138 2905 1270 2954 chaque
1299 2904 1376 2940 εόίέ
1408 2903 1456 2941 du
1490 2905 1606 2953 grand
1633 2907 1714 2954 (eo-
1766 2903 1769 2922 ³

1766 2967 1768 2980 l
