1777 3324
399 266 673 305 EXCURSUS
702 265 753 302 IV
781 262 849 301 AD
880 263 1148 302 HERODOT.
1177 264 1232 312 11,
1262 264 1301 305 5.
1523 267 1604 305 9⁰1

529 701 1032 750 EXCURSUS
1086 702 1157 749 IV

321 817 445 856 AD
543 814 1374 865 HERoDoT.11‚5.

168 1028 235 1072 ὅτι
276 1030 497 1084 Αἴγυπτος
525 1054 580 1059 ——
610 1027 697 1071 ἔστι
735 1028 1013 1083 Αἰγυπτίοισι
1062 1025 1286 1084 ἐπίκτητός
1333 1042 1378 1071 τε
1424 1029 1481 1085 γῆ
1528 1028 1602 1071 καὶ

251 1099 400 1152 δῶρον
426 1099 507 1139 τοῦ
536 1098 751 1150 ποταμοῦ.

192 1189 317 1227 Potuit
347 1191 416 1227 hoc
445 1190 592 1226 fluxisse
623 1202 666 1227 ex
695 1188 873 1227 Hecataei
895 1188 1028 1226 Milesii
1057 1187 1149 1225 libro
1181 1188 1228 1225 de
1258 1188 1365 1226 rebus
1395 1187 1601 1239 Aegyptiis,

81 1271 125 1295 ex
143 1270 216 1307 quo
237 1258 468 1296 Herodotum
489 1257 588 1294 haud
607 1270 722 1308 pauca
739 1257 1028 1306 transscripsisse
1052 1257 1166 1293 refert
1186 1255 1363 1307 Porphyr.
1385 1269 1444 1307 ap.
1464 1257 1600 1294 Euseb.

79 1330 286 1376 praeparat.
311 1339 366 1363 ev.
398 1325 433 1361 X
461 1339 498 1375 p.
517 1324 621 1372 466,
640 1324 686 1361 Β.
744 1323 803 1362 Ad
824 1325 944 1373 quod,
974 1328 1147 1362 monente
1170 1324 1341 1362 Creuzer.
1364 1326 1400 1361 in
1429 1326 1600 1374 fragmrn.

79 1394 161 1430 hist.
180 1407 216 1443 p.
238 1397 290 1435 29
310 1407 407 1442 seq.,
436 1393 525 1429 facit
546 1392 689 1430 Arriani
715 1393 962 1430 testimonium
990 1392 1065 1440 (de
1094 1393 1225 1442 exped.
1251 1391 1447 1430 Alexandr.
1468 1393 1519 1440 V,
1539 1393 1599 1441 6),

79 1460 125 1497 ab
145 1460 337 1498 Hecataeo
358 1466 468 1509 atque
489 1461 682 1498 Herodoto
699 1460 910 1511 Aegyptum
936 1460 1119 1512 perhiberi
1141 1459 1215 1496 Nili
1234 1460 1370 1498 donum
1400 1460 1599 1498 scribentis.

0 1550 1 1573 3
80 1528 159 1566 Nec
182 1529 300 1565 minus
330 1527 399 1566 huc
426 1529 614 1579 pertinent
647 1529 839 1566 Strabonis
865 1529 978 1567 verba
1006 1528 1077 1565 XII
1104 1541 1191 1578 pag.
1211 1529 1315 1576 810,
1345 1529 1377 1566 C
1407 1543 1435 1566 s.
1458 1542 1495 1579 p.
1517 1528 1599 1569 536

0 1642 1 1650 ἵ
79 1596 177 1644 (coll.
196 1597 213 1633 Ι
233 1610 269 1647 p.
288 1598 365 1642 61,
382 1597 424 1633 B.
456 1611 492 1647 p.
512 1598 568 1639 36
601 1601 638 1635 et
664 1597 740 1644 53,
760 1598 805 1635 B.
843 1611 880 1648 p.
904 1598 998 1645 30):
1030 1591 1198 1635 -ἇίστε
1230 1591 1395 1643 εἰκότως
1423 1592 1503 1635 ’ὑπὸ
1528 1597 1601 1635 τοῦ

74 1660 291 1716 Ἡροδότου
330 1663 397 1703 καὶ
430 1662 506 1715 τήν
544 1661 642 1716 ὅλην
672 1665 879 1718 Αἴγυπτον
912 1667 986 1704 τοῦ
1014 1666 1201 1714 ποταμοῦ
1232 1664 1363 1716 δῶρον
1390 1662 1597 1716 λέγεσθαι·

76 1728 152 1771 κᾶν
172 1733 208 1771 εἰ
226 1730 281 1783 μή
303 1729 377 1783 τήν
403 1729 518 1783 ὅλην,
549 1729 625 1784 τήν
648 1747 692 1785 γε
717 1730 798 1773 ὖπό
819 1735 875 1788 τῷ
895 1731 1042 1780 Δέλτα,
1072 1729 1146 1783 τήν
1167 1727 1274 1771 κάτω
1293 1727 1430 1784 χώραν
1450 1743 1600 1784 προσα-

76 1799 358 1853 γορευομένην.
427 1801 653 1845 Quibuscum
681 1803 808 1839 confer
835 1801 1026 1839 Heliodor.
1053 1799 1251 1851 Aethiopp.
1273 1800 1349 1847 IX,
1374 1804 1430 1842 22
1456 1813 1492 1850 p.
1514 1802 1597 1841 381

76 1869 134 1906 ed.
157 1869 297 1905 Corais.
338 1867 459 1917 Atque
479 1873 626 1918 praeter
644 1869 709 1906 hos
731 1871 926 1920 scriptores
953 1868 1103 1916 allatos,
1132 1868 1318 1906 Diodorus
1339 1868 1376 1914 I,
1394 1867 1459 1909 34.
1487 1867 1550 1915 Ill,
1570 1868 1598 1908 3

76 1936 157 1984 (ubi
177 1937 247 1973 vid.
270 1936 533 1985 wesseling),
562 1936 774 1974 Aristoteles
806 1942 956 1975 meteor.
986 1936 1025 1984 I,
1051 1935 1124 1984 14,
1153 1935 1236 1984 alii,
1266 1936 1473 1973 inferiorem
1501 1938 1598 1973 certe

75 2002 285 2054 Aegyptum
304 2003 379 2040 Nili
406 2005 542 2041 donum
569 2018 650 2042 esse
680 2006 906 2043 contendunt
932 2005 1029 2041 haud
1048 2006 1124 2042 fere
1146 2004 1250 2042 aliter
1265 2008 1375 2053 atque
1394 2001 1599 2053 Aegyptio-

78 2084 155 2108 rum
179 2073 385 2109 sacerdotes
415 2072 608 2109 Herodoto
636 2076 871 2111 narraverant
898 2077 936 2110 et
958 2072 1058 2111 hicce
1085 2074 1165 2123 ipse
1194 2073 1261 2110 sibi
1291 2075 1524 2122 persuaserat
1549 2070 1598 2108 de

77 2139 236 2177 inferiori
260 2139 432 2190 Aegypto
451 2153 495 2178 ex
517 2141 670 2178 advecto
691 2142 790 2178 fluvii
817 2141 902 2177 limo
932 2141 1024 2178 orta.
1082 2140 1224 2178 Nostra
1252 2144 1374 2177 aetate
1403 2139 1502 2176 haud
1531 2139 1597 2176 de-

77 2208 195 2254 fuere,
226 2208 288 2256 qui
314 2208 407 2245 hanc
430 2209 647 2246 sententiam
672 2209 893 2259 probarent,
923 2208 1059 2246 laudati
1087 2222 1108 2245 a
1137 2208 1408 2246 Schlichthorst.
1440 2209 1476 2245 in
1507 2220 1597 2257 geo-

77 2276 203 2325 graph.
226 2274 335 2313 Afric.
354 2276 495 2313 Herod.
518 2290 554 2326 p.
574 2277 649 2324 23,
681 2277 812 2325 quibus
832 2277 929 2314 adde
953 2278 1001 2314 sis
1030 2277 1143 2314 Beck.
1166 2277 1311 2325 allgem.
1334 2275 1558 2325 Weltgesch.
1580 2275 1596 2312 I

77 2355 114 2392 p.
134 2345 226 2384 268.
263 2343 375 2381 Unde
397 2344 670 2394 quodammodo
692 2349 864 2382 monente
884 2344 1055 2383 Creuzer.
1073 2345 1095 2382 l.
1118 2345 1162 2392 l.,
1192 2344 1439 2393 disiungenda
1457 2343 1597 2395 Ephori

78 2411 278 2458 sententia,
314 2412 377 2461 qui
413 2412 563 2461 quidem
588 2425 663 2449 non
695 2413 853 2462 aliquam
879 2411 1041 2464 Aegypti
1068 2418 1211 2464 partem
1228 2442 1239 2460 ,
1279 2417 1319 2449 ut
1347 2412 1492 2461 reliqui,
1530 2412 1596 2450 sed

78 2480 185 2515 totam
207 2478 416 2530 Aegyptum
441 2493 521 2518 esse
550 2476 862 2531 ποταμόχωστον
879 2482 1138 2529 contenderat,
1167 2494 1215 2518 ne
1233 2480 1426 2519 Thebaide
1447 2480 1596 2530 quidem

79 2550 248 2596 excepta,
287 2560 395 2597 quam
425 2548 554 2598 reliqui
582 2549 747 2599 primitus
787 2553 921 2586 terram
956 2550 1202 2587 continentem
1228 2549 1455 2598 solidamque
1483 2549 1596 2586 fuisse

79 2614 346 2653 arbitrabantur
376 2616 463 2664 (sed
483 2617 577 2653 conf.
592 2616 724 2654 Creuz.
741 2620 834 2654 nott.
857 2617 906 2654 ad
927 2617 973 2663 ΙΙ,
993 2616 1019 2657 4
1040 2617 1144 2665 fin.);
1174 2616 1247 2654 vid.
1267 2616 1407 2667 Ephori
1426 2618 1594 2665 fragmm.

79 2692 163 2730 pag.
180 2682 273 2724 214.
292 2686 372 2725 216
394 2684 453 2721 ed.
473 2682 591 2720 Marx.
649 2683 703 2722 Ac
727 2685 830 2733 licet,
860 2689 900 2722 ut
920 2686 1030 2723 modo
1058 2685 1234 2731 diximus,
1263 2685 1454 2722 recentiori
1473 2688 1593 2722 aetate

80 2749 277 2788 exstiterint
295 2752 361 2788 viri
380 2752 478 2788 docti
508 2751 560 2799 (v.
587 2765 617 2788 c.
638 2751 773 2800 Shaw.,
798 2752 899 2800 alii),
932 2753 994 2802 qui
1015 2752 1198 2790 Herodoti
1224 2755 1262 2789 et
1288 2752 1508 2802 reliquorum
1531 2765 1593 2789 ve-

81 2817 195 2854 terum
213 2818 426 2868 scriptorum
444 2820 615 2857 iudicium
634 2821 726 2857 tueri
744 2821 953 2866 studerent3
985 2819 1047 2857 alii
1065 2821 1188 2866 fuere,
1212 2819 1273 2867 qui
1289 2833 1369 2856 cum
1389 2818 1593 2868 Aegyptia-

81 2894 144 2920 cae
170 2889 287 2924 terrae
315 2886 431 2925 solum
456 2900 552 2926 nunc
570 2901 646 2925 non
666 2887 795 2926 elatius
817 2888 863 2925 sit
891 2900 1001 2938 quarn
1022 2887 1203 2924 Herodoti
1223 2890 1365 2934 aetate,
1395 2886 1490 2923 hunc
1508 2885 1593 2923 scri-
