1759 3324
336 252 422 294 658

736 246 1207 289 HERODOTI

337 360 532 419 ἄμπελοι.
589 360 758 418 ἰχθύων
787 359 834 404 δὲ
858 360 961 411 τοὺς
991 359 1092 415 μὲν,
1121 357 1232 411 πρὸς
1260 356 1386 414 ἥλιον
1416 353 1608 412 αὐήναν-

338 457 430 494 τες,
460 440 608 497 ὠμούς
638 440 872 485 σιτέονται·

309 521 590 577 Ἰχευμένους.

282 765 377 800 nott.
409 761 458 798 ad
493 760 548 807 Π,
577 761 644 801 37.
702 757 816 802 Quod
849 769 936 794 vero

283 818 497 856 Herodotus
524 817 613 853 vites
642 828 708 865 per
728 814 938 863 Aegyptum

284 888 366 912 esse
387 877 519 922 negat,
539 873 755 909 contrarium
772 873 939 907 asserunt

284 931 419 968 Strabo
451 929 556 966 XVII
600 941 684 979 pag.
710 929 816 973 799,
845 926 876 962 C
909 939 937 961 s.

283 1000 320 1038 p-
341 986 472 1033 1150,
493 986 537 1023 C.
566 985 719 1024 Diodor.
734 983 770 1031 I,
789 985 857 1028 36,
879 982 938 1018 alii

283 1044 533 1081 Romanorum
549 1042 743 1092 scriptores
755 1069 765 1087 ,
796 1039 858 1088 qui
876 1051 940 1075 va-

283 1100 339 1138 ria
355 1100 448 1138 adeo
467 1099 541 1136 vini
563 1110 702 1147 genera
719 1097 755 1134 in
767 1095 939 1145 Aegypto

284 1160 485 1194 recensent.
543 1155 641 1200 Quin
672 1154 761 1204 ipsis
791 1153 827 1189 in
860 1165 940 1188 mo-

284 1211 708 1262 numentisAegyptiacis
721 1214 757 1248 et
774 1210 867 1246 vites
884 1208 940 1245 in-

230 1273 236 1276 ’
284 1271 447 1308 venimus
470 1272 762 1320 repraesentatas
778 1270 815 1304 et
833 1279 937 1312 uvas,

286 1340 308 1365 e
328 1327 459 1376 quibus
482 1327 603 1363 vinum
623 1328 785 1376 paratur.
827 1323 935 1359 Conf.

285 1383 436 1421 Costaz.
459 1383 628 1433 descript.
647 1382 694 1418 de
711 1380 806 1429 l'Eg.
828 1380 935 1416 mem.

284 1441 468 1490 (antiqq.)
489 1439 505 1476 I
524 1452 560 1490 p.
585 1441 651 1479 61.
673 1440 740 1478 62.
797 1434 851 1472 Ac
871 1436 938 1472 de-

284 1497 396 1547 nique
433 1497 514 1547 ipse
549 1495 764 1532 Herodotus
795 1492 848 1540 II,
881 1493 935 1533 37

284 1554 408 1591 vinum
426 1566 470 1591 ex
489 1552 566 1590 uvis
588 1552 803 1596 confectum,
835 1549 938 1598 quod

284 1615 385 1649 certo
404 1608 553 1647 modulo
571 1607 822 1645 sacerdotibus
840 1605 940 1643 exhi-

284 1667 437 1714 beatur,
467 1666 578 1703 novit.
639 1664 747 1701 Conf.
778 1662 937 1700 Heeren.

284 1723 340 1761 Id.
375 1723 432 1770 11,
462 1725 489 1763 2
524 1734 610 1772 pag.
631 1722 725 1762 362.
772 1718 942 1756 Minutoli

285 1779 486 1828 Nachtrag.
508 1783 575 1816 etc.
593 1792 628 1829 p.
642 1778 736 1819 242.
768 1777 874 1819 Quae
890 1775 942 1812 ita

286 1836 468 1874 conciliari
489 1848 599 1887 posse
621 1835 745 1871 statuit
763 1832 941 1869 Schlicht-

285 1893 400 1931 horst.
423 1893 444 1929 l.
465 1891 488 1928 l.
509 1905 594 1942 pag.
611 1894 712 1937 115,
742 1894 783 1926 ut
797 1890 941 1926 demum

285 1954 371 2000 post
382 1949 566 1986 Herodoti
584 1952 740 1986 aetatem
764 1947 857 1983 vites
875 1958 942 1995 per

285 2006 447 2056 Aegypti
483 2006 653 2053 regiones
699 2003 767 2040 coli
808 2003 942 2039 fuerint

285 2068 450 2112 coeptae.
508 2062 602 2098 Cum
623 2073 709 2098 vero
729 2064 866 2096 certum
878 2059 939 2104 sit,

285 2123 426 2156 veteres
473 2115 678 2167 Aegyptios
733 2129 801 2153 nec
846 2117 940 2152 vites

286 2175 479 2223 ignorasse
515 2186 583 2211 nec
619 2174 739 2209 vinum
779 2184 823 2209 ex
861 2172 938 2208 uvis

285 2235 474 2281 paratum,
513 2229 632 2266 malim
665 2228 835 2278 equidem
865 2233 940 2264 sta-

285 2292 410 2335 tuere,
448 2287 700 2331 Herodotum,
748 2284 809 2321 ubi
847 2285 938 2321 vites

285 2345 324 2381 in
344 2343 518 2393 Aegypto
543 2342 644 2390 gigni
662 2345 794 2389 negat,
824 2341 940 2390 potis-

285 2401 416 2438 simum
433 2399 630 2450 superioris
641 2397 800 2446 Aegypti
818 2397 941 2445 regio-

285 2470 352 2494 nes
382 2456 458 2494 sive
484 2452 558 2506 τήν
579 2451 846 2503 σπειρομένην
868 2451 941 2491 Αἴ-

285 2527 460 2566 γυπτον,
491 2516 531 2548 ut
550 2511 651 2548 initio
679 2510 784 2547 huius
810 2509 939 2559 capitis

286 2570 397 2617 dixit,
426 2569 650 2618 respexisse,
670 2580 737 2604 nec
758 2578 845 2603 sane
863 2578 940 2602 ma-

285 2627 350 2676 gni
375 2625 548 2663 momenti
588 2628 677 2660 tunc
699 2623 873 2672 temporis
903 2622 940 2658 in

285 2684 458 2734 Aegypto
473 2682 585 2719 fuisse
605 2681 729 2717 vitium
751 2679 939 2726 culturam,

285 2753 382 2790 quae
413 2743 499 2790 post
527 2738 674 2775 demum
710 2735 940 2772 Ptolemaeo-

284 2810 366 2834 rum
395 2801 506 2845 atque
533 2794 781 2830 Romanorum
814 2796 938 2829 aetate

284 2855 508 2891 incrementa
537 2850 687 2901 ceperit.
746 2849 855 2885 conf.
884 2848 939 2885 Ia-

285 2909 431 2948 blonsk.
465 2909 553 2946 diss.
598 2907 646 2944 de
680 2910 777 2943 terra
813 2905 938 2943 Gosen

931 438 1035 490 τούς
1072 437 1137 481 δὲ.
1187 436 1230 489 ἐξ
1271 436 1408 494 ἅλμης
1441 443 1665 491 ‘cetam-55

663 517 859 575 ὀρνίθων
889 518 934 562 δὲ
962 517 1066 569 τούς
1095 533 1139 561 τε
1169 516 1378 573 ὄρτυγας,
1429 515 1504 559 καὶ
1532 514 1609 567 τοὶς

1005 769 1093 807 pag.
1111 758 1165 798 28
1191 761 1227 794 et
1245 756 1414 794 Minutoli
1434 758 1457 795 l.
1476 756 1499 794 l.
1529 756 1664 795 Malte-

1006 815 1099 850 brun
1117 815 1152 849 in
1177 814 1361 862 melanges
1381 814 1514 864 (Paris.
1535 815 1663 863 1828)

1006 875 1032 906 t.
1057 869 1073 905 l
1103 883 1138 919 p.
1156 871 1237 910 431
1259 883 1362 919 seqq.
1422 870 1556 907 Exstat
1577 872 1664 907 scri-

1006 926 1083 976 ptio
1119 926 1335 963 scholastica
1355 956 1366 974 ,
1404 939 1499 976 quae
1529 927 1666 977 prodiit

1006 982 1222 1031 Altenburg.
1247 985 1374 1026 1826,
1405 984 1443 1020 in
1471 984 1545 1032 qua
1572 996 1667 1020 non-

1007 1038 1187 1076 nullorum
1205 1039 1392 1076 Ciceronis
1414 1044 1526 1088 atque
1543 1038 1667 1077 Hero-

1009 1096 1089 1132 doti
1106 1095 1266 1132 locorum
1287 1096 1492 1133 vindicatur
1512 1096 1666 1145 integri-

1008 1156 1079 1189 tas.
1137 1152 1212 1189 Ubi
1244 1152 1341 1190 hunc
1367 1166 1515 1202 quoque
1544 1152 1667 1191 Hero-

1009 1209 1090 1245 doti
1122 1209 1240 1245 locum
1268 1213 1464 1246 tractatum
1495 1222 1577 1247 esse
1603 1222 1665 1246 co·-

1009 1266 1119 1314 gnovi
1151 1271 1187 1303 et
1217 1279 1298 1302 eum
1325 1266 1362 1302 in
1380 1266 1529 1303 modum
1550 1266 1666 1317 expli-

1008 1326 1148 1370 catum,
1178 1326 1218 1358 ut
1251 1327 1336 1372 post
1366 1323 1573 1359 introducta
1596 1336 1663 1373 pe-

1004 1380 1151 1427 regrina
1169 1379 1251 1415 vina
1267 1379 1353 1416 inde
1375 1391 1396 1415 a
1416 1378 1661 1416 Psammitichi

1005 1441 1126 1473 aetate
1147 1436 1246 1485 prior
1264 1436 1336 1472 vini
1364 1435 1505 1473 cultura
1532 1436 1569 1472 in
1588 1435 1664 1473 Ae-

1004 1497 1119 1543 gypto
1138 1492 1244 1530 fuerit
1261 1492 1443 1541 neglecta.

1059 1601 1154 1651 τοῦς
1183 1601 1248 1650 δὲ,
1290 1603 1330 1651 ἐξ
1359 1600 1487 1656 ἅλμης
1516 1619 1664 1656 τεταρι-

1006 1660 1236 1714 χευμένους]
1258 1661 1351 1698 Cum
1374 1675 1474 1700 mare
1492 1661 1666 1712 Aegyptii

1007 1718 1163 1757 aversati
1193 1719 1263 1755 sint
1278 1746 1289 1764 ,
1322 1718 1433 1755 salem
1456 1731 1531 1755 non
1552 1718 1663 1755 mari-

1007 1777 1134 1812 timum
1165 1776 1230 1812 sed
1261 1774 1421 1812 fossilem
1451 1775 1589 1824 (quem
1619 1786 1664 1812 ex

1009 1832 1199 1869 Ammonis
1220 1831 1374 1879 regione
1398 1831 1520 1868 afferri
1539 1831 1662 1868 scribit

1009 1888 1151 1925 Arrian.
1172 1889 1302 1938 exped.
1313 1887 1414 1925 Alex.
1435 1887 1507 1935 III,
1527 1888 1553 1929 4
1573 1886 1610 1938 ἓ.
1623 1888 1662 1928 6.

1010 1947 1056 1993 8)
1077 1946 1134 1982 hic
1154 1945 1428 1993 intelligendum
1447 1957 1528 1982 esse
1542 1944 1665 1982 existi-

1008 2007 1084 2039 mat
1103 2002 1273 2038 Larcher.
1308 2000 1390 2038 Nos
1409 2000 1496 2037 illud
1516 2001 1564 2038 ad
1584 2000 1666 2037 uni-

1008 2071 1152 2095 versum
1179 2058 1248 2094 loci
1276 2061 1529 2105 argumentum
1558 2057 1666 2094 addi-

1007 2128 1105 2152 mus:
1136 2115 1172 2150 in
1193 2114 1408 2164 anaglyphis
1428 2113 1663 2163 Aegyptiacis

1006 2172 1146 2222 pisces,
1187 2184 1272 2208 aves
1293 2199 1304 2217 ,
1345 2170 1414 2207 alia
1452 2171 1491 2206 id
1530 2182 1660 2218 genus,

1008 2240 1103 2276 quae
1150 2227 1225 2264 sale
1270 2227 1487 2264 condiantur
1537 2230 1573 2263 et
1610 2226 1660 2262 ad

1007 2283 1190 2321 edendum
1226 2287 1401 2334 parentur
1437 2282 1507 2319 hoc
1534 2283 1661 2329 modo,

1007 2340 1177 2390 conspici.
1237 2340 1376 2376 Confer
1405 2339 1553 2376 Costaz.
1584 2339 1606 2375 l.
1637 2338 1661 2376 l.

1008 2409 1095 2447 pag.
1115 2399 1179 2436 64.
1210 2395 1259 2432 Et
1280 2396 1365 2433 satis
1383 2395 1569 2444 cognitum
1589 2399 1661 2443 est,

1009 2465 1119 2502 quam
1152 2454 1252 2490 ferax
1271 2452 1422 2502 piscium
1450 2452 1560 2490 fuerit
1587 2451 1663 2490 Ae-

1009 2514 1168 2559 gyptus,
1201 2509 1329 2558 quibus
1355 2509 1541 2559 capiendis
1571 2521 1663 2559 ope-

1007 2566 1159 2602 rabatur
1179 2578 1315 2614 magna
1340 2565 1528 2602 hominum
1559 2566 1663 2616 copia

1009 2625 1086 2658 tum
1115 2622 1246 2659 victum
1266 2623 1353 2660 inde
1369 2634 1564 2671 quaerens,
1583 2626 1661 2659 tum

1006 2683 1244 2716 mercaturam
1281 2692 1464 2717 exercens¹
1522 2679 1662 2716 Confer

1006 2735 1147 2772 Herod.
1176 2736 1231 2783 ll,
1256 2737 1321 2778 92.
1345 2737 1411 2777 93.
1436 2735 1529 2777 149.
1559 2735 1661 2773 Hee-

1006 2804 1081 2829 rcn.
1113 2792 1224 2831 Ideen
1246 2798 1312 2830 etc.
1335 2792 1388 2838 ΙΙ,
1414 2795 1440 2834 2
1468 2805 1555 2842 pag.
1576 2790 1659 2832 345

1008 2862 1084 2898 seq.
1109 2854 1145 2887 et
1170 2862 1266 2899 quae
1284 2848 1433 2898 collegit
1453 2849 1591 2886 Gesen.
1609 2848 1659 2885 ad

1008 2905 1112 2944 Iesai.
1133 2906 1245 2954 XIX,
1260 2908 1285 2948 8
1310 2918 1396 2956 pag.
1422 2907 1516 2946 611.
