1759 3324
356 247 442 288 802

773 246 1246 286 HERODOTI

25 365 161 394 nendum
173 372 305 393 esseeor-
333 361 354 396 Ξ
365 355 557 412 βασιλέα.
597 355 676 400 τὸν
712 357 790 412 μὲν
820 356 872 412 δὴ
901 356 1071 411 τυφλὸν
1099 358 1261 399 τοῦτον
1291 355 1487 410 οἴχεσθαι
1517 354 1627 410 φεύ-

26 400 305 433 lamconsusionem

25 434 120 461 tollas
136 434 181 460 ita
192 433 224 466 .·]
257 440 304 459 re-

25 474 85 506 ψ
104 466 304 527 nizam:

24 508 73 560 :iliis
83 508 193 594 {¹15⁰ss
211 518 245 559 e’x
257 533 303 559 iu-

25 567 93 594 sula
147 566 225 593 bone
236 574 303 601 pro—

361 451 497 490 γοντα
527 435 569 486 ἐς
597 434 650 478 τοὶ
681 435 802 478 ἕλεα·
842 434 921 478 τὸν
951 436 998 478 δὲ
1027 436 1226 478 Αἰθίοπα
1269 432 1517 489 βασιλεύειν
1547 435 1627 477 Αἰ-

359 512 528 570 γύπτου
557 513 624 557 ἐπ’
656 513 749 557 ἔτεα
776 512 1067 569 πεντήκοντα·
1119 513 1167 557 ἐν
1203 518 1317 556 τοῖσι
1359 510 1498 556 αὐτόν
1527 511 1630 557 τάδε

25 608 167 635 gressus,
192 600 303 627 iterum
331 591 676 644 Βοέποδέξασθαι.
725 591 836 643 ὅκως
866 596 955 635 τῶν
985 609 1049 643 τις
1078 593 1331 648 Αἰγυπτίων
1359 589 1546 647 ἁμάρτοι
1573 608 1628 644 τι,

25 637 155 675 imperat
179 633 215 672 ab
234 641 302 659 ann.

25 666 187 728 {aas
205 666 304 726 ’πεσῇ

27 742 120 761 annos
155 734 222 768 pius
268 732 304 767 D,

27 776 122 828 :isque
139 767 178 827 pil
195 768 305 826 ..Arqyr-

27 809 141 862 :aaa
154 807 305 860 isa-‘3¹51

27 869 105 896 lum:
124 867 239 894 Sabaeo
250 867 305 892 Ae—

27 902 139 934 thiops,
164 901 201 927 ab
219 898 306 926 a.7‹35

28 935 66 962 ad
94 936 172 973 7152
197 933 306 960 delicta

31 977 88 996 non
104 971 187 1004 punit
198 970 303 1005 morte:

29 1001 273 1036 adaggeratiom-

30 1036 84 1062 bus
104 1034 181 1061 uouit
211 1034 305 1059 solum

30 1069 67 1096 ad
86 1068 175 1095 urbes
193 1066 302 1094 altius:

361 673 543 716 κτείνειν
581 671 661 726 μὲν
697 668 847 713 αὐτῶν
886 670 1047 714 οὐδένα
1086 672 1272 715 ἐθέλειν·
1321 670 1401 715 τόν
1436 672 1483 715 δὲ
1521 670 1686 715 uacabat»

363 751 555 806 μέγαθος
585 752 666 791 τοῦ
698 747 965 804 ἀδικήματος
1003 750 1169 807 ἑκάστῳ
1200 749 1415 803 δικάζειν,
1453 749 1626 793 ἐπιτάσ-

363 841 495 873 σοντα
535 826 712 882 χώματα
749 831 857 882 χοῦν
897 828 1005 881 πρὸς
1042 832 1094 884 τῇ
1137 828 1312 871 ἑωυτῶν
1349 827 1470 881 πόλι,
1522 828 1628 872 ὅθεν

336 908 551 957 4ἕκαστος
588 901 642 961 ἦν
679 909 766 948 τῶν
795 904 1072 951 ἀδικεόντων.
1130 907 1204 949 καὶ
1235 906 1351 949 οὕτω
1382 906 1443 950 ἔτι
1473 909 1519 949 αἱ
1546 906 1628 950 πό-

363 991 449 1037 λιες
497 985 697 1041 ἐγένοντο
746 984 1033 1042 ὑψηλότεραι·

1095 984 1143 1029 τό
1193 986 1272 1041 μὲν
1308 984 1389 1041 γάρ
1438 990 1628 1040 πρῶτον,

363 1064 617 1121 ἐχώσθησαν
645 1063 733 1109 ὑπὸ
763 1069 853 1109 τῶν
882 1065 959 1118 τὰς
996 1064 1213 1121 διώρυχας
1246 1063 1522 1120 ὀρυξάντων,
1563 1064 1687 1109 {niso

30 1101 190 1136 descriptio
202 1099 305 1135 tempii

31 1135 156 1163 Dianae.

303 1263 394 1301 haec
411 1261 525 1300 relata
541 1260 616 1298 vult
633 1260 792 1299 Heeren.
815 1261 961 1310 (ldeen

303 1325 373 1358 etc.
412 1319 465 1366 ΙΙ,
489 1321 510 1359 1
538 1331 625 1368 pag.
646 1317 728 1359 427
754 1318 833 1355 coll.
860 1318 913 1365 ΙΙ,
935 1322 961 1360 2

305 1391 341 1428 p.
362 1377 456 1417 331.
478 1376 560 1416 306
584 1375 681 1423 seq.)
696 1402 706 1421 ,
737 1380 868 1412 octavo
897 1379 961 1411 aut

306 1433 460 1483 septimo
480 1431 624 1468 saeculo
653 1443 685 1467 a.
705 1431 791 1468 Chr.
810 1445 868 1478 n.‚
900 1432 960 1468 ubi

306 1494 380 1526 tres
402 1488 617 1538 Aethiopiae
639 1500 746 1535 reges
764 1489 960 1539 praecipue

307 1545 555 1590 inclaruerint,
595 1544 656 1593 qui
675 1544 883 1595 Aegyptum
903 1544 961 1581 vel

308 1606 423 1639 totam
444 1631 454 1649 ‚
502 1600 560 1638 vel
599 1605 698 1638 certe
738 1602 960 1651 superiorem

309 1659 386 1696 eius
413 1661 553 1708 partem
589 1658 697 1694 armis
739 1659 963 1707 subegerint,

310 1715 449 1753 Sabaeo
469 1743 479 1761 ‚
522 1713 696 1751 Sevechns
715 1743 726 1760 ,
778 1713 961 1759 Tarlzac0,·

308 1772 538 1809 Herodotum
559 1774 679 1808 autem
708 1770 817 1809 hosce
836 1776 960 1808 ternos

309 1841 416 1877 reges
437 1827 493 1865 vel
515 1827 606 1864 hanc
625 1827 732 1864 trium
752 1841 877 1876 regum
896 1829 964 1876 dy-

310 1885 462 1922 nastiam
491 1897 564 1920 uno
592 1883 791 1921 Sabaconis
817 1886 962 1922 nomine

310 1941 627 1991 comprehendisse
646 1940 837 1978 existimat.
855 1941 964 1985 Quae

310 1998 396 2035 ferri
420 2001 592 2046 possent,
626 1997 736 2033 modo
756 2002 963 2048 temporum

310 2055 468 2090 rationes
486 2057 716 2099 constarent,
745 2066 789 2090 ex
817 2054 963 2102 quibus,

312 2110 540 2147 Herodotum
562 2109 590 2145 si
610 2110 786 2158 sequaris,
817 2110 961 2146 Sabaeo

312 2167 360 2203 ad
382 2165 557 2202 undecimi
574 2165 707 2202 saeculi
724 2167 865 2203 initium
894 2166 961 2204 erit

309 2222 521 2259 referendus
540 2248 552 2267 ‚
599 2234 678 2258 cum
717 2222 764 2259 ad
799 2226 962 2259 octavum

311 2277 420 2327 vulgo
437 2281 577 2327 ponant
598 2276 814 2328 Aethiopum
843 2279 963 2315 incur-

314 2334 434 2371 siones
455 2334 492 2369 in
509 2332 728 2382 Aegyptum.
774 2333 870 2371 Nam
886 2334 963 2371 He-

310 2390 472 2426 rodoteis
504 2402 548 2426 ex
585 2389 727 2426 calculis
752 2388 882 2438 Anysis
913 2390 961 2426 ad

310 2459 460 2494 regnum
475 2449 617 2482 evectus
632 2458 728 2481 anno
752 2448 858 2487 1012
877 2451 962 2483 ante

312 2503 398 2539 Chr.
419 2515 474 2548 n.‚
509 2502 574 2538 sub
603 2514 675 2550 quo
701 2502 737 2537 in
756 2502 962 2552 Aegyptum

311 2558 412 2595 irruit
430 2559 571 2594 Sabaeo
584 2586 594 2603 ‚
613 2557 670 2594 vel
682 2570 778 2594 anno
797 2559 961 2608 proximo

319 2617 423 2655 1011
448 2613 503 2652 vel
530 2614 832 2662 subsequentibus
858 2614 961 2651 annis

315 2670 390 2718 (ΙΙ,
414 2672 492 2711 137
514 2670 623 2717 init).
654 2670 735 2706 Vid.
754 2671 865 2707 Beck.
886 2670 962 2707 An-

315 2727 387 2764 leit.
406 2740 438 2764 z.
456 2725 678 2774 Weltgesch.
699 2739 735 2776 p.
750 2729 960 2767 717-719.

316 2783 452 2820 Gesen.
473 2783 520 2819 ad
540 2781 640 2819 [esai.
663 2782 749 2818 XIX
769 2782 961 2819 introduct.

316 2852 353 2889 p-
374 2840 455 2880 593
475 2851 577 2887 seqq.
596 2839 689 2879 599.
748 2838 853 2881 Quae
881 2852 961 2875 cum

317 2895 369 2932 ita
391 2896 483 2942 sint,
523 2895 580 2931 vix
607 2894 704 2931 aliud
728 2899 865 2942 restat,
894 2896 962 2932 nisi

1028 1264 1069 1297 ut
1098 1260 1235 1311 inipso
1264 1260 1446 1298 Herodoti
1466 1264 1571 1298 textu
1599 1260 1684 1298 olim

1027 1318 1212 1354 turbatum
1256 1331 1336 1356 esse
1374 1317 1552 1368 pluraque
1589 1318 1685 1355 exci-

1029 1375 1127 1411 disse
1159 1379 1313 1422 statuas,
1343 1378 1405 1411 aut
1434 1374 1685 1411 Herodoteam

1027 1432 1273 1467 narrationem
1303 1443 1347 1468 ex
1386 1431 1521 1467 mancis
1550 1430 1684 1481 imper-

1027 1488 1201 1536 fectisque
1222 1487 1484 1537 Aegyptiorum
1513 1487 1684 1525 sacerdo-

1028 1549 1104 1580 tum
1136 1544 1400 1580 narrationibus
1428 1544 1576 1581 fluxisse
1598 1555 1685 1580 con-

1028 1601 1170 1637 tendas.
1231 1601 1337 1636 Conf.
1368 1613 1537 1637 excursus
1567 1600 1616 1637 ad
1638 1599 1683 1646 Π,

1033 1657 1121 1697 141.
1181 1656 1302 1706 Ipsum
1329 1657 1525 1694 Sabaconz's
1550 1668 1684 1694 nomen

1027 1713 1306 1763 hieroglyphicis
1358 1714 1453 1750 notis
1513 1713 1684 1763 scriptum

1029 1769 1152 1818 Abydi
1179 1771 1216 1806 in
1244 1770 1432 1807 ruderibus
1469 1771 1685 1808 detexerunt

1029 1827 1096 1862 viri
1117 1827 1227 1863 docti.
1267 1826 1348 1863 Vid.
1365 1827 1534 1863 Fritschii
1554 1826 1683 1862 librum

1030 1882 1146 1930 (laud.
1168 1883 1214 1919 ad
1236 1882 1290 1930 ΙΙ,
1310 1883 1383 1929 36)
1406 1895 1491 1933 pag.
1506 1883 1561 1924 51-
1590 1894 1682 1931 seq.‚

1028 1939 1090 1976 ubi
1140 1940 1248 1976 etiam
1290 1940 1336 1976 de
1395 1940 1542 1977 nomine
1586 1939 1684 1987 regis

1033 1995 1203 2042 Τι’νΙιεαε,
1239 1997 1299 2044 qui
1320 1996 1605 2033 Sanacharibum
1629 1995 1684 2031 vi-

1028 2053 1124 2089 xisse
1144 2054 1277 2099 fertur,
1308 2052 1405 2089 idem
1433 2057 1592 2089 notatur.

1086 2106 1287 2160 φεύγοντα
1315 2107 1354 2154 ἔς
1384 2105 1440 2146 τὰ
1470 2107 1603 2159 ἕλεα]
1633 2104 1681 2146 τὰ

1030 2163 1116 2203 ἕλεα
1135 2178 1317 2214 quaenam
1336 2165 1431 2212 sint,
1463 2165 1615 2202 diximus
1635 2165 1684 2202 ad

1029 2222 1084 2268 11,
1112 2224 1178 2262 92.

1095 2275 1329 2327 ἐχώσθησαν
1365 2274 1446 2316 ὑπὸ
1494 2279 1574 2316 τῶν
1613 2274 1683 2323 τοῖς

1031 2329 1226 2383 διώρυχας
1256 2329 1503 2383 ὀρυξάντων]
1544 2334 1684 2371 Confer

1031 2402 1140 2439 supra
1170 2390 1218 2435 ΙΙ,
1242 2392 1330 2430 108.
1359 2412 1414 2417 ——-
1443 2390 1501 2427 Ad
1526 2390 1594 2427 loci
1624 2403 1684 2427 ar-

1030 2451 1242 2494 gumentum
1265 2446 1347 2483 vide
1371 2446 1418 2483 sis
1439 2446 1592 2484 Rennel.
1611 2446 1634 2483 l.
1657 2446 1681 2484 l.

1029 2515 1113 2551 pag·
1146 2505 1239 2543 609.
1300 2501 1431 2552 Neque
1460 2504 1554 2540 enim
1591 2503 1682 2540 haec

1029 2559 1079 2594 ita
1111 2572 1191 2595 esse
1234 2559 1430 2606 cogitanda
1461 2563 1603 2606 monet,
1641 2563 1683 2596 ut.

1029 2615 1202 2651 aedificiis
1218 2615 1410 2652 destructis
1430 2615 1544 2653 solum
1561 2615 1681 2666 ipsum

1027 2671 1252 2708 reddiderint
1279 2671 1384 2709 altius
1409 2684 1450 2709 ac
1473 2671 1680 2718 sublimius;

1030 2728 1095 2764 sed
1121 2728 1334 2777 plerumque
1362 2740 1436 2764 non
1453 2728 1523 2764 nisi
1543 2740 1681 2777 aggere

1027 2783 1156 2821 altiore
1185 2784 1420 2822 circumdatas
1445 2797 1526 2821 esse
1558 2786 1678 2822 urbes.

1028 2841 1102 2876 Sed
1119 2841 1234 2877 minus
1248 2841 1342 2878 hisce
1352 2840 1569 2877 conveniunt
1583 2853 1680 2890 quae

1028 2895 1181 2945 legimus
1211 2897 1262 2944 ΙΙ,
1286 2898 1385 2937 138;
1417 2892 1484 2935 ἅτε
1507 2893 1581 2948 γαρ
1608 2898 1680 2948 τῆς
