1759 3324
312 256 397 297 764
728 255 1197 296 HERODOTI

312 368 394 408 τοῦ
424 362 623 421 σώματος
653 366 698 410 δὲ
726 367 1101 422 καταφθίνοντος,
1136 364 1178 416 ἐς
1209 363 1314 409 ἄλλο
1346 368 1457 418 ζῶον
1489 365 1571 409 αἰεὶ
1616 371 1696 412 163

256 538 492 589 τεμβαίνειν.
560 539 644 582 Qua
681 539 782 576 brevi
828 553 909 577 sen-

256 596 370 632 tentia
387 595 615 632 declarantur
633 595 759 632 eadem
773 624 783 642 ,
814 608 908 644 quae

256 651 416 701 pluribus
440 651 626 699 aliquanto
645 651 764 688 verbis
788 651 908 688 elocu-

256 712 314 743 tus
331 711 387 743 est
405 707 630 743 Herodotus.
689 705 821 755 Neque
843 708 907 744 ali-

256 768 314 799 ter
325 763 378 798 his
396 762 443 799 de
460 762 569 798 rebus
587 763 745 800 sensisse
762 764 907 800 videtur

256 819 386 867 Zoega
415 818 462 855 de
491 818 654 854 obeliscc.
696 831 780 867 pag.
813 821 910 865 300,

257 888 337 911 cum
374 874 410 910 in
440 874 536 910 hunc
563 875 711 910 modum
748 887 911 925 pronun-

255 932 339 967 tiat:
378 930 461 977 „Et
484 931 627 967 videtur
658 931 727 967 hoc
755 931 909 981 primum

256 987 302 1023 ab
332 986 523 1035 Aegyptiis
548 987 723 1023 traditum
750 989 909 1036 indeque

255 1043 304 1079 ad
333 1043 495 1079 Graecos
540 1043 745 1079 traductum
777 1044 907 1081 fuisse:

256 1112 337 1136 esse
366 1110 446 1135 eam
477 1099 619 1136 animae
652 1104 836 1145 naturam,
867 1105 908 1137 ut

255 1168 323 1206 per
341 1168 380 1192 se
406 1155 513 1191 sitae
537 1155 662 1202 duret,
693 1156 909 1205 habitetque

256 1213 294 1248 in
309 1224 460 1261 corpore
476 1211 572 1248 velut
593 1213 629 1248 in
648 1213 769 1258 domo,
799 1226 908 1262 quam

256 1269 335 1305 sine
357 1268 411 1304 sui
437 1269 574 1304 iactura
596 1268 801 1318 relinquere
823 1283 909 1319 pos-

256 1325 301 1361 sit
323 1330 359 1361 et
376 1325 412 1360 in
439 1324 545 1361 aliam
565 1326 760 1363 transire.“
806 1326 908 1363 Idem

254 1381 310 1417 vir
327 1381 454 1418 doctus
480 1381 516 1417 in
545 1393 655 1430 opere
684 1382 831 1419 laudato
861 1383 909 1420 de

254 1437 323 1474 hac
349 1437 614 1486 Aegyptiorum
652 1443 812 1476 veterum
843 1440 909 1475 do-

256 1494 369 1531 ctrina
394 1494 547 1531 maxime
578 1495 736 1532 omnium
763 1509 908 1546 prome—

254 1551 325 1586 ruit
365 1562 519 1599 eamque
553 1551 736 1599 sigillatim
771 1557 807 1589 et
842 1565 909 1602 per

255 1619 338 1642 suos
365 1608 468 1655 quasi
488 1611 628 1644 meatus
659 1612 713 1645 est
737 1622 909 1659 persecu-

255 1663 350 1699 tus.“
380 1685 436 1690 —

310 1721 382 1758 τοῦ
414 1713 596 1769 σώματος
632 1717 675 1759 δὲ
709 1720 909 1770 καταφθί-

255 1772 665 1826 νοντος-ἐσδύεται]
695 1777 750 1814 Ex
776 1778 908 1815 Creuz.

255 1836 462 1870 commentt.
489 1833 687 1870 Herodott.
712 1846 798 1883 pag.
825 1835 907 1875 319

256 1902 358 1938 seqq.
380 1889 469 1926 haec
494 1890 543 1925 ad
565 1891 821 1928 accuratiorem
839 1890 909 1928 loci

255 1945 532 1994 intelligentiam
584 1947 729 1984 adferre
783 1947 908 1984 liceat:

255 2001 358 2038 Haec
382 2002 494 2039 verba
532 2003 580 2038 ad
616 2004 908 2053 metempsycho-

256 2070 337 2094 seos
363 2059 564 2094 doctrinam
594 2060 818 2108 spectantia,
858 2061 909 2097 ita

255 2113 435 2151 intellexit
453 2114 581 2163 Zoega
599 2114 621 2151 l.
641 2115 661 2151 l.
682 2129 718 2165 p.
734 2117 815 2157 310
828 2116 908 2153 coll.

256 2182 341 2219 pag.
366 2169 467 2216 204,
498 2176 538 2207 ut
559 2171 652 2207 hanc
674 2172 787 2209 fuisse
810 2172 909 2221 vulgi

256 2224 429 2274 Aegyptii
468 2226 673 2275 opinionem
712 2232 907 2266 statueret:

257 2282 442 2328 „animam
454 2295 526 2318 non
546 2283 645 2331 prius
672 2297 778 2332 quam
798 2285 910 2334 priori

258 2350 410 2387 corpore
427 2343 594 2387 corrupto
613 2343 724 2388 atque
742 2340 907 2377 absumto

257 2393 304 2430 ab
324 2406 367 2430 eo
391 2393 578 2430 discedere
607 2400 717 2444 atque
745 2397 793 2432 ad
820 2396 909 2432 illud

256 2450 452 2485 transire.“
510 2449 616 2492 Quae
660 2451 775 2488 citans
809 2451 909 2489 Hee-

257 2506 378 2542 renius
399 2504 536 2551 (Ideen
559 2505 613 2553 Il,
632 2510 657 2547 2
686 2518 771 2556 pag.
796 2509 908 2555 193),

257 2562 335 2598 iure
362 2561 517 2597 dubitari
542 2575 650 2610 posse
671 2567 816 2608 censet3
845 2577 909 2601 ne-

258 2630 331 2666 que
357 2617 452 2654 enim
476 2617 629 2666 intelligi
651 2631 780 2668 posse,
818 2631 910 2667 quo—

258 2673 368 2711 modo
399 2673 436 2709 in
456 2673 631 2710 eiusmodi
655 2673 813 2723 populo,
847 2675 910 2723 qui

258 2729 525 2767 accuratissima
560 2729 775 2780 pollinctura
812 2743 909 2766 mor-

259 2789 406 2822 tuorum
435 2786 613 2822 cadavera
642 2798 845 2836 perennare
874 2786 910 2821 in

258 2845 475 2892 perpetuum
503 2841 685 2888 effecerit,
724 2841 833 2889 igitur
860 2841 909 2877 ibi

260 2897 445 2948 quomodo
467 2897 641 2936 eiusmodi
664 2898 788 2949 opinio
810 2897 910 2934 inva—

975 539 1049 577 lere
1069 539 1242 590 potuerit.
1280 537 1329 576 At
1347 551 1431 577 vero
1450 539 1521 575 iam
1542 539 1629 576 Ser-

974 597 1052 632 vius
1082 596 1159 643 (ad
1182 595 1307 644 virgil.
1340 595 1430 633 Aen.
1465 595 1531 642 111,
1553 597 1627 643 68)

974 652 1069 688 inter
1088 651 1159 689 alia
1176 652 1264 688 haec
1283 664 1430 700 quoque
1448 653 1629 702 disputat:

974 707 1180 758 Aegyptios
1199 708 1347 744 condita
1359 709 1494 745 diutius
1511 721 1628 745 reser-

974 775 1059 800 vare
1080 764 1277 810 cadavera,
1308 768 1348 800 ut
1368 765 1487 800 anima
1516 763 1628 801 multo

976 823 1143 868 tempore
1162 820 1337 868 perduret
1357 824 1393 856 et
1422 822 1564 870 corpori
1585 821 1629 856 sit

977 875 1145 921 obnoxia,
1168 887 1234 911 nec
1252 877 1320 911 cito
1339 877 1386 911 ad
1403 875 1492 913 alios
1508 881 1630 914 trans-

977 935 1047 967 eat.
1107 931 1249 973 Quibus
1278 931 1375 968 adde
1414 932 1630 969 Tertulliani

975 987 1093 1023 locum
1115 987 1162 1023 de
1181 988 1300 1023 anima
1319 1000 1396 1037 cap.
1414 989 1468 1028 23
1492 1002 1527 1038 p.
1546 990 1628 1029 288

976 1055 1052 1092 seq.
1075 1043 1198 1092 ibique
1223 1043 1312 1080 haec
1334 1045 1530 1094 praecipue
1550 1058 1630 1082 ver-

977 1100 1043 1136 ba:
1085 1121 1135 1146 „-
1157 1121 1174 1126 -
1192 1121 1209 1127 -
1229 1100 1330 1149 quod
1365 1104 1401 1137 et
1429 1100 1629 1139 Mercurius

975 1155 1179 1205 Aegyptius
1200 1157 1312 1202 novit,
1330 1156 1451 1195 dicens
1473 1158 1630 1195 animam

976 1212 1177 1261 digressam
1191 1225 1213 1250 a
1233 1225 1385 1262 corpore
1402 1227 1476 1250 non
1485 1214 1630 1251 refundi

977 1269 1013 1305 in
1033 1270 1189 1305 animam
1205 1269 1376 1316 universi,
1397 1271 1462 1307 sed
1481 1283 1629 1308 manere

977 1326 1265 1372 determinatam,
1289 1327 1342 1362 uti
1362 1327 1554 1375 rationem,
1574 1328 1630 1363 in-

978 1382 1077 1430 quit,
1106 1382 1203 1431 patri
1222 1383 1351 1419 reddat
1369 1396 1504 1430 eorum,
1535 1395 1629 1432 quae

975 1438 1012 1473 in
1039 1451 1192 1488 corpore
1227 1439 1391 1487 gesserit.
1405 1442 1431 1460 “
1489 1440 1629 1483 Quibus

977 1494 1169 1531 edocemur
1208 1495 1411 1544 Aegyptios
1452 1497 1629 1533 condiisse

977 1551 1180 1596 cadavera,
1221 1553 1392 1600 quoniam
1423 1552 1630 1589 determina-

976 1610 1049 1643 tam
1090 1607 1261 1644 volebant
1299 1621 1513 1657 permanere
1550 1609 1629 1646 ani-

976 1676 1082 1700 mam.
1156 1663 1404 1712 cogitandum
1440 1666 1536 1703 enim
1575 1668 1630 1702 est

977 1719 1111 1769 duplex
1159 1721 1358 1770 antiquitus
1406 1722 1552 1758 omnino
1591 1722 1629 1758 in

976 1774 1149 1826 Aegypto
1163 1777 1273 1814 fuisse
1291 1790 1407 1826 genus
1424 1778 1628 1824 hominum3

977 1832 1129 1870 alterum
1160 1834 1389 1871 sacerdotum
1413 1835 1525 1884 idque
1553 1833 1630 1871 cul-

976 1893 1052 1926 tum
1073 1894 1107 1926 et
1127 1891 1318 1938 eruditum,
1337 1891 1488 1928 alterum
1504 1894 1630 1941 pasto-

975 1945 1115 1993 ritium,
1146 1946 1258 1995 idque
1281 1948 1371 1984 rude
1389 1952 1426 1984 et
1443 1947 1630 1994 incultum,

976 2002 1184 2050 vulgaribus
1197 2004 1509 2052 superstitionibus
1524 2004 1630 2041 dedi-

975 2062 1072 2105 tum,
1103 2060 1204 2107 quod
1221 2060 1305 2097 inde
1322 2072 1396 2096 non
1416 2061 1537 2110 potuit
1554 2071 1630 2096 non

976 2115 1136 2152 animum
1155 2115 1351 2153 humanum
1380 2117 1520 2166 corpori
1539 2129 1630 2165 quo-

977 2171 1171 2208 dammodo
1188 2173 1431 2222 mancipatum
1444 2173 1629 2210 existima-

976 2240 1017 2264 re
1035 2228 1301 2277 obnoxiumque
1317 2257 1328 2275 ‚
1358 2229 1408 2264 ita
1435 2234 1474 2265 ut
1497 2229 1526 2265 si
1554 2241 1629 2265 non

976 2296 1240 2332 usquequaque
1278 2285 1434 2321 animam
1479 2285 1630 2322 interire

977 2340 1199 2376 existimaret
1231 2353 1384 2389 corpore
1422 2340 1563 2390 dilapso
1593 2344 1630 2378 et

976 2395 1014 2431 in
1033 2396 1168 2433 cineres
1192 2396 1388 2443 dissoluto,
1419 2409 1548 2445 vagam
1571 2401 1628 2434 ta-

976 2464 1059 2488 men
1080 2463 1121 2488 ac
1141 2465 1257 2502 prope
1277 2452 1410 2489 nullam
1432 2453 1627 2501 imaginem

975 2508 1237 2557 notionemque
1261 2509 1402 2546 animae
1428 2521 1449 2545 a
1475 2522 1629 2559 corpore

977 2563 1159 2601 seiunctae
1180 2570 1215 2601 et
1235 2565 1279 2600 ab
1299 2565 1374 2602 eius
1385 2565 1628 2603 servitiolibe—

976 2631 1039 2656 rae
1059 2620 1126 2656 sibi
1145 2621 1339 2658 informare
1358 2626 1491 2670 posset.
1524 2621 1629 2659 Haec

977 2675 1006 2710 si
1044 2681 1255 2724 reputemus
1276 2705 1286 2722 ‚
1326 2676 1503 2725 simulque
1540 2677 1629 2714 illud

975 2733 1176 2778 teneamus,
1202 2732 1406 2768 sacerdotes
1426 2732 1629 2782 Aegyptios

975 2787 1120 2823 novisse
1149 2791 1299 2823 naturae
1317 2788 1387 2823 vim
1408 2790 1553 2837 penitus
1573 2789 1628 2826 vi-

976 2841 1086 2878 talem
1118 2854 1303 2890 nunquam
1343 2844 1558 2881 exstinctam
1591 2848 1627 2883 et

975 2896 1014 2933 in
1048 2897 1228 2935 infinitum
1253 2911 1452 2950 perennem
1464 2928 1476 2949 ,
1513 2904 1626 2952 atque

1748 1569 1751 1599 l

1748 1624 1751 1672 i

1748 1680 1751 1699 s

1748 1713 1751 1757 l

1748 1782 1751 1815 l

1748 1902 1751 1980 l

1748 2031 1750 2107 l

1748 2110 1750 2166 ἰ

1748 2192 1749 2211 l
