1759 3324
309 248 392 288 758

703 243 1174 285 HERODOTI

310 355 471 412 ὁμοίως
498 356 834 411 προσδέκεσθαι,
863 355 936 399 καὶ
965 354 1070 409 πρὶν
1100 355 1411 412 συγγενέσθαι,
1439 350 1574 409 ἀναγ-

311 435 454 488 κάζειν
490 435 628 490 λέγειν
669 433 780 492 αὐτῇ
817 433 843 477 ὅ
878 450 919 477 τι
956 433 1009 491 δὴ
1053 433 1100 478 ἐν
1138 438 1200 494 τῷ
1241 434 1322 490 βίῳ
1372 431 1575 488 ἔργασται

313 513 433 572 αὐτῷ
463 512 722 569 σοφώτατον
751 514 824 557 καὶ
855 511 1171 557 ἀνοσιώτατον·
1225 514 1273 565 ὃς
1303 510 1346 556 δ’
1380 510 1435 554 ἂν
1465 509 1632 566 ἀπη-Ξὸ

309 593 495 650 γήσηται
527 592 578 635 vo?
609 593 707 646 περὶ
728 591 807 635 τὸν
826 595 956 648 φῶρα
977 592 1259 648 γεγενημένα,
1290 595 1450 635 τοῦτον
1472 594 1574 634 συλ-

256 679 300 713 29
316 670 575 728 λαμβάνειν,
616 671 690 714 καὶ
729 671 786 727 μὴ
816 670 993 715 ἀπιέναι
1022 672 1111 723 ἔξω.

1172 670 1229 723 ώς
1259 671 1305 715 δὲ
1333 668 1414 726 τήν
1441 671 1577 712 παῖδα

310 751 475 795 ποιέειν
502 749 554 793 τά
585 749 632 793 ἐκ
660 752 744 792 τοῦ
771 749 933 803 πατρὸς
962 750 1310 805 προσταχθέντα,
1340 748 1419 793 τόν
1448 752 1578 805 φῶρα

312 830 569 885 πυθόμενον
601 831 691 870 τῶν
741 828 882 870 εἵνεκα
918 832 1056 871 ταῦτα
1104 827 1359 883 ἐπρήσσετο,
1417 832 1578 885 βουλη-

312 909 449 952 θέντα
478 907 752 963 πολυτροπίῃ
773 910 854 949 τοῦ
877 906 1078 961 βασιλέος
1099 908 1428 963 περιγενέσθαι,
1458 906 1577 950 ποιέ-
1589 913 1634 947 30

257 996 378 1031 3Οειν
417 985 532 1030 τάδε.
590 988 752 1041 νεκροῦ
790 985 1051 1041 προσφάτου
1106 984 1387 1041 ἀποταμόντα
1433 986 1480 1030 ἐν
1517 988 1581 1041 τῷ

314 1066 418 1125 ὤμῳ
447 1065 527 1122 τήν
556 1069 701 1121 χεῖρα,
743 1063 853 1108 ἰέναι
883 1064 1021 1109 αὐτόν
1051 1065 1204 1121 ἔχοντα
1234 1063 1373 1121 αὐτὴν
1401 1065 1489 1109 ὑπὸ
1519 1068 1580 1122 τῷ

314 1147 490 1202 ἱματίῳ·
538 1142 772 1188 ἐσελθόντα
800 1145 847 1188 δὲ
879 1143 939 1197 ώς
967 1148 1046 1189 τοῦ
1085 1143 1285 1201 βασιλέος
1319 1144 1398 1201 τὴν
1440 1150 1581 1200 θυγα-

313 1225 439 1278 τέρα,
486 1224 560 1268 καὶ
600 1222 897 1279 εἰρωτώμενον
935 1223 1070 1281 τάπερ
1100 1226 1174 1269 καὶ
1205 1226 1249 1268 οἱ
1277 1223 1426 1276 ἄλλοι,
1469 1221 1581 1279 ἀπη-

313 1304 532 1361 γήσασθαι
563 1303 621 1354 ὦς
655 1302 953 1347 ἀνοσιώτατον
990 1304 1069 1361 μὲν
1099 1307 1164 1361 εἰἠ
1198 1304 1480 1361 ἐργασμένος,
1509 1302 1581 1346 ὅτε

250 1430 252 1433 ,
315 1387 394 1428 τοῦ
433 1383 649 1439 ἀδελφεοῦ
695 1384 741 1427 ἐν
780 1387 840 1443 τῷ
879 1388 1092 1443 θησαυρῷ
1139 1387 1220 1428 τοῦ
1259 1383 1458 1440 βασιλέος
1493 1380 1637 1425 ὑπὸὂὸ

314 1463 453 1519 πάγης
482 1461 666 1514 ἁλόντος
697 1461 916 1520 ἀποτάμοι
945 1463 1025 1519 τὴν
1053 1463 1272 1520 κεφαλήν·
1313 1461 1575 1520 σοφώτατον

317 1544 385 1595 δὲ,
441 1541 507 1586 ὅτι
546 1541 651 1594 τούς
692 1541 920 1605 φυλάκους
957 1541 1283 1599 καταμεθύσας,
1328 1539 1582 1587 καταλύσειε

261 1777 299 1811 in
317 1774 502 1824 lupanari)
532 1776 711 1813 invenitur
740 1775 796 1825 II,
825 1777 918 1822 126,

262 1837 298 1868 et
318 1833 492 1880 frequens
523 1832 609 1869 alibi
628 1833 840 1882 καθῆσθαι
859 1826 918 1871 ἐπ’

265 1882 483 1937 οἰκήματος
505 1889 552 1926 de
572 1889 661 1939 ipsis
681 1888 811 1939 puellis
831 1901 918 1939 pro-

264 1945 443 1981 stantibus
470 1950 505 1982 et
536 1946 574 1981 in
600 1945 764 1995 lupanari
783 1945 918 1982 seden-

261 2001 368 2037 tibus.
436 2000 533 2038 Nam
566 2000 713 2051 οἴκημα
740 2001 798 2037 hic
822 2001 918 2038 valet

263 2057 424 2104 lupanar.
483 2057 591 2094 Plura
621 2057 839 2107 interpretes
870 2057 918 2094 ad

262 2113 357 2149 hune
374 2112 395 2148 l.
420 2116 457 2149 et
476 2112 648 2150 Valcken.
678 2113 841 2150 observv.
871 2113 919 2149 ad

263 2167 431 2205 Ammon.
456 2181 542 2219 pag.
571 2171 660 2209 177-

320 2247 368 2288 τὰ
400 2249 442 2289 ἐκ
470 2254 544 2290 τοῦ
570 2248 716 2300 πατρὸς
741 2263 918 2303 προστα-

266 2305 426 2357 χθέντα]
460 2308 567 2344 Conf.
585 2307 718 2344 Matth.
739 2321 775 2358 p.
798 2307 917 2349 1135.

263 2363 509 2414 πολυτροπίη
547 2364 604 2401 hic
651 2368 707 2401 est
751 2366 920 2411 versutia,

265 2422 410 2457 astutia.
451 2419 487 2456 T
490 2433 511 2455 u
537 2421 631 2456 conf.
653 2432 747 2468 quae
766 2421 813 2458 de
833 2433 920 2457 voce

265 2473 516 2527 πολύτροπος
547 2488 569 2512 a
594 2476 678 2512 viris
710 2477 824 2514 doctis
847 2476 921 2513 dis-

265 2537 396 2584 putata
417 2535 499 2569 sunt
519 2533 566 2568 ad
586 2532 722 2581 Odyss.
739 2533 816 2569 init.

323 2609 575 2664 ἀποταμόντα
597 2636 652 2643 —-
681 2612 754 2665 τήν
783 2617 918 2666 χεῖρα]

267 2676 375 2724 χεῖρςι
396 2672 454 2708 hic
471 2672 539 2708 dici
559 2671 761 2718 brachium,
793 2672 838 2708 ab
855 2671 922 2708 hu-

267 2742 367 2766 mero
392 2728 429 2764 in
460 2729 612 2765 extimos
636 2728 770 2776 digitos
794 2740 922 2778 porre-

268 2789 365 2822 ctum
383 2813 393 2832 ‚
413 2788 537 2821 monet
559 2783 778 2831 Wesseling.
811 2784 919 2820 Conf.

270 2841 377 2877 otiam
400 2839 462 2887 lV,
481 2842 546 2881 62.
586 2839 667 2876 Alia
687 2840 808 2876 adiicit
830 2839 923 2876 Lar-

270 2898 399 2934 cherus
413 2925 423 2943 ,
454 2897 489 2933 in
511 2896 640 2946 quibus
656 2895 804 2934 Homer.
822 2895 921 2932 Iliad.

987 1773 1063 1821 XI,
1084 1773 1177 1815 252.
1209 1773 1317 1821 ΧΠΙ,
1336 1772 1430 1815 539.
1448 1793 1504 1802 —
1522 1767 1641 1825 πρόσ-

987 1845 1116 1880 φατον
1144 1827 1281 1882 νεκρὸν
1308 1843 1415 1880 nuper
1435 1829 1640 1880 defunctum

984 1887 1176 1936 intelligit3
1223 1891 1265 1924 ut
1300 1887 1428 1923 iniuria
1467 1887 1515 1924 de
1552 1899 1642 1924 voce

985 1940 1215 1996 πρόσφατος
1243 1943 1383 1980 dubitet
1415 1942 1641 1992 Phrynichus

985 2014 1069 2051 pag.
1091 1999 1174 2040 374
1197 2013 1288 2048 seq.⁷
1310 1999 1370 2036 ubi
1389 2001 1461 2036 vid.
1478 1998 1642 2036 Lobeek.

1044 2053 1259 2096 ἐσελθόντα
1285 2052 1327 2094 δὲ
1356 2053 1410 2101 ώς
1434 2057 1507 2094 τοῦ
1531 2055 1642 2105 βασι-

986 2111 1073 2159 λέος
1103 2109 1176 2162 την
1205 2109 1432 2162 θυγατέρα]
1464 2108 1643 2162 βασιλέος

986 2169 1167 2207 edidimus
1186 2181 1253 2218 pro
1266 2168 1457 2218 βασιλῆος
1471 2171 1511 2203 ut
1533 2179 1642 2217 supra

988 2223 1026 2276 ἓ.
1052 2227 1088 2265 1.
1147 2224 1205 2262 De
1228 2224 1338 2261 verbo
1359 2222 1537 2262 ἐσελθεῖν
1555 2236 1642 2260 con-

987 2283 1042 2319 fer
1058 2285 1148 2318 nott.
1168 2281 1214 2317 ad
1248 2279 1300 2326 II,
1326 2278 1415 2320 115.
1473 2280 1515 2316 In
1537 2292 1640 2328 seqq.

987 2338 1117 2375 retinui
1149 2334 1213 2383 ὥς
1239 2348 1261 2372 a
1289 2335 1490 2384 Schweigh.
1523 2340 1643 2373 muta-

987 2398 1063 2430 tum
1084 2393 1120 2429 in
1139 2391 1199 2439 ἐς,
1226 2392 1273 2429 ad
1293 2392 1391 2440 quod
1411 2393 1641 2442 probandum

988 2449 1096 2486 affert
1127 2449 1165 2494 Ι,
1196 2450 1286 2488 116-
1339 2447 1393 2494 Π,
1426 2448 1517 2489 135.
1549 2449 1640 2489 147·

987 2505 1059 2551 ΙΙΙ,
1080 2504 1170 2545 140.
1227 2503 1306 2540 Nec
1326 2507 1448 2541 tamen
1472 2505 1642 2553 equidem

987 2561 1043 2598 his
1063 2563 1248 2610 permotus
1273 2572 1369 2606 sum,
1393 2565 1430 2596 ut
1447 2573 1468 2597 a
1487 2561 1642 2599 lectione

987 2621 1136 2666 recepta
1156 2617 1373 2653 recederem.
1412 2616 1519 2654 Conf.
1544 2617 1643 2654 Mat-

988 2673 1086 2710 thiae
1127 2672 1192 2708 Gr.
1229 2672 1294 2708 Gr.
1327 2684 1411 2721 pag.
1437 2673 1556 2714 1147.
1590 2694 1639 2700 —

989 2728 1062 2765 Pro
1091 2726 1361 2779 κρεμαμένου,
1401 2730 1500 2777 quod
1526 2729 1642 2766 minus

990 2789 1116 2834 aptum
1147 2788 1227 2831 est,
1265 2797 1344 2820 cum
1374 2784 1576 2835 Schweigh.
1607 2789 1644 2822 et

992 2840 1111 2877 Gaisf.
1133 2840 1231 2877 edidi
1252 2835 1520 2890 κρεμάμενον,
1543 2841 1644 2891 quod

992 2897 1134 2934 codices
1158 2896 1321 2933 nonnulli
1343 2896 1558 2936 offerebant.

1623 1228 1703 1267 162
