1759 3324
517 263 1045 304 EUTERPE.II.
1331 267 1412 308 ’ΠΙ

124 385 243 433 3μαι.
275 379 433 419 τοῦτον
459 374 539 429 μὲν
566 376 758 418 τοσαῦτα
787 371 1110 425 ἀποδέξασθαι,
1137 375 1226 417 τῶν
1257 374 1302 418 δὲ
1335 374 1410 419 ἄλ-

150 461 238 500 λων
269 453 427 498 οὐδένα
456 451 600 496 οὐδέν.
1422 461 1468 494 90

263 530 657 588 Παραμειψοῖμενος
686 524 749 574 ὧν
777 530 980 583 τούτους,
1010 533 1090 574 τοῦ
1119 529 1186 574 ἐπὶ
1214 530 1410 576 τούτοισι
1466 536 1740 601 ξὲξξρῑῐτῑξξτῆῆξξῇῑ

1466 605 1531 631 1⁴16
1546 605 1582 631 ad
1603 607 1683 633 1357:
1715 608 1739 634 is

1465 647 1499 665 ex
1519 639 1644 667 Arabico
1674 641 1740 668 sinu

28 543 125 589 102

147 613 386 669 γενομένου
415 609 637 668 βασιλέος,
668 613 730 670 τῷ
749 608 921 666 οὕνομα
939 605 994 666 ἦν
1013 610 1279 666 Σέσωστρις,
1303 611 1407 655 τού-

306 832 422 882 cap.
453 831 531 868 cn.

146 946 203 998 τῷ
234 941 390 995 οὕνομα
417 937 470 994 ἦν
499 940 742 994 Σέσωστρις]

87 995 143 1053 ἧν
161 1001 328 1051 rescripsi
346 1001 490 1037 iubente
509 1001 640 1037 Sti-uve
659 1013 743 1049 spe-

89 1060 169 1096 cim.
202 1058 287 1095 dial.
319 1057 458 1094 Herod.
489 1070 526 1106 p.
549 1060 623 1103 20,
661 1069 742 1093 cum

88 1119 244 1164 quatuor
263 1114 421 1151 melioris
446 1117 555 1150 notae
574 1113 654 1150 libri
671 1112 741 1149 hoc

90 1172 274 1208 offerrent.
333 1170 452 1219 Vulgo
484 1168 565 1219 ἔην.
599 1191 646 1197 -
679 1168 738 1206 De

91 1228 245 1265 Sesostri
291 1231 522 1277 comparetur
569 1225 738 1263 classicus

87 1284 241 1322 Diodori
260 1283 360 1320 locus
389 1283 428 1329 I,
451 1283 504 1323 53
528 1295 645 1332 seqq,
677 1281 738 1331 qui

86 1341 180 1378 inter
202 1341 319 1377 varias
341 1340 387 1376 de
416 1339 486 1375 hoc
509 1352 597 1388 rege
613 1351 739 1375 narra—

86 1398 204 1434 tiones
248 1395 500 1433 verisimillima
528 1409 567 1433 se
603 1396 739 1433 referre

85 1453 252 1490 affirmat.
308 1451 478 1501 Namque
510 1452 566 1489 vel
592 1451 630 1488 in
671 1464 738 1488 no-

85 1510 180 1546 mine
200 1508 298 1557 regis
330 1507 427 1545 haud
453 1520 565 1558 parva
597 1508 738 1545 dissen-

87 1566 141 1603 sio
161 1594 172 1613 ‚
221 1565 321 1614 quod
361 1564 436 1602 aliis
473 1568 530 1602 est
570 1563 740 1613 Sesothis,

86 1622 165 1659 aliis
203 1621 358 1658 semesis
375 1650 387 1669 ,
425 1621 503 1658 aliis
540 1620 738 1669 Se-wnclaeis,

86 1678 163 1715 aliis
182 1677 395 1721 Rama-mem
425 1690 497 1727 qua
515 1678 561 1715 de
582 1690 622 1715 re
643 1679 736 1715 conf.

87 1734 308 1783 lVesseling.
329 1739 404 1770 not.
431 1734 478 1770 ad
500 1733 652 1771 Diodor.
671 1735 693 1771 l.
713 1734 735 1771 l.

87 1795 123 1829 et
155 1791 266 1828 Beck.
299 1790 442 1839 allgem.
468 1790 690 1839 l'v'eltgesch.
720 1791 736 1827 Ι

84 1860 121 1898 p.
145 1846 238 1888 694.
295 1846 476 1896 Equidem
504 1846 574 1883 hoc
602 1847 736 1884 addam

86 1915 129 1942 ex
151 1903 310 1940 Heeren.
333 1903 443 1941 Ideen
466 1902 519 1949 Π,
541 1906 567 1944 2
595 1916 633 1953 p.
654 1905 736 1944 316

85 1972 182 2008 seq.:
212 1959 251 1996 in
280 1960 521 1996 monumentis
539 1958 738 2009 Aegyptia-

84 2017 156 2061 cis,
173 2028 324 2064 quorum
346 2017 559 2066 scripturam
583 2016 649 2053 sibi
672 2017 738 2054 de-

83 2073 216 2110 texisse
231 2072 299 2109 visi
318 2077 403 2109 sunt
424 2072 489 2109 viri
507 2073 617 2120 docti,
627 2085 738 2109 unum

83 2129 233 2166 inveniri
269 2141 403 2166 nomen
438 2128 641 2175 Ramesses,
680 2129 738 2166 id-

85 2198 155 2234 que
177 2186 401 2234 frequentius
431 2186 558 2234 quovis
587 2186 657 2222 alio
679 2199 736 2223 re-

85 2241 145 2290 gio
172 2242 340 2288 nomine,
371 2243 513 2292 saepius
533 2242 658 2279 addito
675 2254 735 2279 co-

86 2298 255 2346 gnomine
271 2298 392 2336 dilecti
410 2302 445 2336 et
462 2298 606 2348 probati
623 2299 734 2335 Amu-

85 2356 142 2400 πί,
164 2354 242 2404 filii
259 2354 316 2392 dez·
342 2355 448 2402 solis,
477 2356 649 2405 principis
670 2369 735 2405 po-

82 2409 171 2459 puli.
238 2411 349 2448 Cuius
375 2413 529 2448 nominis
566 2425 660 2461 quae
689 2412 735 2449 sit

85 2467 190 2513 ratio,
209 2469 380 2518 expedire
399 2469 534 2505 studuit
547 2468 732 2505 lablonsk.

84 2535 180 2559 vocc.
200 2522 316 2573 Aegg.
332 2538 368 2574 p.
388 2526 482 2565 288.
521 2524 617 2562 Add.
642 2538 736 2574 quae

87 2590 130 2614 ex
150 2578 350 2630 Champoll.
376 2581 483 2618 affert
509 2581 563 2618 M.
580 2582 734 2618 Fritsch.

87 2633 109 2669 l.
138 2634 185 2670 ad
207 2634 260 2682 ll,
284 2637 337 2677 36
360 2637 459 2673 lau&
524 2652 559 2688 p.
582 2640 648 2678 71.
678 2659 735 2665 --

84 2688 248 2727 Aetatem
268 2693 364 2741 regis
381 2707 444 2743 sep
486 2708 520 2730 ,ιι
530 2699 616 2744 post
625 2694 733 2732 Moe-

86 2746 200 2782 ridem
228 2750 519 2795 generationibus
539 2751 730 2801 (γενεαῖς)

87 2801 211 2838 definit
228 2803 408 2842 Diodorus
421 2835 432 2853 ,
459 2820 540 2843 cum
561 2807 732 2844 Herodo—

25 2897 29 2898 ⁷
87 2860 144 2893 tus
170 2859 322 2898 eundem
353 2861 508 2899 Moeridi
529 2864 731 2913 proximum

88 2912 264 2953 collocare
309 2917 482 2956 videatur.
550 2919 731 2957 Herodoti

813 830 1065 868 auctoritatem
1107 830 1270 879 sequitur
1316 835 1465 880 praeter

811 886 901 923 alios
925 886 1128 924 Larcherus
1157 887 1208 934 (t.
1219 887 1287 924 VII
1303 899 1388 936 pag.
1409 889 1464 929 86

813 956 914 992 seqq.
939 944 1041 991 576)
1062 943 1222 992 indeque
1245 956 1378 980 annum
1394 956 1463 993 po-

810 1000 864 1036 nit
888 1000 994 1040 1356
1030 1012 1063 1036 a.
1094 1000 1180 1036 Chr.
1212 1013 1272 1047 n.,
1311 1012 1384 1048 quo
1414 1001 1462 1037 ad

809 1069 964 1104 regnum
980 1056 1158 1093 Sesostris
1178 1056 1286 1094 fuerit
1305 1060 1462 1104 evectus,

810 1117 846 1150 et
874 1125 1007 1148 annum
1030 1114 1161 1159 1312,
1209 1123 1282 1161 quo
1307 1126 1462 1161 regnare

809 1169 968 1206 desierit.
1018 1168 1116 1205 Alias
1137 1169 1291 1206 aliorum
1313 1174 1462 1207 senten-

807 1225 876 1262 tias
893 1225 1085 1275 praebebit
1104 1225 1215 1262 Beck.
1238 1225 1260 1262 l.
1279 1225 1300 1262 l.
1313 1239 1350 1275 p.
1366 1229 1460 1272 697,

808 1282 863 1318 cui
893 1282 962 1318 hoc
993 1294 1104 1318 unuln
1133 1281 1324 1319 verisimile
1359 1283 1462 1319 vide-

805 1342 885 1385 tur,
905 1338 953 1374 ad
972 1337 1154 1375 saeculum
1169 1338 1343 1375 decimum
1355 1339 1461 1387 quin-

805 1398 883 1431 tum
920 1407 952 1431 a.
987 1394 1073 1431 Chr.
1104 1407 1139 1431 n.
1169 1394 1264 1431 hunc
1299 1395 1460 1443 Aegypti

804 1464 928 1499 regem
977 1463 1057 1488 esse
1104 1451 1344 1488 referendum.
1402 1450 1460 1488 De

806 1508 1095 1557 expeditionibus
1125 1506 1285 1555 bellicis,
1329 1508 1459 1556 quibus

805 1568 998 1614 tantopere
1046 1564 1224 1601 Sesostris
1282 1564 1459 1611 inclaruit,

805 1625 931 1658 auctor
955 1625 1011 1658 est
1027 1620 1179 1657 Diodor.
1209 1619 1248 1668 I,
1267 1621 1319 1662 55
1341 1633 1458 1669 seqq„

805 1677 866 1713 ubi
894 1677 1043 1714 alioruin
1071 1677 1281 1714 testimonia
1303 1677 1458 1713 adnota-

803 1738 888 1770 runt
925 1734 1152 1783 interpretes.
1218 1732 1330 1770 Plura
1365 1733 1458 1770 hanc

804 1789 841 1826 in
860 1803 933 1827 rem
952 1790 1066 1827 Beck.
1093 1789 1115 1826 l.
1145 1789 1167 1826 l.
1192 1804 1227 1839 p.
1250 1789 1332 1830 694
1354 1802 1457 1838 seqq.

805 1846 884 1884 coll.
907 1846 1036 1895 Zoega
1057 1847 1103 1883 de
1126 1846 1291 1884 obelisco.
1315 1859 1352 1895 p.
1376 1847 1458 1886 577

807 1915 932 1951 seqq.,
962 1902 1024 1939 ubi
1054 1906 1131 1939 not.
1157 1916 1182 1951 g
1214 1903 1264 1943 15
1296 1906 1458 1939 veterum

805 1958 875 1996 loci
892 1960 938 1996 de
949 1959 1110 1997 Sesostri
1130 1959 1268 1996 collecti
1285 1958 1458 1996 exhiben-

806 2019 874 2052 tur.
930 2014 1051 2064 Atque
1085 2015 1241 2053 Diodori
1281 2014 1377 2051 illum
1405 2014 1459 2050 lo-

807 2085 906 2118 cum,
936 2076 1110 2109 monente
1129 2072 1158 2110 C
1166 2085 1210 2119 r„
1230 2084 1347 2121 nuper
1367 2084 1458 2120 quo-

806 2141 878 2177 que
896 2129 1133 2166 exhibuerunt
1164 2133 1202 2166 et
1225 2141 1306 2165 cum
1328 2140 1459 2164 monu-

804 2185 936 2222 mentis
965 2184 1161 2222 Thebaicis
1191 2198 1309 2235 prope
1335 2183 1458 2221 Medi-

803 2242 974 2290 nat-abu
1023 2242 1249 2280 contulerunt
1292 2244 1457 2278 auctores

803 2299 945 2348 operis:
995 2299 1166 2349 descript.
1205 2299 1252 2335 de
1290 2297 1456 2347 l’Egypt.

801 2354 873 2392 vol.
901 2354 946 2391 ΙΙ.
987 2355 1105 2392 Theb.
1144 2368 1231 2405 pag.
1260 2356 1314 2395 60
1353 2366 1456 2402 seqq.

801 2411 973 2461 Namque
990 2411 1180 2449 Thebaica
1208 2415 1293 2448 sunt
1311 2410 1458 2461 potissi-

801 2481 900 2505 mum
917 2472 1152 2505 monumenta
1179 2471 1216 2506 et
1233 2466 1357 2518 palatii
1372 2480 1458 2516 pro-

802 2538 850 2575 pe
872 2525 1027 2561 Karnak
1046 2526 1178 2562 rudera
1193 2553 1203 2571 ,
1236 2537 1390 2572 quorum
1420 2525 1456 2560 in

802 2581 1018 2632 anaglyphis
1039 2585 1186 2631 praeter
1209 2580 1280 2617 alia
1304 2580 1456 2617 aliorum

801 2651 930 2686 regum
957 2638 1120 2675 facinora
1150 2637 1322 2688 plurimas
1348 2649 1405 2674 res
1434 2649 1456 2673 a

802 2695 961 2732 Sesostri
976 2699 1099 2743 gestas
1112 2695 1159 2731 ad
1169 2693 1353 2730 oculorum
1373 2705 1456 2730 sen-

801 2764 878 2788 sum
899 2753 1086 2788 traductas
1115 2751 1283 2799 beneque
1308 2762 1456 2799 reprae-

801 2811 961 2846 sentatas
972 2807 1231 2858 conspicimus,
1250 2806 1347 2843 unde
1360 2817 1455 2854 quae

800 2864 898 2913 apud
926 2865 1154 2902 Herodotum
1187 2867 1224 2900 et
1251 2862 1453 2900 Diodorum

799 2921 994 2959 memoriae
1007 2920 1154 2972 prodita
1173 2922 1337 2966 exstant,
1358 2918 1454 2968 opti-
