<?xml version="1.0" encoding="UTF-8"?>
<!DOCTYPE html PUBLIC "-//W3C//DTD XHTML 1.0 Transitional//EN"
    "http://www.w3.org/TR/xhtml1/DTD/xhtml1-transitional.dtd">
<html xmlns="http://www.w3.org/1999/xhtml" xml:lang="en" lang="en">
 <head>
  <title>
</title>
<meta http-equiv="Content-Type" content="text/html;charset=utf-8" />
  <meta name='ocr-system' content='tesseract 3.04.00' />
  <meta name='ocr-capabilities' content='ocr_page ocr_carea ocr_par ocr_line ocrx_word'/>
</head>
<body>
  <div class='ocr_page' id='page_1' title='image "./musaeher01hero/musaeher01hero_0254.png"; bbox 0 0 1768 3315; ppageno 0'>
   <div class='ocr_carea' id='block_1_1' title="bbox 341 254 424 294">
    <p class='ocr_par' dir='ltr' id='par_1_1' title="bbox 341 254 424 294">
     <span class='ocr_line' id='line_1_1' title="bbox 341 254 424 294; baseline -0.012 0"><span class='ocrx_word' id='word_1_1' title='bbox 341 254 424 294; x_wconf 67' lang='lat'>240</span> 
     </span>
    </p>
   </div>
   <div class='ocr_carea' id='block_1_2' title="bbox 313 357 1183 418">
    <p class='ocr_par' dir='ltr' id='par_1_2' title="bbox 313 357 1183 418">
     <span class='ocr_line' id='line_1_2' title="bbox 313 357 1183 418; baseline 0.001 -15"><span class='ocrx_word' id='word_1_2' title='bbox 313 364 510 416; x_wconf 69' lang='grc' dir='ltr'><strong><em>Ξπρῶτοι</em></strong></span> <span class='ocrx_word' id='word_1_3' title='bbox 549 357 596 403; x_wconf 74' lang='grc' dir='ltr'>δὲ</span> <span class='ocrx_word' id='word_1_4' title='bbox 634 359 709 403; x_wconf 82' lang='grc' dir='ltr'><strong><em>καὶ</em></strong></span> <span class='ocrx_word' id='word_1_5' title='bbox 745 358 933 417; x_wconf 80' lang='grc' dir='ltr'><em>κάπηλοι</em></span> <span class='ocrx_word' id='word_1_6' title='bbox 968 359 1183 418; x_wconf 78' lang='grc' dir='ltr'><strong><em>ἐγένοντο.</em></strong></span> 
     </span>
    </p>
   </div>
   <div class='ocr_carea' id='block_1_3' title="bbox 731 250 1204 291">
    <p class='ocr_par' dir='ltr' id='par_1_3' title="bbox 731 250 1204 291">
     <span class='ocr_line' id='line_1_3' title="bbox 731 250 1204 291; baseline -0.002 -2"><span class='ocrx_word' id='word_1_7' title='bbox 731 250 1204 291; x_wconf 87' lang='lat' dir='ltr'>HERODOTI</span> 
     </span>
    </p>
   </div>
   <div class='ocr_carea' id='block_1_4' title="bbox 1247 356 1602 403">
    <p class='ocr_par' dir='ltr' id='par_1_4' title="bbox 1247 356 1602 403">
     <span class='ocr_line' id='line_1_4' title="bbox 1247 356 1602 403; baseline -0.006 0"><span class='ocrx_word' id='word_1_8' title='bbox 1247 359 1362 403; x_wconf 88' lang='grc' dir='ltr'><strong><em>Φασὶ</em></strong></span> <span class='ocrx_word' id='word_1_9' title='bbox 1400 357 1447 402; x_wconf 76' lang='grc' dir='ltr'>δὲ</span> <span class='ocrx_word' id='word_1_10' title='bbox 1476 356 1602 402; x_wconf 84' lang='grc' dir='ltr'><strong><em>αὐτοὶ</em></strong></span> 
     </span>
    </p>
   </div>
   <div class='ocr_carea' id='block_1_5' title="bbox 341 437 1660 495">
    <p class='ocr_par' dir='ltr' id='par_1_5' title="bbox 341 437 1660 495">
     <span class='ocr_line' id='line_1_5' title="bbox 341 437 1660 495; baseline -0.005 -10"><span class='ocrx_word' id='word_1_11' title='bbox 341 439 503 490; x_wconf 84' lang='grc' dir='ltr'><strong><em>Λυδοὶ,</em></strong></span> <span class='ocrx_word' id='word_1_12' title='bbox 533 437 608 482; x_wconf 82' lang='grc' dir='ltr'><strong><em>καὶ</em></strong></span> <span class='ocrx_word' id='word_1_13' title='bbox 636 438 713 490; x_wconf 73' lang='grc' dir='ltr'>τὰς</span> <span class='ocrx_word' id='word_1_14' title='bbox 741 441 945 495; x_wconf 79' lang='grc' dir='ltr'><strong><em>παιγνίας</em></strong></span> <span class='ocrx_word' id='word_1_15' title='bbox 973 438 1050 491; x_wconf 76' lang='grc' dir='ltr'><strong><em>τοὶς</em></strong></span> <span class='ocrx_word' id='word_1_16' title='bbox 1077 444 1162 484; x_wconf 87' lang='grc' dir='ltr'>νῦν</span> <span class='ocrx_word' id='word_1_17' title='bbox 1191 441 1315 494; x_wconf 83' lang='grc' dir='ltr'><strong><em>σφίσι</em></strong></span> <span class='ocrx_word' id='word_1_18' title='bbox 1343 454 1388 482; x_wconf 88' lang='grc' dir='ltr'>τε</span> <span class='ocrx_word' id='word_1_19' title='bbox 1416 438 1490 482; x_wconf 84' lang='grc' dir='ltr'><strong><em>καὶ</em></strong></span> <span class='ocrx_word' id='word_1_20' title='bbox 1506 437 1660 481; x_wconf 63' lang='lat' dir='ltr'>‘&#39;EA-60</span> 
     </span>
    </p>
   </div>
   <div class='ocr_carea' id='block_1_6' title="bbox 313 515 1602 576">
    <p class='ocr_par' dir='ltr' id='par_1_6' title="bbox 313 515 1602 576">
     <span class='ocr_line' id='line_1_6' title="bbox 313 515 1602 576; baseline -0.002 -14"><span class='ocrx_word' id='word_1_21' title='bbox 313 525 440 576; x_wconf 76' lang='grc' dir='ltr'><strong><em>Βλησι</em></strong></span> <span class='ocrx_word' id='word_1_22' title='bbox 469 515 783 570; x_wconf 72' lang='grc' dir='ltr'><strong><em>κατεστεώσας,</em></strong></span> <span class='ocrx_word' id='word_1_23' title='bbox 815 518 990 562; x_wconf 76' lang='grc' dir='ltr'><strong><em>ἑωυτῶν</em></strong></span> <span class='ocrx_word' id='word_1_24' title='bbox 1019 517 1231 575; x_wconf 81' lang='grc' dir='ltr'><strong><em>ἐξεύρημα</em></strong></span> <span class='ocrx_word' id='word_1_25' title='bbox 1259 516 1473 574; x_wconf 74' lang='grc' dir='ltr'><strong><em>γενέσθαι.</em></strong></span> <span class='ocrx_word' id='word_1_26' title='bbox 1512 515 1602 572; x_wconf 79' lang='grc' dir='ltr'><strong><em>ἅμα</em></strong></span> 
     </span>
    </p>
   </div>
   <div class='ocr_carea' id='block_1_7' title="bbox 341 595 1603 654">
    <p class='ocr_par' dir='ltr' id='par_1_7' title="bbox 341 595 1603 654">
     <span class='ocr_line' id='line_1_7' title="bbox 341 595 1603 654; baseline -0.002 -12"><span class='ocrx_word' id='word_1_27' title='bbox 341 599 387 642; x_wconf 83' lang='grc' dir='ltr'>δὲ</span> <span class='ocrx_word' id='word_1_28' title='bbox 415 596 575 648; x_wconf 84' lang='grc' dir='ltr'><strong><em>ταύτας</em></strong></span> <span class='ocrx_word' id='word_1_29' title='bbox 603 612 648 639; x_wconf 88' lang='grc' dir='ltr'>τε</span> <span class='ocrx_word' id='word_1_30' title='bbox 675 595 954 653; x_wconf 76' lang='grc' dir='ltr'><strong><em>ἐξευρεθῆναι</em></strong></span> <span class='ocrx_word' id='word_1_31' title='bbox 990 597 1108 652; x_wconf 69' lang='grc' dir='ltr'><strong><em>παρὰ</em></strong></span> <span class='ocrx_word' id='word_1_32' title='bbox 1144 599 1267 654; x_wconf 83' lang='grc' dir='ltr'><strong><em>σφίσι</em></strong></span> <span class='ocrx_word' id='word_1_33' title='bbox 1296 598 1499 653; x_wconf 78' lang='grc' dir='ltr'><strong><em>λέγουσι,</em></strong></span> <span class='ocrx_word' id='word_1_34' title='bbox 1527 595 1603 639; x_wconf 82' lang='grc' dir='ltr'><strong><em>καὶ</em></strong></span> 
     </span>
    </p>
   </div>
   <div class='ocr_carea' id='block_1_8' title="bbox 344 670 1600 733">
    <p class='ocr_par' dir='ltr' id='par_1_8' title="bbox 344 670 1600 733">
     <span class='ocr_line' id='line_1_8' title="bbox 344 670 1600 733; baseline -0.004 -13"><span class='ocrx_word' id='word_1_35' title='bbox 344 677 592 733; x_wconf 81' lang='grc' dir='ltr'><em>Τυρσηνίην</em></span> <span class='ocrx_word' id='word_1_36' title='bbox 631 672 879 719; x_wconf 77' lang='grc' dir='ltr'><strong><em>ἀποικίσαι·</em></strong></span> <span class='ocrx_word' id='word_1_37' title='bbox 924 670 1008 720; x_wconf 79' lang='grc' dir='ltr'>ὦδε</span> <span class='ocrx_word' id='word_1_38' title='bbox 1052 677 1151 731; x_wconf 78' lang='grc' dir='ltr'><strong><em>περὶ</em></strong></span> <span class='ocrx_word' id='word_1_39' title='bbox 1202 675 1351 720; x_wconf 79' lang='grc' dir='ltr'><strong><em>αὐτῶν</em></strong></span> <span class='ocrx_word' id='word_1_40' title='bbox 1391 675 1600 732; x_wconf 78' lang='grc' dir='ltr'><strong><em>λέγοντες.</em></strong></span> 
     </span>
    </p>
   </div>
   <div class='ocr_carea' id='block_1_9' title="bbox 283 797 560 804">
    <p class='ocr_par' dir='ltr' id='par_1_9' title="bbox 283 797 560 804">
     <span class='ocr_line' id='line_1_9' title="bbox 283 797 560 804; baseline 0 2511"><span class='ocrx_word' id='word_1_41' title='bbox 283 797 560 804; x_wconf 95' lang='lat' dir='ltr'> </span> 
     </span>
    </p>
   </div>
   <div class='ocr_carea' id='block_1_10' title="bbox 280 868 939 2933">
    <p class='ocr_par' dir='ltr' id='par_1_10' title="bbox 281 868 939 1881">
     <span class='ocr_line' id='line_1_10' title="bbox 281 868 935 922; baseline -0.003 -12"><span class='ocrx_word' id='word_1_42' title='bbox 281 872 411 922; x_wconf 87' lang='lat' dir='ltr'>rieget.</span> <span class='ocrx_word' id='word_1_43' title='bbox 434 884 487 909; x_wconf 90' lang='lat' dir='ltr'>vs.</span> <span class='ocrx_word' id='word_1_44' title='bbox 506 869 601 913; x_wconf 85' lang='lat'>840.</span> <span class='ocrx_word' id='word_1_45' title='bbox 656 868 738 909; x_wconf 90' lang='lat' dir='ltr'>Nec</span> <span class='ocrx_word' id='word_1_46' title='bbox 761 870 935 909; x_wconf 86' lang='lat' dir='ltr'>abhorret</span> 
     </span>
     <span class='ocr_line' id='line_1_11' title="bbox 282 926 935 979; baseline -0.005 -12"><span class='ocrx_word' id='word_1_47' title='bbox 282 942 305 967; x_wconf 86' lang='lat' dir='ltr'>a</span> <span class='ocrx_word' id='word_1_48' title='bbox 329 942 369 967; x_wconf 92' lang='lat' dir='ltr'>re</span> <span class='ocrx_word' id='word_1_49' title='bbox 397 928 502 979; x_wconf 81' lang='lat' dir='ltr'>ipsa3</span> <span class='ocrx_word' id='word_1_50' title='bbox 540 930 719 976; x_wconf 88' lang='lat' dir='ltr'>quatenus</span> <span class='ocrx_word' id='word_1_51' title='bbox 746 926 935 976; x_wconf 81' lang='lat' dir='ltr'>Lydorum</span> 
     </span>
     <span class='ocr_line' id='line_1_12' title="bbox 282 984 938 1034; baseline -0.005 -11"><span class='ocrx_word' id='word_1_52' title='bbox 282 989 430 1034; x_wconf 87' lang='lat' dir='ltr'>gentem</span> <span class='ocrx_word' id='word_1_53' title='bbox 452 988 489 1023; x_wconf 88' lang='lat' dir='ltr'>et</span> <span class='ocrx_word' id='word_1_54' title='bbox 508 988 730 1021; x_wconf 80' lang='lat' dir='ltr'>mercaturae</span> <span class='ocrx_word' id='word_1_55' title='bbox 757 987 793 1021; x_wconf 91' lang='lat' dir='ltr'>et</span> <span class='ocrx_word' id='word_1_56' title='bbox 820 984 938 1021; x_wconf 88' lang='lat' dir='ltr'>omni-</span> 
     </span>
     <span class='ocr_line' id='line_1_13' title="bbox 281 1040 936 1090; baseline -0.005 -11"><span class='ocrx_word' id='word_1_57' title='bbox 281 1042 351 1079; x_wconf 86' lang='lat' dir='ltr'>bus</span> <span class='ocrx_word' id='word_1_58' title='bbox 371 1041 438 1088; x_wconf 87' lang='lat' dir='ltr'>iis,</span> <span class='ocrx_word' id='word_1_59' title='bbox 468 1053 563 1090; x_wconf 89' lang='lat' dir='ltr'>quae</span> <span class='ocrx_word' id='word_1_60' title='bbox 593 1041 642 1077; x_wconf 86' lang='lat' dir='ltr'>ad</span> <span class='ocrx_word' id='word_1_61' title='bbox 670 1040 783 1077; x_wconf 67' lang='lat' dir='ltr'>vitam</span> <span class='ocrx_word' id='word_1_62' title='bbox 809 1040 936 1078; x_wconf 85' lang='lat' dir='ltr'>cultio-</span> 
     </span>
     <span class='ocr_line' id='line_1_14' title="bbox 281 1096 937 1147; baseline -0.005 -11"><span class='ocrx_word' id='word_1_63' title='bbox 281 1111 360 1136; x_wconf 89' lang='lat' dir='ltr'>rem</span> <span class='ocrx_word' id='word_1_64' title='bbox 399 1097 567 1147; x_wconf 83' lang='lat' dir='ltr'>adeoque</span> <span class='ocrx_word' id='word_1_65' title='bbox 594 1096 793 1134; x_wconf 86' lang='lat' dir='ltr'>molliorem</span> <span class='ocrx_word' id='word_1_66' title='bbox 822 1097 937 1147; x_wconf 80' lang='lat' dir='ltr'>perti-</span> 
     </span>
     <span class='ocr_line' id='line_1_15' title="bbox 282 1153 936 1203; baseline -0.006 -10"><span class='ocrx_word' id='word_1_67' title='bbox 282 1158 393 1201; x_wconf 86' lang='lat' dir='ltr'>nent,</span> <span class='ocrx_word' id='word_1_68' title='bbox 422 1153 529 1191; x_wconf 75' lang='lat' dir='ltr'>valde</span> <span class='ocrx_word' id='word_1_69' title='bbox 548 1153 710 1191; x_wconf 89' lang='lat' dir='ltr'>deditam</span> <span class='ocrx_word' id='word_1_70' title='bbox 727 1153 841 1190; x_wconf 88' lang='lat' dir='ltr'>fuisse</span> <span class='ocrx_word' id='word_1_71' title='bbox 854 1153 936 1203; x_wconf 90' lang='lat' dir='ltr'>plu-</span> 
     </span>
     <span class='ocr_line' id='line_1_16' title="bbox 281 1209 937 1257; baseline -0.003 -9"><span class='ocrx_word' id='word_1_72' title='bbox 281 1224 323 1248; x_wconf 90' lang='lat' dir='ltr'>ra</span> <span class='ocrx_word' id='word_1_73' title='bbox 343 1211 511 1248; x_wconf 75' lang='lat' dir='ltr'>evincunt</span> <span class='ocrx_word' id='word_1_74' title='bbox 533 1209 762 1257; x_wconf 81' lang='lat' dir='ltr'>testimonia,</span> <span class='ocrx_word' id='word_1_75' title='bbox 807 1209 937 1246; x_wconf 85' lang='lat' dir='ltr'>collata</span> 
     </span>
     <span class='ocr_line' id='line_1_17' title="bbox 282 1265 934 1304; baseline -0.002 0"><span class='ocrx_word' id='word_1_76' title='bbox 282 1268 329 1304; x_wconf 93' lang='lat' dir='ltr'>ab</span> <span class='ocrx_word' id='word_1_77' title='bbox 345 1266 529 1304; x_wconf 88' lang='lat' dir='ltr'>Heerenio</span> <span class='ocrx_word' id='word_1_78' title='bbox 550 1267 588 1303; x_wconf 90' lang='lat' dir='ltr'>in</span> <span class='ocrx_word' id='word_1_79' title='bbox 604 1265 695 1302; x_wconf 91' lang='lat' dir='ltr'>libro</span> <span class='ocrx_word' id='word_1_80' title='bbox 715 1265 771 1303; x_wconf 92' lang='lat' dir='ltr'>cui</span> <span class='ocrx_word' id='word_1_81' title='bbox 786 1266 934 1303; x_wconf 85' lang='lat' dir='ltr'>titulus:</span> 
     </span>
     <span class='ocr_line' id='line_1_18' title="bbox 281 1321 936 1372; baseline -0.003 -12"><span class='ocrx_word' id='word_1_82' title='bbox 281 1323 395 1361; x_wconf 88' lang='lat' dir='ltr'>Ideen</span> <span class='ocrx_word' id='word_1_83' title='bbox 410 1327 476 1360; x_wconf 88' lang='lat' dir='ltr'>etc.</span> <span class='ocrx_word' id='word_1_84' title='bbox 495 1322 534 1369; x_wconf 90' lang='lat' dir='ltr'>I,</span> <span class='ocrx_word' id='word_1_85' title='bbox 558 1324 581 1363; x_wconf 87' lang='lat'>1</span> <span class='ocrx_word' id='word_1_86' title='bbox 605 1321 797 1372; x_wconf 87' lang='lat' dir='ltr'>pag.155.</span> <span class='ocrx_word' id='word_1_87' title='bbox 837 1322 936 1358; x_wconf 88' lang='lat' dir='ltr'>Hinc</span> 
     </span>
     <span class='ocr_line' id='line_1_19' title="bbox 283 1378 936 1428; baseline -0.005 -10"><span class='ocrx_word' id='word_1_88' title='bbox 283 1380 414 1427; x_wconf 83' lang='lat' dir='ltr'>etiam,</span> <span class='ocrx_word' id='word_1_89' title='bbox 443 1383 483 1416; x_wconf 90' lang='lat' dir='ltr'>ut</span> <span class='ocrx_word' id='word_1_90' title='bbox 499 1379 694 1428; x_wconf 84' lang='lat' dir='ltr'>adscripsit</span> <span class='ocrx_word' id='word_1_91' title='bbox 712 1378 788 1426; x_wconf 67' lang='lat' dir='ltr'>Cr„</span> <span class='ocrx_word' id='word_1_92' title='bbox 812 1378 936 1416; x_wconf 89' lang='lat' dir='ltr'>Hero-</span> 
     </span>
     <span class='ocr_line' id='line_1_20' title="bbox 284 1434 936 1484; baseline -0.003 -11"><span class='ocrx_word' id='word_1_93' title='bbox 284 1437 413 1473; x_wconf 90' lang='lat' dir='ltr'>dotum</span> <span class='ocrx_word' id='word_1_94' title='bbox 432 1436 510 1473; x_wconf 88' lang='lat' dir='ltr'>iure</span> <span class='ocrx_word' id='word_1_95' title='bbox 529 1435 691 1484; x_wconf 88' lang='lat' dir='ltr'>sequitur</span> <span class='ocrx_word' id='word_1_96' title='bbox 710 1434 872 1472; x_wconf 84' lang='lat' dir='ltr'>Boeckh.</span> <span class='ocrx_word' id='word_1_97' title='bbox 898 1435 936 1471; x_wconf 92' lang='lat' dir='ltr'>in</span> 
     </span>
     <span class='ocr_line' id='line_1_21' title="bbox 285 1490 937 1530; baseline -0.005 0"><span class='ocrx_word' id='word_1_98' title='bbox 285 1492 376 1530; x_wconf 90' lang='lat' dir='ltr'>libro</span> <span class='ocrx_word' id='word_1_99' title='bbox 395 1492 442 1529; x_wconf 91' lang='lat' dir='ltr'>de</span> <span class='ocrx_word' id='word_1_100' title='bbox 463 1492 689 1529; x_wconf 90' lang='lat' dir='ltr'>Oeconomia</span> <span class='ocrx_word' id='word_1_101' title='bbox 704 1490 937 1528; x_wconf 85' lang='lat' dir='ltr'>Athenienss.</span> 
     </span>
     <span class='ocr_line' id='line_1_22' title="bbox 281 1546 939 1600; baseline -0.005 -14"><span class='ocrx_word' id='word_1_102' title='bbox 281 1549 300 1586; x_wconf 93' lang='lat' dir='ltr'>I</span> <span class='ocrx_word' id='word_1_103' title='bbox 331 1560 418 1600; x_wconf 86' lang='lat' dir='ltr'>pag.</span> <span class='ocrx_word' id='word_1_104' title='bbox 440 1551 519 1595; x_wconf 80' lang='lat'>22,</span> <span class='ocrx_word' id='word_1_105' title='bbox 567 1546 655 1584; x_wconf 90' lang='lat' dir='ltr'>illud</span> <span class='ocrx_word' id='word_1_106' title='bbox 685 1560 832 1596; x_wconf 89' lang='lat' dir='ltr'>quoque</span> <span class='ocrx_word' id='word_1_107' title='bbox 859 1560 939 1584; x_wconf 91' lang='lat' dir='ltr'>mo-</span> 
     </span>
     <span class='ocr_line' id='line_1_23' title="bbox 282 1603 938 1653; baseline -0.006 -10"><span class='ocrx_word' id='word_1_108' title='bbox 282 1618 376 1643; x_wconf 88' lang='lat' dir='ltr'>nens</span> <span class='ocrx_word' id='word_1_109' title='bbox 386 1633 398 1652; x_wconf 86' lang='lat'><strong>,</strong></span> <span class='ocrx_word' id='word_1_110' title='bbox 445 1616 555 1653; x_wconf 91' lang='lat' dir='ltr'>quam</span> <span class='ocrx_word' id='word_1_111' title='bbox 587 1616 701 1652; x_wconf 83' lang='lat' dir='ltr'>egens</span> <span class='ocrx_word' id='word_1_112' title='bbox 727 1603 803 1640; x_wconf 91' lang='lat' dir='ltr'>auri</span> <span class='ocrx_word' id='word_1_113' title='bbox 829 1603 938 1640; x_wconf 88' lang='lat' dir='ltr'>fuerit</span> 
     </span>
     <span class='ocr_line' id='line_1_24' title="bbox 284 1659 939 1710; baseline -0.003 -12"><span class='ocrx_word' id='word_1_114' title='bbox 284 1660 440 1699; x_wconf 85' lang='lat' dir='ltr'>Graecia</span> <span class='ocrx_word' id='word_1_115' title='bbox 460 1673 504 1698; x_wconf 89' lang='lat' dir='ltr'>eo</span> <span class='ocrx_word' id='word_1_116' title='bbox 521 1665 687 1710; x_wconf 88' lang='lat' dir='ltr'>tempore</span> <span class='ocrx_word' id='word_1_117' title='bbox 699 1689 709 1705; x_wconf 93' lang='lat'>‚</span> <span class='ocrx_word' id='word_1_118' title='bbox 732 1672 805 1708; x_wconf 92' lang='lat' dir='ltr'>quo</span> <span class='ocrx_word' id='word_1_119' title='bbox 822 1659 939 1696; x_wconf 86' lang='lat' dir='ltr'>Croe-</span> 
     </span>
     <span class='ocr_line' id='line_1_25' title="bbox 283 1715 937 1754; baseline -0.003 0"><span class='ocrx_word' id='word_1_120' title='bbox 283 1731 346 1754; x_wconf 86' lang='lat' dir='ltr'>sus</span> <span class='ocrx_word' id='word_1_121' title='bbox 386 1717 460 1754; x_wconf 86' lang='lat' dir='ltr'>iam</span> <span class='ocrx_word' id='word_1_122' title='bbox 495 1720 648 1754; x_wconf 88' lang='lat' dir='ltr'>stateres</span> <span class='ocrx_word' id='word_1_123' title='bbox 690 1728 820 1753; x_wconf 89' lang='lat' dir='ltr'>aureos</span> <span class='ocrx_word' id='word_1_124' title='bbox 854 1715 937 1752; x_wconf 92' lang='lat' dir='ltr'>cudi</span> 
     </span>
     <span class='ocr_line' id='line_1_26' title="bbox 281 1772 938 1824; baseline -0.002 -14"><span class='ocrx_word' id='word_1_125' title='bbox 281 1773 409 1821; x_wconf 88' lang='lat' dir='ltr'>iussit,</span> <span class='ocrx_word' id='word_1_126' title='bbox 425 1786 493 1823; x_wconf 91' lang='lat' dir='ltr'>per</span> <span class='ocrx_word' id='word_1_127' title='bbox 505 1772 702 1810; x_wconf 87' lang='lat' dir='ltr'>Graeciam</span> <span class='ocrx_word' id='word_1_128' title='bbox 719 1773 838 1824; x_wconf 85' lang='lat' dir='ltr'>ipsam</span> <span class='ocrx_word' id='word_1_129' title='bbox 853 1772 938 1810; x_wconf 90' lang='lat' dir='ltr'>dein</span> 
     </span>
     <span class='ocr_line' id='line_1_27' title="bbox 281 1842 446 1881; baseline 0.006 -15"><span class='ocrx_word' id='word_1_130' title='bbox 281 1842 446 1881; x_wconf 79' lang='lat' dir='ltr'>sparsos-</span> 
     </span>
    </p>

    <p class='ocr_par' dir='ltr' id='par_1_11' title="bbox 280 1878 939 2933">
     <span class='ocr_line' id='line_1_28' title="bbox 337 1878 938 1937; baseline -0.002 -13"><span class='ocrx_word' id='word_1_131' title='bbox 337 1887 490 1937; x_wconf 76' lang='grc' dir='ltr'><strong><em>πρῶτοι</em></strong></span> <span class='ocrx_word' id='word_1_132' title='bbox 518 1881 562 1924; x_wconf 79' lang='grc' dir='ltr'>δὲ</span> <span class='ocrx_word' id='word_1_133' title='bbox 600 1881 669 1924; x_wconf 84' lang='grc' dir='ltr'><strong><em>καὶ</em></strong></span> <span class='ocrx_word' id='word_1_134' title='bbox 709 1878 938 1934; x_wconf 72' lang='grc' dir='ltr'><strong><em>κάπηλοι</em></strong></span> 
     </span>
     <span class='ocr_line' id='line_1_29' title="bbox 284 1940 938 1994; baseline -0.005 -13"><span class='ocrx_word' id='word_1_135' title='bbox 284 1940 490 1994; x_wconf 76' lang='grc' dir='ltr'><strong><em>ἐγένοντο]</em></strong></span> <span class='ocrx_word' id='word_1_136' title='bbox 534 1940 596 1978; x_wconf 89' lang='lat' dir='ltr'>Ad</span> <span class='ocrx_word' id='word_1_137' title='bbox 634 1941 938 1990; x_wconf 83' lang='lat' dir='ltr'>significationem</span> 
     </span>
     <span class='ocr_line' id='line_1_30' title="bbox 284 1992 938 2047; baseline 0 -12"><span class='ocrx_word' id='word_1_138' title='bbox 284 1998 480 2036; x_wconf 86' lang='lat' dir='ltr'>verborum</span> <span class='ocrx_word' id='word_1_139' title='bbox 497 1993 739 2047; x_wconf 77' lang='grc' dir='ltr'><strong><em>καπηλεύειν</em></strong></span> <span class='ocrx_word' id='word_1_140' title='bbox 761 2001 797 2034; x_wconf 92' lang='lat' dir='ltr'>et</span> <span class='ocrx_word' id='word_1_141' title='bbox 810 1992 938 2046; x_wconf 74' lang='grc' dir='ltr'><strong><em>κάπη-</em></strong></span> 
     </span>
     <span class='ocr_line' id='line_1_31' title="bbox 282 2052 939 2102; baseline -0.006 -9"><span class='ocrx_word' id='word_1_142' title='bbox 282 2056 351 2100; x_wconf 80' lang='grc' dir='ltr'>λος</span> <span class='ocrx_word' id='word_1_143' title='bbox 388 2053 542 2102; x_wconf 85' lang='lat' dir='ltr'>insignis</span> <span class='ocrx_word' id='word_1_144' title='bbox 578 2052 708 2090; x_wconf 85' lang='lat' dir='ltr'>Nostri</span> <span class='ocrx_word' id='word_1_145' title='bbox 740 2052 840 2089; x_wconf 90' lang='lat' dir='ltr'>locus</span> <span class='ocrx_word' id='word_1_146' title='bbox 880 2056 939 2090; x_wconf 81' lang='lat' dir='ltr'>est</span> 
     </span>
     <span class='ocr_line' id='line_1_32' title="bbox 280 2107 937 2157; baseline -0.003 -10"><span class='ocrx_word' id='word_1_147' title='bbox 280 2109 356 2157; x_wconf 87' lang='grc' dir='ltr'>ΙΙΙ,</span> <span class='ocrx_word' id='word_1_148' title='bbox 384 2111 462 2157; x_wconf 88' lang='grc'>89,</span> <span class='ocrx_word' id='word_1_149' title='bbox 500 2108 562 2146; x_wconf 89' lang='lat' dir='ltr'>ubi</span> <span class='ocrx_word' id='word_1_150' title='bbox 589 2110 683 2145; x_wconf 90' lang='lat' dir='ltr'>conf.</span> <span class='ocrx_word' id='word_1_151' title='bbox 714 2107 937 2156; x_wconf 60' lang='lat' dir='ltr'>lVesseling.</span> 
     </span>
     <span class='ocr_line' id='line_1_33' title="bbox 281 2160 937 2215; baseline -0.006 -11"><span class='ocrx_word' id='word_1_152' title='bbox 281 2165 453 2215; x_wconf 89' lang='lat' dir='ltr'>Namque</span> <span class='ocrx_word' id='word_1_153' title='bbox 472 2160 646 2214; x_wconf 73' lang='grc' dir='ltr'><strong><em>κάπηλοι</em></strong></span> <span class='ocrx_word' id='word_1_154' title='bbox 664 2165 763 2214; x_wconf 86' lang='lat' dir='ltr'>apud</span> <span class='ocrx_word' id='word_1_155' title='bbox 775 2165 937 2202; x_wconf 89' lang='lat' dir='ltr'>Graecos</span> 
     </span>
     <span class='ocr_line' id='line_1_34' title="bbox 281 2220 937 2272; baseline -0.002 -15"><span class='ocrx_word' id='word_1_156' title='bbox 281 2221 496 2272; x_wconf 87' lang='lat' dir='ltr'>plerumque</span> <span class='ocrx_word' id='word_1_157' title='bbox 510 2221 627 2257; x_wconf 90' lang='lat' dir='ltr'>minus</span> <span class='ocrx_word' id='word_1_158' title='bbox 646 2220 800 2258; x_wconf 71' lang='lat' dir='ltr'>honesta</span> <span class='ocrx_word' id='word_1_159' title='bbox 809 2220 937 2271; x_wconf 90' lang='lat' dir='ltr'>appel-</span> 
     </span>
     <span class='ocr_line' id='line_1_35' title="bbox 282 2276 937 2328; baseline -0.002 -14"><span class='ocrx_word' id='word_1_160' title='bbox 282 2277 420 2314; x_wconf 81' lang='lat' dir='ltr'>latione</span> <span class='ocrx_word' id='word_1_161' title='bbox 440 2281 477 2314; x_wconf 89' lang='lat' dir='ltr'>et</span> <span class='ocrx_word' id='word_1_162' title='bbox 493 2276 636 2328; x_wconf 88' lang='lat' dir='ltr'>opificio</span> <span class='ocrx_word' id='word_1_163' title='bbox 665 2277 831 2314; x_wconf 89' lang='lat' dir='ltr'>dicuntur</span> <span class='ocrx_word' id='word_1_164' title='bbox 861 2289 937 2313; x_wconf 90' lang='lat' dir='ltr'>non</span> 
     </span>
     <span class='ocr_line' id='line_1_36' title="bbox 283 2333 934 2384; baseline -0.005 -13"><span class='ocrx_word' id='word_1_165' title='bbox 283 2345 468 2384; x_wconf 86' lang='lat' dir='ltr'>caupones</span> <span class='ocrx_word' id='word_1_166' title='bbox 505 2337 669 2379; x_wconf 87' lang='lat' dir='ltr'>tantum,</span> <span class='ocrx_word' id='word_1_167' title='bbox 710 2333 778 2370; x_wconf 88' lang='lat' dir='ltr'>sed</span> <span class='ocrx_word' id='word_1_168' title='bbox 818 2333 934 2369; x_wconf 84' lang='lat' dir='ltr'>omnis</span> 
     </span>
     <span class='ocr_line' id='line_1_37' title="bbox 283 2388 934 2439; baseline -0.002 -13"><span class='ocrx_word' id='word_1_169' title='bbox 283 2389 429 2439; x_wconf 87' lang='lat' dir='ltr'>generis</span> <span class='ocrx_word' id='word_1_170' title='bbox 464 2388 662 2439; x_wconf 88' lang='lat' dir='ltr'>propolae,</span> <span class='ocrx_word' id='word_1_171' title='bbox 698 2389 761 2437; x_wconf 86' lang='lat' dir='ltr'>qui</span> <span class='ocrx_word' id='word_1_172' title='bbox 785 2390 822 2425; x_wconf 90' lang='lat' dir='ltr'>in</span> <span class='ocrx_word' id='word_1_173' title='bbox 854 2390 934 2426; x_wconf 90' lang='lat' dir='ltr'>foro</span> 
     </span>
     <span class='ocr_line' id='line_1_38' title="bbox 283 2444 937 2495; baseline -0.002 -13"><span class='ocrx_word' id='word_1_174' title='bbox 283 2450 322 2483; x_wconf 86' lang='lat' dir='ltr'>et</span> <span class='ocrx_word' id='word_1_175' title='bbox 338 2445 498 2483; x_wconf 85' lang='lat' dir='ltr'>tabernis</span> <span class='ocrx_word' id='word_1_176' title='bbox 528 2458 588 2482; x_wconf 86' lang='lat' dir='ltr'>res</span> <span class='ocrx_word' id='word_1_177' title='bbox 616 2445 663 2481; x_wconf 92' lang='lat' dir='ltr'>ab</span> <span class='ocrx_word' id='word_1_178' title='bbox 683 2444 760 2481; x_wconf 87' lang='lat' dir='ltr'>aliis</span> <span class='ocrx_word' id='word_1_179' title='bbox 777 2444 937 2495; x_wconf 88' lang='lat' dir='ltr'>plerum-</span> 
     </span>
     <span class='ocr_line' id='line_1_39' title="bbox 283 2501 935 2552; baseline 0 -13"><span class='ocrx_word' id='word_1_180' title='bbox 283 2513 355 2552; x_wconf 90' lang='lat' dir='ltr'>que</span> <span class='ocrx_word' id='word_1_181' title='bbox 398 2501 499 2551; x_wconf 88' lang='lat' dir='ltr'>prius</span> <span class='ocrx_word' id='word_1_182' title='bbox 550 2505 664 2538; x_wconf 85' lang='lat' dir='ltr'>emtas</span> <span class='ocrx_word' id='word_1_183' title='bbox 701 2502 863 2538; x_wconf 76' lang='lat' dir='ltr'>vendunt</span> <span class='ocrx_word' id='word_1_184' title='bbox 898 2505 935 2539; x_wconf 89' lang='lat' dir='ltr'>et</span> 
     </span>
     <span class='ocr_line' id='line_1_40' title="bbox 283 2556 934 2607; baseline 0.002 -13"><span class='ocrx_word' id='word_1_185' title='bbox 283 2561 477 2607; x_wconf 88' lang='lat' dir='ltr'>quaestum</span> <span class='ocrx_word' id='word_1_186' title='bbox 501 2556 583 2594; x_wconf 87' lang='lat' dir='ltr'>hinc</span> <span class='ocrx_word' id='word_1_187' title='bbox 603 2556 749 2594; x_wconf 85' lang='lat' dir='ltr'>faciunt.</span> <span class='ocrx_word' id='word_1_188' title='bbox 806 2557 856 2594; x_wconf 90' lang='lat' dir='ltr'>Et</span> <span class='ocrx_word' id='word_1_189' title='bbox 890 2570 934 2595; x_wconf 87' lang='lat' dir='ltr'>eo</span> 
     </span>
     <span class='ocr_line' id='line_1_41' title="bbox 283 2612 934 2665; baseline -0.002 -15"><span class='ocrx_word' id='word_1_190' title='bbox 283 2613 511 2665; x_wconf 88' lang='lat' dir='ltr'>potissimum</span> <span class='ocrx_word' id='word_1_191' title='bbox 547 2612 720 2650; x_wconf 85' lang='lat' dir='ltr'>differunt</span> <span class='ocrx_word' id='word_1_192' title='bbox 763 2613 809 2650; x_wconf 90' lang='lat' dir='ltr'>ab</span> <span class='ocrx_word' id='word_1_193' title='bbox 854 2613 934 2650; x_wconf 85' lang='lat' dir='ltr'>aliis</span> 
     </span>
     <span class='ocr_line' id='line_1_42' title="bbox 283 2668 934 2720; baseline -0.008 -13"><span class='ocrx_word' id='word_1_194' title='bbox 283 2674 524 2707; x_wconf 84' lang='lat' dir='ltr'>mercatorum</span> <span class='ocrx_word' id='word_1_195' title='bbox 540 2669 752 2717; x_wconf 86' lang='lat' dir='ltr'>generibus,</span> <span class='ocrx_word' id='word_1_196' title='bbox 773 2682 806 2705; x_wconf 85' lang='lat' dir='ltr'>v.</span> <span class='ocrx_word' id='word_1_197' title='bbox 825 2683 853 2706; x_wconf 90' lang='lat' dir='ltr'>c.</span> <span class='ocrx_word' id='word_1_198' title='bbox 871 2668 934 2720; x_wconf 79' lang='grc' dir='ltr'>ἐμ-</span> 
     </span>
     <span class='ocr_line' id='line_1_43' title="bbox 283 2720 934 2777; baseline -0.005 -12"><span class='ocrx_word' id='word_1_199' title='bbox 283 2720 447 2777; x_wconf 85' lang='grc' dir='ltr'><strong><em>πόροις,</em></strong></span> <span class='ocrx_word' id='word_1_200' title='bbox 484 2726 582 2775; x_wconf 90' lang='lat' dir='ltr'>quod</span> <span class='ocrx_word' id='word_1_201' title='bbox 613 2737 750 2762; x_wconf 89' lang='lat' dir='ltr'>merces</span> <span class='ocrx_word' id='word_1_202' title='bbox 773 2726 934 2763; x_wconf 80' lang='lat' dir='ltr'>venden-</span> 
     </span>
     <span class='ocr_line' id='line_1_44' title="bbox 284 2780 932 2833; baseline -0.002 -14"><span class='ocrx_word' id='word_1_203' title='bbox 284 2782 352 2819; x_wconf 88' lang='lat' dir='ltr'>das</span> <span class='ocrx_word' id='word_1_204' title='bbox 379 2782 450 2833; x_wconf 88' lang='lat' dir='ltr'>ipsi</span> <span class='ocrx_word' id='word_1_205' title='bbox 486 2782 532 2818; x_wconf 89' lang='lat' dir='ltr'>ab</span> <span class='ocrx_word' id='word_1_206' title='bbox 560 2780 639 2818; x_wconf 90' lang='lat' dir='ltr'>aliis</span> <span class='ocrx_word' id='word_1_207' title='bbox 672 2781 932 2818; x_wconf 86' lang='lat' dir='ltr'>mercatoribus</span> 
     </span>
     <span class='ocr_line' id='line_1_45' title="bbox 285 2837 933 2886; baseline -0.002 -10"><span class='ocrx_word' id='word_1_208' title='bbox 285 2842 402 2876; x_wconf 86' lang='lat' dir='ltr'>emtas</span> <span class='ocrx_word' id='word_1_209' title='bbox 421 2837 576 2884; x_wconf 87' lang='lat' dir='ltr'>habent,</span> <span class='ocrx_word' id='word_1_210' title='bbox 604 2837 788 2875; x_wconf 87' lang='lat' dir='ltr'>institores</span> <span class='ocrx_word' id='word_1_211' title='bbox 810 2837 933 2886; x_wconf 86' lang='lat' dir='ltr'>itaque</span> 
     </span>
     <span class='ocr_line' id='line_1_46' title="bbox 285 2892 930 2933; baseline 0 -1"><span class='ocrx_word' id='word_1_212' title='bbox 285 2895 430 2933; x_wconf 88' lang='lat' dir='ltr'>dicendi</span> <span class='ocrx_word' id='word_1_213' title='bbox 465 2898 502 2933; x_wconf 89' lang='lat' dir='ltr'>et</span> <span class='ocrx_word' id='word_1_214' title='bbox 534 2893 710 2933; x_wconf 87' lang='lat' dir='ltr'>cociones.</span> <span class='ocrx_word' id='word_1_215' title='bbox 766 2892 802 2932; x_wconf 88' lang='grc' dir='ltr'>Τ</span> <span class='ocrx_word' id='word_1_216' title='bbox 805 2906 827 2931; x_wconf 92' lang='lat' dir='ltr'>u</span> <span class='ocrx_word' id='word_1_217' title='bbox 860 2894 930 2932; x_wconf 84' lang='lat' dir='ltr'>vid.</span> 
     </span>
    </p>
   </div>
   <div class='ocr_carea' id='block_1_11' title="bbox 1000 869 1662 2596">
    <p class='ocr_par' dir='ltr' id='par_1_12' title="bbox 1000 869 1660 1528">
     <span class='ocr_line' id='line_1_47' title="bbox 1000 869 1657 922; baseline -0.002 -14"><span class='ocrx_word' id='word_1_218' title='bbox 1000 871 1231 922; x_wconf 87' lang='lat' dir='ltr'>potissimum</span> <span class='ocrx_word' id='word_1_219' title='bbox 1251 871 1355 909; x_wconf 88' lang='lat' dir='ltr'>binos</span> <span class='ocrx_word' id='word_1_220' title='bbox 1373 870 1536 909; x_wconf 84' lang='lat' dir='ltr'>Platonis</span> <span class='ocrx_word' id='word_1_221' title='bbox 1556 869 1657 908; x_wconf 85' lang='lat' dir='ltr'>locos</span> 
     </span>
     <span class='ocr_line' id='line_1_48' title="bbox 1001 928 1657 977; baseline 0 -13"><span class='ocrx_word' id='word_1_222' title='bbox 1001 928 1156 965; x_wconf 82' lang='lat' dir='ltr'>maxime</span> <span class='ocrx_word' id='word_1_223' title='bbox 1183 928 1347 977; x_wconf 82' lang='lat' dir='ltr'>insignes</span> <span class='ocrx_word' id='word_1_224' title='bbox 1373 928 1467 964; x_wconf 90' lang='lat' dir='ltr'>hanc</span> <span class='ocrx_word' id='word_1_225' title='bbox 1497 928 1536 964; x_wconf 89' lang='lat' dir='ltr'>in</span> <span class='ocrx_word' id='word_1_226' title='bbox 1559 940 1657 965; x_wconf 88' lang='lat' dir='ltr'>rem:</span> 
     </span>
     <span class='ocr_line' id='line_1_49' title="bbox 1001 982 1658 1035; baseline 0 -15"><span class='ocrx_word' id='word_1_227' title='bbox 1001 984 1164 1034; x_wconf 88' lang='lat' dir='ltr'>Sophist.</span> <span class='ocrx_word' id='word_1_228' title='bbox 1201 997 1238 1035; x_wconf 91' lang='lat' dir='ltr'>p.</span> <span class='ocrx_word' id='word_1_229' title='bbox 1275 985 1381 1031; x_wconf 78' lang='lat'><strong>223,</strong></span> <span class='ocrx_word' id='word_1_230' title='bbox 1422 983 1471 1020; x_wconf 89' lang='lat' dir='ltr'>D.</span> <span class='ocrx_word' id='word_1_231' title='bbox 1528 982 1588 1020; x_wconf 92' lang='lat' dir='ltr'>De</span> <span class='ocrx_word' id='word_1_232' title='bbox 1618 996 1658 1020; x_wconf 90' lang='lat' dir='ltr'>re</span> 
     </span>
     <span class='ocr_line' id='line_1_50' title="bbox 1001 1037 1660 1091; baseline -0.003 -15"><span class='ocrx_word' id='word_1_233' title='bbox 1001 1039 1100 1091; x_wconf 89' lang='lat' dir='ltr'>publ.</span> <span class='ocrx_word' id='word_1_234' title='bbox 1127 1039 1186 1087; x_wconf 83' lang='lat' dir='ltr'>II,</span> <span class='ocrx_word' id='word_1_235' title='bbox 1213 1042 1264 1080; x_wconf 82' lang='lat'>12</span> <span class='ocrx_word' id='word_1_236' title='bbox 1285 1053 1375 1090; x_wconf 81' lang='lat' dir='ltr'>pag.</span> <span class='ocrx_word' id='word_1_237' title='bbox 1395 1040 1501 1086; x_wconf 83' lang='lat'><strong>371,</strong></span> <span class='ocrx_word' id='word_1_238' title='bbox 1521 1037 1580 1086; x_wconf 89' lang='lat' dir='ltr'>D,</span> <span class='ocrx_word' id='word_1_239' title='bbox 1609 1039 1660 1075; x_wconf 87' lang='lat' dir='ltr'>ad</span> 
     </span>
     <span class='ocr_line' id='line_1_51' title="bbox 1002 1093 1658 1146; baseline -0.005 -13"><span class='ocrx_word' id='word_1_240' title='bbox 1002 1109 1112 1146; x_wconf 89' lang='lat' dir='ltr'>quem</span> <span class='ocrx_word' id='word_1_241' title='bbox 1129 1095 1245 1132; x_wconf 90' lang='lat' dir='ltr'>locum</span> <span class='ocrx_word' id='word_1_242' title='bbox 1264 1109 1359 1133; x_wconf 89' lang='lat' dir='ltr'>nunc</span> <span class='ocrx_word' id='word_1_243' title='bbox 1375 1096 1483 1132; x_wconf 71' lang='lat' dir='ltr'>video</span> <span class='ocrx_word' id='word_1_244' title='bbox 1501 1093 1658 1145; x_wconf 87' lang='lat' dir='ltr'>plurima</span> 
     </span>
     <span class='ocr_line' id='line_1_52' title="bbox 1004 1149 1660 1202; baseline 0.003 -12"><span class='ocrx_word' id='word_1_245' title='bbox 1004 1156 1180 1202; x_wconf 85' lang='lat' dir='ltr'>congesta</span> <span class='ocrx_word' id='word_1_246' title='bbox 1196 1165 1278 1190; x_wconf 87' lang='lat' dir='ltr'>esse</span> <span class='ocrx_word' id='word_1_247' title='bbox 1306 1152 1352 1189; x_wconf 92' lang='lat' dir='ltr'>ab</span> <span class='ocrx_word' id='word_1_248' title='bbox 1372 1150 1476 1188; x_wconf 91' lang='lat' dir='ltr'>Astio</span> <span class='ocrx_word' id='word_1_249' title='bbox 1504 1164 1542 1201; x_wconf 90' lang='lat' dir='ltr'>p.</span> <span class='ocrx_word' id='word_1_250' title='bbox 1563 1149 1660 1197; x_wconf 85' lang='lat'>419,</span> 
     </span>
     <span class='ocr_line' id='line_1_53' title="bbox 1003 1206 1660 1259; baseline -0.005 -13"><span class='ocrx_word' id='word_1_251' title='bbox 1003 1209 1040 1246; x_wconf 89' lang='lat' dir='ltr'>in</span> <span class='ocrx_word' id='word_1_252' title='bbox 1072 1209 1204 1258; x_wconf 85' lang='lat' dir='ltr'>quibus</span> <span class='ocrx_word' id='word_1_253' title='bbox 1248 1208 1478 1259; x_wconf 87' lang='lat' dir='ltr'>potissimum</span> <span class='ocrx_word' id='word_1_254' title='bbox 1519 1206 1660 1244; x_wconf 89' lang='lat' dir='ltr'>consuli</span> 
     </span>
     <span class='ocr_line' id='line_1_54' title="bbox 1003 1261 1659 1303; baseline -0.003 -1"><span class='ocrx_word' id='word_1_255' title='bbox 1003 1265 1110 1303; x_wconf 75' lang='lat' dir='ltr'>velim</span> <span class='ocrx_word' id='word_1_256' title='bbox 1126 1265 1357 1303; x_wconf 86' lang='lat' dir='ltr'>Perizonium</span> <span class='ocrx_word' id='word_1_257' title='bbox 1385 1264 1434 1301; x_wconf 89' lang='lat' dir='ltr'>ad</span> <span class='ocrx_word' id='word_1_258' title='bbox 1453 1262 1592 1300; x_wconf 83' lang='lat' dir='ltr'>Aelian.</span> <span class='ocrx_word' id='word_1_259' title='bbox 1614 1261 1659 1300; x_wconf 88' lang='lat' dir='ltr'>V.</span> 
     </span>
     <span class='ocr_line' id='line_1_55' title="bbox 1001 1317 1659 1370; baseline -0.006 -11"><span class='ocrx_word' id='word_1_260' title='bbox 1001 1321 1051 1359; x_wconf 93' lang='lat' dir='ltr'>H.</span> <span class='ocrx_word' id='word_1_261' title='bbox 1079 1321 1156 1369; x_wconf 89' lang='lat' dir='ltr'>XI,</span> <span class='ocrx_word' id='word_1_262' title='bbox 1188 1325 1226 1363; x_wconf 88' lang='lat'>9.</span> <span class='ocrx_word' id='word_1_263' title='bbox 1287 1320 1414 1368; x_wconf 89' lang='lat' dir='ltr'>„Add.</span> <span class='ocrx_word' id='word_1_264' title='bbox 1453 1319 1575 1370; x_wconf 87' lang='lat' dir='ltr'>Toup.</span> <span class='ocrx_word' id='word_1_265' title='bbox 1605 1317 1659 1355; x_wconf 95' lang='lat' dir='ltr'>E-</span> 
     </span>
     <span class='ocr_line' id='line_1_56' title="bbox 1003 1374 1658 1427; baseline -0.006 -12"><span class='ocrx_word' id='word_1_266' title='bbox 1003 1378 1152 1415; x_wconf 89' lang='lat' dir='ltr'>mendd.</span> <span class='ocrx_word' id='word_1_267' title='bbox 1171 1377 1209 1415; x_wconf 91' lang='lat' dir='ltr'>in</span> <span class='ocrx_word' id='word_1_268' title='bbox 1227 1377 1328 1414; x_wconf 90' lang='lat' dir='ltr'>Suid.</span> <span class='ocrx_word' id='word_1_269' title='bbox 1349 1377 1383 1414; x_wconf 90' lang='grc' dir='ltr'>Π</span> <span class='ocrx_word' id='word_1_270' title='bbox 1414 1390 1450 1427; x_wconf 92' lang='lat' dir='ltr'>p.</span> <span class='ocrx_word' id='word_1_271' title='bbox 1463 1376 1547 1418; x_wconf 83' lang='grc'>204-</span> <span class='ocrx_word' id='word_1_272' title='bbox 1577 1374 1658 1412; x_wconf 92' lang='lat' dir='ltr'>coll.</span> 
     </span>
     <span class='ocr_line' id='line_1_57' title="bbox 1005 1431 1658 1484; baseline -0.003 -14"><span class='ocrx_word' id='word_1_273' title='bbox 1005 1434 1092 1471; x_wconf 90' lang='lat' dir='ltr'>Cur.</span> <span class='ocrx_word' id='word_1_274' title='bbox 1110 1434 1245 1472; x_wconf 76' lang='lat' dir='ltr'>noviss.</span> <span class='ocrx_word' id='word_1_275' title='bbox 1277 1433 1315 1471; x_wconf 92' lang='lat' dir='ltr'>in</span> <span class='ocrx_word' id='word_1_276' title='bbox 1341 1432 1444 1470; x_wconf 88' lang='lat' dir='ltr'>Suid.</span> <span class='ocrx_word' id='word_1_277' title='bbox 1469 1445 1507 1484; x_wconf 89' lang='lat' dir='ltr'>p.</span> <span class='ocrx_word' id='word_1_278' title='bbox 1533 1431 1658 1474; x_wconf 82' lang='grc'><strong>295.“</strong></span> 
     </span>
     <span class='ocr_line' id='line_1_58' title="bbox 1011 1490 1077 1528; baseline -0.03 0"><span class='ocrx_word' id='word_1_279' title='bbox 1011 1490 1077 1528; x_wconf 83' lang='lat' dir='ltr'>Cr.</span> 
     </span>
    </p>

    <p class='ocr_par' dir='ltr' id='par_1_13' title="bbox 1004 1541 1662 1990">
     <span class='ocr_line' id='line_1_59' title="bbox 1063 1541 1656 1597; baseline 0 -12"><span class='ocrx_word' id='word_1_280' title='bbox 1063 1543 1166 1597; x_wconf 81' lang='grc' dir='ltr'><strong><em>φασὶ</em></strong></span> <span class='ocrx_word' id='word_1_281' title='bbox 1186 1542 1229 1585; x_wconf 82' lang='grc' dir='ltr'>δὲ</span> <span class='ocrx_word' id='word_1_282' title='bbox 1259 1541 1375 1585; x_wconf 72' lang='grc' dir='ltr'><strong><em>αὐτοὶ</em></strong></span> <span class='ocrx_word' id='word_1_283' title='bbox 1400 1542 1560 1593; x_wconf 83' lang='grc' dir='ltr'><strong><em>Λυδοὶ,</em></strong></span> <span class='ocrx_word' id='word_1_284' title='bbox 1589 1541 1656 1585; x_wconf 77' lang='grc' dir='ltr'><strong><em>καὶ</em></strong></span> 
     </span>
     <span class='ocr_line' id='line_1_60' title="bbox 1004 1598 1659 1654; baseline -0.003 -12"><span class='ocrx_word' id='word_1_285' title='bbox 1004 1599 1076 1650; x_wconf 68' lang='grc' dir='ltr'><strong><em>τοὶς</em></strong></span> <span class='ocrx_word' id='word_1_286' title='bbox 1104 1602 1351 1654; x_wconf 80' lang='grc' dir='ltr'><strong><em>παιγνίας</em></strong></span> <span class='ocrx_word' id='word_1_287' title='bbox 1378 1598 1448 1648; x_wconf 69' lang='grc' dir='ltr'><strong><em>τοὶς</em></strong></span> <span class='ocrx_word' id='word_1_288' title='bbox 1466 1602 1546 1640; x_wconf 81' lang='grc' dir='ltr'>νῦν</span> <span class='ocrx_word' id='word_1_289' title='bbox 1567 1600 1659 1650; x_wconf 87' lang='grc' dir='ltr'><strong><em>σφί-</em></strong></span> 
     </span>
     <span class='ocr_line' id='line_1_61' title="bbox 1007 1654 1662 1709; baseline -0.005 -10"><span class='ocrx_word' id='word_1_290' title='bbox 1007 1671 1046 1699; x_wconf 92' lang='grc' dir='ltr'>σι</span> <span class='ocrx_word' id='word_1_291' title='bbox 1068 1674 1108 1698; x_wconf 88' lang='grc' dir='ltr'>τε</span> <span class='ocrx_word' id='word_1_292' title='bbox 1128 1657 1196 1697; x_wconf 81' lang='grc' dir='ltr'><strong><em>καὶ</em></strong></span> <span class='ocrx_word' id='word_1_293' title='bbox 1212 1654 1378 1709; x_wconf 57' lang='grc' dir='ltr'><strong><em>’Ἑλλησι</em></strong></span> <span class='ocrx_word' id='word_1_294' title='bbox 1399 1672 1436 1696; x_wconf 80' lang='grc' dir='ltr'>κ.</span> <span class='ocrx_word' id='word_1_295' title='bbox 1455 1672 1488 1697; x_wconf 84' lang='grc' dir='ltr'>τ.</span> <span class='ocrx_word' id='word_1_296' title='bbox 1501 1659 1549 1703; x_wconf 83' lang='grc' dir='ltr'>λ.]</span> <span class='ocrx_word' id='word_1_297' title='bbox 1566 1672 1662 1696; x_wconf 89' lang='grc' dir='ltr'><strong><em>παι-</em></strong></span> 
     </span>
     <span class='ocr_line' id='line_1_62' title="bbox 1006 1714 1662 1769; baseline -0.008 -14"><span class='ocrx_word' id='word_1_298' title='bbox 1006 1715 1098 1769; x_wconf 82' lang='grc' dir='ltr'><strong><em>γνία</em></strong></span> <span class='ocrx_word' id='word_1_299' title='bbox 1127 1716 1150 1752; x_wconf 92' lang='lat' dir='ltr'>i.</span> <span class='ocrx_word' id='word_1_300' title='bbox 1182 1728 1214 1752; x_wconf 86' lang='lat' dir='ltr'>e.</span> <span class='ocrx_word' id='word_1_301' title='bbox 1246 1714 1343 1752; x_wconf 79' lang='lat' dir='ltr'>lusus</span> <span class='ocrx_word' id='word_1_302' title='bbox 1351 1728 1365 1760; x_wconf 90' lang='lat'>‚·</span> <span class='ocrx_word' id='word_1_303' title='bbox 1400 1727 1507 1763; x_wconf 84' lang='lat' dir='ltr'>„vox</span> <span class='ocrx_word' id='word_1_304' title='bbox 1533 1714 1662 1762; x_wconf 88' lang='lat' dir='ltr'>rarior,</span> 
     </span>
     <span class='ocr_line' id='line_1_63' title="bbox 1006 1769 1660 1822; baseline -0.003 -13"><span class='ocrx_word' id='word_1_305' title='bbox 1006 1785 1080 1822; x_wconf 86' lang='lat' dir='ltr'>qua</span> <span class='ocrx_word' id='word_1_306' title='bbox 1098 1772 1183 1809; x_wconf 90' lang='lat' dir='ltr'>inde</span> <span class='ocrx_word' id='word_1_307' title='bbox 1204 1785 1290 1808; x_wconf 89' lang='lat' dir='ltr'>usus</span> <span class='ocrx_word' id='word_1_308' title='bbox 1313 1775 1369 1809; x_wconf 86' lang='lat' dir='ltr'>est</span> <span class='ocrx_word' id='word_1_309' title='bbox 1397 1771 1445 1807; x_wconf 86' lang='lat' dir='ltr'>ad</span> <span class='ocrx_word' id='word_1_310' title='bbox 1477 1769 1660 1807; x_wconf 84' lang='lat' dir='ltr'>Plutarchi</span> 
     </span>
     <span class='ocr_line' id='line_1_64' title="bbox 1004 1826 1660 1875; baseline -0.005 -10"><span class='ocrx_word' id='word_1_311' title='bbox 1004 1828 1122 1866; x_wconf 90' lang='lat' dir='ltr'>locum</span> <span class='ocrx_word' id='word_1_312' title='bbox 1144 1828 1322 1865; x_wconf 91' lang='lat' dir='ltr'>tuendum</span> <span class='ocrx_word' id='word_1_313' title='bbox 1342 1826 1596 1875; x_wconf 65' lang='lat' dir='ltr'>lVyttenbach.</span> <span class='ocrx_word' id='word_1_314' title='bbox 1621 1826 1660 1862; x_wconf 89' lang='lat' dir='ltr'>in</span> 
     </span>
     <span class='ocr_line' id='line_1_65' title="bbox 1006 1881 1659 1933; baseline 0.002 -12"><span class='ocrx_word' id='word_1_315' title='bbox 1006 1884 1281 1922; x_wconf 77' lang='lat' dir='ltr'>Animadverss.</span> <span class='ocrx_word' id='word_1_316' title='bbox 1302 1884 1351 1920; x_wconf 92' lang='lat' dir='ltr'>ad</span> <span class='ocrx_word' id='word_1_317' title='bbox 1368 1881 1511 1920; x_wconf 80' lang='lat' dir='ltr'>Morall.</span> <span class='ocrx_word' id='word_1_318' title='bbox 1532 1895 1572 1933; x_wconf 90' lang='lat' dir='ltr'>p.</span> <span class='ocrx_word' id='word_1_319' title='bbox 1589 1883 1659 1930; x_wconf 87' lang='lat'>30,</span> 
     </span>
     <span class='ocr_line' id='line_1_66' title="bbox 1005 1938 1399 1990; baseline -0.003 -13"><span class='ocrx_word' id='word_1_320' title='bbox 1005 1940 1038 1977; x_wconf 94' lang='lat' dir='ltr'>E</span> <span class='ocrx_word' id='word_1_321' title='bbox 1062 1952 1149 1990; x_wconf 86' lang='lat' dir='ltr'>pag.</span> <span class='ocrx_word' id='word_1_322' title='bbox 1173 1941 1293 1982; x_wconf 82' lang='lat'>265.“</span> <span class='ocrx_word' id='word_1_323' title='bbox 1334 1938 1399 1976; x_wconf 87' lang='lat' dir='ltr'>Cr.</span> 
     </span>
    </p>

    <p class='ocr_par' dir='ltr' id='par_1_14' title="bbox 1001 1990 1659 2596">
     <span class='ocr_line' id='line_1_67' title="bbox 1060 1990 1658 2047; baseline 0.003 -14"><span class='ocrx_word' id='word_1_324' title='bbox 1060 1994 1129 2034; x_wconf 77' lang='grc' dir='ltr'><strong><em>καὶ</em></strong></span> <span class='ocrx_word' id='word_1_325' title='bbox 1180 1995 1407 2047; x_wconf 82' lang='grc' dir='ltr'><strong><em>Τυρσηνίην</em></strong></span> <span class='ocrx_word' id='word_1_326' title='bbox 1448 1990 1544 2035; x_wconf 75' lang='grc' dir='ltr'><strong><em>ἆπο</em></strong></span> <span class='ocrx_word' id='word_1_327' title='bbox 1557 1994 1658 2035; x_wconf 83' lang='grc' dir='ltr'>ικί-</span> 
     </span>
     <span class='ocr_line' id='line_1_68' title="bbox 1007 2046 1659 2102; baseline -0.003 -12"><span class='ocrx_word' id='word_1_328' title='bbox 1007 2063 1064 2091; x_wconf 85' lang='grc' dir='ltr'><strong><em>σα</em></strong></span> <span class='ocrx_word' id='word_1_329' title='bbox 1079 2050 1117 2102; x_wconf 91' lang='grc' dir='ltr'>ι]</span> <span class='ocrx_word' id='word_1_330' title='bbox 1150 2046 1369 2099; x_wconf 80' lang='grc' dir='ltr'><strong><em>α’ποικίζειν</em></strong></span> <span class='ocrx_word' id='word_1_331' title='bbox 1392 2056 1467 2090; x_wconf 88' lang='lat' dir='ltr'>est:</span> <span class='ocrx_word' id='word_1_332' title='bbox 1488 2052 1659 2089; x_wconf 74' lang='lat' dir='ltr'>coloniam</span> 
     </span>
     <span class='ocr_line' id='line_1_69' title="bbox 1006 2108 1659 2159; baseline 0.003 -15"><span class='ocrx_word' id='word_1_333' title='bbox 1006 2108 1127 2145; x_wconf 80' lang='lat' dir='ltr'>ducere</span> <span class='ocrx_word' id='word_1_334' title='bbox 1164 2110 1203 2145; x_wconf 79' lang='lat' dir='ltr'>in</span> <span class='ocrx_word' id='word_1_335' title='bbox 1236 2108 1394 2159; x_wconf 74' lang='lat' dir='ltr'>aliquam</span> <span class='ocrx_word' id='word_1_336' title='bbox 1422 2112 1550 2146; x_wconf 82' lang='lat' dir='ltr'>terram</span> <span class='ocrx_word' id='word_1_337' title='bbox 1562 2122 1576 2153; x_wconf 89' lang='lat'><em>;</em></span> <span class='ocrx_word' id='word_1_338' title='bbox 1611 2109 1659 2146; x_wconf 88' lang='lat' dir='ltr'>de</span> 
     </span>
     <span class='ocr_line' id='line_1_70' title="bbox 1006 2164 1659 2214; baseline 0.003 -14"><span class='ocrx_word' id='word_1_339' title='bbox 1006 2178 1078 2214; x_wconf 89' lang='lat' dir='ltr'>quo</span> <span class='ocrx_word' id='word_1_340' title='bbox 1108 2165 1196 2201; x_wconf 89' lang='lat' dir='ltr'>satis</span> <span class='ocrx_word' id='word_1_341' title='bbox 1222 2165 1299 2213; x_wconf 85' lang='lat' dir='ltr'>egit</span> <span class='ocrx_word' id='word_1_342' title='bbox 1316 2165 1437 2201; x_wconf 85' lang='lat' dir='ltr'>Sturz.</span> <span class='ocrx_word' id='word_1_343' title='bbox 1472 2165 1510 2201; x_wconf 87' lang='lat' dir='ltr'>in</span> <span class='ocrx_word' id='word_1_344' title='bbox 1533 2164 1659 2202; x_wconf 84' lang='lat' dir='ltr'>Lexic.</span> 
     </span>
     <span class='ocr_line' id='line_1_71' title="bbox 1004 2221 1659 2271; baseline -0.002 -13"><span class='ocrx_word' id='word_1_345' title='bbox 1004 2221 1240 2271; x_wconf 88' lang='lat' dir='ltr'>Xenophont.</span> <span class='ocrx_word' id='word_1_346' title='bbox 1263 2221 1278 2257; x_wconf 94' lang='lat' dir='ltr'>l</span> <span class='ocrx_word' id='word_1_347' title='bbox 1298 2234 1334 2271; x_wconf 91' lang='lat' dir='ltr'>p.</span> <span class='ocrx_word' id='word_1_348' title='bbox 1347 2222 1443 2262; x_wconf 84' lang='lat'>336.</span> <span class='ocrx_word' id='word_1_349' title='bbox 1472 2221 1659 2270; x_wconf 89' lang='lat' dir='ltr'>Schweig-</span> 
     </span>
     <span class='ocr_line' id='line_1_72' title="bbox 1003 2276 1657 2328; baseline 0 -14"><span class='ocrx_word' id='word_1_350' title='bbox 1003 2277 1128 2314; x_wconf 82' lang='lat' dir='ltr'>haeus.</span> <span class='ocrx_word' id='word_1_351' title='bbox 1159 2277 1197 2313; x_wconf 89' lang='lat' dir='ltr'>in</span> <span class='ocrx_word' id='word_1_352' title='bbox 1225 2277 1354 2326; x_wconf 72' lang='lat' dir='ltr'>Polyb.</span> <span class='ocrx_word' id='word_1_353' title='bbox 1382 2276 1505 2315; x_wconf 86' lang='lat' dir='ltr'>Lexic.</span> <span class='ocrx_word' id='word_1_354' title='bbox 1531 2291 1569 2328; x_wconf 91' lang='lat' dir='ltr'>p.</span> <span class='ocrx_word' id='word_1_355' title='bbox 1587 2277 1657 2319; x_wconf 89' lang='lat'>75.</span> 
     </span>
     <span class='ocr_line' id='line_1_73' title="bbox 1003 2331 1656 2382; baseline 0.005 -12"><span class='ocrx_word' id='word_1_356' title='bbox 1003 2333 1160 2370; x_wconf 82' lang='lat' dir='ltr'>Multum</span> <span class='ocrx_word' id='word_1_357' title='bbox 1191 2333 1315 2370; x_wconf 84' lang='lat' dir='ltr'>differt</span> <span class='ocrx_word' id='word_1_358' title='bbox 1350 2331 1656 2382; x_wconf 79' lang='grc' dir='ltr'><strong><em>ἐποικίζειν,</em></strong></span> 
     </span>
     <span class='ocr_line' id='line_1_74' title="bbox 1004 2389 1657 2439; baseline 0 -13"><span class='ocrx_word' id='word_1_359' title='bbox 1004 2390 1104 2439; x_wconf 89' lang='lat' dir='ltr'>quod</span> <span class='ocrx_word' id='word_1_360' title='bbox 1125 2393 1182 2427; x_wconf 86' lang='lat' dir='ltr'>est</span> <span class='ocrx_word' id='word_1_361' title='bbox 1212 2392 1328 2427; x_wconf 80' lang='lat' dir='ltr'>venire</span> <span class='ocrx_word' id='word_1_362' title='bbox 1351 2389 1496 2426; x_wconf 73' lang='lat' dir='ltr'>aliunde</span> <span class='ocrx_word' id='word_1_363' title='bbox 1515 2389 1657 2427; x_wconf 75' lang='lat' dir='ltr'>habita-</span> 
     </span>
     <span class='ocr_line' id='line_1_75' title="bbox 1004 2445 1659 2496; baseline 0 -14"><span class='ocrx_word' id='word_1_364' title='bbox 1004 2450 1077 2483; x_wconf 80' lang='lat' dir='ltr'>tum</span> <span class='ocrx_word' id='word_1_365' title='bbox 1097 2445 1192 2496; x_wconf 81' lang='lat' dir='ltr'>apud</span> <span class='ocrx_word' id='word_1_366' title='bbox 1210 2449 1338 2483; x_wconf 77' lang='lat' dir='ltr'>veteres</span> <span class='ocrx_word' id='word_1_367' title='bbox 1359 2448 1452 2483; x_wconf 82' lang='lat' dir='ltr'>cives</span> <span class='ocrx_word' id='word_1_368' title='bbox 1470 2458 1514 2482; x_wconf 86' lang='lat' dir='ltr'>ac</span> <span class='ocrx_word' id='word_1_369' title='bbox 1522 2459 1659 2496; x_wconf 80' lang='lat' dir='ltr'>posses-</span> 
     </span>
     <span class='ocr_line' id='line_1_76' title="bbox 1003 2502 1656 2550; baseline 0 -12"><span class='ocrx_word' id='word_1_370' title='bbox 1003 2515 1094 2539; x_wconf 84' lang='lat' dir='ltr'>sores</span> <span class='ocrx_word' id='word_1_371' title='bbox 1110 2502 1264 2539; x_wconf 78' lang='lat' dir='ltr'>alicuz‘us</span> <span class='ocrx_word' id='word_1_372' title='bbox 1285 2503 1439 2550; x_wconf 70' lang='lat' dir='ltr'>regionis</span> <span class='ocrx_word' id='word_1_373' title='bbox 1464 2502 1519 2539; x_wconf 86' lang='lat' dir='ltr'>vel</span> <span class='ocrx_word' id='word_1_374' title='bbox 1547 2502 1656 2539; x_wconf 74' lang='lat' dir='ltr'>urbis.</span> 
     </span>
     <span class='ocr_line' id='line_1_77' title="bbox 1001 2558 1658 2596; baseline -0.002 0"><span class='ocrx_word' id='word_1_375' title='bbox 1001 2558 1113 2596; x_wconf 84' lang='lat' dir='ltr'>Plura</span> <span class='ocrx_word' id='word_1_376' title='bbox 1148 2558 1195 2596; x_wconf 86' lang='lat' dir='ltr'>de</span> <span class='ocrx_word' id='word_1_377' title='bbox 1227 2558 1354 2595; x_wconf 90' lang='lat' dir='ltr'>horum</span> <span class='ocrx_word' id='word_1_378' title='bbox 1401 2558 1658 2595; x_wconf 75' lang='lat' dir='ltr'>vocabulorum</span> 
     </span>
    </p>
   </div>
   <div class='ocr_carea' id='block_1_12' title="bbox 1002 2614 1658 2708">
    <p class='ocr_par' dir='ltr' id='par_1_15' title="bbox 1002 2614 1658 2708">
     <span class='ocr_line' id='line_1_78' title="bbox 1003 2614 1658 2663; baseline 0 -13"><span class='ocrx_word' id='word_1_379' title='bbox 1003 2614 1207 2652; x_wconf 87' lang='lat' dir='ltr'>discrimine</span> <span class='ocrx_word' id='word_1_380' title='bbox 1245 2615 1512 2652; x_wconf 87' lang='lat' dir='ltr'>admonuerunt</span> <span class='ocrx_word' id='word_1_381' title='bbox 1549 2614 1658 2663; x_wconf 75' lang='lat' dir='ltr'>wyt-</span> 
     </span>
     <span class='ocr_line' id='line_1_79' title="bbox 1002 2669 1656 2708; baseline 0.002 -2"><span class='ocrx_word' id='word_1_382' title='bbox 1002 2670 1168 2708; x_wconf 81' lang='lat' dir='ltr'>tenbach.</span> <span class='ocrx_word' id='word_1_383' title='bbox 1204 2669 1252 2707; x_wconf 89' lang='lat' dir='ltr'>ad</span> <span class='ocrx_word' id='word_1_384' title='bbox 1293 2670 1476 2707; x_wconf 89' lang='lat' dir='ltr'>Plutarch.</span> <span class='ocrx_word' id='word_1_385' title='bbox 1512 2669 1656 2707; x_wconf 86' lang='lat' dir='ltr'>Morall.</span> 
     </span>
    </p>
   </div>
   <div class='ocr_carea' id='block_1_13' title="bbox 1001 2725 1657 2820">
    <p class='ocr_par' dir='ltr' id='par_1_16' title="bbox 1001 2725 1657 2820">
     <span class='ocr_line' id='line_1_80' title="bbox 1001 2725 1656 2778; baseline 0 -15"><span class='ocrx_word' id='word_1_386' title='bbox 1001 2739 1038 2777; x_wconf 90' lang='lat' dir='ltr'>p.</span> <span class='ocrx_word' id='word_1_387' title='bbox 1060 2725 1164 2772; x_wconf 82' lang='lat'><strong>244,</strong></span> <span class='ocrx_word' id='word_1_388' title='bbox 1185 2726 1218 2762; x_wconf 90' lang='lat' dir='ltr'>E</span> <span class='ocrx_word' id='word_1_389' title='bbox 1254 2725 1380 2774; x_wconf 87' lang='lat' dir='ltr'>(T.111</span> <span class='ocrx_word' id='word_1_390' title='bbox 1401 2740 1437 2778; x_wconf 90' lang='lat' dir='ltr'>p.</span> <span class='ocrx_word' id='word_1_391' title='bbox 1451 2727 1497 2775; x_wconf 90' lang='lat'>6)</span> <span class='ocrx_word' id='word_1_392' title='bbox 1518 2731 1555 2765; x_wconf 90' lang='lat' dir='ltr'>et</span> <span class='ocrx_word' id='word_1_393' title='bbox 1579 2726 1656 2764; x_wconf 86' lang='lat' dir='ltr'>Ta-</span> 
     </span>
     <span class='ocr_line' id='line_1_81' title="bbox 1001 2781 1657 2820; baseline 0 -1"><span class='ocrx_word' id='word_1_394' title='bbox 1001 2781 1106 2820; x_wconf 87' lang='lat' dir='ltr'>felius</span> <span class='ocrx_word' id='word_1_395' title='bbox 1135 2782 1172 2818; x_wconf 89' lang='lat' dir='ltr'>in</span> <span class='ocrx_word' id='word_1_396' title='bbox 1196 2782 1380 2820; x_wconf 85' lang='lat' dir='ltr'>Dilucidd.</span> <span class='ocrx_word' id='word_1_397' title='bbox 1415 2782 1615 2820; x_wconf 75' lang='lat' dir='ltr'>Pindarico.</span> <span class='ocrx_word' id='word_1_398' title='bbox 1639 2781 1657 2819; x_wconf 90' lang='lat' dir='ltr'>I</span> 
     </span>
    </p>
   </div>
   <div class='ocr_carea' id='block_1_14' title="bbox 998 2838 1657 2936">
    <p class='ocr_par' dir='ltr' id='par_1_17' title="bbox 998 2838 1657 2936">
     <span class='ocr_line' id='line_1_82' title="bbox 998 2838 1657 2936; baseline -0.006 -56"><span class='ocrx_word' id='word_1_399' title='bbox 998 2840 1110 2936; x_wconf 32' lang='lat'><em>13:820</em></span> <span class='ocrx_word' id='word_1_400' title='bbox 1131 2851 1237 2890; x_wconf 88' lang='lat' dir='ltr'>seqq.</span> <span class='ocrx_word' id='word_1_401' title='bbox 1259 2839 1306 2877; x_wconf 90' lang='lat' dir='ltr'>ad</span> <span class='ocrx_word' id='word_1_402' title='bbox 1327 2839 1434 2878; x_wconf 90' lang='lat' dir='ltr'>Pind.</span> <span class='ocrx_word' id='word_1_403' title='bbox 1454 2838 1603 2891; x_wconf 86' lang='lat' dir='ltr'>Olymp.</span> <span class='ocrx_word' id='word_1_404' title='bbox 1625 2838 1657 2887; x_wconf 88' lang='grc' dir='ltr'>Ι,</span> 
     </span>
    </p>
   </div>
   <div class='ocr_carea' id='block_1_15' title="bbox 1758 1746 1768 2308">
    <p class='ocr_par' dir='ltr' id='par_1_18' title="bbox 1758 1746 1768 2308">
     <span class='ocr_line' id='line_1_83' title="bbox 1758 1746 1768 2308; baseline 0 1007"><span class='ocrx_word' id='word_1_405' title='bbox 1758 1746 1768 2308; x_wconf 95' lang='lat' dir='ltr'> </span> 
     </span>
    </p>
   </div>
  </div>
 </body>
</html>
