1759 3324
618 259 983 318 cL10.L'

1320 280 1404 324 389

138 391 188 436 ἐν
216 391 350 449 πεδίῳ
389 386 581 448 μεγάλῳ,
638 387 832 444 μέγαθος
883 385 1018 433 ἐοῦσα
1062 388 1266 447 μέτωπον
1304 389 1400 434 ἕκα-
1456 397 1511 441 84

137 481 242 514 στον
292 470 431 515 εἴκοσι
472 467 546 513 καὶ
593 465 749 514 ἑκατόν
785 467 1000 520 σταδίων,
1057 465 1216 526 ἐούσης
1253 483 1401 525 τετρα-

135 547 282 604 γώνου
294 562 304 573 ·

78 735 155 772 nuit
180 733 289 772 etiam
311 732 358 772 de
382 730 576 782 Babylone
601 745 645 771 ex
668 745 726 771 re-

77 789 291 836 centiorum‚
330 801 425 839 quos
464 802 575 840 supra
609 790 727 826 nomi-

75 846 180 893 navi,
210 845 403 883 itinerariis
428 844 511 883 Van
537 846 604 883 der
623 846 723 895 Chys

74 904 112 940 in
128 903 373 940 commentar.
397 901 536 950 Geogr.
567 902 603 938 in
624 900 726 938 Arri-

73 972 132 997 an.
154 957 316 1009 (Exped.
336 956 534 998 Alexandr.
558 958 624 1007 ΙΙΙ,
650 960 722 1008 16)

71 1029 158 1068 pag
182 1017 236 1057 63
257 1027 362 1064 seqq·

127 1071 251 1112 ἐουσα
273 1065 436 1121 τοιαύτη
463 1065 515 1121 δή
541 1068 623 1121 τις]
661 1071 723 1108 Sic

72 1142 152 1167 cum
173 1127 375 1176 Schweigh.
395 1127 644 1175 distinximus,
670 1127 723 1164 uti

72 1187 143 1223 iam
159 1184 240 1222 libri
267 1183 429 1222 nonnulli
456 1196 566 1221 manu
596 1156 722 1234 sc'ripti

70 1241 288 1279 indicabant.
345 1240 466 1289 Vulgo
497 1241 593 1278 enim
628 1239 722 1279 male

69 1299 126 1336 his
146 1298 286 1335 addunt
304 1309 428 1334 vocem
448 1291 582 1344 πόλις,
611 1309 721 1346 quam

70 1354 196 1393 melius
228 1354 353 1404 utique
376 1353 610 1403 sequentibus
640 1353 722 1389 iun-

67 1411 172 1449 xer-is.

122 1466 250 1507 κέεται
287 1465 330 1506 ἐν
367 1465 491 1518 πεδίῳ
529 1461 715 1519 μεγάλῳ]

68 1524 173 1569 Quae
190 1524 336 1573 quidem
353 1523 540 1561 verissima
560 1535 640 1560 esse
650 1535 717 1559 ne-

66 1594 127 1618 mo
156 1593 252 1618 nunc
284 1580 446 1628 dubitat,
476 1579 537 1616 ubi
570 1579 618 1616 de
645 1578 717 1617 situ

65 1637 263 1686 Babylonis
294 1635 434 1673 illorum
462 1635 716 1685 peregrinato-

65 1706 145 1731 rum
181 1693 307 1730 studiis
336 1692 557 1730 accuratiora
593 1704 714 1729 sumus

67 1749 196 1787 edocti.
247 1749 319 1792 Qui
347 1749 384 1785 in
405 1761 448 1786 eo
468 1749 544 1785 fere
561 1760 715 1784 consen-

65 1807 185 1854 tiunt,
218 1809 258 1842 ut
290 1806 443 1852 rudera,
483 1816 578 1853 quae
606 1804 714 1842 meri-

66 1861 161 1899 diem
190 1874 314 1898 versus
346 1862 392 1898 ab
427 1861 516 1898 urbe
554 1860 713 1909 Bagdad

65 1918 253 1956 duodecim
277 1917 440 1955 milliaria
466 1917 712 1966 geographica

62 1975 304 2025 proficiscenti
320 1974 369 2011 ad
385 1974 500 2011 vicum
510 1973 629 2020 Hz'lla,
649 1973 712 2022 qui

62 2043 156 2068 nunc
178 2031 327 2078 dicitur,
347 2034 570 2080 comparent,
590 2028 712 2079 ampla

62 2099 104 2125 ac
122 2087 286 2138 dispersa
313 2088 351 2124 in
371 2090 524 2136 utraque
551 2086 708 2123 fluminis

61 2144 159 2194 ripa,
205 2145 253 2181 ad
288 2143 515 2192 Babylonem
548 2146 707 2180 veterem

59 2200 273 2250 pertineant.
329 2198 398 2237 Est
422 2200 568 2249 quidem
590 2198 709 2250 plani-

59 2256 126 2293 ties
143 2255 253 2305 longe
278 2256 424 2306 lateque
441 2259 592 2307 patens,
622 2255 708 2293 olim

62 2312 273 2361 cultissima,
321 2326 416 2350 nunc
449 2312 550 2349 rudis
585 2315 622 2350 et
652 2312 708 2350 in-

63 2368 173 2416 culta,
201 2369 252 2406 ita
285 2373 407 2407 tamen
445 2373 487 2406 ut
516 2369 708 2408 manifesta

61 2425 212 2474 vestigia
239 2429 461 2477 appareant,
507 2425 591 2463 olim
618 2438 707 2463 ean-

64 2481 146 2517 dem
162 2481 389 2520 cultissimam
406 2482 529 2520 fuisse.
558 2481 707 2520 Descri-

61 2541 210 2586 pserunt
226 2537 320 2575 illam
339 2539 377 2575 in
394 2538 543 2587 singulis
561 2542 708 2588 praeter

63 2591 152 2629 alios
172 2592 276 2632 Rich.
297 2599 334 2632 et
361 2594 495 2632 Porter.
505 2595 705 2644 ‚indeque

63 2646 190 2686 Ritter.
216 2649 253 2687 in
272 2650 473 2689 Erdkunde
492 2651 527 2688 II
549 2665 586 2702 p.
609 2650 703 2692 144.

63 2702 436 2772 Heeren.1deen1,2
455 2721 492 2773 p.
506 2709 584 2749 161
599 2720 703 2757 seqq

120 2773 229 2800 ουτοι
253 2758 404 2803 σταδιοι
421 2765 495 2814 τῆς
517 2759 704 2815 περιόδου

62 2828 99 2854 κ.
117 2829 149 2853 τ
168 2813 216 2866 λ.]
250 2817 293 2855 In
317 2821 451 2858 ambitu
479 2819 704 2868 Babyloniae

63 2870 163 2908 urbis
201 2872 406 2914 definiendo
447 2876 703 2926 moeniumque

63 2928 238 2966 mensuris
256 2934 393 2971 veteres
411 2932 607 2970 admodum
627 2933 703 2970 dis-

365 541 489 592 οῧτοι
537 545 708 592 στάδιοι
757 550 835 604 τῆς
877 545 1088 602 περιόδου
1127 551 1205 605 τῆς
1242 546 1398 600 πόλιος

794 733 965 771 sentiunt.
1005 731 1240 773 Herodotum
1263 732 1375 771 secuti
1396 733 1452 771 vi·-

793 789 929 828 dentur
962 789 1100 828 Plinius
1119 790 1168 830 H.
1197 788 1246 828 N.
1278 790 1352 838 VI,
1382 793 1452 839 26,

791 845 1000 885 Philostrat.
1035 846 1110 886 Vit.
1145 846 1267 897 Apoll.
1307 847 1346 894 I,
1379 847 1448 894 25,

792 902 947 940 Orosius
984 902 1042 951 ΙΙ,
1084 906 1122 946 6.
1179 904 1257 941 Sed
1302 903 1449 941 Ctesias

791 962 944 997 trecenta
971 962 1162 1009 sexaginta
1184 963 1324 997 tantum
1341 960 1448 1010 ponit

791 1016 929 1062 stadia3
950 1029 1058 1065 quem
1075 1016 1177 1053 multi
1194 1020 1365 1067 posterae
1384 1028 1449 1053 ae-

789 1073 873 1110 tatis
893 1073 1088 1122 scriptores
1114 1077 1199 1109 sunt
1218 1072 1343 1111 secuti.
1385 1072 1449 1109 Cf.

789 1129 923 1166 Strabo
941 1129 1029 1166 XVI
1049 1143 1137 1180 pag.
1157 1132 1265 1171 1072
1278 1157 1289 1176 ,
1310 1128 1356 1175 Β,
1381 1128 1444 1165 ubi

789 1197 812 1222 a
832 1184 984 1222 librariis
1001 1191 1189 1235 peccatum
1209 1198 1290 1223 esse
1304 1183 1443 1232 volunt,

788 1254 869 1279 cum
900 1241 1110 1279 CCCLXV
1147 1241 1345 1279 stadiorum
1371 1253 1442 1277 nu-

787 1311 908 1335 merus
927 1302 1024 1336 esset
1040 1298 1246 1348 ponendus.
1283 1296 1442 1346 Reliqua

789 1354 939 1393 excitavi
978 1354 1026 1391 ad
1056 1354 1205 1392 Ctesiae
1233 1354 1443 1402 fragmenta.

785 1422 873 1461 pag·
900 1409 981 1451 401
1011 1423 1088 1459 seq.
1133 1410 1211 1449 coll.
1240 1422 1327 1459 pag.
1354 1411 1440 1451 396

786 1479 886 1515 seq.,
915 1466 977 1503 ubi
1004 1467 1114 1505 etiam
1140 1465 1349 1504 recentioris
1375 1477 1442 1503 ae-

785 1523 869 1561 tatis
898 1523 994 1560 viros
1021 1522 1176 1561 indicavi
1198 1523 1346 1568 doctos,
1375 1521 1440 1571 qui

784 1581 946 1617 diversas
970 1583 1134 1618 veterum
1151 1579 1350 1618 sententias
1378 1591 1441 1616 se-

784 1649 866 1675 cum
886 1635 1075 1674 conciliare
1092 1635 1305 1674 studuerint.
1341 1634 1438 1672 Sunt

784 1693 846 1742 qui
866 1705 910 1730 ex
929 1705 1121 1731 mensurae
1142 1691 1352 1730 diversitate
1381 1691 1438 1728 di-

783 1762 928 1786 versum
959 1761 1107 1798 quoqne
1141 1748 1341 1786 stadiorum
1366 1759 1439 1783 nu-

781 1818 921 1843 merum
945 1804 1115 1855 explicari
1136 1818 1247 1855 posse
1271 1803 1436 1850 credant,

780 1875 862 1900 cum
894 1861 1041 1899 Ctesiae
1071 1861 1190 1899 stadia
1213 1859 1438 1898 Herodoteis

777 1918 913 1957 fuerint
946 1918 1085 1955 maiora
1127 1918 1288 1967 indeque
1326 1917 1435 1954 etiam

777 1987 927 2012 numero
960 1974 1155 2024 pauciora,
1194 1973 1358 2024 quamvis
1391 1985 1435 2009 u-

776 2044 862 2069 nam
888 2031 1117 2079 eandemque
1142 2030 1240 2067 urbis
1259 2028 1432 2078 amplitu-

776 2088 898 2126 dinem
925 2086 1156 2125 declarantia.
1198 2086 1437 2124 Herodotum-

775 2145 869 2183 enim
900 2143 970 2191 (ita
995 2148 1080 2194 post
1108 2142 1199 2180 alios
1226 2141 1351 2179 statuit
1376 2141 1431 2178 vir

774 2201 902 2238 doctus
920 2201 958 2237 in
975 2199 1173 2238 Becherch.
1192 2198 1347 2236 nouvell.
1368 2209 1431 2234 sur

773 2257 880 2294 l’hist.
901 2258 1039 2294 ancien.
1062 2255 1231 2306 111p.56
1252 2255 1348 2304 seq.)
1370 2254 1428 2290 lo-

775 2314 838 2364 qui
857 2314 904 2351 de
925 2313 1050 2350 stadiis
1082 2311 1288 2349 Chaldaicis
1304 2340 1315 2359 ‚
1336 2311 1426 2347 Cte-

774 2371 868 2408 siam
888 2370 935 2407 de
967 2368 1141 2417 Assyriis,
1171 2380 1325 2418 quorum
1353 2366 1426 2404 tria

772 2430 933 2476 aequent
957 2425 1155 2463 Chaldaica
1179 2428 1357 2473 quatuor,
1383 2427 1425 2460 ut

772 2483 1041 2533 quadringenta
1053 2481 1239 2530 octoginta
1248 2479 1423 2517 Chaldai-

771 2552 814 2578 ca
829 2552 870 2577 re
883 2552 969 2577 vera
979 2551 1054 2575 non
1071 2538 1242 2575 differant
1250 2536 1422 2574 trecentis

769 2595 959 2645 sexaginta
990 2594 1158 2644 Assyriis.
1213 2593 1291 2630 Sed
1316 2592 1420 2630 Ren-

768 2652 864 2691 nelio
883 2652 925 2700 (l.
947 2651 971 2689 l.
986 2664 1073 2703 pag.
1090 2650 1192 2699 534)
1217 2649 1363 2687 Ctesiae
1381 2651 1421 2685 et

768 2708 940 2746 Clitarchi
958 2708 1080 2758 potior
1106 2708 1144 2744 in
1161 2706 1260 2743 hisce
1276 2705 1420 2743 videtur

767 2765 982 2811 auctoritas,
1010 2764 1182 2814 quoniam
1200 2762 1272 2812 ipsi
1293 2761 1418 2809 Baby-

767 2821 889 2859 lonem
907 2821 1094 2858 inviserint
1118 2820 1271 2869 ipseque
1289 2829 1416 2854 nume-

768 2890 828 2914 rus
846 2877 1044 2914 stadiorum
1065 2876 1112 2912 ab
1133 2876 1200 2912 illis
1222 2874 1414 2918 indicatus,

767 2946 848 2971 cum
866 2933 1008 2970 dierum
1033 2932 1118 2969 anni
1145 2942 1296 2968 numero
1326 2928 1416 2966 mire
