1759 3324
23 626 66 659 pti
59 633 123 651 loru
107 633 154 652 um
201 633 267 659 οριιι

25 693 68 718 De
52 700 123 718 eoru
129 700 155 718 m
223 700 239 718 a

25 725 169 753 Graecos.

357 263 442 303 820

812 263 1279 301 HERODOTI

356 370 516 428 ταύτης
542 370 625 428 γὰρ
660 371 735 414 καὶ
771 370 932 428 Ἑρμέω
963 373 1126 427 λέγεται
1169 372 1375 428 γενέσθαι
1404 369 1490 414 ὑπὸ
1524 369 1618 414 Ἑλ-

355 450 499 507 λήνων
535 450 558 494 ὁ
594 450 738 505 Πάν)
799 450 963 494 ἐλάσσω
1005 451 1097 494 ἔτεα
1137 452 1225 495 ἐστι
1267 455 1355 494 τῶν
1398 454 1621 504 Τρωϊκῶν,

195 526 296 571 146
353 530 463 574 κατὰ
507 528 560 572 τὰ
611 529 847 572 ὀκτακόσια
887 530 1073 585 μάλιστα
1111 531 1153 581 ἐς
1194 530 1275 586 ἐμέ.

26 590 171 618 Herodoti
203 593 300 651 Aegiim

1340 529 1521 573 Τούτων
1557 523 1619 572 c3v

358 608 622 665 ἀμφοτέρων
661 607 841 659 πάρεστι
876 613 1069 664 χρᾶσθαι
1099 611 1212 653 τοῖσί
1241 626 1305 660 τις
1333 610 1520 653 πείσεται
1550 612 1620 652 λε·

244 701 280 727 ¹¹
265 692 302 719 ¹¹¹¹
358 689 580 744 γομένοισι
607 690 796 741 μᾶλλον·
827 687 923 742 ἐμοὶ
953 687 996 730 δ’
1028 704 1092 731 ων
1120 688 1146 744 ἡ
1177 689 1275 741 περὶ
1295 687 1443 731 αὐτῶν
1470 686 1677 744 γνώμηὸο

328 765 657 810 Ξοῖποδέδεκται.
709 766 745 806 εἰ
775 764 854 819 μὲν
887 766 967 820 γὰρ
1003 768 1187 821 φανεροί
1225 783 1268 809 τε
1305 766 1504 821 ἐγένοντο
1547 768 1622 810 καὶ

358 843 659 900 κατεγήρασαν
706 843 779 884 καὶ
827 838 951 886 οὗτοι
991 845 1037 887 ἐν
1078 849 1131 900 τῇ
1175 843 1371 896 Ἑλλάδι,
1431 845 1619 899 κατάπερ

352 922 586 979 “Ηρακλέης
617 920 640 964 ὁ
673 922 714 973 ἐξ
742 920 1068 977 Ἀμφιτρύωνος
1097 924 1349 980 γενόμενος,
1378 925 1452 968 καὶ
1473 924 1525 980 δή
1548 925 1623 967 καὶ

356 1001 580 1052 Διόνυσος
611 999 634 1044 ὁ
666 999 711 1043 ἐκ
741 1001 955 1056 Σεμέλης,
1005 1003 1077 1045 καὶ
1110 1003 1211 1047 Πάν
1242 1003 1264 1047 ὁ
1297 1004 1343 1047 ἐκ
1374 1002 1625 1060 Πηνελόπης

363 1080 617 1138 γενόμενος,
660 1081 743 1138 ἔφη
775 1079 829 1124 ἄν
858 1097 946 1134 τις,
996 1082 1070 1125 καὶ
1099 1081 1286 1135 τούτους
1315 1082 1500 1135 ἄλλους,
1543 1080 1621 1126 ἅν-
1635 1089 1679 1122 85

306 1278 378 1314 sius
399 1280 510 1326 atque
531 1277 746 1316 Creuzerus.
798 1278 858 1316 Tu
884 1278 957 1314 vid.

306 1334 470 1384 inprimis
489 1333 638 1372 Luciani
665 1334 781 1372 locum
808 1335 844 1372 in
880 1335 958 1370 dia-

306 1390 381 1439 log.
412 1390 512 1427 deor.
539 1391 646 1428 XXII
672 1404 757 1441 pag.
789 1395 842 1433 76
874 1391 956 1441 Bip.

305 1447 429 1496 ibique
447 1446 698 1485 Hemsterhus.
717 1462 753 1499 p.
775 1450 857 1489 319
881 1461 957 1496 seq.

307 1508 346 1540 et
369 1516 464 1552 quae
483 1504 529 1540 de
551 1505 718 1541 universo
746 1505 814 1542 hoc
848 1517 959 1552 argu-

304 1564 428 1596 mento
462 1560 662 1609 disputavit
689 1561 892 1598 Creuzerus
923 1561 961 1597 in

306 1615 468 1665 Symbol.
497 1616 547 1653 ΙΙΙ
580 1631 617 1668 Ρ.
639 1617 715 1658 241
743 1630 846 1666 seqq.
878 1617 960 1658 243

305 1685 409 1721 seqq.
461 1672 530 1709 Est
546 1686 631 1710 vero
648 1674 706 1711 hic
724 1674 959 1722 cogitandum

306 1730 354 1766 de
382 1728 479 1765 Pane
497 1758 508 1776 ‚
558 1730 698 1778 qualem
727 1731 960 1766 iudicavimus

306 1786 414 1822 deum
437 1785 474 1821 in
496 1790 572 1822 not.
593 1787 642 1823 ad
661 1787 801 1823 Herod.
823 1786 868 1832 ΙΙ,
892 1787 960 1834 46,

305 1846 418 1890 atque
441 1842 487 1879 de
510 1841 691 1880 Mercurio
707 1842 960 1893 Itleyphallico‚

307 1899 354 1935 de
377 1911 449 1947 quo
473 1899 626 1936 diximus
645 1901 692 1936 ad
713 1900 764 1946 ΙΙ,
787 1903 852 1941 51.
890 1899 962 1937 Pe-

306 1954 475 2005 nelopam
513 1961 633 1993 autem
665 1957 814 1992 tradunt
850 1956 961 2004 virgi-

306 2023 411 2058 nem,
440 2016 635 2060 antequam
656 2012 765 2061 Ulyxi
785 2013 960 2062 nupserit,

306 2067 457 2116 magicis
485 2069 622 2105 artibus
646 2081 666 2104 a
693 2068 874 2106 Mercurio
902 2081 962 2105 ca-

306 2128 409 2173 ptam
437 2128 475 2160 et
511 2124 556 2160 ab
588 2125 739 2171 eodem,
780 2126 841 2174 qui
871 2126 963 2162 hirci

308 2179 463 2228 speciem
492 2181 742 2228 assumsisset,
778 2195 961 2231 compres-

311 2247 387 2272 sam
408 2235 531 2272 fuisse.
578 2236 651 2273 Ubi
676 2236 861 2288 Penelope
878 2251 960 2275 eum

307 2292 383 2328 fere
399 2290 516 2327 locum
536 2295 661 2329 tenere
681 2293 834 2340 videtur,
851 2306 960 2342 quem

308 2347 346 2383 in
375 2347 498 2384 similis
530 2349 735 2396 argumenti
765 2349 894 2386 sabulis
924 2353 961 2387 et

307 2403 487 2454 Pasiphae
507 2408 543 2440 et
560 2404 777 2454 Proserpina
793 2406 960 2454 adeoque

307 2460 387 2509 ipsa
433 2459 577 2497 Helena
618 2464 742 2498 tenere
780 2461 959 2498 dicuntur.

310 2515 407 2553 Nolo
434 2529 530 2553 nunc
557 2516 660 2565 plura
681 2517 834 2563 afferre,
864 2530 959 2566 quae

309 2571 434 2609 melius
454 2586 474 2609 e
498 2573 671 2610 Creuzeri
700 2572 791 2610 libro
813 2572 835 2610 l.
855 2573 878 2610 l.
898 2587 960 2611 co-

308 2629 435 2678 gnosci
453 2633 635 2680 poterunt.

364 2737 464 2779 κατοῖ
485 2737 532 2778 ro?
554 2735 768 2780 ὀκτακόσια
795 2736 960 2791 μάλιστα

309 2796 349 2844 ἒς
370 2795 458 2847 ἐμέ]
490 2797 580 2834 Inde
607 2796 708 2834 Pana
731 2811 826 2835 anno
852 2801 959 2839 1260

310 2867 342 2894 a.
361 2854 446 2891 Chr.
467 2866 502 2890 n.
521 2854 657 2891 editum
674 2855 776 2905 ponit
790 2854 959 2893 Larcher.

261 2946 265 2953 ,
311 2915 336 2947 t.
357 2910 423 2947 Vll
441 2924 477 2962 p.
494 2911 587 2952 359.

1206 1279 1237 1317 C
1247 1294 1268 1318 a
1277 1294 1313 1331 p.
1345 1278 1512 1317 CXLVI.

1083 1387 1236 1431 τούτων
1256 1394 1312 1431 ὠν
1325 1387 1561 1443 ἀμφοτέρων
1575 1404 1678 1455 παρ-

1028 1459 1157 1487 εστικ.
1177 1464 1208 1486 τ.
1232 1447 1278 1499 λ.]
1317 1451 1441 1487 ταῦτα
1473 1441 1679 1498 ἀμφότερα

1026 1505 1194 1554 intelligit
1221 1510 1411 1555 utramque
1439 1504 1535 1542 illam
1567 1505 1680 1540 ratio-

1027 1575 1131 1609 nem,
1162 1574 1234 1611 qua
1250 1563 1338 1599 deos
1361 1562 1525 1599 Graecos
1546 1574 1589 1598 ex
1608 1559 1681 1597 Ae—

1027 1623 1142 1668 gypto
1160 1619 1331 1655 advectos
1350 1631 1431 1655 esse
1462 1617 1521 1654 alii
1545 1620 1682 1654 statue-

1027 1676 1141 1720 bant,
1168 1674 1226 1710 alii
1243 1676 1439 1724 negabant.
1469 1674 1553 1710 vid.
1572 1684 1682 1722 supra

1027 1731 1087 1778 ΙΙ,
1113 1731 1167 1771 43
1199 1744 1301 1780 seqq.
1356 1731 1537 1768 Herodoti
1565 1729 1679 1780 ipsius

1028 1800 1109 1825 eam
1137 1788 1248 1825 fuisse
1285 1787 1499 1825 sententiam
1529 1786 1682 1823 manife-

1030 1849 1124 1881 stum
1144 1850 1222 1891 est,
1267 1849 1307 1881 ut
1335 1843 1574 1892 antiquissimi
1602 1843 1681 1879 fue-

1029 1902 1102 1937 rint
1122 1900 1384 1950 Aegyptiorum
1404 1901 1477 1946 dii,
1508 1900 1545 1935 in
1563 1899 1683 1935 Grae-

1030 1958 1123 1994 ciam
1154 1958 1347 2006 postmodo
1374 1956 1506 2002 delati,
1547 1955 1608 1992 ubi
1637 1967 1681 1992 eo

1029 2014 1108 2064 ipso
1145 2018 1312 2063 tempore
1349 2014 1424 2049 nati
1460 2012 1682 2060 nominaque

1029 2071 1211 2119 accepisse
1238 2070 1460 2119 putabantur
1479 2097 1489 2115 ,
1534 2080 1606 2117 quo
1637 2080 1681 2104 ex

1027 2125 1200 2176 Aegypto
1230 2126 1329 2162 allati
1352 2126 1496 2162 fuerint.
1525 2145 1582 2151 -
1610 2119 1682 2162 αύ-

1027 2185 1106 2220 τῶν
1134 2196 1212 2219 cum
1247 2182 1362 2219 Gaisf.
1391 2182 1488 2219 edidi
1515 2193 1583 2231 pro
1613 2175 1681 2218 αύ-
1698 2227 1700 2231 Ι

1027 2237 1137 2277 τέων.

1083 2347 1150 2387 καὶ
1190 2344 1357 2394 τούτους
1398 2345 1542 2394 ἄλλους
1561 2377 1572 2395 ,
1610 2345 1679 2388 ὄὶν-

1028 2405 1124 2455 δρας
1142 2402 1393 2455 γενομένους]
1424 2401 1590 2451 τούτους
1613 2402 1678 2443 527¹-

1027 2463 1119 2506 λους
1139 2462 1236 2497 hosce
1256 2462 1345 2498 alios
1368 2461 1535 2511 intelligit
1553 2466 1680 2511 poste-

1026 2517 1140 2554 riores
1192 2518 1280 2554 deos
1326 2518 1488 2568 priorum
1536 2517 1678 2555 illorum

1026 2573 1311 2623 (Aegyptiorum
1349 2587 1546 2624 eorumque
1582 2575 1679 2611 anti-

1025 2631 1297 2678 quissimorum)
1315 2632 1560 2678 cognomines.
1584 2631 1678 2668 Cum

1030 2687 1146 2723 Gaisf.
1177 2687 1302 2737 scripsi
1345 2683 1494 2739 ἄνδρας
1518 2685 1678 2738 γενομέ-

1028 2757 1124 2788 νους
1138 2743 1179 2790 (i.
1197 2755 1228 2779 e.
1251 2756 1327 2780 cum
1349 2743 1499 2781 homines
1507 2743 1609 2792 facti
1622 2757 1677 2780 es-

1027 2800 1118 2847 sent)
1144 2800 1286 2836 inverso
1306 2800 1443 2837 ordine.
1482 2799 1562 2837 Nec
1584 2813 1677 2850 opus

1028 2868 1108 2892 cum
1128 2855 1274 2905 Toupio
1294 2856 1384 2904 (vid.
1398 2855 1569 2894 Larcheri
1580 2857 1677 2904 not.)

1028 2911 1169 2961 legere:
1210 2911 1276 2951 καὶ
1315 2909 1479 2959 τούτους
1516 2909 1676 2960 ἄλλως
