<?xml version="1.0" encoding="UTF-8"?>
<!DOCTYPE html PUBLIC "-//W3C//DTD XHTML 1.0 Transitional//EN"
    "http://www.w3.org/TR/xhtml1/DTD/xhtml1-transitional.dtd">
<html xmlns="http://www.w3.org/1999/xhtml" xml:lang="en" lang="en">
 <head>
  <title>
</title>
<meta http-equiv="Content-Type" content="text/html;charset=utf-8" />
  <meta name='ocr-system' content='tesseract 3.04.00' />
  <meta name='ocr-capabilities' content='ocr_page ocr_carea ocr_par ocr_line ocrx_word'/>
</head>
<body>
  <div class='ocr_page' id='page_1' title='image "./musaeher01hero/musaeher01hero_0724.png"; bbox 0 0 1759 3324; ppageno 0'>
   <div class='ocr_carea' id='block_1_1' title="bbox 369 260 454 301">
    <p class='ocr_par' dir='ltr' id='par_1_1' title="bbox 369 260 454 301">
     <span class='ocr_line' id='line_1_1' title="bbox 369 260 454 301; baseline -0.012 0"><span class='ocrx_word' id='word_1_1' title='bbox 369 260 454 301; x_wconf 69' lang='lat'>702</span> 
     </span>
    </p>
   </div>
   <div class='ocr_carea' id='block_1_2' title="bbox 341 368 571 425">
    <p class='ocr_par' dir='ltr' id='par_1_2' title="bbox 341 368 571 425">
     <span class='ocr_line' id='line_1_2' title="bbox 341 368 571 425; baseline 0.013 -16"><span class='ocrx_word' id='word_1_2' title='bbox 341 372 364 409; x_wconf 83' lang='lat'>4</span> <span class='ocrx_word' id='word_1_3' title='bbox 376 368 571 425; x_wconf 78' lang='grc' dir='ltr'><em>Μέμφιν.</em></span> 
     </span>
    </p>
   </div>
   <div class='ocr_carea' id='block_1_3' title="bbox 773 261 1248 303">
    <p class='ocr_par' dir='ltr' id='par_1_3' title="bbox 773 261 1248 303">
     <span class='ocr_line' id='line_1_3' title="bbox 773 261 1248 303; baseline 0.002 -2"><span class='ocrx_word' id='word_1_4' title='bbox 773 261 1248 303; x_wconf 87' lang='lat' dir='ltr'>HERODOTI</span> 
     </span>
    </p>
   </div>
   <div class='ocr_carea' id='block_1_4' title="bbox 635 371 1640 430">
    <p class='ocr_par' dir='ltr' id='par_1_4' title="bbox 635 371 1640 430">
     <span class='ocr_line' id='line_1_4' title="bbox 635 371 1640 430; baseline 0.006 -16"><span class='ocrx_word' id='word_1_5' title='bbox 635 371 713 415; x_wconf 78' lang='grc' dir='ltr'>τόν</span> <span class='ocrx_word' id='word_1_6' title='bbox 749 371 836 427; x_wconf 75' lang='grc' dir='ltr'>γάρ</span> <span class='ocrx_word' id='word_1_7' title='bbox 878 374 1077 430; x_wconf 77' lang='grc' dir='ltr'><em>ποταμόν</em></span> <span class='ocrx_word' id='word_1_8' title='bbox 1117 373 1262 417; x_wconf 76' lang='grc' dir='ltr'><em>πάντα</em></span> <span class='ocrx_word' id='word_1_9' title='bbox 1303 375 1416 430; x_wconf 75' lang='grc' dir='ltr'><em>ῥέειν</em></span> <span class='ocrx_word' id='word_1_10' title='bbox 1444 375 1563 429; x_wconf 73' lang='grc' dir='ltr'><em>παρὰ</em></span> <span class='ocrx_word' id='word_1_11' title='bbox 1590 376 1640 420; x_wconf 78' lang='grc' dir='ltr'>τὸ</span> 
     </span>
    </p>
   </div>
   <div class='ocr_carea' id='block_1_5' title="bbox 371 448 1641 511">
    <p class='ocr_par' dir='ltr' id='par_1_5' title="bbox 371 448 1641 511">
     <span class='ocr_line' id='line_1_5' title="bbox 371 448 1641 511; baseline 0.006 -20"><span class='ocrx_word' id='word_1_12' title='bbox 371 448 476 502; x_wconf 76' lang='grc' dir='ltr'><em>ὄρος</em></span> <span class='ocrx_word' id='word_1_13' title='bbox 506 449 554 492; x_wconf 83' lang='grc' dir='ltr'>τὸ</span> <span class='ocrx_word' id='word_1_14' title='bbox 582 450 807 507; x_wconf 71' lang='grc' dir='ltr'><em>ψάμμινον</em></span> <span class='ocrx_word' id='word_1_15' title='bbox 836 453 946 506; x_wconf 81' lang='grc' dir='ltr'><em>πρὸς</em></span> <span class='ocrx_word' id='word_1_16' title='bbox 973 453 1156 510; x_wconf 76' lang='grc' dir='ltr'>Λιβύης·</span> <span class='ocrx_word' id='word_1_17' title='bbox 1188 455 1265 498; x_wconf 80' lang='grc' dir='ltr'>τόν</span> <span class='ocrx_word' id='word_1_18' title='bbox 1296 456 1340 498; x_wconf 79' lang='grc' dir='ltr'>δὲ</span> <span class='ocrx_word' id='word_1_19' title='bbox 1362 460 1497 511; x_wconf 56' lang='grc' dir='ltr'>ΡΛῆνα</span> <span class='ocrx_word' id='word_1_20' title='bbox 1528 453 1641 498; x_wconf 70' lang='grc' dir='ltr'><em>ἄνω-</em></span> 
     </span>
    </p>
   </div>
   <div class='ocr_carea' id='block_1_6' title="bbox 369 528 1639 591">
    <p class='ocr_par' dir='ltr' id='par_1_6' title="bbox 369 528 1639 591">
     <span class='ocr_line' id='line_1_6' title="bbox 369 528 1639 591; baseline 0.006 -21"><span class='ocrx_word' id='word_1_21' title='bbox 369 533 472 581; x_wconf 83' lang='grc' dir='ltr'><em>θεν,</em></span> <span class='ocrx_word' id='word_1_22' title='bbox 523 528 629 572; x_wconf 80' lang='grc' dir='ltr'><em>ὅσον</em></span> <span class='ocrx_word' id='word_1_23' title='bbox 659 548 701 574; x_wconf 82' lang='grc' dir='ltr'>τε</span> <span class='ocrx_word' id='word_1_24' title='bbox 733 533 890 576; x_wconf 77' lang='grc' dir='ltr'><em>ἑκατόν</em></span> <span class='ocrx_word' id='word_1_25' title='bbox 922 536 1127 584; x_wconf 72' lang='grc' dir='ltr'><em>σταδίους</em></span> <span class='ocrx_word' id='word_1_26' title='bbox 1166 533 1252 578; x_wconf 82' lang='grc' dir='ltr'>ἀπὸ</span> <span class='ocrx_word' id='word_1_27' title='bbox 1284 536 1513 591; x_wconf 66' lang='grc' dir='ltr'><em>ΛῙέμφιος,</em></span> <span class='ocrx_word' id='word_1_28' title='bbox 1560 535 1639 578; x_wconf 86' lang='grc' dir='ltr'>τὸν</span> 
     </span>
    </p>
   </div>
   <div class='ocr_carea' id='block_1_7' title="bbox 369 608 1695 671">
    <p class='ocr_par' dir='ltr' id='par_1_7' title="bbox 369 608 1695 671">
     <span class='ocr_line' id='line_1_7' title="bbox 369 608 1695 671; baseline 0.004 -20"><span class='ocrx_word' id='word_1_29' title='bbox 369 608 481 663; x_wconf 80' lang='grc' dir='ltr'><em>πρὸς</em></span> <span class='ocrx_word' id='word_1_30' title='bbox 509 612 776 668; x_wconf 80' lang='grc' dir='ltr'><em>μεσαμβρίης</em></span> <span class='ocrx_word' id='word_1_31' title='bbox 805 610 982 668; x_wconf 70' lang='grc' dir='ltr'><em>ἀγκῶνα</em></span> <span class='ocrx_word' id='word_1_32' title='bbox 1010 612 1344 669; x_wconf 75' lang='grc' dir='ltr'><em>προσχώσαντα,</em></span> <span class='ocrx_word' id='word_1_33' title='bbox 1376 614 1424 658; x_wconf 81' lang='grc' dir='ltr'>τό</span> <span class='ocrx_word' id='word_1_34' title='bbox 1456 614 1536 671; x_wconf 76' lang='grc' dir='ltr'>μὲν</span> <span class='ocrx_word' id='word_1_35' title='bbox 1561 611 1695 670; x_wconf 61' lang='grc' dir='ltr'><em>(ἔρ-50</em></span> 
     </span>
    </p>
   </div>
   <div class='ocr_carea' id='block_1_8' title="bbox 300 829 970 2914">
    <p class='ocr_par' dir='ltr' id='par_1_8' title="bbox 300 829 970 2281">
     <span class='ocr_line' id='line_1_8' title="bbox 312 829 968 878; baseline 0.003 -14"><span class='ocrx_word' id='word_1_36' title='bbox 312 842 386 877; x_wconf 85' lang='lat' dir='ltr'>gna</span> <span class='ocrx_word' id='word_1_37' title='bbox 409 829 623 875; x_wconf 76' lang='lat' dir='ltr'>habuerint,</span> <span class='ocrx_word' id='word_1_38' title='bbox 659 841 754 878; x_wconf 89' lang='lat' dir='ltr'>quae</span> <span class='ocrx_word' id='word_1_39' title='bbox 775 829 968 867; x_wconf 80' lang='lat' dir='ltr'>Herodoto</span> 
     </span>
     <span class='ocr_line' id='line_1_9' title="bbox 312 885 970 936; baseline -0.002 -13"><span class='ocrx_word' id='word_1_40' title='bbox 312 890 500 923; x_wconf 79' lang='lat' dir='ltr'>enarrent:</span> <span class='ocrx_word' id='word_1_41' title='bbox 549 885 700 923; x_wconf 80' lang='lat' dir='ltr'>alterum</span> <span class='ocrx_word' id='word_1_42' title='bbox 745 900 837 936; x_wconf 87' lang='lat' dir='ltr'>opus</span> <span class='ocrx_word' id='word_1_43' title='bbox 871 887 970 922; x_wconf 71' lang='lat' dir='ltr'>ssuxii</span> 
     </span>
     <span class='ocr_line' id='line_1_10' title="bbox 310 942 969 991; baseline 0 -12"><span class='ocrx_word' id='word_1_44' title='bbox 310 942 382 979; x_wconf 88' lang='lat' dir='ltr'>alio</span> <span class='ocrx_word' id='word_1_45' title='bbox 423 942 569 978; x_wconf 77' lang='lat' dir='ltr'>deducti</span> <span class='ocrx_word' id='word_1_46' title='bbox 609 943 781 991; x_wconf 79' lang='lat' dir='ltr'>urbisque</span> <span class='ocrx_word' id='word_1_47' title='bbox 814 944 851 979; x_wconf 90' lang='lat' dir='ltr'>in</span> <span class='ocrx_word' id='word_1_48' title='bbox 890 943 969 980; x_wconf 87' lang='lat' dir='ltr'>loco</span> 
     </span>
     <span class='ocr_line' id='line_1_11' title="bbox 311 998 970 1046; baseline 0.002 -11"><span class='ocrx_word' id='word_1_49' title='bbox 311 999 405 1035; x_wconf 82' lang='lat' dir='ltr'>sicco</span> <span class='ocrx_word' id='word_1_50' title='bbox 450 998 521 1034; x_wconf 87' lang='lat' dir='ltr'>iam</span> <span class='ocrx_word' id='word_1_51' title='bbox 568 999 737 1036; x_wconf 86' lang='lat' dir='ltr'>conditae</span> <span class='ocrx_word' id='word_1_52' title='bbox 757 1029 768 1046; x_wconf 91' lang='lat'>,</span> <span class='ocrx_word' id='word_1_53' title='bbox 817 1000 970 1037; x_wconf 89' lang='lat' dir='ltr'>alterum</span> 
     </span>
     <span class='ocr_line' id='line_1_12' title="bbox 310 1054 970 1104; baseline 0 -12"><span class='ocrx_word' id='word_1_54' title='bbox 310 1054 440 1104; x_wconf 89' lang='lat' dir='ltr'>templi</span> <span class='ocrx_word' id='word_1_55' title='bbox 469 1054 650 1104; x_wconf 82' lang='lat' dir='ltr'>splendidi</span> <span class='ocrx_word' id='word_1_56' title='bbox 670 1056 830 1093; x_wconf 81' lang='lat' dir='ltr'>Vulcano</span> <span class='ocrx_word' id='word_1_57' title='bbox 865 1057 970 1094; x_wconf 89' lang='lat' dir='ltr'>dedi-</span> 
     </span>
     <span class='ocr_line' id='line_1_13' title="bbox 310 1110 970 1163; baseline 0.002 -15"><span class='ocrx_word' id='word_1_58' title='bbox 310 1112 391 1149; x_wconf 83' lang='lat' dir='ltr'>cati.</span> <span class='ocrx_word' id='word_1_59' title='bbox 408 1133 464 1138; x_wconf 94' lang='lat'>-—</span> <span class='ocrx_word' id='word_1_60' title='bbox 484 1110 553 1150; x_wconf 77' lang='grc' dir='ltr'>καὶ</span> <span class='ocrx_word' id='word_1_61' title='bbox 571 1112 678 1160; x_wconf 86' lang='lat' dir='ltr'>vulgo</span> <span class='ocrx_word' id='word_1_62' title='bbox 697 1114 871 1150; x_wconf 88' lang='lat' dir='ltr'>omissum</span> <span class='ocrx_word' id='word_1_63' title='bbox 883 1126 970 1163; x_wconf 88' lang='lat' dir='ltr'>pro-</span> 
     </span>
     <span class='ocr_line' id='line_1_14' title="bbox 308 1169 967 1216; baseline 0.003 -11"><span class='ocrx_word' id='word_1_64' title='bbox 308 1169 385 1205; x_wconf 83' lang='lat' dir='ltr'>bati</span> <span class='ocrx_word' id='word_1_65' title='bbox 402 1169 541 1205; x_wconf 85' lang='lat' dir='ltr'>addunt</span> <span class='ocrx_word' id='word_1_66' title='bbox 558 1169 677 1216; x_wconf 77' lang='lat' dir='ltr'>codd,</span> <span class='ocrx_word' id='word_1_67' title='bbox 693 1170 792 1207; x_wconf 87' lang='lat' dir='ltr'>unde</span> <span class='ocrx_word' id='word_1_68' title='bbox 817 1174 967 1207; x_wconf 88' lang='lat' dir='ltr'>recentt.</span> 
     </span>
     <span class='ocr_line' id='line_1_15' title="bbox 309 1222 967 1276; baseline 0.005 -14"><span class='ocrx_word' id='word_1_69' title='bbox 309 1226 394 1262; x_wconf 90' lang='lat' dir='ltr'>edd.</span> <span class='ocrx_word' id='word_1_70' title='bbox 416 1226 548 1262; x_wconf 85' lang='lat' dir='ltr'>merito</span> <span class='ocrx_word' id='word_1_71' title='bbox 569 1231 793 1276; x_wconf 84' lang='lat' dir='ltr'>receperunt.</span> <span class='ocrx_word' id='word_1_72' title='bbox 805 1249 860 1254; x_wconf 97' lang='lat'><strong>—</strong></span> <span class='ocrx_word' id='word_1_73' title='bbox 873 1222 967 1266; x_wconf 78' lang='grc' dir='ltr'><em>α’πο-</em></span> 
     </span>
     <span class='ocr_line' id='line_1_16' title="bbox 308 1278 966 1333; baseline 0.003 -14"><span class='ocrx_word' id='word_1_74' title='bbox 308 1284 539 1333; x_wconf 76' lang='grc' dir='ltr'><em>γεφυρῶσοιι</em></span> <span class='ocrx_word' id='word_1_75' title='bbox 550 1278 631 1332; x_wconf 67' lang='grc' dir='ltr'>’τὴν</span> <span class='ocrx_word' id='word_1_76' title='bbox 656 1282 830 1333; x_wconf 80' lang='grc' dir='ltr'><em>Μέμφιν</em></span> <span class='ocrx_word' id='word_1_77' title='bbox 845 1283 966 1321; x_wconf 78' lang='lat' dir='ltr'>valet:</span> 
     </span>
     <span class='ocr_line' id='line_1_17' title="bbox 309 1338 967 1390; baseline 0.005 -15"><span class='ocrx_word' id='word_1_78' title='bbox 309 1339 420 1375; x_wconf 77' lang='lat' dir='ltr'><em>locum</em></span> <span class='ocrx_word' id='word_1_79' title='bbox 443 1339 498 1386; x_wconf 88' lang='lat' dir='ltr'>(in</span> <span class='ocrx_word' id='word_1_80' title='bbox 519 1352 591 1388; x_wconf 90' lang='lat' dir='ltr'>quo</span> <span class='ocrx_word' id='word_1_81' title='bbox 604 1338 785 1390; x_wconf 80' lang='lat' dir='ltr'>Memphis</span> <span class='ocrx_word' id='word_1_82' title='bbox 804 1345 889 1389; x_wconf 89' lang='lat' dir='ltr'>post</span> <span class='ocrx_word' id='word_1_83' title='bbox 906 1353 967 1378; x_wconf 86' lang='lat' dir='ltr'>ex-</span> 
     </span>
     <span class='ocr_line' id='line_1_18' title="bbox 308 1397 966 1445; baseline 0.005 -14"><span class='ocrx_word' id='word_1_84' title='bbox 308 1400 444 1432; x_wconf 86' lang='lat' dir='ltr'>structa</span> <span class='ocrx_word' id='word_1_85' title='bbox 469 1399 565 1443; x_wconf 86' lang='lat' dir='ltr'>est),</span> <span class='ocrx_word' id='word_1_86' title='bbox 605 1409 735 1445; x_wconf 79' lang='lat' dir='ltr'><em>aggere</em></span> <span class='ocrx_word' id='word_1_87' title='bbox 763 1397 912 1444; x_wconf 61' lang='lat' dir='ltr'>obiecto,</span> <span class='ocrx_word' id='word_1_88' title='bbox 943 1410 966 1434; x_wconf 81' lang='grc' dir='ltr'><em>α</em></span> 
     </span>
     <span class='ocr_line' id='line_1_19' title="bbox 309 1451 966 1502; baseline 0.002 -13"><span class='ocrx_word' id='word_1_89' title='bbox 309 1451 398 1490; x_wconf 74' lang='lat' dir='ltr'>Nilo</span> <span class='ocrx_word' id='word_1_90' title='bbox 425 1454 565 1502; x_wconf 77' lang='lat' dir='ltr'>eiusque</span> <span class='ocrx_word' id='word_1_91' title='bbox 594 1453 883 1490; x_wconf 72' lang='lat' dir='ltr'>inundationibus</span> <span class='ocrx_word' id='word_1_92' title='bbox 907 1458 966 1490; x_wconf 77' lang='lat' dir='ltr'>tu-</span> 
     </span>
     <span class='ocr_line' id='line_1_20' title="bbox 308 1507 962 1562; baseline 0.006 -17"><span class='ocrx_word' id='word_1_93' title='bbox 308 1513 382 1545; x_wconf 78' lang='lat' dir='ltr'>tum</span> <span class='ocrx_word' id='word_1_94' title='bbox 399 1513 590 1558; x_wconf 72' lang='lat' dir='ltr'>praestare.</span> <span class='ocrx_word' id='word_1_95' title='bbox 649 1509 748 1547; x_wconf 84' lang='lat' dir='ltr'>Nam</span> <span class='ocrx_word' id='word_1_96' title='bbox 768 1507 962 1562; x_wconf 80' lang='grc' dir='ltr'><em>γεφύραν,</em></span> 
     </span>
     <span class='ocr_line' id='line_1_21' title="bbox 307 1561 963 1617; baseline 0.003 -15"><span class='ocrx_word' id='word_1_97' title='bbox 307 1566 405 1603; x_wconf 88' lang='lat' dir='ltr'>unde</span> <span class='ocrx_word' id='word_1_98' title='bbox 426 1561 732 1617; x_wconf 68' lang='grc' dir='ltr'><em>εἷπογεφυροῦν,</em></span> <span class='ocrx_word' id='word_1_99' title='bbox 753 1580 826 1604; x_wconf 92' lang='lat' dir='ltr'>non</span> <span class='ocrx_word' id='word_1_100' title='bbox 848 1567 963 1604; x_wconf 89' lang='lat' dir='ltr'>solum</span> 
     </span>
     <span class='ocr_line' id='line_1_22' title="bbox 300 1623 964 1673; baseline 0.003 -14"><span class='ocrx_word' id='word_1_101' title='bbox 300 1626 462 1673; x_wconf 77' lang='lat' dir='ltr'>pontem,</span> <span class='ocrx_word' id='word_1_102' title='bbox 492 1624 558 1660; x_wconf 91' lang='lat' dir='ltr'>sed</span> <span class='ocrx_word' id='word_1_103' title='bbox 579 1623 688 1660; x_wconf 72' lang='lat' dir='ltr'>eliam</span> <span class='ocrx_word' id='word_1_104' title='bbox 719 1637 884 1673; x_wconf 77' lang='lat' dir='ltr'><em>aggerem</em></span> <span class='ocrx_word' id='word_1_105' title='bbox 915 1625 964 1661; x_wconf 90' lang='lat' dir='ltr'>si-</span> 
     </span>
     <span class='ocr_line' id='line_1_23' title="bbox 307 1680 965 1730; baseline 0.003 -15"><span class='ocrx_word' id='word_1_106' title='bbox 307 1680 481 1728; x_wconf 83' lang='lat' dir='ltr'>gnificare</span> <span class='ocrx_word' id='word_1_107' title='bbox 502 1707 512 1726; x_wconf 92' lang='lat'>,</span> <span class='ocrx_word' id='word_1_108' title='bbox 562 1681 648 1717; x_wconf 82' lang='lat' dir='ltr'>satis</span> <span class='ocrx_word' id='word_1_109' title='bbox 669 1682 872 1730; x_wconf 84' lang='lat' dir='ltr'>probarunt</span> <span class='ocrx_word' id='word_1_110' title='bbox 897 1681 965 1718; x_wconf 89' lang='lat' dir='ltr'>viri</span> 
     </span>
     <span class='ocr_line' id='line_1_24' title="bbox 306 1737 964 1788; baseline 0.003 -15"><span class='ocrx_word' id='word_1_111' title='bbox 306 1737 425 1783; x_wconf 83' lang='lat' dir='ltr'>docti,</span> <span class='ocrx_word' id='word_1_112' title='bbox 456 1742 496 1773; x_wconf 85' lang='lat' dir='ltr'>ut</span> <span class='ocrx_word' id='word_1_113' title='bbox 519 1737 666 1773; x_wconf 88' lang='lat' dir='ltr'>minime</span> <span class='ocrx_word' id='word_1_114' title='bbox 694 1737 727 1773; x_wconf 92' lang='lat' dir='ltr'>h.</span> <span class='ocrx_word' id='word_1_115' title='bbox 748 1737 770 1774; x_wconf 95' lang='lat' dir='ltr'>l.</span> <span class='ocrx_word' id='word_1_116' title='bbox 800 1752 892 1788; x_wconf 90' lang='lat' dir='ltr'>opus</span> <span class='ocrx_word' id='word_1_117' title='bbox 918 1738 964 1775; x_wconf 81' lang='lat' dir='ltr'>sit</span> 
     </span>
     <span class='ocr_line' id='line_1_25' title="bbox 304 1789 963 1845; baseline 0.002 -16"><span class='ocrx_word' id='word_1_118' title='bbox 304 1792 430 1841; x_wconf 84' lang='lat' dir='ltr'>legere</span> <span class='ocrx_word' id='word_1_119' title='bbox 449 1789 802 1845; x_wconf 75' lang='grc' dir='ltr'><em>α’ποστενυγρῶσαι</em></span> <span class='ocrx_word' id='word_1_120' title='bbox 824 1795 963 1839; x_wconf 78' lang='lat' dir='ltr'>(humo-</span> 
     </span>
     <span class='ocr_line' id='line_1_26' title="bbox 304 1849 962 1901; baseline 0.003 -16"><span class='ocrx_word' id='word_1_121' title='bbox 304 1861 381 1885; x_wconf 83' lang='lat' dir='ltr'>rum</span> <span class='ocrx_word' id='word_1_122' title='bbox 400 1851 480 1886; x_wconf 74' lang='lat' dir='ltr'>vias</span> <span class='ocrx_word' id='word_1_123' title='bbox 503 1849 679 1887; x_wconf 76' lang='lat' dir='ltr'>occludere</span> <span class='ocrx_word' id='word_1_124' title='bbox 701 1854 733 1887; x_wconf 77' lang='lat' dir='ltr'>et</span> <span class='ocrx_word' id='word_1_125' title='bbox 749 1851 962 1901; x_wconf 79' lang='lat' dir='ltr'>arefacere),</span> 
     </span>
     <span class='ocr_line' id='line_1_27' title="bbox 305 1907 964 1954; baseline 0.005 -12"><span class='ocrx_word' id='word_1_126' title='bbox 305 1907 616 1954; x_wconf 85' lang='lat' dir='ltr'>quemadmodum</span> <span class='ocrx_word' id='word_1_127' title='bbox 644 1907 730 1944; x_wconf 88' lang='lat' dir='ltr'>olim</span> <span class='ocrx_word' id='word_1_128' title='bbox 759 1909 964 1946; x_wconf 87' lang='lat' dir='ltr'>coniecerat</span> 
     </span>
     <span class='ocr_line' id='line_1_28' title="bbox 304 1962 962 2012; baseline 0.005 -13"><span class='ocrx_word' id='word_1_129' title='bbox 304 1962 580 2012; x_wconf 53' lang='lat' dir='ltr'>W‘esselingius.</span> <span class='ocrx_word' id='word_1_130' title='bbox 593 1985 641 1991; x_wconf 96' lang='lat'>—</span> <span class='ocrx_word' id='word_1_131' title='bbox 666 1964 725 2002; x_wconf 89' lang='lat' dir='ltr'>De</span> <span class='ocrx_word' id='word_1_132' title='bbox 743 1963 851 2002; x_wconf 79' lang='lat' dir='ltr'>Mene</span> <span class='ocrx_word' id='word_1_133' title='bbox 867 1966 962 2002; x_wconf 87' lang='lat' dir='ltr'>conf.</span> 
     </span>
     <span class='ocr_line' id='line_1_29' title="bbox 305 2019 960 2065; baseline 0.003 -10"><span class='ocrx_word' id='word_1_134' title='bbox 305 2020 352 2055; x_wconf 90' lang='lat' dir='ltr'>ad</span> <span class='ocrx_word' id='word_1_135' title='bbox 373 2019 430 2065; x_wconf 85' lang='lat' dir='ltr'>H,</span> <span class='ocrx_word' id='word_1_136' title='bbox 455 2019 480 2060; x_wconf 80' lang='grc'>4</span> <span class='ocrx_word' id='word_1_137' title='bbox 509 2020 570 2058; x_wconf 87' lang='lat' dir='ltr'>fin.</span> <span class='ocrx_word' id='word_1_138' title='bbox 631 2020 701 2058; x_wconf 88' lang='lat' dir='ltr'>Hic</span> <span class='ocrx_word' id='word_1_139' title='bbox 727 2034 838 2058; x_wconf 91' lang='lat' dir='ltr'>unum</span> <span class='ocrx_word' id='word_1_140' title='bbox 864 2022 960 2058; x_wconf 89' lang='lat' dir='ltr'>addo</span> 
     </span>
     <span class='ocr_line' id='line_1_30' title="bbox 303 2068 960 2127; baseline 0.005 -15"><span class='ocrx_word' id='word_1_141' title='bbox 303 2068 457 2112; x_wconf 84' lang='lat' dir='ltr'>Dio&#39;dor.</span> <span class='ocrx_word' id='word_1_142' title='bbox 487 2076 525 2123; x_wconf 90' lang='lat' dir='ltr'>I,</span> <span class='ocrx_word' id='word_1_143' title='bbox 558 2077 635 2123; x_wconf 89' lang='grc'>50,</span> <span class='ocrx_word' id='word_1_144' title='bbox 675 2077 757 2125; x_wconf 84' lang='lat' dir='ltr'>ubi,</span> <span class='ocrx_word' id='word_1_145' title='bbox 788 2090 883 2127; x_wconf 72' lang='lat' dir='ltr'>quae</span> <span class='ocrx_word' id='word_1_146' title='bbox 913 2078 960 2115; x_wconf 85' lang='lat' dir='ltr'>de</span> 
     </span>
     <span class='ocr_line' id='line_1_31' title="bbox 304 2130 962 2184; baseline 0.005 -16"><span class='ocrx_word' id='word_1_147' title='bbox 304 2130 410 2168; x_wconf 75' lang='lat' dir='ltr'>,Mene</span> <span class='ocrx_word' id='word_1_148' title='bbox 427 2132 640 2169; x_wconf 88' lang='lat' dir='ltr'>Herodotus</span> <span class='ocrx_word' id='word_1_149' title='bbox 662 2135 859 2171; x_wconf 82' lang='lat' dir='ltr'>memoriae</span> <span class='ocrx_word' id='word_1_150' title='bbox 872 2148 962 2184; x_wconf 87' lang='lat' dir='ltr'>pro-</span> 
     </span>
     <span class='ocr_line' id='line_1_32' title="bbox 304 2187 960 2239; baseline 0.008 -16"><span class='ocrx_word' id='word_1_151' title='bbox 304 2187 417 2234; x_wconf 86' lang='lat' dir='ltr'>didit,</span> <span class='ocrx_word' id='word_1_152' title='bbox 448 2189 497 2225; x_wconf 90' lang='lat' dir='ltr'>ad</span> <span class='ocrx_word' id='word_1_153' title='bbox 527 2188 720 2227; x_wconf 78' lang='lat' dir='ltr'>Ucltoreum</span> <span class='ocrx_word' id='word_1_154' title='bbox 748 2203 873 2239; x_wconf 84' lang='lat' dir='ltr'>regem</span> <span class='ocrx_word' id='word_1_155' title='bbox 901 2204 960 2228; x_wconf 91' lang='lat' dir='ltr'>re-</span> 
     </span>
     <span class='ocr_line' id='line_1_33' title="bbox 303 2244 477 2281; baseline 0 -1"><span class='ocrx_word' id='word_1_156' title='bbox 303 2244 477 2281; x_wconf 82' lang='lat' dir='ltr'>feruntur.</span> 
     </span>
    </p>

    <p class='ocr_par' dir='ltr' id='par_1_9' title="bbox 300 2296 957 2914">
     <span class='ocr_line' id='line_1_34' title="bbox 359 2296 957 2352; baseline 0.003 -14"><span class='ocrx_word' id='word_1_157' title='bbox 359 2297 429 2339; x_wconf 76' lang='grc' dir='ltr'>τόν</span> <span class='ocrx_word' id='word_1_158' title='bbox 446 2296 520 2352; x_wconf 59' lang='grc' dir='ltr'>γάρ</span> <span class='ocrx_word' id='word_1_159' title='bbox 541 2296 723 2350; x_wconf 75' lang='grc' dir='ltr'><em>ποταμόν</em></span> <span class='ocrx_word' id='word_1_160' title='bbox 743 2297 876 2339; x_wconf 71' lang='grc' dir='ltr'><em>πάντα</em></span> <span class='ocrx_word' id='word_1_161' title='bbox 897 2299 957 2352; x_wconf 73' lang='grc' dir='ltr'>ῥέ-</span> 
     </span>
     <span class='ocr_line' id='line_1_35' title="bbox 304 2354 956 2406; baseline 0 -11"><span class='ocrx_word' id='word_1_162' title='bbox 304 2370 362 2395; x_wconf 76' lang='grc' dir='ltr'>ειν</span> <span class='ocrx_word' id='word_1_163' title='bbox 384 2371 419 2395; x_wconf 79' lang='grc' dir='ltr'>κ.</span> <span class='ocrx_word' id='word_1_164' title='bbox 441 2372 470 2394; x_wconf 86' lang='grc' dir='ltr'>τ.</span> <span class='ocrx_word' id='word_1_165' title='bbox 492 2354 551 2406; x_wconf 79' lang='grc' dir='ltr'>λ.]</span> <span class='ocrx_word' id='word_1_166' title='bbox 592 2357 782 2394; x_wconf 87' lang='lat' dir='ltr'>Pertinent</span> <span class='ocrx_word' id='word_1_167' title='bbox 803 2357 872 2394; x_wconf 89' lang='lat' dir='ltr'>huc</span> <span class='ocrx_word' id='word_1_168' title='bbox 900 2371 956 2406; x_wconf 90' lang='lat' dir='ltr'>ea,</span> 
     </span>
     <span class='ocr_line' id='line_1_36' title="bbox 303 2413 955 2462; baseline 0.003 -13"><span class='ocrx_word' id='word_1_169' title='bbox 303 2426 400 2462; x_wconf 88' lang='lat' dir='ltr'>quae</span> <span class='ocrx_word' id='word_1_170' title='bbox 444 2414 492 2449; x_wconf 86' lang='lat' dir='ltr'>ad</span> <span class='ocrx_word' id='word_1_171' title='bbox 518 2413 549 2449; x_wconf 89' lang='lat' dir='ltr'>Il</span> <span class='ocrx_word' id='word_1_172' title='bbox 564 2443 574 2461; x_wconf 89' lang='lat'>,</span> <span class='ocrx_word' id='word_1_173' title='bbox 610 2415 661 2454; x_wconf 83' lang='lat'>10</span> <span class='ocrx_word' id='word_1_174' title='bbox 701 2415 955 2451; x_wconf 72' lang='lat' dir='ltr'>adnotavimus</span> 
     </span>
     <span class='ocr_line' id='line_1_37' title="bbox 302 2468 956 2520; baseline 0.003 -14"><span class='ocrx_word' id='word_1_175' title='bbox 302 2470 349 2506; x_wconf 90' lang='lat' dir='ltr'>de</span> <span class='ocrx_word' id='word_1_176' title='bbox 375 2469 489 2520; x_wconf 88' lang='lat' dir='ltr'>priori</span> <span class='ocrx_word' id='word_1_177' title='bbox 508 2468 583 2507; x_wconf 90' lang='lat' dir='ltr'>Nili</span> <span class='ocrx_word' id='word_1_178' title='bbox 606 2482 711 2506; x_wconf 86' lang='lat' dir='ltr'>cursu</span> <span class='ocrx_word' id='word_1_179' title='bbox 730 2483 797 2520; x_wconf 89' lang='lat' dir='ltr'>per</span> <span class='ocrx_word' id='word_1_180' title='bbox 813 2469 956 2519; x_wconf 78' lang='lat' dir='ltr'>Libyae</span> 
     </span>
     <span class='ocr_line' id='line_1_38' title="bbox 302 2525 955 2577; baseline 0.002 -14"><span class='ocrx_word' id='word_1_181' title='bbox 302 2526 464 2563; x_wconf 84' lang='lat' dir='ltr'>deserta.</span> <span class='ocrx_word' id='word_1_182' title='bbox 533 2525 586 2563; x_wconf 88' lang='lat' dir='ltr'>Ac</span> <span class='ocrx_word' id='word_1_183' title='bbox 614 2525 738 2563; x_wconf 68' lang='lat' dir='ltr'>Nilum</span> <span class='ocrx_word' id='word_1_184' title='bbox 772 2527 890 2577; x_wconf 89' lang='lat' dir='ltr'>ipsum</span> <span class='ocrx_word' id='word_1_185' title='bbox 925 2527 955 2564; x_wconf 90' lang='lat' dir='ltr'>si</span> 
     </span>
     <span class='ocr_line' id='line_1_39' title="bbox 302 2583 954 2632; baseline 0 -12"><span class='ocrx_word' id='word_1_186' title='bbox 302 2595 345 2620; x_wconf 88' lang='lat' dir='ltr'>eo</span> <span class='ocrx_word' id='word_1_187' title='bbox 358 2583 487 2620; x_wconf 88' lang='lat' dir='ltr'>itinere</span> <span class='ocrx_word' id='word_1_188' title='bbox 499 2583 545 2619; x_wconf 88' lang='lat' dir='ltr'>ad</span> <span class='ocrx_word' id='word_1_189' title='bbox 556 2595 655 2620; x_wconf 87' lang='lat' dir='ltr'>mare</span> <span class='ocrx_word' id='word_1_190' title='bbox 668 2583 820 2620; x_wconf 81' lang='lat' dir='ltr'>volvisse</span> <span class='ocrx_word' id='word_1_191' title='bbox 839 2596 954 2632; x_wconf 85' lang='lat' dir='ltr'>aquas</span> 
     </span>
     <span class='ocr_line' id='line_1_40' title="bbox 301 2639 955 2687; baseline 0.003 -12"><span class='ocrx_word' id='word_1_192' title='bbox 301 2651 437 2687; x_wconf 83' lang='lat' dir='ltr'>neges,</span> <span class='ocrx_word' id='word_1_193' title='bbox 479 2639 555 2676; x_wconf 89' lang='lat' dir='ltr'>eius</span> <span class='ocrx_word' id='word_1_194' title='bbox 581 2644 680 2676; x_wconf 91' lang='lat' dir='ltr'>certe</span> <span class='ocrx_word' id='word_1_195' title='bbox 708 2641 856 2676; x_wconf 80' lang='lat' dir='ltr'>fluvium</span> <span class='ocrx_word' id='word_1_196' title='bbox 880 2640 955 2678; x_wconf 80' lang='lat' dir='ltr'>sive</span> 
     </span>
     <span class='ocr_line' id='line_1_41' title="bbox 300 2696 956 2746; baseline 0 -14"><span class='ocrx_word' id='word_1_197' title='bbox 300 2699 442 2746; x_wconf 86' lang='lat' dir='ltr'>partem</span> <span class='ocrx_word' id='word_1_198' title='bbox 473 2696 523 2733; x_wconf 92' lang='lat' dir='ltr'>sic</span> <span class='ocrx_word' id='word_1_199' title='bbox 559 2696 708 2732; x_wconf 87' lang='lat' dir='ltr'>fluxisse</span> <span class='ocrx_word' id='word_1_200' title='bbox 747 2696 956 2733; x_wconf 81' lang='lat' dir='ltr'>existiman-</span> 
     </span>
     <span class='ocr_line' id='line_1_42' title="bbox 301 2751 955 2795; baseline 0.003 -7"><span class='ocrx_word' id='word_1_201' title='bbox 301 2751 387 2788; x_wconf 93' lang='lat' dir='ltr'>dum</span> <span class='ocrx_word' id='word_1_202' title='bbox 417 2752 495 2789; x_wconf 88' lang='lat' dir='ltr'>erit.</span> <span class='ocrx_word' id='word_1_203' title='bbox 562 2752 668 2795; x_wconf 87' lang='lat' dir='ltr'>Quae</span> <span class='ocrx_word' id='word_1_204' title='bbox 692 2752 866 2790; x_wconf 90' lang='lat' dir='ltr'>Heerenii</span> <span class='ocrx_word' id='word_1_205' title='bbox 898 2758 955 2790; x_wconf 89' lang='lat' dir='ltr'>est</span> 
     </span>
     <span class='ocr_line' id='line_1_43' title="bbox 302 2807 954 2859; baseline -0.002 -14"><span class='ocrx_word' id='word_1_206' title='bbox 302 2809 481 2846; x_wconf 86' lang='lat' dir='ltr'>sententia</span> <span class='ocrx_word' id='word_1_207' title='bbox 501 2807 613 2846; x_wconf 87' lang='lat' dir='ltr'>Ideen</span> <span class='ocrx_word' id='word_1_208' title='bbox 634 2812 699 2846; x_wconf 90' lang='lat' dir='ltr'>etc.</span> <span class='ocrx_word' id='word_1_209' title='bbox 720 2808 772 2855; x_wconf 85' lang='grc' dir='ltr'>ΙΙ,</span> <span class='ocrx_word' id='word_1_210' title='bbox 793 2812 819 2850; x_wconf 77' lang='lat'><strong>2</strong></span> <span class='ocrx_word' id='word_1_211' title='bbox 842 2823 880 2859; x_wconf 89' lang='lat' dir='ltr'>p.</span> <span class='ocrx_word' id='word_1_212' title='bbox 899 2813 954 2851; x_wconf 87' lang='lat'>77</span> 
     </span>
     <span class='ocr_line' id='line_1_44' title="bbox 302 2864 954 2914; baseline 0.003 -13"><span class='ocrx_word' id='word_1_213' title='bbox 302 2877 379 2914; x_wconf 89' lang='lat' dir='ltr'>seq.</span> <span class='ocrx_word' id='word_1_214' title='bbox 412 2864 491 2902; x_wconf 90' lang='lat' dir='ltr'>coll.</span> <span class='ocrx_word' id='word_1_215' title='bbox 535 2864 683 2902; x_wconf 86' lang='lat' dir='ltr'>Dureau</span> <span class='ocrx_word' id='word_1_216' title='bbox 710 2866 759 2901; x_wconf 83' lang='lat' dir='ltr'>de</span> <span class='ocrx_word' id='word_1_217' title='bbox 785 2865 820 2902; x_wconf 88' lang='lat' dir='ltr'>la</span> <span class='ocrx_word' id='word_1_218' title='bbox 844 2865 954 2904; x_wconf 88' lang='lat' dir='ltr'>Malle</span> 
     </span>
    </p>
   </div>
   <div class='ocr_carea' id='block_1_9' title="bbox 300 2920 952 2975">
    <p class='ocr_par' dir='ltr' id='par_1_10' title="bbox 300 2920 952 2975">
     <span class='ocr_line' id='line_1_45' title="bbox 300 2920 952 2975; baseline 0.002 -16"><span class='ocrx_word' id='word_1_219' title='bbox 300 2921 426 2972; x_wconf 74' lang='lat' dir='ltr'>geogr.</span> <span class='ocrx_word' id='word_1_220' title='bbox 447 2920 591 2975; x_wconf 84' lang='lat' dir='ltr'>physiq.</span> <span class='ocrx_word' id='word_1_221' title='bbox 615 2924 682 2961; x_wconf 87' lang='lat' dir='ltr'>etc.</span> <span class='ocrx_word' id='word_1_222' title='bbox 700 2934 788 2973; x_wconf 89' lang='lat' dir='ltr'>pag.</span> <span class='ocrx_word' id='word_1_223' title='bbox 807 2923 862 2964; x_wconf 84' lang='lat'>37</span> <span class='ocrx_word' id='word_1_224' title='bbox 875 2935 952 2974; x_wconf 89' lang='lat' dir='ltr'>seq.</span> 
     </span>
    </p>
   </div>
   <div class='ocr_carea' id='block_1_10' title="bbox 1037 827 1694 1055">
    <p class='ocr_par' dir='ltr' id='par_1_11' title="bbox 1037 827 1694 1055">
     <span class='ocr_line' id='line_1_46' title="bbox 1094 827 1694 885; baseline 0.003 -15"><span class='ocrx_word' id='word_1_225' title='bbox 1094 828 1195 883; x_wconf 74' lang='grc' dir='ltr'><em>πρός</em></span> <span class='ocrx_word' id='word_1_226' title='bbox 1210 827 1391 883; x_wconf 76' lang='grc' dir='ltr'><strong><em>Λιβύης]</em></strong></span> <span class='ocrx_word' id='word_1_227' title='bbox 1423 834 1445 871; x_wconf 86' lang='lat' dir='ltr'>i.</span> <span class='ocrx_word' id='word_1_228' title='bbox 1478 847 1509 871; x_wconf 89' lang='lat' dir='ltr'>e.</span> <span class='ocrx_word' id='word_1_229' title='bbox 1539 833 1694 885; x_wconf 73' lang='lat' dir='ltr'>Libyam</span> 
     </span>
     <span class='ocr_line' id='line_1_47' title="bbox 1037 887 1694 941; baseline 0.008 -17"><span class='ocrx_word' id='word_1_230' title='bbox 1037 901 1185 935; x_wconf 81' lang='lat' dir='ltr'>versus,</span> <span class='ocrx_word' id='word_1_231' title='bbox 1225 894 1265 925; x_wconf 90' lang='lat' dir='ltr'>ut</span> <span class='ocrx_word' id='word_1_232' title='bbox 1293 902 1377 926; x_wconf 85' lang='lat' dir='ltr'>mox</span> <span class='ocrx_word' id='word_1_233' title='bbox 1413 887 1510 941; x_wconf 82' lang='grc' dir='ltr'><em>πρὸς</em></span> <span class='ocrx_word' id='word_1_234' title='bbox 1549 903 1694 941; x_wconf 78' lang='grc' dir='ltr'><em>μεσαμ-</em></span> 
     </span>
     <span class='ocr_line' id='line_1_48' title="bbox 1039 945 1692 995; baseline 0.005 -14"><span class='ocrx_word' id='word_1_235' title='bbox 1039 945 1175 995; x_wconf 76' lang='grc' dir='ltr'><em>βρίης,</em></span> <span class='ocrx_word' id='word_1_236' title='bbox 1207 946 1253 982; x_wconf 88' lang='lat' dir='ltr'>de</span> <span class='ocrx_word' id='word_1_237' title='bbox 1284 958 1356 994; x_wconf 92' lang='lat' dir='ltr'>quo</span> <span class='ocrx_word' id='word_1_238' title='bbox 1384 946 1515 984; x_wconf 74' lang='lat' dir='ltr'>Matth.</span> <span class='ocrx_word' id='word_1_239' title='bbox 1537 948 1603 984; x_wconf 86' lang='lat' dir='ltr'>Gr.</span> <span class='ocrx_word' id='word_1_240' title='bbox 1626 948 1692 984; x_wconf 86' lang='lat' dir='ltr'>Gr.</span> 
     </span>
     <span class='ocr_line' id='line_1_49' title="bbox 1037 1002 1693 1055; baseline 0.005 -17"><span class='ocrx_word' id='word_1_241' title='bbox 1037 1015 1123 1051; x_wconf 88' lang='lat' dir='ltr'>pag.</span> <span class='ocrx_word' id='word_1_242' title='bbox 1144 1005 1251 1044; x_wconf 87' lang='lat'>1179</span> <span class='ocrx_word' id='word_1_243' title='bbox 1274 1015 1351 1052; x_wconf 89' lang='lat' dir='ltr'>seq.</span> <span class='ocrx_word' id='word_1_244' title='bbox 1394 1002 1445 1041; x_wconf 86' lang='lat' dir='ltr'>Et</span> <span class='ocrx_word' id='word_1_245' title='bbox 1462 1005 1558 1041; x_wconf 90' lang='lat' dir='ltr'>conf.</span> <span class='ocrx_word' id='word_1_246' title='bbox 1581 1016 1693 1055; x_wconf 87' lang='lat' dir='ltr'>supra</span> 
     </span>
    </p>
   </div>
   <div class='ocr_carea' id='block_1_11' title="bbox 1038 1057 1166 1107">
    <p class='ocr_par' dir='ltr' id='par_1_12' title="bbox 1038 1057 1166 1107">
     <span class='ocr_line' id='line_1_50' title="bbox 1038 1057 1166 1107; baseline 0 -12"><span class='ocrx_word' id='word_1_247' title='bbox 1038 1058 1077 1107; x_wconf 88' lang='lat'>1,</span> <span class='ocrx_word' id='word_1_248' title='bbox 1099 1057 1166 1099; x_wconf 81' lang='lat'>84.</span> 
     </span>
    </p>
   </div>
   <div class='ocr_carea' id='block_1_12' title="bbox 1021 1139 1693 2974">
    <p class='ocr_par' dir='ltr' id='par_1_13' title="bbox 1025 1139 1693 2368">
     <span class='ocr_line' id='line_1_51' title="bbox 1093 1139 1693 1197; baseline 0.005 -16"><span class='ocrx_word' id='word_1_249' title='bbox 1093 1139 1163 1182; x_wconf 85' lang='grc' dir='ltr'>τὸν</span> <span class='ocrx_word' id='word_1_250' title='bbox 1183 1139 1285 1195; x_wconf 70' lang='grc' dir='ltr'><em>πρός</em></span> <span class='ocrx_word' id='word_1_251' title='bbox 1300 1143 1546 1197; x_wconf 77' lang='grc' dir='ltr'><em>μεσαμβρίης</em></span> <span class='ocrx_word' id='word_1_252' title='bbox 1567 1139 1693 1196; x_wconf 49' lang='lat'>&amp;7205-</span> 
     </span>
     <span class='ocr_line' id='line_1_52' title="bbox 1037 1195 1693 1252; baseline 0 -14"><span class='ocrx_word' id='word_1_253' title='bbox 1037 1214 1089 1238; x_wconf 81' lang='grc' dir='ltr'>να</span> <span class='ocrx_word' id='word_1_254' title='bbox 1124 1195 1435 1252; x_wconf 75' lang='grc' dir='ltr'><em>προσχώσαντα]</em></span> <span class='ocrx_word' id='word_1_255' title='bbox 1496 1202 1608 1245; x_wconf 87' lang='lat' dir='ltr'>Quod</span> <span class='ocrx_word' id='word_1_256' title='bbox 1639 1201 1693 1238; x_wconf 85' lang='lat' dir='ltr'>ita</span> 
     </span>
     <span class='ocr_line' id='line_1_53' title="bbox 1034 1256 1691 1306; baseline 0.003 -14"><span class='ocrx_word' id='word_1_257' title='bbox 1034 1256 1330 1306; x_wconf 74' lang='lat' dir='ltr'>intelligendum,</span> <span class='ocrx_word' id='word_1_258' title='bbox 1367 1262 1406 1294; x_wconf 91' lang='lat' dir='ltr'>ut</span> <span class='ocrx_word' id='word_1_259' title='bbox 1432 1257 1562 1296; x_wconf 84' lang='lat' dir='ltr'>Menes</span> <span class='ocrx_word' id='word_1_260' title='bbox 1592 1258 1691 1295; x_wconf 87' lang='lat' dir='ltr'>istud</span> 
     </span>
     <span class='ocr_line' id='line_1_54' title="bbox 1035 1313 1691 1363; baseline 0.003 -14"><span class='ocrx_word' id='word_1_261' title='bbox 1035 1313 1111 1350; x_wconf 60' lang='lat' dir='ltr'>bili</span> <span class='ocrx_word' id='word_1_262' title='bbox 1139 1313 1348 1362; x_wconf 87' lang='lat' dir='ltr'>brachium,</span> <span class='ocrx_word' id='word_1_263' title='bbox 1376 1316 1477 1363; x_wconf 89' lang='lat' dir='ltr'>quod</span> <span class='ocrx_word' id='word_1_264' title='bbox 1501 1315 1691 1353; x_wconf 89' lang='lat' dir='ltr'>meridiem</span> 
     </span>
     <span class='ocr_line' id='line_1_55' title="bbox 1034 1371 1691 1419; baseline 0.003 -13"><span class='ocrx_word' id='word_1_265' title='bbox 1034 1383 1160 1407; x_wconf 74' lang='lat' dir='ltr'>versus</span> <span class='ocrx_word' id='word_1_266' title='bbox 1189 1371 1326 1407; x_wconf 85' lang='lat' dir='ltr'>fluebat</span> <span class='ocrx_word' id='word_1_267' title='bbox 1356 1371 1468 1419; x_wconf 84' lang='lat' dir='ltr'>(eum</span> <span class='ocrx_word' id='word_1_268' title='bbox 1497 1385 1546 1408; x_wconf 88' lang='lat' dir='ltr'>sc.</span> <span class='ocrx_word' id='word_1_269' title='bbox 1569 1372 1607 1408; x_wconf 90' lang='lat' dir='ltr'>in</span> <span class='ocrx_word' id='word_1_270' title='bbox 1636 1371 1691 1408; x_wconf 82' lang='lat' dir='ltr'>lo-</span> 
     </span>
     <span class='ocr_line' id='line_1_56' title="bbox 1034 1427 1690 1476; baseline 0.003 -14"><span class='ocrx_word' id='word_1_271' title='bbox 1034 1440 1134 1474; x_wconf 86' lang='lat' dir='ltr'>cum,</span> <span class='ocrx_word' id='word_1_272' title='bbox 1153 1427 1215 1463; x_wconf 91' lang='lat' dir='ltr'>ubi</span> <span class='ocrx_word' id='word_1_273' title='bbox 1233 1427 1318 1464; x_wconf 88' lang='lat' dir='ltr'>dein</span> <span class='ocrx_word' id='word_1_274' title='bbox 1341 1428 1464 1465; x_wconf 85' lang='lat' dir='ltr'>urbem</span> <span class='ocrx_word' id='word_1_275' title='bbox 1483 1428 1690 1476; x_wconf 81' lang='lat' dir='ltr'>exstruxit),</span> 
     </span>
     <span class='ocr_line' id='line_1_57' title="bbox 1032 1483 1691 1534; baseline 0.003 -16"><span class='ocrx_word' id='word_1_276' title='bbox 1032 1483 1141 1519; x_wconf 90' lang='lat' dir='ltr'>humo</span> <span class='ocrx_word' id='word_1_277' title='bbox 1161 1484 1315 1532; x_wconf 82' lang='lat' dir='ltr'>adgesta</span> <span class='ocrx_word' id='word_1_278' title='bbox 1336 1485 1591 1534; x_wconf 81' lang='lat' dir='ltr'>compleverit,</span> <span class='ocrx_word' id='word_1_279' title='bbox 1620 1486 1691 1521; x_wconf 90' lang='lat' dir='ltr'>flu-</span> 
     </span>
     <span class='ocr_line' id='line_1_58' title="bbox 1032 1540 1690 1588; baseline 0.005 -13"><span class='ocrx_word' id='word_1_280' title='bbox 1032 1540 1078 1575; x_wconf 80' lang='lat' dir='ltr'>vii</span> <span class='ocrx_word' id='word_1_281' title='bbox 1119 1540 1229 1588; x_wconf 83' lang='lat' dir='ltr'>igitur</span> <span class='ocrx_word' id='word_1_282' title='bbox 1272 1554 1416 1578; x_wconf 88' lang='lat' dir='ltr'>cursum</span> <span class='ocrx_word' id='word_1_283' title='bbox 1459 1541 1690 1588; x_wconf 76' lang='lat' dir='ltr'>obstruxerit,</span> 
     </span>
     <span class='ocr_line' id='line_1_59' title="bbox 1032 1596 1688 1648; baseline 0.006 -17"><span class='ocrx_word' id='word_1_284' title='bbox 1032 1596 1170 1646; x_wconf 87' lang='lat' dir='ltr'>quippe</span> <span class='ocrx_word' id='word_1_285' title='bbox 1213 1609 1351 1646; x_wconf 81' lang='lat' dir='ltr'>aggere</span> <span class='ocrx_word' id='word_1_286' title='bbox 1388 1598 1560 1648; x_wconf 87' lang='lat' dir='ltr'>opposito</span> <span class='ocrx_word' id='word_1_287' title='bbox 1606 1610 1688 1635; x_wconf 90' lang='lat' dir='ltr'>eum</span> 
     </span>
     <span class='ocr_line' id='line_1_60' title="bbox 1033 1652 1689 1705; baseline 0.005 -17"><span class='ocrx_word' id='word_1_288' title='bbox 1033 1652 1103 1689; x_wconf 88' lang='lat' dir='ltr'>alio</span> <span class='ocrx_word' id='word_1_289' title='bbox 1123 1653 1297 1701; x_wconf 85' lang='lat' dir='ltr'>dirigens.</span> <span class='ocrx_word' id='word_1_290' title='bbox 1337 1656 1540 1705; x_wconf 82' lang='grc' dir='ltr'><em>προσχοῦν</em></span> <span class='ocrx_word' id='word_1_291' title='bbox 1557 1654 1689 1692; x_wconf 90' lang='lat' dir='ltr'>eodem</span> 
     </span>
     <span class='ocr_line' id='line_1_61' title="bbox 1034 1709 1688 1756; baseline 0.005 -11"><span class='ocrx_word' id='word_1_292' title='bbox 1034 1722 1143 1746; x_wconf 88' lang='lat' dir='ltr'>sensu</span> <span class='ocrx_word' id='word_1_293' title='bbox 1161 1709 1193 1746; x_wconf 84' lang='grc' dir='ltr'>ΙΙ</span> <span class='ocrx_word' id='word_1_294' title='bbox 1207 1739 1217 1756; x_wconf 86' lang='grc'>,</span> <span class='ocrx_word' id='word_1_295' title='bbox 1234 1713 1295 1751; x_wconf 89' lang='grc'>10.</span> <span class='ocrx_word' id='word_1_296' title='bbox 1328 1710 1450 1748; x_wconf 88' lang='lat' dir='ltr'>Minus</span> <span class='ocrx_word' id='word_1_297' title='bbox 1473 1716 1570 1748; x_wconf 89' lang='lat' dir='ltr'>recte</span> <span class='ocrx_word' id='word_1_298' title='bbox 1582 1710 1688 1748; x_wconf 83' lang='lat' dir='ltr'>Miot.</span> 
     </span>
     <span class='ocr_line' id='line_1_62' title="bbox 1033 1766 1687 1817; baseline 0.005 -16"><span class='ocrx_word' id='word_1_299' title='bbox 1033 1766 1173 1803; x_wconf 87' lang='lat' dir='ltr'>Gallice</span> <span class='ocrx_word' id='word_1_300' title='bbox 1191 1766 1282 1804; x_wconf 87' lang='lat' dir='ltr'>haec</span> <span class='ocrx_word' id='word_1_301' title='bbox 1301 1767 1350 1804; x_wconf 88' lang='lat' dir='ltr'>ita</span> <span class='ocrx_word' id='word_1_302' title='bbox 1371 1768 1566 1817; x_wconf 82' lang='lat' dir='ltr'>expressit:</span> <span class='ocrx_word' id='word_1_303' title='bbox 1596 1780 1687 1815; x_wconf 82' lang='lat' dir='ltr'>„re-</span> 
     </span>
     <span class='ocr_line' id='line_1_63' title="bbox 1031 1821 1688 1874; baseline 0.003 -16"><span class='ocrx_word' id='word_1_304' title='bbox 1031 1821 1151 1859; x_wconf 78' lang='lat' dir='ltr'>dressa</span> <span class='ocrx_word' id='word_1_305' title='bbox 1187 1823 1217 1860; x_wconf 84' lang='lat' dir='ltr'>le</span> <span class='ocrx_word' id='word_1_306' title='bbox 1259 1824 1366 1860; x_wconf 76' lang='lat' dir='ltr'>conde</span> <span class='ocrx_word' id='word_1_307' title='bbox 1401 1838 1464 1874; x_wconf 83' lang='lat' dir='ltr'>que</span> <span class='ocrx_word' id='word_1_308' title='bbox 1502 1825 1533 1861; x_wconf 85' lang='lat' dir='ltr'>Ie</span> <span class='ocrx_word' id='word_1_309' title='bbox 1566 1825 1688 1874; x_wconf 77' lang='lat' dir='ltr'>fleuve</span> 
     </span>
     <span class='ocr_line' id='line_1_64' title="bbox 1025 1879 1686 1931; baseline 0.003 -16"><span class='ocrx_word' id='word_1_310' title='bbox 1025 1879 1180 1929; x_wconf 79' lang='lat' dir='ltr'>formczit</span> <span class='ocrx_word' id='word_1_311' title='bbox 1195 1893 1288 1929; x_wconf 81' lang='lat' dir='ltr'>pour</span> <span class='ocrx_word' id='word_1_312' title='bbox 1309 1894 1343 1917; x_wconf 85' lang='lat' dir='ltr'>se</span> <span class='ocrx_word' id='word_1_313' title='bbox 1359 1885 1478 1931; x_wconf 80' lang='lat' dir='ltr'>porter</span> <span class='ocrx_word' id='word_1_314' title='bbox 1495 1895 1542 1918; x_wconf 80' lang='lat' dir='ltr'>au</span> <span class='ocrx_word' id='word_1_315' title='bbox 1561 1880 1686 1917; x_wconf 80' lang='lat' dir='ltr'>mz&#39;dz‘.“</span> 
     </span>
     <span class='ocr_line' id='line_1_65' title="bbox 1031 1937 1686 1975; baseline 0.003 -3"><span class='ocrx_word' id='word_1_316' title='bbox 1031 1937 1108 1973; x_wconf 91' lang='lat' dir='ltr'>Sed</span> <span class='ocrx_word' id='word_1_317' title='bbox 1150 1937 1222 1973; x_wconf 83' lang='lat' dir='ltr'>iam</span> <span class='ocrx_word' id='word_1_318' title='bbox 1261 1939 1466 1975; x_wconf 83' lang='lat' dir='ltr'>emendavit</span> <span class='ocrx_word' id='word_1_319' title='bbox 1498 1938 1686 1975; x_wconf 87' lang='lat' dir='ltr'>Letronne</span> 
     </span>
     <span class='ocr_line' id='line_1_66' title="bbox 1031 1992 1686 2045; baseline 0.009 -17"><span class='ocrx_word' id='word_1_320' title='bbox 1031 1992 1087 2040; x_wconf 88' lang='lat' dir='ltr'>(in</span> <span class='ocrx_word' id='word_1_321' title='bbox 1110 2006 1262 2030; x_wconf 86' lang='lat' dir='ltr'>censura</span> <span class='ocrx_word' id='word_1_322' title='bbox 1282 1994 1385 2031; x_wconf 89' lang='lat' dir='ltr'>huius</span> <span class='ocrx_word' id='word_1_323' title='bbox 1406 1995 1486 2032; x_wconf 88' lang='lat' dir='ltr'>libri</span> <span class='ocrx_word' id='word_1_324' title='bbox 1513 2007 1600 2045; x_wconf 87' lang='lat' dir='ltr'>pag.</span> <span class='ocrx_word' id='word_1_325' title='bbox 1618 1994 1686 2042; x_wconf 88' lang='lat'>7),</span> 
     </span>
     <span class='ocr_line' id='line_1_67' title="bbox 1029 2049 1686 2101; baseline 0.002 -16"><span class='ocrx_word' id='word_1_326' title='bbox 1029 2049 1110 2099; x_wconf 86' lang='lat' dir='ltr'>ipse</span> <span class='ocrx_word' id='word_1_327' title='bbox 1155 2050 1206 2087; x_wconf 90' lang='lat' dir='ltr'>sic</span> <span class='ocrx_word' id='word_1_328' title='bbox 1242 2050 1505 2101; x_wconf 85' lang='lat' dir='ltr'>interpretans:</span> <span class='ocrx_word' id='word_1_329' title='bbox 1563 2049 1686 2087; x_wconf 67' lang='lat' dir='ltr'>Blenes</span> 
     </span>
     <span class='ocr_line' id='line_1_68' title="bbox 1030 2106 1684 2156; baseline 0.003 -15"><span class='ocrx_word' id='word_1_330' title='bbox 1030 2106 1136 2142; x_wconf 78' lang='lat' dir='ltr'>barra</span> <span class='ocrx_word' id='word_1_331' title='bbox 1172 2107 1247 2153; x_wconf 86' lang='lat' dir='ltr'>(au</span> <span class='ocrx_word' id='word_1_332' title='bbox 1268 2121 1402 2156; x_wconf 78' lang='lat' dir='ltr'>moyen</span> <span class='ocrx_word' id='word_1_333' title='bbox 1431 2109 1478 2145; x_wconf 89' lang='lat' dir='ltr'>de</span> <span class='ocrx_word' id='word_1_334' title='bbox 1497 2107 1532 2144; x_wconf 87' lang='lat' dir='ltr'>la</span> <span class='ocrx_word' id='word_1_335' title='bbox 1552 2107 1684 2155; x_wconf 89' lang='lat' dir='ltr'>digue)</span> 
     </span>
     <span class='ocr_line' id='line_1_69' title="bbox 1028 2161 1684 2214; baseline 0.003 -16"><span class='ocrx_word' id='word_1_336' title='bbox 1028 2161 1059 2198; x_wconf 84' lang='lat' dir='ltr'>le</span> <span class='ocrx_word' id='word_1_337' title='bbox 1078 2162 1182 2199; x_wconf 72' lang='lat' dir='ltr'>conde</span> <span class='ocrx_word' id='word_1_338' title='bbox 1204 2175 1268 2212; x_wconf 82' lang='lat' dir='ltr'>que</span> <span class='ocrx_word' id='word_1_339' title='bbox 1286 2163 1316 2200; x_wconf 78' lang='lat' dir='ltr'>le</span> <span class='ocrx_word' id='word_1_340' title='bbox 1328 2165 1449 2214; x_wconf 79' lang='lat' dir='ltr'>fleuve</span> <span class='ocrx_word' id='word_1_341' title='bbox 1460 2164 1616 2214; x_wconf 84' lang='lat' dir='ltr'>formait</span> <span class='ocrx_word' id='word_1_342' title='bbox 1634 2176 1684 2200; x_wconf 76' lang='grc' dir='ltr'>αα</span> 
     </span>
     <span class='ocr_line' id='line_1_70' title="bbox 1027 2216 1686 2271; baseline 0.006 -17"><span class='ocrx_word' id='word_1_343' title='bbox 1027 2218 1117 2254; x_wconf 64' lang='lat' dir='ltr'>mida·</span> <span class='ocrx_word' id='word_1_344' title='bbox 1143 2219 1210 2266; x_wconf 90' lang='lat' dir='ltr'>(de</span> <span class='ocrx_word' id='word_1_345' title='bbox 1231 2219 1455 2270; x_wconf 87' lang='lat' dir='ltr'>Memphis);</span> <span class='ocrx_word' id='word_1_346' title='bbox 1485 2233 1566 2256; x_wconf 91' lang='lat' dir='ltr'>cum</span> <span class='ocrx_word' id='word_1_347' title='bbox 1584 2216 1686 2271; x_wconf 72' lang='grc' dir='ltr'><em>πρός</em></span> 
     </span>
     <span class='ocr_line' id='line_1_71' title="bbox 1027 2275 1684 2328; baseline 0.003 -16"><span class='ocrx_word' id='word_1_348' title='bbox 1027 2275 1275 2328; x_wconf 76' lang='grc' dir='ltr'><em>μεσημβρίης</em></span> <span class='ocrx_word' id='word_1_349' title='bbox 1316 2276 1392 2313; x_wconf 87' lang='lat' dir='ltr'>sit:</span> <span class='ocrx_word' id='word_1_350' title='bbox 1446 2275 1495 2313; x_wconf 76' lang='lat' dir='ltr'>da</span> <span class='ocrx_word' id='word_1_351' title='bbox 1529 2275 1607 2313; x_wconf 77' lang='lat' dir='ltr'>c6te&#39;</span> <span class='ocrx_word' id='word_1_352' title='bbox 1634 2276 1684 2314; x_wconf 78' lang='lat' dir='ltr'>du</span> 
     </span>
     <span class='ocr_line' id='line_1_72' title="bbox 1025 2331 1122 2368; baseline 0 -1"><span class='ocrx_word' id='word_1_353' title='bbox 1025 2331 1122 2368; x_wconf 67' lang='lat' dir='ltr'>midi.</span> 
     </span>
    </p>

    <p class='ocr_par' dir='ltr' id='par_1_14' title="bbox 1021 2409 1683 2974">
     <span class='ocr_line' id='line_1_73' title="bbox 1077 2409 1683 2469; baseline 0.005 -16"><span class='ocrx_word' id='word_1_354' title='bbox 1077 2411 1122 2454; x_wconf 80' lang='grc' dir='ltr'>το“</span> <span class='ocrx_word' id='word_1_355' title='bbox 1167 2411 1239 2465; x_wconf 75' lang='grc' dir='ltr'>μὲν</span> <span class='ocrx_word' id='word_1_356' title='bbox 1288 2409 1454 2465; x_wconf 64' lang='grc' dir='ltr'><em>ἀρχαῖον</em></span> <span class='ocrx_word' id='word_1_357' title='bbox 1511 2414 1683 2469; x_wconf 76' lang='grc' dir='ltr'><em>ῥέεθρον</em></span> 
     </span>
     <span class='ocr_line' id='line_1_74' title="bbox 1025 2466 1681 2523; baseline 0.002 -13"><span class='ocrx_word' id='word_1_358' title='bbox 1025 2466 1302 2523; x_wconf 73' lang='grc' dir='ltr'><em>οἷποξηράναι]</em></span> <span class='ocrx_word' id='word_1_359' title='bbox 1329 2472 1532 2510; x_wconf 85' lang='lat' dir='ltr'>Testantur</span> <span class='ocrx_word' id='word_1_360' title='bbox 1552 2486 1681 2511; x_wconf 89' lang='lat' dir='ltr'>recen-</span> 
     </span>
     <span class='ocr_line' id='line_1_75' title="bbox 1021 2528 1681 2579; baseline 0.005 -15"><span class='ocrx_word' id='word_1_361' title='bbox 1021 2528 1132 2565; x_wconf 87' lang='lat' dir='ltr'>tiores</span> <span class='ocrx_word' id='word_1_362' title='bbox 1152 2529 1467 2579; x_wconf 86' lang='lat' dir='ltr'>peregrinatores‚</span> <span class='ocrx_word' id='word_1_363' title='bbox 1489 2530 1594 2567; x_wconf 91' lang='lat' dir='ltr'>huius</span> <span class='ocrx_word' id='word_1_364' title='bbox 1614 2543 1681 2567; x_wconf 88' lang='lat' dir='ltr'>an-</span> 
     </span>
     <span class='ocr_line' id='line_1_76' title="bbox 1021 2585 1680 2637; baseline 0.008 -17"><span class='ocrx_word' id='word_1_365' title='bbox 1021 2585 1114 2633; x_wconf 84' lang='lat' dir='ltr'>tiqui</span> <span class='ocrx_word' id='word_1_366' title='bbox 1139 2585 1231 2623; x_wconf 86' lang='lat' dir='ltr'>alvei</span> <span class='ocrx_word' id='word_1_367' title='bbox 1262 2585 1381 2623; x_wconf 89' lang='lat' dir='ltr'>adhuc</span> <span class='ocrx_word' id='word_1_368' title='bbox 1403 2600 1595 2637; x_wconf 89' lang='lat' dir='ltr'>superesse</span> <span class='ocrx_word' id='word_1_369' title='bbox 1616 2600 1680 2624; x_wconf 86' lang='lat' dir='ltr'>ve-</span> 
     </span>
     <span class='ocr_line' id='line_1_77' title="bbox 1024 2642 1680 2691; baseline 0.003 -13"><span class='ocrx_word' id='word_1_370' title='bbox 1024 2642 1157 2690; x_wconf 86' lang='lat' dir='ltr'>stigia,</span> <span class='ocrx_word' id='word_1_371' title='bbox 1197 2655 1292 2691; x_wconf 89' lang='lat' dir='ltr'>quae</span> <span class='ocrx_word' id='word_1_372' title='bbox 1328 2643 1427 2680; x_wconf 85' lang='lat' dir='ltr'>iuxta</span> <span class='ocrx_word' id='word_1_373' title='bbox 1455 2644 1612 2681; x_wconf 84' lang='lat' dir='ltr'>Saccara</span> <span class='ocrx_word' id='word_1_374' title='bbox 1643 2647 1680 2682; x_wconf 87' lang='lat' dir='ltr'>et</span> 
     </span>
     <span class='ocr_line' id='line_1_78' title="bbox 1024 2697 1680 2749; baseline 0.006 -15"><span class='ocrx_word' id='word_1_375' title='bbox 1024 2697 1124 2744; x_wconf 85' lang='lat' dir='ltr'>loca,</span> <span class='ocrx_word' id='word_1_376' title='bbox 1152 2699 1189 2735; x_wconf 89' lang='lat' dir='ltr'>in</span> <span class='ocrx_word' id='word_1_377' title='bbox 1212 2699 1344 2748; x_wconf 90' lang='lat' dir='ltr'>quibus</span> <span class='ocrx_word' id='word_1_378' title='bbox 1376 2701 1584 2749; x_wconf 62' lang='lat' dir='ltr'>pjramides</span> <span class='ocrx_word' id='word_1_379' title='bbox 1616 2712 1680 2738; x_wconf 85' lang='lat' dir='ltr'>ex-</span> 
     </span>
     <span class='ocr_line' id='line_1_79' title="bbox 1025 2757 1677 2805; baseline 0.006 -15"><span class='ocrx_word' id='word_1_380' title='bbox 1025 2759 1183 2793; x_wconf 83' lang='lat' dir='ltr'>structae</span> <span class='ocrx_word' id='word_1_381' title='bbox 1205 2759 1310 2803; x_wconf 85' lang='lat' dir='ltr'>sunt,</span> <span class='ocrx_word' id='word_1_382' title='bbox 1348 2769 1465 2805; x_wconf 87' lang='lat' dir='ltr'>usque</span> <span class='ocrx_word' id='word_1_383' title='bbox 1483 2758 1531 2793; x_wconf 88' lang='lat' dir='ltr'>ad</span> <span class='ocrx_word' id='word_1_384' title='bbox 1551 2757 1677 2794; x_wconf 89' lang='lat' dir='ltr'>Cano—-</span> 
     </span>
     <span class='ocr_line' id='line_1_80' title="bbox 1023 2812 1677 2862; baseline 0.005 -14"><span class='ocrx_word' id='word_1_385' title='bbox 1023 2825 1111 2862; x_wconf 91' lang='lat' dir='ltr'>pum</span> <span class='ocrx_word' id='word_1_386' title='bbox 1130 2813 1304 2862; x_wconf 88' lang='lat' dir='ltr'>persequi</span> <span class='ocrx_word' id='word_1_387' title='bbox 1325 2812 1440 2850; x_wconf 90' lang='lat' dir='ltr'>liceat.</span> <span class='ocrx_word' id='word_1_388' title='bbox 1471 2813 1554 2851; x_wconf 88' lang='lat' dir='ltr'>Vid.</span> <span class='ocrx_word' id='word_1_389' title='bbox 1575 2813 1677 2851; x_wconf 83' lang='lat' dir='ltr'>Ren-</span> 
     </span>
     <span class='ocr_line' id='line_1_81' title="bbox 1022 2868 1676 2922; baseline 0.005 -18"><span class='ocrx_word' id='word_1_390' title='bbox 1022 2868 1092 2905; x_wconf 87' lang='lat' dir='ltr'>nel.</span> <span class='ocrx_word' id='word_1_391' title='bbox 1114 2868 1136 2905; x_wconf 93' lang='lat' dir='ltr'>l.</span> <span class='ocrx_word' id='word_1_392' title='bbox 1156 2869 1178 2905; x_wconf 94' lang='lat' dir='ltr'>l.</span> <span class='ocrx_word' id='word_1_393' title='bbox 1198 2881 1284 2920; x_wconf 90' lang='lat' dir='ltr'>pag.</span> <span class='ocrx_word' id='word_1_394' title='bbox 1304 2871 1387 2910; x_wconf 83' lang='lat'>602</span> <span class='ocrx_word' id='word_1_395' title='bbox 1407 2883 1485 2921; x_wconf 91' lang='lat' dir='ltr'>seq.</span> <span class='ocrx_word' id='word_1_396' title='bbox 1512 2874 1550 2908; x_wconf 87' lang='lat' dir='ltr'>et</span> <span class='ocrx_word' id='word_1_397' title='bbox 1567 2881 1676 2922; x_wconf 84' lang='lat' dir='ltr'>supra</span> 
     </span>
     <span class='ocr_line' id='line_1_82' title="bbox 1022 2924 1370 2974; baseline 0.003 -12"><span class='ocrx_word' id='word_1_398' title='bbox 1022 2925 1072 2962; x_wconf 84' lang='lat' dir='ltr'>ad</span> <span class='ocrx_word' id='word_1_399' title='bbox 1092 2924 1126 2963; x_wconf 91' lang='grc' dir='ltr'>Π</span> <span class='ocrx_word' id='word_1_400' title='bbox 1138 2953 1149 2974; x_wconf 85' lang='grc'>,</span> <span class='ocrx_word' id='word_1_401' title='bbox 1176 2928 1228 2968; x_wconf 89' lang='grc'>10</span> <span class='ocrx_word' id='word_1_402' title='bbox 1247 2925 1370 2964; x_wconf 84' lang='lat' dir='ltr'>laudd.</span> 
     </span>
    </p>
   </div>
   <div class='ocr_carea' id='block_1_13' title="bbox 1752 2684 1757 2777">
    <p class='ocr_par' dir='ltr' id='par_1_15' title="bbox 1752 2684 1757 2777">
     <span class='ocr_line' id='line_1_83' title="bbox 1752 2684 1757 2777; baseline 0 0"><span class='ocrx_word' id='word_1_403' title='bbox 1752 2684 1757 2777; x_wconf 63' lang='lat' dir='ltr'>i</span> 
     </span>
    </p>
   </div>
   <div class='ocr_carea' id='block_1_14' title="bbox 1748 2898 1752 2954">
    <p class='ocr_par' dir='ltr' id='par_1_16' title="bbox 1748 2898 1752 2954">
     <span class='ocr_line' id='line_1_84' title="bbox 1749 2898 1752 2910; baseline 0 0"><span class='ocrx_word' id='word_1_404' title='bbox 1749 2898 1752 2910; x_wconf 81' lang='grc' dir='ltr'>Ι</span> 
     </span>
     <span class='ocr_line' id='line_1_85' title="bbox 1748 2942 1750 2954; baseline 0 0"><span class='ocrx_word' id='word_1_405' title='bbox 1748 2942 1750 2954; x_wconf 99' lang='grc' dir='ltr'>Ι</span> 
     </span>
    </p>
   </div>
  </div>
 </body>
</html>
