1759 3324
9 637 107 682 188

606 280 824 323 CLIO.
883 279 910 317 I.

1312 280 1398 323 419

132 395 395 444 KEPAHZ,
443 392 566 434 OY'K
592 392 688 432 AN
719 391 984 432 ΝΕΚΡΩΝ
1011 391 1224 433 ΘῙΙΚΑΣ
1250 393 1404 433 ΑΝΕ·

133 478 239 518 ,ΩιΓ
235 475 327 515 ΕΣ.
396 469 520 528 Αὕτη
555 469 636 526 μέν
676 485 762 513 νυν
800 467 828 526 ἡ
867 471 1065 527 βασίλεια
1114 468 1295 527 τοιαύτη
1333 486 1399 521 τις

132 553 296 608 λέγεται
320 549 535 606 γενέσθαι.

130 712 266 755 παῖδα
295 709 596 764 efftooctevevo,
630 728 778 767 δχονῖα
809 726 853 753 τε
879 713 962 753 τοῦ
989 725 1153 763 παΐρθς
1181 712 1264 752 τοῦ
1290 726 1395 752 &cov-

236 628 286 673 Ὅ
315 629 360 673 δὲ
389 629 442 686 δὴ
473 633 622 686 Κῦρος
651 630 720 675 ἐπὶ
761 628 920 687 ταύτης
959 632 1034 685 τῆς
1077 627 1286 684 γυναικός
1315 628 1392 673 τὸν

129 793 211 833 τοῦ
244 788 442 846 τοῦνομα
467 789 732 847 Λαβυνητου
760 791 832 834 καὶ
860 789 941 846 τήν
971 788 1215 843 Ἀσσυρίων
1244 788 1391 845 ἄρχην.
1407 776 1479 832 10:1⁰5

101 869 427 925 2Στρατεύεται
466 870 512 915 δὲ
552 871 605 928 δή
644 869 847 928 βασιλεὺς
883 869 908 914 ὁ
937 870 1070 927 μέγας
1106 869 1182 913 καὶ
1223 870 1396 914 σιτίοισι

76 1080 164 1127 des,
185 1079 265 1130 pari
284 1080 361 1118 fere
381 1080 492 1117 modo
512 1078 624 1117 falsus
642 1079 732 1116 suis-

76 1149 119 1173 se
134 1141 301 1173 narratur
319 1140 429 1186 atque
450 1136 583 1174 Darius
606 1137 642 1172 in
662 1135 733 1173 Ni-

75 1194 185 1230 tocris
218 1192 398 1244 sepulcro,
455 1192 515 1230 De
550 1192 631 1230 Beli
673 1205 733 1229 se-

76 1249 221 1300 pulcro,
251 1251 351 1299 quod
377 1249 517 1287 Xerxes
549 1248 654 1285 simili
688 1260 732 1286 ex

76 1305 248 1353 consilio,
270 1319 337 1343 nec
355 1305 494 1343 meliori
512 1309 634 1342 tamen
652 1318 733 1342 suc-

77 1376 183 1401 cessu
210 1362 341 1412 aperiri
375 1362 500 1409 iussit,
527 1365 652 1398 auctor
675 1364 732 1398 est

75 1418 217 1456 Aelian.
237 1418 280 1455 V.
298 1418 347 1455 H.
370 1417 470 1464 XIII,
484 1419 510 1459 3
533 1417 611 1455 coll.
628 1417 731 1455 Ctes.

77 1476 245 1524 fragmm.
263 1474 419 1512 Persice.
443 1472 481 1525 ἓ.
502 1477 569 1515 21.

199 1558 231 1596 c
243 1571 265 1596 a
276 1571 313 1610 p.
344 1557 620 1596 CLXXXVIII.

132 1640 313 1694 τοῦνομα
339 1639 611 1694 Λαβυνήτου]
648 1642 734 1680 Ma-

79 1701 134 1750 gis
163 1701 334 1737 usitatum
362 1700 508 1748 quidem
540 1713 622 1738 esse
641 1696 733 1739 τοῖἷ-

78 1772 184 1808 νομα
213 1752 496 1807 Λαβυνήτου,
535 1757 602 1794 sed
634 1760 734 1794 retu-

79 1813 164 1851 lisse
191 1814 306 1850 videri
337 1813 567 1850 Herodotum
600 1813 734 1862 geniti-

77 1883 162 1907 vum
194 1870 243 1906 ad
270 1871 343 1909 τοῦ
369 1866 517 1919 πατρός
544 1871 617 1908 τοῦ
641 1868 734 1908 ἑωυ-

79 1929 153 1966 τοῦ
189 1931 315 1964 monet
344 1925 533 1964 Matthiae.
590 1925 651 1964 De
674 1938 734 1963 ar-

80 1987 253 2032 gumento
282 1982 352 2020 Ioci
390 1982 650 2032 disputavimus
685 1982 734 2019 ad

79 2039 119 2087 I,
140 2039 218 2081 185
240 2039 317 2076 init.
356 2038 440 2076 Hoc
460 2038 540 2076 loco
559 2039 647 2076 illud
667 2039 734 2075 ad-

82 2096 221 2143 dimus,
252 2094 433 2145 Labynetz'
449 2109 602 2143 nomen,
633 2095 734 2145 quod

82 2165 106 2190 a
121 2151 318 2190 Nabonedi
334 2153 482 2190 nomine
499 2152 596 2189 haud
615 2153 735 2189 diver-

82 2221 161 2246 sum
188 2209 337 2258 quidam
363 2209 511 2256 volunt,
548 2209 663 2246 videri
689 2208 735 2245 ti-

81 2264 194 2303 tulum
242 2266 363 2316 potius
399 2265 580 2313 indicare,
625 2277 734 2314 quam

82 2321 200 2372 ipsum
226 2323 322 2371 regis
351 2335 506 2368 nomen;
535 2321 736 2359 cuiusmodi

84 2377 174 2415 tituli
193 2380 292 2428 apud
312 2378 400 2416 alias
429 2378 580 2415 orientis
603 2381 734 2427 gentes

84 2434 323 2484 reperiuntur.
353 2435 430 2473 Sed
449 2434 520 2472 vid.
536 2434 565 2482 Ι,
584 2437 649 2475 77.
665 2433 733 2475 74.

143 2487 387 2540 στρατεύεται
416 2488 459 2530 δὲ
478 2487 528 2541 δή
552 2487 737 2542 βασιλεῦς

89 2542 111 2584 ὅ
129 2543 246 2597 μέγας
266 2562 303 2586 κ.
322 2563 355 2587 τ.
375 2547 424 2598 λ.]
457 2547 650 2585 Persarum
678 2560 737 2585 re-

89 2613 174 2649 gem
194 2602 235 2649 (i.
248 2616 281 2641 e.
303 2616 467 2653 magnum
484 2604 619 2653 regem)
640 2604 738 2654 opti-

89 2655 156 2693 mis
183 2659 384 2709 quibusque
411 2661 497 2698 cibis
517 2673 559 2698 ac
577 2660 740 2711 potioni-

90 2712 159 2750 bus
187 2726 230 2751 ex
255 2717 352 2752 omni
378 2717 482 2766 regni
511 2718 565 2754 sui
601 2717 740 2754 ambitu

91 2769 297 2817 conquisitis
325 2773 415 2820 frui,
443 2773 489 2810 ab
512 2773 739 2811 orientalium

90 2823 289 2874 principum
323 2840 424 2866 more
452 2841 527 2866 non
557 2829 737 2868 abhorret.

90 2877 155 2916 De
197 2878 388 2921 Persarum
437 2885 583 2934 regibus
628 2885 740 2924 multa

95 2937 236 2973 exstant
272 2939 502 2988 testimonia,
541 2940 690 2979 collecta
716 2953 741 2980 a

1452 937 1550 963 victus

1449 666 1502 693 La

1452 706 1517 727 erut
1554 709 1572 727 a

1452 738 1576 794 quu'aSrIuS

1448 631 1481 659 Ιιι
1486 632 1568 660 viadt
1634 635 1712 671 Cyru
1697 645 1730 664 ιιιι

1497 673 1544 701 ny
1538 671 1637 695 retur
1682 670 1731 704 [is

1616 703 1702 729 'Niwc
1707 704 1731 730 ri

1605 740 1634 762 et
1662 737 1731 764 uui-

1572 769 1644 796 xaB
1627 770 1732 804 abyln-

1543 804 1607 836 ]m:
1632 836 1639 842 ⁴
1664 802 1731 836 regi

1452 811 1518 861 PPW
1523 810 1611 862 iarum
1630 845 1661 863 ln
1681 845 1716 864 PK

1577 923 1663 964 do’mo
1691 937 1732 965 si-

1452 970 1514 997 mul
1529 968 1698 999 devehitur.

798 1079 989 1116 Brissonio
1015 1079 1063 1116 de
1090 1092 1167 1128 reg.
1189 1078 1333 1117 Persar.
1353 1080 1455 1130 prin-

800 1135 924 1185 cip.I,
946 1137 1012 1176 87.
1041 1134 1138 1173 Add.
1159 1136 1319 1174 Heeren.
1338 1136 1454 1175 Ideen

801 1196 868 1229 etc.
891 1191 931 1239 I,
951 1194 973 1232 1
1003 1204 1090 1242 pag.
1113 1192 1206 1233 474.
1242 1192 1298 1229 Ex
1320 1194 1452 1242 quibus

801 1249 909 1286 etiam
935 1248 1090 1297 intelligi
1096 1249 1277 1319 pqterit,
1307 1250 1455 1288 minime

798 1304 872 1354 legi
909 1317 1022 1355 posse
1065 1319 1109 1344 ευ
1153 1304 1454 1356 ἐσκευασμένος,

800 1361 902 1410 quod
968 1361 1053 1398 olim
1118 1361 1178 1399 hic
1243 1363 1454 1411 requirebat

799 1417 1165 1465 Schweighaeuserus
1180 1447 1191 1465 ,
1225 1431 1307 1455 cum
1333 1419 1456 1457 Hero-

801 1473 909 1511 dotus
947 1473 1116 1523 loquatur
1153 1475 1201 1512 de
1247 1475 1335 1512 cibis
1374 1475 1455 1512 bene

794 1532 1024 1581 praeparatis
1040 1531 1187 1581 indeque
1195 1533 1347 1570 omnium
1362 1533 1456 1583 opta·-

800 1589 867 1624 mz's
886 1587 934 1624 ad
958 1587 1134 1625 edendum.
1174 1584 1356 1640 πρόβατα
1381 1601 1455 1638 quo

803 1657 913 1681 sensu
963 1644 1060 1681 dicat
1097 1644 1257 1693 Noster,
1299 1646 1454 1682 vidimus

801 1700 850 1737 ad
876 1700 916 1748 Ι,
941 1701 1032 1741 133.
1053 1721 1112 1729 —-
1136 1700 1178 1737 In
1197 1702 1262 1749 iis,
1293 1714 1387 1751 quae
1406 1702 1454 1739 de

803 1756 972 1806 Clloaspz’s
1007 1757 1103 1805 aqua
1145 1757 1266 1795 retulit
1304 1758 1455 1805 Noster,

800 1813 1032 1850 consentiunt
1052 1813 1136 1861 alii,
1173 1814 1335 1864 inprimis
1365 1815 1458 1852 Cte-

803 1869 896 1917 sias,
937 1870 999 1906 ubi
1026 1869 1161 1907 consul.
1205 1883 1300 1920 quae
1329 1871 1455 1908 notavi

800 1938 887 1977 pag.
913 1927 996 1967 226
1024 1939 1101 1976 seq.
1145 1925 1316 1976 Namque
1336 1927 1455 1965 Ham-

801 1995 922 2020 merus
954 1983 1076 2020 scribit
1098 1983 1154 2021 vel
1184 1984 1366 2034 hodieque
1397 1985 1455 2021 in-

801 2043 1012 2077 temeratam
1027 2041 1246 2079 remansisse
1266 2040 1456 2090 egregiam

801 2095 906 2133 huius
935 2108 1053 2144 aquae
1079 2096 1175 2144 vim,
1205 2109 1301 2146 quae
1323 2097 1457 2134 subsri-

802 2152 891 2201 gida
918 2152 1087 2201 quidem,
1116 2153 1222 2190 facile
1252 2157 1375 2191 tamen
1405 2153 1456 2191 ei-

801 2210 869 2246 bos
898 2213 1062 2258 praestet
1095 2214 1217 2247 coctos
1252 2221 1320 2247 nec
1348 2210 1456 2248 ullam

800 2265 1004 2303 fruentibus
1023 2266 1133 2303 faciat
1145 2265 1361 2314 molestiam,
1374 2280 1456 2304 cum

803 2322 850 2359 ad
879 2322 980 2372 ipsos
1023 2322 1122 2360 cibos
1173 2324 1456 2372 concoquendos

802 2391 979 2429 perquam
998 2379 1044 2415 sit
1062 2380 1343 2417 accommodata.
1381 2379 1457 2423 Qui

800 2434 898 2472 idem
921 2435 1130 2486 Choaspem
1155 2437 1342 2473 contendit
1369 2449 1460 2474 eun-

804 2491 888 2528 dem
924 2505 1006 2530 esse
1039 2496 1149 2540 atque
1186 2491 1342 2530 Elaeam
1382 2493 1459 2531 sive

804 2547 982 2586 Eulaeum
1011 2548 1181 2597 fluvium,
1227 2549 1325 2586 cuius
1358 2549 1459 2600 apud

804 2603 985 2652 Plinium,
1014 2602 1209 2642 Arrianum
1236 2606 1292 2653 (in
1313 2605 1458 2656 Exped.

806 2659 1000 2698 Alexandr.
1021 2660 1110 2708 VII,
1133 2662 1189 2711 7)
1219 2662 1285 2699 fiat
1308 2662 1460 2710 mentio,

808 2717 937 2767 cuique
956 2729 1050 2754 nunc
1067 2730 1200 2756 nomen
1220 2717 1352 2755 Kerak.
1398 2717 1460 2755 Tu

805 2773 880 2811 vid.
922 2774 1152 2825 potissimum
1190 2775 1334 2812 Hoeck.
1374 2774 1458 2811 Vet.

806 2828 907 2867 Med.
929 2834 966 2867 et
989 2829 1091 2868 Pers.
1112 2829 1313 2868 Monumm.
1346 2843 1383 2880 p.
1403 2831 1458 2871 93

807 2899 883 2936 seq.
912 2886 965 2927 95
993 2886 1073 2923 coll.
1111 2886 1293 2924 Mannert.
1319 2887 1459 2934 Geogr.

806 2942 845 2980 d.
869 2942 934 2979 Gr.
951 2955 986 2980 u.
1010 2942 1118 2980 Rom.
1140 2942 1188 2989 V,
1216 2946 1243 2984 2
1268 2954 1355 2994 pag.
1375 2941 1458 2983 472

1094 2998 1150 3038 27
1171 2997 1190 3020 ’⁸¹
