1759 3324
363 256 449 297 532
777 248 1249 292 HERODOTI

365 364 459 419 μῶν
485 361 659 418 χωρέων
688 359 771 406 οὐκ
805 359 926 411 οἰκός
957 360 1046 404 ἐστι
1084 356 1214 404 οὐδὲν
1243 356 1497 402 ἀποπνέειν·
1536 356 1616 402 αὕ-

366 459 422 498 ρη
449 441 494 486 δὲ
523 439 606 484 ἀπὸ
637 444 810 496 ψυχροῦ
838 456 954 490 τινος
983 438 1119 494 φιλέει
1147 438 1304 482 πνέειν.
1628 443 1672 478 15

239 529 306 576 28
480 523 629 563 Ταῦτα
657 519 736 575 μέν
765 534 849 561 νυν
879 518 986 562 ἔστω
1017 515 1074 568 ὡς
1104 517 1192 561 ἔστι
1219 533 1263 561 τε
1292 517 1365 561 καὶ
1395 515 1452 567 ὠς
1480 513 1618 572 ἀρχήν

8 596 11 608 ¹
33 592 80 623 Do
94 592 158 622 Nm
176 594 308 622 sontibus

55 627 104 655 uid
129 628 226 668 Saita·
245 628 310 662 qui-

55 665 311 689 ΒΙΠΙΙΒΙὙΞΙΠΙΞΒΟ-
404 676 425 690 ‚1
600 674 609 688 ι
760 672 780 687 51
847 672 859 687 e
961 673 971 686 ι
1142 679 1158 685 -.
1220 674 1232 689 ν
1295 675 1304 688 ι
1354 673 1364 688 9
1515 674 1523 687 ι

33 702 101 725 mm
132 694 312 731 profundam
366 693 468 721 ουτε
496 678 693 731 Λιβυων,
726 689 825 718 ουτε
855 678 1063 729 Ελληνων
1098 691 1186 717 των
1214 691 1310 731 εμοι
1340 688 1618 730 απικομενων

365 598 545 655 ἐγένετο.
581 600 670 639 Τοῦ
700 596 744 640 δὲ
774 597 936 639 Νείλου
964 595 1040 647 τὰς
1069 597 1205 652 πηγὰς
1235 595 1335 640 οὔτε
1355 596 1617 651 Αἰγυπτίων,

473 871 505 907 c
517 883 537 907 a
547 883 584 920 p.
613 867 782 906 xxvm.

364 952 431 993 καὶ
455 950 507 1000 ὥς
530 948 652 1002 οἷρχήν
680 949 857 1002 ἐγένετο]
893 944 958 1000 α’ρ-

308 1007 383 1061 χήν
404 1009 621 1056 wesseling.
643 1008 764 1045 reddit
784 1007 826 1044 ab
847 1009 958 1044 initio.

309 1066 371 1105 Tu
391 1067 484 1103 conf.
508 1065 536 1112 Ι,
556 1067 609 1106 86
635 1064 721 1113 ibiq.
742 1068 818 1100 not.

363 1151 437 1189 τοῦ
455 1146 497 1188 δὲ
519 1148 665 1187 Νείλου
683 1143 754 1194 τάς
776 1143 904 1198 πηγοῖς
923 1161 957 1186 κ.

307 1221 339 1246 τ.
358 1204 406 1257 λ.]
435 1206 476 1242 In
494 1205 646 1243 eandem
661 1204 874 1241 sententiam
886 1200 960 1240 dis-

307 1268 412 1313 putat
447 1262 598 1299 Diodor.
633 1259 772 1297 Siculus
815 1259 855 1307 I,
893 1262 958 1300 37.

307 1318 440 1356 Scribit
463 1318 557 1355 enim
579 1316 654 1353 Nili
680 1317 798 1354 fontes
826 1320 888 1353 aut
904 1315 958 1352 lo-

308 1388 410 1421 cum,
439 1375 538 1410 unde
565 1372 622 1410 ille
650 1373 862 1422 proveniat,
891 1385 957 1409 ne-

307 1431 441 1469 minem
453 1441 611 1478 unquam
622 1428 738 1465 adhuc
750 1428 879 1465 vidisse
892 1431 956 1464 aut

307 1485 522 1535 cognovisse
551 1498 694 1530 eorum,
725 1485 787 1533 qui
814 1484 890 1520 illos
917 1496 957 1520 se

308 1543 443 1579 vidisse
454 1541 652 1592 probarint.
675 1539 855 1577 Memorat
872 1553 957 1589 por-

307 1612 351 1636 ro
361 1598 620 1648 Aegyptiorum
641 1597 865 1633 sacerdotum
879 1596 958 1646 opi—

308 1656 476 1701 nionem,
505 1666 577 1702 qua
601 1652 723 1689 Nilum
746 1665 788 1689 ex
810 1652 957 1689 Oceano

307 1714 440 1748 terram
496 1710 762 1746 circumfluente
805 1707 960 1745 derivari

308 1766 590 1811 contenderent,
620 1764 782 1813 aliasque
809 1764 959 1801 aliorum

311 1823 510 1861 sententias
531 1822 716 1872 ipsiusque
733 1822 825 1857 adeo
838 1821 958 1857 Hero-

311 1879 410 1924 doti3
450 1890 600 1927 quarum
628 1881 749 1914 tamen
767 1876 864 1912 nulla
888 1876 958 1926 ipsi

307 1936 494 1985 probatur.
508 1933 616 1970 lubae
625 1933 720 1980 regis
731 1933 957 1978 sententiam,

311 1992 384 2039 qua
401 1989 504 2026 Nilus
525 2003 545 2026 e
566 1988 643 2025 lacu
671 1993 835 2037 erumpat
861 1987 959 2024 haud

309 2045 420 2094 longe
440 2046 485 2081 ab
503 2045 650 2082 Oceano
668 2044 704 2080 in
726 2048 848 2080 monte
867 2044 959 2080 infe-

309 2101 413 2137 rioris
430 2100 670 2136 Mauritaniae
686 2099 804 2136 retulit
822 2098 958 2135 Plinius

310 2156 359 2193 H.
377 2156 425 2193 N.
448 2156 499 2202 V,
522 2158 547 2197 9
569 2156 683 2202 (10),
718 2155 786 2191 alia
814 2167 958 2203 quoque

312 2226 356 2250 ex
388 2213 548 2249 eiusdem
578 2211 672 2258 regis
700 2211 839 2260 scriptis
868 2210 957 2247 affe-

312 2281 395 2305 rens
412 2269 458 2305 de
476 2266 549 2304 Nili
569 2280 694 2312 cursu,
724 2279 818 2314 quae
841 2279 957 2316 nuper

311 2324 349 2361 in
372 2336 522 2362 examen
552 2323 692 2359 vocavit
710 2322 889 2359 Mannert.
920 2322 956 2358 in

315 2379 526 2429 Geograph.
552 2380 588 2415 d.
616 2378 758 2415 Griech.
793 2392 826 2414 u.
850 2378 957 2415 Rom.

313 2436 363 2484 X,
383 2441 404 2478 1
424 2448 508 2486 pag.
530 2437 609 2475 172
620 2438 758 2483 seqq.2
776 2447 861 2484 pag.
876 2434 958 2475 542

315 2505 417 2541 seqq.
451 2491 627 2528 Addimus
642 2490 785 2527 Chresti
802 2489 958 2526 Romani

311 2548 538 2593 sententiam,
559 2547 619 2595 qui
630 2547 722 2583 idem
734 2545 857 2582 Nilum
874 2546 957 2582 oriri

314 2605 437 2641 statuit
454 2617 474 2641 e
491 2602 634 2640 lacubus
647 2631 658 2649 ,
687 2602 748 2650 qui
766 2602 830 2638 sub
852 2615 955 2638 mon-

313 2661 408 2697 tibus
429 2661 465 2696 in
483 2659 668 2696 occidente
696 2657 872 2694 altissimis
893 2657 957 2694 Li·-

313 2716 492 2765 byamque
525 2715 569 2751 ab
599 2713 788 2763 Aethiopia
821 2714 958 2750 disiun-

313 2773 480 2821 gentibus
490 2772 526 2807 in
544 2770 718 2807 infinitam
735 2769 957 2807 latitudinem

312 2829 560 2865 extendantur.
594 2826 675 2863 vid.
701 2826 727 2862 Ι.
750 2825 794 2862 L.
812 2825 957 2873 Lydum

313 2884 361 2922 de
381 2897 513 2922 menss.
538 2895 623 2934 pag.
642 2884 723 2924 266
746 2882 803 2919 ed.
824 2882 957 2920 Roeth.

1024 866 1230 904 Recentiori
1250 870 1367 905 aetate
1391 866 1502 904 multa
1530 868 1575 904 de
1597 867 1673 904 Nili

1022 924 1181 959 fontibus
1227 924 1409 972 congessit
1452 922 1598 959 Ludolf.
1637 924 1674 960 in

1024 978 1122 1015 Hist.
1149 978 1315 1029 Aethiop.
1336 993 1419 1028 pag·
1445 982 1524 1020 122
1549 991 1674 1027 seqq.;

1025 1040 1109 1084 post
1128 1047 1234 1082 quem
1256 1036 1452 1072 accuratius
1470 1035 1505 1070 in
1518 1034 1674 1072 haecin-

1026 1091 1171 1138 quisivit
1191 1091 1345 1127 Danvill.
1375 1092 1411 1127 in
1432 1091 1605 1128 Memoirs
1627 1091 1674 1128 de

1025 1145 1047 1182 Γ
1059 1147 1169 1183 Acad.
1193 1147 1227 1183 d.
1242 1147 1409 1197 Inscript.
1429 1147 1551 1184 XXVI
1570 1161 1606 1197 p.
1619 1146 1674 1187 46

1027 1215 1150 1251 seqq„
1180 1202 1339 1252 illudque
1355 1204 1494 1253 posuit,
1509 1202 1582 1239 Nili
1593 1204 1677 1239 son-

1026 1262 1081 1295 tes
1103 1259 1283 1307 hodieque
1305 1273 1375 1295 non
1397 1261 1511 1309 magis
1527 1260 1600 1297 sere
1613 1271 1675 1296 co-

1024 1315 1145 1363 gnitos
1165 1329 1244 1353 esse
1257 1328 1364 1364 quam
1375 1316 1555 1353 Herodoti
1565 1320 1601 1353 et
1613 1315 1676 1364 qui

1025 1383 1107 1407 eum
1128 1371 1239 1409 secuti
1268 1376 1371 1418 sunt,
1401 1376 1532 1410 aetate.
1563 1371 1676 1408 Hart-

1023 1439 1144 1463 mann.
1166 1427 1401 1475 (Erdbeschr.
1424 1441 1496 1465 von
1514 1427 1673 1477 Aegypt.

1022 1495 1107 1532 pag.
1121 1485 1193 1531 75)
1205 1511 1216 1528 ,
1244 1483 1402 1532 Anglum
1422 1485 1675 1534 peregrinato-

1023 1551 1101 1575 rem
1124 1539 1241 1576 Bruce
1260 1545 1425 1587 secutus,
1454 1540 1530 1577 Nili
1550 1541 1672 1577 sontes

1026 1607 1107 1632 esse
1131 1596 1254 1631 scribit
1275 1596 1373 1632 haud
1395 1596 1520 1646 procul
1549 1608 1571 1633 a
1597 1596 1674 1633 vico

1027 1651 1139 1687 Gisch
1167 1652 1202 1687 in
1232 1650 1425 1699 Abyssinia
1453 1652 1547 1688 intra
1571 1664 1676 1688 mon-

1026 1711 1080 1744 tes
1099 1706 1333 1744 Aformascha
1357 1713 1393 1745 et
1411 1707 1675 1745 Litchambara.

1027 1763 1111 1806 Quo
1131 1765 1272 1800 cautius
1296 1765 1426 1800 statuit
1442 1763 1595 1801 Rennel.
1615 1763 1637 1800 l.
1650 1763 1674 1800 l.

1023 1832 1110 1870 pag.
1131 1820 1212 1860 574
1233 1833 1333 1868 seqq.
1368 1820 1442 1856 Nili
1461 1822 1581 1857 fontes
1607 1832 1675 1857 ne·

1023 1876 1110 1911 mini
1131 1876 1248 1912 adhuc
1267 1876 1480 1922 innotuisse,
1511 1877 1572 1924 qui
1590 1888 1678 1925 pro-

1024 1931 1188 1968 babiliter
1225 1932 1407 1969 meridiem
1445 1945 1569 1969 versus
1607 1932 1674 1969 sub

1024 1986 1105 2036 ipso
1134 1991 1332 2035 aequatore
1361 1988 1434 2024 sint
1462 1988 1675 2036 quaerendi,

1025 2056 1103 2079 cum
1135 2049 1172 2079 et
1205 2048 1366 2080 veterum
1402 2044 1608 2081 testimonia
1638 2048 1676 2081 et

1023 2099 1277 2146 recentiorum,
1309 2100 1370 2148 qui
1394 2099 1536 2138 Africae
1555 2100 1677 2149 regio-

1023 2167 1088 2191 nes
1108 2154 1296 2192 interiores
1317 2156 1516 2204 inviserint,
1545 2157 1677 2194 iudicia

1024 2223 1067 2247 eo
1089 2211 1219 2248 ducere
1242 2212 1441 2249 videantur.
1482 2213 1608 2257 Quare
1637 2216 1676 2250 et

1023 2266 1102 2316 ipse
1130 2267 1247 2303 malim
1271 2269 1317 2304 ad
1346 2268 1478 2305 Ritteri
1503 2269 1677 2307 accedere

1023 2327 1145 2372 partes
1159 2352 1169 2369 ‚
1198 2324 1257 2372 qui
1277 2325 1394 2361 varias
1413 2329 1449 2362 et
1465 2330 1624 2363 veterum
1638 2328 1676 2363 et

1023 2380 1261 2416 recentiorum
1278 2381 1325 2418 de
1341 2380 1416 2417 Nili
1424 2382 1584 2418 fontibus
1596 2382 1677 2431 opi-

1024 2435 1152 2472 niones
1183 2437 1410 2483 examinans,
1439 2437 1525 2474 nihil
1552 2443 1676 2474 tamen

1024 2492 1112 2527 certi
1130 2491 1212 2528 hinc
1232 2493 1325 2529 effici
1343 2506 1451 2542 posse
1470 2494 1596 2530 statuit
1604 2493 1676 2531 Ni-
1746 2504 1747 2514 ²

1022 2546 1119 2595 lique
1144 2548 1263 2584 fontes
1288 2549 1470 2586 veteribus
1490 2562 1606 2599 aeque
1632 2561 1676 2586 ac

1022 2603 1279 2640 recentioribus
1301 2610 1408 2642 notos
1432 2618 1513 2643 esse
1541 2609 1674 2654 negat3

1022 2658 1094 2694 vid.
1121 2658 1312 2698 Erdkund.
1339 2661 1355 2697 I
1385 2674 1422 2712 p.
1454 2661 1537 2703 516
1569 2673 1674 2710 seqq.
1744 2708 1745 2717 ἵ

1024 2715 1105 2754 523
1125 2727 1228 2763 seqq.

1080 2766 1171 2808 οὕτε
1186 2766 1375 2822 Λιβύων]
1396 2771 1612 2809 Dahlmann.
1634 2771 1674 2809 in

1023 2824 1203 2864 Herodot.
1227 2839 1312 2876 pag.
1336 2831 1391 2870 72
1418 2842 1482 2866 eos
1504 2828 1674 2877 intelligit
1742 2844 1744 2863 ε

1022 2881 1179 2932 Libyes,
1218 2883 1279 2932 qui
1299 2883 1509 2935 Aegyptum
1526 2884 1674 2922 inferio·-
1742 2884 1743 2892 ¹
