1759 3324
530 232 954 273 EUTERPE.
1003 232 1050 269 11.

146 349 248 397 τούς
272 348 316 391 δὲ
346 344 457 389 ὀκτώ
486 343 618 394 θεοὺς
646 342 852 393 τούτους,
893 340 1135 395 προτέρους
1163 342 1252 383 τῶν
1289 339 1406 384 δυώ-

1329 233 1409 272 591

116 429 249 470 ἓδεκα
280 429 400 468 θεῶν
430 434 539 478 φασι
567 422 781 477 γενέσθαι.
811 419 1037 476 γράφουσί
1054 437 1097 463 τε
1123 420 1174 474 δή
1207 420 1276 462 καὶ
1299 421 1434 474 γλύ-5

1464 343 1493 383 le
1553 347 1742 377 simulacrum

1463 386 1527 406 elus
1536 380 1679 415 fingatur:
1694 392 1740 409 cav

1467 413 1527 444 pris
1557 419 1591 441 οι,
1617 416 1743 443 maxime

1466 446 1557 473 hircis
1614 452 1742 482 quantus

143 515 276 560 910¹)OE
305 504 348 545 Οἷ
376 500 597 557 ζωγράφοι
627 502 699 544 καὶ
735 502 780 542 οἱ
817 499 1160 554 ἀγαλματοποιοὶ
1198 504 1279 542 τοῦ
1311 504 1405 541 Πα-
1462 479 1742 541 Ε333Γ.ΜΘΜΘΕ’03

142 581 219 632 νός
241 580 470 636 τῶγαλμα,
500 580 692 633 κατάπερ
720 579 940 635 “Ἐλληνες,
972 577 1307 634 αἰγοπρόσωπον
1334 579 1408 621 καὶ

140 661 450 715 τραγοσκελέα·
509 659 563 703 οὔ
596 676 636 703 τι
665 663 870 703 τοιοῦτον
900 661 1147 715 νομίζοντες
1176 656 1288 703 εἷναί
1316 674 1406 714 μιν,

111 736 245 782 3οἷλλ’
278 737 434 794 ὁμοῖον
469 744 583 783 τοῖσι
627 738 796 782 ἄλλοισι
838 744 996 783 θεοῖσι.

1055 737 1156 782 ὅτευ
1187 738 1233 782 δὲ
1262 739 1407 781 εἵνεκα

138 821 344 861 τοιοῦτον
359 816 585 876 γράφουσι
609 816 766 872 αὐτὸν,
798 817 854 862 οὔ
883 835 959 875 μοι
987 817 1116 876 ἥδιόν
1139 820 1228 863 ἐστι
1254 818 1406 874 λέγειν.
1419 826 1463 859 10

80 1027 266 1064 contendit
294 1025 520 1076 Champollio
567 1026 736 1077 l’Egypt.

83 1097 167 1120 sous
191 1082 212 1119 l.
235 1083 336 1132 phar.
361 1082 392 1118 [l
417 1095 502 1132 pag.
526 1085 625 1127 124,
657 1097 735 1120 cum

80 1152 213 1176 nomen
225 1138 446 1189 Aegyptium
464 1140 569 1176 fuerit
580 1140 736 1177 Schmun

84 1209 131 1233 an
144 1195 281 1232 Erman
303 1195 414 1242 (dela
437 1197 735 1244 grenade),dua-

83 1253 150 1289 bus
170 1252 362 1303 postremis
377 1251 509 1288 voculis
532 1252 615 1290 ideo
632 1253 732 1290 adie-

79 1310 165 1355 ctis,
197 1309 326 1357 quibus
348 1308 432 1344 urbs
459 1309 636 1346 inferioris
659 1308 732 1346 Ae-

79 1365 182 1415 gypti
200 1365 483 1413 distingueretur
502 1366 547 1402 ab
561 1378 616 1411 ea,
638 1378 732 1414 quae

78 1423 113 1458 in
124 1420 244 1459 medio
257 1419 427 1470 Aegypto
440 1421 562 1458 fuerit:
577 1421 732 1458 Schmun

78 1477 231 1526 magmt,
271 1477 420 1514 Graecis
459 1490 554 1526 quae
601 1479 731 1515 dieitur

76 1533 306 1583 Hermopolis
329 1546 474 1581 magna.
515 1534 562 1571 Et
591 1548 729 1583 cogno-

77 1603 159 1628 men
170 1603 191 1627 a
202 1595 320 1627 terrae
331 1590 452 1627 indole
465 1591 623 1638 ductum,
635 1604 729 1640 quae

75 1647 235 1695 granatis
259 1646 454 1693 (Punicis)
485 1648 532 1683 sit
551 1649 729 1684 feracissi-

76 1716 146 1740 ma.
180 1703 271 1739 Utut
291 1706 358 1748 est,
382 1715 456 1739 non
471 1703 620 1739 multum
643 1705 727 1740 urbs

75 1764 214 1796 remota
233 1763 311 1799 erat
332 1771 353 1795 a
374 1758 589 1808 Diospolide
608 1765 643 1797 et
654 1760 729 1796 Bu-

75 1815 183 1852 siride
201 1815 365 1861 urbibus,
395 1816 557 1864 marique
579 1816 728 1866 propin-

75 1884 160 1920 qua,
180 1875 273 1908 teste
284 1872 467 1908 Strabone
480 1872 580 1908 XVll
595 1887 629 1921 p.
644 1875 726 1914 802

75 1941 102 1964 s.
124 1942 160 1978 p.
187 1927 316 1974 1154,
337 1926 380 1964 Α.
408 1929 450 1964 Β.
510 1928 620 1965 Nunc
648 1929 726 1965 loco

74 1997 205 2021 nomen
222 1985 378 2020 Ashmun
396 1998 424 2021 s.
449 1984 623 2032 Oslzmun,
655 1986 728 2022 vid.

73 2040 340 2077 Schlichthorst.
378 2041 413 2077 in
447 2042 584 2090 Geogr.
617 2041 726 2078 Afric.

11 2119 15 2124 -
72 2096 251 2134 Herodot.
275 2111 311 2147 p.
333 2099 400 2145 73,
430 2098 509 2135 coll.
523 2098 727 2148 Champoll.

74 2152 96 2190 l.
115 2152 138 2190 l.
159 2167 195 2203 p.
217 2156 308 2194 128.

123 2205 373 2261 γράφουσίτε
384 2207 433 2260 δή
447 2208 513 2249 καὶ
529 2206 728 2264 γλύφουσι

72 2280 106 2304 κ.
125 2281 155 2304 τ.
177 2264 230 2317 L]
261 2266 319 2303 Ad
344 2263 511 2319 γλυφειυ
535 2268 604 2304 vid.
633 2272 723 2304 nott.

73 2323 120 2359 ad
140 2322 192 2370 II,
214 2323 250 2364 4.
292 2323 381 2361 Inde
408 2324 626 2361 videbuntur
650 2337 725 2360 non

72 2379 240 2426 absurda,
265 2392 360 2429 quae
383 2380 568 2417 Gesnerns
588 2381 724 2417 adseri-

71 2435 143 2484 psit
173 2437 221 2472 ad
251 2436 286 2472 h.
316 2435 338 2473 l.
364 2437 400 2473 in
434 2437 725 2474 Chrestomathia

74 2491 214 2528 Graeca
252 2493 297 2529 ab
335 2493 414 2543 ipso
452 2494 551 2531 edita
591 2493 722 2543 (Lips.

75 2548 225 2595 1734),
253 2549 350 2585 cuius
370 2550 554 2598 exemplar
582 2554 637 2587 est
658 2563 724 2600 pe-

73 2615 137 2639 nes
159 2603 399 2643 Creuzerum:
439 2606 641 2653 „Debebat
668 2607 723 2642 di-

74 2671 154 2695 cere
182 2674 240 2709 γρ.
267 2660 333 2700 καὶ
355 2659 588 2713 γλύφουσιν.
647 2663 724 2700 Sed

73 2713 110 2749 in
127 2714 254 2752 talibus
272 2729 344 2754 non
365 2719 450 2756 satis
470 2719 624 2756 accurati
641 2723 724 2756 sunt

74 2769 288 2819 scriptores3
313 2775 411 2812 cuius
433 2776 578 2824 generis
597 2780 633 2812 et
653 2775 722 2812 alia

74 2826 236 2875 exempla
253 2831 519 2878 reperiuntur.“
553 2831 643 2868 Mox
661 2845 721 2869 ca-

72 2894 117 2918 ve
132 2887 248 2920 mutes
266 2886 519 2937 τραγοσκελέα
539 2889 599 2936 (ut
615 2889 720 2925 nimi-

805 1039 883 1063 rum
905 1040 986 1064 cum
1019 1027 1244 1064 substantivo
1276 1022 1462 1077 τῶγαλμα

804 1084 1031 1131 conveniat),
1062 1096 1141 1120 cum
1167 1083 1253 1119 illud
1280 1083 1462 1132 pertineat

803 1141 851 1176 ad
888 1137 1046 1186 Πανὸς,
1098 1140 1276 1176 structura
1307 1139 1459 1176 Graecis

803 1197 1037 1246 scriptoribus
1056 1195 1151 1232 haud
1171 1195 1326 1232 insolita.
1349 1196 1458 1231 Conf.

799 1251 930 1289 Matth.
958 1254 1022 1289 Gr.
1053 1253 1118 1289 Gr.
1149 1250 1184 1302 ἓ.
1212 1250 1293 1292 434
1315 1265 1350 1301 p-
1375 1253 1457 1292 810

801 1321 878 1358 seq.
899 1313 973 1346 not.
1014 1309 1073 1346 De
1100 1308 1214 1345 Panis
1235 1308 1456 1356 imaginibus

799 1365 950 1403 Graecis
962 1367 1086 1403 confer
1098 1366 1146 1402 sis
1163 1364 1456 1401 W'inckelmann.

798 1434 884 1471 opp.
908 1426 994 1458 tom.
1009 1421 1058 1458 IV
1075 1435 1110 1471 p.
1123 1424 1189 1462 79.
1208 1422 1270 1467 Vl,
1285 1424 1358 1471 Zp.
1373 1422 1452 1461 231

798 1479 856 1515 ed.
878 1478 1012 1515 Dresd.
1045 1477 1110 1515 Cr.
1132 1480 1271 1515 confert
1290 1478 1352 1515 the
1365 1477 1458 1514 clas-

799 1535 861 1572 sic,
876 1533 1037 1571 Journal.
1055 1534 1125 1572 vol.
1143 1535 1175 1571 V
1193 1549 1230 1585 p.
1253 1535 1335 1575 408
1349 1547 1426 1584 seq.

855 1615 904 1657 οὕ
922 1634 958 1657 τι
976 1621 1158 1658 τοιοῦτον
1169 1619 1394 1669 νομίζοντες
1406 1614 1456 1657 εἷ-

796 1675 866 1713 ναί
888 1690 968 1726 μιν,
992 1671 1080 1713 ἄλλ’
1101 1673 1241 1724 ὁμοῖον
1263 1679 1363 1713 τοῖσι.
1383 1671 1454 1712 ἅλ-

798 1734 901 1770 λοισι
929 1730 1086 1781 θεοῖσι]
1117 1732 1220 1769 Haec
1250 1732 1299 1768 ita
1320 1731 1455 1769 iutelli-

796 1801 864 1836 go,
905 1792 944 1824 ut
969 1787 1142 1838 Aegyptii
1174 1788 1276 1825 Pana
1306 1788 1452 1825 minime

795 1845 906 1881 talem
928 1845 1035 1881 deum
1063 1844 1362 1892 existimaverint,
1393 1846 1451 1881 fa-

795 1902 847 1938 cie
869 1901 1015 1951 caprina
1034 1901 1192 1949 hircique
1213 1901 1369 1950 pedibus
1395 1902 1451 1938 in-

798 1962 994 2004 structum,
1024 1958 1088 1994 sed
1119 1957 1268 1993 similem
1296 1958 1453 1995 eundem

795 2013 942 2063 reliquis
981 2014 1048 2050 diis
1084 2014 1453 2063 repraesentaverint,

795 2084 886 2120 quos
906 2069 1039 2107 scilicet
1065 2070 1272 2107 animalium
1287 2070 1452 2119 partibus

796 2131 943 2163 ornatos
964 2127 1223 2177 conspicimus,
1252 2130 1291 2163 ut
1319 2125 1453 2163 Isidem

795 2182 945 2220 buculae
975 2184 1157 2230 cornibus,
1182 2183 1304 2220 lovem
1328 2184 1452 2220 arietis

796 2239 914 2289 capite
934 2241 1162 2289 praeditum,
1194 2239 1283 2276 alios
1302 2239 1379 2276 aliis
1397 2243 1453 2276 at·-

794 2296 946 2332 tributis.
979 2297 1136 2333 Causam
1155 2296 1265 2332 moris
1279 2296 1451 2332 Herodo-

792 2356 830 2389 to
859 2353 978 2400 bene,
1008 2357 1048 2389 ut
1077 2353 1246 2401 equidem
1271 2352 1450 2400 existimo,

793 2409 976 2461 cognitam
1018 2422 1085 2446 nec
1116 2414 1239 2446 tamen
1270 2408 1450 2459 prolatam

792 2465 977 2514 religionis
1022 2467 1164 2515 gratia,
1213 2466 1448 2502 indicavimus

791 2534 910 2572 snpra.

848 2602 899 2645 οὔ
920 2620 988 2656 μοι
1008 2601 1128 2656 ἥδιόν
1151 2604 1230 2645 ἔστι
1250 2603 1401 2658 λέγειν]
1423 2607 1448 2644 i.

793 2675 824 2699 e.
856 2662 952 2699 haud
988 2663 1076 2699 mila·
1115 2662 1232 2710 lubet,
1280 2665 1447 2700 convenit.

792 2720 899 2756 Conf.
916 2723 1009 2756 nott.
1032 2720 1080 2756 ad
1097 2719 1150 2765 H,
1172 2722 1226 2760 46
1249 2720 1287 2755 in
1304 2720 1366 2757 fin.
1406 2720 1448 2756 111

790 2776 1036 2824 comparativo
1067 2776 1218 2825 insignis
1248 2775 1364 2813 elucet
1383 2789 1449 2825 po-

790 2832 880 2868 sitivi
900 2833 1036 2880 gradus
1063 2832 1128 2870 vis.
1175 2833 1282 2869 conf.
1312 2831 1444 2869 Matth.

787 2902 824 2939 p.
844 2888 938 2930 854.
