1786 3324
199 1398 299 1443 116

26 1460 91 1488 Rex
116 1469 183 1489 eum
212 1471 306 1497 agno-

25 1494 84 1522 scit
93 1515 103 1530 ‚
119 1498 151 1522 et
163 1496 306 1525 bubulcus

27 1536 132 1557 verum
143 1528 268 1561 fatetur.

363 250 448 290 282

761 245 1234 287 HERODOTI

336 358 554 415 Ξπέμπετο
592 356 669 401 τόν
706 373 750 401 τε
785 356 1003 414 βουκόλον
1044 357 1116 400 καὶ
1153 356 1231 401 τὸν
1257 356 1405 399 παῖδα.
1463 353 1554 399 έπεί
1580 371 1626 400 τε

364 438 411 482 δὲ
440 441 643 493 παρῆσαν
673 435 939 494 ἀμφότεροι,
985 435 1149 492 βλέψας
1176 434 1287 490 πρός
1314 434 1392 478 τὸν
1420 437 1572 491 Κῦρον
1599 432 1624 478 ὁ

355 515 608 573 Ἀστυάγης,
638 517 742 573 ἔφη·
791 516 896 568 ,,Σύ
926 516 996 572 δή,
1027 516 1112 560 ἐών
1137 517 1267 559 τοῦδε
1295 513 1503 558 τοιούτου
1532 513 1681 558 ἐόν-25

359 613 469 649 ,,τος
497 601 620 649 παῖς,
647 594 886 651 ἐτόλμησας
907 594 985 639 τὸν
1006 598 1134 639 τοῦδε
1155 597 1315 647 παῖδα,
1345 593 1491 645 ἐόντος
1511 593 1625 647 πρώ-

333 682 480 728 3,,του
511 672 608 728 παρ’
641 674 755 730 ἐμοὶ,
785 671 947 730 ἀεικείῃ
976 676 1124 730 τοιῇδε
1153 678 1445 730 περισπεῖν;“
1499 671 1548 716 Ὅ
1578 671 1624 716 δὲ

363 753 560 810 ἀμείβετο
590 748 697 796 ὦδε·
756 747 836 804 ,,Ὦ,
867 752 1072 804 δέσποτα,
1111 752 1195 809 ἐγώ
1225 752 1272 797 δὲ
1301 757 1438 797 ταῦτα
1463 755 1624 796 τοῦτον

362 832 578 888 ,,έποίησα
609 831 693 875 σὺν
719 833 832 888 δίκῃ.

362 913 490 962 ,,δες,
539 913 629 953 τῶν
658 910 733 953 καὶ
762 908 837 953 ὅδε
866 903 947 966 ἦν,
1006 912 1253 963 παίζοντες,
1304 911 1452 967 σφέων
1483 909 1628 954 αὐτῶν
1694 910 1748 955 58

891 833 934 875 οἱ
961 831 1045 887 γάρ
1084 847 1136 886 με
1166 832 1213 875 ἐκ
1241 836 1316 888 τῆς
1352 831 1499 888 κώμης
1528 836 1625 875 παῖ-

331 987 634 1046 4,,ἐστη’σαντο
684 988 874 1045 βασιλέα.
935 986 1113 1032 ἐδόκεον
1159 987 1243 1044 γάρ
1292 1001 1374 1045 σφι
1421 987 1534 1033 εἶναι
1582 991 1627 1042 ἐς

359 1072 523 1121 ,,τοῦτο
573 1068 920 1125 ἐπιτηδεώτατος.
980 1070 1023 1112 οἱ
1061 1067 1141 1125 μέν
1180 1084 1265 1112 νυν
1302 1066 1425 1112 ἄλλοι
1475 1069 1682 1120 παῖδεςΒΟ

358 1148 447 1201 ,,τά
475 1147 789 1204 ἐπιτασσόμενα
833 1148 1073 1192 ἐπετέλεον·
1124 1142 1254 1199 οὗτος
1282 1148 1330 1192 δὲ
1359 1146 1624 1204 ἀνηκούστεέ

358 1243 463 1280 ,,τε,
494 1229 568 1272 καὶ
597 1227 731 1284 λόγον
761 1226 842 1284 εἶχε
873 1226 1058 1272 οὐδένα·
1093 1227 1136 1279 ἐς
1165 1226 1192 1272 ὃ
1221 1228 1345 1285 ἔλαβε
1373 1228 1455 1284 την
1484 1229 1622 1285 δίκην.

357 1309 429 1360 „el
458 1302 521 1351 ὧν
550 1307 602 1364 δὴ
629 1309 758 1352 τοῦδε
786 1309 929 1352 εἵνεκα
958 1306 1078 1360 ἄξιός
1105 1323 1179 1351 τευ
1209 1311 1351 1353 κακοῦ
1380 1308 1489 1364 εἰμὶ,
1539 1302 1625 1352 ὧδέ

358 1403 459 1440 ,,τοι
487 1386 712 1442 πάρειμι.“
774 1391 922 1431 Ταῦτα
958 1387 1163 1443 λέγοντος
1202 1390 1282 1431 τοῦ
1321 1386 1506 1441 παιδός,
1546 1387 1624 1433 τὸν

360 1464 594 1522 Ἀστυάγεα
624 1466 739 1524 ἐσῄει
767 1465 1013 1522 ἀνάγνωσις
1043 1465 1203 1510 αὐτοῦ·
1235 1467 1310 1511 καί
1340 1469 1383 1511 οἱ
1414 1465 1439 1511 ὅ
1479 1483 1524 1511 τε
1553 1473 1681 1523 χοι-35

359 1545 524 1602 ρακτὴρ
550 1550 632 1590 τοῦ
651 1545 890 1600 προσώπου
918 1547 1250 1603 προσφέρεσθαι
1279 1545 1424 1591 ἐδόκεε
1449 1546 1493 1599 ἐς
1521 1547 1625 1591 {mv-

356 1624 459 1678 τὸν,
507 1625 642 1684 καὶὴ
693 1624 923 1683 ὑπόκρισις
971 1625 1287 1684 ἐλευθερωτέρη
1336 1624 1466 1671 εἶναι·
1525 1626 1551 1670 ὅ
1578 1641 1624 1670 τε

299 1850 373 1887 tiva
391 1849 438 1889 ab
458 1850 644 1889 adiectivis
663 1851 700 1888 in
719 1834 769 1901 ἧς
787 1850 957 1889 desinen-

298 1921 416 1970 tibus,
462 1935 558 1972 quae
589 1921 787 1971 genitivum
826 1921 864 1959 in
895 1904 957 1967 {o}

298 1991 502 2053 decli—nant,
532 1993 716 2040 derivata,
745 1991 856 2029 radici
876 1991 956 2028 lite-

298 2074 359 2099 ras
371 2061 412 2111 ίη
434 2063 635 2111 adiungant
656 2063 779 2110 itaque
797 2062 950 2099 formam

298 2140 355 2146 -—
374 2118 435 2168 εἰη
461 2118 629 2155 habeant.
670 2117 753 2155 vid.
775 2118 850 2155 eius
872 2122 948 2155 not.

298 2175 348 2211 ad
372 2173 429 2221 ΙΙ,
464 2176 529 2216 87.
576 2173 701 2223 [taque
736 2174 949 2212 retinuimus

297 2226 461 2283 ἀεικείῃ.
519 2230 668 2267 Rectius
705 2243 725 2267 e
763 2230 862 2267 libris
891 2244 950 2268 re-

298 2287 400 2323 duxit
423 2286 654 2323 Gaisfordius
678 2281 858 2339 οἷμείβετο
884 2301 952 2338 pro

296 2342 394 2391 vulg.
417 2337 633 2392 ἀμείβεται.

355 2398 395 2444 ἐς
411 2395 432 2438 ὃ
459 2398 574 2449 ἔλαβε
605 2395 680 2449 τήν
711 2399 855 2450 δίκην]
877 2401 899 2437 i.
921 2414 952 2439 e.

299 2455 405 2492 donec
425 2455 565 2492 tandem
581 2469 708 2505 poenas
727 2457 835 2504 dedit,
857 2461 955 2496 recte

297 2511 503 2561 explicante
549 2512 681 2550 Struve
720 2514 758 2550 in
803 2514 954 2557 Quaest.

298 2568 438 2605 Herod.
456 2568 602 2619 specim.
625 2582 662 2619 p.
677 2568 744 2617 42,
774 2571 834 2607 ubi
849 2575 956 2619 quot-

298 2628 389 2674 quot
419 2625 518 2675 apud
548 2625 777 2663 Herodotum
815 2627 955 2664 inveni-

297 2686 407 2717 untur
420 2680 488 2717 loci
500 2681 674 2719 formulae
692 2681 732 2730 ἐς
752 2680 772 2722 ὃ
795 2683 954 2731 (donec),

296 2737 472 2786 singulari
497 2737 677 2775 industria
708 2738 863 2789 collegit.
894 2740 955 2777 Sic

294 2792 335 2842 I,
355 2796 421 2850 9:9’·
444 2795 511 2835 94.
535 2796 589 2836 98
611 2798 679 2832 etc.

364 2850 395 2888 ὠ
416 2848 476 2889 δέ
514 2865 575 2890 τοι
603 2846 792 2901 πάρειμι]
851 2850 954 2889 Bene

295 2906 501 2958 Schweigh.
533 2920 600 2959 pro
622 2901 701 2948 ὦδε
720 2907 855 2946 mavult
874 2904 952 2957 ὅδε,

1024 1835 1126 1885 quod
1146 1838 1221 1874 tres
1240 1834 1321 1872 libri
1333 1834 1542 1881 ostendunt,
1561 1834 1679 1884 quod-

1025 1904 1098 1940 que
1130 1892 1166 1928 in
1196 1891 1405 1929 melioribus
1442 1890 1542 1928 libris
1568 1903 1679 1941 supra

1024 1947 1202 1984 invenitur
1228 1947 1264 1995 Ι,
1296 1950 1388 1988 111.
1438 1946 1594 1985 Dubitat
1621 1950 1679 1984 ta-

1023 2016 1108 2041 men
1138 2004 1348 2040 Buttmann.
1381 2003 1418 2041 in
1452 2004 1518 2041 Gr.
1546 2003 1677 2041 Graec.

1016 2061 1141 2098 maior.
1164 2060 1198 2097 11
1216 2073 1303 2112 pag.
1323 2061 1418 2102 286.

1209 2150 1241 2188 C
1255 2163 1324 2202 ap.
1357 2149 1490 2188 CXVI.

1075 2225 1143 2268 τόν
1184 2223 1398 2282 Ἀστυάγεα
1435 2223 1544 2284 ἐσῄει
1582 2221 1679 2267 οἶνοί-

1021 2288 1188 2338 γνωσις]
1221 2287 1244 2324 i.
1277 2300 1310 2325 e.
1348 2287 1456 2324 subiit
1485 2285 1679 2336 Astyagem

1021 2346 1061 2380 ut
1087 2347 1288 2391 agnosceret
1307 2355 1466 2394 puerum.
1523 2341 1582 2382 De
1617 2355 1679 2380 ac-

1022 2400 1173 2437 cusativi
1203 2413 1272 2436 usu
1297 2404 1384 2450 post
1413 2397 1597 2449 εἰσιέναι,
1626 2399 1679 2436 si-

1023 2456 1143 2504 milia,
1172 2457 1246 2493 iam
1267 2456 1428 2502 monuit,
1458 2457 1600 2494 idoneis
1621 2460 1678 2494 te-

1024 2513 1142 2550 stibus
1168 2513 1301 2560 allatis,
1319 2512 1451 2550 Matth.
1471 2511 1508 2564 §.
1526 2513 1622 2559 402,
1640 2512 1676 2549 D

1024 2582 1062 2620 p.
1080 2570 1174 2610 736.
1206 2569 1315 2606 Conf.
1342 2569 1483 2606 Herod.
1503 2569 1590 2617 VII,
1608 2570 1675 2611 46.

1075 2623 1376 2677 προσφέρεσθαι
1387 2621 1518 2665 ἐδόκεε
1529 2625 1570 2673 ἐς
1581 2624 1678 2665 ἑωυ-

1024 2677 1116 2731 τὸν]
1159 2681 1333 2719 Nonnulli
1352 2681 1433 2719 libri
1456 2681 1495 2730 ἐς
1513 2678 1676 2731 αὐτοῦς,

1023 2738 1123 2787 quod
1140 2738 1262 2789 placet
1272 2738 1460 2776 Gronovio
1474 2769 1485 2788 ‚
1503 2740 1553 2777 ad
1564 2739 1677 2777 Cam-

1022 2795 1148 2842 bysem
1167 2799 1204 2833 et
1226 2794 1440 2833 Mandanen
1469 2795 1560 2834 haec
1580 2796 1676 2834 refe-

1021 2851 1139 2898 renti,
1168 2864 1263 2901 quae
1290 2852 1339 2890 ad
1364 2851 1567 2901 Astyagem
1591 2864 1676 2903 per-

1022 2908 1138 2948 tinere
1176 2912 1290 2961 patet.
1357 2908 1400 2947 In
1431 2922 1536 2960 seqq.
1575 2909 1676 2960 quod
