1768 3315
333 251 418 291 206

748 244 1218 285 HERODOTI

335 375 422 411 ων,
465 355 494 413 ἦ
523 370 566 399 τε
596 354 644 398 έν
671 356 727 411 τῇ
755 351 917 413 ἠπείρῳ
951 355 1091 411 χώρη,
1131 357 1203 399 καὶ
1231 355 1259 411 ἡ
1296 354 1499 411 Κυθηρίη
1527 357 1602 412 νῆ-

306 446 440 489 3σος,
486 434 562 478 καὶ
600 435 646 477 αῖ
684 434 831 477 λοιπαὶ
867 439 955 478 τῶν
983 434 1146 491 νήσων.
1203 433 1526 491 βοηθησάντων
1555 434 1601 478 δὲ

333 515 535 571 Ἀργείων
563 517 617 570 τῇ
647 512 834 570 σφετέρῃ
865 513 1225 572 ἀποταμνομένῃ,
1256 515 1451 558 ἐνθαῦτα
1481 513 1602 557 συνέ-

335 598 476 651 βησαν
507 592 550 644 ές
579 591 741 648 λόγους
777 592 1085 645 συνελθόντες,
1144 592 1203 645 ὥς
1242 609 1286 637 τε
1324 595 1603 650 τριηκοσίους

333 672 551 726 ἑκατέρων
577 670 864 727 μαχέσασθαι·
897 669 1096 725 ὁκότεροι
1127 671 1169 716 δ’
1200 671 1257 716 ἂν
1279 673 1602 728 περιγένωνται,
1614 681 1659 714 80

332 750 505 796 τούτων
535 749 649 794 εἶναι
674 750 755 794 τόν
783 754 946 806 χῶρον·
994 751 1045 795 τὸ
1077 751 1122 796 δὲ
1159 755 1326 808 πλῆθος
1364 756 1447 796 τοῦ
1475 764 1600 807 στρα-

332 835 413 876 τοῦ
444 829 799 875 ἀπαλλάσσεσθαι
828 829 1034 886 ἑκάτερον
1073 832 1116 882 ἐς
1152 830 1232 886 τὴν
1262 831 1429 874 ἑωυτοῦ
1440 863 1451 882 ,
1491 831 1600 888 μηδὲ

333 910 599 967 παραμένειν
630 907 991 965 ἀγωνιζομένων,
1037 911 1175 953 τῶνδε
1205 910 1393 961 εἵνεκεν,
1441 911 1515 953 ἵνα
1543 910 1603 967 μή

334 987 594 1045 παρεόντων
622 993 713 1033 τῶν
743 987 1068 1043 στρατοπέδων,
1100 987 1289 1043 ὁρῶντες
1319 990 1362 1032 οἷ
1380 988 1521 1044 ἕτεροι
1541 989 1604 1033 έσ-

305 1069 584 1128 4σουμένους
611 1067 717 1120 τούς
746 1068 1008 1124 σφετέρους,
1039 1067 1315 1123 ἐπαμύνοιεν.
1375 1068 1598 1125 Συνθέμε-
1614 1074 1659 1110 85

334 1166 407 1195 νοι
436 1145 498 1193 ὧν
527 1153 690 1202 ταῦτα,
724 1146 1077 1192 άπαλλάσσοντο·
1111 1146 1296 1203 λογάδες
1322 1146 1368 1191 δὲ
1389 1147 1606 1204 ἑκατέρων
1671 1161 1724 1204 41
1760 1147 1762 1150 ’

329 1229 669 1284 ὑπολειφθέντες
720 1227 1003 1283 συνέβαλλον.
1061 1226 1319 1283 μαχομένων
1357 1227 1403 1270 δέ
1443 1238 1604 1283 σφεων,

333 1309 406 1353 καὶ
437 1308 681 1365 γινομένων
710 1305 977 1356 ἰσοπαλέων,
1025 1304 1310 1351 ὑπελείποντο
1354 1305 1397 1360 ἐξ
1426 1304 1605 1363 ἀνδρῶν

279 1494 399 1544 magis
425 1493 536 1531 dubia
560 1492 849 1540 videbantur,ut
868 1489 938 1528 Ar-

281 1552 447 1601 givorum
472 1550 664 1599 imperium
686 1548 800 1585 litoris
819 1547 939 1586 Laco-

279 1608 455 1645 niciante
483 1605 629 1655 Olymp.
654 1605 680 1646 4
714 1606 792 1642 sere
821 1616 939 1654 pone-

280 1668 347 1701 ret.
404 1662 488 1701 Nos
511 1663 549 1699 in
574 1662 630 1698 his
660 1661 769 1698 rebus
801 1659 940 1708 disqui-

279 1720 424 1766 rendis,
464 1731 559 1768 quae
599 1721 751 1768 propter
772 1716 938 1754 testimo-

279 1777 420 1813 niorum
440 1775 600 1825 inopiam
621 1787 664 1811 ac
691 1777 859 1823 tempora
880 1772 938 1808 ni-

279 1833 348 1870 mis
370 1836 510 1870 remota
528 1831 739 1879 incertaque
750 1841 937 1878 nunquam

280 1890 329 1926 ad
358 1889 533 1937 liquidum
563 1887 713 1938 perduci
752 1888 937 1936 poterunt,

279 1945 444 1982 nolumus
478 1945 589 1980 otium
619 1943 786 1994 perdere.
842 1941 936 1978 Illud

280 2001 397 2038 solum
419 2000 610 2047 addimus,
643 1998 836 2044 Mansoni,
859 1997 935 2033 viro

281 2058 411 2104 docto,
456 2057 526 2093 hoc
562 2055 780 2104 Argivorum
818 2054 937 2104 impe-

281 2114 373 2150 rium
393 2113 429 2149 in
458 2111 620 2151 Laconia
645 2125 665 2149 e
686 2110 937 2148 coniunctione

281 2168 465 2218 Argorum
500 2172 536 2205 et
570 2168 748 2217 Spartae,
800 2166 935 2204 Oreste

282 2238 371 2274 rege
382 2254 392 2272 ‚
406 2225 645 2274 repetendum
662 2223 775 2261 videri
790 2223 934 2274 (Spart.

281 2281 300 2318 I
317 2295 354 2332 p.
373 2282 460 2329 72).

338 2336 407 2377 καὶ
431 2335 460 2387 ἦ
496 2335 686 2387 Κυθηρίη
716 2337 839 2384 νῆσος
866 2332 935 2373 καὶ

285 2393 330 2433 αἱ
349 2391 484 2433 λοιπαὶ
511 2394 591 2431 τῶν
613 2388 770 2442 νήσων]
802 2389 831 2442 ’ἡ
852 2393 934 2429 Κυ-

283 2450 411 2502 θηρίη
423 2451 547 2499 νῆσος
565 2461 643 2485 cum
664 2448 752 2485 alias
773 2448 935 2485 invenia-

283 2511 344 2544 tur
376 2501 598 2554 Κύθηρα
627 2517 758 2542 nomen
783 2504 932 2542 insulae.

283 2563 367 2600 vid.
387 2562 476 2609 VII,
495 2560 576 2603 235
602 2561 683 2597 coll.
704 2561 743 2608 Ι,
768 2560 859 2602 105.
877 2579 934 2588 --

285 2618 331 2658 αἱ
366 2616 503 2657 λοιπαὶ
541 2618 620 2655 τῶν
656 2612 792 2667 νήσων
829 2619 934 2654 erunt

284 2675 447 2726 proxime
473 2674 563 2711 sitae
582 2673 691 2709 maris
716 2672 855 2721 Aegaei
878 2672 934 2709 in-

285 2731 407 2777 sulae3
435 2731 484 2767 ad
504 2741 594 2779 quas
622 2730 729 2766 etiam
754 2728 933 2777 Aeginam

285 2788 466 2838 pertinere
487 2799 509 2822 a
530 2785 694 2822 Phidone
720 2783 935 2832 Argivorum

286 2843 414 2881 ditioni
431 2842 515 2879 olim
534 2841 733 2887 adiectam,
761 2845 797 2877 et
819 2841 934 2877 omni-

288 2912 336 2937 no
361 2903 457 2938 arcte
487 2910 566 2937 cum
604 2896 747 2948 Argivis
785 2896 931 2935 coniun-

1006 1494 1101 1528 ctam
1119 1490 1324 1541 suspicatur
1343 1490 1388 1529 C.
1411 1491 1458 1529 O.
1479 1489 1658 1529 Miillerus

1004 1546 1162 1596 Aeginn.
1188 1559 1274 1597 pag.
1296 1547 1362 1588 53.

1060 1598 1261 1642 τούτων
1295 1599 1397 1642 εἶναι
1422 1598 1495 1642 τόν
1513 1601 1657 1655 χῶρον]

1004 1659 1185 1697 Dedimus
1223 1672 1303 1696 cum
1349 1659 1467 1696 Gaisf.
1506 1656 1661 1699 τούτων

1003 1729 1072 1766 pro
1091 1715 1188 1764 vulg.
1209 1713 1391 1754 τουτέων.
1450 1716 1536 1760 Qua
1552 1717 1599 1754 de
1620 1729 1660 1754 re

1003 1772 1104 1822 prius
1150 1771 1223 1808 iam
1262 1772 1455 1822 aliquoties
1483 1773 1660 1810 monitum

1004 1833 1072 1866 est.

1060 1882 1304 1936 παραμένειν
1337 1879 1656 1937 άγωνιζομένων]

1003 1940 1026 1978 i.
1047 1954 1077 1978 e.
1091 1954 1184 1988 „nec
1209 1945 1468 1991 permanerent,
1498 1941 1582 1979 dum
1599 1941 1658 1978 illi

1003 1997 1120 2035 relicti
1135 1997 1380 2035 dimicarentss
1439 1999 1553 2041 Quod
1591 1998 1659 2035 im-

1002 2055 1132 2092 merito
1154 2054 1338 2093 Larchero
1370 2054 1573 2106 displicuit,
1602 2055 1659 2092 cui

1002 2111 1215 2148 vertendum
1234 2111 1443 2149 videbatur:
1473 2123 1568 2160 „nec
1589 2110 1657 2148 ad-

1003 2166 1152 2204 siderent
1169 2167 1453 2205 dimicantibus.“
1492 2167 1552 2204 Ad
1573 2180 1657 2205 sen-

1002 2236 1082 2260 sum
1098 2228 1196 2262 recte
1208 2253 1219 2271 ,
1251 2225 1300 2261 ad
1319 2225 1432 2262 verba
1457 2224 1577 2261 minus
1594 2236 1657 2261 ac-

1001 2283 1135 2317 curate.
1194 2280 1313 2318 Vertit
1350 2285 1475 2318 tamen
1526 2280 1656 2317 eodem

1001 2336 1111 2372 modo
1150 2335 1320 2386 Toupius
1371 2336 1581 2385 (Emendd.
1609 2336 1658 2373 ad

1001 2392 1104 2429 Suid.
1133 2392 1184 2429 111
1213 2406 1300 2442 pag.
1333 2394 1458 2441 328):
1497 2392 1658 2430 adsidere

1001 2448 1271 2496 dimicantibus,
1330 2453 1489 2486 eventum
1532 2449 1659 2498 proelii

1000 2509 1220 2554 exspectare,
1258 2507 1313 2542 ita
1341 2509 1383 2542 ut
1412 2508 1550 2555 praesto
1585 2507 1656 2542 sint

1001 2563 1075 2598 suis
1088 2561 1328 2599 laborantibus
1339 2574 1546 2599 succurrere.
1557 2561 1656 2599 Nam

1001 2616 1243 2669 παραμένειν
1268 2618 1356 2656 alias
1386 2618 1423 2655 in
1439 2618 1654 2655 athletarum

1001 2675 1110 2712 rebus
1134 2675 1232 2712 idem
1253 2687 1337 2712 esse
1353 2673 1428 2712 vult
1452 2678 1563 2723 atque
1579 2689 1654 2713 πα-

1003 2731 1234 2780 ρακαθίζειν
1276 2734 1313 2769 et
1351 2729 1568 2782 ἐφεδρίζειν
1606 2731 1654 2768 de

1002 2800 1047 2825 eo
1084 2787 1238 2835 athleta,
1287 2786 1349 2836 qui
1382 2799 1458 2824 non
1487 2787 1568 2837 ipse
1584 2800 1654 2837 pu-

1002 2855 1142 2892 guanS,
1160 2844 1357 2894 postmodo
1374 2841 1553 2880 laboranti
1572 2855 1654 2880 suc·
1724 2872 1727 2879 ,

1000 2903 1140 2948 currat,
1178 2899 1332 2952 ipseque
1360 2897 1525 2953 ἔφεδρος
1554 2898 1654 2937 dica-
1723 2883 1726 2934 ἷ
