1759 3324
185 425 285 472 182

10 489 126 526 iupiter
138 489 243 526 Belus,
257 493 290 519 et

10 523 289 594 ³333..⁸⁹³}{.¹2{23

11 600 68 619 nus
85 599 151 619 cum
162 592 289 632 muliero

12 625 183 686 absus-³.
192 633 288 693 ἰξυῖ

12 691 286 732 ae,Deus[Apollo]

13 733 79 754 cum
96 729 242 756 autmuta-

338 314 425 357 4⁰4

734 313 1208 354 HERODOTI

341 438 422 468 του
448 424 529 467 τοῦ
555 425 677 468 θεοῦ.
737 423 852 468 Φασὶ
880 424 926 468 δὲ
967 425 1011 468 οἱ
1048 421 1177 468 αὐτοὶ
1206 416 1352 474 οὗτοι,
1395 420 1493 479 ἐμοὶ
1519 422 1601 479 μὲν

343 501 400 547 οὐ
426 499 556 546 πιστοὶ
584 502 806 559 λέγοντες,
851 501 929 546 τὸν
964 500 1074 546 θεὸν
1110 501 1248 547 αὐτόν
1285 506 1444 558 φοιτᾶν
1480 518 1525 546 τε
1554 502 1599 554 ἐς

342 580 422 626 τὸν
449 580 585 637 νηόν,
631 581 704 625 καὶ
734 580 1013 637 ἀμπαύεσθαι
1042 582 1111 626 ἐπὶ
1137 585 1214 638 τῆς
1242 582 1420 638 κλίνης,
1470 578 1597 624 κατοξ-

343 676 425 716 περ
462 660 509 704 ἐν
546 658 716 716 Θήβῃσι
750 664 850 716 τῇσι
888 662 1150 717 Αἰγυπτίῃσι
1187 660 1296 704 κατὰ
1343 659 1421 704 τὸν
1456 657 1653 704 αὐτὸν95

339 738 528 794 τρόπον,
558 737 614 788 ὡς
641 737 815 792 λέγουσι
844 739 888 781 οἱ
915 738 1168 793 Αἰγύπτιοι·
1199 739 1274 782 καὶ
1301 737 1385 794 γὰρ
1417 738 1469 795 δὴ
1492 739 1594 783 ἐκεῖ·

335 823 388 862 θι
415 819 619 872 κοιμᾶται
657 815 704 858 ἐν
741 818 803 871 τῷ
838 819 919 860 τοῦ
955 815 1064 867 Διὸς
1102 819 1184 860 τοῦ
1223 815 1433 872 Θηβαιέος
1460 818 1594 875 γυνή·

283 990 336 1027 tio
364 988 539 1036 seiuncti,
568 987 713 1040 ipsique
736 987 840 1025 divisi
867 1001 934 1038 per

283 1045 406 1098 plures
424 1044 577 1082 familias
603 1045 680 1082 sive
702 1045 828 1082 tribus.
856 1045 933 1082 Iam

285 1114 422 1140 nomen
435 1100 702 1138 Chaldaeorum
723 1114 798 1138 non
809 1102 855 1139 de
865 1114 934 1152 po-

285 1158 373 1210 pulo
393 1158 549 1207 quodam
562 1170 686 1195 verum
700 1157 747 1195 de
765 1158 935 1195 sacerdo-

284 1220 363 1252 tum
381 1218 492 1262 gente
520 1214 624 1251 unice
648 1213 934 1263 intelligendum,

287 1283 396 1321 quae,
415 1282 500 1307 cum
518 1269 695 1307 idolorum
704 1270 812 1307 cultui
826 1283 934 1320 prae-

284 1328 392 1378 cipue
415 1330 642 1377 operaretur,
671 1327 824 1364 maxime
842 1326 935 1363 invi-

287 1395 331 1420 sa
359 1383 428 1420 suit
459 1381 602 1420 Indaeis
635 1382 823 1430 Persisve,
871 1382 934 1431 qui

283 1438 576 1490 ipsireligionem
593 1439 710 1487 magis
723 1451 851 1490 puram
869 1451 934 1476 eo-

285 1507 359 1544 que
374 1494 544 1533 Iudaicae
570 1495 721 1532 similem
743 1495 933 1533 sectaban-

283 1555 366 1598 tur,
403 1551 553 1588 semotis
582 1552 750 1588 omnibus
781 1552 932 1588 deorum

284 1605 480 1644 simulacris
499 1620 542 1644 ac
559 1607 688 1656 signis.
745 1606 857 1644 Unde
877 1607 932 1644 in-

282 1663 474 1711 telligitur,
503 1676 566 1700 cur
580 1663 774 1701 Persarum
791 1676 899 1711 reges
911 1676 932 1701 e

282 1719 550 1756 Chaldaeorum
575 1719 719 1770 templis
743 1719 848 1768 signa
868 1732 933 1756 au-

281 1776 377 1813 ferre
397 1775 619 1823 studuerint,
648 1779 688 1812 ut
716 1776 810 1813 infra
839 1775 930 1824 legi-

282 1844 362 1869 mus
391 1831 428 1878 1,
449 1833 541 1874 188.
588 1830 686 1869 Nam
711 1832 758 1869 de
774 1831 930 1870 Iudaeo-

281 1900 361 1925 rum
402 1888 635 1938 scriptoribus
666 1888 816 1934 tacebo3
865 1888 927 1937 qui

282 1943 426 1992 quoties
447 1944 485 1980 in
505 1944 640 1981 huncce
653 1943 829 1980 idolorum
852 1944 929 1980 cul-

279 2002 358 2037 tum
384 1999 618 2047 invehantur,
655 1999 743 2036 satis
774 2003 927 2037 constat.

282 2053 494 2103 Astrologia
525 2059 645 2093 autem
680 2055 756 2091 sive
783 2067 929 2092 accura-

283 2109 368 2147 tiori
390 2111 548 2148 siderum
578 2110 804 2159 cognitione,
833 2123 928 2159 quae

284 2166 379 2204 adeo
397 2179 477 2203 cum
491 2166 574 2217 ipsa
594 2166 767 2215 religione
791 2170 827 2203 et
853 2166 929 2203 cul-

282 2225 324 2258 tu
354 2222 504 2259 deorum
529 2222 716 2259 coniuncta
733 2222 928 2270 ferebatur,

284 2277 480 2328 praecipue
495 2277 701 2316 Chaldaeos
718 2279 926 2316 sacerdotes

281 2332 491 2371 inclaruisse
510 2334 672 2382 quamvis
688 2346 794 2371 nemo
821 2334 928 2383 igno-

282 2392 360 2436 ret,
376 2389 475 2427 haud
492 2393 614 2427 tamen
631 2390 830 2440 poenitebit
840 2403 926 2427 con-

279 2444 410 2482 tulisse
425 2457 520 2494 quae
536 2446 684 2494 egregie
699 2459 778 2483 eam
798 2445 834 2482 in
849 2459 925 2484 rem

282 2501 448 2552 disputat
466 2501 648 2539 Gesenius
664 2501 685 2538 l.
708 2501 730 2538 l.
747 2514 832 2552 pag.
842 2504 924 2544 351

281 2570 411 2606 seqq.,
440 2557 496 2594 cui
522 2558 617 2595 adde
633 2556 839 2595 Miinterum
860 2558 924 2596 1.l.

282 2625 370 2665 pag.
389 2615 443 2655 79
455 2625 559 2663 seqq.
580 2615 633 2655 83
652 2627 755 2663 seqq.

420 2696 532 2748 Cap.
562 2695 785 2735 CLXXXII.

339 2777 438 2829 φασὶ
458 2777 500 2819 δὲ
520 2777 560 2820 οἱ
579 2775 690 2820 αὐτοὶ
713 2774 836 2828 οὗτοι]
854 2779 924 2818 Ar-

279 2835 424 2874 ticulum
444 2835 505 2884 οἷ,
534 2837 628 2874 male
653 2837 689 2874 in
708 2838 921 2886 quibusdam

279 2891 497 2929 editionibus
513 2893 697 2940 omissum,
715 2894 841 2930 merito
863 2907 920 2931 re-

1001 988 1120 1025 Gaisf.
1134 1017 1145 1036 ,
1185 1002 1265 1027 cum
1303 1001 1430 1027 omnes
1453 989 1531 1028 sere
1569 988 1652 1028 libri

1001 1045 1124 1094 scripti
1142 1058 1223 1083 eum
1241 1046 1431 1084 retineant.

1058 1099 1145 1151 ἐμοὶ
1159 1100 1230 1152 μὲν
1250 1098 1298 1141 ου’
1315 1098 1434 1142 πιστοὶ
1454 1099 1646 1153 λέγοντες]

1000 1157 1083 1194 Istis
1097 1158 1321 1206 hominibus,
1343 1159 1406 1207 qui
1425 1171 1569 1208 semper
1580 1171 1649 1195 no-

1000 1214 1057 1251 bis
1078 1214 1125 1252 de
1149 1215 1245 1253 mala
1267 1214 1449 1252 Herodoti
1474 1214 1548 1251 fide
1577 1213 1650 1251 cla-

1000 1275 1101 1307 mant
1120 1283 1300 1321 auresque
1323 1270 1545 1318 obtundunt,
1566 1283 1648 1308 cum

998 1326 1228 1364 Herodotum
1265 1328 1496 1365 sacerdotum
1542 1327 1649 1363 mini-

999 1387 1114 1419 strum
1144 1384 1326 1431 dictitent,
1356 1383 1583 1434 turpiterque
1600 1383 1647 1420 ab

997 1439 1053 1476 his
1084 1439 1174 1488 ipsis
1208 1439 1339 1478 falsum
1368 1443 1404 1477 et
1434 1439 1472 1475 in
1497 1439 1647 1477 fraudes

997 1495 1205 1543 inductum,
1247 1509 1316 1533 nec
1351 1495 1418 1532 hac
1456 1495 1646 1533 occasione

998 1551 1132 1599 oblata,
1143 1565 1210 1589 nec
1226 1551 1315 1589 alias
1334 1551 1480 1588 omnino
1492 1563 1647 1600 respon-

999 1608 1086 1645 dere
1115 1609 1314 1657 quidquam
1339 1607 1477 1658 placet·‚
1505 1607 1645 1644 adscri-

998 1663 1086 1701 bere
1111 1668 1233 1701 tamen
1260 1665 1358 1700 iuvat
1384 1662 1556 1700 Larcheri
1577 1676 1646 1699 no-

997 1722 1071 1756 tam
1091 1720 1139 1756 ad
1164 1720 1198 1757 h.
1209 1719 1231 1757 l.
1245 1719 1383 1757 Gallico
1401 1731 1568 1757 sermone
1586 1719 1643 1756 his

999 1776 1117 1813 verbis
1147 1780 1379 1826 conceptam:
1403 1774 1580 1824 „Malgre
1606 1775 1644 1812 la

996 1832 1171 1870 credulite
1205 1833 1254 1869 du
1284 1831 1409 1879 siecle,
1449 1832 1496 1868 ou
1533 1831 1643 1868 vivait

993 1887 1203 1935 Herodote,
1233 1901 1281 1924 on
1306 1891 1432 1924 trouve
1459 1888 1550 1924 dans
1578 1900 1642 1925 ses

993 1944 1099 1980 ecrits
1116 1945 1181 1981 des
1194 1956 1346 1994 preuves
1356 1943 1441 1980 d’un
1453 1943 1644 1992 jugement

994 2000 1074 2035 sain
1094 2004 1129 2036 et
1158 1999 1325 2036 eclaire.“
1380 1998 1479 2035 Infra
1500 1999 1537 2046 Ι,
1559 2000 1640 2041 183

991 2055 1233 2092 narrationem
1288 2054 1467 2092 concludit
1521 2055 1642 2093 verbis

992 2109 1130 2148 Noster
1154 2110 1272 2148 hiscez
1302 2107 1378 2162 ἐγώ
1403 2108 1446 2149 δέ
1476 2125 1544 2160 μιν
1564 2106 1641 2150 ov’x

993 2162 1119 2205 εἶδον·
1148 2163 1195 2205 τὰ
1213 2164 1255 2205 δὲ
1272 2165 1421 2218 λέγεται
1441 2163 1521 2207 ὑπὸ
1533 2169 1640 2206 Χαλ-

992 2222 1132 2271 δαίων,
1162 2225 1284 2261 ταῦτα
1301 2221 1410 2274 λέγω.

1048 2277 1115 2317 καὶ
1134 2275 1209 2331 γοέρ
1234 2275 1283 2329 δή
1304 2278 1434 2318 ἐκεῖθι
1449 2281 1637 2331 κοιμᾶται

993 2331 1035 2373 ἒν
1053 2337 1110 2388 τῷ
1126 2338 1201 2374 τοῦ
1224 2331 1324 2382 Διός
1351 2337 1424 2375 τοῦ
1441 2335 1637 2388 Θηβαιέος

991 2387 1116 2442 γυνή]
1134 2392 1192 2429 De
1212 2393 1328 2428 forma
1347 2391 1543 2443 Θηβαιέος
1560 2393 1635 2431 vid.

991 2447 1167 2497 Stephan.
1193 2447 1347 2496 Byzant.
1381 2461 1411 2485 s,
1439 2461 1474 2485 v.
1503 2449 1636 2499 Θῆβαι

991 2506 1028 2540 et
1044 2503 1137 2541 infra
1153 2503 1209 2550 Il,
1230 2506 1296 2544 42.
1317 2502 1383 2545 54.
1439 2503 1538 2541 Alias
1554 2505 1634 2542 No-

991 2563 1067 2596 ster
1085 2572 1164 2597 cum
1182 2558 1260 2596 aliis
1284 2559 1519 2609 scriptoribus
1529 2573 1635 2598 usur-

991 2619 1057 2664 pat
1080 2615 1244 2652 adiectivi
1267 2616 1420 2652 sormam
1457 2617 1634 2667 Θηβαῖος

988 2670 1044 2718 (ll
1057 2699 1068 2717 ‚
1086 2672 1185 2719 166)
1199 2671 1401 2719 eodemque
1419 2685 1530 2709 sensu
1553 2674 1633 2723 Θη-

991 2722 1132 2776 βαϊκός
1152 2727 1203 2773 Π,
1222 2727 1248 2767 4
1268 2726 1348 2764 coll.
1367 2726 1488 2777 Apoll.
1506 2728 1630 2766 Rhod.

988 2782 1098 2819 schol.
1125 2795 1161 2832 p.
1192 2782 1245 2822 43
1274 2786 1311 2820 et
1337 2795 1375 2832 p.
1399 2783 1480 2825 641
1512 2783 1630 2822 Paris.

985 2837 1110 2875 -Ad
1128 2851 1203 2875 rem
1221 2838 1335 2888 ipsam
1351 2840 1553 2889 comparari
1563 2853 1630 2877 vo-

984 2894 1100 2930 lumus
1114 2894 1284 2930 Strabon.
1304 2893 1407 2931 XVII
1424 2908 1461 2945 p.
1478 2897 1583 2936 1171
1597 2908 1629 2933 ε.

279 2952 452 2986 vocarunt
473 2949 710 2997 Schaeferus‚
737 2949 917 2999 Schwgh.,
981 2952 1123 3001 p.601.
1143 2949 1276 2989 Tzsch.
1296 2954 1332 2987 et
1347 2949 1629 2989 MinutolizRei-

1663 811 1718 853 86
