1805 3315
248 815 314 858 41)

247 1131 312 1176 41

41 1196 76 1223 Ei
112 1194 231 1223 additur
265 1203 316 1223 cu-

40 1235 101 1257 mis
129 1229 283 1259 Adrastus.

356 248 438 288 loo

771 243 870 282 ΗῑΕ
899 244 934 283 R
964 245 999 282 ο
1029 231 1063 283 n
1095 245 1130 282 ο
1162 244 1197 282 Τ
1227 245 1242 282 1

333 353 478 412 2„q23]'g
506 369 575 397 τοι
604 351 653 395 τὸ
685 350 859 407 ὄνειρον
889 352 978 396 ὑπὸ
1005 355 1156 409 αἰχμῆς
1186 352 1383 410 σιδηρέης
1414 350 1554 408 φάναι
1579 351 1651 407 ἐμὲ

356 430 677 487 ,,τελευτήσειν·
715 428 795 482 ὑός
825 431 870 475 δὲ
899 436 1018 476 κοῖαι
1055 431 1134 487 μέν
1170 434 1250 476 εἶσι
1278 437 1433 488 χεῖρες,
1472 432 1573 487 κοίη
1604 429 1651 474 δὲ

427 515 436 528 ‚
505 511 514 524 κ
687 508 696 522 r
782 508 803 522 n
901 510 909 521 x
1047 510 1056 525 ι
1183 513 1194 528 ‚
1244 511 1254 524 κ
1354 511 1360 522 =
1426 508 1437 523 e
1484 509 1494 524 x
1531 507 1541 523 2
1586 506 1597 521 t

355 529 520 568 ,,αιχμη
550 511 751 564 σιδηρεη,
773 527 830 566 ην
861 521 916 554 συ
946 514 1127 567 φοβεαις
1158 527 1193 554 ει
1210 528 1288 566 μεν
1309 528 1390 567 γαρ
1408 526 1498 554 υπο
1519 512 1651 553 οδον-

355 624 379 644 ,,
392 607 465 642 τος
492 606 561 633 τοι
590 586 682 632 εἶπε
710 589 977 646 τελευτήσειν
1005 606 1076 646 με,
1105 588 1133 645 ἢ
1163 589 1297 633 ἄλλου
1325 606 1400 633 τευ
1431 588 1455 632 ὅ
1483 605 1525 631 τι
1554 585 1652 632 τού-

356 686 448 726 „vago
485 668 620 718 «ξ’,οικε
659 672 769 724 χρῆν
803 667 855 724 δη
895 680 942 712 σε
980 669 1142 712 ποιέειν
1180 669 1233 711 τὰ
1273 668 1451 718 ποιέεις·
1491 671 1576 710 νῦν
1606 665 1699 709 δὲδο

359 746 477 801 »ὑπὸ
509 749 673 803 αἰχμῆς
731 747 822 790 ἐπεί
851 763 896 790 τε
925 750 988 790 ὠν
1008 745 1062 791 οὗ
1088 747 1200 803 πρὸς
1229 747 1392 802 ἄνδρας
1411 746 1516 803 ἡμῖν
1542 748 1652 802 γίνε-

359 843 463 879 ,,ται
494 823 522 881 ἡ
548 823 682 881 μάχη,
728 826 857 881 μέθες
883 842 946 881 με
962 831 986 851 “
1043 825 1276 882 Ἀμείβεται
1315 830 1528 881 Κροῖσος’
1569 827 1653 877 »Ὠ

358 939 382 958 ,,
396 921 499 956 παι
530 904 618 947 ε’στι
634 907 688 960 τῇ
706 919 757 959 με
786 920 885 946 νιν(
890 920 930 954 ς,
961 902 1141 959 γνώμην
1171 904 1432 960 ἀποφαίνων
1449 920 1544 958 περι
1573 907 1654 947 τοῦ

360 1018 384 1036 ,,
399 984 619 1028 ἐνυπνίου.

680 981 739 1034 ὠς
769 978 832 1026 ὧν
861 981 1141 1037 νενικημένος
1169 981 1255 1026 ὑπὸ
1289 983 1386 1035 σέο,
1417 980 1653 1039 μεταγινώ-

357 1076 496 1117 ,,σκω,
528 1063 698 1120 μετίημί
726 1078 771 1105 τε
801 1074 848 1105 σε
876 1063 987 1104 ἰέναι
1020 1061 1089 1104 ἐπὶ
1117 1060 1197 1117 τήν
1228 1059 1406 1118 ἄγρην.“

472 1145 616 1193 Εἴπας
645 1141 858 1185 δὲταῦτα
899 1139 922 1183 ὁ
963 1144 1180 1195 Κροῖσος,
1221 1140 1537 1196 μεταπέμπεται
1575 1139 1699 1185 τόν35

368 1222 523 1279 Φρύγα
543 1219 796 1277 Ἄδρηστον,
817 1218 1066 1278 ἀπικομένῳ
1080 1219 1124 1263 δέ
1145 1221 1188 1263 οἱ
1203 1220 1313 1275 λέγει
1331 1218 1454 1263 τάδε·
1484 1216 1654 1275 ,ζἈδρη-

363 1313 490 1356 ,,στε,
523 1299 605 1358 ἐγώ
637 1311 684 1344 σε
715 1302 921 1356 συμφορῇ
953 1298 1252 1356 πεπληγμένον
1283 1296 1435 1355 ἀχάρι,
1479 1296 1560 1354 τήν
1585 1314 1655 1341 τοι

317 1489 366 1525 ab
404 1487 482 1524 aliis
510 1490 687 1523 mutatum
725 1485 763 1522 in
796 1483 972 1536 φοβέεαι.

318 1544 494 1582 Voculam
523 1540 577 1593 ’ἣν
616 1543 653 1578 in
691 1539 765 1592 τήν
797 1547 973 1579 mutatam

318 1601 394 1638 vult
411 1601 542 1637 Struve
557 1598 715 1648 Specim.
738 1598 893 1641 Quaest.
908 1603 974 1635 etc.

318 1671 357 1708 p.
388 1658 452 1697 23.
512 1655 589 1692 Sed
618 1654 716 1691 libris
757 1655 975 1704 praesertim

320 1712 441 1749 inxitis
465 1712 626 1762 recipere
645 1723 717 1747 non
734 1709 842 1747 licuit.

378 1770 513 1818 χρῆν
545 1762 594 1816 δή
626 1778 667 1804 σε
694 1765 868 1817 ποιέειν]
918 1766 979 1804 De

319 1824 441 1874 ellipsi
469 1822 666 1874 particulae
696 1818 772 1870 ἂν,
828 1823 867 1860 in
910 1823 979 1860 hoc

320 1882 432 1918 verbo
463 1880 563 1916 haud
605 1891 707 1926 rara,
750 1880 876 1916 laudat
912 1879 979 1916 Cr.

324 1936 511 1974 Schaeseri
534 1935 674 1972 Melett.
697 1935 825 1972 critice.
846 1950 882 1985 p.
901 1936 979 1976 130

324 1997 362 2030 et
380 1992 525 2030 Dissen.
540 1992 725 2040 Disquiss.
748 1992 847 2041 phill.
860 2005 896 2042 p.
912 1995 978 2031 12.

324 2049 387 2086 Tu
405 2050 498 2085 conf.
519 2049 629 2085 etiam
659 2047 791 2085 Matth.
823 2047 860 2099 ξ.
883 2047 980 2095 505,

327 2109 354 2146 2
377 2109 451 2142 not.
471 2118 508 2155 p.
530 2105 624 2146 958.

533 2187 645 2237 Cap.
675 2186 773 2225 XLI

383 2263 457 2333 ἐγώ
481 2277 522 2305 σε
548 2268 739 2331 συμφορῇ
760 2265 977 2318 πεπληγμέ-

327 2337 401 2362 νον
422 2319 559 2374 ἄχαρι,
589 2337 664 2373 την
690 2337 752 2361 τοι
779 2319 856 2362 ου’ν.
883 2321 979 2363 ὀνει-

328 2379 443 2426 δίζω,
475 2375 677 2431 έκαθηρα]
714 2379 775 2415 Sic
799 2381 978 2417 edidimus

328 2448 409 2471 cum
437 2435 603 2484 Sehwgh.
633 2440 670 2472 et
693 2435 809 2472 Gaisf.
840 2436 977 2486 Vulgo:

330 2486 521 2541 οἷχαρίτην
543 2506 604 2529 τοι
627 2486 701 2530 οὐκ
722 2505 757 2528 κ.
777 2506 810 2530 τ.
833 2494 866 2530 λ.
888 2493 978 2530 etin

330 2546 481 2584 Aldina:
514 2544 630 2598 ἅχαρί
651 2547 688 2585 τί
708 2562 768 2586 τοι
795 2543 868 2587 οὐκ
879 2544 977 2588 ὄνει-

330 2602 470 2649 δίζων,
512 2604 611 2651 quod
640 2604 711 2640 iam
750 2604 973 2654 wesseling.

330 2662 533 2696 mutaverat
555 2659 593 2694 in
615 2654 790 2712 οἷχοῖριτι,
819 2656 892 2712 τήν
915 2677 976 2700 τοι

333 2709 409 2753 οὐκ
462 2709 658 2761 ὀνειδίζω,
735 2718 978 2766 praecedente

332 2770 531 2817 Geinozio,
558 2770 618 2818 qui
635 2775 756 2808 tamen
777 2774 881 2810 scribi
900 2787 977 2812 ma-

327 2823 481 2863 luerat
465 2822 492 2864 α’
503 2840 559 2875 χοι
573 2840 641 2876 ρις
671 2828 769 2874 quod
789 2841 835 2865 an
856 2830 976 2866 dativo

327 2894 415 2922 casu
440 2882 553 2934 accipi
573 2886 701 2932 queat,
731 2883 808 2921 iure
833 2885 976 2924 dubita-

1038 1487 1141 1523 verat
1159 1482 1380 1532 Wesseling.
1419 1482 1518 1520 Nam
1538 1483 1703 1521 scriben-

1041 1543 1128 1578 dum
1159 1546 1237 1578 erat
1268 1535 1404 1591 ἆχάρι,
1443 1540 1545 1589 quod
1579 1541 1700 1590 ipsum

1043 1599 1115 1634 duo
1148 1597 1228 1633 libri
1258 1597 1457 1646 praebent3
1495 1595 1626 1645 reliqui
1657 1592 1699 1634 α’-

1042 1667 1144 1705 χαρι.
1202 1652 1272 1689 Est
1299 1665 1385 1690 vero
1413 1648 1531 1703 ἆχοῖρι
1558 1652 1701 1689 dativus

1043 1710 1173 1748 Ionum
1197 1721 1239 1746 ex
1252 1722 1352 1746 more
1365 1737 1375 1756 ‚
1405 1713 1445 1746 ut
1464 1708 1517 1756 II,
1537 1711 1593 1749 40
1616 1705 1703 1747 ’Ίσι

1045 1771 1083 1804 et
1099 1764 1203 1812 vm,
1235 1766 1287 1806 61
1319 1760 1459 1812 οἷπόλι,
1488 1769 1638 1802 accentu
1663 1765 1702 1801 in

1045 1822 1246 1874 penultima
1291 1821 1412 1872 posito
1450 1821 1497 1858 ob
1540 1821 1703 1858 ultimam

1047 1879 1224 1927 syllabam
1245 1879 1479 1927 productam,
1518 1878 1655 1928 quippe
1678 1891 1700 1915 e

1047 1936 1291 1972 contractione
1332 1938 1459 1971 ortam.
1490 1934 1562 1971 vid.
1593 1935 1703 1971 Butt-

1048 2004 1169 2028 mann.
1188 1992 1226 2027 in
1247 1991 1282 2026 d.
1310 1989 1484 2028 ausfiihrl.
1500 1990 1702 2027 Grammat.

1047 2048 1064 2084 Ι
1084 2061 1169 2098 pag.
1199 2050 1293 2088 211.
1333 2046 1462 2084 Matth.
1491 2045 1528 2097 ἓ.
1550 2046 1654 2094 114,
1673 2047 1700 2087 3

1046 2117 1083 2154 Ρ.
1107 2106 1199 2145 231.
1231 2098 1408 2150 ὀνειδίζω
1429 2103 1467 2139 in
1487 2115 1592 2152 seqq.
1621 2116 1701 2141 me-

1046 2160 1156 2197 liores
1197 2159 1277 2196 libri
1325 2160 1524 2210 praebent,
1567 2159 1699 2208 quibus

1044 2216 1164 2252 invitis
1184 2216 1217 2251 I
1219 2216 1443 2253 alekena1111s
1462 2216 1514 2253 sic
1529 2215 1700 2266 scriptum

1047 2285 1129 2309 esse
1149 2273 1288 2308 iudicav
1291 2286 1328 2309 ei
1330 2276 1386 2309 at
1417 2267 1495 2338 ἔχω’
1527 2283 1569 2310 σε
1603 2283 1698 2323 συμ-

1048 2343 1178 2392 φορῃι
1143 2330 1283 2393 mul,-
1275 2327 1442 2379 Ῑγμένον
1462 2323 1552 2378 α’χα
1565 2343 1586 2378 ρ
1599 2328 1698 2394 ίτῳ,

1045 2399 1120 2434 την
1142 2398 1202 2422 τοι
1223 2378 1297 2422 οὐκ
1322 2380 1519 2432 ὀνειδίζω,
1550 2381 1699 2435 ἐκαθη-

1046 2454 1118 2491 ρα;
1201 2453 1246 2488 go
1264 2444 1296 2476 te
1314 2442 1411 2477 trcstz'
1418 2453 1576 2490 pressum
1595 2441 1697 2478 cala-

1045 2452 1201 2543 mitate'e,
1222 2508 1326 2545 quam
1346 2497 1413 2533 tibi
1432 2510 1499 2533 non
1520 2497 1697 2545 exprobro,

1043 2553 1232 2589 lustratum
1268 2554 1447 2601 expiavi.“
1505 2553 1618 2589 Cuius
1643 2553 1698 2591 le-

1043 2609 1173 2646 ctionis
1202 2609 1441 2658 patrocinium
1466 2608 1553 2646 inde
1590 2610 1696 2659 petit,

1042 2664 1142 2714 quod
1174 2665 1376 2702 Herodotei
1413 2664 1555 2702 codices
1585 2678 1694 2715 prae-

1043 2722 1153 2758 beant
1174 2716 1199 2759 οἷ
1209 2735 1229 2771 χ
1241 2716 1265 2759 α’
1278 2735 1299 2772 ρ
1312 2735 1324 2758 ι
1336 2735 1356 2758 τ
1369 2736 1393 2758 α
1420 2716 1641 2771 παθήματα
1662 2721 1693 2770 I,

1043 2779 1126 2819 207
1145 2782 1180 2814 et
1203 2773 1594 2827 ἀχαριτώτατον
1612 2778 1694 2826 Vll,

1046 2833 1146 2879 1563
1165 2847 1232 2871 nec
1248 2834 1446 2882 quidquam
1465 2834 1611 2871 omnino
1622 2835 1694 2871 dif-

1041 2890 1156 2938 ferat,
1184 2894 1303 2928 utrum
1316 2884 1485 2945 ἄχαρίτῳ
1503 2891 1693 2940 scribatur,
