1759 3324
351 217 437 259 556

749 215 1224 256 HERODOTI

350 324 607 383 ὑφαίνουσι.
664 325 906 382 ὑφαίνουσι
941 327 987 370 δὲ
1029 327 1071 370 οἱ
1105 326 1183 382 μὲν
1223 325 1373 378 ἄλλοι,
1411 323 1503 368 ἅνω
1533 324 1614 381 τήν

323 404 521 461 4κρόκηυ
559 404 793 458 ὠθέοντες,
832 403 1064 461 Αἰγύπτιοι
1101 406 1169 457 δὲ,
1209 402 1337 448 κάτω.
1395 403 1448 447 tc}
1478 403 1615 459 ἄχθεα

353 485 397 528 οἱ
423 485 503 540 μὲν
533 484 684 539 ἄνδρες
721 485 791 528 ἐπὶ
831 490 917 529 τῶν
949 486 1169 541 κεφαλέων
1199 483 1436 539 φορέουσι,
1489 485 1535 526 αἱ
1564 483 1612 526 δὲ

353 568 558 619 γυναῖκες
587 563 654 606 ἐπὶ
683 567 770 606 τῶν
800 562 949 620 ὤμων·
1000 563 1235 617 οὐρέουσι,
1278 565 1324 607 αἱ
1354 564 1433 620 μὲν
1461 567 1615 619 γυναῖ-

326 646 449 693 5κες,
481 639 639 696 ὀρθαί·
673 643 716 684 οἱ
747 641 791 684 δὲ
821 640 1000 697 ἄνδρες,
1032 642 1277 698 κατήμενοι.
1310 641 1613 698 εὐμαρέῃχρέ-

356 735 491 764 ωνται
528 718 577 761 ἐν
614 724 725 763 τοῖσι
762 721 943 771 οἴκοισι,
1001 720 1198 764 ἐσθίουσι
1237 721 1282 765 δὲ
1323 721 1400 774 ἔξω
1438 721 1486 764 ἐν
1517 724 1616 778 τῇσι
1630 727 1672 762 85

300 953 398 988 ctum
422 948 486 996 sit,
514 952 556 986 ut
582 947 655 986 tale
681 961 772 999 opus
794 949 953 987 virorum

300 1006 420 1057 potius
456 1006 565 1043 fuerit
606 1017 716 1055 quam
753 1006 952 1044 mulierum.

300 1061 413 1100 Plura
431 1061 592 1100 Heeren.
621 1062 734 1100 Ideen
765 1066 832 1100 etc.
855 1062 909 1111 11,
927 1065 955 1104 2

300 1130 378 1170 pag
394 1120 487 1159 368.

357 1171 580 1224 ’ὑφαίνουσι
603 1170 646 1213 δὲ
674 1172 716 1214 οἱ
741 1171 812 1226 μὲν
832 1171 954 1220 ἄλλοι,

302 1227 390 1271 ἅνω
413 1228 486 1281 τήν
515 1225 663 1282 κρόκην
696 1225 890 1279 ω’θέοντες
917 1246 954 1270 κ.

302 1303 339 1327 τ.
357 1285 409 1338 λ.]
439 1283 524 1326 ἅνω
551 1283 625 1337 τὴν
656 1284 808 1339 κρόκην
829 1285 955 1327 ὠθεῖν

303 1344 393 1383 nihil
408 1343 505 1381 aliud
523 1347 581 1381 est
603 1356 714 1393 quam
732 1341 815 1383 ἅνω
832 1343 955 1394 ὑφαί-

302 1415 407 1448 νειν,
438 1400 473 1437 h.
490 1413 522 1437 e.
552 1413 687 1438 sursum
708 1414 825 1438 versus
844 1405 957 1438 texere

303 1471 333 1496 s.
352 1459 390 1495 in
411 1455 634 1494 altitudinem
654 1460 786 1502 texere,·
816 1458 878 1507 qui
901 1462 957 1495 te-

303 1513 413 1553 xendi
434 1513 562 1550 modus
584 1514 749 1551 omnibus
787 1515 955 1563 gentibus

304 1570 373 1609 suit
406 1570 560 1606 usitatus
599 1573 854 1620 praeterquam
883 1569 957 1607 Ae-

304 1626 451 1677 gyptiis.
500 1624 708 1676 „Aegyptii
729 1627 824 1665 enim
852 1627 959 1664 deor-

305 1696 385 1721 sum
412 1695 537 1720 versus
565 1683 755 1733 texebant,
796 1683 858 1732 qui
882 1687 958 1721 tra-

305 1752 402 1778 mam
421 1739 458 1775 in
481 1739 688 1776 inferiorem
716 1743 859 1789 partem
882 1743 959 1776 tru-

306 1796 453 1834 debant.
512 1794 621 1845 Apud
660 1800 820 1834 caeteras
862 1796 957 1833 enim

306 1856 436 1901 gentes
459 1864 538 1889 curn
561 1856 678 1888 trama
705 1852 762 1890 vel
787 1852 848 1888 fila
866 1851 961 1889 infra

307 1912 433 1947 essent
449 1937 460 1955 ‚
490 1907 529 1944 in
549 1908 791 1957 superioribus
808 1909 961 1945 teneba-

307 1968 366 2002 tur
395 1964 671 2001 vestimentum:
702 1968 739 2001 et
763 1964 813 2001 sic
843 1968 961 2001 trama

308 2033 455 2070 semper
488 2019 633 2070 pectine
661 2020 709 2057 ad
737 2020 960 2070 superiorem

308 2080 451 2127 partem
483 2075 684 2113 ducebatur
714 2080 752 2114 et
784 2076 959 2112 trudeba-

308 2136 389 2177 tur,
428 2134 538 2180 atque
572 2131 631 2179 id,
669 2144 808 2168 sursum
834 2144 959 2169 versus

309 2191 433 2225 texere
459 2186 517 2225 vel
552 2187 591 2224 in
619 2188 869 2235 altitudinem,
896 2200 960 2224 vo-

309 2244 454 2281 cabant.
511 2241 704 2281 contrario
738 2244 849 2280 modo
888 2243 963 2281 Ae-

310 2300 428 2350 gyptii
446 2327 457 2346 ,
505 2311 551 2337 ex
584 2300 827 2350 superioribus
849 2327 861 2347 ‚
899 2301 960 2336 ubi

311 2359 415 2394 erant
434 2355 514 2402 fila,
539 2355 598 2393 vel
618 2355 716 2403 licia,
745 2356 793 2392 ad
812 2356 961 2393 inferio-

311 2425 353 2449 ra
376 2412 647 2462 procedebant,
682 2412 742 2448 ubi
767 2411 962 2449 vestimen-

311 2472 387 2505 tum
406 2467 462 2506 vel
482 2467 554 2506 tela
572 2480 665 2517 quae
681 2469 881 2515 texebatur,
906 2468 962 2505 in-

312 2525 429 2562 erat.“
449 2523 650 2561 Salmasius
672 2524 718 2561 ad
735 2523 963 2574 Vopz'scz‘Aa-

312 2580 437 2618 relian.
460 2593 546 2631 pag.
565 2580 647 2622 564
674 2585 760 2617 tom.
783 2580 827 2617 11.
872 2580 961 2628 lugo

312 2636 467 2674 textorio
492 2636 639 2685 Indico,
674 2637 775 2686 quod
804 2636 964 2673 omnium

314 2692 614 2743 simplicissimum
653 2693 725 2739 sit,
761 2691 963 2742 Aegyptios

314 2761 401 2786 usos
428 2749 559 2797 fuisse,
589 2761 634 2787 ex
660 2748 810 2787 aliorum
837 2748 964 2786 obser-

313 2805 515 2842 vationibus
549 2808 653 2842 notat
678 2805 789 2843 Beck.
818 2803 961 2854 allgem.

315 2860 538 2911 Weltgesch.
560 2861 576 2899 Ι
599 2874 636 2913 p.
652 2861 746 2903 765.

1078 949 1119 989 οἱ
1141 945 1213 999 μὲν
1235 945 1380 1001 ἄνδρες
1411 947 1477 989 ἐπὶ
1507 951 1589 989 τῶν
1613 964 1674 990 κε-

1022 1005 1180 1057 φαλέων
1201 1004 1413 1057 φορέουσι]
1432 1004 1497 1046 ἐπὶ
1514 1008 1593 1045 τῶν
1613 1021 1675 1046 κε-

1022 1061 1181 1114 φαλέων
1202 1062 1310 1112 plane
1331 1066 1371 1098 ut
1386 1075 1475 1100 nos:
1507 1063 1581 1113 auf
1601 1063 1676 1100 dem

1024 1119 1156 1170 Kopfe.
1190 1118 1299 1156 Conf.
1321 1117 1500 1157 Matthiae
1521 1120 1586 1156 Gr.
1609 1120 1675 1156 Gr.

1022 1190 1060 1228 p.
1082 1177 1202 1217 1162.
1230 1196 1286 1203 —·
1314 1175 1417 1212 Haec
1443 1188 1528 1213 vero
1557 1176 1675 1212 minus

1023 1232 1241 1270 conveniunt
1271 1244 1350 1268 cum
1370 1231 1609 1282 anaglyphis,
1637 1231 1676 1269 in

1023 1288 1152 1338 quibus
1179 1287 1277 1324 haud
1302 1300 1384 1325 raro
1412 1288 1678 1339 conspiciuntur

1022 1344 1188 1382 homines
1215 1356 1326 1381 onera
1354 1344 1391 1380 in
1425 1344 1583 1381 humeris
1612 1357 1678 1394 ge-

1026 1405 1175 1438 stantes.
1206 1400 1314 1437 Conf.
1329 1400 1477 1437 Costaz.
1492 1399 1675 1450 Descript.

1025 1457 1073 1495 de
1092 1457 1186 1505 l’Eg.
1216 1456 1355 1505 antiqq.
1381 1456 1398 1493 I
1419 1457 1525 1493 mem.
1555 1469 1592 1506 p.
1609 1459 1675 1498 69.

1083 1508 1264 1564 οὐρέουσι
1283 1533 1340 1540 —-
1359 1508 1589 1563 κατήμενοι]
1610 1526 1676 1551 κα-

1023 1565 1188 1620 τήμενοι
1215 1567 1417 1617 Schweigh.
1444 1568 1583 1606 reddit:
1621 1582 1676 1606 re-

1025 1626 1181 1664 sidentes.
1245 1623 1453 1672 Larchero,
1493 1624 1554 1674 qui
1591 1625 1676 1661 olim

1024 1686 1183 1719 verterat
1220 1683 1330 1728 assis,
1371 1684 1502 1731 postea
1541 1679 1678 1731 placuit

1025 1739 1208 1788 accroupis
1236 1737 1288 1786 (i,
1317 1749 1349 1774 e.
1379 1750 1412 1774 se
1441 1736 1677 1786 deprimentes,

1024 1795 1269 1843 demittentes).
1327 1793 1428 1831 Idem
1447 1793 1562 1841 addit,
1579 1795 1678 1844 apud

1027 1851 1161 1899 Indos,
1192 1850 1253 1900 qui
1283 1850 1332 1887 ad
1361 1850 1534 1887 Hudsoni
1560 1850 1678 1887 sinum

1027 1907 1212 1954 habitent,
1240 1906 1338 1944 idem
1366 1907 1412 1943 ab
1431 1905 1552 1954 Anglo
1572 1919 1679 1957 pere-

1028 1964 1213 2013 grinatore
1231 1963 1461 2000 observatum
1474 1963 1598 2000 fuisse.

1086 2015 1256 2071 εὐμαρὲῃ
1275 2017 1489 2070 χρέωνται]
1522 2018 1593 2056 Pro
1612 2013 1679 2058 εὕ-

1027 2076 1174 2129 μαρίῃ,
1204 2076 1304 2124 quod
1329 2075 1445 2112 tenuit
1479 2075 1679 2113 Wesselin-

1027 2133 1130 2182 gius,
1169 2144 1264 2168 nunc
1290 2130 1478 2168 meliorum
1507 2130 1678 2167 librorum

1027 2200 1208 2226 consensu
1234 2187 1431 2237 repositum
1465 2191 1520 2223 est
1561 2182 1678 2237 εὔμα-

1028 2242 1110 2297 ρέῃ.
1169 2243 1277 2280 conf.
1294 2242 1358 2290 IV,
1375 2243 1456 2284 113
1486 2242 1572 2292 ibiq.
1591 2243 1679 2280 Val-

1028 2301 1131 2338 cken.
1155 2303 1190 2337 et
1214 2299 1333 2336 Koen.
1355 2299 1403 2336 ad
1423 2299 1580 2347 Gregor.
1603 2300 1680 2336 Co-

1028 2355 1133 2393 rinth.
1173 2355 1219 2393 de
1243 2355 1385 2393 dialect.
1418 2354 1494 2392 Ion.
1524 2354 1561 2406 ἓ.
1585 2358 1678 2397 119.

1027 2412 1169 2449 Iudicat
1198 2416 1318 2449 autem
1350 2405 1543 2462 εὖμαρὲη,
1579 2412 1680 2461 quod

1028 2468 1212 2505 honestius
1233 2470 1286 2505 rei
1302 2468 1418 2518 turpis
1445 2471 1500 2505 est
1520 2469 1678 2506 vocabu-

1026 2524 1123 2571 lum,
1155 2524 1249 2561 alvei
1265 2525 1539 2561 exonerationem
1565 2528 1681 2562 recte-

1031 2592 1103 2629 que
1137 2581 1329 2631 exponitur
1359 2593 1381 2616 a
1403 2580 1539 2617 Suida:
1579 2575 1680 2619 ‹inl›-

1030 2650 1165 2683 πατος.
1222 2635 1319 2673 Add.
1341 2635 1505 2672 Eustath.
1533 2636 1582 2673 ad
1599 2636 1681 2673 Ho-

1030 2704 1118 2729 mer.
1141 2691 1181 2728 ΙΙ.
1201 2687 1229 2739 ξ’
1250 2706 1287 2743 p.
1304 2693 1408 2738 970,
1428 2694 1479 2732 13
1501 2705 1530 2729 s.
1547 2705 1585 2743 p.
1597 2694 1680 2734 980

1031 2748 1090 2785 ed.
1108 2748 1214 2785 Rom.
1273 2747 1326 2785 Ac
1352 2747 1513 2785 Graecos
1533 2748 1680 2797 quidem

1029 2804 1078 2840 ad
1105 2803 1307 2841 istiusmodi
1343 2804 1577 2842 necessitates
1619 2816 1681 2842 ex-

1029 2859 1180 2910 plendas
1228 2860 1379 2898 aedibus
1418 2860 1514 2900 exire
1555 2859 1680 2898 solitos
