1777 3324
14 626 125 677 ,165
151 625 276 679 ἔσχον
305 623 347 666 οἱ
376 619 557 674 Πέρσαι.

629 272 842 313 CLIO.
900 271 928 309 Ι.
1329 274 1413 314 365

149 404 286 445 ματα,
341 383 473 442 χωρὶς
508 382 576 426 ὅτι
603 381 760 439 χαλκὸς
788 379 817 438 ἢ
843 381 971 431 λίθος
997 378 1026 438 ἢ
1054 379 1204 438 γραφὴ
1232 376 1311 438 ἦν,
1357 380 1409 425 τὰ

152 468 199 511 δὲ
229 465 336 509 ἄλλα
353 463 494 507 πάντα
517 460 734 513 ἐσθέντες,
765 460 838 504 καὶ
861 458 986 504 αὐτοὶ
1011 458 1236 516 ἐσβάντες,
1258 460 1414 505 ἔπλεον

150 545 217 589 ἐπὶ
254 545 377 586 Χίου.
436 541 516 598 τὴν
552 540 598 584 δὲ
642 541 850 596 Φωκαίην
888 538 1189 597 ἐρημωθεῖσαν
1233 538 1412 595 ἀνδρῶν

621 621 675 663 Οἱ
707 619 942 671 Φωκαιέες,
991 618 1082 663 ἐπεί
1109 636 1153 663 τε
1184 631 1264 676 σφι
1292 623 1397 663 Χῖοι
1417 622 1533 661 10¹¹¹<¹e
1595 624 1744 660 summor?

1463 656 1580 684 reversi
1617 647 1744 694 domum,

1461 690 1610 718 trucidato
1629 693 1744 731 praesi-

148 702 224 752 τὰς
250 699 413 757 νήσους
450 699 527 750 τὰς
568 697 814 750 Οἰνούσσας
851 698 1116 754 καλεομένας
1159 696 1243 742 οὐκ
1280 697 1405 755 ἐβού
1461 723 1652 760 dmpmwo
1663 725 1745 753 dm„

1461 757 1619 797 imprecati
1682 767 1746 786 ma-

146 785 275 825 λοντο
306 779 587 836 ὠνεομένοισι
615 779 824 831 πωλέειν,
854 780 1147 835 δειμαίνοντες
1179 777 1237 834 μὴ
1262 779 1309 821 αἱ
1327 778 1405 835 μὲν
1462 791 1600 818 uentibus
1625 795 1679 819 aut
1697 801 1744 819 re-

1465 824 1634 859 deuntibus,
1653 834 1744 865 quum

144 859 353 916 ἐμπόριον
381 859 613 916 γένωνται,
641 857 669 914 ἡ
700 858 746 902 δὲ
776 856 925 901 αὐτῶν
960 861 1094 915 νῆσος
1129 857 1409 915 ἀποκληισθῇ
1462 847 1640 886 “fflffifflfflft
1680 867 1711 885 ¹¹¹

1466 891 1637 931 Corsicam,
1673 900 1745 927 pars

1463 926 1531 952 mai·
1536 934 1560 951 ιι·
1579 934 1613 952 ex
1629 913 1743 953 ’itinere

145 938 306 983 τούτου
337 941 502 992 εἵνεκα,
531 936 643 995 πρὸς
669 940 806 983 ταῦτα
837 939 881 981 οἵ
912 936 1130 989 Φωκαιέες
1158 936 1407 982 ἐστέλλοντο
1464 959 1592 993 patriam
1623 960 1734 995 repetit

144 1123 264 1176 χωοὶς
293 1121 353 1165 ὅτι
385 1120 526 1176 χαλκὸς
555 1119 583 1174 ἠ
625 1123 743 1171 λίθος

87 1176 117 1232 ’ἢ
146 1197 279 1233 γραφη
309 1176 387 1232 ἠν]
429 1180 548 1233 χωρὶς
582 1177 638 1220 ότι
667 1194 740 1217 non

89 1239 213 1275 differt
241 1251 262 1275 a
288 1254 341 1288 μη
364 1235 446 1285 ότι,
477 1239 576 1287 quod
608 1237 741 1286 legitur

86 1293 125 1341 I,
155 1296 218 1336 18.
245 1295 335 1336 143.
375 1295 483 1331 Conf.
509 1293 640 1331 Matth.
673 1294 738 1330 Gr.

88 1350 154 1387 Gr.
179 1349 216 1401 ἓ.
237 1350 342 1398 624,
369 1352 415 1397 3,
441 1351 476 1387 b.
534 1349 615 1388 Nec
646 1363 737 1400 opus

87 1420 167 1444 cum
187 1406 424 1444 Valckenario
446 1406 589 1455 legere:
619 1404 739 1457 χωοὶς

85 1458 115 1512 ἠ’
132 1458 216 1509 ό,τι
246 1462 434 1500 VVerferus
460 1464 497 1499 in
517 1462 610 1500 Actt.
635 1462 735 1513 phin,

85 1518 386 1569 Monacc.1pag.
413 1521 465 1560 81
495 1520 600 1556 scribi
617 1519 734 1556 iubet:

85 1574 204 1626 χωρὶς
220 1571 256 1623 o‘,
268 1590 317 1623 τι,
337 1589 445 1626 quem
464 1580 607 1614 secutus
623 1576 735 1612 Gais-

85 1632 245 1679 fordius,
273 1631 324 1668 ita
340 1636 484 1680 tamen,
513 1637 551 1669 ut
576 1645 644 1682 pro
661 1645 742 1669 mo-

86 1700 127 1725 re
149 1701 212 1725 suo
224 1687 401 1736 virgulam
421 1689 526 1725 istam
547 1689 741 1727 omitteret.

86 1764 143 1771 --
162 1741 299 1796 γραφή
320 1748 376 1782 est
387 1747 545 1796 pictura.

141 1852 216 1908 τήν
242 1854 286 1896 δὲ
321 1856 516 1908 Φωκαίην
543 1877 601 1885 —
628 1853 742 1907 ἔσχον

88 1911 131 1953 οἵ
151 1911 325 1966 Πέρσαι]
361 1914 500 1957 ¹Incidit
524 1915 614 1952 haee
641 1914 737 1950 urbis

86 1970 227 2007 obsidio
258 1969 530 2020 incolarumque
567 1970 736 2018 migratio

86 2025 124 2062 in
140 2038 223 2064 ann.
252 2039 285 2064 a.
312 2026 398 2063 Chr.
430 2026 513 2068 542
539 2039 568 2063 s.
588 2026 735 2077 Olymp.

87 2082 169 2134 592}
190 2086 371 2121 statuente
391 2083 575 2120 Schultzio
599 2083 637 2119 in
658 2082 738 2133 Ap-

83 2142 200 2190 parat.
218 2140 266 2176 ad
285 2138 427 2176 Annall.
447 2152 534 2190 pag.
558 2141 623 2180 38.
652 2139 734 2177 Nec

84 2194 187 2234 aliter
195 2194 368 2235 Larcher.
387 2196 425 2233 in
436 2197 511 2235 tab.
522 2195 734 2246 chronolog.

271 2336 304 2375 C
314 2350 382 2389 ap.
409 2336 558 2376 CLXV.

139 2415 210 2468 τοῖς
237 2419 390 2473 νήσους
419 2437 489 2469 τας
510 2416 738 2470 Οἰνούσσας

85 2475 323 2528 καλεομένας
350 2493 425 2518 ουκ
446 2475 659 2530 ἐβούλοντο
685 2475 737 2518 ω’-

85 2531 306 2584 νεομὲνοισι
329 2533 525 2587 πωλέειν]
544 2537 737 2574 Oenussae

85 2589 221 2628 insulae
239 2603 355 2642 prope
373 2591 503 2630 Chium
515 2622 526 2640 ,
544 2593 638 2631 inter
655 2606 736 2631 eam

85 2644 201 2694 ipsam
221 2645 375 2685 insulam
403 2653 609 2699 terramque
626 2648 736 2688 Asiae

85 2701 337 2743 confinentem.
405 2704 513 2743 conf.
546 2705 676 2755 Thucy
679 2706 736 2743 di-

86 2755 172 2793 dem
189 2755 295 2805 VIII,
317 2758 371 2801 24
397 2760 520 2811 ibique
537 2761 733 2800 Wassium.

86 2809 147 2848 De
163 2823 311 2852 numero
339 2816 533 2855 insularum
553 2819 736 2869 discepta-

86 2869 164 2914 tur,
193 2881 271 2908 cum
291 2873 388 2921 apud
407 2873 632 2924 Stephanum
642 2876 735 2923 Byz.

87 2933 131 2960 ae
160 2922 311 2964 Plinium
343 2940 417 2967 una
450 2933 592 2970 tantum
629 2931 734 2970 huius

1461 992 1560 1022 Alalia
1580 993 1661 1022 urbs.

809 1122 966 1161 nominis
987 1122 1189 1173 appelletur
1204 1121 1332 1161 insula.
1389 1122 1467 1160 Sed

808 1181 1026 1218 recentiores
1055 1180 1215 1229 quinque
1241 1180 1318 1217 illas
1339 1193 1467 1216 nume—

807 1250 848 1273 ro
881 1250 961 1274 esse
995 1240 1166 1281 narrant,
1209 1236 1463 1285 navigantibus

807 1293 966 1343 amplum
987 1296 1132 1341 portum
1152 1294 1382 1342 praebentes,
1397 1305 1465 1328 no·-

806 1350 904 1386 mine
927 1348 1158 1397 Spalmatorz'.
1192 1371 1241 1376 —
1273 1348 1363 1385 Mox
1382 1348 1462 1398 ple—

806 1406 911 1455 rique
949 1404 1030 1441 libri
1068 1409 1186 1443 recte:
1237 1400 1464 1457 ἐβούλοντο,

806 1475 886 1499 cum
907 1461 993 1498 olim
1010 1460 1120 1510 vulgo
1143 1465 1239 1500 esset
1259 1462 1396 1500 editum
1418 1460 1463 1500 ε’-

806 1513 1036 1570 βούλευντο.
1059 1540 1115 1545 -
1148 1514 1406 1570 ω’νεομένοισι
1423 1521 1465 1554 tu

804 1579 920 1613 verte:
959 1575 1243 1623 enzturz'entibus,
1300 1588 1381 1613 cum
1426 1574 1466 1611 in

807 1632 919 1669 verbo
960 1626 1134 1682 ω’νέομαι
1170 1632 1227 1669 hic
1266 1631 1463 1669 voluntatis

809 1692 919 1737 atque
948 1691 1098 1724 conatus
1141 1688 1227 1725 insit
1254 1689 1376 1735 notio,
1415 1689 1465 1725 (le

810 1745 883 1794 quir
916 1743 1180 1793 VVesselingius
1226 1745 1317 1781 dixit
1356 1745 1404 1781 ad
1431 1743 1463 1791 I,

811 1802 876 1842 68.
899 1800 1104 1850 —Cyrnus
1126 1799 1263 1849 insula,
1285 1814 1357 1850 quo
1378 1800 1463 1838 dein

810 1857 1061 1895 Phocaeenses
1106 1870 1145 1895 se
1194 1861 1464 1905 converterunt,

808 1913 962 1950 Corsica
981 1917 1064 1960 est,
1097 1914 1245 1951 nomine
1265 1914 1420 1951 deducto
1441 1926 1465 1951 a

807 1969 954 2018 Cyrno,
984 1970 1150 2007 Herculis
1171 1969 1257 2007 filio.
1315 1970 1393 2007 Sed
1414 1970 1463 2008 de

805 2039 849 2064 eo
875 2026 960 2063 satis
986 2030 1139 2064 constat.
1177 2026 1287 2065 Conf.
1305 2025 1463 2064 Diodor.

803 2081 913 2120 sicul.
943 2081 998 2131 v,
1026 2084 1090 2124 13.

859 2192 888 2247 ἦ
907 2192 949 2235 δὲ
977 2189 1110 2235 αὐτῶν
1143 2196 1267 2247 νῆσος
1287 2189 1463 2247 οἷποκλη-

808 2250 934 2307 ΐσθῇ]
975 2252 1048 2290 scil.
1071 2254 1144 2292 τοῦ
1169 2252 1385 2305 ἔμπορίους
1413 2254 1463 2290 ti-

806 2310 957 2347 mebant
978 2309 1135 2357 scilicet,
1165 2322 1214 2347 ne
1240 2310 1308 2347 hac
1321 2309 1463 2347 colonia

805 2365 1094 2403 Phocaeensium
1110 2366 1181 2416 ipsi
1201 2370 1403 2404 mercatura
1426 2370 1464 2404 et

804 2423 1020 2460 commercio
1068 2422 1357 2460 excluderentur.
1405 2444 1463 2451 -—

806 2475 965 2527 αὐτῶν,
1009 2483 1051 2516 ut
1078 2479 1190 2528 alias,
1229 2478 1287 2516 hie
1313 2492 1464 2529 quoque

804 2549 826 2575 e
873 2535 1223 2574 Schellershemiano
1270 2536 1462 2583 dedimus,

802 2596 1005 2660 praeeunte
1048 2591 1272 2629 Gaisfordio.
1338 2592 1462 2641 Vulgo

806 2644 906 2688 αυτέ
919 2664 948 2687 ω
962 2663 998 2687 ν.
1019 2670 1075 2677 —
1093 2643 1362 2700 ανεστήσαντο
1383 2648 1463 2686 vul-

803 2719 852 2756 go
863 2705 1088 2755 mtellwunt
1107 2708 1321 2752 exctharmzt
1343 2717 1461 2742 erexe-

802 2763 914 2799 runt
905 2777 928 2799 1.
945 2776 976 2800 e.
978 2736 1235 2799 Dcondz'demnt.
1273 2762 1463 2810 Schweig-

802 2818 1000 2857 haeuserus
1017 2818 1155 2856 mavult
1171 2817 1368 2868 explicare:
1389 2830 1460 2865 „e-

801 2877 902 2912 iectz's
950 2875 1140 2912 cultoribus
1196 2869 1459 2922 (ἅναστοὶτων

801 2930 1076 2985 ποιηθέντων)
1099 2931 1182 2970 urbe
1190 2930 1344 2983 potii-if?
