1814 3315
339 250 422 291 102

731 248 1202 290 HERODOTI

305 361 327 394 5
408 355 556 398 ”Ηκεις,
584 351 614 392 ὦ
639 355 845 404 Λυκόοργε,
869 359 961 405 ἐμόν
983 359 1069 396 ποτὶ
1093 361 1209 397 πίονα
1234 358 1339 404 νηὸν,
1617 360 1664 396 25

421 414 511 459 Ζηνὶ
535 414 661 458 φίλος,
685 415 748 451 καὶ
772 417 883 453 πᾶσιν
903 416 1088 463 Ὀλύμπια
1107 416 1243 462 δώματ’
1267 416 1400 462 ἔχουσι.

419 472 507 514 διζῶ
525 469 548 516 ἥ
565 482 603 506 σε
622 470 718 507 θεὸν
736 473 1009 519 μαντεύσομαι,
1034 474 1057 521 ἢ
1077 474 1294 519 ἄνθρωπον.

419 525 492 564 ἀλλ’
515 527 569 564 ἔτι
584 529 644 565 καὶ
664 531 804 575 μᾶλλον
832 531 927 568 θεὸν
947 531 1122 577 ἔλπομαι,
1153 527 1183 567 ὦ
1198 531 1396 577 Λυκόοργε.

312 596 401 640 6οἱ
427 596 506 654 μὲν
535 596 590 654 δή
620 614 736 651 τινες
764 598 878 655 πρὸς
905 599 1101 646 τούτοισι
1129 600 1306 658 λέγουσι
1335 600 1410 645 καὶ
1440 597 1665 656 φράσαιΒο

282 814 413 864 Pythia
421 815 687 855 sciscitantibus
699 818 843 856 oracula
852 819 938 856 edit.

282 872 392 909 Conf.
412 876 505 910 nott.
527 873 631 921 adl,
651 875 719 915 47.

338 929 368 967 ὠ
397 925 632 981 Λυκόοργε]
681 929 804 979 Vulgo
854 933 940 969 Av-

281 979 433 1036 κὸεργε,
472 987 574 1035 quod
605 1000 626 1024 e
652 986 869 1024 Schellersh.
901 991 938 1024 et

281 1041 450 1080 Mediceo
488 1041 581 1080 libro
620 1055 715 1079 nunc
759 1048 842 1080 mut
837 1048 936 1080 itum

282 1102 341 1136 est
370 1099 408 1134 in
425 1093 656 1151 Λυκόοργε,
688 1104 725 1137 et
750 1100 938 1149 probatur,

282 1155 547 1203 monenteCr.,
575 1156 746 1206 Apollon.
767 1157 888 1193 Rhod.
908 1155 938 1203 Ι,

285 1213 378 1252 162.
413 1211 565 1249 Homer.
588 1211 629 1249 Il.
649 1212 723 1259 Vl,
745 1214 848 1259 130,
878 1212 939 1249 ubi

282 1267 354 1303 vid.
373 1266 517 1315 Heyne.
553 1267 623 1305 Est
641 1273 762 1305 autem
784 1274 938 1317 utraque

281 1323 401 1360 forma
413 1324 545 1360 usitata
555 1353 568 1372 ‚
588 1328 629 1361 ut
639 1325 762 1361 scribit
772 1325 935 1363 Boeckh.

283 1378 322 1415 in
351 1379 463 1429 Corp.
485 1379 650 1430 lnscript.
682 1380 719 1427 Ι,
757 1384 775 1422 1
808 1395 844 1431 p.
869 1383 937 1422 78.

282 1455 340 1462 —
366 1431 572 1487 Λυκόεργε
594 1438 747 1486 praebet
765 1436 936 1474 Aristidis

283 1491 406 1528 Schol.
426 1505 511 1542 pag.
539 1495 619 1535 108
645 1492 855 1541 Frommel.‚
873 1494 936 1531 ubi

284 1547 418 1585 oraculi
452 1561 578 1586 versus
609 1550 800 1598 leguntur,
831 1551 936 1588 item-

286 1617 359 1654 que
375 1603 486 1655 paulo
507 1610 595 1655 post
614 1604 705 1645 ποτὶ
728 1603 826 1645 ναὸν
844 1601 935 1645 οἷνι-

285 1655 354 1698 ών.
412 1660 641 1698 Exhibentur
672 1663 781 1700 iidem
807 1676 935 1700 versus

282 1717 319 1752 in
339 1715 494 1753 Diodori
512 1716 696 1769 Excerptt.
715 1732 737 1756 a
752 1717 852 1756 Maio
869 1720 936 1757 de-

248 1766 254 1773 ’
281 1772 385 1810 tectis
415 1772 531 1820 (Nov.
550 1775 674 1825 script.
693 1775 772 1812 coll.
792 1776 825 1813 ΙΙ
839 1776 933 1827 p.1)

281 1828 469 1878 additique
488 1829 658 1879 leguntur
674 1831 710 1868 hi
726 1832 820 1870 duo:

336 1894 449 1951 ἥκεις
477 1893 516 1939 δ’
541 1897 735 1952 εὐνομίαν
761 1898 939 1955 αἰτεύμε-

450 1968 541 2004 νος·
565 1953 722 2011 αὕταοε
708 1957 827 2011 ἔγωγε

338 2006 456 2051 δώσω
486 2010 560 2064 τήν
592 2010 668 2054 οὐκ
695 2012 819 2085 ἅλλῃν
847 2013 938 2056 ἔπι-

450 2071 598 2122 χθονίη
621 2066 776 2118 πολις“’
762 2071 850 2120 ἕξει.

281 2138 405 2189 Ipsum
448 2141 630 2178 oraculum
661 2143 935 2182 celeberrimum

281 2195 472 2244 Spartanis
494 2198 608 2236 fuisse
626 2199 789 2247 videtur,
817 2200 934 2239 inser-

281 2255 430 2300 tumque
456 2256 542 2300 ταῖς
566 2252 849 2304 παλαιοτάταις
890 2252 933 2296 οἶ-

280 2312 528 2359 ναγοαφαΐς,
558 2315 598 2347 ut
619 2313 730 2349 refert
748 2312 932 2351 Plutarch.

279 2363 380 2400 ade.
411 2365 529 2402 Colot.
554 2379 589 2416 p.
623 2369 756 2417 1156,
772 2369 815 2406 F.
873 2369 934 2408 De

279 2420 408 2468 quibus
430 2416 680 2474 οἷναγοαφαῖς
701 2425 733 2462 C
738 2438 767 2462 r
791 2427 934 2464 confert

278 2475 322 2511 C.
346 2476 392 2512 Ο.
412 2475 551 2515 Miiller.
575 2479 597 2515 l.
618 2479 639 2516 l.
669 2481 703 2518 ΙΙ
724 2494 810 2531 pag.
836 2483 929 2524 131

277 2529 358 2568 Nec
391 2532 628 2595 improbabile
660 2537 857 2585 videbitur,
888 2550 933 2576 ex

276 2585 363 2623 his
353 2588 443 2637 ipsis
464 2590 597 2628 oraculi
625 2593 736 2630 verba
755 2594 931 2632 Herodo-

276 2645 353 2680 tum
373 2645 557 2684 sumsisse.

341 2726 460 2774 διζῶ]
519 2728 640 2780 Vulgo
691 2731 796 2779 δίζω.
852 2733 930 2772 Sed

273 2788 440 2833 praestat
464 2785 638 2834 alterum,
674 2792 714 2825 ut
734 2790 852 2839 magis
868 2790 930 2827 Io-

274 2839 404 2877 uicum.
463 2841 571 2878 Conf.
595 2842 630 2890 I,
662 2846 717 2885 94
751 2850 788 2882 et
820 2846 927 2884 Butt-

1006 830 1043 867 p.
1070 819 1162 857 111.
1220 818 1345 868 Ipsum
1369 818 1520 856 verbum
1552 817 1663 854 ambi-

1005 873 1114 921 gendi
1136 874 1286 911 notione
1314 874 1494 910 invenitur
1524 874 1560 910 in
1581 874 1663 910 Ho-

1005 942 1092 966 mer.
1112 929 1151 965 ΙΙ.
1172 930 1272 976 XVI,
1292 932 1386 970 713.
1443 930 1486 966 In
1503 929 1663 966 Diodori

1004 984 1194 1035 Excerptis
1214 986 1337 1023 itidem
1351 990 1470 1024 exstat
1491 985 1664 1032 διξαὶ-

1008 1038 1281 1093 μαντεύσομαι
1299 1056 1342 1080 eo
1360 1055 1472 1080 sensu
1482 1042 1664 1092 accipien-

1008 1100 1120 1146 dum,
1174 1112 1246 1148 quo
1284 1101 1443 1136 futurum
1476 1099 1564 1149 poni
1587 1098 1665 1135 vult

1007 1154 1166 1193 WVerfer.
1187 1157 1226 1192 in
1249 1155 1346 1196 Actt,
1373 1155 1473 1206 phin.
1494 1155 1661 1192 Monacc.

1006 1211 1022 1249 I
1038 1225 1125 1261 pag.
1140 1213 1225 1254 232
1238 1233 1285 1239 --
1302 1213 1384 1254 234
1395 1242 1406 1260 ,
1435 1212 1498 1249 ubi
1513 1213 1665 1250 coniun-

1006 1269 1099 1305 ctivo
1122 1269 1359 1306 deliberativo
1385 1281 1460 1305 non
1481 1282 1594 1319 opus,
1623 1272 1665 1306 ut

1005 1324 1046 1372 I,
1068 1324 1133 1366 55.
1158 1328 1211 1366 97
1235 1330 1301 1363 etc.
1330 1326 1410 1363 coll.
1443 1330 1535 1362 nott.
1557 1325 1606 1363 ad
1632 1324 1664 1373 I,

1008 1383 1071 1421 11.
1120 1381 1218 1418 Hinc
1236 1387 1375 1419 vertas:
1406 1381 1567 1420 dicturus
1585 1384 1664 1430 sim,

1006 1437 1045 1473 ob
1065 1437 1274 1475 ich—soll.
1316 1439 1460 1476 Censor
1478 1439 1516 1475 in
1536 1438 1663 1489 Ephe-

1004 1495 1132 1531 merid.
1156 1494 1317 1532 Ienenss.
1346 1497 1455 1536 1817
1478 1507 1558 1532 nro.
1582 1497 1664 1536 162

1003 1563 1091 1600 pag.
1119 1551 1203 1592 359
1233 1551 1341 1589 scribi
1360 1564 1474 1603 posse
1499 1551 1664 1602 suspica-

1002 1611 1081 1645 tur:

1061 1662 1218 1714 δίζομαι
1241 1662 1281 1702 εἴ
1299 1675 1342 1703 σε
1363 1660 1463 1703 θεὸν
1489 1658 1663 1715 μαντεύ-

1146 1732 1266 1772 σομαι
1287 1716 1316 1772 ἢ
1339 1717 1574 1774 ἄνθρωπον.

1060 1799 1090 1854 ἢ
1115 1800 1363 1872 α’νθρωπον]
1400 1805 1456 1842 Ita
1490 1805 1662 1844 meliores

1007 1860 1100 1898 libri.
1137 1860 1210 1898 Alii
1229 1857 1277 1913 ἠὲ
1296 1860 1363 1901 καὶ
1383 1859 1522 1911 ἄνδρα.
1548 1861 1662 1927 Apud

1006 1916 1207 1955 Aristidem
1227 1918 1248 1955 l.
1273 1918 1295 1956 l.
1314 1922 1432 1956 exstat
1449 1914 1497 1968 ἠὲ
1516 1912 1661 1970 βροτόν

1007 1988 1072 2022 τε,
1101 1975 1201 2023 quod
1213 1975 1403 2013 Werferus
1423 1974 1509 2012 olim
1529 1976 1659 2013 defen-

1008 2004 1070 2067 dit2
1076 2044 1119 2068 eo
1132 2033 1232 2080 quod
1251 2033 1350 2083 apud
1360 2035 1492 2082 poetas
1504 2030 1661 2069 subinde

1007 2082 1036 2137 ἦ
1044 2102 1150 2126 -τε
1168 2089 1205 2124 in
1219 2088 1332 2126 alteio
1353 2088 1526 2124 orationis
1544 2101 1660 2125 mem-

1002 2143 1070 2180 bro
1088 2148 1267 2194 ponatur,
1296 2144 1358 2183 ubi
1379 2143 1531 2196 simplex
1555 2147 1660 2182 ante-

1002 2198 1153 2237 cedat’
1135 2217 1174 2252 η.
1233 2201 1316 2240 Nec
1331 2207 1456 2240 tamen
1474 2201 1559 2239 ideo
1579 2214 1660 2239 me-

1000 2254 1128 2294 liorem
1165 2257 1338 2297 librorum
1372 2257 1566 2296 lectionem
1592 2257 1661 2296 de-

1001 2324 1124 2350 serere
1144 2314 1261 2352 visum
1279 2320 1346 2354 est.

1058 2376 1140 2421 0222?
1165 2381 1219 2422 ἔτι
1235 2381 1303 2422 καὶ
1328 2382 1506 2436 μᾶλλον]
1537 2384 1658 2424 InDi-

1001 2439 1106 2476 odori
1143 2438 1328 2489 Excerptt.
1365 2439 1516 2488 legitur:
1557 2437 1657 2481 cino?

1000 2491 1100 2534 θεόν
1112 2493 1180 2534 καὶ
1199 2497 1348 2546 μᾶλλον
1370 2492 1420 2534 ἔτ’
1439 2496 1576 2548 οἴομαι
1586 2518 1655 2536 -.

999 2550 1059 2589 De
1069 2565 1138 2588 usu
1148 2551 1348 2601 particulae
1358 2551 1426 2592 καὶ
1445 2553 1488 2601 (κ
1500 2551 1546 2592 αὶ
1559 2555 1655 2604 μᾶλ-

998 2608 1091 2656 λον)
1120 2621 1195 2645 ιιοιι
1217 2607 1420 2658 copulativa
1449 2610 1516 2647 sed
1535 2610 1656 2648 inten-

998 2664 1076 2701 siva
1117 2664 1181 2701 Cr.
1225 2665 1351 2702 laudat
1389 2665 1575 2704 Schaefer.
1604 2667 1655 2704 ad

996 2718 1275 2768 Dionysflalic.
1288 2722 1336 2760 de
1354 2734 1516 2773 compos.
1528 2723 1654 2762 verbb.

1048 2844 1092 2884 οἱ
1116 2843 1191 2897 μὲν
1221 2843 1275 2898 δή
1302 2863 1407 2896 τινες
1432 2846 1533 2902 πρὸς
1559 2845 1651 2889 τού-

273 2907 394 2934 mann.
447 2897 925 2940 ausfuhrl.Gramm.11
991 2913 1094 2942 τοισι
1118 2901 1305 2955 λέγουσι]
1345 2906 1481 2944 Refert
1515 2906 1650 2944 Strabo
