1777 3324
168 247 252 286 914
614 246 1233 285 EXCURSUSVHI

579 774 1091 824 EXCURSUS
1148 752 1269 824 <⁷111

363 892 486 930 AD
581 890 1488 939 HERODOT.11‚123.

469 997 538 1041 [Ex
560 998 723 1033 Creuzeri
750 1002 942 1033 commenti.
968 997 1125 1030 Herodrl.
1151 1008 1187 1041 p.
1206 997 1272 1032 331
1295 996 1377 1042 seq]

278 1231 445 1280 „Zoega
468 1234 567 1269 recte
591 1231 731 1282 accepit
760 1232 872 1268 verba
892 1231 1095 1269 Herodoti:
1126 1233 1200 1270 τοῦ
1222 1227 1400 1282 σώματος
1424 1226 1466 1269 δὲ
1485 1227 1684 1278 καταφθί-

165 1314 306 1346 νοντος
340 1299 381 1337 tle
418 1312 555 1349 corpore
584 1299 722 1350 dilapso
749 1304 780 1337 et
815 1303 852 1337 in
880 1303 1007 1337 cineres
1033 1301 1213 1338 dissoluto.
1272 1299 1371 1337 Nam
1398 1299 1554 1350 primum
1582 1296 1683 1346 cogi-

165 1369 278 1406 tanda
309 1373 392 1405 sunt
419 1369 524 1405 nobis
565 1369 670 1406 rudia
700 1373 736 1406 et
762 1368 933 1405 inchoata
970 1369 1224 1406 tantummodo
1261 1368 1362 1404 initia
1396 1367 1681 1404 condiendorum

165 1449 357 1487 corporum
378 1464 389 1483 ,
428 1449 541 1485 quae,
579 1441 620 1473 ut
653 1437 802 1486 quidem
837 1437 1012 1485 videtur,
1062 1451 1082 1475 e
1112 1437 1265 1475 desertis
1304 1434 1448 1473 Africae
1488 1435 1682 1482 ducuntur,

166 1510 296 1554 sponte
326 1504 570 1541 arescentibus
594 1504 830 1542 cadaveribus
855 1505 947 1541 sicco
978 1510 1109 1554 vento,
1139 1509 1175 1543 et
1204 1506 1251 1542 ad
1278 1509 1422 1553 tempus
1452 1503 1677 1540 durantibus.

164 1571 333 1619 Deinde,
372 1572 433 1620 qui
454 1584 636 1622 pauperes
660 1584 702 1609 ac
729 1576 857 1610 tenues
891 1586 957 1622 per
985 1571 1193 1624 Aegyptum
1219 1572 1318 1610 tenui
1348 1572 1503 1620 rudique
1527 1571 1679 1607 artificio

164 1644 249 1691 post
279 1644 429 1677 mortem
461 1640 743 1678 condiebantur:
789 1654 914 1678 eorum
946 1642 1123 1679 cadavera
1160 1638 1288 1692 parum
1327 1639 1498 1678 credibile
1535 1643 1613 1676 erat
1640 1639 1677 1675 in

164 1711 377 1758 perpetuum
409 1708 599 1755 duratura,
647 1713 688 1746 ut
717 1711 879 1747 omittam
907 1709 1086 1746 nobiliora
1127 1721 1275 1758 quoque
1305 1712 1342 1745 et
1381 1707 1676 1756 generosioribus

165 1776 311 1812 condita
335 1776 607 1814 medicamentis
630 1791 786 1828 corpora
812 1790 887 1815 non
915 1778 952 1814 in
982 1782 1200 1828 perpetuum
1226 1777 1400 1813 immunia
1425 1788 1446 1812 a
1473 1773 1677 1824 corruptela

166 1857 254 1881 esse.
314 1842 395 1880 Nec
423 1845 538 1893 magis
565 1847 775 1883 memorabo
794 1876 804 1893 ‚
843 1847 878 1883 vi
898 1875 909 1893 ,
947 1847 1043 1883 ferro
1076 1847 1238 1895 igneque
1267 1846 1433 1882 absumta
1466 1856 1547 1881 esse
1582 1855 1677 1879 non-

165 1924 349 1960 nunquam
379 1913 556 1949 cadavera
580 1914 778 1961 medicata,
809 1915 908 1952 velut
939 1927 1040 1960 cum,
1079 1915 1262 1964 Cambyse
1293 1914 1410 1961 duce,
1440 1911 1576 1949 Persae
1599 1911 1676 1948 bel-

165 1981 296 2017 latores
342 1992 408 2029 per
441 1978 671 2017 Thebaidem
713 1985 796 2018 sunt
833 1983 997 2031 grassati.
1084 1981 1133 2018 Et
1172 1987 1293 2019 tamen
1331 1994 1439 2018 nemo
1482 1981 1675 2030 quisquam

165 2047 425 2097 Aegyptiorum
452 2048 612 2085 omnium
642 2050 866 2087 fraudandus
897 2063 940 2087 eo
970 2050 1098 2087 solatio
1124 2054 1221 2087 erat:
1262 2052 1415 2087 animum
1440 2062 1540 2086 suum
1569 2051 1675 2086 etiam

166 2113 301 2163 dilapso
330 2117 464 2163 corpori
492 2118 708 2165 superstitem
729 2116 823 2166 fore.
884 2117 984 2159 Quid
1011 2120 1127 2166 igitur
1146 2117 1311 2168 fecerunt
1338 2117 1559 2154 sacerdotes?
1597 2117 1673 2154 Do-

167 2186 306 2218 cuerunt
332 2182 513 2231 bifariam.
573 2182 710 2221 Plebem
734 2186 930 2223 imbuerunt
960 2185 1003 2223 est
1034 2188 1209 2235 opinione,
1248 2189 1288 2222 ut
1322 2186 1490 2232 crederet,
1521 2185 1565 2222 ab
1592 2197 1674 2222 eva-

165 2250 246 2287 nido
274 2262 426 2298 corpore,
464 2251 499 2287 h.
530 2264 561 2287 e.
591 2251 750 2301 dilapsa,
787 2253 864 2290 alia
889 2266 932 2289 ex
968 2254 1052 2291 aliis
1087 2267 1229 2303 corpora
1265 2256 1500 2302 ingressurum
1527 2253 1674 2290 hominis

165 2319 336 2354 aninumr:
375 2317 443 2353 sibi
464 2323 686 2356 reservarant
720 2320 939 2357 eruditiorem
965 2325 1167 2359 sententiam
1191 2321 1459 2371 palingenesias.
1525 2321 1609 2365 Qua
1635 2322 1673 2359 in

165 2398 205 2422 re
234 2385 321 2421 illud
349 2397 453 2421 nemo
488 2386 633 2423 obiiciet
661 2387 788 2423 nobis:
830 2387 898 2423 hoc
925 2393 1032 2437 pacto
1066 2389 1192 2426 melius
1230 2389 1434 2425 consultum
1461 2389 1573 2427 fuisse
1598 2389 1673 2440 pri-

164 2453 284 2488 mariis
304 2452 388 2488 viris
417 2453 696 2504 honoratisque,
742 2459 783 2491 ut
811 2455 873 2503 qui
904 2468 943 2492 se
966 2456 1190 2493 condiendos
1217 2469 1341 2493 curare
1371 2461 1519 2506 possent
1549 2458 1670 2495 effica-

164 2520 238 2556 cius
264 2520 311 2555 ad
339 2522 616 2569 perpetuitatem
645 2523 782 2559 formae
809 2535 1028 2572 corporeae,
1076 2536 1184 2572 quam
1213 2537 1293 2560 cum
1319 2524 1463 2564 infimae
1493 2526 1671 2563 conditio-

162 2587 219 2624 nis
247 2586 472 2633 hominibus,
513 2593 552 2625 ut
580 2603 735 2638 quorum
763 2590 940 2627 cadavera
977 2590 1076 2627 citius
1107 2592 1328 2630 diffluerent.
1387 2591 1484 2628 Nam
1515 2592 1669 2642 primum

163 2667 270 2691 nemo
296 2653 430 2701 nescit,
469 2656 505 2690 in
532 2657 711 2694 eiusmodi
749 2659 977 2695 sacerdotum
1013 2671 1214 2709 regumque
1252 2659 1479 2697 orientalium
1518 2660 1669 2710 imperio

163 2733 273 2769 quam
310 2720 380 2757 vim
417 2719 550 2758 habeat
587 2723 778 2762 Castarum
810 2726 1046 2772 differentia,
1091 2730 1129 2763 et
1168 2731 1344 2776 quantum
1384 2727 1452 2764 sibi
1483 2726 1669 2776 hodieque

164 2788 333 2824 Indorum
374 2788 568 2837 optimates
616 2790 830 2840 indulgeant
874 2793 910 2829 in
959 2797 1201 2830 extremarum
1251 2794 1445 2831 castarum
1490 2794 1667 2833 homines.

160 2854 306 2893 Deinde
333 2854 388 2892 vel
416 2854 608 2893 vilissimae
639 2859 745 2895 sortis
781 2860 968 2906 homines,
1015 2860 1077 2909 qui
1105 2865 1190 2910 post
1216 2865 1368 2899 mortem
1398 2862 1536 2898 Osiridi
1557 2863 1666 2901 vitam
