1759 3324
330 239 415 280 8⁰8

727 237 1195 278 HERODOTI

332 346 464 404 ἄτιμα
503 352 712 392 ποιεῦντα
753 348 794 399 ἐς
834 346 1019 398 αὐτούς,
1079 348 1151 390 καί
1189 358 1323 401 σφεας
1361 343 1650 389 ἆπελέσθαι85

331 427 408 479 τοὶς
440 427 654 483 ἀρούρας,
680 433 791 471 τοῖσι
825 426 894 469 ἐπὶ
922 430 1010 469 τῶν
1038 425 1260 480 προτέρων
1290 424 1503 481 βασιλέων
1524 427 1595 468 δε-

304 505 498 550 Ξδόσθαι
529 506 771 560 ἐξαιρέτους
801 504 963 562 ἑκάστῳ
1005 504 1202 548 δυώδεκα
1233 503 1441 559 ἀρούρας.
1491 504 1597 560 μετὰ

334 585 403 638 δὲ,
433 584 494 628 ἐπ’
526 587 751 639 Αἴγυπτον
781 584 979 627 ἐλαύνειν
1010 583 1196 637 στρατὸν
1226 582 1361 639 μέγαν
1391 583 1598 639 Σαναχά-

335 667 464 719 ριβον
493 663 670 720 βασιλέα
704 661 920 717 Ἀραβίων
960 678 1004 705 τε
1033 662 1105 705 καὶ
1141 661 1392 717 Ἀσσυρίων.

1452 661 1599 706 οὔκων

335 742 388 798 δή
421 743 586 806 ἐθέλειν
615 741 720 792 τούς
748 742 963 797 μαχίμους
993 744 1082 783 τῶν
1102 743 1352 796 Αἰγυπτίων
1373 742 1655 798 βοηθέειν·90

333 821 412 866 τὸν
443 821 488 864 ὁὲ
521 819 616 873 ἱρέα
646 820 687 871 ἐς
718 818 908 874 ἀπορίην
938 818 1250 874 ἀπειλημένον,
1289 819 1524 866 ἐσελθόντα
1556 820 1599 872 ἐς

335 899 384 943 τό
419 899 634 955 μέγαρον,
680 898 790 953 πρὸς
827 898 1031 953 τῶγαλμα
1068 895 1373 951 ἀποδύρεσθαι
1404 897 1475 942 οἶα
1503 916 1599 942 κιν-

306 976 515 1022 3δυνεύει
550 976 744 1021 παθέειν.
799 975 1132 1033 ὀλοφυρόμενον
1170 975 1213 1020 δ’
1246 976 1331 1031 ἄρα
1370 995 1444 1034 μιν
1479 977 1600 1022 ἐπελ-

335 1062 436 1102 θεῖν
469 1057 635 1112 ὕπνον,
663 1058 738 1101 καί
767 1058 811 1101 οἱ
840 1055 962 1109 δόξαι
991 1055 1037 1100 ἐν
1066 1060 1120 1112 τῇ
1150 1055 1243 1108 ὄψι,
1274 1056 1503 1101 ἐπιστάντα
1523 1059 1601 1102 τὸν

280 1255 419 1291 tionem
453 1254 696 1291 necessariam
726 1253 841 1290 videri
868 1253 935 1290 ad-

280 1311 376 1358 iicit,
409 1311 439 1347 si
462 1310 643 1360 legeretur
669 1305 853 1361 (Ξλογίην,
888 1310 936 1347 ad

281 1368 384 1417 quod
425 1368 605 1415 genitivus
639 1369 719 1405 τῶν
756 1366 936 1417 μαχίμων

281 1424 459 1461 referatur
475 1453 486 1471 ,
544 1424 852 1473 quemadmodum
900 1424 938 1459 in

282 1480 424 1518 Herod.
447 1479 510 1527 IV,
532 1481 621 1521 150.
671 1481 772 1517 Idem
804 1479 936 1517 similes

282 1541 472 1587 comparat
490 1536 703 1584 locutiones,
724 1540 766 1573 ut
786 1536 833 1582 II,
857 1539 937 1577 172

283 1591 327 1632 ἒν
359 1593 478 1659 μοίρῃ
504 1590 636 1644 α’γειν,
668 1598 704 1630 et
726 1593 826 1643 apud
848 1592 936 1629 alios

283 1648 328 1689 ἒν
356 1634 493 1688 ου’δενι
525 1645 628 1702 λόγω
664 1649 787 1699 ε’χειν,
827 1646 895 1700 c‘c'7'c
881 1663 937 1687 ειν

283 1705 339 1743 Vel
349 1706 537 1744 τίθεσθαι
551 1706 768 1756 (despicatui
784 1705 936 1754 habere).

283 1762 526 1800 Schneider.
518 1776 554 1799 ln
575 1763 643 1800 lex.
663 1763 729 1799 Gr.
751 1776 778 1799 s.
802 1776 835 1799 v.
863 1777 937 1800 πα-

284 1834 509 1870 ραγραομαι
557 1820 664 1856 scribi
710 1819 850 1856 mavult
892 1815 936 1858 τὸ

285 1891 392 1926 μιν-μ(
385 1891 457 1914 ιον
481 1905 490 1923 ,
530 1877 631 1924 quod
662 1876 711 1912 ad
738 1891 938 1927 παραγρη-

286 1928 412 1987 σαμε)
417 1947 462 1971 ον
498 1933 730 1969 referendum
762 1933 826 1979 sit,
857 1932 937 1969 coll.

284 1988 388 2036 ΙΙΙΙ,
420 1992 485 2030 20.
561 1988 925 2037 Schweighaeuserus
910 2003 940 2035 s,

285 2045 385 2094 quod
400 2045 516 2094 probo
529 2072 540 2090 ,
562 2045 649 2081 nihil
666 2046 841 2092 mutavit,
859 2058 938 2081 cum

286 2100 438 2138 similem
496 2100 715 2138 locutionem
774 2097 938 2152 ἀλογίην

287 2155 406 2206 ἔχειν,
435 2157 491 2194 cui
509 2157 689 2206 genitivus
719 2157 939 2204 adstruatur,

285 2212 499 2250 Herodotus
538 2213 575 2249 in
611 2218 731 2250 mente
772 2214 939 2251 habuisse

285 2269 479 2315 videatur,
514 2274 655 2306 secutus
677 2282 758 2305 eam
786 2274 939 2306 structu-

287 2337 387 2371 ram,
420 2325 466 2361 de
485 2337 556 2373 qua
585 2324 762 2361 Matthiae
783 2326 848 2361 Gr.
872 2327 936 2362 Gr.

287 2379 324 2432 ἓ.
342 2381 436 2421 348.
467 2402 523 2409 -
554 2380 595 2419 οἵ
618 2378 783 2430 μάχιμοι
808 2381 939 2433 Αἰγυ-

287 2437 414 2476 πτίων
445 2438 539 2473 infra
560 2450 706 2486 quoque
734 2450 940 2474 memoran-

288 2498 347 2530 tur
377 2493 430 2538 ll,
454 2494 533 2533 163
563 2493 643 2540 (ubi
662 2493 754 2541 vid.)
792 2493 869 2530 coll.
895 2493 940 2540 II,

287 2551 344 2590 30
367 2554 403 2586 et
419 2549 573 2586 Diodor.
598 2549 634 2596 Ι,
654 2551 719 2590 73.
743 2549 810 2590 94.
866 2550 940 2593 Qui

288 2605 387 2643 idem
425 2605 471 2643 de
504 2604 652 2642 Sethone
686 2605 795 2655 plane
832 2610 939 2642 tacet.

287 2660 343 2699 Ac
363 2661 553 2711 suspiceris
581 2661 690 2709 licet,
717 2662 764 2698 ad
791 2661 940 2698 militum

290 2722 436 2767 gentem
467 2717 767 2766 (Kriegerkaste)
801 2719 939 2768 priores

291 2773 453 2823 Aegypti
469 2786 576 2822 reges
594 2774 830 2824 pertinuisse,
860 2775 940 2823 qui-

290 2829 356 2866 bus
381 2830 566 2867 exstinctis
585 2835 648 2867 aut
665 2834 848 2879 potestate
865 2831 939 2880 pri-

293 2886 384 2922 vatis
404 2886 610 2924 sacerdotes
630 2899 806 2924 summum
825 2887 939 2938 impe-

1002 1255 1095 1291 rium
1143 1266 1340 1304 occupasse
1390 1267 1574 1304 unumque
1611 1256 1659 1293 de

1004 1311 1098 1358 suis,
1134 1324 1312 1347 summum
1336 1310 1488 1349 Vulcani
1510 1312 1660 1362 pontifi-

1005 1381 1104 1415 cem,
1146 1367 1374 1405 constituisse
1405 1367 1569 1418 Aegypti
1601 1382 1659 1406 re-

1006 1437 1110 1473 gem,
1147 1424 1245 1460 cuius
1274 1436 1408 1461 nomen
1434 1425 1482 1461 ad
1504 1425 1659 1474 posteri—

1006 1486 1121 1517 tatem
1138 1493 1343 1531 propagare
1363 1481 1577 1518 studuerint.
1598 1481 1658 1519 Cf.

1005 1537 1117 1575 Beck.
1144 1537 1166 1573 l.
1184 1536 1208 1573 l.
1230 1536 1245 1572 I
1266 1540 1396 1587 p.720
1418 1543 1454 1574 et
1475 1550 1544 1574 van
1559 1537 1659 1574 Lim-

1005 1594 1127 1641 burg-
1140 1593 1313 1630 Brouwer
1332 1593 1421 1630 libro
1443 1595 1490 1631 ad
1506 1594 1553 1642 II,
1578 1598 1659 1636 172

1004 1649 1154 1687 laudato
1176 1663 1261 1700 pag.
1279 1652 1332 1690 67
1353 1663 1430 1699 seq.

1062 1703 1343 1757 Σαναχάριβον
1364 1703 1527 1756 βασιλέα
1548 1701 1661 1758 Ἀρα-

1007 1762 1107 1814 βίων
1127 1777 1166 1801 τε
1185 1763 1250 1801 καὶ
1265 1758 1500 1813 Ἀσσυρίων]
1530 1762 1662 1801 Extre-

1006 1833 1067 1856 ma
1096 1820 1207 1857 verba
1227 1819 1402 1869 Iosephus
1430 1819 1662 1868 archaeolog.

1006 1876 1055 1923 Χ,
1080 1879 1101 1916 1
1139 1874 1175 1926 ᾗ.
1194 1876 1220 1916 4
1257 1876 1295 1912 in
1323 1889 1388 1913 suo
1411 1876 1593 1913 Herodoti
1617 1876 1662 1912 li-

1007 1933 1072 1969 bro
1102 1933 1199 1969 haud
1227 1932 1361 1981 legisse
1388 1933 1552 1980 videtur,
1581 1945 1661 1969 cum

1005 1989 1238 2026 Herodotum
1266 1990 1302 2026 in
1331 2002 1375 2027 eo
1405 1989 1547 2039 lapsum
1575 2001 1662 2026 con-

1007 2047 1190 2095 queritur,
1209 2046 1309 2095 quod
1327 2058 1401 2082 non
1419 2045 1661 2094 Assyriorum,

1008 2103 1074 2139 sed
1090 2102 1250 2138 Arabum
1274 2103 1406 2139 dixerit
1421 2114 1558 2151 regem.
1596 2101 1662 2139 Li-

1006 2158 1061 2195 bri
1091 2159 1242 2208 scripti,
1283 2163 1456 2208 quantum
1492 2171 1561 2195 nos
1591 2158 1663 2194 sci-

1006 2227 1106 2260 mus,
1139 2227 1265 2252 omnes
1295 2215 1454 2251 retinent
1479 2215 1591 2251 verba
1620 2227 1661 2252 τε

1007 2270 1074 2309 καὶ
1094 2266 1322 2320 Ἀσσυρίων.
1378 2271 1438 2308 De
1465 2270 1576 2320 ipsius
1603 2283 1662 2307 re-

1007 2327 1062 2375 gis
1081 2327 1228 2363 nomine
1257 2327 1460 2374 disquisivit
1477 2327 1660 2364 Gesenius

1008 2395 1030 2419 a
1044 2381 1107 2418 Cr.
1127 2382 1295 2418 laudatus
1313 2383 1359 2418 ad
1369 2382 1474 2419 Iesai.
1485 2382 1662 2430 XXXVI,

1010 2441 1032 2478 1
1061 2451 1146 2488 pag.
1165 2440 1269 2485 938,
1306 2443 1345 2474 ut
1373 2439 1410 2474 in
1442 2452 1514 2488 quo
1548 2439 1663 2476 saneti

1008 2495 1204 2531 sacerdotis
1227 2494 1440 2542 significatio
1462 2495 1663 2545 probabili-

1006 2554 1062 2587 ter
1081 2549 1203 2587 lateat.
1260 2550 1318 2588 De
1337 2550 1486 2601 reliquis
1506 2552 1660 2589 diximus

1007 2606 1045 2642 in
1061 2619 1211 2643 excursu
1236 2608 1284 2643 ad
1304 2607 1339 2644 h.
1360 2607 1383 2643 l.

1066 2661 1105 2708 ἐς
1155 2658 1328 2712 ἀπορίην
1380 2658 1660 2714 ἐπειλημένον]

1009 2716 1092 2755 vid.
1112 2718 1146 2764 Ι,
1169 2718 1223 2759 24
1245 2719 1333 2767 ibiq.
1350 2723 1441 2756 nott.
1463 2720 1540 2757 coll.
1562 2720 1662 2768 VIII,

1010 2776 1102 2815 109.
1134 2774 1210 2821 IX,
1233 2774 1299 2815 34.
1338 2775 1381 2811 In
1400 2788 1501 2825 seqq.
1520 2777 1569 2813 ad
1597 2773 1660 2827 μέ-

1007 2844 1130 2881 γαρον
1150 2832 1244 2868 conf.
1266 2835 1340 2867 not.
1359 2832 1408 2868 ad
1425 2831 1462 2879 Ι,
1485 2832 1539 2874 47
1555 2839 1594 2870 et
1613 2832 1659 2870 ad

1008 2883 1125 2938 ἅχαρι
1146 2886 1180 2934 Ι,
1203 2888 1269 2927 38-
1294 2888 1384 2928 108.
