1805 3315
358 242 412 280 18
758 237 1230 278 HERODOTI

334 347 566 403 Ξλεόμενον
591 347 766 392 πόντον.
799 343 942 398 Οὗτος
965 347 990 391 ὁ
1015 350 1232 401 Κροῖσος,
1264 347 1506 404 βαρβάρων
1535 351 1652 403 πρῶ-

360 444 455 479 τος,
491 430 580 470 τῶν
617 427 738 483 ἡμεῖς
765 429 915 481 ἰ’δμεν,
950 427 1053 478 τούς
1088 427 1167 484 μὲν
1212 427 1529 483 κατεστρέψατο
1564 428 1651 472 Ἑλ-

360 506 505 563 λήνων
537 507 581 557 ές
615 505 762 561 φόρου
792 504 1054 563 α’παγωγήν,
1084 506 1188 557 τούς
1221 505 1280 557 δὲ,
1311 509 1469 563 φίλους
1500 513 1698 562 προσε-95

338 585 587 642 3ποιήσατο.
624 583 941 639 κατεστρέψατο
972 585 1053 640 μὲν
1073 584 1230 636 Ἴωνάς
1263 602 1308 629 τε
1345 586 1419 630 καὶ
1452 587 1652 638 Αἰολέας,

361 666 434 709 καὶ
462 663 661 717 Δωριέας
704 664 808 715 τοὺς
843 663 891 707 ἐν
935 669 990 721 τῇ
1026 662 1164 720 Ἀσίῃ·

1224 666 1382 720 φίλους
1421 664 1467 708 δὲ
1504 678 1655 719 προσε-

338 743 571 798 4ποιήσατο
591 744 979 799 Λακεδαιμονίους.
1011 744 1096 799 πρό
1124 745 1171 787 δὲ
1192 746 1267 800 τῆς
1290 745 1488 797 Κροίσου
1519 741 1654 800 ἀρχῆς

362 822 517 873 πάντες
539 821 743 879 ’Έλληνες
778 817 891 878 ἦσαν
916 821 1161 878 ἐλεύθεροι·
1201 822 1251 866 τὸ
1279 821 1364 878 γαρ
1395 825 1650 879 Κιμμερίων

363 900 604 957 στράτευμα
633 900 682 945 τὸ
713 900 782 944 ἐπὶ
813 900 895 957 τήν
920 900 1086 958 Ἰωνίην
1115 900 1406 959 ἀπικόμενον,
1447 904 1649 959 Κροίσου

318 1088 339 1123 l.
369 1087 391 1123 l.
422 1101 458 1137 p.
489 1089 556 1128 31.
602 1086 695 1124 Add.
730 1086 883 1125 lVeiske
924 1087 972 1124 de

317 1144 515 1193 pleonasm.
535 1157 572 1212 p.
594 1143 659 1185 42.

373 1201 491 1247 οὗτος
527 1199 548 1240 ἆ
583 1198 846 1249 Κροῖσος],
850 1199 975 1246 ,Haec

316 1257 427 1294 verba
450 1257 599 1294 laudare
631 1257 773 1293 videtur
804 1255 973 1305 Apollon.

318 1313 495 1361 Dyscolus
517 1315 563 1350 de
590 1325 756 1362 pronom.
781 1324 868 1362 pag.
885 1314 968 1353 333

317 1371 374 1405 ed.
396 1369 542 1406 Bekk.“
573 1369 634 1406 Cr.

370 1421 414 1464 τὸ
465 1423 539 1478 γὰρ
579 1425 812 1478 Κιμμερίων
854 1419 968 1475 στρά-

312 1495 435 1532 τευμα
463 1497 498 1521 κ.
526 1497 558 1522 τ.
590 1481 647 1532 λ.]
686 1482 710 1518 i.
741 1496 773 1519 e.
806 1480 969 1531 Namque

316 1537 575 1576 Cimmeriorum
618 1539 792 1589 expeditio
848 1542 969 1575 contra

316 1593 452 1631 Ioniam
491 1600 668 1646 suscepta,
725 1607 811 1645 quae
849 1594 969 1631 Croeso

310 1653 408 1700 prior
439 1656 536 1699 erat,
575 1666 643 1689 non
665 1651 864 1702 oppidorum
887 1651 969 1701 fuit

313 1707 468 1745 redactio
496 1711 533 1746 in
558 1712 785 1758 potestatem,
824 1707 883 1744 sed
907 1721 967 1743 ra-

311 1765 400 1812 pina
440 1778 486 1801 ex
530 1767 736 1802 mcurszNJone
812 1763 968 1801 Dicendi

315 1833 431 1868 genus
451 1821 560 1872 paulo
579 1822 702 1858 durius
722 1821 865 1857 videtur
881 1833 966 1870 pro:

315 1871 365 1914 ου’
393 1876 682 1929 κατεστρέψατο
714 1892 784 1923 τας
816 1872 965 1923 πόλεις,

316 1927 415 1971 ἄλλα
449 1933 488 1981 ἐξ
517 1933 734 1985 ἐπιδρομῆς
765 1929 967 1984 ηρπάξαν-

316 2003 385 2036 το,
413 1994 453 2025 ut
467 1991 601 2028 Krebs.
623 1989 923 2040 interpretaturl.
944 1989 967 2026 l.

315 2058 352 2094 p.
382 2048 445 2085 19.
476 2046 535 2083 Ad
563 2047 782 2083 locutionem
811 2045 856 2093 ἐξ
888 2045 970 2085 ἔπι-

316 2101 466 2151 δρομῆς
505 2102 568 2140 Cr.
600 2103 725 2139 laudat
752 2102 860 2139 Paus.
889 2102 970 2149 VII,

316 2158 369 2198 25
401 2157 438 2208 ἓ.
469 2162 533 2199 21.
574 2159 636 2196 Tu
666 2160 762 2196 adde
795 2160 847 2195 sis
874 2158 968 2196 Plat.

317 2214 364 2250 de
412 2214 469 2252 Re
499 2215 599 2266 publ.
639 2216 675 2252 X
710 2229 746 2265 p.
778 2218 888 2263 619,
917 2215 965 2253 D.

316 2269 494 2308 Plutarch.
522 2271 656 2309 Anton.
687 2273 752 2312 80.
779 2293 837 2299 -—

371 2326 478 2364 Hanc
523 2328 799 2366 Cimmeriorum
846 2328 966 2365 incur-

317 2384 454 2420 sionem
472 2382 596 2433 Ardye
622 2384 738 2433 Lydis
763 2385 966 2434 imperante

316 2444 400 2488 post
450 2440 596 2489 Gygem
643 2441 838 2487 accidisse,
883 2441 964 2490 ipse

316 2494 453 2532 Noster
476 2498 587 2535 refert
611 2497 704 2533 infra
723 2510 753 2534 c.
782 2496 845 2537 15.
865 2496 962 2533 Add.

318 2551 344 2596 ff,
378 2555 439 2592 16.
474 2555 564 2594 103.
593 2553 656 2600 W,
680 2556 743 2594 11.
767 2555 831 2593 12.
861 2553 965 2596 Qua-

315 2620 353 2644 re
368 2607 547 2646 Herodoti
572 2609 782 2658 antiquioris
809 2608 965 2645 auctori-

314 2666 425 2701 tatem
456 2665 628 2703 Straboni
656 2666 732 2703 iure
752 2666 962 2716 praeferen-

316 2719 399 2756 dam
431 2721 529 2758 ducit
559 2722 716 2759 W‘essel.
772 2721 836 2758 Ille
863 2721 961 2759 enim

312 2774 348 2822 (Ι
378 2789 413 2826 p.
435 2778 461 2816 6
491 2790 520 2813 S.
549 2791 586 2827 p.
612 2778 743 2818 121ss
764 2791 800 2827 p.
830 2778 908 2818 149
930 2790 960 2813 S·

309 2844 346 2880 p.
383 2834 493 2881 222)
553 2833 705 2871 Homeri
745 2835 823 2871 sere
868 2838 962 2871 tem-

308 2887 456 2936 poribus
490 2889 765 2926 Cimmeriomm
804 2890 962 2927 invasio-

1040 1099 1125 1125 nem
1162 1087 1345 1125 adscribit.
1384 1088 1428 1125 Id
1465 1088 1569 1138 quod
1597 1087 1693 1126 Lar-

1041 1143 1149 1181 chero
1172 1144 1223 1180 ita
1251 1144 1514 1182 conciliandum
1541 1145 1691 1182 videba-

1038 1204 1119 1247 tur,
1148 1204 1190 1236 ut
1211 1201 1305 1238 duae
1325 1201 1459 1238 fuerint
1479 1201 1692 1238 Cimmerio-

1039 1270 1119 1292 rmn
1141 1257 1402 1306 expeditiones,
1430 1256 1544 1294 altera
1563 1262 1691 1307 poste-

1037 1313 1121 1360 rior,
1151 1314 1198 1350 de
1218 1326 1291 1362 qua
1303 1313 1518 1351 Herodotus
1533 1314 1690 1363 scripse-

1037 1369 1105 1416 rit,
1155 1369 1268 1407 altera
1307 1370 1427 1419 prior,
1470 1369 1690 1407 Homericae

1037 1430 1101 1462 aut
1119 1426 1323 1463 remotioris
1343 1426 1436 1463 adeo
1457 1426 1602 1473 aetatis,
1628 1439 1690 1462 cu-

1035 1482 1090 1518 ius
1118 1495 1264 1531 quoque
1297 1482 1496 1533 Euripides
1534 1482 1690 1519 mentio-

1034 1551 1119 1575 nem
1150 1539 1275 1576 fecerit
1294 1539 1331 1574 in
1361 1538 1478 1588 Iphig.
1507 1538 1545 1575 in
1572 1538 1687 1576 Taur.

1037 1597 1145 1635 1106
1185 1608 1267 1644 sqq.
1319 1595 1458 1643 (1113
1495 1594 1569 1643 al.)
1611 1607 1689 1631 rem

1034 1655 1224 1700 poetarum
1243 1664 1345 1689 more
1358 1651 1475 1699 magis
1496 1663 1688 1697 exornans,

1035 1719 1116 1743 cum
1159 1708 1206 1744 de
1236 1708 1384 1744 urbibus
1415 1711 1559 1745 enarret
1589 1707 1688 1744 diru-

1034 1763 1130 1813 ptis,
1177 1776 1272 1812 quae
1307 1769 1392 1801 tunc
1428 1763 1602 1814 temporis
1639 1775 1687 1801 ne

1034 1820 1209 1857 exsistere
1229 1820 1375 1869 quidem
1392 1820 1590 1870 potuerint.
1609 1818 1687 1855 Ali-

1033 1880 1089 1912 ter
1141 1876 1257 1912 visum
1302 1881 1358 1913 est
1409 1876 1572 1925 Volneyo
1619 1875 1686 1924 (in

1034 1931 1162 1982 Suppl.
1205 1934 1228 1969 a
1262 1932 1428 1970 l'Herod.
1470 1934 1517 1970 de
1552 1931 1685 1969 Larch.

1035 2002 1072 2039 p.
1093 1988 1147 2029 75
1168 2002 1217 2027 ss.
1243 1989 1325 2027 coll.
1356 2003 1393 2040 p.
1415 1991 1468 2030 71
1499 1989 1572 2037 SS.)
1611 1988 1686 2037 qui,

1036 2057 1129 2094 quae
1156 2046 1256 2094 apud
1272 2045 1490 2083 Strabonem
1515 2049 1553 2082 et
1575 2045 1684 2081 Euri-

1035 2101 1157 2151 pidem
1185 2101 1374 2150 leguntur,
1409 2102 1584 2139 hactenus
1608 2113 1686 2138 non

1034 2157 1258 2195 incredibilia
1292 2162 1419 2208 putat,
1457 2159 1558 2207 quod
1592 2170 1685 2206 gens

1033 2226 1148 2262 vaga,
1196 2213 1388 2252 Nomades
1421 2218 1574 2261 vocant,
1616 2213 1687 2250 uti-

1032 2283 1104 2319 que
1127 2271 1234 2307 trium
1265 2275 1466 2320 quatuorve
1484 2269 1685 2308 seculorum

1032 2328 1187 2364 decursu
1215 2327 1318 2365 facile
1350 2327 1474 2378 plures
1505 2328 1599 2364 adeo
1628 2326 1684 2362 in-

1031 2383 1215 2421 cursiones
1264 2383 1301 2420 in
1344 2384 1470 2421 Asiam
1509 2383 1687 2420 minorem

1029 2440 1150 2477 facere
1175 2440 1347 2491 potuerit.
1416 2439 1472 2476 Ex
1504 2439 1687 2477 Herodoti

1030 2501 1152 2533 autem
1187 2496 1275 2533 locis
1319 2497 1368 2534 de
1407 2496 1684 2534 Cimmeriorum

1030 2553 1321 2602 expeditionibus
1372 2552 1519 2589 omnino
1564 2551 1684 2601 dupli-

1029 2621 1107 2645 cem
1134 2608 1359 2645 invasionem
1381 2609 1476 2646 bene
1506 2607 1682 2655 distingui

1028 2676 1140 2714 posse
1186 2664 1288 2700 Idem
1328 2668 1472 2710 censet,
1521 2663 1682 2713 priorem

1026 2719 1159 2768 Ardyis
1181 2720 1283 2767 (699
1303 2732 1337 2757 a.
1369 2719 1476 2767 Chr.)
1503 2723 1682 2770 tempore,

1027 2777 1075 2813 de
1095 2788 1167 2824 qua
1187 2776 1327 2813 Herod.
1346 2775 1375 2823 I,
1400 2775 1463 2816 15.
1486 2778 1525 2824 6,
1554 2780 1681 2826 poste-

1024 2833 1154 2869 riorem
1169 2831 1324 2879 Alyattis
1345 2836 1380 2869 et
1393 2832 1424 2867 C
1426 2832 1568 2880 yaxaris
1588 2836 1680 2869 tem-

1025 2901 1137 2940 pore,
1167 2889 1214 2925 de
1246 2900 1319 2937 qua
1348 2888 1490 2927 Herod.
1519 2887 1549 2935 I,
1581 2889 1673 2930 103.
