1814 3315
364 258 448 298 184
757 249 1223 290 HERODOTI

364 379 454 408 νων
485 359 644 414 Σύριοι
674 356 983 414 ὀνομάζονται*
1011 354 1124 416 ἦσαν
1155 361 1201 405 δὲ
1230 362 1273 406 οἱ
1291 359 1454 416 Σύριοι
1483 355 1620 415 οὗτοι,

364 442 413 486 τό
450 441 527 496 μὲν
556 435 770 493 πρότερον
808 437 838 495 ἢ
868 438 1043 494 Πέρσας
1083 438 1231 495 ἄρξαι,
1278 439 1451 496 Μήδων
1489 439 1618 497 κατή-

337 528 486 569 Ξκοοι,
515 515 611 560 τότε
640 517 686 560 δὲ
715 516 885 572 Κύρου.
936 518 960 562 ὁ
989 519 1073 576 γὰρ
1105 514 1239 574 οὖρος
1267 514 1322 577 ἦν
1348 524 1423 576 τῆς
1452 535 1497 563 τε
1523 523 1621 576 Μη-

365 601 484 653 δικῆς
513 594 644 652 ἀρχῆς
680 597 754 640 καὶ
794 601 871 654 τῆς
899 600 1090 655 Λυδικῆς
1121 597 1145 642 ὁ
1172 598 1302 650 ’Ἅλυς
1330 598 1543 655 ποταμός·
1572 597 1621 650 ὂς

366 676 454 732 ῥέει
481 675 523 727 ἐξ
548 672 772 731 Ἀρμενίου
803 674 957 732 οὔρεος
983 679 1056 722 διὰ
1072 679 1285 722 Κιλίκων·
1308 678 1413 735 μετὰ
1433 679 1500 733 δὲ,
1522 682 1618 722 Μα-
1632 686 1676 721 80

310 880 367 916 est
382 876 514 913 Strabo
528 874 616 913 XIV
633 887 669 924 Ρ
681 876 762 916 737
780 888 809 913 s
834 878 956 923 1071,

308 933 359 971 A:
391 933 503 971 δοκεῖ
533 929 576 970 δὲ
620 946 663 970 το
698 933 781 970 τῶν
811 928 957 985 Σύρων

309 986 438 1038 ὄνομα
466 989 657 1027 διατεῖναι
689 983 770 1028 ἄπο
796 987 868 1039 μὲν
887 991 959 1039 τῆς

306 1045 567 1096 Βαβυλωνίας
598 1043 708 1096 μέχρι
744 1047 819 1084 τοῦ
852 1042 960 1084 Ἰσσι-

308 1104 386 1142 κοῦ
428 1097 600 1141 κόλπου·
638 1097 715 1140 οἷπὸ
743 1098 785 1140 δὲ
811 1098 956 1141 τούτου

309 1157 422 1223 μέχρι
465 1160 540 1197 τοῦ
573 1152 771 1204 Ευξείνου
806 1155 850 1198 τὸ
885 1174 957 1197 πα-

308 1211 439 1254 λαιόν.
461 1215 585 1258 Quare
600 1215 842 1265 Cappadoces
859 1215 959 1253 idem

309 1271 416 1309 addit
447 1270 699 1319 Leucos)ros,
734 1271 757 1307 i.
788 1285 819 1309 e.
855 1271 958 1308 albos

309 1328 424 1376 Syros
460 1326 603 1374 vocari,
654 1326 796 1377 aliaque
835 1332 959 1365 monet

310 1384 358 1421 de
378 1383 479 1432 Syris
491 1412 501 1430 ,
528 1383 590 1432 qui
604 1382 793 1431 Babylone
808 1396 850 1421 ac
868 1383 957 1421 Nini

309 1452 462 1488 regnum
482 1439 742 1476 constituerint.
787 1439 959 1489 Namque

309 1508 450 1542 omneS,
463 1498 642 1544 quotquot
651 1494 859 1534 Aramaicae
877 1497 960 1533 stir-

309 1552 368 1603 pis
384 1552 563 1588 habentur
587 1556 736 1599 gentes,
754 1552 823 1590 1100
841 1553 959 1590 nomi-

309 1621 358 1645 ne
395 1608 609 1656 designatae
653 1620 735 1646 esse
780 1609 960 1646 videntur.

311 1664 575 1714 CappadoceS,
608 1663 672 1712 qui
710 1664 758 1700 ad
793 1664 960 1702 Armeni-

310 1733 410 1767 cam,
445 1732 540 1769 quae
567 1732 642 1756 11011
671 1719 741 1756 alia
764 1724 822 1758 est
849 1724 959 1770 atque

309 1775 496 1814 Aramaica
510 1805 521 1823 ,
569 1776 719 1826 stirpem
763 1777 957 1827 pertinent,

308 1831 407 1869 haud
427 1832 530 1869 ahter
547 1831 632 1869 inde
655 1832 752 1881 Syn-ii
771 1833 957 1883 appellan-

309 1892 369 1925 tur
386 1892 496 1937 atque
515 1888 540 1924 ii
560 1888 667 1936 Spii,
693 1889 754 1938 qui
771 1890 819 1926 ad
839 1889 959 1928 Ther-

308 1945 519 1982 modontem
549 1944 782 1992 habitabant,
828 1950 891 1983 aut
921 1947 958 1993 ii,

310 2001 373 2050 qui
390 1999 631 2038 Palaestinam
645 2000 869 2049 habitabant,
899 2003 959 2039 alii

309 2056 436 2107 populi
468 2057 563 2094 intra
592 2057 684 2094 fines
721 2059 829 2095 modo
861 2059 959 2095 indi-

310 2117 422 2149 catos,
488 2113 597 2149 conf.
640 2113 855 2151 Billerbeck.
900 2115 959 2152 De

309 2166 420 2205 Asiae
468 2168 646 2206 Herodot.
708 2170 958 2208 difficilioribb.

311 2224 478 2273 Gotting.
506 2224 627 2271 1794,
643 2238 729 2276 pag.
763 2226 800 2267 4.
837 2227 960 2263 Szabo

308 2279 491 2331 Descript.
518 2280 652 2318 Persic.
686 2282 811 2332 imper.
840 2282 958 2330 (Hei-

311 2336 471 2385 delberg.
494 2337 621 2386 1816)
651 2350 738 2388 pag.
763 2338 854 2380 104.
881 2339 959 2376 ΗΘ·

309 2394 478 2429 rodotum
506 2397 626 2431 autem
646 2394 693 2431 de
711 2394 882 2432 Armenia
902 2394 960 2432 hic

309 2447 409 2497 loqui
431 2453 541 2497 atque
560 2449 686 2486 incolis
712 2450 819 2487 huius
843 2455 962 2489 terrae

309 2504 592 2553 antiquissimis,
629 2507 691 2554 qui
723 2507 866 2544 Graeco
894 2520 962 2544 110-

309 2560 407 2598 mine
426 2561 589 2597 dicantur
606 2561 720 2609 spii,
750 2563 837 2600 satis
848 2568 961 2613 patet.

309 2616 418 2654 Plura
437 2616 590 2654 Rennel.
611 2617 750 2666 Geogr.
773 2619 808 2655 d.
822 2620 961 2657 Herod.

309 2687 347 2724 p.
383 2672 477 2713 484
521 2672 650 2711 Ritter.
686 2673 888 2713 Erdkunde
926 2674 961 2712 II

307 2740 394 2781 pag.
422 2729 517 2770 783

366 2780 532 2836 Σύριοι]
580 2784 636 2822 Ita
664 2790 872 2824 constanter
903 2786 962 2824 hic

309 2854 436 2879 omnes
455 2841 558 2906 libri,
589 2841 651 2890 qui
670 2843 755 2880 alibi
784 2841 844 2889 (ut
864 2843 894 2889 Ι,
918 2845 960 2884 6.

310 2897 397 2946 vll,
426 2898 500 2947 72)
549 2899 588 2937 in
632 2898 786 2938 lectione
832 2895 960 2951 Σύροι

1024 877 1244 926 conspirant.
1285 876 1409 920 Quare
1429 876 1516 914 nihil
1539 881 1678 916 mutare

1022 945 1132 970 ausus
1159 945 1251 968 sum.

1081 982 1186 1038 ἦσαν
1218 985 1261 1026 δὲ
1293 986 1334 1026 οἷ
1360 983 1528 1039 Σύριοι]
1571 982 1678 1039 ἦσαν

1025 1045 1072 1082 ob
1090 1044 1262 1082 librorum
1285 1044 1500 1094 scriptorum
1525 1058 1679 1083 consen-

1025 1114 1107 1138 sum
1138 1100 1374 1151 praetulimus
1418 1100 1586 1150 vulgatae
1624 1101 1678 1139 le-

1025 1157 1136 1195 ctioni
1163 1156 1284 1206 ε’σαν,
1314 1169 1409 1206 quae
1433 1156 1567 1195 Aldina
1589 1171 1678 1209 pro-

1023 1218 1160 1265 pagata
1179 1217 1268 1251 erat.

1082 1268 1161 1319 ρέει
1208 1268 1248 1317 ἐξ
1285 1264 1494 1322 Ἀρμενίου
1538 1266 1679 1322 οὔρεος

1025 1323 1092 1365 ὅιοέ
1114 1323 1314 1377 Κιλίκων]
1353 1326 1492 1363 Montis
1523 1327 1682 1364 Armenii

1024 1382 1120 1419 nulla
1159 1382 1243 1419 alibi
1278 1383 1437 1430 mentio,
1473 1383 1544 1419 nisi
1580 1383 1681 1433 apud

1024 1451 1136 1475 unum
1165 1438 1345 1487 DinonyS.
1373 1438 1556 1488 Perieget.
1583 1439 1679 1488 694,

1025 1495 1087 1532 ubi
1113 1495 1241 1532 Phasis
1275 1495 1361 1532 inde
1386 1497 1569 1545 profluere
1588 1495 1680 1532 dici·

1023 1555 1093 1588 tur.
1153 1551 1276 1594 Quare
1332 1552 1535 1601 suspicatur
1585 1550 1682 1588 Lar-

1025 1607 1177 1654 cherus,
1214 1607 1366 1644 indicari
1383 1607 1498 1644 Tauri
1521 1606 1680 1656 aliquem

1025 1667 1187 1701 montem
1217 1664 1255 1700 in
1289 1663 1435 1711 Cilicia,
1473 1663 1679 1712 intelligen-

1027 1719 1169 1768 dosque
1200 1732 1284 1757 esse
1312 1720 1458 1757 omnino
1483 1719 1679 1758 Armeniae

1026 1788 1121 1825 quae
1144 1789 1241 1812 nune
1259 1780 1409 1813 vocatur
1436 1780 1555 1814 terrae
1574 1789 1680 1814 mon-

1024 1836 1081 1869 tes
1115 1832 1185 1881 (cf.
1213 1831 1321 1870 Tom.
1351 1832 1437 1869 Vm
1474 1845 1550 1883 pag
1584 1833 1679 1882 50).

1025 1887 1142 1925 Multo
1164 1889 1362 1926 accuratius
1389 1888 1427 1925 111
1451 1889 1541 1927 haec
1559 1889 1680 1938 inqui-

1026 1945 1110 1981 sivit
1149 1945 1279 1983 Ritter.
1320 1944 1524 1983 Erdkunde
1567 1945 1614 1983 T.
1643 1945 1680 1982 Π

1025 2013 1111 2052 pag.
1129 2004 1222 2043 716.
1262 2001 1336 2045 Qui
1364 1995 1483 2053 οὖρος
1504 2002 1539 2038 11.
1557 2001 1580 2038 1.
1602 2014 1678 2039 non

1027 2058 1075 2094 de
1091 2071 1162 2094 uno
1184 2062 1328 2105 monte,
1357 2059 1425 2095 sed
1437 2059 1483 2095 de
1502 2059 1679 2095 montium

1024 2117 1140 2151 tractu
1157 2114 1426 2163 intelligendum
1441 2128 1524 2152 esse
1541 2118 1679 2162 monet,

1024 2182 1146 2218 neque
1167 2170 1274 2208 alium
1304 2171 1361 2208 hic
1391 2171 1540 2208 indicari
1572 2183 1678 2208 mon-

1025 2229 1117 2274 tem,
1155 2227 1225 2263 nisi
1266 2225 1510 2277 Paryadrem,
1550 2226 1679 2274 (unde

1023 2281 1114 2319 alter
1141 2285 1299 2332 profluat
1326 2284 1467 2332 Halyos
1505 2284 1588 2320 fons
1619 2295 1680 2320 se-

1023 2339 1276 2388 ptentrionalis
1316 2345 1462 2389 praeter
1497 2340 1679 2377 Sebasten

1023 2406 1053 2429 s.
1073 2394 1209 2443 Siwas)
1240 2394 1486 2444 velArgaeum
1505 2399 1679 2442 montem,

1028 2450 1091 2499 qui
1119 2450 1314 2487 altissimus
1341 2453 1501 2489 omnium
1527 2451 1596 2488 illic
1623 2451 1680 2488 di-

1028 2510 1130 2542 catur
1174 2506 1372 2555 montium,
1427 2520 1470 2545 ex
1518 2520 1592 2556 quo
1640 2506 1680 2543 in

1027 2566 1219 2612 utrumque
1246 2575 1347 2601 mare
1372 2567 1498 2613 pateat
1522 2575 1680 2613 prospe-

1029 2622 1107 2655 ctus
1122 2647 1134 2666 ,
1173 2622 1210 2656 et
1243 2630 1287 2656 ex
1323 2631 1396 2668 quo
1424 2619 1515 2657 alter
1537 2619 1680 2668 Halyos

1027 2674 1110 2712 fons
1163 2675 1407 2712 meridionalis
1459 2676 1678 2726 proveniens

1027 2730 1247 2769 Caesaream
1292 2730 1480 2769 Mazacam
1516 2735 1682 2782 praeter-

1026 2785 1179 2824 labatur.
1222 2786 1426 2837 Utrumque
1445 2793 1605 2827 montem
1629 2787 1679 2825 ad

1027 2856 1111 2881 eum
1138 2843 1323 2894 pertinere
1353 2849 1526 2893 tractum,
1568 2858 1679 2894 quem

1026 2902 1249 2952 posteriores
1287 2902 1490 2954 geographi
1517 2902 1678 2954 appella-

1804 3035 1809 3125 i
