1759 3324
349 273 435 312 316
744 269 1217 309 HERODOTI
1328 286 1341 304 ι

350 379 429 435 μὲν
459 378 544 435 ἅδῃ
573 380 644 423 καὶ
675 379 893 436 νήφουσι,
937 379 1146 435 χρέωνται
1177 377 1341 437 αὐτέῳ·
1382 376 1437 433 ἢν
1474 379 1519 422 δὲ
1557 378 1615 435 μή
1628 384 1674 418 70

352 459 462 516 ἅδῃ,
492 464 681 513 μετιεῖσι.
711 460 763 502 τὰ
795 458 838 503 δ’
868 458 924 502 ἂν
953 458 1171 514 νήφοντες
1192 455 1616 513 προβουλεύσωνται,

192 537 293 582 134
350 536 670 594 μεθυσκόμενοι
708 538 1127 593 ἐπιδιαγινώσκουσι.
1181 536 1539 592 Ἐντυγχάνοντες
1569 535 1614 580 δ’

18 601 173 630 osculatio
193 605 223 628 et
243 601 296 628 ad-

17 637 115 663 oratio
162 636 295 662 saIutan-

14 671 107 697 tium:
135 669 295 696 observan-

16 704 79 731 tiae
98 703 194 730 cultus
218 702 298 728 inter

17 737 146 764 vicinos·
162 735 297 770 quamde

17 770 298 841 ἓξηζίζῖριζώωω
328 776 559 832 Ξγορεύειν
589 772 827 828 ἀλλήλους,
868 772 1071 828 φιλέουσι
1098 779 1211 817 τοῖσι
1241 773 1436 830 στόμασι.
1485 773 1541 830 ἢν
1570 774 1616 818 δὲ
1629 782 1674 817 75

354 616 578 673 ἀλλήλοισι
611 617 658 659 ἐν
685 620 785 673 τῇσι
814 615 978 666 ὁδοῖσι,
1021 618 1132 672 τῷδε
1165 616 1221 660 ἄν
1250 633 1314 667 τις
1346 617 1546 672 διαγνοίη
1577 616 1614 659 εἰ

354 697 502 753 ὁμοῖοι
532 696 614 739 εἰσὶ
644 696 688 738 οἱ
715 695 1102 750 συντυγχάνοντες·
1135 693 1229 738 ἀντὶ
1244 694 1327 750 γὰρ
1349 699 1430 738 τοῦ
1451 706 1616 749 προσα-

348 851 376 913 ᾐ
407 853 586 909 οὕτερος
614 851 922 907 ὑποδεέστερος
952 851 1108 909 ὀλίγῳ,
1138 851 1215 902 τὰς
1241 854 1422 907 παρειάς
1442 855 1616 908 φιλέον-

349 949 443 977 ται·
474 932 529 988 ἢν
559 931 606 975 δὲ
634 934 782 988 πολλῷ
812 927 839 987 ᾗ
870 930 1048 985 οὕτερος
1079 929 1406 986 ἀγεννέστερος,
1436 933 1616 986 προσπί-

322 1020 476 1057 3πτων
505 1010 764 1066 προσκυνέει
793 1009 872 1053 τόν
902 1009 1062 1063 ἕτερον.
1095 1014 1251 1067 τιμῶσι
1282 1009 1327 1054 δὲ
1359 1011 1406 1054 ἐκ
1436 1009 1617 1055 πάντων

352 1092 458 1143 τούς
489 1089 667 1146 ἄγχιστα
696 1089 872 1133 ἑωυτῶν
904 1089 1145 1142 οἰκέοντας,
1185 1088 1291 1145 μετά
1319 1106 1367 1146 γε
1397 1089 1614 1142 ἑωυτούς·

353 1170 536 1225 δεύτερα
566 1169 637 1217 δὲ,
669 1167 774 1219 τούς
804 1169 1053 1223 δευτέρους·

353 1250 666 1307 προβαίνοντες
695 1253 849 1304 τιμῶσι
862 1265 872 1274 ·

1105 1168 1210 1224 μετὰ
1241 1169 1308 1222 δὲ,
1344 1168 1454 1213 κατὰ
1483 1168 1618 1225 λόγον

920 1247 1075 1304 ἥκιστα
1105 1249 1151 1293 δὲ
1178 1247 1283 1300 τούς
1313 1248 1487 1292 ἑωυτῶν
1524 1248 1616 1292 ἓκα-
1629 1257 1674 1291 80

323 1328 498 1375 4στάτω
530 1330 790 1387 οἰκημένους
819 1328 866 1372 ἐν
889 1332 992 1385 τιμῇ
1010 1326 1209 1384 ἄγονται·
1241 1330 1491 1386 νομίζοντες
1506 1328 1616 1373 ἑωυ-

298 1519 321 1556 1.
343 1517 368 1555 l.
387 1515 424 1568 ἓ.
446 1519 548 1564 210,
573 1518 596 1557 1
626 1528 712 1566 pag.
735 1513 830 1557 394.
879 1513 951 1551 Pro

298 1573 506 1626 στέγαρχος
548 1573 720 1621 (aedium
753 1571 950 1620 dominus)

297 1630 506 1669 Athenaeus
531 1629 554 1669 1.
576 1628 599 1666 l.
630 1629 742 1666 habet
767 1626 952 1679 στεγέαρ-

297 1702 390 1740 χος,
457 1687 556 1736 quod
605 1685 714 1722 etiam
760 1684 952 1721 Herodoto

295 1744 448 1782 forsitan
503 1742 767 1780 restituendum
829 1746 952 1778 censet

295 1799 591 1849 Schweighaeus.
620 1798 658 1834 in
678 1798 952 1835 Animadverss.

296 1858 346 1894 ad
380 1855 512 1893 Athen.
551 1854 588 1892 T
591 1867 660 1891 om.
687 1854 722 1891 ΙΙ
745 1867 831 1905 pag.
855 1854 950 1894 475.

298 1935 353 1941 —
374 1912 417 1949 In
440 1925 542 1961 seqq.
572 1911 756 1948 neminem
789 1912 952 1947 offendet

298 1969 480 2018 genitivus
502 1972 588 2018 post
612 1966 654 2006 έν
685 1965 758 2013 (ἔν
785 1969 875 2005 τοῦ
901 1962 952 2004 ἂν

297 2023 429 2071 ἐόντες
453 2039 489 2062 κ.
509 2023 611 2072 τ.λ.)
631 2023 788 2074 elliptico
806 2035 874 2059 usu
895 2035 953 2059 sa-

297 2082 343 2118 tis
365 2085 466 2118 noto.

456 2163 567 2214 Cap.
599 2161 805 2200 cxxxiv.

347 2242 729 2300 Ἐντυγχάνοντ
743 2260 787 2292 ες
817 2241 858 2284 δ’
880 2241 947 2285 ἆλ-

296 2300 453 2356 λήλοισι
463 2325 519 2332 —
531 2302 665 2355 ὁμοῖοι
678 2301 752 2342 εἰσὶ
773 2302 822 2340 οἱ
843 2314 865 2341 σ
875 2318 898 2340 v
910 2318 949 2341 v-

296 2377 351 2401 τυ
365 2376 417 2414 γχ
429 2357 453 2399 ἄ
464 2375 487 2399 ν
499 2375 519 2399 ο
531 2375 554 2399 ν
566 2374 586 2398 τ
600 2373 616 2398 ε
628 2358 670 2409 ς]
709 2360 947 2396 Restituimus

295 2431 376 2456 cum
406 2417 615 2454 Gaisfordio
637 2420 794 2453 veterem
826 2415 949 2453 lectio-

295 2488 402 2521 nem,
431 2486 544 2523 quam
570 2472 668 2509 libris
700 2472 818 2508 invitis
853 2473 949 2510 Gro-

295 2531 422 2567 novius
463 2533 573 2578 atque
607 2528 868 2576 wesselingius
897 2530 948 2566 ita

295 2590 497 2631 mutarant,
528 2589 569 2621 ut
586 2585 702 2635 primo
722 2585 801 2621 loco
828 2599 946 2636 pone-

296 2647 378 2681 rent
395 2641 436 2681 οἵ
450 2636 802 2692 συντυγχάνοντες,
832 2641 946 2680 altero

298 2699 376 2736 loco
423 2696 464 2737 οἱ
499 2695 811 2748 ἐντυγχάνοντες.
878 2698 947 2735 Est

296 2755 443 2805 quidem
468 2755 506 2791 in
538 2759 664 2791 nostra
699 2753 948 2793 lectione‘no-

294 2812 485 2849 minativus
514 2805 814 2862 ἐντυγχάνοντες
849 2811 890 2857 (i.
912 2825 945 2850 e.

295 2871 328 2905 si
350 2869 412 2918 qui
430 2868 499 2904 sibi
515 2867 651 2903 obviam
661 2867 792 2916 fiunt),
813 2869 874 2915 qui
891 2870 947 2905 of-

296 2925 449 2963 fendere
473 2924 611 2976 possit,
640 2929 676 2960 ct
705 2924 858 2961 offendit
890 2938 947 2963 re-

1020 1527 1111 1566 apse
1142 1515 1200 1553 ille
1228 1514 1467 1554 Benedictum
1499 1515 1564 1564 (in
1590 1512 1670 1553 Act.

1020 1572 1146 1609 semin.
1156 1572 1260 1622 Lips.
1271 1572 1352 1609 Vol.
1363 1573 1396 1609 ll
1408 1573 1449 1610 P.
1462 1576 1488 1615 2
1506 1585 1542 1622 p.
1555 1573 1672 1620 283),

1021 1629 1084 1677 qui
1107 1629 1253 1677 corrigit
1274 1624 1604 1681 ἐντυγχάνοντας,·
1632 1633 1673 1665 ut

1019 1685 1211 1722 cohaereat
1241 1698 1322 1722 cum
1341 1685 1536 1738 διαγνοίη.
1594 1685 1673 1722 Sed

1021 1742 1051 1777 si
1069 1741 1142 1779 tale
1172 1741 1260 1790 quid
1291 1742 1327 1779 in
1351 1742 1450 1779 libris
1478 1741 1672 1790 legeretur,

1020 1810 1132 1847 aegre
1155 1798 1325 1846 equidem
1346 1799 1590 1836 desiderarem
1611 1810 1671 1834 ar-

1019 1854 1167 1891 ticulum
1193 1858 1279 1892 ante
1300 1855 1395 1892 hunc
1416 1854 1668 1892 accusativum.

1019 1909 1145 1946 Malim
1163 1911 1275 1959 igitur
1300 1911 1560 1948 nominativum
1584 1921 1671 1960 par-

1019 1966 1131 2016 ticipii
1144 1996 1154 2013 ,
1184 1979 1291 2015 quem
1309 1968 1465 2004 retinent
1486 1979 1610 2003 omnes
1627 1965 1670 2002 li-

1022 2022 1097 2069 bri,
1133 2022 1339 2059 absolutum
1388 2023 1528 2068 dicere3
1575 2034 1671 2071 quae

1023 2083 1200 2115 structura
1228 2092 1251 2115 a
1272 2084 1397 2116 nostro
1427 2079 1602 2129 scriptore
1629 2090 1670 2115 a-

1021 2134 1118 2172 liena
1146 2134 1292 2173 minime
1314 2136 1384 2173 dici
1410 2137 1568 2186 poterit3
1600 2147 1670 2172 nec

1022 2192 1117 2228 enim
1133 2203 1226 2240 quae
1236 2192 1437 2240 Schweigh.
1450 2196 1506 2229 est
1523 2195 1670 2229 senten-

1018 2248 1092 2296 tia,
1120 2249 1308 2285 commode
1334 2248 1394 2286 ille
1418 2248 1544 2286 referri
1562 2251 1670 2298 pote-

1015 2304 1063 2340 rit
1080 2305 1129 2341 ad
1154 2301 1287 2355 ὁμοῖοι
1316 2303 1415 2353 εἰσὶ,
1444 2305 1582 2354 qnippe
1610 2304 1667 2341 cui

1017 2361 1133 2411 adpos
1119 2341 1224 2397 itiim
1245 2362 1292 2398 sit
1319 2361 1361 2401 οἱ
1379 2358 1668 2412 συντυγχάνον-

1017 2431 1089 2464 τες.
1096 2438 1153 2445 -
1169 2418 1240 2454 In
1232 2430 1314 2468 ipsa
1335 2431 1375 2455 re
1395 2418 1504 2455 nolim
1524 2418 1670 2454 insiste-

1015 2487 1066 2512 re.
1124 2474 1221 2511 Satis
1244 2475 1384 2511 monuit
1399 2474 1606 2510 Brissonius
1621 2474 1669 2511 de

1015 2544 1094 2579 reg.
1106 2530 1208 2568 Pers.
1221 2531 1373 2581 princip.
1396 2530 1443 2577 ll,
1467 2531 1557 2570 178.
1574 2531 1669 2576 179,

1015 2588 1072 2625 cui
1100 2586 1189 2624 alios
1215 2588 1393 2635 quosdam
1421 2586 1525 2623 huius
1555 2585 1667 2623 moris

1013 2647 1125 2682 testes
1146 2644 1249 2681 addit
1274 2642 1551 2691 VVesselingius.
1608 2641 1670 2679 De

1013 2700 1125 2738 verbo
1168 2703 1410 2752 προσκυνεῖν
1445 2699 1518 2737 vid.
1544 2699 1593 2736 ad
1618 2697 1668 2746 ΙΙ,

1013 2758 1068 2798 80
1087 2760 1180 2793 nott.

1069 2809 1164 2860 τούς
1190 2810 1350 2851 ἑωυτῶν
1379 2806 1582 2852 ἑκαστάτω
1610 2810 1666 2850 οἷ-

1015 2867 1212 2919 κημένους
1226 2868 1269 2908 ἐν
1279 2872 1376 2923 τιμῇ
1389 2867 1568 2921 ἄγονται]
1589 2867 1666 2905 Lo-

1015 2926 1110 2963 cutio
1135 2924 1177 2964 ἐν
1206 2929 1300 2980 τιμῇ
1321 2924 1491 2979 ἄγεσθαι
1520 2926 1587 2971 (in
1607 2924 1665 2961 lw-
