1759 3324
289 233 376 273 616
686 227 1159 270 HERODOTI

263 340 473 385 Ξέδόκεον
498 337 545 384 δέ
565 350 646 397 σφι
676 337 836 396 ὁμοίως
867 338 1009 393 ὄρνισι
1039 340 1321 396 φθέγγεσθαι.
1373 336 1478 393 μετοὶ
1511 337 1558 383 δὲ

292 419 452 476 χρόνον
478 419 558 476 τήν
595 418 802 463 πελειάδα
832 417 1092 476 α’νθρωπηΐῃ
1125 422 1255 474 φωνῇ
1285 414 1614 469 αὕδάξασθαιῚὸ

292 497 487 554 λέγουσι,
519 497 608 542 ἐπεί
637 515 681 542 τε
712 497 869 542 συνετά
900 509 979 553 σφι
1007 498 1123 554 ηὔδα
1153 496 1180 554 ἡ
1209 493 1346 553 γυνή·

1403 495 1484 547 ἕως
1515 493 1561 539 δὲ

292 576 571 634 ἐβαρβάριζε,
603 575 788 630 ὄρνιθος
816 575 983 630 τρόπον
1006 575 1147 620 ἐδόκεέ
1171 588 1250 632 σφι
1272 574 1558 632 φθέγγεσθαι.

265 656 389 700 aguet
429 654 509 713 τέῳ
550 654 699 712 τρόπῳ
741 653 796 698 ἂν
836 653 1007 705 πελειάς
1043 670 1090 710 γε
1137 652 1398 710 ἅνθρωπηΐῃ
1433 657 1562 710 φωνῇ

295 735 531 790 φθέγξαιτο
542 752 557 784 ,·
599 733 808 788 μέλαιναν
838 732 883 775 δὲ
913 732 1108 787 λέγοντες
1141 730 1252 775 εἶναι
1281 733 1360 787 τὴν
1390 731 1562 776 πελειά-

267 816 376 865 4δα,
424 814 685 869 σημαίνουσι
733 811 801 856 ὅτι
840 812 1055 866 Αἰγυπτίη
1095 810 1121 866 ἡ
1159 809 1270 866 γυνή
1309 805 1375 865 ἦν.
1428 808 1488 857 Ἡ
1519 809 1620 854 δὲὸο

297 894 482 948 μαντηΐη
519 891 547 948 ἥ
586 907 630 935 τε
675 891 722 934 ἐν
763 889 934 948 Θήβῃσι
975 894 1073 947 τῇσι
1112 890 1374 945 Αἰγυπτίῃσι
1413 888 1564 932 καὶέν

297 970 523 1028 Δωδώνῃ,
551 968 849 1026 παραπλήσιαι
875 969 1084 1026 ἀλλήλῃσι
1103 967 1368 1024 τυγχάνουσι
1397 966 1563 1010 ἐοῦσαι.

284 1047 406 1093 Ἔστι
443 1048 490 1093 δὲ
527 1050 602 1095 καὶ
639 1053 729 1095 τῶν
776 1050 885 1106 ἱρῶν
922 1047 949 1106 ἡ
989 1046 1176 1108 μαντικὴ
1214 1044 1291 1091 ἀπ’

299 1127 526 1186 ἀπιγμένη.

245 1359 342 1402 Iow‘s
358 1359 492 1397 arbore
528 1358 660 1397 sedens
688 1359 811 1397 futura
838 1370 899 1396 ca-

245 1420 371 1465 neret,
401 1416 545 1465 qualem
563 1416 602 1453 in
624 1416 742 1454 numis
770 1415 902 1453 hodie-

246 1485 321 1523 que
344 1474 493 1515 servatis
513 1485 641 1510 revera
650 1473 900 1524 conspicimus.

247 1529 466 1566 Habebatur
482 1529 544 1566 illa
559 1529 654 1567 xitae
673 1529 792 1567 vitalis
813 1542 902 1578 qua-

248 1585 281 1622 si
307 1585 508 1634 symbolum
541 1589 577 1623 et
604 1585 766 1623 alimenti
793 1585 901 1636 primi

246 1642 426 1682 indicium,
483 1641 596 1692 Apud
614 1642 814 1692 Aegjptios
838 1654 904 1678 au-

247 1702 345 1744 tem,
377 1702 473 1736 teste
497 1698 737 1748 Horapolline
759 1698 815 1746 11,
833 1699 902 1745 32,

249 1754 415 1792 columba
443 1758 523 1791 atra
549 1750 756 1804 (πελειάς),
775 1755 904 1792 vidua-

249 1823 329 1849 rum
348 1811 419 1847 suit
439 1811 580 1860 signum
604 1812 679 1849 sive
705 1824 828 1849 earum
849 1812 905 1848 fe-

249 1867 426 1905 minarum
438 1895 449 1914 ,
466 1879 579 1916 quae,
597 1868 728 1905 marito
745 1872 905 1913 mortuo,

249 1922 349 1960 haud
385 1923 539 1961 alterum
567 1923 683 1961 iniere
717 1924 907 1961 matrimo-

250 1979 349 2015 nium
369 1992 473 2016 more
491 1978 757 2030 Aegyptiorum
787 1992 907 2017 sacer-

251 2034 385 2082 dotali,
417 2035 482 2072 sed
503 2037 614 2072 sacris
638 2049 680 2073 ac
709 2036 817 2074 rebus
851 2036 908 2072 di-

251 2090 346 2127 vinis
371 2103 411 2127 se
429 2091 538 2139 plane
559 2092 734 2129 dicarunt.
765 2092 905 2135 Quibus

254 2146 344 2184 haec
363 2146 466 2183 addit
490 2146 578 2184 Cr.:
609 2147 782 2196 „Anglus
797 2148 906 2184 homo

253 2202 383 2239 doctus
398 2202 480 2250 (the
488 2202 627 2252 history
637 2205 680 2240 of
683 2204 743 2241 the
752 2203 907 2252 English

253 2262 417 2310 poetry,
463 2257 585 2295 Lond.
618 2259 749 2307 1824,
789 2261 906 2310 praef.

253 2326 341 2366 pag.
364 2313 463 2362 101)
494 2315 699 2352 universam
726 2316 908 2353 Herodoti

255 2371 500 2412 narrationem
546 2372 633 2409 inde
671 2377 789 2409 ortam
828 2385 908 2410 esse

256 2430 402 2473 censet,
443 2427 545 2476 quod
582 2440 692 2465 aurea
731 2428 908 2474 columba,

256 2482 396 2522 Diones
441 2483 642 2530 symbolum
664 2513 675 2532 ,
715 2498 736 2522 e
778 2497 911 2533 quercu

257 2538 464 2580 Dodonaea
485 2552 664 2590 suspensa
691 2541 812 2578 suerit.
852 2540 912 2577 Ad

257 2595 470 2633 Philostrati
499 2595 639 2644 locum,
687 2610 796 2647 quem
825 2597 913 2633 citat

258 2651 401 2700 Imagg.
433 2651 489 2698 ll,
518 2653 594 2700 33,
622 2656 664 2689 tu
693 2653 828 2690 adhibe
854 2652 913 2690 Ia-

259 2708 359 2745 cobs.
378 2707 639 2746 animadverss.
660 2723 698 2760 p.
711 2709 791 2750 567
805 2708 913 2758 sqq.“

261 2763 483 2814 Disputasse
513 2765 560 2802 de
596 2765 652 2802 his
689 2778 835 2815 quoque
862 2765 915 2801 vi-

262 2820 334 2857 deo
357 2819 470 2857 Fred.
498 2821 651 2858 Cordes.
682 2823 719 2859 in
749 2822 916 2872 disputa-

263 2876 364 2917 tione
410 2877 458 2914 de
509 2877 654 2915 oraculo
709 2877 915 2919 Dodonaeo

1334 1045 1563 1104 Αἰγύπτου

967 1358 1176 1409 (Groning.
1202 1357 1338 1405 1826)
1368 1368 1448 1407 eap-
1474 1355 1492 1394 Ῑ
1532 1353 1570 1407 §
1595 1355 1624 1403 4

970 1428 1075 1465 seqq.
1132 1415 1215 1454 Alia
1235 1413 1388 1464 protulit
1411 1413 1514 1451 huius
1542 1413 1624 1451 libri

969 1485 1097 1510 censor
1126 1473 1163 1509 in
1193 1470 1356 1508 biblioth.
1385 1471 1505 1507 critica
1531 1470 1625 1508 See-

968 1529 1069 1567 bodii
1093 1530 1199 1571 1829
1220 1541 1274 1564 nr.
1296 1528 1350 1568 50
1381 1539 1465 1577 pag.
1487 1529 1581 1568 198.

1027 1583 1176 1636 ὁμοίως
1198 1580 1326 1634 όρνισι
1355 1580 1623 1634 φθέγγεσθαι]

971 1639 1121 1693 ομοίως
1148 1653 1229 1678 cum
1260 1640 1378 1677 Gaisf.
1406 1639 1528 1689 recepi
1557 1651 1627 1690 pro

970 1699 1066 1748 vulg.
1096 1696 1215 1748 ὁμοῖα
1247 1697 1322 1734 sive
1347 1691 1488 1748 όμοια,
1524 1700 1563 1733 et
1589 1695 1627 1732 in

973 1768 1077 1805 seqq.
1104 1747 1246 1793 συνετά
1277 1764 1349 1802 σφι
1394 1752 1488 1801 (ubi
1516 1751 1627 1801 vulgo

973 1810 1156 1849 articulum
1172 1813 1407 1874 praeponunt
1427 1805 1494 1858 τά)
1517 1813 1628 1858 atque

971 1865 1137 1919 ὄρνιθος
1157 1861 1308 1918 τοόπον
1327 1861 1461 1905 ἐδόκεέ
1479 1877 1551 1914 σφι
1571 1865 1629 1901 in-

973 1938 1079 1962 verso
1088 1924 1282 1962 verborum
1291 1923 1428 1959 ordine.
1436 1944 1493 1949 —-
1500 1921 1630 1969 „Con-

974 1982 1049 2018 iicit
1078 1981 1162 2018 hinc
1185 1979 1323 2016 Mahne
1353 1977 1546 2026 (Darstell.
1563 1977 1630 2018 der

974 2036 1238 2085 Lexicograph.
1261 2035 1276 2071 l
1302 2032 1339 2085 ᾗ.
1353 2034 1436 2076 204
1465 2048 1501 2085 p.
1525 2033 1629 2083 404)

975 2092 1062 2130 nihil
1103 2091 1341 2129 similitudinis
1381 2091 1630 2128 intercessisse

973 2150 1067 2186 inter
1087 2148 1122 2185 Γ
1125 2147 1310 2184 hebaicam
1327 2147 1486 2195 linguam
1503 2146 1629 2196 Aegy.-

974 2206 1031 2256 pti
1053 2208 1090 2241 et
1111 2205 1330 2241 Graecamf‘
1363 2203 1426 2240 Cr.

1033 2259 1111 2299 ἔστι
1130 2257 1173 2298 δὲ
1190 2257 1258 2298 καὶ
1279 2274 1359 2297 των
1380 2255 1517 2326 ἷρῶνη
1535 2272 1632 2309 μαν-

975 2331 1064 2367 τικη
1087 2311 1163 2355 απ’
1185 2312 1390 2366 Αἰγύπτου
1415 2310 1628 2371 α’πιγμένη]

978 2373 1090 2417 Quod
1116 2372 1165 2410 W
1168 2371 1362 2421 esselingio
1392 2373 1534 2409 videtur
1550 2385 1632 2410 των

979 2428 1080 2481 ἱρῶν
1101 2427 1129 2479 ἦ
1153 2425 1322 2479 μαντική
1349 2442 1431 2466 esse
1457 2428 1632 2467 divinatio

978 2488 1016 2523 in
1036 2485 1170 2535 templis
1183 2514 1193 2532 ,
1223 2498 1317 2534 quae
1337 2490 1373 2522 et
1390 2486 1574 2534 responsis
1596 2488 1634 2522 et

979 2543 1093 2591 signis
1122 2541 1398 2588 absolvebatur,
1428 2541 1635 2591 obloquitur

978 2598 1364 2647 Schweighaeuserus‚
1393 2611 1475 2635 cum
1497 2596 1544 2636 τοὶ
1566 2592 1633 2647 ἱροὶ

980 2655 1289 2704 quemadmodum
1317 2653 1405 2691 alias
1444 2649 1491 2692 τὰ
1521 2649 1635 2704 ἷρήϊα

982 2711 1029 2747 de
1056 2711 1231 2756 victimis,
1273 2722 1368 2758 quae
1392 2710 1635 2757 immolantur,

981 2766 1096 2816 accipi
1128 2767 1296 2803 debcant.
1354 2765 1483 2815 Itaque
1503 2766 1635 2804 intelli-

983 2823 1106 2870 genda
1125 2823 1191 2860 erit
1209 2822 1383 2859 divinatio
1396 2835 1413 2859 e
1429 2825 1585 2860 victimis
1606 2836 1635 2860 s.

984 2878 1211 2929 haruspicina
1221 2907 1232 2927 ‚
1253 2891 1361 2928 quam
1373 2879 1510 2930 pariter
1525 2884 1636 2929 atque
