1777 3324
180 261 266 302 896
654 258 1214 298 EXCURSUSII

182 373 231 410 ad
260 371 448 421 Lydorum
481 372 675 422 religiones
711 374 879 424 pertinet.
938 372 1014 410 Iam
1043 385 1123 409 cum
1155 385 1262 410 nemo
1294 372 1452 419 nesciat,
1489 383 1598 421 quam
1625 372 1699 409 vim

183 441 420 477 Etruscorum
446 441 590 478 oracula
620 442 658 478 in
678 442 926 478 Romanorum
953 454 1011 477 res
1038 441 1232 490 antiquitus
1267 447 1304 478 et
1331 442 1379 478 ad
1404 439 1549 476 Claudii
1583 451 1699 488 usque

183 508 413 559 imperatoris
440 512 607 559 tempora
635 509 847 555 habuerint,
883 508 1080 559 probabilis
1114 510 1320 546 coniectura
1353 513 1433 556 est,
1470 507 1566 545 illam
1597 520 1700 545 men-

183 577 318 614 tionem
346 575 488 626 Lydz'ae
517 576 614 614 Deae
640 577 687 614 ad
714 577 889 613 Etruscos
924 577 1023 626 prius
1051 589 1159 625 quam
1188 577 1235 613 ad
1264 577 1450 613 Romanos
1479 576 1699 626 pervenisse.

183 644 288 682 Haec
310 644 511 682 Creuzerus.
568 644 700 692 Itaque
722 644 916 693 probamus
938 644 1118 680 Lanzium
1145 645 1281 681 cautius
1308 645 1356 682 de
1378 645 1433 682 his
1462 646 1701 683 disserentem

183 725 253 750 nec
272 712 441 762 Dionysii
461 711 712 748 auctoritatem
744 716 880 747 temere
907 715 1118 760 sequentem
1142 713 1177 747 in
1204 713 1319 760 Sagg.
1349 713 1386 749 di
1412 713 1499 762 ling.
1519 714 1664 751 Etrusc.
1685 713 1702 751 I

183 793 223 832 p.
245 779 306 821 14.
330 780 419 820 147.
451 779 483 815 11
506 792 542 828 p.
565 779 630 819 82.
655 779 708 818 83
730 791 833 827 seqq.
852 779 908 815 ed.
927 792 1017 825 sec.,
1046 779 1106 815 ubi
1129 779 1243 816 multa
1263 780 1360 817 idem
1393 780 1514 817 attulit
1547 781 1702 830 singula,

186 860 282 896 quae
313 848 360 884 ad
384 847 619 882 Etruscarum
650 858 769 882 rerum
806 846 984 894 originem
1016 845 1194 895 Lydicam
1222 846 1278 883 vel
1306 851 1405 884 certe
1424 846 1618 885 Asiaticam
1646 850 1703 885 fa-

187 916 293 952 ciant.
350 914 532 962 Equidem
554 913 641 962 quid
661 917 836 960 statuam,
866 918 1062 962 antequam
1088 913 1125 950 in
1155 913 1315 950 medium
1345 915 1549 963 proferam,
1580 917 1704 954 dicen-

189 983 277 1020 dum
307 985 362 1019 est
401 983 449 1018 de
482 981 526 1017 C.
555 981 602 1018 Ο.
633 980 777 1018 Miilleri
814 982 1018 1029 sententia,
1055 981 1092 1017 in
1121 980 1219 1018 librr.
1250 982 1296 1019 de
1326 981 1486 1019 Etruscis
1525 983 1705 1022 volumine

189 1050 303 1101 priori
324 1063 360 1100 p.
378 1052 434 1090 72
457 1062 561 1099 seqq.
593 1051 646 1090 82
670 1062 774 1099 seqq.
806 1052 858 1090 88
878 1063 981 1099 seqq.
1015 1049 1174 1100 pluribus
1201 1050 1379 1099 exposita.
1445 1050 1615 1101 Namque
1645 1066 1706 1090 co-

190 1118 294 1155 lonos
315 1130 358 1154 ex
377 1117 464 1154 Asia
488 1118 618 1154 minori
638 1118 675 1154 in
692 1117 875 1154 Etruriam
891 1118 1034 1155 venisse
1061 1117 1159 1155 haud
1187 1117 1245 1154 ille
1265 1123 1395 1166 negat,
1424 1130 1492 1156 nec
1515 1132 1601 1157 vero
1626 1119 1706 1170 Ly-

191 1187 260 1223 dos
279 1186 390 1223 fuisse
407 1186 619 1233 arbitratur,
649 1186 715 1224 sed
732 1185 906 1234 Pelasgos
924 1184 1088 1235 palantes
1101 1214 1110 1232 ,
1133 1185 1194 1235 qui
1216 1185 1326 1222 iidem
1346 1185 1529 1234 Lesbum,
1548 1186 1706 1225 Imbrum

191 1254 357 1303 aliasque
381 1253 521 1302 Aegaei
552 1254 661 1291 maris
692 1253 826 1290 insulas
861 1253 945 1290 olim
972 1253 1152 1290 tenuerint
1187 1256 1225 1289 et
1252 1253 1288 1289 in
1317 1251 1425 1290 Asiae
1458 1254 1606 1292 minoris
1643 1268 1708 1293 ora

191 1321 332 1372 Lydica
363 1335 511 1372 quoque
540 1322 770 1360 consederint
797 1321 915 1370 (unde
934 1320 1133 1370 Tyrrhenis
1157 1321 1250 1358 adeo
1281 1320 1351 1357 illis
1381 1322 1624 1372 cognomen),
1652 1323 1707 1361 his

191 1392 280 1442 ipsis
302 1404 323 1429 e
343 1391 447 1428 terris
469 1391 560 1427 mari
580 1391 730 1428 traiecto
754 1391 802 1428 ad
831 1389 956 1427 Italiae
986 1402 1067 1427 oras
1088 1389 1303 1439 Tiberisque
1320 1390 1433 1427 ferme
1453 1390 1546 1427 ostia
1563 1393 1709 1430 venisse

192 1459 317 1508 ibique
341 1458 555 1508 Tarquinios
578 1459 805 1509 potissimum
829 1457 1059 1506 condidisse,
1091 1471 1200 1507 quam
1229 1458 1299 1508 ipsi
1321 1457 1435 1494 Tusci
1463 1457 1591 1495 urbem
1616 1458 1710 1496 inter

192 1526 352 1576 reliquas
372 1527 579 1577 primariam
599 1527 811 1573 habuerint,
841 1527 1002 1563 omnium
1032 1539 1152 1563 rerum
1186 1530 1224 1563 et
1252 1525 1451 1562 divinarum
1479 1530 1515 1562 et
1533 1526 1710 1563 humana-

191 1607 273 1631 rum
295 1594 394 1644 apud
420 1594 561 1632 Tuscos
582 1596 684 1644 quasi
701 1599 901 1646 parentem.
960 1592 1093 1642 Neque
1118 1593 1225 1630 etiam
1247 1593 1365 1630 Caeris
1388 1593 1564 1631 rationem
1584 1594 1710 1632 haberi

193 1666 316 1711 negat.
376 1662 481 1706 Quae
509 1664 689 1700 sententia
719 1677 798 1701 cum
827 1664 872 1700 ab
900 1663 1082 1701 Herodoti
1113 1662 1272 1711 (quem,
1304 1662 1484 1698 Graecum
1515 1661 1711 1710 hominem,

196 1730 356 1767 Graecas
383 1730 620 1768 Etruscorum
648 1731 806 1780 origines
837 1744 911 1767 non
934 1730 1149 1781 protulisse,
1180 1730 1290 1767 modo
1321 1728 1412 1765 tales
1441 1730 1600 1777 fuerint,
1630 1731 1711 1779 quis

196 1797 381 1846 credat2)
412 1798 636 1847 aliorumque
661 1799 873 1849 scriptorum
895 1799 1102 1835 testimonio
1120 1799 1286 1845 recedat,
1317 1810 1384 1834 nec
1409 1797 1496 1847 ipsis
1520 1798 1605 1834 artis
1634 1811 1714 1835 mo-

197 1867 378 1904 numentis
399 1879 518 1917 nuper
545 1866 698 1904 detectis
726 1868 939 1913 conveniat,
973 1880 1047 1903 non
1075 1870 1152 1914 est,
1183 1866 1282 1915 quod
1307 1866 1367 1901 diu
1403 1866 1440 1901 in
1469 1877 1514 1902 ea
1544 1866 1708 1904 immore-

198 1947 290 1972 mur.
348 1933 444 1980 Iam,
475 1937 514 1970 ut
532 1934 600 1971 hoc
618 1947 729 1971 unum
747 1936 856 1971 modo
881 1947 1177 1981 commemorem,
1207 1936 1389 1982 quotquot
1416 1933 1452 1970 in
1478 1933 1713 1972 Etruscorum

200 2002 372 2052 sepulcris
395 2002 546 2051 aliisque
561 2003 803 2039 monumentis
820 2003 1082 2053 repraesentati
1100 2001 1373 2051 conspiciuntur
1390 2001 1574 2050 homines,
1591 2015 1715 2041 nonne

200 2069 306 2106 aliam
329 2083 477 2120 prorsus
499 2069 570 2105 oris
589 2069 892 2117 delineationem,
923 2071 1032 2107 alium
1052 2070 1209 2116 vultum,
1241 2068 1350 2105 alium
1371 2082 1519 2118 prorsus
1550 2071 1714 2121 corporis

201 2141 486 2174 commonstrant
508 2136 690 2184 habitum,
724 2137 830 2175 valde
850 2138 947 2175 illum
967 2139 1114 2188 quidem
1136 2142 1315 2175 remotum
1339 2149 1361 2174 a
1382 2137 1565 2175 Graecis‘.e

313 2225 468 2262 Multum
497 2226 594 2263 enim
624 2227 749 2274 abest,
789 2232 831 2264 ut
864 2239 959 2277 quae
989 2227 1196 2277 nuperrime
1227 2227 1372 2264 detecta
1398 2231 1434 2264 et
1462 2241 1482 2265 e
1512 2227 1715 2278 hypogaeis

201 2294 355 2332 maxime
383 2299 485 2330 eruta
517 2297 602 2330 sunt
633 2295 897 2331 vetustissimae
920 2294 1155 2330 Etruscorum
1183 2295 1269 2330 artis
1297 2300 1557 2343 monumenta,
1597 2295 1717 2333 Grae-

201 2374 279 2399 cam
298 2362 457 2412 prodant
481 2361 683 2409 originem,
716 2366 755 2398 ut
782 2363 830 2398 ad
858 2363 1035 2399 orientem
1062 2362 1184 2411 potius
1214 2363 1407 2398 referenda
1430 2363 1642 2410 videantur,
1673 2375 1717 2400 ex

202 2442 275 2478 quo
304 2441 376 2464 uno
407 2428 604 2477 imagines,
636 2429 766 2477 signa,
807 2427 970 2476 symbola
997 2428 1034 2464 in
1060 2428 1158 2465 hisce
1189 2429 1430 2465 monumentis
1459 2429 1716 2478 antiquissimis

203 2496 396 2546 conspicua
419 2495 591 2532 illustrari
622 2500 735 2545 atque
766 2495 918 2544 intelligi
947 2498 1133 2545 poterunt.
1193 2494 1384 2537 Quaenam
1407 2508 1492 2532 vero
1520 2495 1610 2533 haec
1638 2496 1718 2547 ipsa

204 2564 353 2602 orientis
383 2564 427 2599 sit
449 2563 575 2612 regio,
604 2564 661 2600 cui
691 2575 756 2599 sua
786 2563 944 2600 debeant
973 2562 1085 2599 Tusci
1112 2567 1150 2600 et
1178 2563 1275 2599 unde
1304 2562 1508 2600 Tuscorum
1537 2564 1641 2612 origo
1673 2565 1719 2601 sit

205 2631 427 2682 repetenda,
468 2631 506 2667 id
533 2634 635 2667 certo
665 2631 904 2681 pronunciare
935 2630 1080 2667 minime
1120 2629 1237 2666 adhuc
1266 2629 1372 2677 licet,
1411 2643 1522 2679 quum
1551 2630 1633 2681 ipsa
1658 2631 1718 2668 illa

206 2703 439 2737 monumenta
462 2699 624 2734 nondum
651 2699 771 2734 omnia
801 2698 848 2734 ad
879 2701 1085 2734 accuratam
1124 2699 1313 2735 doctorum
1345 2698 1531 2735 hominum
1553 2699 1718 2736 notitiam

206 2766 437 2818 pervenerint
455 2766 623 2814 adeoque
641 2765 742 2802 novis
759 2765 913 2801 inventis
935 2764 1097 2813 quotidie
1115 2771 1336 2815 augeantur,
1356 2770 1416 2813 ut,
1434 2766 1505 2802 nisi
1525 2766 1640 2803 omnis
1659 2779 1719 2804 me

208 2834 301 2871 fallit
318 2846 420 2884 spes,
449 2832 646 2882 aliquando
668 2832 842 2869 tenebrae
865 2845 961 2869 nunc
978 2832 1209 2871 Etruscorum
1240 2835 1349 2872 rebus
1377 2833 1518 2870 offusae
1535 2833 1720 2883 dissipen-

209 2905 268 2938 tur
288 2901 488 2952 clariorque
513 2901 567 2938 his
587 2900 692 2939 terris
717 2898 894 2948 affulgeat
914 2898 985 2936 lux.
1033 2899 1126 2938 Utut
1146 2905 1223 2949 est,
1253 2901 1465 2939 orientalem
1483 2900 1719 2938 Etruscorum
