1805 3315
6 467 17 484 1

643 271 941 310 cL10.1.

139 388 264 436 »πᾶν
294 385 553 443 συμπέμψω’
593 382 668 425 καὶ
696 380 1028 437 διακελεύσομαι
1056 385 1171 425 τοῖσι
1200 382 1337 436 ἰοῦσι,
1379 379 1479 436 εἶ-95

1378 274 1434 313 97

139 482 248 514 „vm
270 463 329 517 ὣς
355 460 733 518 προθυμοτάτοισι
763 460 1026 514 συνεξελέειν
1055 460 1162 517 ὑμῖν
1189 462 1237 506 τὸ
1269 466 1432 520 θηρίον

30 549 93 593 37
141 544 224 594 »ἐκ
262 549 336 600 τῆς
371 541 566 598 χώρης.“
629 544 776 585 Ταῦτα
807 540 1040 597 ἀμείψατο·
1085 540 1431 599 ἀποχρεωμένων

87 640 91 641 ’
140 623 185 666 δὲ
212 621 405 666 τούτοισι
433 627 521 664 τών
554 625 747 673 Μυσῶν,
794 621 1076 676 ἐπεισέρχεται
1116 619 1138 664 ὁ
1179 626 1259 665 τοῦ
1290 626 1428 679 Κροί-

115 713 221 746 Ξσου
250 706 367 751 παῖς,
398 699 599 756 ἀκηκοώς
633 705 722 743 τῶν
763 701 936 744 ἐδέοντο
978 702 1023 743 οἱ
1051 703 1217 745 ,Μυσοί
1259 701 1314 745 οὕ
1345 720 1428 760 φα-

136 781 273 836 μένου
309 779 355 823 δὲ
391 784 472 824 τοῦ
511 781 712 835 Κροίσου
750 779 828 823 τόν
866 796 914 835 γε
958 780 1094 824 παῖδα
1130 791 1210 836 σφι
1236 783 1429 840 συμπέμ-

135 867 256 912 ψειν,
296 859 407 916 λέγει
435 861 545 917 πρὸς
574 859 708 904 αὐτὸν
739 858 761 904 ὁ
790 860 962 916 νεηνίης
989 858 1108 902 τάδε·
1150 854 1234 912 ,,Ὦ
1270 861 1444 918 animost

135 938 224 991 „w‘c
259 937 467 983 κάλλιστα
503 939 721 996 πρότερόν
753 955 853 983 κοτε
891 938 964 982 καὶ
1002 940 1286 994 γενναιότατα
1323 942 1429 998 ἡμῖν

133 1014 245 1075 ,,ἧν,
276 1019 318 1070 ἔς
347 1036 391 1063 τε
420 1021 637 1076 πολέμους
666 1020 740 1063 καὶ
778 1019 821 1070 ἐς
851 1017 987 1075 ἄγρας
1019 1017 1276 1074 φοιτέοντας
1306 1019 1428 1066 εὐδο-

1485 543 1578 584 Fui-ns
1614 545 1755 583 impetrat

1483 585 1602 608 veniam
1620 583 1720 612 eundi.

132 1096 358 1153 ,,κιμέειν·
401 1106 484 1143 νῦν
515 1100 560 1144 δὲ
592 1099 857 1156 ἀμφοτέρων
883 1115 934 1154 με
963 1096 1133 1141 τούτων
1162 1097 1429 1157 ἀποκληίσας
1477 1118 1530 1160 19

133 1177 296 1233 ,,έ’χεις,
342 1177 444 1222 οὔτε
480 1179 577 1222 τινα
618 1180 784 1235 δειλίην
823 1195 899 1234 μοι
926 1176 1149 1232 παριδών,
1188 1178 1288 1222 οὔτε
1318 1179 1448 1229 ἀπῆν-5

108 1258 283 1314 3,,μίην.
341 1263 427 1303 νῦν
454 1275 500 1302 τε
537 1257 669 1303 τέοισί
698 1273 750 1314 με
777 1256 860 1314 χρὴ
889 1254 1054 1313 ὄμμασι
1093 1256 1136 1309 ἔς
1173 1274 1218 1303 τε
1256 1256 1424 1316 ἀγορὴν

248 1455 356 1506 Cap.
386 1454 578 1494 xxxvii.

143 1518 460 1575 (ἷποχρεωμένων
490 1520 533 1562 δὲ
567 1519 746 1563 τούτοισι

84 1582 166 1618 τῶν
188 1578 369 1630 Μυσῶν]
401 1580 456 1617 Ita
481 1579 583 1627 libri,
614 1594 637 1618 a
664 1582 745 1630 qui-

83 1637 153 1673 bus
171 1637 383 1674 discedendi
410 1635 507 1673 nulla
526 1650 646 1674 causa.
683 1638 744 1675 Tu

83 1698 204 1731 verte:
236 1722 260 1741 ‚‚
275 1706 350 1730 cum
374 1705 452 1730 vero
462 1691 514 1729 Μ
510 1696 568 1743 gssi
586 1694 641 1731 ln’s
660 1708 742 1731 con-

85 1752 173 1787 tenti
202 1751 358 1797 essent,“
398 1754 435 1788 et
464 1752 559 1788 conf.
594 1751 630 1799 Ι,
661 1754 742 1793 102

87 1806 178 1856 ibiq.
195 1811 270 1843 not.

141 1865 218 1902 νῦν
240 1861 282 1902 δὲ
305 1858 542 1915 οἷμφοτέρων
572 1878 619 1915 με
643 1859 739 1903 τού-

15 1943 18 1954 ·
83 1934 163 1959 των
206 1915 536 1971 ἀποκληίσας
578 1919 736 1971 ἔχεις]

82 1977 105 2013 i.
131 1990 162 2014 e.
194 1980 286 2013 tenes
304 1989 355 2013 me
373 1977 550 2014 exclusum
566 1977 738 2015 s.minori

83 2047 163 2070 cum
188 2034 241 2070 vi:
272 2033 456 2070 exclusisti
479 2047 540 2071 me.
598 2033 658 2071 De
684 2034 738 2070 lo-

83 2090 227 2127 cutione
262 2096 481 2128 monuerunt
509 2090 733 2140 lVesseling.

82 2159 126 2183 ac
148 2147 315 2196 Schwgh.
336 2152 339 2156 '
376 2147 437 2184 Tu
459 2149 553 2184 conf.
569 2160 681 2196 supra
708 2147 736 2195 I,

83 2206 137 2244 27
163 2203 224 2239 fin.
256 2205 348 2244 120.
411 2203 453 2240 In
482 2204 645 2254 proxime
670 2217 736 2240 an-

83 2260 228 2297 tecedd.
267 2261 313 2297 ad
351 2258 600 2309 φοιτέοντας,
630 2273 737 2297 accu-

81 2317 258 2363 sativum,
288 2316 350 2352 ubi
375 2322 525 2367 propter
541 2329 738 2367 praegres-

83 2386 162 2409 sum
179 2370 278 2424 ’ἡμῖν
306 2373 463 2410 dativum
484 2374 737 2424 exspectabaS‚

18 2444 23 2448 ·
82 2430 176 2466 conf.
197 2433 287 2465 nott.
305 2429 354 2465 ad
382 2429 421 2477 I,
443 2431 481 2471 3.
540 2431 635 2467 Cum
649 2443 738 2479 pro-

16 2479 18 2483 ’
82 2485 185 2522 ximis
210 2485 330 2523 verbis
349 2482 442 2525 οὔτε
468 2483 558 2525 τινα
586 2486 738 2536 δειλίην

83 2557 152 2592 μοι
171 2538 354 2593 παριδών
379 2547 566 2593 comparat
585 2543 738 2580 Wesse-

82 2597 170 2648 ling.
200 2597 391 2648 Sophoclis
419 2601 531 2636 verba
553 2599 736 2649 inOedip.

84 2653 177 2703 Tyr.
211 2654 311 2696 544:
348 2654 497 2694 δειλίαν
520 2651 549 2707 ἢ
580 2656 738 2707 μωρίαν

89 2707 186 2750 ἰδών
205 2706 280 2749 τιν’
296 2709 338 2749 ἐν
358 2710 467 2761 ἐμοὶ,
494 2708 604 2751 ταῦτ’
622 2712 736 2762 ἐβου-

84 2762 212 2807 λεύσω
233 2769 387 2815 ποιεῖν,
418 2767 498 2806 coll.
516 2769 598 2819 ipso
614 2768 737 2806 Hero-

32 2821 33 2826 ’
86 2824 163 2861 dot.
185 2823 224 2871 l,
253 2826 346 2865 108.
402 2822 548 2862 Laudat
564 2825 660 2862 hunc
682 2824 738 2861 lo-

85 2892 164 2917 cum
194 2879 252 2917 vel
289 2881 411 2931 potius
450 2893 552 2928 eum,
587 2881 649 2930 qui
681 2884 739 2919 est

85 2935 187 2973 initio
207 2935 335 2986 capitis
370 2937 556 2986 sequentis
572 2936 737 2977 Thomas

135 2991 347 3030 Hnnonow.
379 2992 409 3029 Ι.

814 1453 916 1504 Mag.
955 1468 992 1505 p.
1024 1457 1105 1497 691
1144 1469 1173 1493 s.
1203 1469 1237 1494 v.
1268 1459 1466 1510 παρεῖδεν,

813 1513 915 1561 quod
936 1511 1089 1563 explicat
1108 1526 1193 1563 per:
1223 1512 1388 1554 ἔνεῖδεν.
1409 1538 1466 1543 -

813 1564 997 1619 οἷθυμίαν
1018 1570 1115 1607 idem
1136 1569 1300 1608 Thomas
1313 1571 1465 1620 Magist.

811 1638 851 1676 p.
878 1628 928 1666 16
960 1626 1029 1663 hoc
1055 1626 1133 1663 loco
1171 1626 1280 1665 allato
1311 1629 1465 1679 explicat

809 1676 955 1732 λύπην.
1014 1682 1057 1719 In
1091 1683 1254 1720 Bekkeri
1297 1684 1462 1723 Anecdd.

808 1737 826 1775 Ῑ
853 1751 890 1788 p-
922 1738 1024 1786 352,
1051 1741 1107 1780 20
1152 1739 1322 1788 leguntur
1350 1742 1461 1780 haec:

809 1789 988 1846 οἷθυμία·
1016 1790 1222 1847 Ήρόδοτος
1242 1795 1284 1836 ἐν
1295 1794 1461 1851 τῷπρώ-

806 1866 860 1905 τῳ
901 1848 1028 1891 αὐτοῦ
1056 1848 1156 1907 λόγῳ
1191 1849 1266 1905 τὴν
1295 1850 1461 1906 ἀτυχίαν

806 1907 920 1960 λέγει.

861 1978 940 2016 νῦν
957 1991 997 2015 τε
1017 1974 1140 2015 τέοισί
1162 1991 1210 2028 με
1230 1975 1304 2029 χρή
1317 1993 1395 2017 unc.
1408 1978 1457 2030 λ.]

804 2032 903 2071 Male
929 2038 1014 2071 ante
1045 2033 1202 2073 Wessel.
1232 2049 1253 2072 τ
1272 2049 1289 2074 ε
1312 2050 1331 2075 ο
1355 2039 1373 2074 ἴ
1387 2049 1410 2075 σ
1431 2052 1457 2083 ι,

805 2103 885 2128 cum
913 2088 1054 2138 τέοισι,
1084 2092 1184 2140 quod
1213 2091 1303 2129 liber
1331 2092 1457 2130 Schel-

802 2146 1063 2184 lershemianus
1098 2160 1245 2197 quoque
1291 2149 1456 2198 praebet,

803 2204 851 2239 sit
869 2203 992 2239 [onum
1009 2216 1109 2241 more
1128 2205 1261 2241 dictum
1278 2218 1346 2255 pro
1362 2205 1455 2244 τίσι.

803 2260 865 2296 Sic
893 2260 949 2307 II,
980 2263 1055 2302 81:
1094 2258 1261 2300 τέοισι
1289 2257 1455 2314 ἐγκυρή-

804 2328 874 2355 σει.
904 2317 943 2363 I,
965 2319 1012 2357 11
1033 2314 1124 2370 τέῳ
1146 2330 1213 2367 pro
1232 2317 1311 2356 τίνι
1337 2323 1374 2355 et
1393 2320 1457 2356 ali-

804 2373 840 2409 bi
897 2373 1007 2411 conf.
1039 2373 1260 2422 W⁷esseling.
1290 2375 1338 2411 ad
1365 2375 1403 2413 h.
1430 2375 1453 2413 l.

803 2428 927 2466 Minus
950 2430 1064 2477 bene,
1093 2429 1277 2468 Maittaire
1300 2431 1339 2466 in
1364 2431 1455 2469 libro

804 2486 852 2523 de
880 2485 1042 2523 dialectis
1073 2485 1202 2533 (cuius
1240 2487 1356 2524 locum
1389 2489 1456 2524 ad-

804 2542 1000 2592 scripserat
1021 2541 1051 2579 C
1059 2543 1107 2591 r.)
1136 2555 1205 2593 pro
1223 2543 1373 2581 articulo
1393 2557 1454 2582 ac—

803 2598 891 2649 cipit
923 2600 1102 2649 peiusque
1145 2600 1238 2638 adeo
1288 2601 1457 2637 Sturzius

801 2667 891 2705 pag.
934 2656 1014 2696 137
1045 2668 1113 2705 pro
1148 2659 1244 2702 σοῖς.
1303 2656 1452 2694 Rectius

803 2710 982 2749 Matthiae
1001 2710 1037 2762 ἓ
1054 2711 1135 2753 152
1152 2716 1227 2749 not.
1251 2715 1271 2752 1
1294 2725 1332 2763 p.
1356 2714 1452 2754 285.

803 2767 1062 2805 Valckenarius
1106 2769 1327 2807 coniecerat:
1376 2771 1455 2808 νῦν

803 2837 855 2863 το
869 2839 882 2862 ι
916 2823 1040 2863 τέοισί
1060 2838 1107 2875 με
1126 2821 1200 2877 χρή
1227 2840 1263 2864 κ.
1281 2840 1314 2864 τ.
1332 2827 1365 2864 λ.
1392 2826 1455 2862 ubi

804 2894 866 2919 τοι
890 2880 937 2917 sit
955 2894 1023 2932 pro
1042 2893 1118 2920 σοι.
1159 2882 1219 2918 Ad
1239 2882 1455 2919 sententiam

803 2937 922 2988 ipsam
953 2938 1113 2988 denique
1143 2938 1294 3032 lau7dant
1316 2938 1456 2976 Demo-
