1759 3324
362 270 447 309 666
772 270 1251 310 HERODOTI

336 376 486 429 23ncoe3
516 377 776 434 τελευτήσει,
824 380 896 422 καὶ
928 379 1075 432 ὁκοῖός
1121 398 1186 432 τις
1222 381 1352 425 ἔσται.
1413 382 1487 425 καὶ
1525 383 1627 426 τού-

363 469 476 500 τοισι
506 461 594 500 τῶν
618 456 835 513 Ἑλλήνων
865 461 909 502 οἱ
944 460 990 503 ἐν
1029 459 1200 517 ποιήσει
1239 461 1467 517 γενόμενοι
1504 460 1628 517 ἐχρή-

366 547 512 579 σαντο.
575 536 739 591 Τὲρατά
788 554 830 581 τε
879 539 993 582 πλέω
1043 552 1123 596 σφι
1173 538 1406 597 α’νεύρηται
1445 540 1474 596 ἢ
1516 545 1628 584 τοῖσι

336 614 536 658 samona
567 615 699 658 ἅπασι
729 614 1015 669 ἀνθρώποισι.
1063 619 1300 675 γενομένου
1330 620 1414 675 γάρ
1435 621 1653 673 τέρατος,1

363 693 642 750 φυλάσσουσι
670 691 948 750 γραφόμενοι
976 695 1279 753 τώποβαῖνον·
1331 700 1402 743 καὶ
1442 697 1499 755 ἤν
1527 714 1627 742 κοτε

362 771 550 826 ὕστερον
586 771 890 827 παραπλήσιον
919 775 1059 834 τούτῳ
1099 777 1297 833 γένηται,
1342 778 1450 820 κατὰ
1486 776 1626 822 τώυτὸ

236 856 302 904 83
361 853 590 907 νομίζουσι
630 850 942 907 ἀποβήσεσθαι.
1002 854 1209 910 [Λαντικὴ
1250 856 1295 900 δὲ
1335 854 1505 900 αὐτοῖσι
1543 852 1627 901 ὦδε

29 919 247 948 Divinationem
258 930 303 948 so-

29 953 67 980 lis
92 954 139 980 Dii
132 962 156 980 ιε
184 954 303 987 quibus-

29 986 67 1015 da
188 988 205 1015 b
679 928 932 985 ἀνθρώπων
977 932 1056 987 μὲν
1103 931 1253 977 οὐδενὶ
1298 934 1556 990 προσκέεται
1591 933 1655 992 ἦ5

69 995 98 1015 m
114 989 184 1015 attn
209 988 247 1017 Ui.

364 930 590 973 διακέεται.

332 1009 510 1065 τέχνη,
561 1014 650 1053 τῶν
680 1009 726 1053 δὲ
754 1015 873 1054 θεῶν
902 1012 1220 1067 μετεξετέροισι.
1278 1014 1352 1056 καὶ
1387 1014 1470 1070 γάρ
1495 1012 1627 1070 Ἡρα-

358 1089 481 1140 κλέος
508 1088 721 1146 μαντήϊον
752 1088 908 1133 αὐτόθι
939 1090 1048 1145 ἐστὶ,
1098 1092 1172 1135 καὶ
1205 1091 1500 1147 Ἀπόλλωνος,
1551 1094 1627 1138 καὶ

356 1166 608 1225 Ἀθηναίης,
648 1169 720 1212 καὶ
755 1166 1022 1225 Ἀρτέμιδος,
1075 1171 1147 1214 καὶ
1177 1170 1354 1227 Ἄρεος,
1392 1173 1466 1216 καὶ
1493 1172 1624 1225 Διός·

357 1247 433 1291 καὶ
463 1247 535 1304 ὅγε
564 1245 749 1303 μάλιστα
780 1248 825 1292 ἐν
852 1254 956 1307 τιμῇ
986 1249 1170 1306 ἄγονται
1198 1250 1374 1295 πάντων
1402 1255 1492 1295 τῶν
1514 1268 1625 1308 μαν-

330 1329 516 1384 3τηΐων,
558 1331 729 1384 Λητοῦς
759 1328 806 1372 ἐν
839 1332 1008 1372 Βουτοῖ
1032 1328 1135 1373 πόλι
1164 1331 1262 1374 ἐστί.
1321 1329 1375 1375 οὐ
1404 1331 1552 1387 μέντοι
1582 1333 1682 1375 αἴ10

359 1422 408 1462 γε
436 1407 644 1465 μαντήϊαί
672 1420 751 1464 σφι
780 1408 892 1452 κατα
924 1406 1066 1453 τώυτὸ
1103 1409 1271 1463 ἑστᾶσι,
1323 1408 1430 1455 ἀλλὰ
1463 1400 1624 1468 διάφο-

304 1626 387 1665 dial.
410 1627 551 1666 Herod.
582 1642 618 1679 p.
647 1627 714 1670 49.
774 1629 850 1666 Sed
875 1627 958 1668 ὁτέ-

303 1695 384 1723 οισι
404 1713 413 1731 ,
459 1689 498 1721 ut
527 1685 624 1722 idem
653 1686 746 1723 bene
780 1686 906 1732 addit,
937 1698 959 1723 a

1025 1631 1143 1680 captis
1159 1659 1170 1678 ,
1199 1643 1293 1679 quae
1319 1631 1391 1667 iam
1415 1631 1514 1682 apud
1543 1629 1680 1668 Hesio-

1027 1688 1112 1724 dum
1130 1687 1367 1724 inveniantur.

301 1741 430 1778 maiori
448 1754 512 1778 sex
533 1742 639 1779 codd.
662 1755 811 1780 numero
829 1743 959 1780 defen-

302 1797 414 1835 ditur.

358 1907 504 1950 ὁτέοισι
532 1907 763 1963 ἐγκυρήσει]
802 1913 825 1949 i.
856 1926 888 1950 e.
919 1914 956 1950 in

302 1979 390 2017 quae
403 1967 560 2016 incidat,
575 1982 664 2018 quae
683 1972 717 2006 ez*
739 1969 905 2006 accidant
926 1983 956 2006 s,

301 2036 392 2073 quae
411 2023 548 2072 futura
562 2028 636 2062 eius
657 2026 838 2075 sz'ntfata.
897 2025 956 2062 De

301 2080 566 2128 significatione
595 2083 695 2119 verbi
725 2082 830 2131 plura
869 2081 957 2118 Val-

300 2135 447 2173 ckenar.
479 2138 528 2173 ad
556 2137 591 2173 h.
614 2137 636 2174 l.
668 2143 703 2175 et
720 2137 886 2187 Lennep.
907 2138 955 2174 ad

299 2191 482 2229 Phalarid.
512 2193 618 2243 epist.
657 2207 742 2243 pag.
771 2195 864 2235 234-
897 2215 953 2221 -

299 2247 390 2285 Mox
421 2247 461 2286 οἵ
491 2247 533 2287 ἐν
562 2262 722 2314 ποιησει
751 2245 955 2314 γενόμενοι

300 2307 386 2341 sunt
405 2306 467 2354 qui
478 2307 598 2354 ροέἐῑη
616 2309 786 2352 tractant,
804 2308 841 2342 in
859 2308 955 2354 poesi

301 2363 488 2410 occupati,
529 2364 665 2399 versati
693 2365 785 2398 sunt.
844 2362 952 2398 Conf.

301 2416 480 2454 Matthiae
511 2417 577 2454 Gr.
606 2418 671 2454 Gr.
714 2431 800 2468 pag.
836 2418 954 2458 1040.

301 2472 427 2522 Atque
448 2473 666 2511 documento
684 2479 781 2511 esset
793 2503 803 2521 ‚
817 2478 859 2509 ut
870 2487 956 2510 een-

302 2533 360 2567 set
377 2527 564 2567 Letronne
594 2529 617 2566 l.
641 2529 665 2566 l.
695 2543 780 2580 pag.
803 2530 856 2570 58
877 2543 954 2578 seq.

301 2589 393 2633 not.‚
409 2585 465 2622 hic
482 2585 579 2622 locus
592 2615 602 2632 ‚
622 2589 749 2636 poetas
765 2586 955 2622 Herodoto

300 2643 442 2693 priores
489 2642 662 2679 similibus
710 2642 953 2692 prognosticis

301 2711 386 2735 usos
403 2711 506 2746 esse,
535 2698 604 2735 nisi
631 2698 743 2736 multo
769 2700 864 2735 foret
892 2711 955 2735 ve·

302 2754 504 2802 risimilius‚
521 2755 730 2792 historicum
751 2754 953 2791 doctrinam

302 2810 589 2861 Aegyptiacam,
623 2811 696 2860 qu&
727 2810 844 2847 obiter
873 2814 954 2846 tau-

304 2871 382 2904 tum
399 2868 509 2906 fuerit
535 2867 717 2915 imbutus,
746 2866 954 2904 confudisse

304 2936 385 2961 cum
420 2923 668 2976 prognosticis
707 2935 750 2962 ex
784 2921 891 2960 lunae
920 2921 954 2958 vi

1089 1739 1237 1793 Τέρατά
1254 1758 1293 1783 τε
1312 1741 1416 1782 πλέω
1439 1741 1532 1793 σφι]
1562 1743 1678 1780 Gaisf.

1028 1799 1140 1837 edidit
1173 1798 1292 1848 πλέα,
1330 1801 1429 1837 haud
1457 1800 1530 1837 scio
1571 1800 1679 1837 unde.

1028 1857 1151 1900 Quare
1176 1856 1305 1906 reliqui
1328 1855 1445 1895 πλέω.
1504 1855 1576 1893 Pro
1606 1867 1681 1906 σφι

1024 1912 1108 1949 olim
1135 1924 1243 1962 σφιν.

1183 1970 1290 2020 Cap.
1319 1967 1526 2006 LXXXIII.

1081 2021 1312 2077 ἀνθρώπων
1327 2023 1398 2074 μὲν
1413 2020 1548 2064 ου’δενὶ
1559 2036 1679 2076 προσ-

1024 2080 1152 2120 κέεται
1177 2097 1213 2120 κ.
1231 2097 1262 2120 τ.
1282 2080 1331 2132 λ.]
1366 2081 1583 2119 Sacerdotes
1599 2094 1679 2118 eum

1025 2139 1095 2175 diis
1113 2138 1330 2187 quibusdam
1352 2138 1437 2175 solis
1458 2136 1602 2174 oracula
1612 2138 1679 2173 ad-

1026 2195 1244 2241 scriberent,
1257 2207 1300 2231 eo
1325 2194 1404 2244 ipso
1429 2207 1531 2231 suam
1552 2193 1622 2230 vim
1641 2197 1679 2231 et

1023 2251 1275 2287 auctoritatem
1313 2250 1462 2298 egregie
1512 2250 1678 2287 firmasse

1024 2308 1197 2343 censendi
1216 2311 1309 2342 sunt.
1367 2306 1418 2342 Et
1444 2307 1590 2342 omnino
1611 2319 1679 2343 ne-

1022 2363 1155 2400 minem
1178 2363 1290 2410 fugit,
1309 2366 1483 2411 quantum
1501 2361 1678 2400 valuerint

1027 2418 1173 2454 oracula
1209 2419 1257 2455 ad
1294 2419 1521 2456 sacerdotum
1559 2418 1678 2468 impe-

1023 2475 1115 2511 rium
1137 2479 1173 2512 et
1199 2475 1481 2525 propagandum
1509 2479 1545 2512 et
1573 2480 1678 2512 tuen-

1023 2531 1121 2567 dum.
1179 2530 1237 2568 De
1273 2544 1345 2579 quo
1359 2559 1369 2578 ,
1414 2530 1677 2581 Aegyptiorum

1023 2587 1059 2622 in
1089 2587 1220 2633 rebus,
1250 2588 1389 2623 monuit
1417 2587 1577 2624 Heeren.
1607 2587 1630 2624 l.
1651 2586 1674 2624 l.

1022 2656 1056 2693 p.
1084 2645 1174 2683 190.
1236 2642 1302 2679 Cr.
1326 2644 1465 2680 confert
1484 2648 1676 2692 praeterea

1023 2699 1159 2736 Gesen.
1181 2699 1229 2735 ad
1249 2698 1353 2736 lesai.
1376 2698 1511 2745 ΧΙΧ,3
1531 2713 1566 2750 p.
1578 2699 1674 2741 604.

1021 2777 1076 2783 ——
1096 2755 1137 2791 lu
1157 2768 1232 2803 seq.
1255 2755 1303 2791 ad
1324 2754 1540 2793 locutionem
1559 2754 1602 2795 ἐν
1622 2769 1675 2794 τι-

1022 2812 1079 2864 μῇ
1099 2807 1263 2862 ἄγονται
1281 2813 1375 2848 conf.
1397 2811 1433 2858 I,
1453 2811 1533 2854 134
1563 2815 1600 2850 et
1626 2811 1675 2849 de

1022 2868 1102 2918 ipso
1125 2867 1268 2904 oraculo
1290 2867 1341 2914 ll,
1362 2867 1454 2910 155.

1080 2922 1125 2963 αἵ
1141 2937 1183 2976 γε
1207 2919 1417 2975 μαντήϊαι]
1449 2924 1472 2962 i.
1490 2937 1522 2963 e.
1541 2922 1674 2976 (expli-
1744 2914 1747 2927 ’
