1759 3324
42 852 170 894 Smyrna
195 864 229 883 ex
247 856 285 884 iis

40 894 159 916 amissa.

350 279 435 321 346

763 281 1227 321 HERODOTI

350 405 419 438 αι,
452 387 656 443 Μύρινα,
679 389 890 446 Γρύνεια·
920 386 1049 434 αὗται
1069 391 1220 435 ἕνδεκα
1240 390 1436 435 Αἰολέων
1462 391 1607 445 πόλιες

344 468 395 511 αἱ
426 466 610 524 α’ρχαῖαι.
656 472 734 526 μία
761 469 846 526 γάρ
878 481 1025 526 σφεων
1061 470 1286 527 παρελύθη
1321 469 1406 515 ὑπὸ
1433 468 1603 523 Ἰώνων,

317 547 545 604 ΞΣμύρνη.
604 543 715 605 ἦσαν
755 549 835 604 γὰρ
876 550 947 592 καὶ
986 544 1112 593 αὗται
1157 548 1354 593 δυώδεκα
1395 552 1440 592 αἱ
1477 549 1523 593 έν
1552 554 1662 607 τῇ90

344 625 520 684 ἠπείρῳ.
554 621 677 670 οὗτοι
708 627 754 670 δὲ
784 629 827 670 οἱ
855 628 1029 678 Αἰολέες
1057 628 1202 684 χώρην
1231 628 1310 684 μὲν
1341 628 1492 684 ἔτυχον
1521 630 1605 672 κτί-

305 691 313 698 ’
343 716 492 756 σαντες
522 703 682 761 ἀμείνω
707 703 890 757 Ἰώνων,
921 705 1070 761 ὡρέων
1100 708 1145 751 δὲ
1167 707 1364 764 ἥκουσαν
1384 707 1465 751 οὐκ
1486 707 1603 764 ὁμοί-

185 788 286 837 150
344 801 416 836 ως.
446 783 662 840 Σμύρνην
692 783 738 827 δὲ
768 777 852 827 0362
889 782 1109 840 ἀπέβαλον
1137 786 1323 838 Αἰολέες.
1383 790 1603 843 Κολοφω-

341 864 464 914 νίους
504 862 667 917 ἄνδρας
703 861 849 906 στάσει
889 862 1182 917 ἑσσωθέντας,
1232 865 1303 908 καὶ
1344 865 1602 917 ἐκπεσόντας

311 942 391 986 Ξέκ
420 944 496 998 τῆς
524 942 751 996 πατρίδος,
779 939 1053 993 ὑπεδέξαντο.
1101 942 1207 999 μετὰ
1233 944 1297 996 δὲ,
1339 947 1382 987 οἱ
1411 945 1657 1000 φυγάδες95

338 1023 428 1064 τῶν
457 1021 764 1077 Κολοφωνίων
793 1020 1060 1076 φυλάξαντες
1088 1021 1191 1073 τούς
1211 1023 1496 1079 Σμυρναίους
1524 1021 1601 1078 ὁρ-

337 1100 417 1155 τὴν
445 1099 524 1151 ἔξω
553 1101 710 1156 τείχεος
748 1099 1037 1155 ποιευμένους
1073 1099 1306 1162 Διονύσῳ,
1354 1101 1430 1152 τὰς
1458 1101 1603 1153 πύλας

309 1177 699 1235 Βᾶποκληΐσαντες,
742 1178 869 1236 ἔσχον
896 1178 976 1237 τὴν
1004 1178 1145 1224 πόλιν.
1205 1179 1523 1238 βοηθησάντων
1553 1180 1601 1224 δὲ

334 1257 512 1303 πάντων
540 1257 754 1311 Αἰολέων,
800 1258 1009 1316 ὁμολογίῃ
1047 1259 1309 1317 ἐχρήσαντο,
1357 1260 1410 1304 τὰ
1441 1261 1598 1304 ἔπιπλα

334 1336 593 1382 ἀποδόντων
620 1341 709 1382 τῶν
731 1336 911 1392 Ἰώνων,
943 1339 1130 1383 ἐκλιπεῖν
1154 1339 1370 1397 Σμύρνην
1398 1339 1596 1391 Αἰολέας.

273 1520 463 1577 γειρούση
491 1524 591 1575 apud
620 1523 837 1562 Strabonem
873 1523 928 1561 IX

271 1594 309 1632 p
327 1583 410 1623 394
440 1595 470 1619 s
490 1580 593 1628 604,
624 1580 667 1618 C.
693 1580 741 1618 D.
802 1581 928 1624 Quare

271 1642 471 1687 quaerunt,
501 1650 549 1675 an
579 1637 637 1674 hic
663 1638 784 1687 potius
805 1637 926 1674 Elaea

270 1694 317 1730 sit
342 1694 577 1743 intelligenda
605 1686 792 1743 (Ἐλαία),
816 1706 925 1743 quam

269 1751 399 1788 u1bem
414 1750 626 1798 Aeolicam,
656 1751 694 1787 in
712 1750 781 1788 hoc
801 1749 926 1787 Hero-

271 1807 350 1844 doti
379 1820 531 1845 recensu
559 1807 750 1855 omissam,
790 1806 923 1843 Strabo

269 1863 461 1913 aliquoties
491 1864 656 1901 nominat
694 1868 804 1913 atque
838 1863 924 1900 Ste-

269 1919 413 1971 phanus
443 1920 599 1968 Byzant.
642 1919 924 1968 Schweighaeu-

267 1989 352 2013 εει-ο
373 1975 458 2012 oliui
477 1976 613 2026 placuit
626 1976 783 2013 scribere
800 1971 923 2026 Ἀργι-

267 2027 415 2071 νόεσσα
427 2061 438 2080 ,
459 2036 500 2069 ut
513 2044 585 2068 una
596 2044 712 2082 eaque
728 2036 921 2081 praestan-

266 2088 339 2126 tior
367 2087 629 2137 intelligeretur
660 2087 921 2135 Arginusarum

265 2143 407 2192 insula,
438 2156 529 2193 quas
556 2144 603 2180 ad
623 2143 808 2182 Aeolicam
827 2156 918 2192 gen-

266 2206 342 2238 tem
377 2201 598 2251 pertinuisse
639 2203 792 2238 constat.
861 2199 920 2238 De

264 2256 320 2293 his
350 2258 445 2293 cons.
475 2256 607 2307 Poppo
640 2257 688 2294 ad
712 2256 918 2306 Thucydid.

263 2311 342 2349 Ρ.Ι
372 2312 454 2350 Vol.
478 2312 513 2350 ΙΙ
540 2327 577 2364 p.
599 2311 682 2354 448
707 2325 785 2362 seq.
843 2312 920 2350 Sed

264 2368 384 2419 ipsum
403 2369 517 2406 virum
542 2371 688 2407 doctum
712 2382 786 2406 non
810 2369 917 2418 fugit,

261 2425 448 2462 adversari
478 2425 547 2463 hoc
575 2425 758 2464 Herodoti
781 2426 914 2472 verbis,

263 2481 325 2530 qui
342 2480 409 2518 has
436 2481 597 2520 civitates
617 2494 744 2520 omnes
771 2482 809 2519 in
829 2495 916 2520 con-

260 2537 389 2575 tinenti
407 2538 581 2587 posuerit.
593 2538 703 2575 —In
721 2551 826 2588 seqq.
845 2552 913 2589 pro

260 2593 428 2645 Αἰγαῖαι
445 2607 538 2630 unus
557 2594 648 2632 liber
662 2595 825 2647 Αἰγαία,
846 2608 913 2633 nec

259 2650 363 2688 aliter
382 2649 488 2687 Valla
505 2650 732 2701 exprimens:
754 2651 910 2700 Aegaea.

316 2706 387 2774 μία
413 2721 497 2771 γαρ
529 2718 666 2756 σφεων
701 2703 911 2759 παρελύθη

257 2759 338 2802 ’ὕπὸ
367 2758 530 2813 Ἰώνων]
580 2762 603 2800 i.
641 2777 674 2802 e.
714 2764 806 2801 haec
840 2776 914 2801 una

258 2819 401 2858 ademta
418 2824 477 2858 est
495 2819 564 2856 illis
585 2817 761 2867 (Aeolicis
786 2821 912 2858 civita-

231 2873 234 2875 ’
258 2877 383 2926 tibus)
414 2890 444 2914 s.
473 2880 664 2928 separata,
691 2877 836 2915 divulsa
865 2876 910 2914 ab

258 2934 416 2972 Ionibus.

1054 1520 1190 1576 (ὁρέων
1220 1520 1263 1562 δὲ
1294 1519 1475 1574 ἤκουσαν
1503 1517 1578 1563 ούκ
1608 1520 1650 1563 ὅ·

995 1581 1142 1633 μοίως]
1175 1581 1197 1617 i.
1223 1593 1254 1617 e.
1286 1580 1412 1631 (quae
1431 1593 1516 1618 vero
1531 1580 1648 1628 terra)

993 1638 1080 1675 coeli
1104 1638 1263 1686 temperie
1282 1649 1358 1675 non
1385 1636 1560 1686 aequabat
1588 1635 1647 1672 Io-

991 1707 1074 1731 num
1089 1695 1273 1742 regionem.
1331 1693 1391 1732 De
1410 1691 1541 1745 ωρέων
1556 1693 1649 1729 vidi-

991 1764 1071 1788 mus
1093 1752 1141 1788 ad
1169 1750 1207 1797 Ι,
1234 1749 1327 1792 142.
1367 1749 1427 1788 De
1457 1749 1567 1788 verbo
1595 1744 1648 1800 ἥ-

990 1821 1075 1848 κειν
1098 1806 1200 1855 adl,
1233 1807 1299 1848 30.

1214 1944 1324 1996 Cap.
1355 1943 1434 1982 CL.

1045 2025 1241 2082 Σμύρνην
1273 2026 1316 2068 δὲ
1336 2023 1413 2068 ὦδε
1443 2023 1644 2078 ἐπέβαλον

988 2086 1174 2134 Αἰολέες]
1205 2086 1370 2133 Eadem,
1402 2098 1496 2134 quae
1516 2084 1573 2121 hic
1589 2084 1643 2122 le-

988 2144 1106 2194 gimus
1119 2172 1130 2190 ,
1160 2143 1360 2180 Pausanias
1383 2143 1494 2179 refert
1513 2140 1642 2189 V11‚5,

988 2201 1045 2237 cui
1066 2200 1237 2237 Strabon.
1259 2200 1369 2248 iunge
1390 2198 1477 2235 XIV
1496 2197 1642 2246 p.940,

986 2257 1030 2294 B.
1053 2257 1097 2293 C.
1147 2256 1255 2293 Conf.
1283 2268 1378 2305 quae
1414 2255 1462 2292 ad
1487 2253 1527 2301 l,
1561 2253 1642 2295 149

986 2313 1054 2350 hac
1073 2313 1119 2351 de
1139 2326 1178 2350 re
1196 2315 1287 2349 nott.
1308 2315 1404 2348 sunt.
1462 2310 1505 2346 In
1534 2323 1639 2359 seqq.

986 2369 1130 2407 Schaef.
1149 2381 1303 2417 eumque
1316 2372 1461 2406 secutus
1473 2366 1641 2415 Schwgh.

987 2429 1023 2463 et
1044 2426 1162 2463 Gaisf.
1181 2425 1404 2463 refinxerunt
1426 2417 1564 2470 στάσι,
1587 2422 1641 2459 uti

983 2483 1036 2534 τῇ
1052 2478 1143 2521 πόλι
1172 2481 1226 2528 ΙΙ,
1260 2483 1325 2522 67.
1358 2481 1451 2520 137.
1517 2478 1639 2527 Vulgo

984 2535 1117 2577 στάσει
1135 2551 1203 2576 nec
1226 2537 1297 2574 ulla
1315 2537 1471 2573 varietas
1495 2549 1516 2573 e
1536 2534 1638 2571 libris

981 2598 1168 2641 enotatur,
1200 2593 1272 2629 nisi
1293 2592 1393 2641 quod
1407 2605 1500 2628 unus
1527 2590 1638 2628 habet

981 2647 1124 2689 στάσιϊ.
1176 2649 1273 2686 Hinc
1313 2648 1445 2687 retinui
1488 2643 1636 2694 στάσει,

980 2708 1082 2755 quod
1113 2710 1150 2743 et
1176 2706 1257 2756 ipse
1296 2705 1529 2742 Gaisfordius
1559 2705 1637 2742 iure

980 2762 1127 2800 retinuit
1146 2761 1186 2810 Ι,
1209 2763 1275 2803 60.

1036 2870 1083 2912 τοέ
1115 2872 1260 2914 ἔπιπλα
1288 2869 1541 2924 ἀποδόντων]
1572 2872 1631 2912 Cf.

980 2931 1027 2969 ad
1050 2931 1088 2978 Ι,
1109 2929 1176 2973 94.
