1759 3324
542 257 962 298 EUTERPE.
1019 259 1065 297 ΙΙ.

1340 261 1425 302 549

137 375 292 424 8,,τῶν
320 368 533 423 δενδρέων
560 369 748 420 καρποῦ.
809 365 1089 422 ἁπτομένοισι
1120 365 1166 410 δέ
1197 378 1275 424 σφι
1299 369 1420 413 ἐπελ-
1434 376 1479 411 35

163 455 295 503 ,,θεῖν
324 447 485 501 ἄνδρας
509 445 712 500 μικροὺς,
745 447 934 501 μετρίων
963 445 1200 497 ἐλάσσονας
1230 444 1420 503 ἀνδρῶν,

161 526 406 582 ,,λαβόντας
435 524 480 568 δὲ
511 524 631 580 ἄγειν
660 524 819 581 σφέας·
871 529 1022 581 φωνῆς
1061 525 1106 568 δὲ
1146 523 1247 569 οὕτε
1275 543 1317 570 τι
1345 531 1422 583 τῆς

159 606 373 659 »ἐκείνων
409 603 511 655 τούς
548 607 829 660 Νασαμῶνας
866 603 1116 660 γινώσκειν,
1177 605 1277 648 οὔτε
1313 606 1420 657 τούς

131 682 381 740 9,,ὄῖγοντας
411 687 500 727 τῶν
530 683 836 740 Νασαμώνων.
871 683 993 740 ἄγειν
1021 700 1064 727 τε
1092 683 1144 740 δὴ
1176 682 1339 736 αὐτούς
1369 682 1427 729 δι”

157 762 324 817 ,,ἓλέων
352 764 584 820 μεγίστων,
630 763 703 807 καὶ
733 762 1033 817 διεξελθόντας
1069 765 1228 814 ταῦτα,
1270 761 1480 807 vimus-40

155 876 181 897 ,,
194 848 300 887 σθαι
328 842 372 894 ἐς
401 841 553 896 πόλιν,
592 843 638 887 ἐν
675 845 730 901 τῇ
759 842 953 894 ἅπαντας
983 840 1094 886 εἶναι
1121 847 1237 886 τοῖσι
1267 842 1424 899 ἄγουσι

101 922 205 967 1οτὁ
234 920 424 980 μέγαθος
451 924 600 976 ἴσους,
627 927 779 980 χρῶμα
809 923 855 969 δὲ
882 924 1084 979 μέλανας.
1111 921 1232 978 παρὰ
1268 922 1314 968 δὲ
1342 922 1424 980 τὴν

104 1165 275 1204 credibile
306 1168 384 1212 est,
423 1165 562 1201 fructus
602 1164 754 1212 arboris,

104 1235 199 1272 quae
219 1222 348 1259 dicitur
368 1220 483 1258 Schea
499 1220 625 1269 Τοιιίιι,
650 1221 756 1258 Schi-

102 1279 207 1316 haum
228 1292 257 1315 s.
278 1276 532 1324 Butterbaum,
563 1282 599 1315 et
617 1290 684 1328 per
700 1281 757 1315 to-

103 1339 180 1373 tam
198 1335 406 1372 interiorem
415 1333 573 1370 Africam
592 1338 649 1371 est
667 1346 757 1384 pro-

102 1395 252 1442 pagata.
281 1391 388 1428 conf.
408 1390 542 1428 Ritter.
563 1389 756 1427 Erdkund.

103 1448 119 1486 I
135 1461 170 1498 p.
182 1446 276 1488 347.
305 1445 386 1485 Nec
406 1446 510 1484 aliter
529 1447 643 1485 visum
653 1447 756 1485 Hee-

102 1505 204 1543 renio
223 1503 245 1540 l.
268 1502 291 1540 l.

160 1560 344 1601 ἐπελθεῖν
381 1555 529 1611 ἄνδρας
576 1555 755 1611 μικροὺς,

105 1616 274 1669 μετρίων
316 1611 533 1662 ἐλάσσονας
568 1611 753 1665 οἷνδρῶν]

102 1673 162 1714 De
182 1672 398 1722 Aethiopiae
428 1672 552 1710 incolis
585 1672 756 1709 brevissi-

104 1731 171 1768 mis
210 1729 365 1775 statura,
413 1729 466 1766 ita
493 1733 533 1765 ut
569 1728 656 1765 inde
682 1727 757 1778 Py·

105 1798 315 1836 gmaeorum
341 1785 500 1822 fabulam
533 1789 652 1822 ortam
679 1798 756 1822 cre-

105 1844 192 1881 dere
208 1842 327 1888 liceat,
336 1841 458 1879 Strab.
470 1841 571 1878 XVII
580 1855 616 1891 p.
632 1843 753 1888 1176,

103 1898 139 1938 D
168 1912 196 1936 s.
221 1911 257 1948 p.
276 1899 370 1940 821.
409 1897 547 1935 Similia
574 1898 756 1946 quaedam

104 1954 303 1994 Nonnosus
335 1954 435 2005 apud
458 1954 629 1991 Photium
658 1953 753 1991 Bibl.

105 2011 200 2050 Cod.
231 2010 283 2048 ΙΙΙ
311 2024 347 2061 p.
371 2012 417 2057 8,
453 2023 547 2059 quae
579 2010 757 2048 recentio-

103 2080 182 2105 rum
201 2080 349 2116 quoque
374 2067 583 2105 narratione
606 2067 756 2117 probari

104 2128 230 2162 monet
249 2123 461 2161 Larcherus.
501 2122 634 2172 Neque
660 2123 755 2161 enim

105 2193 199 2218 nunc
223 2180 331 2217 aliam
369 2181 416 2218 de
452 2180 532 2216 istis
571 2180 753 2217 interioris

105 2236 246 2275 Africae
259 2237 428 2286 gentibus
445 2236 654 2287 opinionem
671 2237 756 2274 ferri

106 2294 321 2330 confirmant
341 2322 353 2341 ,
409 2306 504 2343 quae
550 2293 760 2330 Heerenius

106 2350 256 2400 protulit
277 2349 298 2386 l.
318 2349 340 2386 l.
369 2363 405 2401 p.
428 2351 519 2391 199.
542 2352 636 2391 200.
675 2348 756 2387 Alia

108 2405 195 2442 olim
223 2404 370 2443 Ludolf.
411 2406 553 2443 Histor.
582 2405 754 2456 Aethiop.

109 2473 192 2511 pag.
210 2463 262 2502 69
274 2484 324 2490 —-
335 2463 402 2504 74.
432 2462 675 2512 Nuperrimae
692 2475 757 2499 au-

109 2521 183 2554 tem
200 2519 329 2555 aetatis
355 2519 628 2569 peregrinator,
657 2517 755 2556 Mal-

110 2572 216 2620 lien.,
230 2575 266 2610 in
282 2576 424 2613 mediae
436 2575 577 2613 Africae
595 2576 756 2624 regioni-

110 2628 179 2665 bus
196 2629 358 2669 homines
381 2635 458 2669 tam
487 2644 624 2682 parvae
641 2636 757 2669 statu-

112 2696 176 2722 rae
192 2687 410 2737 eosdemque
426 2687 674 2726 imbecillimos
687 2718 698 2736 ,
716 2691 757 2725 ut

112 2739 189 2778 iure
214 2740 417 2791 Pygmaeos
450 2745 605 2793 dixeris,
635 2757 676 2782 se
699 2745 757 2782 in-

114 2796 254 2835 venisse
282 2802 456 2848 testatur,
494 2800 618 2849 lingua
648 2800 758 2838 etiam

113 2851 370 2893 diversissimos
399 2870 422 2894 a
448 2855 594 2906 reliquis
613 2855 758 2895 Africae

822 1165 1016 1215 gentibus,
1060 1167 1103 1202 ut
1141 1176 1230 1203 sane
1263 1163 1480 1202 Herodotea

823 1223 982 1259 narratio
1013 1221 1060 1259 de
1090 1219 1361 1258 Nasamonibus
1396 1221 1480 1258 hinc

823 1278 988 1316 nonnihil
1014 1276 1173 1315 lucretur
1202 1277 1312 1324 lucis3
1351 1278 1478 1315 videas

823 1334 978 1383 Voyage
997 1334 1087 1371 dans
1117 1334 1314 1371 l'interieur
1342 1335 1390 1371 de
1406 1332 1480 1370 l’A-

824 1391 942 1440 frique
963 1394 1031 1428 etc.
1054 1391 1144 1428 faite
1171 1403 1217 1428 en
1249 1391 1358 1431 1818
1393 1393 1420 1427 t.
1445 1389 1480 1427 Ι[

823 1460 859 1498 p.
882 1449 976 1488 209.
997 1448 1090 1488 262.
1128 1446 1171 1484 In
1189 1458 1293 1496 seqq.
1315 1447 1365 1484 ad
1383 1442 1480 1492 τούς

825 1500 994 1555 ἄγοντας
1007 1504 1087 1541 τῶν
1102 1499 1371 1553 Νασαμώνων
1383 1503 1476 1541 conf.

823 1560 956 1599 Matth.
974 1558 1010 1611 §-
1031 1559 1119 1601 570
1134 1572 1172 1611 p.
1188 1561 1308 1602 1126.

880 1638 1101 1682 α’πικὲσθαι
1125 1642 1164 1690 ἔς
1182 1640 1300 1683 πόλιν
1319 1657 1354 1682 κ.
1374 1656 1407 1682 τ.
1425 1641 1476 1692 λ.]
1495 1650 1497 1653 ’

824 1700 929 1744 Quae
958 1701 1064 1748 urbs,
1101 1700 1171 1737 nisi
1200 1713 1244 1738 ea
1273 1703 1355 1747 est,
1384 1712 1480 1748 quae

824 1756 1033 1795 Tombuetu
1063 1768 1159 1793 nunc
1189 1756 1318 1794 dicitur
1334 1756 1480 1805 amplis-

826 1813 917 1850 sima
948 1817 985 1851 et
1011 1814 1225 1850 commercio
1256 1824 1323 1862 per
1360 1812 1479 1849 varias

823 1868 969 1907 Africae
986 1873 1109 1919 partes
1124 1868 1207 1906 hinc
1230 1869 1397 1905 instituto
1419 1881 1479 1906 ce-

821 1925 1034 1973 leben-ima,
1065 1929 1165 1964 certe
1191 1925 1328 1962 inistis
1358 1925 1480 1973 regio-

820 1982 930 2019 nibus
957 1982 1029 2019 sita
1059 1983 1173 2019 fuisse
1206 1981 1360 2018 videtur.
1418 1979 1481 2018 Ad·

821 2039 911 2076 istas
943 2038 1038 2076 enim
1069 2038 1238 2087 regiones
1267 2038 1371 2075 unice
1390 2049 1480 2086 qua-

822 2095 930 2133 drant
940 2094 1123 2132 Herodoti
1142 2094 1263 2131 verba.
1296 2093 1356 2130 Tu
1379 2094 1474 2131 conf.

824 2152 873 2189 de
899 2151 967 2189 hac
986 2151 1076 2188 urbe
1107 2151 1243 2188 Ritter.
1274 2149 1480 2188 Erdkunde

823 2207 881 2254 ΙΙ,
905 2210 928 2248 1
958 2221 993 2258 p.
1014 2206 1096 2248 445
1131 2220 1234 2256 seqq.
1265 2205 1348 2247 457
1375 2218 1478 2255 seqq.

822 2263 1048 2302 Dubitanter
1063 2263 1150 2301 olim
1173 2264 1219 2301 de
1238 2261 1294 2299 his
1315 2274 1480 2312 pronun-

824 2321 980 2358 tiaverat
999 2319 1128 2358 Ukert.
1160 2319 1298 2368 Geogr.
1320 2319 1388 2355 der
1411 2318 1476 2355 Gr.

823 2390 858 2414 u.
880 2376 988 2414 Rom.
1014 2376 1053 2424 I,
1072 2378 1093 2416 1
1118 2389 1204 2427 pag.
1224 2377 1303 2423 76,
1324 2375 1385 2424 qui
1407 2387 1479 2423 quo

823 2438 993 2484 tempore
1028 2432 1200 2484 scripsit,
1240 2444 1284 2470 eo
1318 2431 1480 2468 nondum

823 2491 920 2527 istae
969 2490 1138 2539 regiones
1184 2492 1262 2525 tam
1309 2488 1481 2536 cognitae

823 2550 949 2593 erant,
979 2558 1090 2595 quam
1120 2558 1215 2582 nunc
1239 2547 1325 2581 sunt
1354 2556 1481 2581 recen-

824 2603 958 2640 tiorum
968 2602 1243 2652 Europaeorum
1261 2598 1401 2647 studiis,
1418 2600 1479 2648 qui

824 2671 965 2696 summo
981 2671 1062 2695 cum
1084 2656 1243 2708 periculo
1263 2656 1313 2695 ad
1325 2655 1390 2695 has
1405 2659 1480 2694 ter-

824 2727 884 2754 ras
901 2715 1090 2766 progressi
1107 2718 1204 2752 sunt.

880 2795 988 2851 παροῖ
1008 2796 1051 2838 δὲ
1068 2795 1142 2849 τήν
1152 2792 1271 2837 πόλιν
1283 2795 1389 2848 ῥέειν
1408 2810 1480 2835 πο-

824 2852 952 2908 ταμὸν
974 2853 1118 2908 μέγαν]
1150 2854 1269 2892 Valde
1297 2854 1480 2904 discepta-
