<?xml version="1.0" encoding="UTF-8"?>
<!DOCTYPE html PUBLIC "-//W3C//DTD XHTML 1.0 Transitional//EN"
    "http://www.w3.org/TR/xhtml1/DTD/xhtml1-transitional.dtd">
<html xmlns="http://www.w3.org/1999/xhtml" xml:lang="en" lang="en">
 <head>
  <title>
</title>
<meta http-equiv="Content-Type" content="text/html;charset=utf-8" />
  <meta name='ocr-system' content='tesseract 3.04.00' />
  <meta name='ocr-capabilities' content='ocr_page ocr_carea ocr_par ocr_line ocrx_word'/>
</head>
<body>
  <div class='ocr_page' id='page_1' title='image "./musaeher01hero/musaeher01hero_0427.png"; bbox 0 0 1759 3324; ppageno 0'>
   <div class='ocr_carea' id='block_1_1' title="bbox 623 268 1412 312">
    <p class='ocr_par' dir='ltr' id='par_1_1' title="bbox 623 268 1412 312">
     <span class='ocr_line' id='line_1_1' title="bbox 623 268 1412 312; baseline 0.005 -6"><span class='ocrx_word' id='word_1_1' title='bbox 623 268 840 307; x_wconf 91' lang='lat' dir='ltr'>CLIO.</span> <span class='ocrx_word' id='word_1_2' title='bbox 898 269 927 306; x_wconf 87' lang='lat' dir='ltr'>I.</span> <span class='ocrx_word' id='word_1_3' title='bbox 1326 271 1412 312; x_wconf 77' lang='lat'>409</span> 
     </span>
    </p>
   </div>
   <div class='ocr_carea' id='block_1_2' title="bbox 153 374 1413 437">
    <p class='ocr_par' dir='ltr' id='par_1_2' title="bbox 153 374 1413 437">
     <span class='ocr_line' id='line_1_2' title="bbox 153 374 1413 437; baseline -0.002 -13"><span class='ocrx_word' id='word_1_4' title='bbox 153 396 206 437; x_wconf 85' lang='grc' dir='ltr'>τη</span> <span class='ocrx_word' id='word_1_5' title='bbox 238 379 317 436; x_wconf 77' lang='grc' dir='ltr'>μὲν</span> <span class='ocrx_word' id='word_1_6' title='bbox 355 374 586 428; x_wconf 70' lang='grc' dir='ltr'><strong><em>ἀπεδέξατο</em></strong></span> <span class='ocrx_word' id='word_1_7' title='bbox 634 376 812 433; x_wconf 75' lang='grc' dir='ltr'><strong><em>χώματα</em></strong></span> <span class='ocrx_word' id='word_1_8' title='bbox 869 375 953 421; x_wconf 79' lang='grc' dir='ltr'>ἀνὰ</span> <span class='ocrx_word' id='word_1_9' title='bbox 991 378 1041 422; x_wconf 85' lang='grc' dir='ltr'>τὸ</span> <span class='ocrx_word' id='word_1_10' title='bbox 1091 377 1244 422; x_wconf 83' lang='grc' dir='ltr'><em>πεδίον</em></span> <span class='ocrx_word' id='word_1_11' title='bbox 1282 376 1413 422; x_wconf 75' lang='grc' dir='ltr'><strong><em>ἐόντα</em></strong></span> 
     </span>
    </p>
   </div>
   <div class='ocr_carea' id='block_1_3' title="bbox 154 458 400 512">
    <p class='ocr_par' dir='ltr' id='par_1_3' title="bbox 154 458 400 512">
     <span class='ocr_line' id='line_1_3' title="bbox 154 458 400 512; baseline -0.017 -9.121"><span class='ocrx_word' id='word_1_12' title='bbox 154 458 400 512; x_wconf 78' lang='grc' dir='ltr'><strong><em>ἀξιοθέητα·</em></strong></span> 
     </span>
    </p>
   </div>
   <div class='ocr_carea' id='block_1_4' title="bbox 459 454 1410 513">
    <p class='ocr_par' dir='ltr' id='par_1_4' title="bbox 459 454 1410 513">
     <span class='ocr_line' id='line_1_4' title="bbox 459 454 1410 513; baseline 0.004 -16"><span class='ocrx_word' id='word_1_13' title='bbox 459 454 672 509; x_wconf 77' lang='grc' dir='ltr'>πρότερον</span> <span class='ocrx_word' id='word_1_14' title='bbox 710 457 756 501; x_wconf 75' lang='grc' dir='ltr'>δὲ</span> <span class='ocrx_word' id='word_1_15' title='bbox 795 455 927 501; x_wconf 75' lang='grc' dir='ltr'><strong><em>ἐώθεε</em></strong></span> <span class='ocrx_word' id='word_1_16' title='bbox 969 455 992 501; x_wconf 90' lang='grc' dir='ltr'>ὁ</span> <span class='ocrx_word' id='word_1_17' title='bbox 1022 456 1217 513; x_wconf 81' lang='grc' dir='ltr'><strong><em>ποταμὸς</em></strong></span> <span class='ocrx_word' id='word_1_18' title='bbox 1247 455 1332 501; x_wconf 81' lang='grc' dir='ltr'><em>ἆνοὶ</em></span> <span class='ocrx_word' id='word_1_19' title='bbox 1361 458 1410 503; x_wconf 83' lang='grc' dir='ltr'>τό</span> 
     </span>
    </p>
   </div>
   <div class='ocr_carea' id='block_1_5' title="bbox 34 535 1744 594">
    <p class='ocr_par' dir='ltr' id='par_1_5' title="bbox 34 535 1744 594">
     <span class='ocr_line' id='line_1_5' title="bbox 34 535 1744 594; baseline -0.006 -9"><span class='ocrx_word' id='word_1_20' title='bbox 34 539 130 587; x_wconf 78' lang='grc'>185</span> <span class='ocrx_word' id='word_1_21' title='bbox 153 538 303 581; x_wconf 82' lang='grc' dir='ltr'><em>πεδίον</em></span> <span class='ocrx_word' id='word_1_22' title='bbox 329 537 420 578; x_wconf 78' lang='grc' dir='ltr'>πᾶν</span> <span class='ocrx_word' id='word_1_23' title='bbox 448 538 700 592; x_wconf 75' lang='grc' dir='ltr'><em>πελαγίζειν.</em></span> <span class='ocrx_word' id='word_1_24' title='bbox 753 535 812 579; x_wconf 82' lang='lat' dir='ltr'>‘H</span> <span class='ocrx_word' id='word_1_25' title='bbox 836 537 882 580; x_wconf 77' lang='grc' dir='ltr'>δὲ</span> <span class='ocrx_word' id='word_1_26' title='bbox 912 537 965 594; x_wconf 82' lang='grc' dir='ltr'>δὴ</span> <span class='ocrx_word' id='word_1_27' title='bbox 995 535 1200 593; x_wconf 81' lang='grc' dir='ltr'>δεύτερον</span> <span class='ocrx_word' id='word_1_28' title='bbox 1237 537 1410 594; x_wconf 78' lang='grc' dir='ltr'><em>γενομέ-</em></span> <span class='ocrx_word' id='word_1_29' title='bbox 1465 544 1505 571; x_wconf 68' lang='lat' dir='ltr'>N?</span> <span class='ocrx_word' id='word_1_30' title='bbox 1508 547 1570 573; x_wconf 73' lang='lat' dir='ltr'>tocr</span> <span class='ocrx_word' id='word_1_31' title='bbox 1556 545 1597 574; x_wconf 73' lang='grc' dir='ltr'>τῖε</span> <span class='ocrx_word' id='word_1_32' title='bbox 1645 546 1744 581; x_wconf 70' lang='lat' dir='ltr'>[uxor</span> 
     </span>
    </p>
   </div>
   <div class='ocr_carea' id='block_1_6' title="bbox 97 746 369 756">
    <p class='ocr_par' dir='ltr' id='par_1_6' title="bbox 97 746 369 756">
     <span class='ocr_line' id='line_1_6' title="bbox 97 746 369 756; baseline 0 2568"><span class='ocrx_word' id='word_1_33' title='bbox 97 746 369 756; x_wconf 95' lang='lat' dir='ltr'> </span> 
     </span>
    </p>
   </div>
   <div class='ocr_carea' id='block_1_7' title="bbox 91 832 763 2977">
    <p class='ocr_par' dir='ltr' id='par_1_7' title="bbox 91 832 748 1664">
     <span class='ocr_line' id='line_1_7' title="bbox 96 832 746 886; baseline 0.002 -15"><span class='ocrx_word' id='word_1_34' title='bbox 96 847 180 886; x_wconf 85' lang='lat' dir='ltr'>pag.</span> <span class='ocrx_word' id='word_1_35' title='bbox 212 835 278 875; x_wconf 89' lang='grc'>80.</span> <span class='ocrx_word' id='word_1_36' title='bbox 336 832 446 881; x_wconf 87' lang='lat' dir='ltr'>„Est</span> <span class='ocrx_word' id='word_1_37' title='bbox 470 846 557 872; x_wconf 86' lang='lat' dir='ltr'>vero</span> <span class='ocrx_word' id='word_1_38' title='bbox 589 834 746 873; x_wconf 82' lang='lat' dir='ltr'>Pollucis</span> 
     </span>
     <span class='ocr_line' id='line_1_8' title="bbox 93 890 745 941; baseline 0 -13"><span class='ocrx_word' id='word_1_39' title='bbox 93 891 214 938; x_wconf 89' lang='lat' dir='ltr'>locus,</span> <span class='ocrx_word' id='word_1_40' title='bbox 243 890 305 940; x_wconf 90' lang='lat' dir='ltr'>qui</span> <span class='ocrx_word' id='word_1_41' title='bbox 331 890 401 927; x_wconf 87' lang='lat' dir='ltr'>huc</span> <span class='ocrx_word' id='word_1_42' title='bbox 423 895 589 941; x_wconf 80' lang='lat' dir='ltr'>spectare</span> <span class='ocrx_word' id='word_1_43' title='bbox 620 893 745 930; x_wconf 82' lang='lat' dir='ltr'>videa-</span> 
     </span>
     <span class='ocr_line' id='line_1_9' title="bbox 94 946 745 998; baseline 0.003 -14"><span class='ocrx_word' id='word_1_44' title='bbox 94 951 174 995; x_wconf 75' lang='lat' dir='ltr'>tur,</span> <span class='ocrx_word' id='word_1_45' title='bbox 202 947 239 984; x_wconf 93' lang='lat' dir='ltr'>in</span> <span class='ocrx_word' id='word_1_46' title='bbox 267 946 409 984; x_wconf 88' lang='lat' dir='ltr'>Histor.</span> <span class='ocrx_word' id='word_1_47' title='bbox 435 948 541 997; x_wconf 78' lang='lat' dir='ltr'>phys,</span> <span class='ocrx_word' id='word_1_48' title='bbox 568 961 655 998; x_wconf 90' lang='lat' dir='ltr'>pag.</span> <span class='ocrx_word' id='word_1_49' title='bbox 690 950 745 990; x_wconf 83' lang='lat'>82</span> 
     </span>
     <span class='ocr_line' id='line_1_10' title="bbox 93 1001 744 1042; baseline -0.002 -1"><span class='ocrx_word' id='word_1_50' title='bbox 93 1004 152 1042; x_wconf 89' lang='lat' dir='ltr'>ed.</span> <span class='ocrx_word' id='word_1_51' title='bbox 172 1003 305 1040; x_wconf 86' lang='lat' dir='ltr'>Hardt.</span> <span class='ocrx_word' id='word_1_52' title='bbox 334 1001 519 1041; x_wconf 89' lang='lat' dir='ltr'>Abraham</span> <span class='ocrx_word' id='word_1_53' title='bbox 553 1004 621 1041; x_wconf 88' lang='lat' dir='ltr'>illic</span> <span class='ocrx_word' id='word_1_54' title='bbox 654 1005 744 1042; x_wconf 91' lang='lat' dir='ltr'>dici-</span> 
     </span>
     <span class='ocr_line' id='line_1_11' title="bbox 92 1058 746 1109; baseline 0.003 -12"><span class='ocrx_word' id='word_1_55' title='bbox 92 1064 150 1097; x_wconf 88' lang='lat' dir='ltr'>tur</span> <span class='ocrx_word' id='word_1_56' title='bbox 172 1058 334 1109; x_wconf 90' lang='lat' dir='ltr'>aequalis</span> <span class='ocrx_word' id='word_1_57' title='bbox 361 1058 469 1108; x_wconf 85' lang='lat' dir='ltr'>Nini,</span> <span class='ocrx_word' id='word_1_58' title='bbox 499 1061 560 1109; x_wconf 86' lang='lat' dir='ltr'>qui</span> <span class='ocrx_word' id='word_1_59' title='bbox 584 1061 746 1099; x_wconf 85' lang='lat' dir='ltr'>condidit</span> 
     </span>
     <span class='ocr_line' id='line_1_12' title="bbox 91 1115 745 1156; baseline -0.003 0"><span class='ocrx_word' id='word_1_60' title='bbox 91 1116 238 1156; x_wconf 84' lang='lat' dir='ltr'>Ninive.</span> <span class='ocrx_word' id='word_1_61' title='bbox 295 1115 391 1154; x_wconf 89' lang='lat' dir='ltr'>Huic</span> <span class='ocrx_word' id='word_1_62' title='bbox 421 1117 596 1154; x_wconf 85' lang='lat' dir='ltr'>successit</span> <span class='ocrx_word' id='word_1_63' title='bbox 625 1118 745 1155; x_wconf 88' lang='lat' dir='ltr'>Semi-</span> 
     </span>
     <span class='ocr_line' id='line_1_13' title="bbox 93 1172 746 1223; baseline 0 -11"><span class='ocrx_word' id='word_1_64' title='bbox 93 1173 224 1220; x_wconf 80' lang='lat' dir='ltr'>ramis3</span> <span class='ocrx_word' id='word_1_65' title='bbox 252 1172 315 1209; x_wconf 88' lang='lat' dir='ltr'>ubi</span> <span class='ocrx_word' id='word_1_66' title='bbox 334 1173 405 1210; x_wconf 88' lang='lat' dir='ltr'>iam</span> <span class='ocrx_word' id='word_1_67' title='bbox 434 1177 633 1223; x_wconf 86' lang='lat' dir='ltr'>sequuntur</span> <span class='ocrx_word' id='word_1_68' title='bbox 656 1174 746 1212; x_wconf 83' lang='lat' dir='ltr'>haec</span> 
     </span>
     <span class='ocr_line' id='line_1_14' title="bbox 93 1224 745 1281; baseline 0.002 -13"><span class='ocrx_word' id='word_1_69' title='bbox 93 1230 222 1268; x_wconf 84' lang='lat' dir='ltr'>verba:</span> <span class='ocrx_word' id='word_1_70' title='bbox 271 1224 366 1280; x_wconf 79' lang='grc' dir='ltr'><strong><em>μεθ’</em></strong></span> <span class='ocrx_word' id='word_1_71' title='bbox 406 1225 455 1268; x_wconf 76' lang='grc' dir='ltr'>ὃν</span> <span class='ocrx_word' id='word_1_72' title='bbox 495 1228 745 1281; x_wconf 78' lang='grc' dir='ltr'><strong><em>ἐβασίλευσεν</em></strong></span> 
     </span>
     <span class='ocr_line' id='line_1_15' title="bbox 92 1281 746 1339; baseline 0 -13"><span class='ocrx_word' id='word_1_73' title='bbox 92 1281 357 1337; x_wconf 66' lang='lat' dir='ltr'>&#39;Aoovplwv‘</span> <span class='ocrx_word' id='word_1_74' title='bbox 327 1301 353 1336; x_wconf 84' lang='grc' dir='ltr'><strong><em>η</em></strong></span> <span class='ocrx_word' id='word_1_75' title='bbox 375 1282 520 1325; x_wconf 80' lang='grc' dir='ltr'><strong><em>τούτου</em></strong></span> <span class='ocrx_word' id='word_1_76' title='bbox 549 1284 650 1339; x_wconf 72' lang='grc' dir='ltr'><em>γυνή</em></span> <span class='ocrx_word' id='word_1_77' title='bbox 673 1289 746 1327; x_wconf 84' lang='grc' dir='ltr'>Σε-</span> 
     </span>
     <span class='ocr_line' id='line_1_16' title="bbox 96 1337 746 1411; baseline 0.002 -29"><span class='ocrx_word' id='word_1_78' title='bbox 96 1342 301 1408; x_wconf 77' lang='grc' dir='ltr'><strong><em>μείραμις,</em></strong></span> <span class='ocrx_word' id='word_1_79' title='bbox 345 1337 435 1392; x_wconf 80' lang='grc' dir='ltr'>ἥτις</span> <span class='ocrx_word' id='word_1_80' title='bbox 487 1338 746 1411; x_wconf 82' lang='grc' dir='ltr'><strong><em>κατεσκεύασε</em></strong></span> 
     </span>
     <span class='ocr_line' id='line_1_17' title="bbox 94 1394 747 1463; baseline 0.002 -25"><span class='ocrx_word' id='word_1_81' title='bbox 94 1396 143 1438; x_wconf 71' lang='grc' dir='ltr'>τοὶ</span> <span class='ocrx_word' id='word_1_82' title='bbox 171 1394 332 1463; x_wconf 75' lang='grc' dir='ltr'><strong><em>χώματα</em></strong></span> <span class='ocrx_word' id='word_1_83' title='bbox 357 1396 424 1438; x_wconf 77' lang='grc' dir='ltr'>δια</span> <span class='ocrx_word' id='word_1_84' title='bbox 444 1396 539 1446; x_wconf 77' lang='grc' dir='ltr'><strong><em>τοὺς</em></strong></span> <span class='ocrx_word' id='word_1_85' title='bbox 557 1403 747 1439; x_wconf 79' lang='grc' dir='ltr'><strong><em>κατακλυ-</em></strong></span> 
     </span>
     <span class='ocr_line' id='line_1_18' title="bbox 97 1450 748 1507; baseline -0.003 -12"><span class='ocrx_word' id='word_1_86' title='bbox 97 1450 232 1507; x_wconf 76' lang='grc' dir='ltr'><em>σμούς.</em></span> <span class='ocrx_word' id='word_1_87' title='bbox 274 1456 382 1492; x_wconf 90' lang='lat' dir='ltr'>Conf.</span> <span class='ocrx_word' id='word_1_88' title='bbox 412 1456 559 1494; x_wconf 87' lang='lat' dir='ltr'>Cetren.</span> <span class='ocrx_word' id='word_1_89' title='bbox 594 1461 631 1495; x_wconf 91' lang='lat' dir='ltr'>et</span> <span class='ocrx_word' id='word_1_90' title='bbox 651 1458 748 1506; x_wconf 88' lang='lat' dir='ltr'>Syn-</span> 
     </span>
     <span class='ocr_line' id='line_1_19' title="bbox 96 1511 746 1563; baseline -0.002 -12"><span class='ocrx_word' id='word_1_91' title='bbox 96 1512 172 1551; x_wconf 88' lang='lat' dir='ltr'>cell.</span> <span class='ocrx_word' id='word_1_92' title='bbox 195 1512 280 1550; x_wconf 88' lang='lat' dir='ltr'>add.</span> <span class='ocrx_word' id='word_1_93' title='bbox 292 1511 498 1563; x_wconf 87' lang='lat' dir='ltr'>Interprett.</span> <span class='ocrx_word' id='word_1_94' title='bbox 521 1514 570 1551; x_wconf 92' lang='lat' dir='ltr'>ad</span> <span class='ocrx_word' id='word_1_95' title='bbox 589 1513 746 1551; x_wconf 91' lang='lat' dir='ltr'>Oracull.</span> 
     </span>
     <span class='ocr_line' id='line_1_20' title="bbox 96 1567 746 1620; baseline 0.005 -15"><span class='ocrx_word' id='word_1_96' title='bbox 96 1567 222 1618; x_wconf 90' lang='lat' dir='ltr'>Sibyll.</span> <span class='ocrx_word' id='word_1_97' title='bbox 240 1581 278 1620; x_wconf 84' lang='lat' dir='ltr'>p.</span> <span class='ocrx_word' id='word_1_98' title='bbox 299 1571 538 1612; x_wconf 79' lang='lat'><strong>332—336</strong></span> <span class='ocrx_word' id='word_1_99' title='bbox 558 1571 616 1609; x_wconf 87' lang='lat' dir='ltr'>ed.</span> <span class='ocrx_word' id='word_1_100' title='bbox 635 1570 717 1608; x_wconf 90' lang='lat' dir='ltr'>Gal</span> <span class='ocrx_word' id='word_1_101' title='bbox 721 1572 746 1591; x_wconf 90' lang='lat'><strong>“</strong></span> 
     </span>
     <span class='ocr_line' id='line_1_21' title="bbox 99 1625 164 1664; baseline -0.037 0"><span class='ocrx_word' id='word_1_102' title='bbox 99 1625 164 1664; x_wconf 82' lang='lat' dir='ltr'>Cr.</span> 
     </span>
    </p>

    <p class='ocr_par' dir='ltr' id='par_1_8' title="bbox 97 1675 763 2977">
     <span class='ocr_line' id='line_1_22' title="bbox 138 1675 748 1751; baseline 0.003 -31.052"><span class='ocrx_word' id='word_1_103' title='bbox 138 1675 348 1751; x_wconf 59' lang='grc' dir='ltr'><strong><em>πρρτερον</em></strong></span> <span class='ocrx_word' id='word_1_104' title='bbox 375 1679 418 1721; x_wconf 81' lang='grc' dir='ltr'>δὲ</span> <span class='ocrx_word' id='word_1_105' title='bbox 442 1677 569 1722; x_wconf 73' lang='grc' dir='ltr'><strong><em>ἐώθεε</em></strong></span> <span class='ocrx_word' id='word_1_106' title='bbox 589 1680 610 1723; x_wconf 84' lang='grc' dir='ltr'>ὅ</span> <span class='ocrx_word' id='word_1_107' title='bbox 630 1698 748 1723; x_wconf 85' lang='grc' dir='ltr'><strong><em>ποτα-</em></strong></span> 
     </span>
     <span class='ocr_line' id='line_1_23' title="bbox 99 1732 749 1790; baseline 0 -12"><span class='ocrx_word' id='word_1_108' title='bbox 99 1733 171 1790; x_wconf 83' lang='grc' dir='ltr'>μός</span> <span class='ocrx_word' id='word_1_109' title='bbox 191 1732 269 1777; x_wconf 62' lang='lat' dir='ltr'>nivo}</span> <span class='ocrx_word' id='word_1_110' title='bbox 291 1735 336 1778; x_wconf 79' lang='grc' dir='ltr'>τό</span> <span class='ocrx_word' id='word_1_111' title='bbox 354 1739 495 1778; x_wconf 83' lang='grc' dir='ltr'><strong><em>πεδίον</em></strong></span> <span class='ocrx_word' id='word_1_112' title='bbox 523 1742 606 1778; x_wconf 79' lang='grc' dir='ltr'>πᾶν</span> <span class='ocrx_word' id='word_1_113' title='bbox 632 1743 749 1779; x_wconf 83' lang='grc' dir='ltr'><strong><em>πελα-</em></strong></span> 
     </span>
     <span class='ocr_line' id='line_1_24' title="bbox 99 1792 749 1847; baseline 0 -14"><span class='ocrx_word' id='word_1_114' title='bbox 99 1792 274 1847; x_wconf 81' lang='grc' dir='ltr'>γίζειν]</span> <span class='ocrx_word' id='word_1_115' title='bbox 265 1808 289 1832; x_wconf 86' lang='lat'>1.</span> <span class='ocrx_word' id='word_1_116' title='bbox 309 1808 341 1833; x_wconf 88' lang='lat' dir='ltr'>e.</span> <span class='ocrx_word' id='word_1_117' title='bbox 362 1800 503 1843; x_wconf 87' lang='lat' dir='ltr'>„antea</span> <span class='ocrx_word' id='word_1_118' title='bbox 521 1796 660 1834; x_wconf 86' lang='lat' dir='ltr'>solebat</span> <span class='ocrx_word' id='word_1_119' title='bbox 679 1798 749 1834; x_wconf 89' lang='lat' dir='ltr'>ssu-</span> 
     </span>
     <span class='ocr_line' id='line_1_25' title="bbox 98 1852 749 1903; baseline 0.002 -13"><span class='ocrx_word' id='word_1_120' title='bbox 98 1863 183 1890; x_wconf 89' lang='lat' dir='ltr'>men</span> <span class='ocrx_word' id='word_1_121' title='bbox 197 1864 265 1902; x_wconf 92' lang='lat' dir='ltr'>per</span> <span class='ocrx_word' id='word_1_122' title='bbox 287 1855 401 1889; x_wconf 91' lang='lat' dir='ltr'>totam</span> <span class='ocrx_word' id='word_1_123' title='bbox 424 1852 611 1903; x_wconf 83' lang='lat' dir='ltr'>planitiem</span> <span class='ocrx_word' id='word_1_124' title='bbox 628 1854 749 1891; x_wconf 90' lang='lat' dir='ltr'>omnia</span> 
     </span>
     <span class='ocr_line' id='line_1_26' title="bbox 97 1908 750 1960; baseline 0.006 -16"><span class='ocrx_word' id='word_1_125' title='bbox 97 1908 277 1946; x_wconf 84' lang='lat' dir='ltr'>inundare</span> <span class='ocrx_word' id='word_1_126' title='bbox 306 1912 348 1945; x_wconf 90' lang='lat' dir='ltr'>ut</span> <span class='ocrx_word' id='word_1_127' title='bbox 381 1910 490 1946; x_wconf 91' lang='lat' dir='ltr'>maris</span> <span class='ocrx_word' id='word_1_128' title='bbox 518 1911 632 1948; x_wconf 88' lang='lat' dir='ltr'>ferme</span> <span class='ocrx_word' id='word_1_129' title='bbox 663 1923 750 1960; x_wconf 89' lang='lat' dir='ltr'>spe-</span> 
     </span>
     <span class='ocr_line' id='line_1_27' title="bbox 99 1964 753 2015; baseline 0.002 -13"><span class='ocrx_word' id='word_1_130' title='bbox 99 1964 191 2003; x_wconf 83' lang='lat' dir='ltr'>ciem</span> <span class='ocrx_word' id='word_1_131' title='bbox 210 1976 359 2015; x_wconf 72' lang='lat' dir='ltr'>oempus</span> <span class='ocrx_word' id='word_1_132' title='bbox 378 1966 615 2015; x_wconf 90' lang='lat' dir='ltr'>praeberet.“</span> <span class='ocrx_word' id='word_1_133' title='bbox 656 1966 753 2004; x_wconf 88' lang='lat' dir='ltr'><strong>Sunt</strong></span> 
     </span>
     <span class='ocr_line' id='line_1_28' title="bbox 100 2021 754 2062; baseline 0 -2"><span class='ocrx_word' id='word_1_134' title='bbox 100 2021 197 2060; x_wconf 90' lang='lat' dir='ltr'>enim</span> <span class='ocrx_word' id='word_1_135' title='bbox 216 2033 291 2058; x_wconf 93' lang='lat' dir='ltr'>non</span> <span class='ocrx_word' id='word_1_136' title='bbox 319 2021 515 2059; x_wconf 88' lang='lat' dir='ltr'>admodum</span> <span class='ocrx_word' id='word_1_137' title='bbox 544 2022 659 2062; x_wconf 88' lang='lat' dir='ltr'>elatae</span> <span class='ocrx_word' id='word_1_138' title='bbox 677 2023 754 2060; x_wconf 70' lang='lat' dir='ltr'>Eu-</span> 
     </span>
     <span class='ocr_line' id='line_1_29' title="bbox 99 2077 752 2130; baseline 0.003 -16"><span class='ocrx_word' id='word_1_139' title='bbox 99 2077 238 2129; x_wconf 90' lang='lat' dir='ltr'>phratis</span> <span class='ocrx_word' id='word_1_140' title='bbox 265 2078 422 2115; x_wconf 82' lang='lat' dir='ltr'>fluminis</span> <span class='ocrx_word' id='word_1_141' title='bbox 445 2078 538 2117; x_wconf 89' lang='lat' dir='ltr'>hanc</span> <span class='ocrx_word' id='word_1_142' title='bbox 565 2080 752 2130; x_wconf 84' lang='lat' dir='ltr'>planitiem</span> 
     </span>
     <span class='ocr_line' id='line_1_30' title="bbox 101 2135 754 2187; baseline 0.003 -16"><span class='ocrx_word' id='word_1_143' title='bbox 101 2137 237 2172; x_wconf 77' lang='lat' dir='ltr'>tantam</span> <span class='ocrx_word' id='word_1_144' title='bbox 253 2135 466 2185; x_wconf 88' lang='lat' dir='ltr'>perfluentis</span> <span class='ocrx_word' id='word_1_145' title='bbox 487 2137 611 2187; x_wconf 83' lang='lat' dir='ltr'>ripae,</span> <span class='ocrx_word' id='word_1_146' title='bbox 644 2137 693 2173; x_wconf 87' lang='lat' dir='ltr'>ita</span> <span class='ocrx_word' id='word_1_147' title='bbox 713 2140 754 2173; x_wconf 89' lang='lat' dir='ltr'>ut</span> 
     </span>
     <span class='ocr_line' id='line_1_31' title="bbox 100 2189 755 2242; baseline 0.003 -14"><span class='ocrx_word' id='word_1_148' title='bbox 100 2189 205 2229; x_wconf 84' lang='lat' dir='ltr'>facile</span> <span class='ocrx_word' id='word_1_149' title='bbox 224 2190 304 2228; x_wconf 88' lang='lat' dir='ltr'>loca</span> <span class='ocrx_word' id='word_1_150' title='bbox 332 2193 497 2242; x_wconf 84' lang='lat' dir='ltr'>proxima</span> <span class='ocrx_word' id='word_1_151' title='bbox 522 2193 755 2230; x_wconf 89' lang='lat' dir='ltr'>inundentur.</span> 
     </span>
     <span class='ocr_line' id='line_1_32' title="bbox 103 2246 752 2299; baseline 0.003 -15"><span class='ocrx_word' id='word_1_152' title='bbox 103 2246 214 2292; x_wconf 85' lang='lat' dir='ltr'>Quod</span> <span class='ocrx_word' id='word_1_153' title='bbox 229 2249 444 2298; x_wconf 86' lang='lat' dir='ltr'>praesertim</span> <span class='ocrx_word' id='word_1_154' title='bbox 476 2250 671 2299; x_wconf 84' lang='lat' dir='ltr'>quotannis</span> <span class='ocrx_word' id='word_1_155' title='bbox 692 2249 752 2286; x_wconf 92' lang='lat' dir='ltr'>illo</span> 
     </span>
     <span class='ocr_line' id='line_1_33' title="bbox 102 2305 753 2356; baseline 0.005 -15"><span class='ocrx_word' id='word_1_156' title='bbox 102 2307 268 2354; x_wconf 89' lang='lat' dir='ltr'>tempore</span> <span class='ocrx_word' id='word_1_157' title='bbox 304 2305 454 2353; x_wconf 89' lang='lat' dir='ltr'>accidit,</span> <span class='ocrx_word' id='word_1_158' title='bbox 503 2319 575 2356; x_wconf 93' lang='lat' dir='ltr'>quo</span> <span class='ocrx_word' id='word_1_159' title='bbox 615 2306 677 2343; x_wconf 86' lang='lat' dir='ltr'>nix</span> <span class='ocrx_word' id='word_1_160' title='bbox 714 2306 753 2344; x_wconf 93' lang='lat' dir='ltr'>in</span> 
     </span>
     <span class='ocr_line' id='line_1_34' title="bbox 101 2359 754 2411; baseline 0.003 -13"><span class='ocrx_word' id='word_1_161' title='bbox 101 2360 283 2398; x_wconf 80' lang='lat' dir='ltr'>montibus</span> <span class='ocrx_word' id='word_1_162' title='bbox 314 2359 515 2411; x_wconf 87' lang='lat' dir='ltr'>Armeniis,</span> <span class='ocrx_word' id='word_1_163' title='bbox 558 2363 657 2400; x_wconf 90' lang='lat' dir='ltr'>unde</span> <span class='ocrx_word' id='word_1_164' title='bbox 691 2376 754 2401; x_wconf 85' lang='lat' dir='ltr'>ex-</span> 
     </span>
     <span class='ocr_line' id='line_1_35' title="bbox 105 2416 754 2468; baseline 0.005 -15"><span class='ocrx_word' id='word_1_165' title='bbox 105 2416 217 2454; x_wconf 82' lang='lat' dir='ltr'>oritur</span> <span class='ocrx_word' id='word_1_166' title='bbox 256 2416 488 2468; x_wconf 85' lang='lat' dir='ltr'>Euphrates,</span> <span class='ocrx_word' id='word_1_167' title='bbox 546 2418 754 2457; x_wconf 86' lang='lat' dir='ltr'>dissolvitur</span> 
     </span>
     <span class='ocr_line' id='line_1_36' title="bbox 106 2474 755 2524; baseline 0.006 -15"><span class='ocrx_word' id='word_1_168' title='bbox 106 2484 224 2522; x_wconf 87' lang='lat' dir='ltr'>aquae</span> <span class='ocrx_word' id='word_1_169' title='bbox 239 2474 379 2524; x_wconf 88' lang='lat' dir='ltr'>copiam</span> <span class='ocrx_word' id='word_1_170' title='bbox 400 2475 528 2513; x_wconf 88' lang='lat' dir='ltr'>mirum</span> <span class='ocrx_word' id='word_1_171' title='bbox 548 2476 586 2513; x_wconf 91' lang='lat' dir='ltr'>in</span> <span class='ocrx_word' id='word_1_172' title='bbox 606 2477 755 2514; x_wconf 89' lang='lat' dir='ltr'>modum</span> 
     </span>
     <span class='ocr_line' id='line_1_37' title="bbox 107 2532 756 2583; baseline 0.008 -19"><span class='ocrx_word' id='word_1_173' title='bbox 107 2540 266 2577; x_wconf 80' lang='lat' dir='ltr'>augenS‚</span> <span class='ocrx_word' id='word_1_174' title='bbox 292 2533 333 2567; x_wconf 91' lang='lat' dir='ltr'>ut</span> <span class='ocrx_word' id='word_1_175' title='bbox 351 2532 460 2569; x_wconf 90' lang='lat' dir='ltr'>fluvio</span> <span class='ocrx_word' id='word_1_176' title='bbox 475 2532 546 2569; x_wconf 89' lang='lat' dir='ltr'>isto</span> <span class='ocrx_word' id='word_1_177' title='bbox 561 2534 756 2583; x_wconf 85' lang='lat' dir='ltr'>superfuso</span> 
     </span>
     <span class='ocr_line' id='line_1_38' title="bbox 109 2584 756 2639; baseline 0.009 -19"><span class='ocrx_word' id='word_1_178' title='bbox 109 2595 183 2621; x_wconf 86' lang='lat' dir='ltr'>non</span> <span class='ocrx_word' id='word_1_179' title='bbox 209 2584 314 2624; x_wconf 89' lang='lat' dir='ltr'>aliter</span> <span class='ocrx_word' id='word_1_180' title='bbox 337 2591 448 2637; x_wconf 89' lang='lat' dir='ltr'>atque</span> <span class='ocrx_word' id='word_1_181' title='bbox 465 2588 553 2626; x_wconf 92' lang='lat' dir='ltr'>Nilo</span> <span class='ocrx_word' id='word_1_182' title='bbox 570 2588 756 2639; x_wconf 88' lang='lat' dir='ltr'>Aegyptio</span> 
     </span>
     <span class='ocr_line' id='line_1_39' title="bbox 111 2640 758 2695; baseline 0.012 -20"><span class='ocrx_word' id='word_1_183' title='bbox 111 2640 232 2678; x_wconf 86' lang='lat' dir='ltr'>omnia</span> <span class='ocrx_word' id='word_1_184' title='bbox 268 2641 379 2692; x_wconf 88' lang='lat' dir='ltr'>longe</span> <span class='ocrx_word' id='word_1_185' title='bbox 403 2644 548 2695; x_wconf 90' lang='lat' dir='ltr'>lateque</span> <span class='ocrx_word' id='word_1_186' title='bbox 577 2646 758 2683; x_wconf 89' lang='lat' dir='ltr'>inunden-</span> 
     </span>
     <span class='ocr_line' id='line_1_40' title="bbox 111 2696 759 2740; baseline 0.014 -9"><span class='ocrx_word' id='word_1_187' title='bbox 111 2698 181 2732; x_wconf 90' lang='lat' dir='ltr'>tur.</span> <span class='ocrx_word' id='word_1_188' title='bbox 217 2696 286 2734; x_wconf 90' lang='lat' dir='ltr'>Cui</span> <span class='ocrx_word' id='word_1_189' title='bbox 305 2700 357 2736; x_wconf 89' lang='lat' dir='ltr'>rei</span> <span class='ocrx_word' id='word_1_190' title='bbox 381 2700 579 2739; x_wconf 88' lang='lat' dir='ltr'>incolarum</span> <span class='ocrx_word' id='word_1_191' title='bbox 599 2701 759 2740; x_wconf 88' lang='lat' dir='ltr'>sollertia</span> 
     </span>
     <span class='ocr_line' id='line_1_41' title="bbox 113 2751 759 2823; baseline 0.017 -37"><span class='ocrx_word' id='word_1_192' title='bbox 113 2751 165 2788; x_wconf 88' lang='lat' dir='ltr'>ita</span> <span class='ocrx_word' id='word_1_193' title='bbox 179 2755 381 2804; x_wconf 85' lang='lat' dir='ltr'>prospexit,</span> <span class='ocrx_word' id='word_1_194' title='bbox 411 2760 450 2794; x_wconf 87' lang='lat' dir='ltr'>ut</span> <span class='ocrx_word' id='word_1_195' title='bbox 465 2770 540 2794; x_wconf 92' lang='lat' dir='ltr'>non</span> <span class='ocrx_word' id='word_1_196' title='bbox 557 2758 670 2796; x_wconf 87' lang='lat' dir='ltr'>solum</span> <span class='ocrx_word' id='word_1_197' title='bbox 689 2772 759 2823; x_wconf 75' lang='lat' dir='ltr'>ag-</span> 
     </span>
     <span class='ocr_line' id='line_1_42' title="bbox 114 2807 760 2855; baseline 0.017 -13"><span class='ocrx_word' id='word_1_198' title='bbox 114 2807 259 2855; x_wconf 88' lang='lat' dir='ltr'>geribus</span> <span class='ocrx_word' id='word_1_199' title='bbox 278 2813 501 2850; x_wconf 84' lang='lat' dir='ltr'>exstruendis</span> <span class='ocrx_word' id='word_1_200' title='bbox 518 2815 676 2852; x_wconf 88' lang='lat' dir='ltr'>fluminis</span> <span class='ocrx_word' id='word_1_201' title='bbox 688 2816 760 2852; x_wconf 90' lang='lat' dir='ltr'>vim</span> 
     </span>
     <span class='ocr_line' id='line_1_43' title="bbox 117 2861 762 2915; baseline 0.02 -18"><span class='ocrx_word' id='word_1_202' title='bbox 117 2861 341 2915; x_wconf 84' lang='lat' dir='ltr'>cohiberent,</span> <span class='ocrx_word' id='word_1_203' title='bbox 368 2881 492 2907; x_wconf 89' lang='lat' dir='ltr'>verum</span> <span class='ocrx_word' id='word_1_204' title='bbox 521 2872 631 2908; x_wconf 83' lang='lat' dir='ltr'>etiam</span> <span class='ocrx_word' id='word_1_205' title='bbox 651 2884 762 2909; x_wconf 85' lang='lat' dir='ltr'>cana-</span> 
     </span>
     <span class='ocr_line' id='line_1_44' title="bbox 117 2916 763 2977; baseline 0.019 -23"><span class='ocrx_word' id='word_1_206' title='bbox 117 2916 211 2956; x_wconf 89' lang='lat' dir='ltr'>libus</span> <span class='ocrx_word' id='word_1_207' title='bbox 232 2920 316 2960; x_wconf 90' lang='lat' dir='ltr'>inde</span> <span class='ocrx_word' id='word_1_208' title='bbox 344 2923 531 2975; x_wconf 88' lang='lat' dir='ltr'>deductis,</span> <span class='ocrx_word' id='word_1_209' title='bbox 559 2927 691 2977; x_wconf 87' lang='lat' dir='ltr'>quibus</span> <span class='ocrx_word' id='word_1_210' title='bbox 711 2928 763 2965; x_wconf 89' lang='lat' dir='ltr'>si-</span> 
     </span>
    </p>
   </div>
   <div class='ocr_carea' id='block_1_8' title="bbox 153 578 1725 676">
    <p class='ocr_par' dir='ltr' id='par_1_9' title="bbox 153 578 1725 676">
     <span class='ocr_line' id='line_1_45' title="bbox 1465 578 1680 648; baseline 0.011 -43"><span class='ocrx_word' id='word_1_211' title='bbox 1465 578 1570 607; x_wconf 83' lang='lat' dir='ltr'>Nabuc</span> <span class='ocrx_word' id='word_1_212' title='bbox 1558 579 1609 640; x_wconf 82' lang='lat' dir='ltr'>uho</span> <span class='ocrx_word' id='word_1_213' title='bbox 1606 579 1680 648; x_wconf 53' lang='lat' dir='ltr'>(legno</span> 
     </span>
     <span class='ocr_line' id='line_1_46' title="bbox 153 611 1725 676; baseline 0.007 -21"><span class='ocrx_word' id='word_1_214' title='bbox 153 632 208 672; x_wconf 83' lang='grc' dir='ltr'>νη</span> <span class='ocrx_word' id='word_1_215' title='bbox 260 613 420 670; x_wconf 79' lang='grc' dir='ltr'><strong><em>ταύτης</em></strong></span> <span class='ocrx_word' id='word_1_216' title='bbox 476 617 692 671; x_wconf 76' lang='grc' dir='ltr'>βασίλειοι,</span> <span class='ocrx_word' id='word_1_217' title='bbox 750 633 803 674; x_wconf 80' lang='grc' dir='ltr'>τη</span> <span class='ocrx_word' id='word_1_218' title='bbox 862 614 1031 673; x_wconf 79' lang='grc' dir='ltr'><em>οὔνομα</em></span> <span class='ocrx_word' id='word_1_219' title='bbox 1069 611 1125 673; x_wconf 74' lang='grc' dir='ltr'>ἦν</span> <span class='ocrx_word' id='word_1_220' title='bbox 1167 618 1410 672; x_wconf 78' lang='grc' dir='ltr'><strong><em>Νίτωκρις,</em></strong></span> <span class='ocrx_word' id='word_1_221' title='bbox 1466 620 1622 676; x_wconf 52' lang='grc' dir='ltr'>,Ἶςαᾳὲω</span> <span class='ocrx_word' id='word_1_222' title='bbox 1623 621 1725 676; x_wconf 59' lang='lat'>{0551</span> 
     </span>
    </p>
   </div>
   <div class='ocr_carea' id='block_1_9' title="bbox 811 835 1476 2357">
    <p class='ocr_par' dir='ltr' id='par_1_10' title="bbox 811 835 1476 2357">
     <span class='ocr_line' id='line_1_47' title="bbox 814 835 1468 888; baseline 0.003 -16"><span class='ocrx_word' id='word_1_223' title='bbox 814 835 888 873; x_wconf 86' lang='lat' dir='ltr'>mul</span> <span class='ocrx_word' id='word_1_224' title='bbox 906 839 1040 888; x_wconf 82' lang='lat' dir='ltr'>terram</span> <span class='ocrx_word' id='word_1_225' title='bbox 1063 835 1152 874; x_wconf 88' lang='lat' dir='ltr'>alias</span> <span class='ocrx_word' id='word_1_226' title='bbox 1175 836 1306 874; x_wconf 89' lang='lat' dir='ltr'>siccam</span> <span class='ocrx_word' id='word_1_227' title='bbox 1327 840 1364 875; x_wconf 89' lang='lat' dir='ltr'>et</span> <span class='ocrx_word' id='word_1_228' title='bbox 1381 837 1468 874; x_wconf 88' lang='lat' dir='ltr'>solis</span> 
     </span>
     <span class='ocr_line' id='line_1_48' title="bbox 814 892 1468 942; baseline 0.002 -12"><span class='ocrx_word' id='word_1_229' title='bbox 814 892 934 930; x_wconf 88' lang='lat' dir='ltr'>calore</span> <span class='ocrx_word' id='word_1_230' title='bbox 966 897 1100 930; x_wconf 86' lang='lat' dir='ltr'>tostam</span> <span class='ocrx_word' id='word_1_231' title='bbox 1128 893 1337 942; x_wconf 82' lang='lat' dir='ltr'>irrigarent,</span> <span class='ocrx_word' id='word_1_232' title='bbox 1368 907 1468 932; x_wconf 85' lang='lat' dir='ltr'>eam-</span> 
     </span>
     <span class='ocr_line' id='line_1_49' title="bbox 813 949 1472 999; baseline 0.006 -14"><span class='ocrx_word' id='word_1_233' title='bbox 813 962 885 999; x_wconf 87' lang='lat' dir='ltr'>que</span> <span class='ocrx_word' id='word_1_234' title='bbox 903 949 1161 987; x_wconf 87' lang='lat' dir='ltr'>fertilissimam</span> <span class='ocrx_word' id='word_1_235' title='bbox 1178 950 1384 988; x_wconf 89' lang='lat' dir='ltr'>redderent.</span> <span class='ocrx_word' id='word_1_236' title='bbox 1409 951 1472 989; x_wconf 87' lang='lat' dir='ltr'>De</span> 
     </span>
     <span class='ocr_line' id='line_1_50' title="bbox 812 1005 1470 1055; baseline 0.005 -13"><span class='ocrx_word' id='word_1_237' title='bbox 812 1006 943 1055; x_wconf 89' lang='lat' dir='ltr'>quibus</span> <span class='ocrx_word' id='word_1_238' title='bbox 981 1005 1117 1044; x_wconf 90' lang='lat' dir='ltr'>consul.</span> <span class='ocrx_word' id='word_1_239' title='bbox 1153 1006 1315 1044; x_wconf 88' lang='lat' dir='ltr'>Heeren.</span> <span class='ocrx_word' id='word_1_240' title='bbox 1355 1006 1470 1045; x_wconf 88' lang='lat' dir='ltr'>Ideen</span> 
     </span>
     <span class='ocr_line' id='line_1_51' title="bbox 811 1061 1470 1113; baseline 0.002 -14"><span class='ocrx_word' id='word_1_241' title='bbox 811 1061 848 1110; x_wconf 89' lang='lat' dir='ltr'>I,</span> <span class='ocrx_word' id='word_1_242' title='bbox 868 1066 894 1104; x_wconf 81' lang='lat'><strong>2</strong></span> <span class='ocrx_word' id='word_1_243' title='bbox 925 1075 1012 1113; x_wconf 86' lang='lat' dir='ltr'>pag.</span> <span class='ocrx_word' id='word_1_244' title='bbox 1036 1062 1115 1103; x_wconf 87' lang='lat'>135</span> <span class='ocrx_word' id='word_1_245' title='bbox 1136 1076 1242 1112; x_wconf 86' lang='lat' dir='ltr'>seqq.</span> <span class='ocrx_word' id='word_1_246' title='bbox 1274 1064 1376 1111; x_wconf 85' lang='lat'>139,</span> <span class='ocrx_word' id='word_1_247' title='bbox 1407 1063 1470 1100; x_wconf 91' lang='lat' dir='ltr'>ubi</span> 
     </span>
     <span class='ocr_line' id='line_1_52' title="bbox 815 1118 1470 1169; baseline 0.002 -14"><span class='ocrx_word' id='word_1_248' title='bbox 815 1118 922 1156; x_wconf 86' lang='lat' dir='ltr'>etiam</span> <span class='ocrx_word' id='word_1_249' title='bbox 947 1119 1034 1155; x_wconf 92' lang='lat' dir='ltr'>illud</span> <span class='ocrx_word' id='word_1_250' title='bbox 1062 1118 1199 1169; x_wconf 91' lang='lat' dir='ltr'>optime</span> <span class='ocrx_word' id='word_1_251' title='bbox 1226 1123 1375 1168; x_wconf 89' lang='lat' dir='ltr'>monet,</span> <span class='ocrx_word' id='word_1_252' title='bbox 1404 1133 1470 1158; x_wconf 84' lang='lat' dir='ltr'>eos</span> 
     </span>
     <span class='ocr_line' id='line_1_53' title="bbox 813 1175 1471 1226; baseline 0.003 -15"><span class='ocrx_word' id='word_1_253' title='bbox 813 1186 972 1224; x_wconf 84' lang='lat' dir='ltr'>aggeres</span> <span class='ocrx_word' id='word_1_254' title='bbox 999 1175 1261 1224; x_wconf 86' lang='lat' dir='ltr'>antiquissimis</span> <span class='ocrx_word' id='word_1_255' title='bbox 1293 1176 1471 1226; x_wconf 88' lang='lat' dir='ltr'>tempori-</span> 
     </span>
     <span class='ocr_line' id='line_1_54' title="bbox 813 1231 1472 1270; baseline 0.003 -2"><span class='ocrx_word' id='word_1_256' title='bbox 813 1231 883 1268; x_wconf 87' lang='lat' dir='ltr'>bus</span> <span class='ocrx_word' id='word_1_257' title='bbox 903 1232 975 1269; x_wconf 90' lang='lat' dir='ltr'>iam</span> <span class='ocrx_word' id='word_1_258' title='bbox 1006 1235 1209 1269; x_wconf 87' lang='lat' dir='ltr'>exstructos</span> <span class='ocrx_word' id='word_1_259' title='bbox 1232 1231 1347 1269; x_wconf 90' lang='lat' dir='ltr'>videri</span> <span class='ocrx_word' id='word_1_260' title='bbox 1368 1233 1472 1270; x_wconf 92' lang='lat' dir='ltr'>ideo-</span> 
     </span>
     <span class='ocr_line' id='line_1_55' title="bbox 814 1287 1470 1337; baseline 0.002 -13"><span class='ocrx_word' id='word_1_261' title='bbox 814 1300 888 1337; x_wconf 89' lang='lat' dir='ltr'>que</span> <span class='ocrx_word' id='word_1_262' title='bbox 913 1287 1143 1326; x_wconf 80' lang='lat' dir='ltr'>Semiramidi</span> <span class='ocrx_word' id='word_1_263' title='bbox 1167 1287 1277 1337; x_wconf 85' lang='lat' dir='ltr'>vulgo</span> <span class='ocrx_word' id='word_1_264' title='bbox 1297 1289 1470 1336; x_wconf 79' lang='lat' dir='ltr'>adscribi,</span> 
     </span>
     <span class='ocr_line' id='line_1_56' title="bbox 815 1343 1471 1395; baseline 0.002 -14"><span class='ocrx_word' id='word_1_265' title='bbox 815 1345 952 1395; x_wconf 87' lang='lat' dir='ltr'>quippe</span> <span class='ocrx_word' id='word_1_266' title='bbox 1001 1344 1056 1381; x_wconf 89' lang='lat' dir='ltr'>cui</span> <span class='ocrx_word' id='word_1_267' title='bbox 1090 1357 1157 1395; x_wconf 91' lang='lat' dir='ltr'>per</span> <span class='ocrx_word' id='word_1_268' title='bbox 1191 1349 1306 1381; x_wconf 90' lang='lat' dir='ltr'>totam</span> <span class='ocrx_word' id='word_1_269' title='bbox 1343 1343 1471 1382; x_wconf 87' lang='lat' dir='ltr'>Asiam</span> 
     </span>
     <span class='ocr_line' id='line_1_57' title="bbox 815 1401 1472 1451; baseline 0.002 -14"><span class='ocrx_word' id='word_1_270' title='bbox 815 1401 965 1450; x_wconf 90' lang='lat' dir='ltr'>quaevis</span> <span class='ocrx_word' id='word_1_271' title='bbox 986 1413 1099 1451; x_wconf 90' lang='lat' dir='ltr'>opera</span> <span class='ocrx_word' id='word_1_272' title='bbox 1117 1413 1275 1450; x_wconf 87' lang='lat' dir='ltr'>magna,</span> <span class='ocrx_word' id='word_1_273' title='bbox 1293 1401 1472 1449; x_wconf 89' lang='lat' dir='ltr'>aedificia,</span> 
     </span>
     <span class='ocr_line' id='line_1_58' title="bbox 814 1456 1472 1507; baseline -0.003 -12"><span class='ocrx_word' id='word_1_274' title='bbox 814 1456 952 1505; x_wconf 88' lang='lat' dir='ltr'>moles,</span> <span class='ocrx_word' id='word_1_275' title='bbox 1001 1458 1049 1495; x_wconf 90' lang='lat' dir='ltr'>de</span> <span class='ocrx_word' id='word_1_276' title='bbox 1074 1470 1228 1507; x_wconf 90' lang='lat' dir='ltr'>quorum</span> <span class='ocrx_word' id='word_1_277' title='bbox 1263 1458 1472 1495; x_wconf 89' lang='lat' dir='ltr'>auctoribus</span> 
     </span>
     <span class='ocr_line' id='line_1_59' title="bbox 815 1513 1472 1563; baseline -0.002 -12"><span class='ocrx_word' id='word_1_278' title='bbox 815 1526 891 1552; x_wconf 90' lang='lat' dir='ltr'>non</span> <span class='ocrx_word' id='word_1_279' title='bbox 909 1514 1066 1563; x_wconf 86' lang='lat' dir='ltr'>liqueat,</span> <span class='ocrx_word' id='word_1_280' title='bbox 1097 1514 1360 1552; x_wconf 89' lang='lat' dir='ltr'>adtribuantur.</span> <span class='ocrx_word' id='word_1_281' title='bbox 1417 1513 1472 1551; x_wconf 87' lang='lat' dir='ltr'>Ut</span> 
     </span>
     <span class='ocr_line' id='line_1_60' title="bbox 816 1570 1472 1620; baseline 0 -12"><span class='ocrx_word' id='word_1_282' title='bbox 816 1571 865 1608; x_wconf 88' lang='lat' dir='ltr'>ad</span> <span class='ocrx_word' id='word_1_283' title='bbox 885 1571 1124 1620; x_wconf 78' lang='lat' dir='ltr'>&#39;Herodotum</span> <span class='ocrx_word' id='word_1_284' title='bbox 1155 1571 1328 1619; x_wconf 87' lang='lat' dir='ltr'>redeam,</span> <span class='ocrx_word' id='word_1_285' title='bbox 1375 1570 1472 1608; x_wconf 86' lang='lat' dir='ltr'>bene</span> 
     </span>
     <span class='ocr_line' id='line_1_61' title="bbox 814 1625 1472 1677; baseline 0 -13"><span class='ocrx_word' id='word_1_286' title='bbox 814 1625 912 1664; x_wconf 89' lang='lat' dir='ltr'>hunc</span> <span class='ocrx_word' id='word_1_287' title='bbox 933 1627 1052 1677; x_wconf 87' lang='lat' dir='ltr'>ipsum</span> <span class='ocrx_word' id='word_1_288' title='bbox 1072 1627 1191 1665; x_wconf 90' lang='lat' dir='ltr'>locum</span> <span class='ocrx_word' id='word_1_289' title='bbox 1216 1627 1264 1664; x_wconf 90' lang='lat' dir='ltr'>ad</span> <span class='ocrx_word' id='word_1_290' title='bbox 1285 1625 1472 1677; x_wconf 87' lang='lat' dir='ltr'>explican-</span> 
     </span>
     <span class='ocr_line' id='line_1_62' title="bbox 816 1682 1472 1734; baseline -0.003 -13"><span class='ocrx_word' id='word_1_291' title='bbox 816 1684 902 1721; x_wconf 91' lang='lat' dir='ltr'>dum</span> <span class='ocrx_word' id='word_1_292' title='bbox 913 1683 1115 1734; x_wconf 88' lang='lat' dir='ltr'>prophetae</span> <span class='ocrx_word' id='word_1_293' title='bbox 1130 1683 1248 1721; x_wconf 90' lang='lat' dir='ltr'>locum</span> <span class='ocrx_word' id='word_1_294' title='bbox 1266 1683 1354 1732; x_wconf 84' lang='lat' dir='ltr'>(les.</span> <span class='ocrx_word' id='word_1_295' title='bbox 1365 1682 1472 1730; x_wconf 85' lang='lat' dir='ltr'>XXI,</span> 
     </span>
     <span class='ocr_line' id='line_1_63' title="bbox 818 1739 1473 1789; baseline 0 -13"><span class='ocrx_word' id='word_1_296' title='bbox 818 1740 863 1789; x_wconf 87' lang='lat'>1)</span> <span class='ocrx_word' id='word_1_297' title='bbox 887 1739 1049 1776; x_wconf 89' lang='lat' dir='ltr'>adhibuit</span> <span class='ocrx_word' id='word_1_298' title='bbox 1076 1740 1260 1777; x_wconf 85' lang='lat' dir='ltr'>Geseuius</span> <span class='ocrx_word' id='word_1_299' title='bbox 1288 1740 1327 1777; x_wconf 89' lang='lat' dir='ltr'>in</span> <span class='ocrx_word' id='word_1_300' title='bbox 1357 1739 1473 1777; x_wconf 90' lang='lat' dir='ltr'>Com-</span> 
     </span>
     <span class='ocr_line' id='line_1_64' title="bbox 815 1795 1472 1847; baseline 0.006 -13"><span class='ocrx_word' id='word_1_301' title='bbox 815 1800 987 1834; x_wconf 88' lang='lat' dir='ltr'>mentarr.</span> <span class='ocrx_word' id='word_1_302' title='bbox 1005 1796 1054 1833; x_wconf 91' lang='lat' dir='ltr'>ad</span> <span class='ocrx_word' id='word_1_303' title='bbox 1081 1795 1152 1834; x_wconf 90' lang='lat' dir='ltr'>Ies.</span> <span class='ocrx_word' id='word_1_304' title='bbox 1184 1796 1209 1834; x_wconf 93' lang='lat' dir='ltr'>l.</span> <span class='ocrx_word' id='word_1_305' title='bbox 1231 1796 1254 1833; x_wconf 95' lang='lat' dir='ltr'>l.</span> <span class='ocrx_word' id='word_1_306' title='bbox 1280 1808 1367 1847; x_wconf 86' lang='lat' dir='ltr'>pag.</span> <span class='ocrx_word' id='word_1_307' title='bbox 1386 1795 1472 1837; x_wconf 85' lang='lat'>652</span> 
     </span>
     <span class='ocr_line' id='line_1_65' title="bbox 816 1851 1473 1902; baseline -0.003 -12"><span class='ocrx_word' id='word_1_308' title='bbox 816 1865 839 1890; x_wconf 89' lang='lat' dir='ltr'>a</span> <span class='ocrx_word' id='word_1_309' title='bbox 861 1852 925 1890; x_wconf 84' lang='lat' dir='ltr'>Cr.</span> <span class='ocrx_word' id='word_1_310' title='bbox 946 1851 1136 1899; x_wconf 77' lang='lat' dir='ltr'>laudatus3</span> <span class='ocrx_word' id='word_1_311' title='bbox 1164 1853 1226 1902; x_wconf 91' lang='lat' dir='ltr'>qui</span> <span class='ocrx_word' id='word_1_312' title='bbox 1248 1853 1322 1890; x_wconf 86' lang='lat' dir='ltr'>iam</span> <span class='ocrx_word' id='word_1_313' title='bbox 1340 1853 1387 1890; x_wconf 91' lang='lat' dir='ltr'>de</span> <span class='ocrx_word' id='word_1_314' title='bbox 1396 1852 1473 1889; x_wconf 90' lang='lat' dir='ltr'>Ba-</span> 
     </span>
     <span class='ocr_line' id='line_1_66' title="bbox 817 1908 1475 1959; baseline 0 -13"><span class='ocrx_word' id='word_1_315' title='bbox 817 1909 953 1958; x_wconf 90' lang='lat' dir='ltr'>bylone</span> <span class='ocrx_word' id='word_1_316' title='bbox 986 1908 1189 1959; x_wconf 85' lang='lat' dir='ltr'>Euphratis</span> <span class='ocrx_word' id='word_1_317' title='bbox 1229 1909 1336 1946; x_wconf 86' lang='lat' dir='ltr'>undis</span> <span class='ocrx_word' id='word_1_318' title='bbox 1376 1912 1475 1946; x_wconf 87' lang='lat' dir='ltr'>tecta</span> 
     </span>
     <span class='ocr_line' id='line_1_67' title="bbox 820 1964 1476 2015; baseline 0 -12"><span class='ocrx_word' id='word_1_319' title='bbox 820 1969 900 2004; x_wconf 91' lang='lat' dir='ltr'>erat</span> <span class='ocrx_word' id='word_1_320' title='bbox 928 1964 1198 2014; x_wconf 78' lang='lat' dir='ltr'>intelligendus.</span> <span class='ocrx_word' id='word_1_321' title='bbox 1255 1965 1476 2015; x_wconf 85' lang='lat' dir='ltr'>Abydenum</span> 
     </span>
     <span class='ocr_line' id='line_1_68' title="bbox 820 2021 1474 2073; baseline 0.002 -15"><span class='ocrx_word' id='word_1_322' title='bbox 820 2035 966 2073; x_wconf 90' lang='lat' dir='ltr'>quoque</span> <span class='ocrx_word' id='word_1_323' title='bbox 989 2021 1058 2059; x_wconf 81' lang='lat' dir='ltr'>Cr.</span> <span class='ocrx_word' id='word_1_324' title='bbox 1080 2021 1204 2060; x_wconf 88' lang='lat' dir='ltr'>laudat</span> <span class='ocrx_word' id='word_1_325' title='bbox 1233 2022 1313 2073; x_wconf 87' lang='lat' dir='ltr'>(ap.</span> <span class='ocrx_word' id='word_1_326' title='bbox 1333 2022 1474 2059; x_wconf 92' lang='lat' dir='ltr'>Euseb.</span> 
     </span>
     <span class='ocr_line' id='line_1_69' title="bbox 818 2078 1475 2130; baseline 0 -15"><span class='ocrx_word' id='word_1_327' title='bbox 818 2091 986 2130; x_wconf 83' lang='lat' dir='ltr'>praepar.</span> <span class='ocrx_word' id='word_1_328' title='bbox 1014 2078 1179 2127; x_wconf 87' lang='lat' dir='ltr'>evangel.</span> <span class='ocrx_word' id='word_1_329' title='bbox 1209 2079 1264 2116; x_wconf 91' lang='lat' dir='ltr'>IX</span> <span class='ocrx_word' id='word_1_330' title='bbox 1290 2091 1328 2130; x_wconf 91' lang='lat' dir='ltr'>p.</span> <span class='ocrx_word' id='word_1_331' title='bbox 1356 2078 1475 2127; x_wconf 86' lang='lat'>457),</span> 
     </span>
     <span class='ocr_line' id='line_1_70' title="bbox 819 2135 1476 2185; baseline 0.002 -13"><span class='ocrx_word' id='word_1_332' title='bbox 819 2138 1027 2173; x_wconf 89' lang='lat' dir='ltr'>narrantem</span> <span class='ocrx_word' id='word_1_333' title='bbox 1058 2148 1204 2173; x_wconf 90' lang='lat' dir='ltr'>omnem</span> <span class='ocrx_word' id='word_1_334' title='bbox 1232 2135 1324 2174; x_wconf 87' lang='lat' dir='ltr'>hanc</span> <span class='ocrx_word' id='word_1_335' title='bbox 1350 2135 1476 2185; x_wconf 88' lang='lat' dir='ltr'>regio-</span> 
     </span>
     <span class='ocr_line' id='line_1_71' title="bbox 820 2192 1475 2243; baseline 0 -13"><span class='ocrx_word' id='word_1_336' title='bbox 820 2205 906 2230; x_wconf 84' lang='lat' dir='ltr'>nem</span> <span class='ocrx_word' id='word_1_337' title='bbox 922 2192 1087 2243; x_wconf 88' lang='lat' dir='ltr'>primitus</span> <span class='ocrx_word' id='word_1_338' title='bbox 1116 2193 1220 2242; x_wconf 92' lang='lat' dir='ltr'>aquis</span> <span class='ocrx_word' id='word_1_339' title='bbox 1246 2192 1475 2231; x_wconf 87' lang='lat' dir='ltr'>submersam</span> 
     </span>
     <span class='ocr_line' id='line_1_72' title="bbox 820 2248 1474 2300; baseline 0.003 -15"><span class='ocrx_word' id='word_1_340' title='bbox 820 2262 889 2300; x_wconf 88' lang='lat' dir='ltr'>pro</span> <span class='ocrx_word' id='word_1_341' title='bbox 927 2249 1019 2286; x_wconf 88' lang='lat' dir='ltr'>mari</span> <span class='ocrx_word' id='word_1_342' title='bbox 1054 2248 1213 2287; x_wconf 86' lang='lat' dir='ltr'>habitam</span> <span class='ocrx_word' id='word_1_343' title='bbox 1244 2262 1339 2287; x_wconf 86' lang='lat' dir='ltr'>esse.</span> <span class='ocrx_word' id='word_1_344' title='bbox 1396 2249 1474 2287; x_wconf 87' lang='lat' dir='ltr'>Sed</span> 
     </span>
     <span class='ocr_line' id='line_1_73' title="bbox 819 2305 1391 2357; baseline 0 -14"><span class='ocrx_word' id='word_1_345' title='bbox 819 2305 911 2344; x_wconf 89' lang='lat' dir='ltr'>haec</span> <span class='ocrx_word' id='word_1_346' title='bbox 927 2305 997 2344; x_wconf 86' lang='lat' dir='ltr'>alio</span> <span class='ocrx_word' id='word_1_347' title='bbox 1018 2309 1185 2357; x_wconf 87' lang='lat' dir='ltr'>spectare</span> <span class='ocrx_word' id='word_1_348' title='bbox 1210 2305 1391 2344; x_wconf 89' lang='lat' dir='ltr'>videntur.</span> 
     </span>
    </p>
   </div>
   <div class='ocr_carea' id='block_1_10' title="bbox 969 2389 1336 2442">
    <p class='ocr_par' dir='ltr' id='par_1_11' title="bbox 969 2389 1336 2442">
     <span class='ocr_line' id='line_1_74' title="bbox 969 2389 1336 2442; baseline 0 -14"><span class='ocrx_word' id='word_1_349' title='bbox 969 2390 1002 2428; x_wconf 91' lang='lat' dir='ltr'>C</span> <span class='ocrx_word' id='word_1_350' title='bbox 1015 2403 1037 2428; x_wconf 93' lang='lat' dir='ltr'>a</span> <span class='ocrx_word' id='word_1_351' title='bbox 1047 2403 1084 2442; x_wconf 86' lang='lat' dir='ltr'>p.</span> <span class='ocrx_word' id='word_1_352' title='bbox 1112 2389 1336 2428; x_wconf 88' lang='lat' dir='ltr'>CLXXXV.</span> 
     </span>
    </p>
   </div>
   <div class='ocr_carea' id='block_1_11' title="bbox 824 2468 1482 2980">
    <p class='ocr_par' dir='ltr' id='par_1_12' title="bbox 824 2468 1482 2980">
     <span class='ocr_line' id='line_1_75' title="bbox 877 2468 1477 2530; baseline -0.002 -16"><span class='ocrx_word' id='word_1_353' title='bbox 877 2476 929 2530; x_wconf 79' lang='grc' dir='ltr'>τῇ</span> <span class='ocrx_word' id='word_1_354' title='bbox 959 2471 1115 2526; x_wconf 76' lang='grc' dir='ltr'><em>οὕνομα</em></span> <span class='ocrx_word' id='word_1_355' title='bbox 1151 2468 1206 2526; x_wconf 77' lang='grc' dir='ltr'>ἦν</span> <span class='ocrx_word' id='word_1_356' title='bbox 1251 2472 1477 2527; x_wconf 81' lang='grc' dir='ltr'><strong><em>Νίτωκρις]</em></strong></span> 
     </span>
     <span class='ocr_line' id='line_1_76' title="bbox 824 2531 1479 2581; baseline -0.002 -11"><span class='ocrx_word' id='word_1_357' title='bbox 824 2531 1023 2570; x_wconf 84' lang='lat' dir='ltr'>Cuiusnam</span> <span class='ocrx_word' id='word_1_358' title='bbox 1043 2532 1140 2581; x_wconf 87' lang='lat' dir='ltr'>regis</span> <span class='ocrx_word' id='word_1_359' title='bbox 1161 2544 1252 2569; x_wconf 88' lang='lat' dir='ltr'>uxor</span> <span class='ocrx_word' id='word_1_360' title='bbox 1261 2532 1381 2580; x_wconf 84' lang='lat' dir='ltr'>fuerit,</span> <span class='ocrx_word' id='word_1_361' title='bbox 1403 2531 1479 2569; x_wconf 86' lang='lat' dir='ltr'>val-</span> 
     </span>
     <span class='ocr_line' id='line_1_77' title="bbox 825 2589 1478 2639; baseline -0.002 -13"><span class='ocrx_word' id='word_1_362' title='bbox 825 2589 873 2626; x_wconf 94' lang='lat' dir='ltr'>de</span> <span class='ocrx_word' id='word_1_363' title='bbox 896 2589 989 2626; x_wconf 88' lang='lat' dir='ltr'>inter</span> <span class='ocrx_word' id='word_1_364' title='bbox 1016 2590 1113 2626; x_wconf 89' lang='lat' dir='ltr'>viros</span> <span class='ocrx_word' id='word_1_365' title='bbox 1141 2590 1268 2627; x_wconf 88' lang='lat' dir='ltr'>doctos</span> <span class='ocrx_word' id='word_1_366' title='bbox 1291 2589 1478 2639; x_wconf 86' lang='lat' dir='ltr'>discepta-</span> 
     </span>
     <span class='ocr_line' id='line_1_78' title="bbox 824 2644 1479 2695; baseline -0.003 -12"><span class='ocrx_word' id='word_1_367' title='bbox 824 2649 895 2683; x_wconf 90' lang='lat' dir='ltr'>tur.</span> <span class='ocrx_word' id='word_1_368' title='bbox 949 2645 1056 2682; x_wconf 87' lang='lat' dir='ltr'>Multi</span> <span class='ocrx_word' id='word_1_369' title='bbox 1092 2644 1159 2693; x_wconf 88' lang='lat' dir='ltr'>(in</span> <span class='ocrx_word' id='word_1_370' title='bbox 1200 2646 1332 2695; x_wconf 86' lang='lat' dir='ltr'>quibus</span> <span class='ocrx_word' id='word_1_371' title='bbox 1369 2645 1479 2684; x_wconf 84' lang='lat' dir='ltr'>etiam</span> 
     </span>
     <span class='ocr_line' id='line_1_79' title="bbox 825 2700 1478 2753; baseline -0.002 -13"><span class='ocrx_word' id='word_1_372' title='bbox 825 2701 986 2740; x_wconf 85' lang='lat' dir='ltr'>Heeren.</span> <span class='ocrx_word' id='word_1_373' title='bbox 1010 2702 1122 2740; x_wconf 85' lang='lat' dir='ltr'>Ideen</span> <span class='ocrx_word' id='word_1_374' title='bbox 1136 2706 1204 2740; x_wconf 90' lang='lat' dir='ltr'>etc.</span> <span class='ocrx_word' id='word_1_375' title='bbox 1225 2702 1264 2750; x_wconf 89' lang='lat' dir='ltr'>I,</span> <span class='ocrx_word' id='word_1_376' title='bbox 1281 2704 1309 2743; x_wconf 80' lang='lat'><strong>2</strong></span> <span class='ocrx_word' id='word_1_377' title='bbox 1325 2715 1362 2753; x_wconf 89' lang='lat' dir='ltr'>p.</span> <span class='ocrx_word' id='word_1_378' title='bbox 1376 2700 1478 2749; x_wconf 79' lang='grc'>154)</span> 
     </span>
     <span class='ocr_line' id='line_1_80' title="bbox 825 2757 1481 2799; baseline -0.003 -2"><span class='ocrx_word' id='word_1_379' title='bbox 825 2757 1182 2799; x_wconf 87' lang='lat' dir='ltr'>Nabuchodonosori</span> <span class='ocrx_word' id='word_1_380' title='bbox 1192 2772 1222 2796; x_wconf 89' lang='lat' dir='ltr'>s.</span> <span class='ocrx_word' id='word_1_381' title='bbox 1234 2759 1481 2798; x_wconf 87' lang='lat' dir='ltr'>Nebucadne-</span> 
     </span>
     <span class='ocr_line' id='line_1_81' title="bbox 827 2815 1482 2863; baseline -0.005 -10"><span class='ocrx_word' id='word_1_382' title='bbox 827 2815 923 2853; x_wconf 90' lang='lat' dir='ltr'>zaris</span> <span class='ocrx_word' id='word_1_383' title='bbox 951 2829 1099 2855; x_wconf 88' lang='lat' dir='ltr'>uxorem</span> <span class='ocrx_word' id='word_1_384' title='bbox 1139 2829 1224 2854; x_wconf 89' lang='lat' dir='ltr'>esse</span> <span class='ocrx_word' id='word_1_385' title='bbox 1250 2815 1397 2863; x_wconf 91' lang='lat' dir='ltr'>volunt,</span> <span class='ocrx_word' id='word_1_386' title='bbox 1424 2815 1482 2850; x_wconf 89' lang='lat' dir='ltr'>in-</span> 
     </span>
     <span class='ocr_line' id='line_1_82' title="bbox 827 2871 1481 2922; baseline -0.003 -13"><span class='ocrx_word' id='word_1_387' title='bbox 827 2872 950 2922; x_wconf 87' lang='lat' dir='ltr'>deque</span> <span class='ocrx_word' id='word_1_388' title='bbox 976 2873 1094 2911; x_wconf 88' lang='lat' dir='ltr'>aviam</span> <span class='ocrx_word' id='word_1_389' title='bbox 1116 2873 1231 2911; x_wconf 83' lang='lat' dir='ltr'>ultimi</span> <span class='ocrx_word' id='word_1_390' title='bbox 1254 2871 1481 2921; x_wconf 91' lang='lat' dir='ltr'>Babylonio-</span> 
     </span>
     <span class='ocr_line' id='line_1_83' title="bbox 826 2928 1480 2980; baseline -0.003 -13"><span class='ocrx_word' id='word_1_391' title='bbox 826 2941 908 2967; x_wconf 85' lang='lat' dir='ltr'>rum</span> <span class='ocrx_word' id='word_1_392' title='bbox 933 2930 1032 2979; x_wconf 76' lang='lat' dir='ltr'>regis</span> <span class='ocrx_word' id='word_1_393' title='bbox 1052 2929 1237 2980; x_wconf 81' lang='lat' dir='ltr'>Labyueti</span> <span class='ocrx_word' id='word_1_394' title='bbox 1253 2943 1284 2967; x_wconf 83' lang='lat' dir='ltr'>s.</span> <span class='ocrx_word' id='word_1_395' title='bbox 1302 2928 1480 2968; x_wconf 82' lang='lat' dir='ltr'>Naboue-</span> 
     </span>
    </p>
   </div>
   <div class='ocr_carea' id='block_1_12' title="bbox 1702 590 1745 685">
    <p class='ocr_par' dir='ltr' id='par_1_13' title="bbox 1702 590 1745 685">
     <span class='ocr_line' id='line_1_84' title="bbox 1702 590 1745 643; baseline 0 0"><span class='ocrx_word' id='word_1_396' title='bbox 1702 590 1745 643; x_wconf 66' lang='grc' dir='ltr'>ιοιι</span> 
     </span>
     <span class='ocr_line' id='line_1_85' title="bbox 1726 650 1742 685; baseline 0 0"><span class='ocrx_word' id='word_1_397' title='bbox 1726 650 1742 685; x_wconf 93' lang='grc'>]</span> 
     </span>
    </p>
   </div>
  </div>
 </body>
</html>
