1759 3324
32 1075 129 1103 Struit
182 1075 307 1102 classem

31 1110 308 1170 332lh‘fflflssema'
401 1167 418 1174 ,
561 1168 582 1176 ,,
744 1160 753 1172 ,
875 1161 886 1175 ,
986 1161 995 1174 ,
1454 1165 1471 1172 -

31 1177 72 1238 213
89 1176 307 1238 {ergggtrivin-
364 1179 416 1219 τῃ
449 1164 604 1219 βορηίῃ
635 1165 839 1218 θαλασσῃ
870 1166 1166 1219 εποιηθησαν,
1197 1163 1241 1204 αἱ
1271 1160 1304 1204 δ’
1337 1161 1383 1204 ἐν
1412 1179 1470 1220 τῳ
1500 1160 1622 1215 Ἀρα-

361 264 446 305 852

770 263 1239 302 HERODOTI

363 373 532 417 στάδιοι
567 374 695 429 χίλιοι
737 372 949 428 [ἀπαρτὶ]
996 372 1038 424 ἐς
1073 373 1152 417 τὸν
1197 370 1403 427 Ἀράβιον
1441 370 1620 415 κόλπον.

335 456 493 496 6τοῦτο
535 453 613 507 μὲν
650 452 699 496 τὸ
738 450 1092 507 συντομώτατον·

362 531 631 588 μακροτέρη,
678 531 766 588 ὅσῳ
806 531 1066 588 σκολιωτέρη
1106 532 1213 582 ἐστὶ,

1151 450 1179 508 ἡ
1207 453 1252 495 δὲ
1284 450 1444 506 διώρυξ
1473 454 1621 506 πολλῷ

1272 530 1350 586 τήν
1390 531 1457 574 ἐπὶ
1494 532 1623 573 Νεκῶ

363 611 563 669 βασιλέος
594 607 856 662 ὀρύσσοντες
890 612 1139 665 Αἰγυπτίων
1169 608 1393 653 ἀπώλοντο
1425 608 1623 653 δυώδεκα
1635 611 1680 648 40

335 689 587 747 7μυριάδες.
633 687 787 740 Νεκῶς
824 688 904 742 μέν
939 706 1022 731 νυν
1060 689 1216 744 μεταξύ
1255 686 1459 742 ὀρύσσων
1489 687 1623 732 ἐπαύ-

364 783 496 820 σατο,
534 769 749 823 μαντηίου
785 767 999 822 ἐμποδίου
1028 767 1266 822 γενομένου
1295 770 1489 819 τοιοῦδε,
1527 770 1623 823 »τῷ

335 846 608 902 8,,βαρβάρῳ
652 845 787 888 αὐτόν
837 848 1229 900 προεργάζεσθαι.“

1287 845 1540 901 βαρβάρους
1579 845 1625 888 δὲ

362 925 528 976 πάντας
559 926 603 967 οἱ
629 922 866 979 Αἰγύπτιοι
902 923 1108 967 καλέουσι
1139 924 1241 974 τούς
1274 923 1332 979 μὴ
1365 925 1486 978 σφίσι
1518 922 1623 978 ὁμο-

221 1151 308 1177 prae-

366 1334 511 1389 ἀπαρτὶ
529 1335 566 1383 ἒς
585 1333 653 1376 τόν
669 1330 853 1387 Ἀράβιον
871 1330 960 1375 κόλ-

307 1394 403 1445 πον]
423 1390 627 1445 οἷπαρτὶ,
658 1394 758 1442 quod
779 1393 823 1430 ab
844 1393 962 1430 omni-

307 1454 376 1489 bus
399 1451 580 1488 Herodoti
608 1450 704 1486 libris
732 1450 872 1499 scriptis
895 1450 961 1486 ab-

308 1514 386 1555 est,
409 1508 604 1557 nuperrimi
623 1506 779 1543 editores
799 1507 961 1543 inserue-

306 1569 390 1602 runt
418 1578 438 1601 e
461 1564 777 1612 grammaticorum
798 1562 961 1599 Graeco-

307 1635 388 1658 rum
405 1620 505 1666 locis‚
526 1620 586 1668 qui
604 1618 766 1656 voculam
787 1618 855 1654 hoc
876 1619 958 1668 ipso

308 1691 353 1716 ex
370 1677 450 1714 loco
478 1677 591 1713 citant
622 1674 752 1723 (schol.
772 1674 958 1725 Aristoph.

307 1734 405 1771 Plut.
422 1734 516 1774 388.
537 1732 638 1768 Suid.
660 1736 696 1769 et
716 1731 959 1779 lex.Seguier.

308 1805 345 1841 p.
366 1790 475 1837 418)
513 1792 772 1839 exponuntque
800 1783 960 1838 οἷπηρτι-

309 1845 480 1897 σμένως,
512 1841 699 1896 ἀκριβῶς.
754 1843 864 1880 Plura
885 1843 961 1881 Lo-

307 1904 412 1940 beck.
451 1902 500 1938 ad
532 1901 724 1950 Phrynich.
769 1913 854 1950 pag.
892 1903 960 1941 20.

308 1959 491 2008 Equidem
515 1962 637 1995 tamen
658 1958 756 1994 uncis
774 1956 960 1993 includere

310 2015 442 2061 malui,
473 2027 547 2051 non
567 2014 713 2063 quidem
736 2017 777 2050 ut
800 2012 960 2062 spuriam

309 2071 493 2117 voculam,
524 2071 590 2108 sed
617 2074 659 2106 ut
693 2070 739 2106 de
766 2082 838 2118 qua
866 2081 959 2105 non-

310 2128 397 2164 dum
431 2127 569 2175 liquido
606 2130 766 2171 constet,
813 2138 891 2162 cum
921 2126 959 2161 in

310 2183 477 2220 omnibus
524 2182 665 2231 scriptis
709 2182 802 2218 desit
848 2180 958 2218 libris.

310 2239 381 2275 Est
396 2239 538 2284 forsan⁷
558 2238 620 2286 qui
643 2237 712 2274 hoc
732 2250 775 2274 ex
793 2237 872 2274 loco
893 2238 959 2274 du·-

310 2295 440 2345 plicem
462 2299 582 2331 textus
610 2293 814 2330 Herodotei
836 2306 961 2329 recen-

313 2352 451 2388 sionem
471 2350 580 2386 suisse
608 2352 761 2393 statuat3
793 2349 961 2396 equidem

311 2407 381 2445 hoc
409 2406 519 2443 modo
548 2404 664 2441 teneri
688 2403 814 2450 velim,
857 2408 964 2452 quot-

312 2466 402 2512 quot
431 2462 536 2498 nobis
569 2460 699 2498 servati
738 2460 809 2496 sint
840 2460 961 2509 scripti

311 2519 392 2557 libri
409 2517 613 2555 Herodotei
626 2545 636 2563 ‚
656 2529 718 2553 eos
739 2528 782 2553 ex
801 2528 872 2551 una
892 2529 960 2565 po-

309 2577 381 2613 tius
428 2573 561 2611 familia
605 2571 777 2608 oriundos
832 2571 960 2617 videri,

309 2631 407 2669 haud
420 2631 493 2668 scio
513 2641 559 2666 an
577 2627 831 2664 Alexandrina.
862 2626 961 2664 Alius

310 2688 438 2736 utique
455 2685 610 2723 familiae
635 2684 745 2720 libros
763 2684 957 2720 Gramma-

310 2744 371 2780 tici
396 2742 446 2779 illi
475 2741 676 2791 inspexisse
694 2740 881 2785 videntur,
912 2752 955 2776 ex

309 2799 442 2848 quibus
460 2797 621 2834 voculam
645 2796 682 2832 in
701 2795 834 2832 nostris
853 2795 953 2832 libris

311 2856 478 2893 omissam
496 2854 662 2891 citarunt.

367 2909 433 2950 ἐπὶ
464 2911 583 2949 Νεκῶ
610 2904 813 2959 βασιλέος]
846 2907 954 2957 βασι-

204 1009 303 1055 159
360 1002 598 1060 γλώσσους.
656 1001 948 1057 Παυσάμενος
979 1002 1024 1046 δὲ
1053 1005 1126 1058 τῆς
1157 1002 1370 1057 διώρυχος
1400 1001 1422 1048 ὁ
1457 1001 1681 1052 Νεκώς,45

364 1082 570 1137 ἐτράπετο
602 1082 714 1137 πρὸς
743 1084 997 1137 στρατηίας·
1027 1082 1101 1125 καὶ
1130 1082 1341 1138 τριήρεες,
1375 1084 1420 1124 αἱ
1435 1082 1530 1138 μὲν,
1554 1080 1624 1124 ἐπὶ

1029 1335 1116 1383 λεός
1137 1350 1217 1374 cum
1233 1337 1350 1374 Gaisf.
1377 1336 1503 1386 scripsi
1524 1348 1591 1385 pro
1611 1334 1681 1385 βα-

1029 1396 1177 1444 σιλῆος.
1198 1393 1257 1429 Ad
1274 1394 1383 1431 verba
1405 1389 1546 1443 μεταξὺ
1564 1387 1681 1441 ὀρύσ-

1029 1463 1110 1490 σων
1134 1451 1296 1487 conseras
1324 1450 1502 1486 Matthiae
1524 1449 1589 1485 Gr.
1612 1448 1678 1485 Gr.

1027 1519 1112 1558 pag.
1138 1506 1256 1546 1114.
1283 1507 1401 1547 1115.

1084 1563 1277 1613 μαντηίὀυ
1303 1561 1495 1612 ἐμποδίου
1523 1557 1680 1612 γενομέ-

1027 1618 1116 1670 νου]
1130 1619 1330 1656 Intermissi
1349 1618 1480 1656 canalis
1500 1630 1579 1655 eam
1594 1630 1680 1667 pro-

1029 1677 1120 1713 dunt
1150 1675 1210 1712 alii
1238 1688 1408 1721 causam,
1439 1674 1539 1724 quod
1557 1673 1681 1722 Aegy-

1028 1733 1094 1783 ptii
1124 1732 1415 1778 observaverint,
1459 1729 1603 1768 Arabici
1633 1730 1681 1766 si-

1027 1802 1095 1825 nus
1114 1800 1245 1837 aquam
1272 1787 1438 1825 altiorem
1462 1800 1542 1824 esse
1570 1798 1681 1835 quam

1027 1845 1212 1895 planitiem
1224 1872 1235 1890 ‚
1267 1857 1287 1882 e
1305 1857 1376 1893 qua
1394 1844 1528 1881 canalis
1546 1843 1584 1878 in
1603 1855 1681 1879 ma-

1026 1915 1066 1939 re
1089 1901 1325 1938 deducendus
1348 1907 1436 1938 erat.
1491 1899 1574 1936 vid.
1596 1899 1680 1935 Ari-

1029 1957 1151 1994 stotel.
1174 1961 1325 1994 meteor.
1350 1957 1377 2003 I,
1398 1961 1450 1998 14
1467 1955 1679 1994 coll.Strab.

1028 2014 1131 2050 XVII
1158 2026 1194 2063 p.
1217 2013 1297 2054 804
1328 2027 1356 2050 s,
1377 2027 1414 2062 p.
1437 2014 1555 2053 1158.
1586 2010 1680 2050 Plin.

1027 2070 1062 2108 h.
1090 2083 1125 2107 n.
1149 2068 1223 2115 VI,
1242 2072 1306 2110 29.
1366 2069 1535 2116 Accedit,
1566 2067 1681 2117 quod,

1026 2131 1067 2163 ut
1086 2126 1247 2162 nonnulli
1266 2129 1361 2162 teste
1383 2126 1501 2162 Plinio
1519 2124 1681 2171 tradunt,

1026 2182 1201 2232 Aegyptii
1239 2182 1446 2229 timebant,
1488 2194 1536 2217 ne
1570 2181 1678 2217 maris

1027 2251 1123 2287 aqua
1154 2237 1247 2274 salsa
1277 2250 1319 2275 ex
1350 2236 1505 2274 Arabico
1531 2236 1612 2273 sinu
1641 2237 1679 2273 in

1029 2293 1192 2331 canalem
1235 2294 1392 2330 demissa
1430 2292 1569 2330 dulcem
1602 2292 1680 2329 Nili

1029 2362 1185 2398 aquam,
1204 2361 1297 2397 quae
1314 2348 1391 2385 sola
1406 2348 1498 2385 illius
1519 2349 1678 2397 regionis

1028 2405 1163 2442 incolas
1190 2405 1374 2450 nutriret,
1421 2410 1679 2455 corrumperet.

1030 2460 1090 2497 Tu
1110 2461 1181 2496 vid.
1202 2460 1383 2497 Mannert.
1405 2460 1425 2496 l.
1447 2461 1467 2497 l.
1487 2463 1676 2511 pag 506.

1028 2516 1121 2557 511.
1181 2516 1294 2553 Veras
1323 2530 1448 2554 causas
1485 2517 1679 2566 diligenter

1027 2572 1195 2622 exposuit
1239 2571 1294 2610 Le
1332 2572 1423 2611 Pere
1452 2573 1532 2610 loco
1568 2587 1678 2624 supra

1025 2627 1174 2665 laudato
1201 2641 1284 2677 pag.
1315 2631 1367 2669 68
1396 2643 1498 2678 seqq.
1545 2650 1593 2657 —-·
1634 2630 1677 2667 In

1027 2697 1129 2733 seqq.
1160 2697 1240 2721 cum
1270 2685 1387 2721 Gaisf.
1419 2685 1584 2735 rescripsi
1621 2683 1676 2737 μή

1025 2739 1139 2790 σφίσι
1156 2753 1224 2790 pro
1242 2740 1375 2789 vulgat.
1398 2737 1454 2792 μή
1477 2753 1560 2790 σφι.

1219 2823 1333 2874 Cap.
1364 2824 1494 2861 CLIX.

1080 2905 1145 2947 ἐπὶ
1183 2908 1233 2961 τῇ
1279 2907 1425 2960 βορηίῃ
1463 2904 1674 2964 θαλάσσῃ]
