1805 3315
630 277 935 319 cLlo..1

1352 279 1435 321 113

247 391 352 438 Οδμή
369 388 404 437 μ’
426 390 463 432 ἐς
479 387 618 436 φρένας
635 383 729 435 ἦλθε
746 389 997 434 κραταιρίνοιο
1014 386 1170 435 χελώνης

239 449 418 495 ἑψομένης
443 446 485 483 ἐν
505 449 627 496 χαλκῷ
647 443 708 491 ἅμ’
733 444 912 492 οἷρνείοισι
931 445 1084 490 κρέεσσι,

238 521 261 554 η
274 505 404 551 χαλκὸς
421 518 487 550 μεν
506 504 748 550 ὑπέστρωται,
773 503 909 550 χαλκὸν
926 501 967 539 δ’
993 501 1167 539 ἐπιέσται.

37 582 104 629 48
155 578 302 619 Ταῦτα
341 575 386 617 οἱ
422 573 566 616 Λυδοὶ
607 572 876 629 θεσπισάσης
913 575 988 628 τῆς
1027 573 1206 627 Πυθίης
1243 570 1477 626 συγγρα-3ο

124 652 356 708 ἓψάμενοι,
389 653 562 708 οἴχοντο
592 649 795 703 ἀπιόντες
824 651 868 704 ἐς
894 650 972 703 τοὶς
994 650 1174 707 Σάρδις.
1204 647 1263 702 ὥς
1292 650 1435 694 δὲκαὶ

140 726 288 775 ’ὧλλοι
325 732 371 775 οἱ
409 730 783 789 περιπεμφθέντες
828 734 1032 788 παρῆσαν
1075 728 1285 787 φέροντες
1327 729 1435 782 τοὺς

143 809 385 867 χρησμοὺς,
433 810 629 855 ἐνθαῦτα
663 808 686 855 ὁ
718 813 913 866 Κροῖσος
951 810 1109 855 ἕκαστα
1139 807 1434 854 ἀναπτύσσων

121 887 293 945 Βέπώρα
313 892 402 934 τῶν
432 889 798 949 συγγραμμάτων.
828 893 914 935 τῶν
931 890 1011 947 μὲν
1041 889 1095 948 δὴ
1125 888 1256 935 οὐδὲν
1282 890 1434 947 προσί-

156 1069 264 1127 ὀδμή
285 1073 323 1127 μ’
335 1074 375 1123 ἐς
392 1069 756 1140 φρέναςηλθεκρα-

100 1132 296 1184 ταιρίνοιο
317 1129 516 1184 χελώνης]
546 1133 665 1170 Uno‘
657 1147 694 1170 m
714 1133 756 1170 li-

103 1189 169 1225 bro
187 1193 305 1226 exstat
327 1186 432 1241 όδμη
454 1185 486 1228 δ’
499 1189 538 1236 ἐς
550 1204 641 1242 φρ.,
635 1190 757 1238 ·qu0d

101 1245 342 1283 Valckenario
376 1247 578 1297 profectum
607 1220 758 1283 videba—

101 1305 161 1338 tur
190 1303 236 1339 ab
274 1303 453 1340 eiusmodi
493 1302 659 1348 librario,
702 1301 758 1338 cui

99 1362 204 1395 vetus
234 1361 344 1407 atque
381 1358 579 1396 Homerica
614 1357 761 1395 dicendi

102 1414 194 1451 ratio
243 1414 353 1452 fuerit
397 1414 534 1462 ignota.
592 1413 761 1462 Aeschyl.

103 1469 235 1521 Suppl·
254 1470 354 1512 384:
373 1466 498 1521 φοβος
519 1465 557 1522 μ’
579 1469 655 1522 ε’χει
668 1469 761 1523 φρέ-

101 1541 189 1573 νας.
245 1526 350 1564 Pers.
372 1530 472 1569 161·
503 1526 571 1566 καί
595 1542 759 1578 μεκαρ-

103 1583 197 1623 δίαν
241 1577 410 1635 άμύσσει
448 1584 626 1636 φροντίς.
683 1583 757 1620 Pio

102 1640 395 1692 κραταιρίνοιο,
425 1641 527 1690 quod
557 1654 578 1678 e
600 1640 758 1678 meliori-

103 1697 172 1734 bus
204 1695 304 1733 libris
343 1696 529 1745 dedimus,
578 1697 638 1733 alii
664 1711 760 1747 κρα-

104 1748 333 1804 ταιρήνοιο,
371 1753 431 1790 alii
463 1749 648 1806 κρατειρή
679 1749 757 1801 οἷα,

105 1822 199 1846 unus
216 1809 514 1861 κραταιρῤίνοιο
527 1841 538 1859 ,
564 1811 666 1859 quod
683 1809 759 1847 val-

105 1866 154 1903 de
179 1866 285 1902 nobis
317 1866 472 1914 arridet,
521 1867 693 1916 quoniam
721 1866 759 1903 in

104 1921 183 1959 aliis
202 1922 409 1959 huiusmodi
430 1923 615 1960 vocabulis
632 1923 757 1960 literu-

104 1977 177 2016 lam
215 1982 247 2030 ρ“
290 1979 512 2030 duplicatam
545 1980 760 2030 plerumque

104 2035 318 2073 invenimus.
349 2035 434 2074 Vid.
457 2039 589 2073 notatt.
602 2037 650 2074 ad
671 2037 762 2073 Cte-

106 2091 183 2130 siae
214 2091 369 2129 Persice.
402 2090 440 2143 ἓ.
467 2092 521 2134 53
547 2106 634 2144 pag.
665 2095 760 2134 198.

108 2150 203 2190 199.
240 2148 423 2186 Herodoti
446 2149 661 2200 interpretes
682 2149 761 2186 lau-

106 2205 197 2242 dant
213 2202 470 2256 λιθόῤῥινος,
510 2207 612 2255 quod
633 2206 681 2243 de
705 2210 762 2243 te-

106 2261 253 2299 studine
272 2261 362 2299 dixit
389 2261 633 2313 Empedocles
662 2262 763 2313 apud

106 2316 287 2356 Plutarch.
337 2318 530 2369 Symposs.
563 2319 602 2367 1,
639 2321 679 2360 2.
723 2321 762 2360 5.

106 2386 194 2424 pag.
224 2375 318 2422 618,
340 2375 388 2412 de
417 2376 495 2412 orb.
528 2376 566 2412 in
592 2377 661 2413 fac.
689 2374 764 2413 lun.

111 2431 165 2471 14
194 2442 281 2480 pag.
320 2433 422 2479 927,
448 2430 480 2468 F
521 2431 765 2482 (Empedocl.

110 2487 276 2535 fragmm.
309 2488 370 2526 ed.
397 2488 518 2525 Sturz.
537 2501 626 2539 pag.
649 2489 764 2538 608).

115 2541 182 2580 Cr.
213 2543 317 2580 addit
344 2544 495 2582 Homer.
528 2545 578 2582 H.
609 2545 648 2581 in
665 2544 768 2582 Mer-

113 2611 187 2636 cur.
208 2600 264 2640 48
295 2601 382 2650 ibiq.
409 2600 528 2650 Ilgen.
560 2613 649 2652 pag.
672 2603 767 2643 370.

116 2653 160 2690 In
195 2655 458 2704 significatione
497 2661 654 2707 utraque
696 2670 768 2695 vox

117 2709 233 2747 minus
253 2712 398 2760 differt,
387 2726 396 2735 ·
436 2713 485 2751 ad
507 2714 633 2752 duram
653 2718 769 2752 testu-

119 2764 212 2801 dinis
237 2767 357 2816 pellem
380 2783 410 2806 5.
444 2772 575 2808 corium
602 2772 768 2809 refertur.

119 2820 244 2859 —De
255 2824 370 2862 forma
389 2824 544 2878 κρέεσσι
573 2827 615 2874 (a
632 2825 769 2879 κρέας)

119 2877 193 2913 vid.
222 2876 350 2917 Matth.
385 2882 452 2924 Gr.
482 2884 548 2923 Gr.
579 2882 616 2936 ἓ
641 2885 717 2934 84,
743 2884 770 2925 3

120 2945 209 2984 pag
233 2935 324 2975 187

182 2988 386 3032 Hauonor.
418 2993 451 3034 I.

878 1072 1023 1128 χαλκὸν
1054 1071 1095 1115 δ’
1120 1072 1317 1123 ἐπιέσται]
1355 1075 1477 1126 Vulgo

822 1131 1018 1181 ἔπίεσται,
1047 1136 1202 1170 retracto
1228 1136 1400 1180 accentu3
1437 1137 1479 1170 ut

822 1191 859 1226 in
875 1189 1021 1238 Stegeri
1041 1202 1084 1226 ac
1111 1188 1243 1225 Matth.
1272 1190 1374 1227 editt.
1410 1190 1480 1226 ad-

822 1246 893 1284 huc
914 1248 1101 1295 comparet
1119 1248 1155 1281 et
1175 1245 1213 1281 in
1231 1245 1393 1287 Gramm.
1411 1246 1479 1282 Gr.

827 1302 958 1339 Matth.
973 1314 1061 1352 pag.
1078 1302 1162 1342 456
1187 1298 1223 1351 ἓ·
1247 1303 1341 1343 233.
1380 1301 1480 1339 Nam

828 1357 969 1409 ἕννυμι
978 1358 1015 1394 in
1026 1358 1188 1408 perfecto
1206 1358 1340 1394 format
1353 1356 1481 1409 ἔσμαι,

825 1414 948 1454 ἔσται.
1020 1414 1080 1452 De
1117 1417 1301 1450 structura
1341 1415 1480 1452 relativi

825 1470 1054 1522 pronominis
1102 1470 1243 1507 monuit
1275 1470 1480 1509 Hermann.

825 1529 876 1565 ad
896 1528 1021 1576 Viger.
1045 1539 1132 1577 pag.
1152 1528 1246 1567 708.
1257 1526 1481 1576 Wesseling.

824 1584 943 1621 locum
961 1584 1012 1621 sic
1031 1584 1231 1633 expressit:
1253 1612 1277 1630 „
1291 1586 1350 1620 cui
1370 1588 1481 1622 testu-

824 1641 904 1678 dini
920 1641 1138 1678 substratum
1160 1639 1295 1690 quidem
1311 1654 1370 1677 aes
1384 1671 1394 1688 ⁷
1421 1654 1482 1680 ve-

825 1710 902 1736 rum
928 1711 988 1735 aes
1008 1708 1140 1748 quoque
1157 1696 1285 1734 indata
1306 1699 1397 1736 est.⁴‘

995 1786 1108 1838 Cap.
1138 1786 1308 1825 XLvm.

885 1864 942 1913 02⁹9
981 1862 1025 1905 δὲ
1063 1863 1133 1905 καὶ
1168 1859 1325 1913 (ὦλλοή
1372 1863 1485 1907 ἄλλοι

824 1923 863 1961 in
897 1922 1135 1972 Wesseiingii
1161 1923 1320 1961 editione
1347 1928 1486 1970 exstat3

825 1979 950 2030 scripti
985 1980 1067 2017 libri
1105 1979 1264 2016 offerunt
1301 1975 1419 2018 ὧλλοι
1447 1984 1486 2017 et

823 2031 977 2085 ‘caii-Lot,
1007 2035 1109 2085 quod
1126 2049 1207 2072 cum
1230 2036 1434 2085 Schweigh.
1446 2039 1484 2074 et

828 2094 947 2131 Gaisf.
1001 2092 1136 2143 recepi.
1223 2092 1403 2130 Matthiae
1449 2096 1487 2130 et

826 2150 1012 2187 Schaefer.
1033 2143 1162 2189 ὧλλοι.
1222 2149 1332 2186 Conf.
1354 2149 1410 2197 Π,
1434 2148 1487 2190 14

828 2206 910 2245 coll.
944 2205 1001 2253 ll,
1039 2205 1105 2247 51.
1127 2207 1194 2247 36.
1252 2204 1312 2242 Ad
1341 2205 1398 2252 Π,
1431 2207 1486 2246 14

828 2262 1004 2301 nonnulla
1024 2263 1165 2300 monuit
1176 2261 1397 2311 Wesseling.
1409 2262 1489 2299 lau-

830 2320 924 2357 dans
945 2318 1066 2356 Schol.
1088 2318 1259 2369 Apollon.
1284 2319 1406 2356 Rhod.
1437 2319 1487 2356 ad

829 2376 867 2424 I,
892 2377 1025 2424 1081,
1055 2376 1118 2426 qui
1137 2376 1330 2414 recentiori
1357 2375 1489 2412 Ionum

834 2431 989 2470 dialecto
1016 2432 1111 2469 hanc
1136 2433 1293 2470 formam
1314 2432 1489 2469 adscribit

833 2490 1000 2527 Homero
1027 2488 1205 2538 ignotam.

892 2543 1036 2584 ἕκαστα
1066 2539 1492 2584 ἀναπτύσσων

833 2598 994 2653 ἐπώρα]
1026 2601 1171 2650 „Confi
1192 2602 1344 2639 Homer.
1366 2600 1407 2638 Il.
1426 2600 1494 2648 VI,

838 2661 942 2700 169:
973 2679 1029 2685 -—
1059 2654 1221 2711 γράψας
1266 2657 1309 2697 ἐν
1351 2656 1496 2696 πίνακι

835 2716 976 2768 πυκτῷ
1003 2714 1128 2764 ibique
1155 2715 1293 2764 Heynii
1313 2714 1492 2752 Observv.

836 2783 923 2822 pag.
944 2773 1026 2813 219
1047 2784 1126 2822 seq.
1147 2775 1184 2810 et
1207 2771 1390 2808 Herodot.
1408 2768 1492 2816 VII,

838 2828 959 2870 239“
1003 2826 1068 2865 Cr.

894 2885 976 2922 τῶν
1007 2881 1079 2935 μὲν
1106 2881 1155 2936 δή
1183 2878 1304 2924 οὐδὲν
1321 2896 1415 2934 προ
1430 2879 1497 2920 σί-

841 2952 892 2980 ετ
907 2942 951 2988 ο]
982 2940 1004 2978 i.
1023 2953 1054 2980 e.
1085 2953 1228 2993 quorum
1249 2939 1387 2992 quidem
1411 2936 1494 2976 nul-

1509 571 1669 602 Probatum
1695 581 1713 602 n

1478 605 1602 636 Croeso.
