1759 3324
356 274 443 315 836
763 269 1233 310 HERODOTI

202 381 300 427 152
360 387 466 425 σθαι
493 383 547 438 τῇ
584 380 692 438 ἄλλῃ
724 380 943 436 Αἰγύπτῳ.
1008 378 1099 422 Τὸν
1129 378 1174 421 δὲ
1212 378 1485 433 Ψαμμίτιχον
1516 378 1619 419 τοῦ-

25 447 114 476 Prior
138 448 204 475 eius
230 448 304 482 fuga

25 481 145 516 quaudo
178 486 209 509 et
251 489 305 508 cur
361 477 461 512 1501),

25 515 304 616 Ξὶὲέῐῗὲἑὶἳῖἶὲἓῆ
360 539 409 590 ὃς
445 540 489 583 οἷ
526 539 605 582 τόν
644 537 808 591 πατέρα
850 535 1008 579 Νεκῶν
1048 533 1289 586 ἀπέκτεινε,
1325 537 1483 577 τοῦτον
1512 532 1620 589 φεύ-

27 616 73 642 1us
93 623 223 649 regnans
243 615 300 642 cir<
357 634 491 674 γοντα
520 617 615 661 τότε
647 617 689 668 ἐς
711 618 904 671 Συρίην,
936 614 993 665 ὥς
1023 611 1280 668 ἀπαλλάχθη
1311 612 1356 655 ἐκ
1386 617 1462 668 τῆς
1493 611 1620 663 ὄψιος
1635 618 1676 650 15

356 700 436 740 τοῦ
466 694 642 750 ὀνείρου
676 692 698 737 ὁ
729 695 918 743 Αἰθίοψ,
969 691 1216 748 κατήγαγον
1254 693 1506 746 Αἰγυπτίων
1540 684 1614 733 οὗ-

1242 769 1346 824 μετὰ
1381 770 1451 821 δὲ,
1490 771 1618 825 βασι-

511 459 728 514 πρότερον
769 459 988 514 φεύγοντα
1036 456 1114 500 τὸν
1151 457 1345 499 Αἰθίοπα
1383 458 1619 511 Σαβακῶν,

27 650 103 677 citer
120 650 157 677 ab
175 656 202 676 a.
223 649 283 677 65⁰.

330 781 432 818 Ξτοι
460 777 503 817 οἳ
533 773 579 816 ἐκ
607 775 750 827 νομοῦ
782 775 861 813 τοῦ
891 770 1060 813 Σαΐτεώ
1091 772 1182 813 εἰσι.

356 851 563 898 λεύοντα,
615 849 664 893 τὸ
702 849 906 901 δεύτερον
942 848 1050 903 πρὸς
1091 852 1178 890 τῶν
1216 848 1369 891 ἕνδεκα
1408 847 1619 902 βασιλέων

357 927 678 984 καταλαμβάνει
726 945 801 983 μιν
841 927 912 970 διὰ
949 925 1029 982 τὴν
1067 926 1228 982 κυνέην
1268 925 1447 981 φεύγειν
1485 925 1526 976 ές
1563 924 1615 968 τοὶ

330 1009 469 1052 δέ’λεα.
527 1005 832 1062 Έπιστάμενος
861 1001 923 1049 ὧν
957 1004 1014 1056 ὠς
1044 1003 1400 1061 περιυβρισμένος
1422 1006 1486 1060 ε’ίη
1506 1003 1619 1057 πρὸς

326 1086 526 1139 4αὐτι5ν,
559 1084 727 1130 ἐπενόεε
754 1087 961 1129 τίσασθαι
994 1083 1093 1134 τοὺς
1124 1082 1371 1136 διώξαντας.
1403 1083 1674 1140 πέμψαντιὲο

359 1166 403 1209 δέ
434 1168 479 1209 οἱ
508 1165 549 1216 ές
578 1168 781 1208 Βουτοῦν
805 1164 932 1208 πόλιν
969 1163 1011 1214 ἐς
1048 1162 1097 1206 τὸ
1133 1161 1395 1219 χρηστήριον
1423 1166 1500 1219 τῆς
1529 1166 1619 1219 Λη-
1662 1169 1740 1208 179

358 1248 484 1296 τοῦς,
526 1245 634 1288 ἔνθα
675 1244 727 1300 δή
758 1244 1034 1300 Αἰγυπτίοισί
1075 1242 1161 1285 ἐστι
1197 1241 1406 1298 μαντήϊον
1436 1240 1618 1294 ἀψευδέ-

359 1335 542 1375 στατον,
574 1319 678 1380 ἦλθε
695 1321 905 1379 χρησμός,
938 1319 995 1372 (ὃς
1025 1322 1132 1372 τίσις
1161 1320 1249 1376 ἥξει
1281 1318 1365 1364 ἀπὸ
1393 1319 1618 1377 θαλάσσης

330 1400 550 1459 5χαλκέων
579 1401 755 1456 ἀνδρῶν
785 1400 1094 1456 ἐπιφανέντων.
1140 1401 1213 1443 καὶ
1242 1404 1302 1455 τῷ
1331 1400 1408 1456 μὲν
1437 1399 1490 1457 δὴ
1517 1397 1616 1443 ἀπι-

356 1482 451 1536 στίη
479 1480 640 1537 μεγάλη
669 1480 929 1535 ὑπεκέχυτο,
970 1478 1179 1534 χαλκέους
1220 1481 1262 1522 οἱ
1299 1479 1462 1533 ἄνδρας
1502 1478 1672 1535 ἥξεινὲὅ

329 1559 638 1614 6ἐπικούρους.
670 1557 834 1615 χρόνου
850 1560 896 1602 δὲ
915 1556 967 1601 οὐ
987 1562 1155 1602 πολλοῦ
1180 1556 1448 1610 διελθόντος,
1481 1556 1615 1613 ἄναγ-

358 1641 459 1694 καίη
490 1639 697 1694 κατέλαβε
730 1637 885 1690 Ἴωνάς
911 1654 956 1681 τε
992 1639 1066 1681 καὶ
1095 1640 1246 1691 Κᾶρας
1275 1636 1461 1691 ἄνδρας,
1505 1636 1614 1680 κατεὶ

357 1720 482 1773 ληίην
537 1717 870 1769 ἐκπλώσαντας,
929 1714 1235 1772 ἀπενειχθῆναι
1279 1715 1321 1767 ἐς
1371 1717 1615 1772 Αἴγυπτον·

503 1929 758 1982 eap.an.

357 2012 426 2055 τόν
453 2012 497 2054 δέ
527 2014 775 2064 Ψαμμίτιχον
802 2028 837 2052 κ.
855 2029 886 2052 τ.
907 2012 955 2064 λ.]

301 2072 358 2109 De
378 2078 581 2123 temporum
599 2072 742 2108 ratione
761 2071 856 2108 conf.
876 2078 953 2108 not,

301 2129 348 2164 ad
367 2129 425 2175 ΙΙ,
448 2129 548 2173 147·,
573 2128 619 2165 de
644 2129 726 2177 ipso
754 2127 859 2163 huius
894 2140 955 2163 ea-

300 2185 386 2233 pitis
405 2188 619 2232 argumento
637 2184 731 2220 cons.
752 2184 905 2219 Diodor.
925 2183 953 2230 l,

301 2242 365 2280 66.
396 2240 510 2276 ΒεεΙς.
532 2240 674 2287 allgem.
693 2239 913 2287 Weltgesch.
938 2239 956 2276 Ι

303 2309 339 2346 p.
361 2299 443 2336 722
467 2308 543 2344 seq.

361 2351 412 2397 τός
429 2345 668 2401 ἀπαλλάχθη
691 2348 732 2388 ἐκ
752 2352 820 2399 τῆς
833 2347 952 2397 ὄψιος

301 2411 370 2446 τοί
391 2404 550 2458 ὀνείρου
571 2405 777 2456 ὁΑἰθίοψ]
803 2407 880 2441 xid.
909 2406 952 2452 11,

305 2465 383 2504 139
409 2464 471 2502 fin.
490 2468 525 2500 et
547 2464 626 2503 140
648 2463 726 2498 init.
777 2462 834 2497 Ad
855 2462 953 2497 loeu-

301 2521 435 2557 tionem
453 2518 496 2559 ἐκ
515 2521 584 2569 τῆς
602 2516 722 2567 ὄψιος
740 2519 832 2554 conf.
852 2517 951 2553 Mat-

302 2577 398 2614 thiae
430 2577 495 2613 Gr.
529 2576 593 2614 Gr.
627 2588 713 2625 pag.
746 2574 864 2614 1134.
894 2595 950 2600 —

302 2633 345 2669 ln
366 2645 467 2682 seqq.
490 2632 615 2681 scripsi
641 2644 719 2667 cum
740 2630 949 2666 Gaisfordio

302 2688 345 2728 ἐκ
376 2691 503 2739 νομοῦ
536 2690 621 2726 τοῦ
660 2686 811 2724 Σαΐτεω
830 2714 840 2731 ,
888 2686 949 2722 ubi

302 2745 409 2794 vulgo
431 2745 604 2781 omittitur
627 2742 809 2781 articulus.

358 2799 400 2841 τὸ
433 2797 615 2850 δεύτερον
636 2821 690 2826 ——
719 2793 881 2848 φεύγειν
910 2795 949 2842 ἐς

302 2855 349 2896 to?
377 2857 485 2908 ἕλεα]
529 2854 574 2896 τό
603 2851 787 2906 δεύτερον
810 2856 858 2891 ad
889 2867 947 2890 se-

301 2916 455 2953 cundam
491 2914 650 2965 pertinet
681 2914 828 2963 fugam,
876 2925 948 2961 qua

1024 1917 1087 1942 rex
1114 1917 1258 1953 pressus
1285 1916 1306 1940 a
1335 1901 1483 1951 collegis
1513 1901 1672 1949 regibus,

1026 1961 1130 1998 saluti
1150 1973 1237 1997 suae
1258 1958 1446 1996 consuluit.
1477 1957 1575 1994 Nam
1599 1958 1674 2007 pri-

1025 2018 1134 2054 mitus
1156 2018 1318 2065 fugerat,
1349 2028 1421 2064 quo
1444 2014 1672 2051 Sabaconem

1023 2087 1147 2122 regem
1184 2073 1427 2122 Aethiopum,
1465 2070 1528 2119 qui
1557 2070 1671 2120 ipsius

1022 2136 1163 2180 patrem
1182 2133 1395 2174 necaverat,
1424 2127 1587 2164 evitaret.
1616 2148 1672 2153 -

1023 2187 1081 2221 Ad
1111 2181 1403 2235 καταλαμβάνει
1439 2183 1532 2219 conf.
1563 2194 1672 2232 supra

1022 2241 1074 2287 ΙΙ,
1094 2245 1171 2288 66,
1202 2246 1238 2278 et
1266 2242 1314 2277 ad
1348 2252 1453 2276 usum
1480 2238 1670 2288 praeposi—

1021 2299 1130 2333 tionis
1152 2294 1247 2345 πρὸς
1265 2295 1557 2346 perspiciendum
1573 2293 1671 2331 Mat-

1018 2354 1115 2390 thiae
1134 2351 1170 2402 ς’.
1191 2353 1292 2399 496,
1309 2354 1336 2392 3
1366 2365 1403 2401 p.
1421 2352 1502 2391 933
1528 2363 1605 2399 seq.
1633 2356 1670 2387 et

1017 2421 1103 2459 pag.
1133 2412 1250 2449 1179.

1077 2464 1177 2502 ἔνθα
1207 2461 1257 2513 ὁη“
1293 2462 1547 2514 Αἰγυπτίοισί
1588 2461 1669 2501 ἐστι

1017 2517 1212 2570 μαντήϊον
1233 2515 1540 2569 α’ψευδέστατον]
1560 2519 1668 2556 Conf.

1017 2576 1071 2624 ll,
1093 2578 1145 2616 83
1173 2582 1209 2614 et
1231 2578 1322 2617 155.

1073 2630 1173 2670 κατοὶ
1218 2633 1335 2682 ληίην
1375 2627 1667 2681 ἐκπλώσαντας]

1017 2688 1076 2726 De
1095 2701 1202 2725 sensu
1219 2688 1409 2726 locutionis
1430 2685 1529 2726 κατὰ
1548 2688 1668 2738 ληΐην

1018 2746 1110 2782 conf.
1128 2745 1258 2782 Matth.
1280 2745 1345 2782 Gr.
1360 2746 1424 2782 Gr.
1447 2757 1534 2794 pag.
1548 2744 1667 2785 1153.

1018 2801 1075 2838 Ad
1093 2797 1380 2852 οἷπενειχθῆναι
1398 2802 1491 2838 conf.
1514 2800 1560 2847 ΙΙ,
1575 2799 1664 2840 114.

1016 2857 1110 2907 Apte
1137 2863 1259 2896 autem
1286 2871 1331 2895 ex
1350 2857 1532 2894 Strabone
1560 2855 1666 2903 (XIV

1014 2917 1172 2964 1›.978‚
1200 2914 1233 2951 Α
1262 2929 1291 2951 S·
1319 2916 1424 2961 662,
1443 2912 1506 2962 D)
1540 2915 1666 2950 monet
