1805 3315
627 240 845 280 CL10.
904 239 932 277 1.
1375 241 1432 280 79

913 346 924 362 5
979 349 989 363 ἱ
1040 347 1051 361 ‘
1103 348 1111 361 Χ

142 468 166 486 ‚‚
178 433 322 479 εἷλκον
351 431 431 488 τήν
460 429 654 485 ἅμαξαν,
696 428 766 473 ἐπὶ
793 431 870 484 τῆς
910 426 1074 485 ἁμάξης
1103 427 1149 471 δέ
1181 437 1259 482 σφι
1290 424 1433 482 ὀχέετο

119 512 205 571 4,,ἡ
233 510 382 568 μήτηρ.
439 510 643 560 σταδίους
672 507 718 551 δὲ
746 506 873 551 πέντε
903 506 976 549 καὶ
1007 504 1319 561 τεσσεράκοντα
1344 507 1433 549 δια-

139 592 448 647 ,,κομίσαντες,
498 586 714 631 ἀπίκοντο
754 585 798 637 ἐς
838 584 888 630 τό
928 583 1048 641 ἱρόν·
1090 588 1229 628 ταῦτα
1272 585 1319 628 δέ
1355 596 1481 641 σφι7ο

140 667 413 726 ,,ποιη’σασι,
452 667 527 713 καὶ
565 665 747 723 ὀφθεῖσι
783 663 872 708 ὑπὸ
909 668 984 721 τῆς
1025 664 1322 721 πανηγύριος,
1373 680 1438 708 τε·

118 750 302 806 5,,λευτὴ
331 752 414 792 τοῦ
443 749 546 805 βίου
577 746 731 803 ἀρίστη
759 743 994 801 ἐπεγένετο.
1025 743 1184 796 διέδεξέ
1201 759 1247 787 τε
1272 743 1321 787 ἐν
1341 741 1438 787 τού·

141 839 289 880 ,,τοισι
319 825 342 870 ὁ
373 826 500 879 θεὸς,
542 824 602 878 ὥς
642 825 824 882 ἄμεινον
861 825 927 881 ε’ίη
967 822 1194 883 ἀνθρώπῳ
1225 823 1437 868 τεθνάναι

118 910 340 963 6,,μᾶλλον
368 906 397 963 ἢ
426 905 561 960 ζώειν.
598 906 782 961 Ἀργεῖοι
811 904 891 961 μὲν
918 902 1003 959 We
1037 902 1313 959 περιστάντες
1339 903 1437 959 ἐμα-

141 986 353 1042 ,,κοὲριζον
392 989 480 1030 τῶν
517 985 726 1043 νεηνιέων
760 984 840 1042 τήν
869 982 1042 1040 ῥώμην·
1084 984 1131 1026 αἱ
1160 982 1206 1026 δὲ
1233 980 1436 1039 Ἀργεῖαι,

117 1065 255 1123 7,,τὴν
301 1065 464 1123 μητέρα
509 1062 680 1118 αὐτῶν,
733 1064 839 1108 οἴων
877 1063 1043 1107 τέκνων
1081 1061 1278 1118 ἐκύρησε.
1319 1061 1348 1118 ἡ
1389 1062 1480 1112 δὲ75

140 1144 316 1203 »μήτηρ
356 1146 591 1202 περιχαρὴς
627 1145 761 1188 ἐοῦσα
796 1146 856 1202 τῷ
894 1158 938 1186 τε
968 1141 1080 1198 ἔργῳ
1109 1142 1182 1185 καὶ
1214 1146 1266 1199 τῇ
1297 1141 1436 1200 φήμῃ.

145 1229 314 1277 ,,στᾶσα
361 1223 515 1268 ἀντίον
549 1227 632 1267 τοῦ
669 1221 934 1279 ἀγάλματος,
981 1219 1154 1276 εὔχετο,
1191 1221 1355 1278 Κλέοβί
1391 1237 1437 1265 τε

97 1411 191 1436 mus.
247 1398 307 1437 De
326 1399 442 1435 forma
471 1397 592 1446 vocis,
622 1397 659 1434 in
682 1410 756 1448 qua

96 1469 225 1508 Ionum
235 1481 338 1506 more
359 1484 394 1509 ει
415 1469 546 1505 transit
567 1469 605 1506 in
616 1477 672 1520 ηϊ,
688 1469 718 1507 C
725 1481 754 1506 r.

97 1527 238 1564 confert
258 1526 416 1576 Gregor.
427 1526 593 1563 Corinth.
616 1528 663 1564 de
677 1527 756 1563 dia-

100 1582 183 1621 lect.
203 1583 314 1620 Ionic.
336 1582 374 1634 §.
395 1584 422 1624 3
443 1596 480 1634 p.
501 1584 583 1625 377
609 1583 753 1621 Schaef.

98 1639 186 1689 ibiq.
213 1639 334 1676 Koen.

157 1705 211 1753 ὥς
247 1703 414 1758 ἄμεινον
452 1705 514 1758 εἴη
548 1702 755 1762 ἀνθρώπῳ

100 1759 299 1803 τεθνάναι
346 1766 497 1815 μᾶλλον
549 1760 579 1816 ἢ
617 1761 755 1815 ζώειν]

99 1820 161 1859 Ne
201 1833 283 1870 quis
318 1821 468 1858 haereat
507 1822 544 1858 in
583 1822 757 1859 adverbio

100 1878 275 1929 μᾶλλον,
304 1879 405 1927 quod
431 1877 488 1915 hic
500 1881 622 1928 potius
641 1879 756 1927 signi-

99 1934 207 1982 ficat,
236 1947 305 1971 nec
323 1947 474 1984 prorsus
496 1935 671 1982 abundat,
695 1934 758 1972 Cr.

101 1992 242 2028 confert
269 1990 464 2028 Heindorf.
492 1992 540 2028 ad
571 1991 758 2029 Charmid.

100 2060 140 2098 p.
152 2050 218 2089 16.
239 2047 311 2084 vid.
325 2047 456 2085 Matth.
468 2046 507 2098 ἓ.
518 2048 601 2089 358
610 2061 647 2099 p-
660 2049 757 2090 855·

155 2110 322 2168 Ἀργεῖοι
343 2112 416 2166 μὲν
435 2111 511 2168 γὰρ
530 2138 586 2145 —
599 2111 757 2168 ῥώμην]

100 2171 298 2209 Fluctuant
355 2172 412 2209 hic
457 2173 558 2221 libri,
605 2186 761 2222 quorum

101 2229 267 2266 nonnulli
295 2224 461 2281 γνώμην
488 2229 539 2277 (i.
566 2243 598 2267 e.
619 2233 753 2267 senten-

102 2287 213 2333 tiam,
249 2288 404 2323 animum
431 2289 533 2336 pium
558 2287 757 2335 iuvenum)

102 2343 284 2380 exhibent.
320 2343 398 2381 Sed
412 2342 614 2390 Mediceus‚
630 2344 758 2381 Schel-

103 2399 271 2437 lershem.
309 2403 345 2438 et
379 2401 452 2437 duo
493 2399 651 2437 Parisini
682 2396 757 2451 ῥ’ώ-

103 2471 196 2508 μην,
216 2457 316 2506 quod
338 2469 359 2492 a
373 2457 536 2493 Gronov.
564 2462 756 2507 receptum

101 2526 184 2551 cum
201 2513 405 2562 Schweigh.
431 2513 585 2563 aliisque
610 2514 757 2562 retinui,

101 2571 281 2608 renitente
324 2572 488 2620 quamvis
530 2584 683 2608 censore
718 2571 757 2609 in

101 2625 293 2676 Ephemm.
339 2628 501 2665 lenenss.
549 2629 658 2668 1817
702 2641 758 2664 nr.

105 2684 185 2724 165
211 2697 248 2734 p.
275 2685 369 2726 380.
402 2684 455 2721 Ut
481 2684 577 2722 enim
603 2684 652 2720 illi
678 2684 758 2721 libri

103 2743 190 2775 sunt
214 2741 461 2791 antiquissimi
482 2743 560 2779 fere
590 2754 633 2778 ac
648 2754 758 2792 prae-

103 2796 338 2845 stantissimi,
388 2811 543 2848 quornm
572 2800 610 2835 in
635 2799 758 2836 Hero-

104 2852 192 2888 doto
211 2853 303 2889 ratio
319 2853 490 2892 habenda
513 2856 573 2903 sit,
593 2855 645 2892 ita
663 2867 758 2904 quae

103 2909 205 2946 initio
240 2909 367 2961 capitis
400 2911 569 2961 legtmtur
614 2908 758 2964 (ῥώμη

825 1391 1009 1446 σώματος
1035 1390 1227 1447 τοιήδε),
1271 1394 1487 1433 confirmare

823 1453 991 1490 videntur
1016 1451 1211 1490 lectionem
1243 1447 1398 1503 ῥώμην,
1429 1453 1485 1489 cui

824 1510 934 1547 etiam
943 1509 1028 1546 inde
1046 1509 1491 1559 patrocinaturSchwgh.,

824 1567 924 1616 quod
954 1566 1052 1602 aliud
1079 1565 1229 1615 Argivi,
1260 1565 1358 1603 aliud
1376 1566 1487 1614 Argi-

822 1635 891 1660 vae
918 1621 1166 1670 laudaverint,
1195 1622 1244 1659 illi
1268 1623 1386 1672 robur,
1416 1623 1487 1660 hae

824 1683 1001 1726 matrem,
1054 1692 1149 1729 quae
1173 1683 1249 1716 tam
1282 1683 1360 1729 pios
1384 1680 1488 1730 filios

824 1736 977 1773 haberet
1016 1749 1046 1772 s.
1084 1732 1184 1786 piiim
1212 1736 1368 1773 filiorum
1398 1749 1488 1785 erga

825 1796 981 1830 matrem
1003 1792 1186 1838 animum3
1235 1794 1338 1842 quod
1366 1794 1486 1843 ipsum

826 1850 922 1886 soret
955 1845 1029 1900 τὴν
1057 1845 1236 1902 γνώμην.
1280 1850 1380 1886 Hinc
1409 1845 1488 1901 ῥώ-

826 1920 906 1957 μην
948 1918 1096 1954 quoque
1131 1911 1272 1953 tuetur,
1310 1912 1487 1944 monente

829 1962 916 2009 Cr.‚
945 1961 1135 2000 Benediet.
1163 1964 1201 1999 in
1221 1967 1312 2000 nott.
1338 1964 1429 2001 critt.
1448 1964 1487 2000 in

824 2019 952 2057 Beckii
991 2018 1085 2056 Actt.
1128 2019 1310 2057 Seminar.
1362 2020 1487 2070 philol.

825 2075 930 2126 Lips.
958 2075 993 2112 II
1018 2089 1055 2126 p.
1085 2079 1168 2118 279
1198 2090 1254 2126 sq.
1284 2076 1398 2114 ‘Idem
1420 2077 1486 2114 Cr.

828 2133 876 2169 ad
918 2127 1158 2185 ἐμακάριζον
1209 2134 1365 2171 conferri
1412 2134 1488 2170 vult

827 2189 964 2226 Zonar.
997 2189 1087 2227 Lex.
1123 2202 1178 2239 gr.
1215 2203 1253 2240 p.
1282 2190 1385 2238 704,
1424 2191 1487 2228 ubi

827 2250 884 2283 est
914 2243 1188 2299 ἐμακάρισαν,·
1237 2251 1277 2283 tu
1323 2249 1368 2284 cf.
1417 2247 1488 2284 illic

827 2302 862 2339 T
865 2303 1030 2340 ittmann.
1061 2307 1098 2341 et
1130 2303 1231 2352 quod
1270 2305 1318 2340 ad
1344 2304 1487 2352 signifi-

825 2360 1004 2397 cationem
1035 2360 1184 2407 attinet,
1226 2360 1484 2410 Wyttenbach.

823 2416 873 2453 ad
908 2416 1089 2454 Plutarch.
1128 2416 1225 2454 Mor.
1267 2417 1286 2454 I
1328 2431 1366 2469 p.
1404 2420 1488 2459 767

824 2486 903 2523 seq.

883 2568 985 2609 οἵων
1000 2567 1151 2609 τέκνων
1172 2564 1357 2621 ἐκύρησε]
1370 2569 1490 2608 Recte

824 2627 932 2663 vertit
969 2627 1101 2664 Matth.
1141 2625 1178 2678 ἓ.
1209 2629 1292 2668 328
1334 2641 1371 2677 p-
1404 2628 1488 2668 636

824 2683 923 2731 (coll.
944 2681 980 2734 ἓ.
1001 2686 1096 2732 580,
1117 2697 1146 2720 c.
1162 2689 1237 2721 not.
1258 2685 1284 2724 3
1304 2697 1341 2733 p.
1364 2685 1487 2731 899):

826 2739 944 2787 „dass
991 2740 1048 2777 ihr
1099 2740 1212 2778 solclce
1262 2740 1398 2776 Kincler
1444 2753 1491 2776 zu

830 2796 932 2833 Theil
971 2797 1153 2845 geworden
1195 2799 1353 2834 wilrenf‘
1422 2796 1492 2832 Est

826 2854 923 2891 enim
939 2855 1074 2890 dictiun
1087 2867 1175 2904 pro:
1207 2850 1267 2894 ὅτι
1290 2850 1486 2893 τοιούτων

825 2909 976 2950 τέκνων
995 2907 1178 2964 ἐκύρησε.
