1768 3315
356 251 440 292 268

750 249 1218 290 HERODOTI

356 360 524 418 λόγοισι
555 358 780 416 (inaniora.)
821 362 893 405 καὶ
923 359 1028 411 τούς
1056 359 1308 415 Ἀσσυρίους
1337 357 1619 414 ὑποχειρίους
1635 365 1678 400 61

330 440 644 497 4ἐποιήσαντο,
676 439 790 496 πλὴν
819 443 894 496 τῆς
923 441 1206 498 Βαβυλωνίης
1233 438 1401 494 μοίρης.
1442 436 1546 494 μετὰ
1577 436 1624 480 δὲ

359 524 517 573 ταῦτα,

582 517 815 574 Κυαξάρης
867 518 945 574 μὲν
996 517 1256 575 βασιλεύσας
1311 516 1626 572 τεσσεράκοντα

360 601 479 651 ἔτεα,
510 596 595 642 σύν
622 602 737 641 τοῖσι
767 596 947 642 Σκύθαι
975 593 1131 654 ἦρξαν,
1162 600 1348 655 τελευτᾷ.

305 762 446 799 niorum
466 772 593 808 regum
613 759 833 797 mentionem
845 760 960 797 sactu-

306 831 384 854 rum
405 816 447 855 ἐν
465 820 566 854 τοῖσι
588 810 960 867 Ἀσσυρίοισιλόγοι-

307 886 357 912 σι.
389 873 510 920 Atque
524 871 737 909 Aristoteles
751 872 848 908 Hist.
870 872 960 908 Ani-

304 929 389 967 mal.
408 928 509 974 Vlll,
531 930 585 968 20
606 927 680 975 (18
698 929 754 966 ed.
767 927 960 976 Schneid.)

308 986 471 1024 eiusdem
510 984 684 1032 Assyriae
712 984 885 1022 historiae
915 985 960 1021 ab

308 1042 500 1079 Herodoto
545 1040 774 1091 conscriptae
800 1041 963 1078 meminit

309 1104 346 1137 et
368 1098 513 1147 quidem
535 1112 578 1136 co
598 1097 676 1134 loco
690 1127 700 1144 ,
726 1098 790 1134 ubi
810 1098 858 1135 de
872 1097 963 1135 Nini

310 1155 502 1192 obsidione
546 1154 606 1192 ille
652 1154 793 1190 locutus
841 1155 961 1192 fuerit.

310 1212 387 1250 Sed
398 1213 434 1248 in
447 1211 528 1260 ipso
541 1211 760 1248 Aristoteleo
776 1210 856 1248 loco
869 1224 965 1248 nunc

311 1283 332 1307 e
355 1267 460 1306 codd.
484 1280 527 1304 ac
556 1268 780 1305 versionibus
807 1267 964 1317 antiquis

310 1324 510 1376 repositum
526 1325 689 1362 videmus
706 1322 885 1370 Ἡσίοδος
897 1337 965 1375 pro

309 1378 530 1432 Ἡρόδοτος.
595 1381 655 1418 De
688 1393 760 1430 quo
802 1382 967 1419 videatur

312 1438 524 1476 Schneideri
553 1438 752 1475 adnotatio.
811 1438 869 1476 De
886 1437 967 1488 ipsa

316 1495 465 1543 Assyria
487 1494 657 1541 historia,
699 1507 807 1543 quam
828 1494 966 1532 Noster

313 1551 408 1589 binis
432 1551 532 1589 hisce
551 1551 639 1588 locis
663 1551 872 1601 pollicetur,
906 1563 966 1587 ac-

314 1608 472 1645 curatius
491 1607 676 1656 inquisivit
697 1607 966 1657 W'esselingius

313 1665 522 1703 Dissertatt.
542 1664 737 1702 Herodott.
758 1679 813 1715 cp.
835 1665 853 1701 Ι
872 1678 909 1714 p.
927 1666 964 1705 9.

315 1722 411 1758 Sunt
431 1721 527 1758 enim
556 1721 617 1770 qui
636 1721 818 1771 peculiare
838 1720 968 1759 Nostri

315 1777 529 1828 opusculum
549 1778 595 1815 de
606 1777 839 1827 Assyriorum
854 1778 969 1814 histo-

316 1835 369 1872 ria
401 1834 582 1872 exstitisse
605 1834 691 1872 inde
728 1834 969 1879 concludant3

316 1903 535 1941 quamquam
561 1891 690 1928 mirum
721 1893 885 1942 profecto
912 1894 969 1928 est

316 1961 340 1985 a
361 1948 506 1985 nemine
528 1947 597 1983 alio
618 1948 795 1997 scriptore
811 1947 969 1998 posteri-

317 2004 391 2040 oris
423 2005 552 2041 aetatis
582 2004 634 2051 (si
656 2004 701 2040 ab
733 2017 805 2040 uno
826 2004 969 2039 Aristo-

316 2059 398 2097 telis
417 2059 496 2097 loco
525 2061 683 2097 incertae
711 2060 873 2097 lectionis
895 2059 970 2095 dis-

318 2117 504 2164 cesseris),
534 2116 628 2153 hanc
654 2115 835 2153 Herodoti
855 2115 971 2152 histo-

318 2173 407 2209 riam
429 2172 616 2220 Assyriam
650 2171 800 2209 laudari.
859 2172 971 2210 Unde

319 2228 403 2266 mihi
434 2234 531 2266 certe
560 2227 665 2265 valde
693 2229 842 2266 dubium
869 2230 970 2266 vide-

319 2289 394 2332 tur,
442 2285 671 2322 Herodotum
702 2299 862 2335 [mquam
896 2285 970 2323 tale

320 2354 413 2391 opus
431 2346 576 2391 praeter
596 2340 747 2389 Musas,
787 2355 878 2391 quas
906 2342 971 2378 ha-

321 2398 469 2440 bemus,
499 2398 780 2448 conscripsisse3
810 2399 971 2447 quicum

321 2454 468 2503 saepius
494 2454 564 2490 hoe
594 2455 728 2492 citandi
752 2455 865 2491 modo
889 2459 970 2491 uta-

321 2515 399 2557 tur,
424 2514 464 2545 ut
482 2511 529 2546 ad
551 2506 692 2562 λόγους
710 2511 765 2549 vel
776 2525 970 2562 praegres-

322 2580 384 2602 sos
412 2566 468 2604 vel
500 2572 696 2615 sequentes
718 2569 889 2606 amandet
915 2568 970 2605 le-

323 2627 460 2670 ctores,
486 2623 580 2659 binis
601 2623 668 2660 illis
685 2624 771 2662 locis
785 2638 864 2663 eam
881 2638 970 2675 ope-

324 2679 372 2716 ris
401 2680 456 2715 sui
482 2683 624 2729 partem
651 2694 679 2717 s.
702 2686 812 2732 caput
833 2681 971 2720 intelle-

324 2735 421 2773 xisse
443 2735 602 2783 videtur,
631 2750 703 2786 quo
728 2738 970 2788 peculiariter,

324 2804 390 2843 per
415 2791 617 2842 episodiam
653 2793 801 2843 opinor,
840 2799 973 2832 tracta-

325 2852 426 2885 verat
464 2849 511 2885 de
544 2847 633 2897 Ass)
643 2849 775 2886 riorum
810 2851 970 2888 historia.

326 2904 375 2942 At
393 2904 500 2942 talem
513 2906 714 2956 episodiam
725 2919 819 2944 nune
839 2909 973 2945 frustra

1028 773 1182 810 quaeras
1210 762 1247 800 in
1278 763 1346 811 iis,
1378 776 1473 813 quae
1494 762 1540 799 de
1563 759 1684 798 Hero-

1029 817 1138 855 doteo
1159 831 1273 868 opere
1289 819 1406 856 Musis
1426 818 1600 868 inscripto
1617 816 1683 852 ad-

1028 873 1101 911 huc
1121 880 1327 924 supersunt.
1367 876 1500 925 'Neque
1520 875 1589 910 hoc
1617 872 1684 909 mi-

1028 942 1117 966 rum.
1177 930 1319 968 Scimus
1339 932 1434 969 enim
1453 930 1684 969 Herodotum

1031 985 1164 1022 multos
1182 999 1251 1036 per
1272 1000 1388 1025 annos
1412 987 1622 1026 elaborasse
1647 985 1685 1021 in

1031 1055 1145 1092 opere
1165 1043 1427 1082 conscribendo
1438 1057 1504 1094 per
1523 1041 1684 1091 singulas

1031 1103 1155 1149 partes
1168 1128 1178 1146 ,
1206 1100 1352 1149 saepius
1373 1104 1587 1137 retractatas
1605 1097 1685 1134 illas

1032 1155 1197 1204 quidem,
1228 1155 1306 1193 aliis
1337 1157 1495 1202 additis,
1524 1154 1605 1191 aliis
1630 1167 1687 1191 re-

1033 1212 1163 1260 sectis,
1193 1225 1310 1262 usque
1333 1213 1421 1250 dum
1436 1211 1584 1250 Thuriis
1607 1222 1689 1248 ver-

1033 1272 1174 1306 santem
1221 1282 1347 1307 senem
1385 1270 1422 1306 in
1463 1267 1688 1306 absolvendo

1034 1338 1148 1376 opere
1193 1338 1291 1362 mors
1341 1328 1545 1376 occuparet.
1613 1322 1688 1367 Qui

1032 1382 1143 1431 igitur
1181 1383 1229 1420 de
1275 1381 1508 1432 Assyriorum
1540 1379 1691 1418 historia

1033 1437 1263 1489 peculiariter
1282 1439 1319 1476 in
1341 1438 1507 1490 episodia
1531 1437 1688 1487 quadam

1035 1495 1096 1543 (ut
1115 1508 1148 1532 v.
1172 1509 1201 1532 c.
1233 1496 1280 1533 de
1302 1495 1418 1544 Lydis
1435 1525 1446 1543 ,
1476 1495 1524 1532 de
1550 1493 1689 1540 Persis,

1035 1551 1114 1589 aliis
1126 1552 1256 1589 eodem
1266 1554 1377 1590 modo
1396 1551 1567 1600 loquitur,
1575 1549 1691 1586 histo-

1034 1608 1125 1644 riam
1143 1609 1373 1658 persecutus)
1409 1606 1600 1645 tractanda
1618 1604 1688 1642 sibi

1036 1665 1086 1701 ita
1112 1669 1376 1715 proposuerat,
1408 1668 1449 1701 ut
1478 1663 1583 1700 initio
1609 1661 1691 1699 libri

1036 1721 1107 1758 iam
1143 1721 1297 1759 lectores
1333 1734 1377 1759 eo
1409 1720 1597 1769 ablegaret
1611 1747 1623 1764 ,
1658 1718 1689 1754 is

1038 1790 1119 1816 eam
1139 1779 1257 1828 ipsam
1278 1779 1387 1816 credo
1405 1778 1603 1828 postmodo
1622 1788 1693 1812 suo

1036 1835 1115 1871 loco
1136 1836 1297 1872 inserere
1313 1834 1369 1872 vel
1389 1835 1520 1871 oblitus
1538 1832 1594 1869 vel
1623 1832 1692 1868 im-

1036 1890 1184 1942 peditus
1206 1891 1284 1928 suit.
1343 1891 1442 1935 Sed,
1471 1902 1565 1938 quae
1584 1887 1691 1926 fuerit

1036 1960 1145 1984 causa
1184 1948 1339 1984 omissae
1374 1946 1584 1997 episodiae,
1633 1944 1692 1981 vix

1036 2003 1188 2041 definire
1211 2016 1308 2040 nunc
1327 2003 1443 2041 liceat.
1473 2002 1579 2039 Haec
1592 2004 1691 2048 sunt,

1037 2072 1133 2109 quae
1149 2061 1196 2097 de
1216 2059 1368 2108 Assyria
1384 2059 1566 2096 Herodoti
1576 2057 1693 2094 histo-

1037 2117 1089 2153 ria
1108 2117 1193 2153 mihi
1215 2116 1372 2166 placent.
1402 2116 1554 2153 Cautius
1579 2115 1617 2150 in
1631 2113 1691 2150 his

1038 2173 1165 2210 statuit
1180 2172 1414 2220 Dahlmann,
1433 2185 1541 2221 quem
1557 2170 1619 2208 Tu
1639 2170 1692 2207 vi-

1038 2230 1106 2277 de,
1136 2230 1173 2265 in
1192 2230 1372 2268 Herodot.
1401 2241 1489 2279 pag.
1508 2230 1590 2270 229
1611 2239 1689 2276 seq.

1035 2286 1176 2334 laeger.
1188 2286 1352 2336 Disputt.
1368 2285 1563 2323 Herodott.
1575 2283 1692 2331 (Got-

1038 2343 1128 2391 ting.
1145 2344 1273 2392 1828)
1293 2355 1379 2392 pag.
1399 2343 1453 2383 15
1479 2342 1516 2378 in
1534 2340 1690 2378 eundem

1040 2400 1258 2437 sententiam
1281 2399 1496 2450 disputanS‚
1522 2398 1616 2434 hanc
1634 2396 1691 2434 di-

1036 2457 1265 2505 gressionem
1296 2454 1495 2492 narrationi
1527 2454 1692 2491 inseren-

1037 2514 1122 2550 dam
1142 2513 1266 2562 utique
1286 2511 1325 2548 in
1345 2511 1530 2561 scriptoris
1553 2522 1691 2560 propo-

1037 2570 1107 2605 sito
1128 2569 1242 2606 fuisse
1260 2572 1386 2605 censet
1406 2571 1443 2605 et
1466 2567 1615 2616 quidem
1636 2565 1691 2602 ul-

1037 2626 1126 2663 tima
1145 2625 1225 2663 libri
1253 2623 1350 2662 tertii
1377 2627 1506 2674 parte,
1536 2623 1598 2660 ubi
1615 2623 1692 2660 Ba-

1038 2681 1206 2731 byloniae
1234 2694 1302 2731 per
1326 2680 1514 2731 Zopyrum
1538 2692 1690 2730 recupe-

1038 2738 1130 2775 ratio
1167 2737 1340 2788 optimam
1378 2736 1589 2788 praebuerit
1628 2748 1691 2773 oc-

1037 2796 1231 2832 casionem.

1095 2844 1315 2900 Κυαξάρης
1336 2846 1409 2900 μὲν
1427 2870 1483 2878 --
1505 2850 1688 2902 τελευτᾷ]

1040 2909 1153 2953 Quod
1170 2906 1343 2946 Larcheri
1363 2920 1383 2945 c
1406 2905 1607 2944 rationibus
1630 2918 1692 2943 ac-
