1759 3324
533 281 956 322 EUTERPE.
1009 283 1056 321 11.
1334 287 1419 327 485

152 392 347 451 ἡμερέων
373 390 537 444 πλόου,
568 395 643 448 τῆς
671 392 770 445 πέρι
801 389 962 434 ἐκεῖνοι
991 389 1123 435 οὐδὲν
1152 391 1214 436 ἔτι
1242 391 1415 438 τοιόνδε

154 473 323 528 ἔλεγον,
355 471 442 515 ἔστι
471 469 516 513 δ’
547 470 698 525 ἕτερον
726 474 941 514 τοιοῦτον.

122 557 147 592 2
257 548 481 605 Αἰγύπτου
518 547 602 604 γὰρ
650 548 782 603 φύσις
827 553 902 605 τῆς
947 547 1091 605 χώρης
1128 549 1217 593 ἐστὶ
1253 550 1413 607 τοιήδε.
1430 558 1472 592 85

151 631 314 683 Πρῶτοι
361 627 440 683 μὲν
488 627 768 683 προσπλέων,
825 628 888 672 ἔτι
927 629 1000 672 καὶ
1038 627 1201 686 ἡμέρης
1246 628 1413 685 δρόμον

150 705 321 763 ἀπέχων
350 705 436 750 «iad
465 710 568 762 γῆς,
599 707 740 759 κατεὶς
760 711 1176 766 καταπειρητηρίην,
1207 707 1350 764 πηλόν
1368 724 1413 751 τε

149 785 357 838 ἀνοίσεις,
397 787 470 830 καὶ
500 786 546 829 ἐν
574 786 729 829 ἕνδεκα
758 783 963 843 ὀργυιῇσι
994 789 1119 832 ἔσεαι.
1171 791 1302 831 τοῦτο
1333 787 1414 842 μὲν

59 865 92 910 6
149 865 218 909 ἐπὶ
246 869 433 909 τοσοῦτο
465 867 595 922 δηλοῖ
620 863 840 922 πρόχυσιν
869 871 946 923 τῆς
976 871 1056 924 γῆς
1082 867 1258 911 ἐοῦσαν.
1316 864 1408 909 Αὖ-
1466 871 1689 942 ξιᾶηὲιῑιῑῗιῇξΓ-ἒς

1419 939 1565 986 90gyiae‚
1575 941 1684 973 stadia,
1695 950 1744 974 pa-

1466 982 1625 1012 rqwngae,
1641 975 1744 1002 schue-

146 947 223 1001 τῆς
263 945 309 988 δὲ
342 947 416 1000 τῆς
450 944 676 1001 Αἰγύπτου
709 946 797 990 ἐστὶ
836 950 973 1004 μῆκος
1010 945 1061 991 τὸ
1095 945 1214 1002 παρὰ
1241 945 1408 990 θάλασ-

149 1132 221 1180 τῆς
239 1128 331 1182 πέρι
357 1127 501 1170 ἐκεῖνοι
520 1124 640 1169 ου’δὲν
659 1144 694 1169 κ.
712 1144 746 1168 τ.

91 1186 143 1239 λ.]
175 1186 318 1226 ἐκεῖνοι
339 1191 422 1222 sunt
432 1186 604 1236 Aegyptii
624 1199 744 1224 sacer-

92 1244 197 1281 dotes
222 1242 295 1291 (ΙΙ,
316 1242 376 1290 3),
400 1243 528 1291 quibus
550 1256 615 1280 sua
635 1243 743 1280 debet

90 1299 249 1345 Noster3
278 1300 322 1336 cf.
347 1298 402 1345 11,
424 1298 461 1339 4.
493 1320 550 1326 —
576 1299 616 1336 In
639 1311 741 1348 seqq.

90 1354 242 1407 ’ἡμέρης
288 1350 432 1405 δρόμος
480 1360 613 1404 aequat
664 1357 741 1392 sere

93 1414 201 1454 1300
235 1411 352 1448 stadia
383 1411 504 1459 (conf.
533 1411 605 1459 1V,
634 1413 741 1458 86);

90 1481 185 1518 quae
211 1466 394 1505 Larehero
422 1472 567 1505 auctore
593 1467 740 1517 explent

92 1525 144 1567 25
170 1524 300 1569 lienes3
338 1518 500 1575 όργυιοῖ,
534 1536 643 1573 quam
671 1537 738 1561 nos

90 1581 238 1619 dicimus
257 1579 425 1630 Klafter,
453 1585 660 1618 constanter
680 1594 741 1618 ve·-

89 1638 224 1675 teribus
244 1642 300 1674 est
321 1649 491 1674 mensura
508 1649 571 1674 sex
593 1637 738 1687 pedum.

90 1693 199 1731 Conf.
227 1692 367 1730 WVurm.
399 1694 446 1730 de
473 1693 613 1743 pondd.
654 1697 741 1731 vett.

89 1754 172 1786 ratt.
199 1762 285 1799 pag.
316 1752 381 1790 91.
400 1751 465 1790 92.
523 1750 740 1799 Scripsimus

89 1811 210 1842 autem
234 1812 270 1843 et
290 1805 358 1842 hoc
384 1805 462 1842 loco
495 1810 531 1843 et
557 1818 635 1856 cap.
662 1819 739 1855 seq.

89 1857 230 1917 όργυιῇ
234 1873 272 1900 σι
282 1874 361 1898 cum
380 1866 527 1899 recentt.
536 1875 603 1912 pro
613 1857 741 1914 όργυί-

89 1930 179 1973 ῃσι,
209 1923 248 1956 ut
269 1916 354 1955 olim
376 1917 574 1967 legebatur.

163 2056 175 2074 r
305 2001 430 2054 Cap.
460 2001 524 2040 VI.

146 2080 271 2137 αὗτῆς
289 2084 332 2126 δὲ
350 2089 421 2138 τῆς
434 2083 640 2139 Αἰγύπτου
662 2084 743 2126 ἐστὶ

88 2145 213 2194 μῆκος
232 2139 274 2183 τὰ
295 2139 405 2196 παροέ
427 2140 636 2183 θάλασσαν
655 2158 688 2182 κ.
709 2158 742 2181 τ.

86 2198 142 2251 λ.]
170 2194 293 2250 αὐτῆς
321 2198 363 2240 δὲ
384 2203 456 2252 τῆς
483 2214 562 2238 cum
591 2203 742 2238 recentt.

86 2256 212 2307 scripsi
227 2269 293 2307 pro
313 2251 424 2304 αὖτις
444 2254 485 2296 δὲ
506 2252 643 2308 αὐτῆς.
682 2255 743 2292 Ad

88 2317 340 2362 argumentum
376 2313 444 2350 loci
487 2314 591 2362 facit,
641 2312 743 2361 quod

88 2369 196 2419 paulo
226 2369 374 2407 inferius
404 2374 566 2407 notatur:
615 2369 745 2406 schoe-

89 2437 175 2462 num
200 2426 386 2475 sexaginta
416 2427 541 2464 stadiis
571 2439 653 2463 esse
676 2437 743 2476 pa-

89 2493 178 2527 rem,
206 2486 247 2519 ut
260 2483 375 2519 omnis
396 2496 481 2521 orae
496 2482 655 2532 Aegypti
666 2494 742 2518 ma-

90 2536 230 2575 ritimae
249 2537 438 2587 longitudo
470 2540 516 2576 sit
542 2538 742 2576 stadiorum

91 2596 145 2629 ter
155 2593 248 2630 mille
257 2600 505 2633 sexcentorum
514 2609 525 2641 ·,
555 2607 650 2644 quae
662 2595 742 2645 ipsa

91 2660 170 2684 cum
203 2649 356 2688 ducentis
395 2652 634 2701 quadraginta
662 2651 742 2688 Ro-

90 2716 275 2742 manorum
315 2707 484 2745 milliariis
516 2708 742 2745 convenient.

92 2759 200 2796 Conf.
218 2761 310 2799 infra
327 2763 381 2811 lt,
399 2763 478 2805 149
499 2764 576 2801 init.
598 2767 635 2801 et
652 2764 745 2802 Dio-

92 2815 170 2852 dor.
207 2817 342 2856 Siculus
371 2819 409 2866 Ι,
442 2822 518 2868 31,
551 2820 617 2869 qui
656 2832 744 2857 orae

93 2871 291 2911 maritimae
308 2875 380 2911 duo
400 2875 509 2913 millia
527 2876 650 2912 tribuit
669 2880 744 2913 sta-

94 2926 253 2976 diorum,
279 2941 345 2968 nec
363 2935 485 2970 tamen
502 2932 669 2970 indicatis
689 2931 744 2969 lo-

1464 1015 1506 1035 lu.

814 1131 883 1177 cis,
915 1144 936 1169 e
957 1131 1085 1180 quibus
1107 1130 1167 1168 illa
1187 1130 1336 1180 incipiat
1353 1135 1389 1168 et
1408 1130 1470 1166 ubi

812 1187 925 1225 finiat.
959 1188 1100 1231 Quodsi
1119 1200 1205 1224 vero
1223 1187 1291 1225 iste
1309 1200 1382 1223 non
1394 1186 1470 1222 vul-

812 1243 913 1291 garia
934 1244 1109 1282 intellexit
1137 1244 1274 1291 stadia,
1315 1255 1468 1292 quorum

812 1301 1000 1347 sexaginta
1042 1300 1224 1350 complent
1259 1298 1467 1345 schoenum,

810 1356 876 1393 sed
887 1356 1078 1406 Olympica
1089 1369 1205 1405 eaque
1214 1356 1362 1402 maiora,
1375 1368 1467 1403 quo-

808 1425 886 1448 rum
929 1413 1002 1449 duo
1043 1416 1080 1450 et
1115 1413 1264 1461 triginta
1309 1415 1468 1459 aequant

808 1468 1000 1506 schoenum
1036 1468 1155 1516 (teste
1186 1468 1305 1504 Plinio
1339 1467 1387 1503 H.
1415 1466 1468 1503 N.

808 1524 897 1572 ΧΠ,
935 1524 986 1565 14
1018 1524 1097 1562 coll.
1125 1524 1182 1572 ΙΙ,
1215 1524 1287 1573 23)
1317 1527 1351 1560 et
1384 1526 1467 1559 octo

807 1580 1009 1619 milliarium
1030 1582 1258 1626 Romanum,
1291 1579 1467 1617 efficietur

808 1638 894 1675 inde
930 1650 1069 1675 summa
1107 1637 1329 1674 ducentorum
1363 1637 1464 1685 quin-

809 1696 982 1744 quaginta
1001 1694 1266 1739 milliariorum3
1297 1693 1395 1742 quod
1418 1691 1464 1727 ab

807 1751 1029 1788 Herodoteis
1055 1750 1230 1788 mensuris
1258 1762 1332 1786 non
1361 1747 1466 1785 valde

807 1807 936 1845 abesse
954 1820 1061 1844 nemo
1083 1819 1157 1843 non
1176 1805 1353 1853 intelligit.
1385 1804 1466 1841 Nec

807 1862 956 1901 multum
977 1863 1092 1910 abest,
1103 1863 1202 1911 quod
1215 1862 1347 1898 Strabo
1359 1859 1465 1897 XVII

808 1932 895 1971 Pag-
915 1920 1024 1960 1137
1042 1931 1063 1956 a
1079 1918 1268 1956 Pelusiaco
1296 1917 1387 1954 ostio
1404 1930 1464 1953 us-

810 1989 881 2026 que
898 1976 945 2012 ad
957 1975 1182 2025 Canopicum
1203 1973 1466 2024 longitudinem

809 2032 1023 2070 maritimam
1041 2035 1096 2069 ter
1115 2031 1210 2069 mille
1225 2034 1466 2068 trecentorum

810 2089 1009 2126 stadiorum
1030 2101 1112 2126 esse
1128 2087 1270 2134 scribit,
1303 2085 1464 2135 quamvis

808 2145 905 2182 idem
927 2157 1014 2196 pag.
1045 2143 1154 2186 1140
1177 2143 1274 2181 mille
1302 2146 1464 2180 trecenta

808 2205 923 2252 ponat
949 2200 1087 2247 stadia3
1126 2213 1201 2249 quo
1228 2199 1349 2251 spatio
1383 2211 1465 2236 cum

808 2257 994 2296 Diodorus
1016 2257 1043 2304 l,
1054 2257 1110 2299 34
1129 2256 1260 2294 Deltae
1279 2268 1380 2292 oram
1398 2255 1465 2292 de-

809 2313 930 2362 finiat,
956 2313 1222 2362 Wesselingius
1241 2312 1290 2349 ad
1307 2311 1464 2349 Diodor.

807 2370 838 2418 I,
863 2374 916 2411 31
945 2383 1020 2407 non
1051 2370 1216 2417 dubitat,
1245 2368 1332 2417 quin
1364 2367 1464 2417 prior

808 2427 1003 2464 Strabonis
1018 2426 1116 2464 locus
1130 2439 1172 2464 ex
1183 2424 1374 2476 posteriori
1385 2436 1463 2460 cor-

807 2483 877 2533 rigi
896 2483 1042 2530 debeat,
1069 2496 1148 2520 cum
1166 2482 1350 2519 Diodorus
1373 2479 1464 2516 alte-

807 2552 849 2576 ro
870 2539 948 2576 loco
970 2539 998 2587 I,
1011 2542 1063 2580 31
1085 2552 1165 2577 eam
1176 2538 1290 2575 addat
1305 2536 1463 2586 Aegypti

807 2600 960 2646 partem,
990 2609 1085 2646 quae
1106 2600 1206 2633 extra
1222 2593 1367 2631 Deltam
1384 2594 1464 2629 fue-

806 2653 854 2688 rit
890 2652 969 2689 sita.
1017 2650 1314 2689 Sehlichthorstio
1338 2653 1464 2686 contra

809 2708 909 2759 prior-
921 2708 1109 2746 Strabonis
1127 2707 1225 2744 locus
1245 2707 1387 2743 videtur
1405 2717 1464 2741 sa-

809 2777 876 2801 nus
901 2768 938 2802 et
965 2778 1009 2803 ex
1030 2778 1073 2802 eo
1101 2763 1304 2815 posterior,
1330 2762 1367 2797 in
1390 2772 1463 2809 quo

809 2819 943 2857 librarii
963 2821 1056 2871 lapsi
1080 2820 1235 2866 suerint,
1264 2817 1463 2855 emendan-

810 2877 891 2923 dus,
915 2889 1002 2925 pag.
1026 2879 1091 2919 26.
1118 2878 1172 2917 27
1197 2878 1273 2911 not.
1294 2873 1318 2909 l.
1341 2872 1365 2909 l.
1403 2871 1462 2907 Ad

809 2931 1044 2982 Wesselingii
1072 2931 1242 2969 iudicium
1272 2929 1392 2966 denuo
1422 2938 1463 2964 se

1692 882 1744 909 „fy-

1698 916 1744 934 ΗΓ·
