1777 3324
542 249 1064 289 EUTERPE.11.
1340 257 1424 296 889

163 361 351 413 Λίνδον,
382 360 535 415 ξεινίης
554 359 632 414 μὲν
653 356 856 415 οὐδεμιῆς
881 359 1065 412 εἵνεκεν,
1095 358 1162 403 ὅτι
1181 361 1228 405 δὲ
1246 362 1295 405 τὸ
1322 362 1424 418 ἱρόν

162 440 212 483 τὸ
241 440 288 483 ἐν
315 440 463 495 Λίνδῳ
490 437 539 481 τὸ
568 441 642 493 τῆς
665 436 896 495 Ἀθηναίης
925 439 1091 495 λέγεται
1119 439 1196 491 τὰς
1224 444 1305 484 τοῦ
1327 446 1451 485 Δα-1

9 511 13 570 i
160 522 273 561 ναοῦ
307 517 551 572 θυγατέρας
582 518 848 570 ἱδρύσασθαι
877 516 1182 574 προσχούσας,
1217 519 1287 564 ὅτε
1319 520 1423 564 ἀπε-

8 579 11 663 :
130 599 397 653 4δίδρησκον
424 595 528 647 τούς
566 595 793 652 Αἰγύπτου
829 599 1000 648 παῖδας.
1048 601 1188 641 ταῦτα
1214 599 1294 654 μὲν
1323 598 1425 643 οἰνέ-

158 681 268 733 θηκε
296 674 319 720 ὁ
347 676 540 732 Ἄμασις.
598 673 703 719 Eme
734 676 781 719 δὲ
811 675 1001 730 Κύπρον
1035 681 1207 732 πρῶτος
1245 677 1421 736 ἀνθρώ-

157 770 276 809 πων,
308 756 383 800 καὶ
410 756 723 810 κατεστρέψατο
754 755 797 807 ἐς
826 754 976 812 φόρου
1005 754 1255 814 ἀπαγωγήν.

160 947 238 991 εἷλε
258 949 300 990 δὲ
326 947 510 1002 Κύπρον]
529 949 589 987 Ad
611 963 687 988 rem
709 951 753 988 cf.
880 949 920 998 ἒς
940 945 1073 1004 φόρου
1103 948 1340 1008 ἀπαγωγήν]
1372 957 1481 994 Simi-

100 1008 253 1046 Diodor.
274 1009 313 1054 I,
334 1010 399 1048 68.
439 1008 551 1051 Quod
568 1020 654 1044 vero
673 1007 754 1045 He·
822 1007 893 1046 lem
923 1009 1000 1045 fere
1027 1010 1160 1048 exitum
1197 1013 1234 1048 in
1261 1013 1479 1062 quibusdam

99 1066 250 1101 rodotus
271 1064 390 1101 addit:
421 1065 575 1115 πρῶτος
594 1058 755 1115 ἄνθρώ-
821 1064 921 1101 libris
943 1064 1117 1103 seriorum
1146 1069 1385 1119 scriptorum,
1416 1072 1479 1120 qui

100 1135 209 1169 πων,
232 1122 270 1158 id
288 1133 331 1158 ex
347 1120 613 1170 Aegyptiorum
634 1133 754 1157 sacer·
822 1120 1056 1158 Herodotum
1088 1124 1222 1161 imitari
1261 1127 1479 1175 studuerint,

100 1179 227 1215 dotum
254 1190 338 1224 ore,
372 1178 434 1225 qui
461 1175 548 1212 talia
575 1177 753 1224 iactarint,
822 1190 862 1214 se
881 1177 1063 1215 invenisse
1094 1183 1250 1218 testatur
1278 1183 1479 1220 wesselin-

99 1235 245 1271 fluxisse
258 1236 364 1284 putat
374 1232 598 1270 Dahlmann.
611 1233 750 1270 Herod.
820 1234 914 1282 giuS‚
932 1247 965 1271 v.
986 1247 1015 1271 c.
1037 1235 1074 1270 in
1094 1235 1248 1287 Procop.
1269 1239 1351 1275 bell.
1364 1239 1477 1277 Goth,

97 1304 135 1341 p.
163 1292 242 1331 152
266 1302 393 1338 seqq„
425 1301 504 1326 cum
532 1288 644 1325 multo
666 1294 753 1327 ante
818 1290 858 1339 I,
881 1289 906 1331 5
933 1289 1066 1340 Agath.
1088 1291 1104 1329 Ι
1128 1306 1166 1344 p.
1188 1296 1261 1343 13,
1284 1296 1316 1333 C
1343 1299 1414 1333 etc.

99 1347 170 1385 iam
199 1346 320 1395 Tyriis
361 1345 600 1383 Phoenicibus
632 1345 751 1383 insula

98 1403 206 1441 fuerit
222 1402 379 1449 subdita,
410 1415 500 1451 quos
518 1401 617 1452 ipsos
635 1400 748 1440 Ama-

99 1459 147 1497 sis
167 1460 316 1499 eiecisse
337 1459 522 1511 putandus
545 1459 602 1495 sit.

393 1732 702 1777 ἹΣΤΟΡΙΩΝ
741 1731 1077 1781 ἩΡΟΛΟΤΟΤ
1111 1736 1170 1780 B'.
