1805 3315
671 265 885 306 CLIO.
945 266 973 305 1.
1412 272 1468 312 99

174 381 289 439 ,,γοῖρ
320 397 394 438 μοι
421 381 588 434 μοῦνος
624 375 853 434 τυγχάνεις
883 375 968 420 ἐών
997 378 1126 428 παῖς·

1175 375 1254 420 τόν
1294 375 1378 433 γὰρ
1412 377 1468 434 δὴ

172 462 373 515 „gt-5901),
419 455 746 514 διεφθαρμένον
783 454 864 512 τὴν
904 453 1070 511 ἀκοήν,
1113 453 1197 500 οὐκ
1239 453 1352 500 εἶναι’
1389 466 1514 513 μοι20

60 539 126 583 39
170 540 469 594 „zoya‘gopmx‘
493 534 730 592 Ἀμεῖβεται
767 533 791 579 ὁ
821 537 995 591 νεηνίης
1023 537 1188 578 τοῖσδε·
1221 535 1467 592 ,,Συγγνώ-

167 633 260 673 ,,μη
296 615 397 671 μὲν,
437 610 472 658 ὦ
506 614 669 670 πάτερ,
712 614 803 665 τοὶ,
846 613 985 658 ἰδόντί
1019 631 1067 670 γε
1107 613 1212 666 ὄψιν
1240 613 1466 673 τοιαύτην,

164 695 294 749 »περὶ
324 695 394 751 ἐμὲ
425 693 628 750 φυλακήν
658 694 785 750 ἔχειν·
817 693 866 737 τὸ
897 692 943 736 δὲ
972 690 1028 736 ου’
1057 691 1323 748 μανθάνεις,
1354 691 1465 739 ἀλλὰ

163 773 352 831 »λέληθέ
382 785 428 817 σε
457 772 506 818 τό
537 772 740 829 ὄνειρον,
771 771 844 830 ἐμὲ
873 788 941 816 τοι
959 770 1133 817 δίκαιόν
1149 772 1236 818 ἐστι
1265 773 1509 831 ‹postam-25

119 940 253 997 χᾶνεις
283 943 362 986 ἐών
391 947 510 998 παῖς]
563 943 634 995 εἷς
665 949 779 1000 μοῦ-

119 1018 210 1050 νος
247 1004 423 1053 singulari
464 1005 623 1054 quadam
657 1006 692 1042 vi
723 1005 780 1042 di-

119 1064 236 1106 ctum3
277 1061 324 1098 de
364 1075 437 1111 quo
480 1063 529 1098 ad
565 1062 777 1112 Olyinpiod.

120 1116 343 1154 Commentt.
397 1118 436 1154 in
471 1118 617 1155 Platon.
657 1118 773 1157 Alcib.

116 1186 154 1224 p-
183 1175 266 1215 220
293 1175 431 1211 monuit
459 1175 590 1212 Creuz.

173 1227 245 1272 τόν
289 1227 363 1283 γάρ
404 1228 455 1282 δη
502 1230 657 1283 ἕτερον,
699 1231 777 1270 διε-

119 1286 359 1337 φθαρμένον
378 1285 453 1338 τήν
465 1282 622 1338 α’κοην]
654 1287 779 1325 Verba

116 1340 191 1394 τήν
215 1339 344 1394 οἷκοήν
372 1356 394 1380 a
415 1344 620 1393 glossatore
641 1344 777 1394 margi-

117 1400 154 1436 ni
182 1400 366 1451 adscripta
387 1413 430 1438 ac
458 1402 630 1452 deinceps
661 1401 776 1438 textui

116 1455 214 1493 illata
241 1460 366 1503 censet
384 1457 535 1495 Reizius
558 1458 597 1494 in
617 1459 774 1508 praefat.

114 1525 202 1563 pag.
224 1513 342 1550 XXII.
404 1514 659 1552 Glossatorem
679 1515 774 1552 enim

114 1582 241 1607 vocem
261 1567 399 1619 κωφός
412 1601 423 1618 ,
455 1584 527 1620 quo
549 1584 660 1621 supra
679 1571 706 1618 1,
718 1569 775 1612 34

113 1625 256 1664 Noster
286 1628 416 1675 utitur,
457 1640 532 1664 non
570 1628 776 1677 antiquiore

115 1695 235 1732 eoque
281 1683 497 1722 Herodoteo
535 1698 668 1731 sensu,
708 1684 777 1722 sed

116 1740 317 1777 recentiore
355 1741 561 1790 accepisse,
616 1741 778 1789 indeque

116 1795 185 1832 huc
214 1797 456 1847 adscripsisse
498 1792 652 1848 ἆκοὴν,
702 1809 776 1846 quo

116 1852 261 1890 dicendi
303 1854 486 1891 rationem
525 1858 727 1904 exponeret
756 1867 776 1891 e

115 1908 193 1946 loco
226 1909 286 1945 illo
320 1910 500 1961 superiori
529 1910 568 1958 Ι,
589 1911 664 1951 34:
694 1923 777 1949 των

121 1963 331 2018 (παίδων)
352 1962 547 2034 οὕτερος
586 1964 658 2016 μὲν
699 1964 776 2005 διέ-

115 2026 298 2074 φθαρτο·
339 2025 393 2074 ἠν
423 2039 497 2076 γαρ
521 2020 594 2080 δη
622 2038 773 2073 κωφος

115 2078 165 2116 Et
192 2080 286 2116 infra
312 2079 354 2128 Ι,
385 2081 459 2121 85:
509 2081 562 2131 ῆν
599 2079 641 2119 οἵ
669 2084 776 2129 παῖς,

115 2150 186 2174 του
221 2135 288 2175 καὶ
319 2132 514 2188 πρότερον
545 2132 774 2188 ἐμνήσθην,

115 2207 163 2231 τα
194 2191 267 2244 μὲν
300 2189 398 2232 ἄλλα
429 2191 694 2244 ἐπιεικης,
729 2209 774 2232 α-

118 2264 255 2313 φωνος
277 2248 331 2289 δέ.
389 2250 662 2288 Assentientem
685 2250 776 2288 Rei-

117 2307 194 2343 zius
217 2310 344 2344 nactus
365 2311 422 2344 est
449 2304 684 2353 Larcherum,
708 2320 777 2345 nec

117 2363 463 2412 Schweighaeusero
476 2364 546 2400 tria
564 2364 634 2400 ista
642 2364 774 2401 verba:

117 2417 417 2484 διεφθαρμένον
436 2435 510 2471 την
531 2415 662 2471 ακοὴν
674 2419 776 2469 glos-

117 2489 180 2514 sae
203 2477 410 2527 suspicione
432 2490 561 2514 vacare
593 2478 774 2514 videntur.

118 2532 192 2576 Qui
207 2538 332 2571 tamen
363 2534 443 2584 ipse
461 2534 515 2570 vir
541 2534 774 2570 cautissimus

118 2590 219 2626 uncis
237 2590 422 2628 includere
440 2593 503 2627 aut
520 2593 623 2628 textu
645 2590 776 2628 eiicere

118 2646 229 2683 verba
245 2650 385 2684 tentata
413 2646 538 2684 noluit.
595 2646 645 2684 Et
677 2650 777 2684 recte

120 2701 226 2748 fecit,
264 2703 462 2740 rationibus
503 2704 598 2741 bene
645 2702 776 2740 allatis.

121 2754 290 2806 Namque
314 2772 334 2796 e
355 2764 483 2797 neutro
504 2759 687 2797 Herodoti
722 2759 777 2796 lo-

122 2824 165 2849 co
187 2813 279 2850 effici
296 2816 451 2864 poterit,
479 2812 555 2867 τήν
575 2811 704 2866 οἷκοήν
716 2815 775 2853 hic

123 2867 306 2916 glossema
335 2883 416 2909 esse
461 2885 582 2922 neque
627 2873 776 2910 omnino

125 2925 322 2975 quidquam
343 2926 517 2978 impedit,
548 2942 621 2979 quo
653 2929 774 2967 minus

847 951 1003 996 utroque
1023 947 1111 985 vitio
1131 948 1298 987 iuvenem
1317 947 1508 987 laborasse

847 1004 1048 1041 credamus.
1105 1004 1190 1042 Vid.
1213 1018 1308 1056 quae
1327 1004 1428 1053 adl,
1448 1004 1506 1047 34

846 1061 1050 1097 notavimus
1116 1061 1166 1099 de
1237 1061 1507 1111 significatione

844 1116 993 1154 voculae
1025 1113 1188 1166 κωφὸς,
1237 1118 1339 1156 unde
1376 1118 1506 1156 iniuria

846 1172 995 1210 Reizius
1045 1178 1300 1222 argumentum
1356 1174 1506 1211 duxisse

846 1229 1011 1277 videtur,
1041 1242 1114 1279 quo
1137 1230 1250 1268 verba
1277 1226 1353 1282 τήν
1376 1226 1506 1282 α’κοήν

846 1285 1050 1323 damnaret.

1014 1369 1126 1422 cap.
1155 1369 1331 1409 xxxlx.

900 1450 997 1493 α’λλοὲ
1017 1451 1163 1506 λέληθέ
1180 1466 1223 1494 σε
1249 1450 1295 1494 τό
1316 1450 1501 1507 ὄνειρον]

843 1511 1011 1549 Offendit
1031 1512 1161 1549 vocula
1180 1507 1226 1551 zo*
1248 1508 1408 1564 ὄνειρον
1420 1542 1432 1560 ,
1462 1524 1504 1548 o-

842 1569 985 1605 mnibus
1017 1572 1139 1607 tamen
1168 1581 1191 1606 a
1218 1568 1318 1606 libris
1349 1572 1504 1606 retenta.

844 1625 1014 1674 Schw.gh
1037 1625 1193 1676 explicat
1213 1640 1312 1664 κατα
1334 1640 1377 1664 το
1403 1621 1504 1665 όνε-

846 1696 943 1734 ρον,
974 1685 1057 1729 aut,
1087 1683 1187 1731 quod
1210 1682 1330 1731 magis
1350 1682 1422 1732 ipsi
1444 1694 1504 1718 ar-

845 1738 963 1785 iidet,
994 1737 1062 1777 καὶ
1090 1753 1189 1777 κατα
1212 1734 1255 1778 τὸ
1283 1738 1335 1786 (i
1357 1751 1387 1776 e
1409 1732 1506 1777 καθ’

846 1791 897 1843 ὃ)
928 1793 1073 1845 λέληθέ
1094 1807 1136 1834 σε
1155 1809 1198 1834 το
1224 1791 1394 1846 ὄνειρον.
1455 1794 1505 1831 ll-

844 1851 916 1888 lam
935 1856 1059 1889 tamen
1076 1852 1255 1889 rationem
1275 1852 1504 1902 ininterpre-

843 1909 983 1945 tatione
1013 1908 1124 1945 latina
1159 1913 1305 1945 secutus
1336 1921 1419 1945 esse
1449 1908 1504 1944 vi-

844 1965 970 2012 detur,
1000 1965 1060 2002 ubi
1078 1965 1131 2002 sic
1150 1963 1327 2013 legimus:
1343 1964 1505 2014 „quodve

844 2021 971 2058 oblitus
994 2034 1028 2058 es
1046 2021 1107 2058 Ιιοε
1127 2023 1166 2058 in
1189 2023 1331 2059 somm'O.
1345 2022 1370 2040 “
1427 2021 1505 2058 Sed

842 2082 1006 2128 praestat
1027 2091 1070 2115 ea
1092 2078 1186 2114 ratio
1199 2107 1209 2125 ,
1230 2078 1302 2127 quei
1317 2106 1328 2125 ,
1349 2077 1505 2115 docente

843 2133 1020 2172 Matthiae
1043 2133 1080 2185 ἓ.
1103 2134 1187 2175 476
1213 2148 1250 2184 p.
1272 2137 1354 2176 891
1368 2163 1380 2182 ,
1410 2133 1506 2171 rela-

845 2191 918 2227 tivo
956 2191 1163 2241 pronomini
1214 2191 1335 2242 ipsum
1370 2203 1506 2227 nomen

844 2247 986 2284 adiecto
1023 2247 1195 2295 articulo,
1263 2247 1505 2298 appositionis

844 2304 950 2353 quasi
970 2304 1048 2341 loco
1061 2331 1071 2348 ‚
1091 2303 1267 2355 postponi
1288 2307 1505 2340 statuamus.

843 2360 885 2397 ld
902 2362 1002 2409 quod
1023 2364 1223 2428 perspectu
1246 2359 1384 2397 facilius
1426 2360 1506 2407 erit,

844 2428 875 2453 si
888 2430 997 2454 voces
1026 2414 1070 2455 τὸ
1105 2413 1266 2468 ὄνειρον
1302 2416 1507 2453 distinctio-

842 2474 949 2510 nibus
970 2486 992 2510 a
1011 2473 1161 2522 reliquis
1182 2473 1303 2510 verbis
1326 2472 1507 2519 secludes,

844 2533 884 2567 ut
905 2542 972 2567 eae
998 2530 1202 2580 explicandi
1223 2541 1333 2566 causa
1354 2521 1508 2580 apposi-

844 2590 901 2624 tas
924 2599 1008 2624 esse
1035 2587 1153 2635 magis
1177 2590 1369 2636 appareat.
1409 2586 1508 2622 Sen-

845 2656 908 2679 sus
929 2647 1004 2681 est:
1037 2672 1061 2691 „
1074 2643 1166 2694 quod
1185 2646 1218 2679 te
1240 2642 1348 2690 latet,
1377 2643 1508 2678 somni-

844 2713 904 2737 um
925 2700 1060 2737 scilicet
1090 2699 1199 2737 istud.
1212 2699 1236 2719 ‘⁶
1293 2699 1391 2736 Hinc
1422 2697 1511 2735 nihil

844 2756 1079 2794 tribuendum
1110 2756 1342 2806 quorundam
1380 2755 1506 2792 conie-

845 2816 985 2851 cturae:
1013 2814 1089 2851 τοῦ
1114 2809 1285 2864 ὀνείρου.

912 2869 954 2906 In
1001 2882 1107 2919 seqq.
1167 2868 1377 2906 reduximus
1427 2878 1507 2903 cum

844 2925 1014 2975 Schwgh.
1035 2930 1072 2964 et
1093 2926 1212 2963 Gaisf.
1243 2922 1388 2975 φοβέαι
1413 2921 1509 2961 male

1163 2983 1190 3020 τ
1204 2981 1225 3002 ἡ
