1759 3324
547 246 969 285 EUTERPE.
1018 246 1064 284 11.

1340 248 1425 289 605

169 354 468 412 Σαμοθρῆϊκες
508 354 769 399 ἐπιτελέουσι
806 352 1134 411 παραλαβόντες
1176 355 1295 410 παρὰ
1334 358 1421 399 Πε-

135 438 365 489 4λασγών,
419 427 549 484 οὗτος
586 431 703 489 ὦνήρ
743 432 835 478 οἶδε
876 434 925 477 τὸ
955 435 1076 489 λέγω.
1106 433 1186 490 τὴν
1214 434 1296 489 γὰρ
1327 439 1421 478 Σα-

164 514 408 568 μοθρηΐκην
439 514 583 556 οἴκεον
613 512 826 568 πρότερον
856 513 1071 568 Πελασγοὶ
1103 509 1248 565 οὗτοι,
1281 515 1327 557 οἵ
1341 530 1421 569 περ

162 588 425 646 Ἀθηναίοισι
464 589 662 634 σύνοικοι
700 592 926 647 ἐγένοντο,
985 593 1057 635 καὶ
1096 592 1212 648 παρὰ
1251 592 1421 636 τούτων

134 668 470 724 5Σαμοθρήϊκες
499 670 550 713 τοὶ
580 670 706 725 ὄργια
743 670 1148 726 παραλαμβάνουσι.
1207 670 1322 726 ὀρθοὶ
1353 667 1416 715 ὦν
1476 681 1554 719 129

166 748 186 765 Ἰ
348 749 356 761 ἱ
424 751 434 765 ἳ
492 754 508 761 —1
606 748 615 762 9
665 750 674 762 Ι
917 754 933 761 κν
972 750 982 764 r
1088 752 1095 764 r
1194 749 1204 765 9
1359 756 1375 763 ω

162 765 272 804 εχειν
307 765 359 792 τα
390 752 534 792 αιδοια
567 755 816 806 ταγαλματα
852 768 932 793 του
979 754 1155 805 Ερμεω,
1199 757 1446 807 Αθηναιοιὲ

161 831 330 884 πρῶτοι
345 826 583 883 Ἑλλήνων,
615 829 826 884 μαθόντες
845 828 963 885 παρὰ
985 833 1237 884 Πελασγῶν,
1269 829 1418 886 ἐποιή-

134 915 316 951 6σαντο.
369 909 412 951 οἱ
443 907 487 952 δὲ
519 909 738 964 Πελασγοὶ
777 907 875 965 ἱρόν
911 925 1009 953 τινα
1047 907 1180 966 λόγον
1207 910 1306 965 περὶ
1336 906 1417 953 αὕ-

103 1092 234 1142 quibus
255 1093 434 1130 initiatum
452 1093 565 1131 fuisse
582 1093 753 1131 historiae

102 1153 242 1199 patrem
275 1149 389 1186 multa
408 1153 573 1198 arguunt.
609 1150 685 1187 Sed
704 1150 751 1187 de

104 1204 242 1242 cabiris
262 1205 349 1255 ipsis
369 1205 403 1242 h.
428 1205 450 1242 l.
469 1218 580 1254 agere
594 1218 667 1242 non
687 1218 752 1242 va-

103 1265 170 1298 cat.
218 1261 278 1298 Tu
298 1262 368 1298 vid.
390 1263 521 1298 Creuz.
545 1262 580 1298 in
595 1261 749 1310 Dionys.

102 1330 138 1367 p.
154 1316 232 1358 149
254 1330 356 1366 seqq.
386 1318 548 1365 symbol.
568 1318 599 1354 ΙΙ
617 1331 652 1367 p.
667 1320 748 1358 318

101 1385 204 1422 seqq.
234 1373 427 1422 Schelling.
442 1374 488 1411 de
506 1373 749 1411 Samothrace.

101 1433 247 1478 myster.
269 1442 354 1479 pag.
373 1432 427 1471 97
448 1443 550 1479 seqq.
573 1432 651 1471 107
667 1443 749 1479 sqq.

102 1485 176 1529 Qui
193 1485 257 1521 viri
276 1486 372 1522 docti
389 1486 477 1523 haec
496 1498 597 1523 sacra
617 1499 661 1523 ex
679 1487 751 1523 ori-

101 1540 279 1579 entalibus
300 1541 533 1591 religionibus
551 1544 751 1592 repetenda

102 1610 183 1635 esse
209 1598 353 1635 docent.
409 1597 493 1635 Alia
522 1599 565 1635 C.
589 1599 635 1635 0.
657 1598 752 1635 Min-

100 1653 164 1691 ler.
183 1653 311 1703 (quem
331 1653 362 1691 C
368 1667 397 1690 r.
419 1654 507 1691 citat
526 1656 573 1692 ad
592 1656 625 1691 h.
647 1654 690 1703 l.)
711 1657 750 1692 in

102 1709 319 1747 Orchomen.
342 1723 429 1760 pag.
451 1710 545 1752 439-
565 1711 646 1752 450
666 1724 747 1761 sqq·

101 1766 183 1807 462
206 1778 280 1815 seq.

157 1821 200 1860 οἵ
228 1836 301 1873 περ
328 1815 599 1872 Ἀθηναίοισι]
630 1821 748 1871 Vulgo

99 1877 259 1929 τοίπερ
281 1907 292 1926 ,
342 1879 440 1926 quod
479 1891 561 1915 cum
600 1882 749 1929 respuat

98 1938 271 1972 constans
304 1933 483 1971 Herodoti
511 1948 595 1971 usus
624 1934 748 1972 melio-

98 2003 176 2027 rum
214 1990 386 2027 librorum
415 1991 630 2028 auctoritate
667 2005 747 2028 cum

97 2045 229 2084 Struve
245 2047 417 2095 (Quaest.
443 2047 490 2083 de
510 2046 594 2084 dial.
609 2047 747 2084 Herod.

97 2115 135 2153 p.
160 2104 230 2151 10)
266 2103 412 2152 reposui
434 2102 486 2141 οἵ
508 2117 592 2154 περ.
622 2123 678 2131 -
706 2104 748 2141 In

99 2171 202 2208 seqq.
234 2159 319 2196 dedi
344 2171 421 2195 cum
455 2159 570 2196 Gaisf.
594 2155 746 2209 μαθόν-

97 2229 160 2261 τες
180 2211 287 2266 παροῖ
308 2217 524 2266 Πελασγῶν
538 2245 549 2263 ,
568 2229 647 2252 cum
669 2216 745 2253 vul-

98 2284 146 2320 go
173 2275 271 2309 esset
290 2267 399 2322 παρα)
428 2273 521 2309 Πελ.
540 2268 744 2321 μαθόντες.

154 2326 196 2366 οἷ
231 2324 273 2366 δὲ
305 2326 502 2379 Πελασγοὶ
531 2323 618 2379 ἱρόν
657 2344 744 2368 τινα

96 2377 218 2434 λόγον
234 2381 323 2434 περὶ
345 2379 471 2422 αὐτοῦ
491 2382 623 2431 ἔλεξαν
651 2399 685 2424 κ.
709 2400 742 2423 τ.

96 2437 148 2490 λ.]
178 2439 358 2490 Exposuit
375 2440 464 2477 haec
475 2440 604 2477 Creuz.
624 2442 671 2478 ad
682 2441 744 2478 Ci-

97 2508 166 2533 cer.
186 2496 232 2533 de
250 2500 324 2533 nat.
337 2496 436 2533 deor.
450 2496 512 2543 Ill,
523 2500 578 2538 22
594 2510 629 2546 p.
642 2497 742 2539 605:

95 2551 302 2599 „Videlicet
322 2552 523 2589 Mercurius
539 2553 744 2602 ithyphalli-

96 2619 160 2644 cus
191 2611 248 2645 est
274 2609 366 2645 ratio
393 2608 570 2645 seminalis
599 2613 635 2646 et
651 2610 742 2647 effe-

97 2662 208 2710 ctrix,
235 2677 315 2700 cum
347 2665 582 2713 generatione
611 2678 741 2713 rerum,

96 2715 297 2767 plantarum
310 2747 321 2766 ,
341 2720 545 2757 animalium
562 2721 624 2758 rel.
636 2749 647 2768 ,
666 2726 741 2758 tum

96 2773 315 2820 cogitatione
330 2780 367 2814 et
381 2776 535 2825 loquela.
582 2776 623 2813 In
640 2781 742 2814 utro-

96 2827 151 2864 vis
176 2831 324 2877 negotio
355 2831 554 2870 Mercurius
591 2834 739 2871 effectas

96 2887 259 2933 praestat
268 2899 446 2936 perennes
467 2901 586 2926 rerum
603 2890 736 2927 formas

820 1106 849 1130 s.
865 1093 976 1131 ideas.
1034 1093 1112 1131 Iam
1129 1093 1218 1132 haec
1242 1094 1333 1131 ratio
1364 1094 1473 1132 semi-

819 1149 910 1186 nalis
941 1154 978 1186 et
1014 1150 1174 1187 effectrix
1209 1150 1375 1187 adsciscit
1405 1151 1471 1187 sibi

817 1206 994 1243 rationem
1029 1206 1262 1256 receptricem
1301 1212 1335 1243 et
1358 1220 1473 1256 gene-

816 1262 993 1298 ratricem.
1052 1261 1117 1299 Ille
1148 1266 1204 1299 est
1239 1275 1330 1298 mas:
1381 1263 1472 1300 haec

810 1317 970 1368 femina,-
991 1317 1050 1355 ille
1062 1318 1134 1354 sol:
1157 1318 1245 1355 haec
1264 1319 1358 1355 luna.
1378 1318 1472 1356 Ver-

818 1387 866 1410 no
893 1379 1014 1411 autem
1035 1378 1218 1424 tempore,
1248 1387 1319 1423 quo
1341 1378 1470 1411 natura

819 1431 938 1467 denuo
957 1434 1146 1478 vegetatur
1160 1435 1196 1468 et
1215 1431 1370 1468 fecunda
1385 1431 1470 1468 red-

819 1487 934 1533 ditur,
965 1486 1018 1523 sol
1049 1486 1169 1523 lunam
1202 1487 1329 1523 dicitur
1358 1500 1470 1536 vege-

817 1547 894 1579 tare
917 1547 953 1580 et
973 1542 1121 1593 implere
1146 1543 1345 1580 rationibus
1365 1544 1471 1581 semi-

818 1598 981 1646 nalibus,
1013 1600 1143 1648 quibus·
1177 1612 1221 1636 ea
1251 1612 1374 1636 rursus
1402 1600 1469 1636 im-

817 1654 893 1704 plet
922 1660 1064 1693 terram.
1132 1684 1155 1703 ,‚
1167 1684 1190 1702 „
1202 1655 1297 1692 Nam
1326 1655 1470 1693 Mercu-

816 1711 908 1746 rium
928 1712 964 1747 in
982 1710 1066 1747 luna
1076 1711 1229 1748 locatum
1249 1711 1467 1759 fabulantur,

817 1767 903 1815 quia
919 1780 1012 1816 quae
1030 1767 1114 1803 luna
1132 1767 1263 1814 efficit,
1295 1780 1339 1805 ea
1355 1769 1469 1804 ratio-

817 1823 872 1859 nis
903 1836 945 1859 ac
977 1823 1176 1873 sapientiae
1205 1837 1353 1873 operum
1384 1827 1468 1861 sunt

817 1879 1024 1926 si1nilia,““
1064 1880 1148 1916 dicit
1178 1880 1388 1917 Plutarchus
1419 1881 1466 1918 de

815 1935 900 1971 Isid.
927 1939 963 1972 et
983 1936 1079 1972 Osir.
1112 1949 1148 1985 p.
1169 1939 1275 1983 367,
1301 1935 1347 1973 D.
1404 1935 1465 1974 De

814 1992 905 2028 facie
923 1991 960 2028 in
976 1993 1051 2028 orb.
1070 1991 1144 2029 lun.
1163 1992 1303 2042 p.943,
1316 1992 1358 2028 B.
1390 1992 1465 2041 Igi-

815 2052 874 2083 tur
892 2049 945 2084 vis
969 2052 1145 2096 vegetans
1176 2052 1214 2086 et
1244 2048 1337 2085 ratio
1354 2049 1465 2086 semi-

814 2104 905 2140 nalis
924 2104 1009 2140 solis
1031 2109 1108 2151 est,
1139 2109 1174 2142 et
1192 2105 1368 2153 quidquid
1387 2105 1463 2142 eius

812 2160 959 2197 rationis
978 2160 1086 2198 lunae
1120 2161 1342 2211 impertitur,
1373 2161 1410 2197 id
1430 2161 1464 2199 ei

812 2228 833 2253 a
866 2216 941 2254 sole
967 2217 1186 2266 impertitum
1216 2230 1297 2254 esse
1325 2217 1463 2266 signifi-

811 2276 921 2309 catur.
958 2273 1073 2322 Igitur
1093 2274 1241 2310 rationis
1265 2274 1358 2310 facta
1378 2286 1464 2323 par-

810 2328 925 2379 ticeps
953 2328 1038 2366 luna
1065 2330 1336 2378 quodammodo
1362 2330 1463 2367 Mer-

811 2385 950 2422 curialis
967 2386 1151 2432 redditur,
1173 2390 1348 2435 quatenus
1369 2399 1462 2435 quae

810 2441 848 2477 in
878 2441 954 2479 sole
981 2442 1077 2479 inest
1108 2443 1200 2478 ratio
1228 2442 1410 2479 seminalis
1440 2455 1463 2479 a

810 2496 992 2534 Mercurio
1018 2499 1181 2549 profecta
1202 2498 1339 2535 dicitur.
1385 2497 1462 2536 Iam

810 2553 975 2591 Plotinus
992 2583 1003 2601 ,
1033 2554 1095 2603 qui
1119 2554 1337 2591 Mercurium
1367 2568 1461 2592 sem-

809 2622 876 2659 per
905 2611 1094 2647 excitatum
1122 2610 1236 2660 (pag.
1257 2612 1334 2651 321
1361 2623 1459 2659 seq.:

807 2663 956 2717 Ἑρμῆν
974 2663 1046 2716 μὲν
1064 2668 1227 2705 ποιοῦσι
1245 2663 1311 2705 τὸν
1327 2661 1460 2717 ἀρχαῖ-

810 2736 856 2760 ον
876 2719 946 2761 τόν
957 2724 1027 2772 τῆς
1044 2718 1265 2774 γεννήσεως
1285 2719 1457 2773 ὄργανον

808 2773 871 2816 cisi
894 2777 1030 2829 ἔχοντα
1050 2776 1149 2828 πρός
1171 2777 1374 2830 ἐργασίαν)
1394 2791 1457 2816 ex-

807 2834 930 2881 hibet,
959 2835 1089 2884 accipit
1107 2848 1188 2872 eum
1206 2835 1369 2872 universe
1388 2848 1455 2884 pro

805 2890 945 2929 ratione
966 2890 1128 2929 seminali
1147 2891 1253 2941 eique
1274 2892 1366 2929 adeo
1388 2903 1455 2940 op-
