1786 3333
24 1097 91 1142 94

535 260 961 300 EUTERPE.
1007 261 1055 298 11.

152 378 355 431 ποταμοῦ
369 388 377 398 ·

1334 261 1419 301 693

435 372 507 415 καὶ
537 369 694 414 αὐτίκα
723 387 766 413 τε
795 369 903 412 πλέα
941 371 1108 426 γίνεται
1136 372 1296 422 ταῦτα,
1345 370 1421 413 καὶ

124 456 415 508 9παραχρῆμα
446 448 614 505 ἰχθύων
645 454 841 504 σμικρῶν
862 451 1072 492 πίπλαται
1095 448 1251 492 πάντα.
1282 448 1476 493 κόθεν-70

153 533 198 576 δὲ
229 531 345 581 οἰκός
386 528 548 580 αὐτούς
588 530 811 584 γίνεσθαι,
869 527 954 584 ἐγώ
993 544 1068 584 μοι
1106 526 1243 571 δοκέω
1283 545 1418 571 κατα-

150 609 291 654 νοέειν
323 612 467 652 τοῦτο.
508 612 585 651 τοῦ
615 609 835 663 προτέρου
864 608 978 659 ἔτεος
1007 606 1137 651 ἐπεάν
1166 605 1360 664 οἷπολίπῃ
1391 608 1415 651 ὁ

150 693 333 740 Νεῖλος,
367 690 410 731 οἷ
440 687 584 744 ἰχθύες
614 687 858 739 ἐντεκόντες
895 686 959 730 aid
990 688 1031 738 ἐς
1062 687 1141 744 τὴν
1172 685 1295 739 ἰλύν,
1329 685 1427 741 ἅμα·

148 772 209 828 τῷ
239 766 400 826 ἐσχάτῳ
436 767 562 810 ὕὸατι
592 764 968 810 ἀπαλλάσσονται·
1010 765 1142 810 ἐπεὰν
1173 766 1218 810 δὲ
1248 769 1418 820 περιελ-

147 846 312 898 θόντος
340 851 421 890 τοῦ
449 846 614 904 χρόνον
644 844 776 890 πάλιν
805 845 965 902 ἐπέλθῃ
996 846 1045 890 τὸ
1074 844 1219 900 ὕδωρ,
1250 845 1296 890 ἐκ
1325 849 1414 889 τῶν
1473 847 1555 892 146

148 926 249 971 ω’ὦν
287 925 457 970 τούτων
505 929 753 981 παραυτίκα
793 928 991 981 γίνονται
1040 927 1085 969 οἱ,
1122 924 1281 981 ἰχθύες.

1339 925 1414 970 καὶ
1427 933 1471 971 75

148 1006 247 1059 περὶ
276 1005 355 1062 μὲν
386 1006 488 1056 τούς
517 1007 644 1061 ἰχθῦς
675 1005 789 1049 οὕτω
820 1005 915 1061 ἔχει.

149 1164 387 1216 οἰκέοντες,
438 1163 522 1208 ἀπὸ
554 1168 641 1208 τῶν
672 1166 984 1218 σιλλικυπρίων
1023 1167 1104 1207 τοῦ
1132 1166 1325 1219 καρποῦ,
1366 1164 1416 1207 τὸ

228 1084 445 1141 Ἀλείφατι
474 1085 520 1129 δὲ
547 1085 755 1141 χρέωνται
777 1086 1026 1140 Αἰγυπτίων
1055 1086 1099 1127 οἱ
1127 1082 1293 1140 περὶτὰ
1318 1083 1414 1127 ἕλεα

119 1248 333 1288 Ξκαλεῦσι
362 1244 442 1301 μὲν
471 1243 706 1302 Αἰγύπτιοι
735 1246 844 1290 κίκι·
875 1247 1046 1288 ποιεῦσι
1075 1243 1121 1288 δὲ
1152 1238 1248 1287 ὦδε.
1296 1242 1415 1299 παροὶ

145 1449 272 1493 κόθεν
302 1451 345 1493 δὲ
368 1450 499 1505 οἶκός]
532 1449 638 1501 οἰκὸς
668 1453 745 1491 bini

90 1509 171 1548 libri
200 1511 380 1561 praebent
407 1524 475 1561 pro
506 1511 602 1559 vulg.
629 1507 744 1559 εἰκὸς,

91 1567 192 1617 quod
218 1581 298 1605 cum
337 1572 487 1605 recentt.
521 1568 623 1605 editt.
655 1568 745 1604 abii-

91 1624 261 1661 ciendum
281 1625 403 1661 censui
424 1625 466 1661 ea
486 1637 529 1661 ex
547 1624 642 1672 lege,
673 1624 744 1673 qua

91 1681 129 1718 in
154 1680 283 1717 talibus
311 1681 547 1730 probatorum
570 1681 744 1717 librorum

93 1737 344 1773 auctoritatem
381 1738 577 1787 praecipue
614 1749 747 1785 seque-

91 1805 161 1830 rer.
219 1793 308 1830 Ideo
337 1792 393 1840 Il,
422 1797 477 1835 22
506 1793 632 1842 reliqui
652 1793 746 1830 inta-

92 1854 190 1886 ctum
232 1845 358 1897 εἰκός,
406 1851 543 1900 quippe
579 1850 744 1887 omnibus

90 1905 189 1942 libr-is
205 1906 395 1943 firmatum.
442 1905 522 1943 Nec
542 1907 687 1942 omnino
708 1906 747 1942 in

92 1963 269 2000 eiusmodi
289 1963 398 1999 rebus
416 1967 642 1999 constantem
659 1963 747 1999 fuis-

93 2032 133 2056 se
164 2019 395 2056 Herodotum
429 2019 591 2056 dixerim.
658 2018 750 2056 Mox

91 2076 211 2125 recepi
249 2073 479 2114 κατανοέειν
512 2088 592 2113 cum
630 2076 747 2113 Gaisf.

91 2144 164 2182 pro
175 2135 398 2171 κατανοεῖν.

151 2188 192 2227 οἱ
215 2185 351 2239 ἰχθύες
373 2183 593 2235 ἐντεκόντες
623 2184 684 2227 ωἀ“
707 2187 748 2235 ἒς

92 2241 164 2295 τήν
185 2243 291 2296 ἰλύν]
322 2245 442 2294 Vulgo
468 2241 663 2294 τεκόντες,
685 2249 749 2282 aut

92 2296 334 2349 ἐκτεκὸντες,
380 2302 463 2339 licet
495 2302 638 2352 plurimi
666 2302 746 2338 libri

95 2354 330 2405 ἐντεκόντες,
351 2360 450 2407 quod
472 2360 633 2408 recipere
648 2358 747 2395 haud

95 2414 276 2462 dubitavi,
306 2416 564 2464 praeeuntibus
578 2415 746 2464 Schwgh.

96 2474 132 2507 et
150 2470 334 2509 Gaisford.
394 2471 458 2509 llle
489 2472 540 2508 sic
567 2472 746 2521 interpre-

95 2530 208 2563 tatur:
254 2530 416 2576 ‚,]n'sces‚
450 2532 639 2578 postquam
680 2540 747 2564 ova

96 2583 134 2618 in
153 2581 234 2619 limo
254 2584 519 2633 deposuerunt.“
556 2585 666 2628 Quod
683 2597 748 2620 an-

95 2639 248 2676 tecedit:
275 2637 392 2679 ἐπεοὶν
414 2636 588 2694 οἷπολίπῃ
610 2639 633 2680 ό
657 2643 748 2679 Νεῖ-

99 2695 187 2742 λος,
218 2695 264 2733 de
284 2696 359 2732 Nili
380 2710 475 2747 aqua
498 2698 689 2743 recedente,
712 2702 750 2733 ut

98 2762 182 2787 mox
201 2749 433 2802 ἐπέρχεσθαι
452 2755 498 2791 (16
518 2754 699 2791 accedente
711 2757 749 2790 et

99 2810 264 2843 crescente
297 2810 566 2859 accipiendum3
605 2811 668 2847 ubi
699 2810 748 2846 ad

100 2857 276 2916 ἀπολίπῃ
294 2866 460 2915 supplere
480 2866 562 2904 licet
578 2863 625 2905 τὰ
635 2868 750 2905 κοῖλα

101 2931 130 2955 s.
161 2914 233 2969 τήν
258 2921 333 2971 γῆν
363 2920 498 2972 (quam
525 2922 599 2961 scil.
622 2926 751 2961 terram

812 1465 964 1491 crescens
978 1452 1256 1501 inundaverat);
1281 1453 1325 1490 cf.
1348 1451 1393 1500 Π,
1408 1451 1473 1493 14.

813 1513 888 1555 22;
930 1523 1023 1558 quos
1053 1509 1152 1547 locos
1182 1510 1252 1547 una
1283 1519 1362 1546 cum
1394 1509 1484 1546 aliis-

812 1566 963 1603 aliorum
976 1567 1189 1616 scriptorum
1201 1565 1473 1603 laudavitWer-

812 1624 879 1661 ser.
899 1623 938 1659 in
956 1627 1038 1660 actt.
1060 1623 1161 1674 phill.
1179 1622 1337 1660 Monn.1
1356 1623 1471 1673 p.87.

1011 1707 1042 1744 C
1054 1720 1122 1757 ap.
1149 1706 1283 1746 XCIV.

874 1788 1026 1841 οἱπερὶ
1048 1787 1097 1829 ‘coc'
1130 1789 1216 1830 ἕλεα
1250 1789 1470 1837 οἰκέοντες]

815 1848 925 1885 Conf.
959 1860 1069 1897 supra
1101 1849 1150 1885 ad
1189 1848 1245 1895 ΙΙ,
1286 1852 1341 1890 92
1376 1851 1472 1884 nott.

814 1903 1023 1954 Aegyptum
1043 1903 1202 1941 olearum
1224 1906 1379 1942 feracem
1397 1917 1472 1941 non

816 1974 898 1998 esse
922 1961 1006 1997 satis
1023 1965 1177 1997 constat.
1236 1961 1474 2011 Quapropter

814 2022 963 2068 postera
1004 2021 1125 2054 aetate
1172 2017 1323 2055 multum
1352 2017 1421 2054 olei
1451 2029 1481 2053 6

817 2074 973 2111 Graecia
993 2073 1145 2122 aliisque
1164 2075 1376 2122 regionibus
1403 2073 1471 2110 ad-

813 2135 955 2168 vectum
975 2144 1055 2168 esse
1070 2131 1249 2168 novimus.

874 2182 953 2225 οἷπὸ
976 2189 1055 2225 τῶν
1086 2185 1368 2238 σιλλικυπρίων
1398 2186 1472 2224 τοῦ

815 2245 997 2294 καρποῦ,
1027 2240 1071 2282 τὸ
1101 2246 1265 2282 καλεῦσι
1299 2240 1370 2293 μὲν
1400 2241 1479 2280 Αἰ-

813 2296 973 2355 γύπτιοι
994 2297 1098 2349 κίκι]
1137 2300 1277 2338 Similia
1301 2299 1474 2347 leguntur

814 2358 912 2408 apud
938 2357 1111 2393 Strabon.
1140 2357 1248 2394 XVII
1275 2370 1312 2406 p.
1332 2355 1413 2397 824
1442 2368 1472 2391 s.

818 2417 936 2455 1179.
972 2413 1127 2451 Diodor.
1150 2413 1260 2450 Sicul.
1284 2412 1299 2448 l
1326 2426 1383 2463 cp.
1402 2410 1473 2458 34,

813 2470 1038 2519 Hesychium
1076 2483 1103 2507 s.
1134 2483 1168 2507 v.
1213 2470 1324 2516 κίκι,
1365 2468 1472 2514 alios,

816 2540 908 2577 quos
937 2527 1045 2564 affert
1072 2527 1254 2564 Iablonsk.
1283 2538 1380 2562 voce.
1399 2523 1477 2561 Ae-

816 2588 932 2633 gyptt.
958 2597 994 2633 p.
1021 2585 1099 2624 110
1125 2596 1201 2632 seq.
1249 2583 1482 2631 Praecipuus,

815 2640 923 2677 Plinii
952 2639 1052 2676 locus
1082 2639 1175 2676 hanc
1200 2639 1236 2675 in
1255 2652 1351 2686 rem,
1386 2638 1471 2673 hist.

816 2701 890 2733 nat.
914 2696 996 2743 XV,
1030 2699 1078 2743 7,
1106 2697 1204 2733 unde
1233 2696 1377 2745 potiora
1402 2694 1471 2730 huc

812 2753 1086 2790 transscribam:
1117 2781 1143 2800 „
1154 2752 1361 2789 Proximum
1374 2749 1474 2797 (ole-

814 2822 874 2847 um
895 2810 988 2858 scil.)
1006 2810 1047 2846 fit
1069 2822 1089 2847 e
1107 2809 1170 2846 cici
1196 2809 1326 2845 arbore
1348 2808 1384 2843 in
1398 2805 1473 2843 Ae-

816 2871 934 2916 gypto
966 2865 1129 2917 copiosa:
1177 2864 1237 2901 alii
1270 2867 1472 2908 crotonem,

817 2923 878 2960 alii
893 2923 1023 2972 trinu,
1051 2921 1111 2960 alii
1141 2933 1322 2959 sesamum
1342 2917 1476 2970 appel-

1471 1087 1537 1114 0ῐεί
1564 1087 1653 1114 cicini
1677 1095 1751 1116 usus

1471 1121 1509 1147 ad
1535 1125 1691 1149 uncturam
1718 1125 1751 1150 et

1473 1154 1512 1182 ad
1532 1154 1682 1184 lucernas.
