1759 3324
525 251 1048 304 EUTERPEJL

1325 255 1410 295 493

117 366 397 421 Ξπυραμίδας
424 366 766 418 κατατμηθεῖσαι
794 359 872 411 τάς
900 359 947 404 ἓν
968 358 1139 415 Μέμφι.
1173 359 1310 418 ταύτῃ
1329 361 1409 416 μὲν

144 449 299 500 λῆγον,
337 440 606 496 ἀνακάμπτει
643 439 686 492 ἐς
714 439 766 484 τά
792 441 980 496 εἴρηται,
1021 440 1070 483 τὸ
1101 436 1215 495 ὅρος.
1273 444 1326 497 τῇ
1357 439 1403 483 δὲ

146 521 251 567 αὐτὸ
282 521 450 564 ἑωυτοῦ
488 520 575 563 ἐστὶ
614 521 909 575 μακρότατον,
960 517 1019 569 ὠς
1048 518 1130 574 ἐγώ
1160 516 1466 562 ἐπυνθανό-Ξο

142 617 226 657 μην
271 598 352 643 δύο
400 602 552 654 μηνῶν
594 597 701 643 αὐτὸ
750 597 862 642 εἶναι
898 601 973 655 τῆς
1012 595 1121 641 ὁδοῦ
1170 596 1257 641 άπὸ
1297 595 1409 654 ἠοῦς

140 677 252 733 πρός
282 678 487 733 ἑσπέρην·
541 676 594 720 τά
626 678 671 722 δὲ
699 677 809 733 πρὸς
837 677 916 734 τήν
944 676 1031 733 η’ὤ,
1070 676 1410 733 λιβανωτοφόρα

142 756 280 802 αὐτοῦ
318 756 372 801 τά
411 755 596 812 τέρματα
634 755 757 801 εἶναι.

112 844 135 878 3
145 840 322 881 τοιοῦτο
352 835 451 880 ἐστί.

141 913 247 970 ὅρος
288 914 392 958 ἄλλο
430 914 636 970 πέτρινον
680 917 828 968 τείνει,
886 915 935 959 ἐν
975 918 1037 972 τῷ
1084 917 1130 958 αἱ
1167 917 1407 972 πυραμίδες
1467 923 1547 962 107

815 761 946 800 τοῦτο
975 756 1055 812 μέν
1103 772 1188 800 νυν
1222 757 1269 800 τὸ
1307 754 1409 812 ὅρος

514 835 573 880 Τὸ
615 837 661 880 δὲ
700 836 809 892 πρὸς
846 837 1017 893 Λιβύης
1053 839 1128 892 τῆς
1164 835 1408 892 Αἰγύπτου,

141 994 296 1049 ἔνεισι,
334 993 497 1054 ψάμμῳ
527 994 864 1052 κατειλυμένον,
904 994 1140 1050 τεταμένον
1167 994 1245 1038 τὸν
1275 993 1464 1039 αὐτόν25

83 1215 249 1263 tertiam,
286 1215 380 1252 binis
407 1214 557 1265 reliquis
589 1213 745 1252 mediam

83 1271 187 1321 quasi
195 1272 443 1322 interpositam
451 1284 658 1317 arenaceos‚
667 1283 746 1307 ma-

85 1327 141 1376 gis
161 1332 266 1378 aptos
283 1327 360 1365 illos
373 1329 519 1377 quidem
539 1329 587 1365 ad
601 1327 745 1365 aedium

84 1383 197 1421 moles
217 1385 463 1422 exstruendas.

139 1435 261 1493 ταύτῃ
273 1437 343 1490 μὲν
353 1442 487 1491 λῆγον,
500 1434 745 1489 ἄνακάμπτει

84 1494 125 1542 ἐς
142 1493 189 1534 τά
202 1496 364 1547 εἴρηται,
377 1493 544 1548 τὸὅρος]
564 1495 746 1546 Explicuit

83 1551 172 1590 haec
194 1552 417 1602 Schweigh.:
455 1553 534 1591 Hoc
557 1554 644 1589 enim
673 1551 747 1588 loco

85 1607 165 1655 (ubi
194 1608 265 1646 scil.
295 1614 378 1647 sunt
395 1609 634 1660 lapicidinae)
655 1608 747 1645 desi-

83 1677 166 1701 nens
195 1677 289 1701 mons
317 1666 368 1714 (i.
385 1679 416 1703 e.
448 1678 522 1702 non
553 1665 703 1715 amplius
725 1677 747 1701 a

85 1721 332 1771 septentrione
359 1722 407 1758 ad
435 1721 622 1759 meridiem
649 1724 748 1758 recta

85 1778 264 1825 surgens)
289 1779 452 1828 flectitur
479 1780 516 1814 z‘n
545 1789 621 1814 eam
643 1789 746 1827 quam

15 1833 18 1872 ξ
85 1833 165 1870 dixi
186 1837 325 1881 partem
352 1835 403 1882 (i.
422 1848 452 1872 e.
473 1846 572 1871 mare
599 1834 745 1870 rubrum

16 1886 19 1923 ξ
83 1890 239 1937 versus).
268 1891 325 1927 Ita
340 1891 450 1929 verba
471 1889 509 1936 ἐς
525 1886 573 1928 τά
596 1889 746 1941 εἴρηται

85 1947 134 1983 ad
153 1958 197 1983 ea
214 1951 391 1996 spectant,
421 1959 514 1995 quae
532 1945 643 1996 paulo
661 1950 745 1983 ante

83 2001 269 2051 leguntur:
295 2002 372 2042 αἰεὶ
385 1999 468 2041 ἅνω
479 2006 610 2042 τεῖνον
621 2001 660 2048 ἐς
671 1998 745 2052 τὴν

82 2052 282 2110 Ἐρυθρὴν
315 2057 558 2110 καλεομένην
594 2053 745 2097 θάλασ-

86 2125 171 2153 σαν.
201 2114 403 2153 Larcherus
424 2116 534 2154 refert
556 2116 604 2152 ad
614 2115 743 2153 verba:

84 2164 163 2210 άπὸ
180 2167 222 2209 δὲ
239 2167 509 2218 Ἡλιουπόλιος
527 2168 609 2210 ἅνω
630 2167 743 2219 ἐόντι,

84 2238 126 2263 ac
155 2227 184 2263 si
209 2227 419 2265 Herodotus
448 2228 666 2279 scripsisset:
706 2226 745 2274 ἔς

82 2279 130 2321 τὰ
161 2279 243 2322 ἅνω
270 2280 571 2332 Ήλιουπόλιος,
619 2288 746 2322 contra

83 2343 244 2389 apertam
267 2344 307 2377 ut
326 2341 413 2378 mihi
432 2342 578 2391 quidem
603 2341 745 2378 videtur

83 2393 262 2432 Herodoti
282 2398 508 2445 sententiam,
520 2398 580 2447 qui
592 2398 627 2434 in
640 2410 742 2446 seqq.

84 2455 219 2498 monet,
248 2458 407 2492 montem
429 2454 528 2491 illum
549 2454 744 2492 secundum

85 2518 184 2544 mare
208 2509 344 2558 porrigi
366 2523 482 2560 usque
503 2511 552 2548 ad
576 2510 743 2560 regiones

27 2609 29 2613 ι
84 2561 282 2601 thuriferas.
324 2566 464 2609 Quibus
489 2567 608 2604 verbis
626 2566 747 2604 notio-

85 2629 168 2654 nem
187 2621 368 2666 quandam
387 2621 545 2660 Arabiae
557 2652 568 2670 ‚
598 2622 744 2673 qualem

27 2679 29 2688 “
84 2672 221 2710 Noster
252 2676 317 2712 sibi
343 2682 465 2716 mente
486 2679 743 2727 informaverit,

85 2729 258 2766 contineri
278 2736 380 2770 notat
399 2733 574 2772 Niebuhr.
587 2736 623 2772 in
641 2734 740 2773 Diss.

86 2783 182 2820 laud.
201 2785 247 2822 de
255 2785 430 2827 Herodot.
443 2791 580 2840 Geogr.
598 2805 635 2842 p.
647 2793 742 2832 220.

85 2838 167 2876 Nec
185 2853 269 2878 vero
283 2842 458 2883 Arabicae
486 2850 604 2884 terrae
624 2847 744 2895 longi-

84 2895 245 2933 tudinem
270 2901 466 2939 accuratius
487 2902 572 2940 hinc
590 2903 743 2942 definire

799 1212 932 1261 licebit,
960 1213 1173 1264 praesertim
1190 1225 1268 1250 cum
1280 1212 1388 1251 hasce
1405 1226 1465 1252 re-

801 1271 929 1319 giones
949 1270 1160 1307 Herodotus
1179 1283 1253 1306 non
1272 1270 1351 1320 ipse
1370 1271 1465 1307 vise-

800 1327 868 1374 rit,
900 1327 964 1364 sed
983 1339 1077 1375 quae
1094 1327 1205 1363 fando
1226 1326 1401 1372 audierat,
1419 1338 1464 1363 ea

800 1387 941 1420 tantum
979 1382 1150 1420 retulerit.
1208 1383 1316 1419 conf.
1347 1381 1463 1420 Dahl-

801 1452 923 1477 mann.
943 1438 1082 1477 Herod.
1101 1453 1137 1489 p.
1161 1440 1227 1479 71.
1246 1441 1313 1480 96.

857 1497 910 1550 τῇ
930 1492 972 1534 δὲ
999 1490 1094 1534 αὐτὸ
1114 1494 1265 1534 ἑωυτοῦ
1290 1492 1372 1534 ἐστὶ
1393 1509 1466 1544 μα-

801 1547 1013 1603 κρότατον]
1045 1551 1103 1589 De
1123 1552 1302 1589 locutione
1319 1552 1413 1589 conf.
1433 1551 1464 1598 I,

804 1610 896 1650 193·
919 1610 1013 1650 203.
1053 1607 1182 1645 Verbis
1206 1610 1256 1662 τῇ
1276 1604 1338 1655 δὲ,
1369 1619 1465 1656 quae

803 1664 1101 1703 antecedentibus
1113 1660 1237 1717 ταύτῃ
1257 1661 1328 1715 μὲν
1346 1676 1466 1714 oppo-

802 1725 957 1767 nuntur,
988 1733 1031 1758 ea
1052 1721 1230 1758 indicatur
1250 1721 1374 1769 regio,
1403 1719 1466 1756 ubi

802 1790 906 1815 mons
925 1777 994 1815 iste
1014 1777 1190 1815 orientem
1206 1790 1332 1815 versus
1349 1775 1468 1813 tendit

801 1834 1019 1883 longiusque
1043 1834 1241 1884 porrigitur
1268 1832 1466 1870 secundum

801 1903 900 1928 mare
913 1890 1071 1926 rubrum.
1082 1912 1139 1917 —
1159 1885 1207 1928 τά
1227 1887 1269 1928 δὲ
1281 1886 1380 1942 πρός
1391 1884 1466 1940 τὴν

800 1942 865 1999 ηἀῗ
882 1947 905 1983 ἰ.
926 1959 957 1984 e.
977 1948 1138 1983 orientem
1156 1959 1286 1983 versus.

857 1999 900 2042 τὸ
927 1999 969 2041 δὲ
991 1999 1087 2054 πρὸς
1109 1998 1272 2053 Λιβύης
1300 2003 1372 2052 τῆς
1393 1999 1466 2040 Αἶ-

799 2054 975 2111 γύπτου]
1000 2060 1022 2096 i.
1035 2072 1065 2096 e.
1087 2059 1178 2109 quod
1196 2061 1324 2095 attinet
1333 2057 1381 2094 ad
1392 2070 1468 2095 eam

798 2117 958 2165 Aegypti
969 2118 1126 2166 partem,
1158 2128 1244 2166 quae-
1262 2114 1469 2152 occidentem

801 2187 829 2210 s.
850 2171 1001 2222 Libyam
1021 2185 1141 2209 versus
1162 2175 1212 2209 est
1223 2173 1307 2209 sita.
1336 2171 1379 2208 In
1395 2184 1467 2221 quo

800 2228 897 2266 nulla
920 2241 1011 2280 opus
1030 2229 1297 2267 emendatione.

858 2282 951 2337 ὅρος
970 2281 1063 2324 ἄλλο
1088 2283 1274 2335 πέτρινον
1293 2299 1329 2323 κ.
1350 2298 1382 2323 τ.
1406 2281 1464 2334 λ.]

801 2342 859 2381 De
879 2345 990 2378 monte
1006 2341 1141 2393 Libyco
1159 2341 1365 2380 consulatur
1384 2341 1468 2378 Rit-

803 2403 869 2436 ter.
896 2397 1089 2436 Erdkund.
1115 2398 1132 2435 Ι
1159 2411 1245 2449 pag.
1269 2399 1352 2439 770
1386 2409 1464 2446 seq.

801 2454 898 2493 Nam
920 2454 980 2504 qui
1004 2467 1025 2492 a
1044 2454 1164 2504 Libya
1182 2453 1390 2504 Aegyptum
1409 2466 1468 2491 se-

803 2514 952 2548 cernunt
972 2515 1127 2558 montes,
1146 2511 1218 2548 iam
1235 2511 1329 2547 infra
1347 2509 1468 2547 Mem-

802 2567 891 2618 phin
909 2568 1058 2617 propius
1070 2569 1119 2605 ad
1138 2567 1262 2605 Nilum
1278 2567 1467 2613 accedunt,

802 2624 863 2660 ubi
892 2624 1099 2674 pyramides
1141 2627 1226 2660 sunt
1265 2626 1467 2661 exstructae

800 2692 920 2731 prope
949 2680 1067 2730 ipsum
1086 2683 1269 2727 montem,
1304 2679 1367 2729 qui
1395 2679 1466 2716 iam

801 2736 876 2774 Nili
900 2736 1097 2774 convallem
1123 2736 1170 2773 ab
1197 2736 1385 2773 occidente
1407 2747 1467 2771 ar-

800 2793 889 2829 ctius
911 2792 1118 2841 includens,
1145 2792 1330 2830 meridiem
1340 2804 1465 2829 versus

800 2848 929 2886 tendit.

852 2900 1008 2958 ψάμμῳ
1028 2900 1332 2955 κατειλυμένον]
1359 2900 1468 2940 Non-
