1759 3324
69 779 156 807 satio.

367 252 450 292 284
762 245 1237 288 HERODOTI

338 357 572 416 7έσῆμαινε
599 363 711 402 τοῖσι
740 357 1035 414 δορυφόροισι
1063 354 1302 412 λαμβάνειν
1332 351 1480 398 αὐτόν.
1510 352 1533 398 ὁ
1566 354 1625 403 δὲ,

369 437 579 494 ἀγόμενος
616 437 660 488 ἐς
694 436 770 488 τὰς
819 435 1035 492 ἀνάγκας,
1094 435 1209 480 οὕτω
1255 434 1306 490 δὴ
1357 433 1510 489 ἔφαινε
1551 431 1630 475 τὸν

337 517 495 563 ὃέόντα
523 516 667 573 λόγον.
726 513 966 572 ἀρχόμενος
995 515 1048 571 δὴ
1091 512 1161 557 ἀπ’
1191 512 1322 570 ἀρχῆς
1353 511 1535 568 διεξῄει,
1575 511 1630 569 τῇ

367 597 555 655 ἆληθηΐῃ
584 595 842 652 χρεώμενος·
884 595 956 638 καὶ
985 594 1209 649 κατέβαινε
1238 593 1280 644 ἐς
1313 591 1430 642 λιτάς
1460 607 1523 642 τε,
1554 589 1631 634 καὶ

210 679 310 724 117
367 675 632 734 συγγνώμην
662 673 809 730 ἑωυτῷ
837 671 1026 715 κελεύων
1054 673 1165 728 ἔχειν
1188 670 1336 715 αὐτόν.
1392 668 1629 725 Ἀστυάγης
1641 672 1687 710 55

68 744 313 780 flarpagiexcu-
372 757 441 806 δὲ,
482 757 565 798 τοῦ
606 752 684 807 μὲν
725 747 946 807 βουκόλου
981 750 1062 807 τὴν
1101 749 1318 807 ἄληθηῖην
1347 748 1630 806 ἐκφήναντος,

366 834 500 890 λόγον
525 831 608 887 ἤδη
649 832 724 873 καὶ
763 827 928 872 ἐλάσσω
971 830 1181 873 ἐποιέετο·
1236 827 1436 884 Ἁρπάγῳ
1476 827 1521 871 δὲ
1558 827 1631 870 καὶ

365 911 559 970 μεγάλως
588 908 886 967 μεμφόμενος,
924 908 1094 951 καλέειν
1123 905 1262 951 αὐτόν
1301 905 1405 957 τούς
1435 904 1630 962 δορυφό-

367 1007 476 1046 ρους
505 990 681 1034 ἐκέλευε.
741 986 799 1040 ὥς
825 988 871 1032 δέ
901 989 944 1030 οἱ
982 990 1126 1043 παρῆν
1155 984 1178 1029 ὁ
1197 984 1438 1039 Ἅρπαγος,
1491 983 1629 1038 εἴρετό

366 1087 442 1128 μιν
473 1069 495 1112 ὁ
530 1067 780 1125 Ἀστυάγης·
819 1067 1047 1123 ,ξἈρπαγε,
1076 1065 1158 1121 τέῳ
1189 1064 1242 1121 δὴ
1274 1062 1397 1121 μόρῳ
1425 1062 1505 1106 τόν
1533 1069 1628 1106 παῖ·
1643 1070 1688 1104 60

367 1183 392 1203 ,,
406 1152 461 1195 δα
495 1148 788 1204 κατεχρήσαο,
839 1145 915 1190 τόν
958 1162 1027 1189 τοι
1064 1145 1298 1198 παρέδωκα
1334 1143 1381 1187 ἐκ
1409 1141 1633 1200 θυγατρὸς

339 1237 361 1270 2
373 1263 396 1282 ‚,
410 1227 623 1285 γεγονότα
660 1230 736 1284 τῆς
773 1227 876 1282 ἐμῆς
887 1244 900 1277 3
913 1231 937 1249 ‘⁶

989 1223 1040 1268 ‘O
1070 1225 1115 1269 δὲ
1152 1223 1396 1280 Ἅρπαγος,
1448 1220 1506 1273 ὥς
1545 1219 1632 1265 εἶδε

366 1308 447 1353 τόν
475 1304 695 1365 βουκόλον
725 1306 853 1350 ἔνδον
880 1304 1028 1357 ἐόντα,
1061 1303 1115 1348 οὐ
1145 1303 1343 1358 τρέπεται
1371 1302 1441 1346 ἐπὶ
1467 1302 1632 1354 ψευδέα

369 1387 498 1440 ὁδόν,
548 1389 622 1431 ἴνα
662 1385 720 1443 μὴ
759 1384 1033 1440 ἐλεγχόμενος
1069 1381 1314 1438 ἁλίσκηται·
1370 1379 1481 1425 ἁλλοὶ
1517 1380 1631 1436 λέγει

370 1466 492 1511 τάδε·
539 1461 624 1518 „³521
654 1468 852 1523 βασιλεῦ,
883 1465 972 1508 έπεί
999 1479 1044 1508 τε
1073 1461 1326 1518 παρέλαβον
1353 1460 1403 1505 τὸ
1434 1461 1628 1515 παιδίον,

313 1668 352 1702 et
370 1664 428 1701 hic
460 1667 497 1702 et
523 1662 630 1713 paulo
667 1665 753 1712 post
774 1665 860 1700 sunt
893 1665 965 1698 tor-

312 1724 447 1767 menta,
476 1720 604 1769 quibus
630 1718 823 1756 bubulcum
842 1732 965 1756 verum

313 1779 435 1815 dicere
454 1777 646 1825 cogebant.
695 1774 841 1812 Monuit
857 1775 966 1812 Wes-

313 1833 442 1883 seling.
463 1837 538 1869 tum
557 1833 605 1870 ad
625 1833 660 1870 h.
675 1832 697 1869 l.
720 1837 795 1869 tum
815 1833 862 1869 ad
873 1831 966 1869 Dio-

311 1891 391 1928 dor.
410 1889 485 1937 111,
504 1891 568 1930 14.
585 1910 642 1918 —-
664 1885 734 1927 τὸν
763 1885 873 1928 ἐόντα
903 1884 966 1926 λό-

310 1961 384 1999 γον
405 1947 428 1984 i.
449 1959 480 1984 e.
499 1958 591 1993 rem,
621 1949 662 1982 ut
681 1949 775 1993 erat5
797 1959 825 1981 s.
835 1957 964 1981 verum.

314 2004 424 2040 Conf.
455 2014 564 2052 supra
604 2002 644 2049 Ι,
684 2001 758 2049 95,
799 2001 859 2038 ubi
893 2001 965 2036 vid.

311 2059 412 2097 Infra
437 2058 473 2105 Ι,
517 2060 613 2098 117:
654 2078 710 2085 —
736 2054 802 2096 τὸν
841 2053 966 2095 ἰθύν

315 2113 454 2163 ἔφαινε
472 2110 610 2164 λόγον,
632 2114 731 2161 quod
750 2114 798 2150 ad
817 2118 966 2151 senten-

313 2171 400 2208 tiam
421 2173 517 2208 certe
536 2182 610 2205 non
632 2169 763 2206 differt.

367 2225 436 2265 καὶ
463 2220 701 2277 συγγνώμην
736 2224 871 2279 ἑωυτῷ
895 2241 962 2264 κε-

313 2279 399 2322 λεύ
413 2297 477 2321 ων
508 2281 608 2331 ἔχειν
638 2277 785 2332 αὐτόν]
831 2283 961 2320 Imme-

313 2340 383 2377 rito
404 2339 554 2376 haerent
582 2339 647 2374 viri
674 2339 771 2375 docti
789 2339 826 2375 in
847 2340 960 2389 parti-

312 2397 408 2447 cipio
449 2391 644 2442 κελεύων,
682 2395 781 2443 quod
809 2400 961 2446 propter

311 2453 531 2490 antecedens
550 2450 776 2502 κατέβαινε,
805 2465 961 2501 quocum

313 2521 381 2560 per
407 2508 601 2558 particulas
629 2522 669 2546 τε
706 2506 774 2546 καὶ
809 2509 960 2546 coniun-

314 2569 412 2603 ctum
449 2569 526 2611 est,
570 2568 745 2602 mutatum
772 2565 963 2603 voluerunt

313 2622 351 2659 in
368 2616 519 2659 κελεύει
544 2635 573 2657 S.
595 2620 781 2660 ἐκέλευεν.
821 2622 963 2665 Quibus

314 2678 391 2715 iure
407 2689 481 2713 non
500 2678 691 2715 obsecutus
712 2682 768 2715 est
776 2677 964 2728 Schweig-

313 2734 533 2782 haeuserus‚
567 2734 784 2771 locutionem
823 2735 875 2772 ita
903 2747 966 2773 ex-

316 2790 478 2842 plicam,
509 2794 549 2827 ut
575 2791 624 2827 ad
646 2786 834 2838 κελεύων,
865 2791 965 2841 quod

315 2848 354 2885 ‘m
366 2847 532 2883 omnibus
543 2846 641 2882 libris
657 2852 853 2897 comparet,
863 2860 966 2886 men-

316 2908 353 2942 te
373 2904 488 2955 repeti
507 2903 592 2941 velit
610 2901 837 2955 κατέβαινες
867 2904 966 2954 quod

1032 1661 1153 1712 ipsum
1189 1660 1339 1698 verbum
1379 1662 1587 1697 constanter
1617 1659 1689 1696 ista

1032 1718 1182 1755 notione
1215 1729 1296 1754 cum
1317 1716 1508 1766 participio
1523 1719 1689 1753 constru-

1034 1778 1133 1820 atur,
1162 1777 1203 1810 ut
1232 1772 1272 1820 I,
1302 1775 1368 1814 90.
1392 1774 1485 1814 118.
1514 1772 1592 1820 ΙΧ,
1620 1770 1686 1812 94.

1033 1830 1183 1868 Rectius
1208 1833 1332 1866 tamen
1350 1827 1528 1866 Matthiae
1555 1829 1593 1864 in
1620 1828 1686 1865 Gr.

1035 1887 1167 1923 Graec.
1205 1883 1242 1936 ᾗ.
1267 1887 1347 1926 631
1364 1913 1375 1931 ,
1405 1886 1434 1925 4
1470 1897 1556 1934 pag.
1579 1885 1687 1925 1300

1033 1942 1068 1980 h.
1099 1941 1123 1978 l.
1159 1942 1206 1978 ad
1237 1954 1300 1979 eos
1326 1940 1494 1978 retulisse
1533 1940 1687 1987 videtur,

1033 1999 1070 2034 in
1080 1998 1210 2047 quibus
1229 1998 1386 2034 subitum
1405 1997 1578 2033 orationis
1587 2001 1686 2033 tran-

1033 2055 1143 2090 situm
1172 2067 1192 2091 e
1219 2055 1328 2091 verbo
1358 2053 1460 2090 finito
1480 2054 1518 2090 in
1539 2053 1687 2103 partici-

1033 2111 1133 2162 pium
1173 2113 1210 2147 et
1245 2111 1321 2147 vice
1361 2121 1468 2147 versa
1504 2113 1701 2158 notamus,-

1031 2166 1247 2218 praesertim
1271 2178 1352 2203 cum
1387 2166 1457 2202 hoc
1486 2169 1687 2203 structurae

1031 2237 1148 2273 genus
1188 2222 1328 2261 Nostro
1369 2222 1467 2259 haud
1495 2223 1543 2260 sit
1574 2222 1686 2259 infre-

1029 2293 1176 2330 quens„

1209 2393 1241 2431 C
1253 2406 1320 2444 ap.
1351 2391 1503 2430 CXVII.

1084 2503 1202 2558 λόγον
1220 2503 1301 2557 ἤδη
1321 2503 1388 2544 καὶ
1406 2499 1559 2544 ἐλάσσω
1579 2501 1685 2542 ἔποι-

1028 2561 1138 2614 έετο]
1168 2563 1244 2600 scil.
1264 2564 1337 2601 τοῦ
1353 2555 1567 2612 βουκόλου,
1592 2562 1685 2608 „mi-

1030 2632 1144 2656 norem
1162 2621 1236 2657 eius
1255 2621 1423 2656 rationem
1445 2617 1590 2664 habuit,
1618 2618 1685 2653 mi-

1031 2689 1145 2713 norem
1164 2678 1197 2712 ei
1223 2675 1363 2726 culpam
1388 2674 1550 2711 tribuz’tf‘
1569 2694 1626 2701 -—
1641 2671 1685 2709 In

1032 2745 1136 2781 seqq.
1155 2732 1203 2769 ad
1223 2744 1349 2770 vocem
1372 2724 1616 2782 κατεχρήσαο
1638 2729 1683 2765 cf.

1031 2801 1127 2838 quae
1146 2788 1195 2825 ad
1212 2788 1251 2836 Ι,
1272 2790 1327 2829 82
1337 2788 1398 2825 fin.
1419 2788 1467 2824 de
1485 2786 1591 2823 huius
1605 2797 1686 2822 ver-

1031 2845 1069 2882 bi
1090 2844 1356 2893 significatione
1369 2844 1507 2881 monita
1523 2845 1685 2879 sunt.—

1032 2900 1105 2939 Pro
1125 2896 1232 2955 μόρῳ
1253 2900 1385 2938 Aldina
1403 2899 1499 2938 male
1513 2893 1657 2952 τρόπῳ.
