<?xml version="1.0" encoding="UTF-8"?>
<!DOCTYPE html PUBLIC "-//W3C//DTD XHTML 1.0 Transitional//EN"
    "http://www.w3.org/TR/xhtml1/DTD/xhtml1-transitional.dtd">
<html xmlns="http://www.w3.org/1999/xhtml" xml:lang="en" lang="en">
 <head>
  <title>
</title>
<meta http-equiv="Content-Type" content="text/html;charset=utf-8" />
  <meta name='ocr-system' content='tesseract 3.04.00' />
  <meta name='ocr-capabilities' content='ocr_page ocr_carea ocr_par ocr_line ocrx_word'/>
</head>
<body>
  <div class='ocr_page' id='page_1' title='image "./musaeher01hero/musaeher01hero_0265.png"; bbox 0 0 1768 3315; ppageno 0'>
   <div class='ocr_carea' id='block_1_1' title="bbox 617 230 918 271">
    <p class='ocr_par' dir='ltr' id='par_1_1' title="bbox 617 230 918 271">
     <span class='ocr_line' id='line_1_1' title="bbox 617 230 918 271; baseline -0.01 0"><span class='ocrx_word' id='word_1_1' title='bbox 617 230 918 271; x_wconf 86' lang='lat' dir='ltr'><strong>cL10.1.</strong></span> 
     </span>
    </p>
   </div>
   <div class='ocr_carea' id='block_1_2' title="bbox 108 338 1208 396">
    <p class='ocr_par' dir='ltr' id='par_1_2' title="bbox 108 338 1208 396">
     <span class='ocr_line' id='line_1_2' title="bbox 108 338 1208 396; baseline -0.005 -7"><span class='ocrx_word' id='word_1_2' title='bbox 108 347 168 392; x_wconf 74' lang='grc'><strong>28</strong></span> <span class='ocrx_word' id='word_1_3' title='bbox 195 349 354 392; x_wconf 85' lang='grc' dir='ltr'><strong><em>τοῦτον</em></strong></span> <span class='ocrx_word' id='word_1_4' title='bbox 389 342 663 388; x_wconf 81' lang='grc' dir='ltr'><strong><em>καταινέουσι</em></strong></span> <span class='ocrx_word' id='word_1_5' title='bbox 701 339 884 396; x_wconf 79' lang='grc' dir='ltr'><strong><em>βασιλέα</em></strong></span> <span class='ocrx_word' id='word_1_6' title='bbox 921 341 1047 396; x_wconf 84' lang='grc' dir='ltr'><strong><em>σφίσι</em></strong></span> <span class='ocrx_word' id='word_1_7' title='bbox 1083 338 1208 385; x_wconf 81' lang='grc' dir='ltr'><strong><em>εἶναι.</em></strong></span> 
     </span>
    </p>
   </div>
   <div class='ocr_carea' id='block_1_3' title="bbox 1276 231 1398 385">
    <p class='ocr_par' dir='ltr' id='par_1_3' title="bbox 1276 231 1398 385">
     <span class='ocr_line' id='line_1_3' title="bbox 1317 231 1398 274; baseline 0.049 -3"><span class='ocrx_word' id='word_1_8' title='bbox 1317 231 1398 274; x_wconf 84' lang='lat'><strong>251</strong></span> 
     </span>
     <span class='ocr_line' id='line_1_4' title="bbox 1276 340 1397 385; baseline 0.008 -29"><span class='ocrx_word' id='word_1_9' title='bbox 1276 341 1328 385; x_wconf 71' lang='lat'><strong>‘0</strong></span> <span class='ocrx_word' id='word_1_10' title='bbox 1357 340 1397 385; x_wconf 72' lang='grc' dir='ltr'><strong>δ»</strong></span> 
     </span>
    </p>
   </div>
   <div class='ocr_carea' id='block_1_4' title="bbox 135 419 1400 479">
    <p class='ocr_par' dir='ltr' id='par_1_4' title="bbox 135 419 1400 479">
     <span class='ocr_line' id='line_1_5' title="bbox 135 419 1400 479; baseline -0.006 -7"><span class='ocrx_word' id='word_1_11' title='bbox 135 426 300 472; x_wconf 84' lang='grc' dir='ltr'><strong><em>ἐκέλευε</em></strong></span> <span class='ocrx_word' id='word_1_12' title='bbox 328 422 489 473; x_wconf 80' lang='grc' dir='ltr'><strong><em>αὐτούς</em></strong></span> <span class='ocrx_word' id='word_1_13' title='bbox 519 422 635 464; x_wconf 85' lang='grc' dir='ltr'><strong><em>οἰκία</em></strong></span> <span class='ocrx_word' id='word_1_14' title='bbox 663 436 708 464; x_wconf 86' lang='grc' dir='ltr'><strong>τε</strong></span> <span class='ocrx_word' id='word_1_15' title='bbox 739 419 887 479; x_wconf 75' lang='grc' dir='ltr'><strong><em>ἑωυτῷ</em></strong></span> <span class='ocrx_word' id='word_1_16' title='bbox 926 419 1025 473; x_wconf 75' lang='grc' dir='ltr'><strong><em>ἄξια</em></strong></span> <span class='ocrx_word' id='word_1_17' title='bbox 1057 423 1133 477; x_wconf 81' lang='grc' dir='ltr'><strong>τῆς</strong></span> <span class='ocrx_word' id='word_1_18' title='bbox 1170 423 1400 478; x_wconf 75' lang='grc' dir='ltr'><strong><em>βασιληίης</em></strong></span> 
     </span>
    </p>
   </div>
   <div class='ocr_carea' id='block_1_5' title="bbox 136 498 1398 559">
    <p class='ocr_par' dir='ltr' id='par_1_5' title="bbox 136 498 1398 559">
     <span class='ocr_line' id='line_1_6' title="bbox 136 498 1398 559; baseline -0.006 -8"><span class='ocrx_word' id='word_1_19' title='bbox 136 506 441 559; x_wconf 87' lang='grc' dir='ltr'><strong><em>οἰκοδομῆσαι,</em></strong></span> <span class='ocrx_word' id='word_1_20' title='bbox 504 501 579 544; x_wconf 85' lang='grc' dir='ltr'><strong>καὶ</strong></span> <span class='ocrx_word' id='word_1_21' title='bbox 636 503 849 554; x_wconf 81' lang='grc' dir='ltr'><strong><em>κρατῦναι</em></strong></span> <span class='ocrx_word' id='word_1_22' title='bbox 905 498 1040 544; x_wconf 82' lang='grc' dir='ltr'><strong><em>αὐτὸν</em></strong></span> <span class='ocrx_word' id='word_1_23' title='bbox 1091 499 1398 556; x_wconf 80' lang='grc' dir='ltr'><strong><em>δορυφόροισι.</em></strong></span> 
     </span>
    </p>
   </div>
   <div class='ocr_carea' id='block_1_6' title="bbox 107 581 842 638">
    <p class='ocr_par' dir='ltr' id='par_1_6' title="bbox 107 581 842 638">
     <span class='ocr_line' id='line_1_7' title="bbox 107 581 842 638; baseline -0.005 -12"><span class='ocrx_word' id='word_1_24' title='bbox 107 588 307 629; x_wconf 84' lang='grc' dir='ltr'><strong><em>3ποιεῦσι</em></strong></span> <span class='ocrx_word' id='word_1_25' title='bbox 336 582 390 638; x_wconf 88' lang='grc' dir='ltr'><strong>δὴ</strong></span> <span class='ocrx_word' id='word_1_26' title='bbox 426 584 563 624; x_wconf 86' lang='grc' dir='ltr'><strong><em>ταῦτα</em></strong></span> <span class='ocrx_word' id='word_1_27' title='bbox 602 581 647 624; x_wconf 83' lang='grc' dir='ltr'><strong><em>οἱ</em></strong></span> <span class='ocrx_word' id='word_1_28' title='bbox 675 582 842 635; x_wconf 84' lang='grc' dir='ltr'><strong><em>Μῆδοι.</em></strong></span> 
     </span>
    </p>
   </div>
   <div class='ocr_carea' id='block_1_7' title="bbox 903 579 1397 635">
    <p class='ocr_par' dir='ltr' id='par_1_7' title="bbox 903 579 1397 635">
     <span class='ocr_line' id='line_1_8' title="bbox 903 579 1397 635; baseline -0.002 -12"><span class='ocrx_word' id='word_1_29' title='bbox 903 579 1212 635; x_wconf 81' lang='grc' dir='ltr'><strong><em>οἰκοδομέουσί</em></strong></span> <span class='ocrx_word' id='word_1_30' title='bbox 1241 595 1286 623; x_wconf 91' lang='grc' dir='ltr'><strong>τε</strong></span> <span class='ocrx_word' id='word_1_31' title='bbox 1314 579 1397 635; x_wconf 77' lang='grc' dir='ltr'><strong>γὰρ</strong></span> 
     </span>
    </p>
   </div>
   <div class='ocr_carea' id='block_1_8' title="bbox 135 658 1456 722">
    <p class='ocr_par' dir='ltr' id='par_1_8' title="bbox 135 658 1456 722">
     <span class='ocr_line' id='line_1_9' title="bbox 135 658 1456 722; baseline -0.004 -16"><span class='ocrx_word' id='word_1_32' title='bbox 135 661 254 722; x_wconf 78' lang='grc' dir='ltr'><strong><em>αὐτῷ</em></strong></span> <span class='ocrx_word' id='word_1_33' title='bbox 278 662 395 705; x_wconf 84' lang='grc' dir='ltr'><strong><em>οἰκία</em></strong></span> <span class='ocrx_word' id='word_1_34' title='bbox 421 659 587 717; x_wconf 80' lang='grc' dir='ltr'><strong><em>μεγάλα</em></strong></span> <span class='ocrx_word' id='word_1_35' title='bbox 615 675 659 703; x_wconf 91' lang='grc' dir='ltr'><strong>τε</strong></span> <span class='ocrx_word' id='word_1_36' title='bbox 689 659 763 703; x_wconf 88' lang='grc' dir='ltr'><strong>καὶ</strong></span> <span class='ocrx_word' id='word_1_37' title='bbox 797 658 979 715; x_wconf 78' lang='grc' dir='ltr'><strong><em>ἰσχυροὶ,</em></strong></span> <span class='ocrx_word' id='word_1_38' title='bbox 1012 660 1085 702; x_wconf 80' lang='grc' dir='ltr'><strong>ἵνα</strong></span> <span class='ocrx_word' id='word_1_39' title='bbox 1115 658 1247 710; x_wconf 80' lang='grc' dir='ltr'><strong><em>αὐτὸς</em></strong></span> <span class='ocrx_word' id='word_1_40' title='bbox 1269 659 1399 715; x_wconf 77' lang='grc' dir='ltr'><strong><em>ἔφρα-</em></strong></span> <span class='ocrx_word' id='word_1_41' title='bbox 1410 662 1456 699; x_wconf 83' lang='lat'><strong>45</strong></span> 
     </span>
    </p>
   </div>
   <div class='ocr_carea' id='block_1_9' title="bbox 106 738 1400 875">
    <p class='ocr_par' dir='ltr' id='par_1_9' title="bbox 106 738 1400 875">
     <span class='ocr_line' id='line_1_10' title="bbox 134 738 1400 797; baseline -0.004 -11"><span class='ocrx_word' id='word_1_42' title='bbox 134 753 182 786; x_wconf 86' lang='grc' dir='ltr'><strong><em>σε</em></strong></span> <span class='ocrx_word' id='word_1_43' title='bbox 209 745 285 797; x_wconf 85' lang='grc' dir='ltr'><strong>τῆς</strong></span> <span class='ocrx_word' id='word_1_44' title='bbox 313 740 476 797; x_wconf 83' lang='grc' dir='ltr'><strong><em>χώρης·</em></strong></span> <span class='ocrx_word' id='word_1_45' title='bbox 520 740 595 784; x_wconf 85' lang='grc' dir='ltr'><strong>καὶ</strong></span> <span class='ocrx_word' id='word_1_46' title='bbox 634 738 921 795; x_wconf 81' lang='grc' dir='ltr'><strong><em>δορυφόρους</em></strong></span> <span class='ocrx_word' id='word_1_47' title='bbox 960 738 1082 796; x_wconf 76' lang='grc' dir='ltr'><strong><em>αὐτῷ</em></strong></span> <span class='ocrx_word' id='word_1_48' title='bbox 1120 738 1400 793; x_wconf 80' lang='grc' dir='ltr'><strong><em>ἐπιτρέπουσι</em></strong></span> 
     </span>
     <span class='ocr_line' id='line_1_11' title="bbox 106 814 1396 875; baseline -0.001 -12"><span class='ocrx_word' id='word_1_49' title='bbox 106 821 188 865; x_wconf 82' lang='grc' dir='ltr'><strong><em>4έκ</em></strong></span> <span class='ocrx_word' id='word_1_50' title='bbox 213 818 391 864; x_wconf 78' lang='grc' dir='ltr'><strong><em>πάντων</em></strong></span> <span class='ocrx_word' id='word_1_51' title='bbox 420 819 592 875; x_wconf 81' lang='grc' dir='ltr'><strong><em>Μήδων</em></strong></span> <span class='ocrx_word' id='word_1_52' title='bbox 629 820 958 872; x_wconf 80' lang='grc' dir='ltr'><strong><em>καταλέξασθαι.</em></strong></span> <span class='ocrx_word' id='word_1_53' title='bbox 1015 817 1064 861; x_wconf 89' lang='grc' dir='ltr'>Ὅ</span> <span class='ocrx_word' id='word_1_54' title='bbox 1094 819 1164 871; x_wconf 81' lang='grc' dir='ltr'><strong>δὲ,</strong></span> <span class='ocrx_word' id='word_1_55' title='bbox 1206 814 1267 869; x_wconf 69' lang='grc' dir='ltr'><strong>ὥς</strong></span> <span class='ocrx_word' id='word_1_56' title='bbox 1302 818 1396 874; x_wconf 77' lang='grc' dir='ltr'><strong><em>ἔσχε</em></strong></span> 
     </span>
    </p>
   </div>
   <div class='ocr_carea' id='block_1_10' title="bbox 132 897 1395 957">
    <p class='ocr_par' dir='ltr' id='par_1_10' title="bbox 132 897 1395 957">
     <span class='ocr_line' id='line_1_12' title="bbox 132 897 1395 957; baseline -0.002 -13"><span class='ocrx_word' id='word_1_57' title='bbox 132 900 213 957; x_wconf 80' lang='grc' dir='ltr'><strong>τήν</strong></span> <span class='ocrx_word' id='word_1_58' title='bbox 243 898 400 956; x_wconf 81' lang='grc' dir='ltr'><strong><em>ἀρχὴν,</em></strong></span> <span class='ocrx_word' id='word_1_59' title='bbox 430 899 535 951; x_wconf 77' lang='grc' dir='ltr'><strong><em>τοὺς</em></strong></span> <span class='ocrx_word' id='word_1_60' title='bbox 560 898 748 956; x_wconf 81' lang='grc' dir='ltr'><strong><em>Μήδους</em></strong></span> <span class='ocrx_word' id='word_1_61' title='bbox 775 897 992 955; x_wconf 78' lang='grc' dir='ltr'><strong><em>ἠνάγκασε</em></strong></span> <span class='ocrx_word' id='word_1_62' title='bbox 1015 900 1066 943; x_wconf 75' lang='grc' dir='ltr'><strong>ἓν</strong></span> <span class='ocrx_word' id='word_1_63' title='bbox 1088 897 1281 954; x_wconf 87' lang='grc' dir='ltr'><strong><em>πόλισμα</em></strong></span> <span class='ocrx_word' id='word_1_64' title='bbox 1302 913 1395 941; x_wconf 90' lang='grc' dir='ltr'><strong><em>ποι-</em></strong></span> 
     </span>
    </p>
   </div>
   <div class='ocr_carea' id='block_1_11' title="bbox 132 972 1399 1036">
    <p class='ocr_par' dir='ltr' id='par_1_11' title="bbox 132 972 1399 1036">
     <span class='ocr_line' id='line_1_13' title="bbox 132 972 1399 1036; baseline -0.002 -13"><span class='ocrx_word' id='word_1_65' title='bbox 132 979 347 1035; x_wconf 80' lang='grc' dir='ltr'><strong><em>ήσασθαι,</em></strong></span> <span class='ocrx_word' id='word_1_66' title='bbox 377 979 451 1022; x_wconf 88' lang='grc' dir='ltr'><strong>καὶ</strong></span> <span class='ocrx_word' id='word_1_67' title='bbox 479 982 612 1022; x_wconf 84' lang='grc' dir='ltr'><strong><em>τοῦτο</em></strong></span> <span class='ocrx_word' id='word_1_68' title='bbox 644 978 1019 1033; x_wconf 82' lang='grc' dir='ltr'><strong><em>περιστέλλοντας,</em></strong></span> <span class='ocrx_word' id='word_1_69' title='bbox 1050 982 1137 1021; x_wconf 81' lang='grc' dir='ltr'><strong>τῶν</strong></span> <span class='ocrx_word' id='word_1_70' title='bbox 1160 979 1306 1022; x_wconf 79' lang='grc' dir='ltr'><strong><em>ἄλλων</em></strong></span> <span class='ocrx_word' id='word_1_71' title='bbox 1328 972 1399 1036; x_wconf 78' lang='grc' dir='ltr'><strong><em>ἦσ-</em></strong></span> 
     </span>
    </p>
   </div>
   <div class='ocr_carea' id='block_1_12' title="bbox 106 1057 541 1114">
    <p class='ocr_par' dir='ltr' id='par_1_12' title="bbox 106 1057 541 1114">
     <span class='ocr_line' id='line_1_14' title="bbox 106 1057 541 1114; baseline -0.005 -12"><span class='ocrx_word' id='word_1_72' title='bbox 106 1067 128 1102; x_wconf 84' lang='grc'><em>5</em></span> <span class='ocrx_word' id='word_1_73' title='bbox 138 1071 219 1104; x_wconf 88' lang='grc' dir='ltr'><strong>σον</strong></span> <span class='ocrx_word' id='word_1_74' title='bbox 256 1057 541 1114; x_wconf 81' lang='grc' dir='ltr'><strong><em>ἐπιμέλεσθαι.</em></strong></span> 
     </span>
    </p>
   </div>
   <div class='ocr_carea' id='block_1_13' title="bbox 608 1058 1399 1114">
    <p class='ocr_par' dir='ltr' id='par_1_13' title="bbox 608 1058 1399 1114">
     <span class='ocr_line' id='line_1_15' title="bbox 608 1058 1399 1114; baseline -0.001 -13"><span class='ocrx_word' id='word_1_75' title='bbox 608 1058 881 1114; x_wconf 80' lang='grc' dir='ltr'><strong><em>πειθομένων</em></strong></span> <span class='ocrx_word' id='word_1_76' title='bbox 930 1058 976 1101; x_wconf 80' lang='grc' dir='ltr'><strong>δὲ</strong></span> <span class='ocrx_word' id='word_1_77' title='bbox 1013 1058 1088 1101; x_wconf 87' lang='grc' dir='ltr'><strong>καὶ</strong></span> <span class='ocrx_word' id='word_1_78' title='bbox 1125 1062 1264 1102; x_wconf 86' lang='grc' dir='ltr'><strong><em>ταῦτα</em></strong></span> <span class='ocrx_word' id='word_1_79' title='bbox 1309 1061 1399 1101; x_wconf 75' lang='grc' dir='ltr'><strong>τῶν</strong></span> 
     </span>
    </p>
   </div>
   <div class='ocr_carea' id='block_1_14' title="bbox 135 1136 1457 1194">
    <p class='ocr_par' dir='ltr' id='par_1_14' title="bbox 135 1136 1457 1194">
     <span class='ocr_line' id='line_1_16' title="bbox 135 1136 1457 1194; baseline -0.003 -12"><span class='ocrx_word' id='word_1_80' title='bbox 135 1137 330 1194; x_wconf 77' lang='grc' dir='ltr'><strong><em>Μήδων,</em></strong></span> <span class='ocrx_word' id='word_1_81' title='bbox 370 1138 614 1193; x_wconf 80' lang='grc' dir='ltr'><strong><em>οἰκοδομέει</em></strong></span> <span class='ocrx_word' id='word_1_82' title='bbox 642 1140 778 1194; x_wconf 86' lang='grc' dir='ltr'><strong><em>τείχεα</em></strong></span> <span class='ocrx_word' id='word_1_83' title='bbox 818 1136 981 1194; x_wconf 76' lang='grc' dir='ltr'><strong><em>μεγάλα</em></strong></span> <span class='ocrx_word' id='word_1_84' title='bbox 1019 1153 1064 1181; x_wconf 89' lang='grc' dir='ltr'><strong>τε</strong></span> <span class='ocrx_word' id='word_1_85' title='bbox 1093 1137 1168 1180; x_wconf 86' lang='grc' dir='ltr'><strong>καὶ</strong></span> <span class='ocrx_word' id='word_1_86' title='bbox 1195 1136 1399 1193; x_wconf 73' lang='grc' dir='ltr'><strong><em>καρτεροὶ,</em></strong></span> <span class='ocrx_word' id='word_1_87' title='bbox 1412 1143 1457 1178; x_wconf 83' lang='grc'><strong>50</strong></span> 
     </span>
    </p>
   </div>
   <div class='ocr_carea' id='block_1_15' title="bbox 135 1215 1396 1273">
    <p class='ocr_par' dir='ltr' id='par_1_15' title="bbox 135 1215 1396 1273">
     <span class='ocr_line' id='line_1_17' title="bbox 135 1215 1396 1273; baseline -0.002 -12"><span class='ocrx_word' id='word_1_88' title='bbox 135 1221 271 1261; x_wconf 87' lang='grc' dir='ltr'><strong><em>ταῦτα</em></strong></span> <span class='ocrx_word' id='word_1_89' title='bbox 310 1216 362 1260; x_wconf 80' lang='grc' dir='ltr'><strong>τὰ</strong></span> <span class='ocrx_word' id='word_1_90' title='bbox 400 1220 485 1260; x_wconf 84' lang='grc' dir='ltr'><strong>νῦν</strong></span> <span class='ocrx_word' id='word_1_91' title='bbox 519 1215 762 1273; x_wconf 78' lang='grc' dir='ltr'><strong><em>Ἀγβάτανα</em></strong></span> <span class='ocrx_word' id='word_1_92' title='bbox 801 1216 1025 1272; x_wconf 81' lang='grc' dir='ltr'><strong><em>κέκληται,</em></strong></span> <span class='ocrx_word' id='word_1_93' title='bbox 1081 1216 1231 1272; x_wconf 79' lang='grc' dir='ltr'><strong><em>ἕτερον</em></strong></span> <span class='ocrx_word' id='word_1_94' title='bbox 1263 1215 1396 1271; x_wconf 77' lang='grc' dir='ltr'><strong><em>ἑτέρῳ</em></strong></span> 
     </span>
    </p>
   </div>
   <div class='ocr_carea' id='block_1_16' title="bbox 109 1296 557 1356">
    <p class='ocr_par' dir='ltr' id='par_1_16' title="bbox 109 1296 557 1356">
     <span class='ocr_line' id='line_1_18' title="bbox 109 1296 557 1356; baseline 0.007 -19"><span class='ocrx_word' id='word_1_95' title='bbox 109 1303 131 1336; x_wconf 88' lang='grc'>6</span> <span class='ocrx_word' id='word_1_96' title='bbox 140 1296 285 1356; x_wconf 80' lang='grc' dir='ltr'><strong><em>κύκλῳ</em></strong></span> <span class='ocrx_word' id='word_1_97' title='bbox 316 1297 557 1341; x_wconf 77' lang='grc' dir='ltr'><strong><em>ἐνεστεῶτα.</em></strong></span> 
     </span>
    </p>
   </div>
   <div class='ocr_carea' id='block_1_17' title="bbox 80 1479 745 2948">
    <p class='ocr_par' dir='ltr' id='par_1_17' title="bbox 80 1479 735 1756">
     <span class='ocr_line' id='line_1_19' title="bbox 137 1479 730 1534; baseline 0.003 -15"><span class='ocrx_word' id='word_1_98' title='bbox 137 1479 204 1520; x_wconf 85' lang='grc' dir='ltr'><strong><em>καὶ</em></strong></span> <span class='ocrx_word' id='word_1_99' title='bbox 237 1483 356 1521; x_wconf 82' lang='grc' dir='ltr'><strong><em>τοῦτο</em></strong></span> <span class='ocrx_word' id='word_1_100' title='bbox 389 1479 730 1534; x_wconf 85' lang='grc' dir='ltr'><strong><em>περιστέλλοντας]</em></strong></span> 
     </span>
     <span class='ocr_line' id='line_1_20' title="bbox 80 1537 734 1589; baseline 0 -13"><span class='ocrx_word' id='word_1_101' title='bbox 80 1539 103 1576; x_wconf 94' lang='lat' dir='ltr'><strong>i.</strong></span> <span class='ocrx_word' id='word_1_102' title='bbox 125 1552 158 1577; x_wconf 91' lang='lat' dir='ltr'><strong>e.</strong></span> <span class='ocrx_word' id='word_1_103' title='bbox 189 1537 249 1575; x_wconf 75' lang='lat' dir='ltr'><strong>hoc</strong></span> <span class='ocrx_word' id='word_1_104' title='bbox 278 1541 466 1589; x_wconf 80' lang='lat' dir='ltr'><em>praecipue</em></span> <span class='ocrx_word' id='word_1_105' title='bbox 498 1542 658 1576; x_wconf 81' lang='lat' dir='ltr'><em>curantes</em></span> <span class='ocrx_word' id='word_1_106' title='bbox 689 1552 734 1576; x_wconf 86' lang='lat' dir='ltr'><strong>ac</strong></span> 
     </span>
     <span class='ocr_line' id='line_1_21' title="bbox 80 1595 734 1642; baseline -0.002 -9"><span class='ocrx_word' id='word_1_107' title='bbox 80 1598 232 1642; x_wconf 80' lang='lat' dir='ltr'><strong>tuentes,</strong></span> <span class='ocrx_word' id='word_1_108' title='bbox 258 1595 296 1631; x_wconf 93' lang='lat' dir='ltr'><strong>in</strong></span> <span class='ocrx_word' id='word_1_109' title='bbox 327 1608 400 1632; x_wconf 87' lang='lat' dir='ltr'><strong>una</strong></span> <span class='ocrx_word' id='word_1_110' title='bbox 425 1596 515 1633; x_wconf 87' lang='lat' dir='ltr'><strong>urbe</strong></span> <span class='ocrx_word' id='word_1_111' title='bbox 542 1596 734 1633; x_wconf 70' lang='lat' dir='ltr'><strong>condenda</strong></span> 
     </span>
     <span class='ocr_line' id='line_1_22' title="bbox 80 1652 735 1703; baseline 0 -14"><span class='ocrx_word' id='word_1_112' title='bbox 80 1652 313 1703; x_wconf 87' lang='lat' dir='ltr'><strong>praecipuam</strong></span> <span class='ocrx_word' id='word_1_113' title='bbox 332 1664 434 1688; x_wconf 89' lang='lat' dir='ltr'><strong>suam</strong></span> <span class='ocrx_word' id='word_1_114' title='bbox 453 1665 573 1689; x_wconf 87' lang='lat' dir='ltr'><strong>curam</strong></span> <span class='ocrx_word' id='word_1_115' title='bbox 593 1665 735 1703; x_wconf 88' lang='lat' dir='ltr'><strong>ponen-</strong></span> 
     </span>
     <span class='ocr_line' id='line_1_23' title="bbox 82 1708 690 1756; baseline 0 -10"><span class='ocrx_word' id='word_1_116' title='bbox 82 1713 151 1746; x_wconf 88' lang='lat' dir='ltr'><strong>tes.</strong></span> <span class='ocrx_word' id='word_1_117' title='bbox 209 1708 317 1745; x_wconf 87' lang='lat' dir='ltr'><strong>Conf.</strong></span> <span class='ocrx_word' id='word_1_118' title='bbox 337 1708 389 1756; x_wconf 88' lang='lat'><strong>11,</strong></span> <span class='ocrx_word' id='word_1_119' title='bbox 414 1711 504 1749; x_wconf 86' lang='lat'><strong>147.</strong></span> <span class='ocrx_word' id='word_1_120' title='bbox 531 1709 604 1756; x_wconf 81' lang='grc' dir='ltr'>ΙΙΙ,</span> <span class='ocrx_word' id='word_1_121' title='bbox 623 1710 690 1750; x_wconf 85' lang='grc'><strong>31.</strong></span> 
     </span>
    </p>

    <p class='ocr_par' dir='ltr' id='par_1_18' title="bbox 80 1760 742 2770">
     <span class='ocr_line' id='line_1_24' title="bbox 137 1760 734 1818; baseline 0.003 -16"><span class='ocrx_word' id='word_1_122' title='bbox 137 1766 262 1803; x_wconf 84' lang='grc' dir='ltr'><strong><em>ταῦτα</em></strong></span> <span class='ocrx_word' id='word_1_123' title='bbox 297 1761 345 1802; x_wconf 69' lang='lat' dir='ltr'><strong>toi</strong></span> <span class='ocrx_word' id='word_1_124' title='bbox 390 1767 469 1804; x_wconf 82' lang='grc' dir='ltr'><strong>νῦν</strong></span> <span class='ocrx_word' id='word_1_125' title='bbox 516 1760 734 1818; x_wconf 73' lang='grc' dir='ltr'><strong><em>Ἀγβάτανα</em></strong></span> 
     </span>
     <span class='ocr_line' id='line_1_25' title="bbox 80 1817 735 1876; baseline 0.002 -16"><span class='ocrx_word' id='word_1_126' title='bbox 80 1818 284 1871; x_wconf 82' lang='grc' dir='ltr'><strong><em>κέκληται,</em></strong></span> <span class='ocrx_word' id='word_1_127' title='bbox 310 1819 443 1872; x_wconf 75' lang='grc' dir='ltr'><strong><em>ἕτερον</em></strong></span> <span class='ocrx_word' id='word_1_128' title='bbox 466 1819 584 1876; x_wconf 76' lang='grc' dir='ltr'><strong><em>ἑτέρῳ</em></strong></span> <span class='ocrx_word' id='word_1_129' title='bbox 600 1817 735 1875; x_wconf 77' lang='grc' dir='ltr'><strong><em>κύκλῳ</em></strong></span> 
     </span>
     <span class='ocr_line' id='line_1_26' title="bbox 82 1873 736 1930; baseline -0.006 -12"><span class='ocrx_word' id='word_1_130' title='bbox 82 1876 317 1923; x_wconf 81' lang='grc' dir='ltr'><strong><em>ἐνεστεῶτα]</em></strong></span> <span class='ocrx_word' id='word_1_131' title='bbox 356 1873 576 1930; x_wconf 76' lang='grc' dir='ltr'><strong><em>Ἀγβάτανα</em></strong></span> <span class='ocrx_word' id='word_1_132' title='bbox 596 1892 617 1917; x_wconf 89' lang='lat' dir='ltr'><strong>e</strong></span> <span class='ocrx_word' id='word_1_133' title='bbox 642 1879 736 1915; x_wconf 86' lang='lat' dir='ltr'><strong>binis</strong></span> 
     </span>
     <span class='ocr_line' id='line_1_27' title="bbox 81 1933 737 1984; baseline 0.002 -14"><span class='ocrx_word' id='word_1_134' title='bbox 81 1934 200 1982; x_wconf 83' lang='lat' dir='ltr'><strong>libris,</strong></span> <span class='ocrx_word' id='word_1_135' title='bbox 231 1933 398 1972; x_wconf 89' lang='lat' dir='ltr'><strong>Mediceo</strong></span> <span class='ocrx_word' id='word_1_136' title='bbox 420 1934 564 1984; x_wconf 88' lang='lat' dir='ltr'><strong>alioque</strong></span> <span class='ocrx_word' id='word_1_137' title='bbox 592 1935 737 1973; x_wconf 89' lang='lat' dir='ltr'><strong>restitu-</strong></span> 
     </span>
     <span class='ocr_line' id='line_1_28' title="bbox 81 1990 734 2039; baseline 0 -11"><span class='ocrx_word' id='word_1_138' title='bbox 81 1995 178 2039; x_wconf 83' lang='lat' dir='ltr'><strong>tum,</strong></span> <span class='ocrx_word' id='word_1_139' title='bbox 207 1990 301 2039; x_wconf 86' lang='lat' dir='ltr'><strong>utI,</strong></span> <span class='ocrx_word' id='word_1_140' title='bbox 325 1994 417 2032; x_wconf 88' lang='lat'><strong>110.</strong></span> <span class='ocrx_word' id='word_1_141' title='bbox 440 1993 532 2033; x_wconf 85' lang='grc'>153.</span> <span class='ocrx_word' id='word_1_142' title='bbox 562 1991 635 2039; x_wconf 85' lang='grc' dir='ltr'><strong>ΙΙΙ,</strong></span> <span class='ocrx_word' id='word_1_143' title='bbox 667 1994 734 2033; x_wconf 83' lang='lat'><strong>62.</strong></span> 
     </span>
     <span class='ocr_line' id='line_1_29' title="bbox 82 2043 736 2100; baseline 0.005 -16"><span class='ocrx_word' id='word_1_144' title='bbox 82 2047 149 2089; x_wconf 83' lang='lat'><strong>64.</strong></span> <span class='ocrx_word' id='word_1_145' title='bbox 194 2049 260 2088; x_wconf 83' lang='lat'><strong>92.</strong></span> <span class='ocrx_word' id='word_1_146' title='bbox 316 2048 463 2097; x_wconf 87' lang='lat' dir='ltr'>Reliqui</span> <span class='ocrx_word' id='word_1_147' title='bbox 500 2043 736 2100; x_wconf 77' lang='grc' dir='ltr'><strong><em>Ἐκβάτανα,</em></strong></span> 
     </span>
     <span class='ocr_line' id='line_1_30' title="bbox 82 2103 738 2155; baseline 0.003 -15"><span class='ocrx_word' id='word_1_148' title='bbox 82 2103 182 2153; x_wconf 92' lang='lat' dir='ltr'><strong>quod</strong></span> <span class='ocrx_word' id='word_1_149' title='bbox 198 2107 294 2142; x_wconf 91' lang='lat' dir='ltr'><strong>recte</strong></span> <span class='ocrx_word' id='word_1_150' title='bbox 326 2105 455 2155; x_wconf 83' lang='lat' dir='ltr'>opinor</span> <span class='ocrx_word' id='word_1_151' title='bbox 485 2105 608 2143; x_wconf 87' lang='lat' dir='ltr'><strong>reiecit</strong></span> <span class='ocrx_word' id='word_1_152' title='bbox 628 2105 738 2143; x_wconf 71' lang='lat' dir='ltr'><strong>W&#39;es-</strong></span> 
     </span>
     <span class='ocr_line' id='line_1_31' title="bbox 83 2159 736 2209; baseline 0.002 -12"><span class='ocrx_word' id='word_1_153' title='bbox 83 2159 280 2209; x_wconf 80' lang='lat' dir='ltr'><strong>selingiuS,</strong></span> <span class='ocrx_word' id='word_1_154' title='bbox 326 2161 540 2200; x_wconf 90' lang='lat' dir='ltr'><strong>auctoritate</strong></span> <span class='ocrx_word' id='word_1_155' title='bbox 577 2162 736 2199; x_wconf 74' lang='lat' dir='ltr'><strong>confisus</strong></span> 
     </span>
     <span class='ocr_line' id='line_1_32' title="bbox 82 2216 738 2269; baseline 0.005 -17"><span class='ocrx_word' id='word_1_156' title='bbox 82 2216 259 2266; x_wconf 79' lang='lat' dir='ltr'>Stephani</span> <span class='ocrx_word' id='word_1_157' title='bbox 284 2217 480 2265; x_wconf 86' lang='lat' dir='ltr'><strong>Byzantini</strong></span> <span class='ocrx_word' id='word_1_158' title='bbox 510 2231 546 2269; x_wconf 92' lang='lat' dir='ltr'><strong>p.</strong></span> <span class='ocrx_word' id='word_1_159' title='bbox 564 2220 639 2266; x_wconf 76' lang='lat'><strong>12,</strong></span> <span class='ocrx_word' id='word_1_160' title='bbox 675 2218 738 2267; x_wconf 88' lang='lat' dir='ltr'><strong>qui</strong></span> 
     </span>
     <span class='ocr_line' id='line_1_33' title="bbox 82 2271 737 2325; baseline 0.003 -15"><span class='ocrx_word' id='word_1_161' title='bbox 82 2271 230 2311; x_wconf 88' lang='lat' dir='ltr'><strong>alteram</strong></span> <span class='ocrx_word' id='word_1_162' title='bbox 249 2274 462 2324; x_wconf 85' lang='lat' dir='ltr'><strong>scripturam</strong></span> <span class='ocrx_word' id='word_1_163' title='bbox 481 2275 624 2325; x_wconf 86' lang='lat' dir='ltr'><strong>probat.</strong></span> <span class='ocrx_word' id='word_1_164' title='bbox 651 2274 737 2312; x_wconf 86' lang='lat' dir='ltr'><strong>Vid.</strong></span> 
     </span>
     <span class='ocr_line' id='line_1_34' title="bbox 84 2331 740 2369; baseline 0.006 -4"><span class='ocrx_word' id='word_1_165' title='bbox 84 2333 159 2366; x_wconf 92' lang='lat' dir='ltr'><strong>not.</strong></span> <span class='ocrx_word' id='word_1_166' title='bbox 196 2334 360 2367; x_wconf 84' lang='lat' dir='ltr'><strong>nostram</strong></span> <span class='ocrx_word' id='word_1_167' title='bbox 396 2332 446 2368; x_wconf 90' lang='lat' dir='ltr'><strong>ad</strong></span> <span class='ocrx_word' id='word_1_168' title='bbox 477 2331 625 2369; x_wconf 86' lang='lat' dir='ltr'><strong>Ctesiae</strong></span> <span class='ocrx_word' id='word_1_169' title='bbox 662 2331 740 2369; x_wconf 87' lang='lat' dir='ltr'><strong>Ex-</strong></span> 
     </span>
     <span class='ocr_line' id='line_1_35' title="bbox 85 2385 738 2438; baseline 0.006 -16"><span class='ocrx_word' id='word_1_170' title='bbox 85 2389 214 2435; x_wconf 89' lang='lat' dir='ltr'><strong>eerptt.</strong></span> <span class='ocrx_word' id='word_1_171' title='bbox 235 2385 357 2424; x_wconf 87' lang='lat' dir='ltr'><strong>Perss.</strong></span> <span class='ocrx_word' id='word_1_172' title='bbox 384 2385 421 2438; x_wconf 77' lang='lat'><strong>§.</strong></span> <span class='ocrx_word' id='word_1_173' title='bbox 433 2390 460 2428; x_wconf 82' lang='lat'><strong>2</strong></span> <span class='ocrx_word' id='word_1_174' title='bbox 478 2400 565 2438; x_wconf 85' lang='lat' dir='ltr'><strong>pag.</strong></span> <span class='ocrx_word' id='word_1_175' title='bbox 585 2389 652 2429; x_wconf 90' lang='grc'><strong>88.</strong></span> <span class='ocrx_word' id='word_1_176' title='bbox 681 2409 738 2416; x_wconf 84' lang='lat'><strong>—-</strong></span> 
     </span>
     <span class='ocr_line' id='line_1_36' title="bbox 87 2441 738 2496; baseline 0.011 -19"><span class='ocrx_word' id='word_1_177' title='bbox 87 2441 129 2478; x_wconf 86' lang='lat' dir='ltr'><strong>Iu</strong></span> <span class='ocrx_word' id='word_1_178' title='bbox 147 2445 326 2479; x_wconf 82' lang='lat' dir='ltr'><strong>structura</strong></span> <span class='ocrx_word' id='word_1_179' title='bbox 349 2456 476 2481; x_wconf 89' lang='lat' dir='ltr'><strong>vocum</strong></span> <span class='ocrx_word' id='word_1_180' title='bbox 500 2442 632 2496; x_wconf 75' lang='grc' dir='ltr'><strong><em>ἕτερον</em></strong></span> <span class='ocrx_word' id='word_1_181' title='bbox 655 2442 738 2484; x_wconf 80' lang='grc' dir='ltr'><strong><em>έτέ-</em></strong></span> 
     </span>
     <span class='ocr_line' id='line_1_37' title="bbox 89 2497 740 2551; baseline 0.005 -16"><span class='ocrx_word' id='word_1_182' title='bbox 89 2511 145 2551; x_wconf 80' lang='grc' dir='ltr'><strong>ρῳ</strong></span> <span class='ocrx_word' id='word_1_183' title='bbox 163 2512 199 2536; x_wconf 87' lang='grc' dir='ltr'><strong>κ.</strong></span> <span class='ocrx_word' id='word_1_184' title='bbox 222 2497 340 2538; x_wconf 83' lang='grc' dir='ltr'><strong><em>ἐνεστ.</em></strong></span> <span class='ocrx_word' id='word_1_185' title='bbox 363 2500 438 2537; x_wconf 90' lang='lat' dir='ltr'><strong>noli</strong></span> <span class='ocrx_word' id='word_1_186' title='bbox 458 2501 620 2539; x_wconf 87' lang='lat' dir='ltr'><strong>haerere.</strong></span> <span class='ocrx_word' id='word_1_187' title='bbox 650 2501 740 2540; x_wconf 85' lang='lat' dir='ltr'><strong>Per·</strong></span> 
     </span>
     <span class='ocr_line' id='line_1_38' title="bbox 89 2554 739 2607; baseline 0.006 -17"><span class='ocrx_word' id='word_1_188' title='bbox 89 2554 202 2592; x_wconf 85' lang='lat' dir='ltr'><strong>tinere</strong></span> <span class='ocrx_word' id='word_1_189' title='bbox 232 2555 398 2593; x_wconf 86' lang='lat' dir='ltr'><strong>videntur</strong></span> <span class='ocrx_word' id='word_1_190' title='bbox 427 2558 476 2594; x_wconf 88' lang='lat' dir='ltr'><strong>ad</strong></span> <span class='ocrx_word' id='word_1_191' title='bbox 505 2557 595 2595; x_wconf 85' lang='lat' dir='ltr'><strong>illud</strong></span> <span class='ocrx_word' id='word_1_192' title='bbox 622 2571 739 2607; x_wconf 87' lang='lat' dir='ltr'><strong>genus</strong></span> 
     </span>
     <span class='ocr_line' id='line_1_39' title="bbox 91 2612 742 2663; baseline 0.014 -19"><span class='ocrx_word' id='word_1_193' title='bbox 91 2612 289 2649; x_wconf 81' lang='lat' dir='ltr'><strong>structurae</strong></span> <span class='ocrx_word' id='word_1_194' title='bbox 344 2613 639 2663; x_wconf 81' lang='lat' dir='ltr'><strong>participiorum,</strong></span> <span class='ocrx_word' id='word_1_195' title='bbox 692 2615 742 2653; x_wconf 86' lang='lat' dir='ltr'><strong>de</strong></span> 
     </span>
     <span class='ocr_line' id='line_1_40' title="bbox 92 2665 742 2719; baseline 0.015 -20"><span class='ocrx_word' id='word_1_196' title='bbox 92 2675 166 2713; x_wconf 87' lang='lat' dir='ltr'><strong>quo</strong></span> <span class='ocrx_word' id='word_1_197' title='bbox 195 2665 324 2705; x_wconf 82' lang='lat' dir='ltr'><strong>Matth.</strong></span> <span class='ocrx_word' id='word_1_198' title='bbox 355 2666 392 2719; x_wconf 59' lang='grc' dir='ltr'><strong>ἓ.</strong></span> <span class='ocrx_word' id='word_1_199' title='bbox 420 2671 525 2719; x_wconf 80' lang='lat'><strong>562,</strong></span> <span class='ocrx_word' id='word_1_200' title='bbox 558 2673 580 2712; x_wconf 86' lang='lat'>1</span> <span class='ocrx_word' id='word_1_201' title='bbox 611 2675 687 2708; x_wconf 89' lang='lat' dir='ltr'><strong>not.</strong></span> <span class='ocrx_word' id='word_1_202' title='bbox 719 2673 742 2712; x_wconf 85' lang='lat'>1</span> 
     </span>
     <span class='ocr_line' id='line_1_41' title="bbox 91 2723 316 2770; baseline 0 -10"><span class='ocrx_word' id='word_1_203' title='bbox 91 2732 176 2770; x_wconf 79' lang='lat' dir='ltr'><strong>pag.</strong></span> <span class='ocrx_word' id='word_1_204' title='bbox 199 2723 316 2764; x_wconf 88' lang='grc'><strong>1109.</strong></span> 
     </span>
    </p>

    <p class='ocr_par' dir='ltr' id='par_1_19' title="bbox 95 2775 745 2948">
     <span class='ocr_line' id='line_1_42' title="bbox 149 2775 744 2833; baseline 0.015 -21"><span class='ocrx_word' id='word_1_205' title='bbox 149 2775 207 2814; x_wconf 85' lang='lat' dir='ltr'><strong>De</strong></span> <span class='ocrx_word' id='word_1_206' title='bbox 235 2777 315 2828; x_wconf 88' lang='lat' dir='ltr'><strong>ipsa</strong></span> <span class='ocrx_word' id='word_1_207' title='bbox 334 2780 423 2818; x_wconf 85' lang='lat' dir='ltr'><strong>urbe</strong></span> <span class='ocrx_word' id='word_1_208' title='bbox 463 2786 503 2819; x_wconf 90' lang='lat' dir='ltr'><strong>ut</strong></span> <span class='ocrx_word' id='word_1_209' title='bbox 531 2783 658 2833; x_wconf 86' lang='lat' dir='ltr'><strong>paucis</strong></span> <span class='ocrx_word' id='word_1_210' title='bbox 687 2783 744 2821; x_wconf 91' lang='lat' dir='ltr'><strong>di-</strong></span> 
     </span>
     <span class='ocr_line' id='line_1_43' title="bbox 95 2835 743 2879; baseline 0.014 -12"><span class='ocrx_word' id='word_1_211' title='bbox 95 2843 216 2868; x_wconf 89' lang='lat' dir='ltr'><strong>camus</strong></span> <span class='ocrx_word' id='word_1_212' title='bbox 228 2861 239 2879; x_wconf 91' lang='lat'>,</span> <span class='ocrx_word' id='word_1_213' title='bbox 268 2835 432 2873; x_wconf 85' lang='lat' dir='ltr'><strong>videntur</strong></span> <span class='ocrx_word' id='word_1_214' title='bbox 441 2837 634 2877; x_wconf 80' lang='lat' dir='ltr'><strong>Ecbatana</strong></span> <span class='ocrx_word' id='word_1_215' title='bbox 650 2840 743 2878; x_wconf 87' lang='lat' dir='ltr'><strong>arcis</strong></span> 
     </span>
     <span class='ocr_line' id='line_1_44' title="bbox 97 2888 745 2948; baseline 0.02 -26"><span class='ocrx_word' id='word_1_216' title='bbox 97 2888 254 2926; x_wconf 80' lang='lat' dir='ltr'><strong>munitae</strong></span> <span class='ocrx_word' id='word_1_217' title='bbox 268 2892 388 2940; x_wconf 83' lang='lat' dir='ltr'><strong>potius</strong></span> <span class='ocrx_word' id='word_1_218' title='bbox 407 2906 518 2943; x_wconf 86' lang='lat' dir='ltr'><strong>quam</strong></span> <span class='ocrx_word' id='word_1_219' title='bbox 539 2896 639 2934; x_wconf 89' lang='lat' dir='ltr'><strong>urbis</strong></span> <span class='ocrx_word' id='word_1_220' title='bbox 658 2910 745 2948; x_wconf 85' lang='lat' dir='ltr'><strong>spe-</strong></span> 
     </span>
    </p>
   </div>
   <div class='ocr_carea' id='block_1_18' title="bbox 622 1294 1509 1354">
    <p class='ocr_par' dir='ltr' id='par_1_20' title="bbox 622 1294 1509 1354">
     <span class='ocr_line' id='line_1_45' title="bbox 622 1294 1509 1354; baseline -0.001 -15"><span class='ocrx_word' id='word_1_221' title='bbox 622 1295 914 1354; x_wconf 77' lang='grc' dir='ltr'><strong><em>μεμηχάνηται</em></strong></span> <span class='ocrx_word' id='word_1_222' title='bbox 944 1296 990 1340; x_wconf 75' lang='grc' dir='ltr'><strong>δὲ</strong></span> <span class='ocrx_word' id='word_1_223' title='bbox 1032 1295 1148 1340; x_wconf 83' lang='grc' dir='ltr'><strong><em>οὕτω</em></strong></span> <span class='ocrx_word' id='word_1_224' title='bbox 1187 1298 1319 1338; x_wconf 86' lang='grc' dir='ltr'><strong><em>τοῦτο</em></strong></span> <span class='ocrx_word' id='word_1_225' title='bbox 1350 1294 1399 1338; x_wconf 78' lang='grc' dir='ltr'><strong>τὰ</strong></span> <span class='ocrx_word' id='word_1_226' title='bbox 1459 1298 1509 1339; x_wconf 86' lang='grc'><strong>51</strong></span> 
     </span>
    </p>
   </div>
   <div class='ocr_carea' id='block_1_19' title="bbox 800 1479 1465 2946">
    <p class='ocr_par' dir='ltr' id='par_1_21' title="bbox 800 1479 1465 2946">
     <span class='ocr_line' id='line_1_46' title="bbox 801 1479 1458 1532; baseline -0.005 -11"><span class='ocrx_word' id='word_1_227' title='bbox 801 1482 893 1521; x_wconf 89' lang='lat' dir='ltr'><strong>ciem</strong></span> <span class='ocrx_word' id='word_1_228' title='bbox 919 1482 1020 1519; x_wconf 84' lang='lat' dir='ltr'><strong>initio</strong></span> <span class='ocrx_word' id='word_1_229' title='bbox 1054 1480 1282 1532; x_wconf 85' lang='lat' dir='ltr'><strong>praebuisse.</strong></span> <span class='ocrx_word' id='word_1_230' title='bbox 1349 1479 1458 1524; x_wconf 83' lang='lat' dir='ltr'><strong>Quae</strong></span> 
     </span>
     <span class='ocr_line' id='line_1_47' title="bbox 800 1537 1457 1586; baseline -0.005 -10"><span class='ocrx_word' id='word_1_231' title='bbox 800 1540 862 1576; x_wconf 86' lang='lat' dir='ltr'><strong>ubi</strong></span> <span class='ocrx_word' id='word_1_232' title='bbox 882 1553 925 1576; x_wconf 84' lang='lat' dir='ltr'><strong>ex</strong></span> <span class='ocrx_word' id='word_1_233' title='bbox 948 1539 1087 1577; x_wconf 90' lang='lat' dir='ltr'><strong>Deioce</strong></span> <span class='ocrx_word' id='word_1_234' title='bbox 1113 1537 1307 1575; x_wconf 88' lang='lat' dir='ltr'><strong>Medorum</strong></span> <span class='ocrx_word' id='word_1_235' title='bbox 1327 1550 1457 1586; x_wconf 81' lang='lat' dir='ltr'><strong>regum</strong></span> 
     </span>
     <span class='ocr_line' id='line_1_48' title="bbox 803 1594 1457 1644; baseline -0.005 -12"><span class='ocrx_word' id='word_1_236' title='bbox 803 1597 912 1634; x_wconf 88' lang='lat' dir='ltr'><strong>sedes</strong></span> <span class='ocrx_word' id='word_1_237' title='bbox 930 1597 1017 1643; x_wconf 88' lang='lat' dir='ltr'><strong>suit,</strong></span> <span class='ocrx_word' id='word_1_238' title='bbox 1046 1594 1169 1632; x_wconf 85' lang='lat' dir='ltr'><strong>Persis</strong></span> <span class='ocrx_word' id='word_1_239' title='bbox 1194 1606 1363 1644; x_wconf 80' lang='lat' dir='ltr'><strong>quoque,</strong></span> <span class='ocrx_word' id='word_1_240' title='bbox 1394 1594 1457 1642; x_wconf 83' lang='lat' dir='ltr'><strong>qui</strong></span> 
     </span>
     <span class='ocr_line' id='line_1_49' title="bbox 802 1651 1456 1697; baseline -0.005 -8"><span class='ocrx_word' id='word_1_241' title='bbox 802 1653 839 1689; x_wconf 92' lang='lat' dir='ltr'><strong>in</strong></span> <span class='ocrx_word' id='word_1_242' title='bbox 877 1665 1001 1690; x_wconf 89' lang='lat' dir='ltr'><strong>eorum</strong></span> <span class='ocrx_word' id='word_1_243' title='bbox 1037 1651 1156 1688; x_wconf 86' lang='lat' dir='ltr'><strong>locum</strong></span> <span class='ocrx_word' id='word_1_244' title='bbox 1183 1654 1456 1697; x_wconf 82' lang='lat' dir='ltr'><strong>successerunt,</strong></span> 
     </span>
     <span class='ocr_line' id='line_1_50' title="bbox 802 1707 1457 1757; baseline -0.006 -11"><span class='ocrx_word' id='word_1_245' title='bbox 802 1709 976 1746; x_wconf 80' lang='lat' dir='ltr'><strong>remansit</strong></span> <span class='ocrx_word' id='word_1_246' title='bbox 993 1707 1094 1757; x_wconf 85' lang='lat' dir='ltr'><strong>regia</strong></span> <span class='ocrx_word' id='word_1_247' title='bbox 1107 1708 1216 1744; x_wconf 85' lang='lat' dir='ltr'><strong>sedes</strong></span> <span class='ocrx_word' id='word_1_248' title='bbox 1231 1720 1299 1757; x_wconf 87' lang='lat' dir='ltr'><strong>per</strong></span> <span class='ocrx_word' id='word_1_249' title='bbox 1309 1719 1457 1743; x_wconf 85' lang='lat' dir='ltr'><strong>menses</strong></span> 
     </span>
     <span class='ocr_line' id='line_1_51' title="bbox 803 1762 1458 1803; baseline -0.008 0"><span class='ocrx_word' id='word_1_250' title='bbox 803 1766 966 1803; x_wconf 83' lang='lat' dir='ltr'><strong>aestivos</strong></span> <span class='ocrx_word' id='word_1_251' title='bbox 987 1779 1054 1802; x_wconf 80' lang='lat' dir='ltr'><strong>nec</strong></span> <span class='ocrx_word' id='word_1_252' title='bbox 1083 1764 1202 1801; x_wconf 87' lang='lat' dir='ltr'><strong>minus</strong></span> <span class='ocrx_word' id='word_1_253' title='bbox 1228 1764 1341 1801; x_wconf 83' lang='lat' dir='ltr'><strong>orevit</strong></span> <span class='ocrx_word' id='word_1_254' title='bbox 1367 1762 1458 1799; x_wconf 86' lang='lat' dir='ltr'><strong>divi-</strong></span> 
     </span>
     <span class='ocr_line' id='line_1_52' title="bbox 804 1820 1460 1872; baseline -0.008 -13"><span class='ocrx_word' id='word_1_255' title='bbox 804 1822 863 1859; x_wconf 90' lang='lat' dir='ltr'><strong>tiis</strong></span> <span class='ocrx_word' id='word_1_256' title='bbox 884 1826 994 1871; x_wconf 88' lang='lat' dir='ltr'><strong>atque</strong></span> <span class='ocrx_word' id='word_1_257' title='bbox 1013 1820 1221 1872; x_wconf 83' lang='lat' dir='ltr'><strong>opulentia,</strong></span> <span class='ocrx_word' id='word_1_258' title='bbox 1243 1820 1460 1868; x_wconf 81' lang='lat' dir='ltr'><strong>quamSusa</strong></span> 
     </span>
     <span class='ocr_line' id='line_1_53' title="bbox 805 1874 1460 1926; baseline -0.003 -11"><span class='ocrx_word' id='word_1_259' title='bbox 805 1891 848 1916; x_wconf 86' lang='lat' dir='ltr'><strong>ac</strong></span> <span class='ocrx_word' id='word_1_260' title='bbox 863 1878 1042 1926; x_wconf 89' lang='lat' dir='ltr'><strong>Babylon.</strong></span> <span class='ocrx_word' id='word_1_261' title='bbox 1074 1877 1110 1914; x_wconf 87' lang='lat' dir='ltr'>T</span> <span class='ocrx_word' id='word_1_262' title='bbox 1113 1877 1200 1914; x_wconf 89' lang='lat' dir='ltr'><strong>estis</strong></span> <span class='ocrx_word' id='word_1_263' title='bbox 1222 1881 1280 1914; x_wconf 92' lang='lat' dir='ltr'><strong>est</strong></span> <span class='ocrx_word' id='word_1_264' title='bbox 1299 1874 1460 1925; x_wconf 85' lang='lat' dir='ltr'><strong>locuple-</strong></span> 
     </span>
     <span class='ocr_line' id='line_1_54' title="bbox 805 1932 1461 1982; baseline -0.008 -10"><span class='ocrx_word' id='word_1_265' title='bbox 805 1935 966 1972; x_wconf 86' lang='lat' dir='ltr'><strong>tissimus</strong></span> <span class='ocrx_word' id='word_1_266' title='bbox 990 1934 1162 1982; x_wconf 85' lang='lat' dir='ltr'><strong>Polybius</strong></span> <span class='ocrx_word' id='word_1_267' title='bbox 1186 1933 1244 1980; x_wconf 91' lang='lat' dir='ltr'><strong>X,</strong></span> <span class='ocrx_word' id='word_1_268' title='bbox 1264 1935 1338 1980; x_wconf 81' lang='lat'><strong>27,</strong></span> <span class='ocrx_word' id='word_1_269' title='bbox 1368 1932 1461 1968; x_wconf 88' lang='lat' dir='ltr'><strong>mira</strong></span> 
     </span>
     <span class='ocr_line' id='line_1_55' title="bbox 806 1989 1464 2039; baseline -0.008 -10"><span class='ocrx_word' id='word_1_270' title='bbox 806 2003 980 2030; x_wconf 89' lang='lat' dir='ltr'><strong>enarrans</strong></span> <span class='ocrx_word' id='word_1_271' title='bbox 1001 1991 1049 2028; x_wconf 90' lang='lat' dir='ltr'><strong>de</strong></span> <span class='ocrx_word' id='word_1_272' title='bbox 1067 1990 1145 2026; x_wconf 87' lang='lat' dir='ltr'><strong>auri</strong></span> <span class='ocrx_word' id='word_1_273' title='bbox 1165 1989 1382 2039; x_wconf 82' lang='lat' dir='ltr'><strong>argentique</strong></span> <span class='ocrx_word' id='word_1_274' title='bbox 1401 2001 1464 2025; x_wconf 90' lang='lat' dir='ltr'><strong>co-</strong></span> 
     </span>
     <span class='ocr_line' id='line_1_56' title="bbox 805 2046 1463 2099; baseline -0.006 -14"><span class='ocrx_word' id='word_1_275' title='bbox 805 2049 867 2099; x_wconf 86' lang='lat' dir='ltr'><strong>pia</strong></span> <span class='ocrx_word' id='word_1_276' title='bbox 887 2048 925 2084; x_wconf 88' lang='lat' dir='ltr'><strong>in</strong></span> <span class='ocrx_word' id='word_1_277' title='bbox 953 2048 1104 2085; x_wconf 83' lang='lat' dir='ltr'><strong>aedibus</strong></span> <span class='ocrx_word' id='word_1_278' title='bbox 1131 2046 1237 2083; x_wconf 90' lang='lat' dir='ltr'><strong>huius</strong></span> <span class='ocrx_word' id='word_1_279' title='bbox 1254 2046 1354 2083; x_wconf 76' lang='lat' dir='ltr'><strong>urbis</strong></span> <span class='ocrx_word' id='word_1_280' title='bbox 1375 2057 1463 2081; x_wconf 89' lang='lat' dir='ltr'><strong>con-</strong></span> 
     </span>
     <span class='ocr_line' id='line_1_57' title="bbox 806 2102 1464 2155; baseline -0.006 -14"><span class='ocrx_word' id='word_1_281' title='bbox 806 2105 932 2155; x_wconf 83' lang='lat' dir='ltr'><strong>spicua</strong></span> <span class='ocrx_word' id='word_1_282' title='bbox 953 2108 990 2142; x_wconf 88' lang='lat' dir='ltr'><strong>et</strong></span> <span class='ocrx_word' id='word_1_283' title='bbox 1009 2105 1057 2142; x_wconf 92' lang='lat' dir='ltr'><strong>de</strong></span> <span class='ocrx_word' id='word_1_284' title='bbox 1075 2103 1193 2139; x_wconf 89' lang='lat' dir='ltr'><strong>omnis</strong></span> <span class='ocrx_word' id='word_1_285' title='bbox 1207 2102 1352 2151; x_wconf 88' lang='lat' dir='ltr'><strong>generis</strong></span> <span class='ocrx_word' id='word_1_286' title='bbox 1371 2114 1464 2151; x_wconf 90' lang='lat' dir='ltr'><strong>opu-</strong></span> 
     </span>
     <span class='ocr_line' id='line_1_58' title="bbox 805 2159 1460 2210; baseline -0.006 -12"><span class='ocrx_word' id='word_1_287' title='bbox 805 2162 937 2208; x_wconf 77' lang='lat' dir='ltr'><strong>lentia,</strong></span> <span class='ocrx_word' id='word_1_288' title='bbox 987 2173 1061 2210; x_wconf 86' lang='lat' dir='ltr'><strong>qua</strong></span> <span class='ocrx_word' id='word_1_289' title='bbox 1101 2159 1161 2196; x_wconf 87' lang='lat' dir='ltr'><strong>illa</strong></span> <span class='ocrx_word' id='word_1_290' title='bbox 1209 2159 1279 2196; x_wconf 83' lang='lat' dir='ltr'><strong>fuit</strong></span> <span class='ocrx_word' id='word_1_291' title='bbox 1315 2159 1460 2196; x_wconf 85' lang='lat' dir='ltr'><strong>referta.</strong></span> 
     </span>
     <span class='ocr_line' id='line_1_59' title="bbox 805 2217 1465 2255; baseline -0.008 0"><span class='ocrx_word' id='word_1_292' title='bbox 805 2217 1002 2255; x_wconf 85' lang='lat' dir='ltr'><strong>Alexandri</strong></span> <span class='ocrx_word' id='word_1_293' title='bbox 1036 2220 1158 2254; x_wconf 84' lang='lat' dir='ltr'><strong>autem</strong></span> <span class='ocrx_word' id='word_1_294' title='bbox 1188 2218 1310 2253; x_wconf 87' lang='lat' dir='ltr'><strong>aetate</strong></span> <span class='ocrx_word' id='word_1_295' title='bbox 1336 2227 1465 2252; x_wconf 88' lang='lat' dir='ltr'><strong>eversa</strong></span> 
     </span>
     <span class='ocr_line' id='line_1_60' title="bbox 807 2271 1464 2318; baseline -0.006 -7"><span class='ocrx_word' id='word_1_296' title='bbox 807 2288 890 2312; x_wconf 85' lang='lat' dir='ltr'><strong>esse</strong></span> <span class='ocrx_word' id='word_1_297' title='bbox 931 2274 1071 2311; x_wconf 88' lang='lat' dir='ltr'><strong>dicitur.</strong></span> <span class='ocrx_word' id='word_1_298' title='bbox 1128 2272 1273 2318; x_wconf 83' lang='lat' dir='ltr'><strong>Locus,</strong></span> <span class='ocrx_word' id='word_1_299' title='bbox 1312 2271 1374 2308; x_wconf 91' lang='lat' dir='ltr'><strong>ubi</strong></span> <span class='ocrx_word' id='word_1_300' title='bbox 1401 2283 1464 2308; x_wconf 89' lang='lat' dir='ltr'><strong>ex-</strong></span> 
     </span>
     <span class='ocr_line' id='line_1_61' title="bbox 806 2327 1465 2378; baseline -0.009 -10"><span class='ocrx_word' id='word_1_301' title='bbox 806 2335 944 2368; x_wconf 81' lang='lat' dir='ltr'><strong>structa</strong></span> <span class='ocrx_word' id='word_1_302' title='bbox 965 2334 1042 2368; x_wconf 85' lang='lat' dir='ltr'><strong>erat</strong></span> <span class='ocrx_word' id='word_1_303' title='bbox 1056 2359 1068 2378; x_wconf 88' lang='lat'>‚</span> <span class='ocrx_word' id='word_1_304' title='bbox 1104 2342 1202 2366; x_wconf 89' lang='lat' dir='ltr'><strong>nunc</strong></span> <span class='ocrx_word' id='word_1_305' title='bbox 1220 2328 1309 2365; x_wconf 84' lang='lat' dir='ltr'><strong>satis</strong></span> <span class='ocrx_word' id='word_1_306' title='bbox 1336 2327 1465 2376; x_wconf 83' lang='lat' dir='ltr'><strong>cogni-</strong></span> 
     </span>
     <span class='ocr_line' id='line_1_62' title="bbox 804 2385 1465 2437; baseline -0.009 -12"><span class='ocrx_word' id='word_1_307' title='bbox 804 2393 883 2434; x_wconf 81' lang='lat' dir='ltr'><strong>tus3</strong></span> <span class='ocrx_word' id='word_1_308' title='bbox 896 2387 1034 2437; x_wconf 89' lang='lat' dir='ltr'><strong>quippe</strong></span> <span class='ocrx_word' id='word_1_309' title='bbox 1045 2398 1224 2437; x_wconf 86' lang='lat' dir='ltr'><strong>perquam</strong></span> <span class='ocrx_word' id='word_1_310' title='bbox 1241 2385 1357 2422; x_wconf 84' lang='lat' dir='ltr'><strong>vicina</strong></span> <span class='ocrx_word' id='word_1_311' title='bbox 1367 2396 1465 2420; x_wconf 90' lang='lat' dir='ltr'><strong>nunc</strong></span> 
     </span>
     <span class='ocr_line' id='line_1_63' title="bbox 807 2441 1463 2490; baseline -0.009 -8"><span class='ocrx_word' id='word_1_312' title='bbox 807 2443 1005 2482; x_wconf 81' lang='lat' dir='ltr'><strong>Hamadan</strong></span> <span class='ocrx_word' id='word_1_313' title='bbox 1049 2443 1157 2490; x_wconf 82' lang='lat' dir='ltr'><strong>urbs,</strong></span> <span class='ocrx_word' id='word_1_314' title='bbox 1215 2445 1254 2480; x_wconf 87' lang='lat' dir='ltr'><strong>et</strong></span> <span class='ocrx_word' id='word_1_315' title='bbox 1299 2441 1463 2478; x_wconf 83' lang='lat' dir='ltr'><strong>Orontes</strong></span> 
     </span>
     <span class='ocr_line' id='line_1_64' title="bbox 807 2497 1462 2548; baseline -0.008 -10"><span class='ocrx_word' id='word_1_316' title='bbox 807 2513 914 2539; x_wconf 88' lang='lat' dir='ltr'><strong>mons</strong></span> <span class='ocrx_word' id='word_1_317' title='bbox 939 2513 1036 2537; x_wconf 92' lang='lat' dir='ltr'><strong>nunc</strong></span> <span class='ocrx_word' id='word_1_318' title='bbox 1059 2499 1218 2536; x_wconf 89' lang='lat' dir='ltr'><strong>Almend</strong></span> <span class='ocrx_word' id='word_1_319' title='bbox 1244 2497 1462 2548; x_wconf 85' lang='lat' dir='ltr'><strong>appellatus.</strong></span> 
     </span>
     <span class='ocr_line' id='line_1_65' title="bbox 809 2553 1462 2606; baseline -0.008 -12"><span class='ocrx_word' id='word_1_320' title='bbox 809 2558 909 2602; x_wconf 84' lang='lat' dir='ltr'><strong>Quin</strong></span> <span class='ocrx_word' id='word_1_321' title='bbox 926 2557 1052 2606; x_wconf 82' lang='lat' dir='ltr'><strong>regiae</strong></span> <span class='ocrx_word' id='word_1_322' title='bbox 1068 2555 1162 2592; x_wconf 89' lang='lat' dir='ltr'><strong>illius</strong></span> <span class='ocrx_word' id='word_1_323' title='bbox 1182 2555 1282 2593; x_wconf 88' lang='lat' dir='ltr'><strong>sedis</strong></span> <span class='ocrx_word' id='word_1_324' title='bbox 1301 2567 1331 2590; x_wconf 89' lang='lat' dir='ltr'><strong>s.</strong></span> <span class='ocrx_word' id='word_1_325' title='bbox 1354 2553 1462 2600; x_wconf 85' lang='lat' dir='ltr'><strong>arcis,</strong></span> 
     </span>
     <span class='ocr_line' id='line_1_66' title="bbox 811 2611 1462 2664; baseline -0.009 -13"><span class='ocrx_word' id='word_1_326' title='bbox 811 2626 923 2664; x_wconf 89' lang='lat' dir='ltr'><strong>quam</strong></span> <span class='ocrx_word' id='word_1_327' title='bbox 938 2613 1008 2650; x_wconf 90' lang='lat' dir='ltr'><strong>hoc</strong></span> <span class='ocrx_word' id='word_1_328' title='bbox 1030 2612 1110 2650; x_wconf 91' lang='lat' dir='ltr'><strong>loco</strong></span> <span class='ocrx_word' id='word_1_329' title='bbox 1125 2625 1147 2649; x_wconf 89' lang='lat' dir='ltr'><strong>a</strong></span> <span class='ocrx_word' id='word_1_330' title='bbox 1163 2611 1302 2650; x_wconf 89' lang='lat' dir='ltr'><strong>Deioce</strong></span> <span class='ocrx_word' id='word_1_331' title='bbox 1320 2614 1462 2648; x_wconf 84' lang='lat' dir='ltr'><strong>exstru-</strong></span> 
     </span>
     <span class='ocr_line' id='line_1_67' title="bbox 812 2668 1462 2715; baseline -0.011 -7"><span class='ocrx_word' id='word_1_332' title='bbox 812 2676 906 2708; x_wconf 86' lang='lat' dir='ltr'><strong>ctam</strong></span> <span class='ocrx_word' id='word_1_333' title='bbox 935 2670 1108 2707; x_wconf 84' lang='lat' dir='ltr'><strong>describit</strong></span> <span class='ocrx_word' id='word_1_334' title='bbox 1128 2668 1363 2715; x_wconf 81' lang='lat' dir='ltr'><strong>Herodotus,</strong></span> <span class='ocrx_word' id='word_1_335' title='bbox 1402 2679 1462 2702; x_wconf 89' lang='lat' dir='ltr'><strong>ru-</strong></span> 
     </span>
     <span class='ocr_line' id='line_1_68' title="bbox 812 2723 1462 2776; baseline -0.009 -12"><span class='ocrx_word' id='word_1_336' title='bbox 812 2728 902 2765; x_wconf 89' lang='lat' dir='ltr'><strong>dera</strong></span> <span class='ocrx_word' id='word_1_337' title='bbox 919 2727 1038 2764; x_wconf 88' lang='lat' dir='ltr'><strong>adhuc</strong></span> <span class='ocrx_word' id='word_1_338' title='bbox 1064 2738 1181 2776; x_wconf 84' lang='lat' dir='ltr'><strong>pauca</strong></span> <span class='ocrx_word' id='word_1_339' title='bbox 1199 2723 1380 2774; x_wconf 88' lang='lat' dir='ltr'><strong>quaedam</strong></span> <span class='ocrx_word' id='word_1_340' title='bbox 1400 2735 1462 2759; x_wconf 85' lang='lat' dir='ltr'><strong>ex-</strong></span> 
     </span>
     <span class='ocr_line' id='line_1_69' title="bbox 812 2777 1464 2832; baseline -0.009 -12"><span class='ocrx_word' id='word_1_341' title='bbox 812 2787 931 2832; x_wconf 86' lang='lat' dir='ltr'><strong>stant,</strong></span> <span class='ocrx_word' id='word_1_342' title='bbox 965 2782 1165 2820; x_wconf 86' lang='lat' dir='ltr'><strong>accuratius</strong></span> <span class='ocrx_word' id='word_1_343' title='bbox 1183 2779 1385 2832; x_wconf 87' lang='lat' dir='ltr'><strong>perquisita</strong></span> <span class='ocrx_word' id='word_1_344' title='bbox 1415 2777 1464 2814; x_wconf 84' lang='lat' dir='ltr'><strong>ab</strong></span> 
     </span>
     <span class='ocr_line' id='line_1_70' title="bbox 812 2836 1464 2889; baseline -0.012 -12"><span class='ocrx_word' id='word_1_345' title='bbox 812 2839 941 2889; x_wconf 84' lang='lat' dir='ltr'><strong>Anglis</strong></span> <span class='ocrx_word' id='word_1_346' title='bbox 975 2839 1203 2885; x_wconf 89' lang='lat' dir='ltr'><strong>hominibus,</strong></span> <span class='ocrx_word' id='word_1_347' title='bbox 1231 2836 1394 2874; x_wconf 85' lang='lat' dir='ltr'><strong>Moriero</strong></span> <span class='ocrx_word' id='word_1_348' title='bbox 1421 2846 1464 2870; x_wconf 89' lang='lat' dir='ltr'><strong>ac</strong></span> 
     </span>
     <span class='ocr_line' id='line_1_71' title="bbox 811 2888 1465 2946; baseline -0.014 -12"><span class='ocrx_word' id='word_1_349' title='bbox 811 2896 1039 2946; x_wconf 80' lang='lat' dir='ltr'><strong>potissimum</strong></span> <span class='ocrx_word' id='word_1_350' title='bbox 1074 2894 1242 2933; x_wconf 84' lang='lat' dir='ltr'><strong>Portem.</strong></span> <span class='ocrx_word' id='word_1_351' title='bbox 1301 2891 1376 2936; x_wconf 85' lang='lat' dir='ltr'><strong>Qui</strong></span> <span class='ocrx_word' id='word_1_352' title='bbox 1409 2888 1465 2926; x_wconf 91' lang='lat' dir='ltr'><strong>lo-</strong></span> 
     </span>
    </p>
   </div>
  </div>
 </body>
</html>
