1768 3315
630 242 848 284 CLIO.
905 242 932 281 Ι.

1324 248 1409 288 243

149 359 229 403 οὐκ
258 356 421 401 οἷνιέναι
448 352 497 397 τὸ
527 351 687 406 κακόν,
737 350 836 395 ἀλλ’
867 352 936 396 ἐπὶ
965 356 1132 409 μᾶλλον
1171 353 1234 397 ἔτι
1271 355 1465 411 βιάζε-75

103 433 109 438 “
150 444 278 486 σθαι,
308 434 423 479 οὕτω
458 432 510 489 δὴ
541 431 620 475 τόν
649 431 829 488 βασιλέα
850 431 1016 483 αὐτῶν,
1049 431 1130 476 δύο
1151 435 1309 489 μοίρας
1330 437 1410 479 διε-

149 515 281 560 λόντα
309 516 471 557 Λυδῶν
498 511 678 556 πάντων
689 545 699 564 ,
731 515 981 568 κληρῶσαι,
1022 512 1104 569 τὴν
1132 513 1212 569 μὲν
1240 514 1308 557 ἐπὶ
1337 531 1411 570 μο-

122 599 232 651 7νῇ,
272 592 351 649 τὴν
382 593 427 635 δὲ
457 591 524 635 ἐπὶ
555 591 688 649 ἐξόδῳ
727 592 774 635 ἐκ
811 596 887 649 τῆς
922 592 1076 650 χώρης.
1131 593 1205 636 καὶ
1234 593 1301 637 έπὶ
1332 594 1412 650 μὲν

148 677 201 730 τῇ
229 672 374 727 μένειν
404 670 544 716 αὐτοῦ
574 670 852 729 λαγχανούσῃ
882 676 972 715 τῶν
1015 672 1206 728 μοιρέων
1246 672 1412 717 ἑωυτὸν

147 752 224 796 τὸν
253 752 432 808 βασιλέα
462 751 774 806 προστάσσειν·

838 752 906 795 ἐπὶ
937 751 982 796 δὲ
1011 756 1064 809 τῇ
1094 751 1470 810 ἄπαλλασσομέ·3ο

146 848 226 888 νῃ,
258 830 336 874 τὸν
365 831 531 875 ἑωυτοῦ
560 834 717 884 παῖδα,
748 834 810 888 τῷ
839 829 1013 888 οὕνομα
1035 830 1148 875 εἶναι
1172 832 1413 889 Τυρσηνόν.

120 910 363 966 Βλαχόντας
393 911 438 955 δὲ
469 910 617 955 αὐτῶν
644 911 748 962 τοὺς
777 910 951 966 ἑτέρους
979 910 1135 963 ἐξιέναι
1164 911 1211 955 ἐκ
1237 915 1312 968 τῆς
1329 911 1414 968 χώ-

153 1006 253 1047 ρης,
312 994 557 1048 καταβῆναι
594 990 636 1041 ἐς
674 988 914 1047 Σμύρνην,
969 991 1044 1034 καὶ
1081 990 1414 1048 μηχανήσασθαι

147 1074 304 1122 πλοῖα,
335 1070 378 1121 ἐς
406 1069 458 1113 τοὶ
497 1070 759 1126 ἐσθεμένους
787 1069 841 1113 τοὶ
871 1069 1016 1113 πάντα
1040 1070 1121 1114 ὅσα
1144 1082 1225 1126 σφι
1244 1066 1300 1128 ἦν
1317 1089 1415 1129 χρη-

156 1147 235 1192 στοὶ
268 1149 470 1201 ἐπίπλοα,
511 1147 745 1192 ἀποπλέειν
772 1148 882 1192 κατὰ
920 1151 1022 1205 βίου
1060 1166 1105 1194 τε
1141 1151 1216 1194 καὶ
1244 1155 1324 1207 γῆς
1353 1150 1472 1208 ζή-85

153 1238 300 1285 τησιν·
351 1228 393 1280 ἐς
427 1227 475 1281 ὃ,
516 1228 647 1273 ἔθνεα
684 1228 825 1272 πολλοὶ
854 1229 1291 1285 παραμειψαμένους,
1323 1228 1417 1274 ἄπι-

151 1308 306 1352 κέσθαι
348 1308 391 1359 ές
425 1306 689 1365 Ὀμβρικούς
699 1321 710 1333 ’

770 1308 880 1351 ἔνθα
929 1308 1066 1364 σφέας
1103 1307 1420 1364 ἐνιδρύσασθαι

124 1387 330 1439 9πόλιας,
360 1387 433 1431 καὶ
463 1388 620 1432 οἰκέειν
649 1386 699 1432 τὸ
727 1387 850 1445 μέχρι
878 1390 1022 1433 τοῦδε.
1053 1386 1150 1432 ἀντὶ
1179 1389 1225 1433 δὲ
1253 1390 1416 1434 Λυδῶν

95 1609 181 1646 dem
204 1606 381 1645 Matthiae
400 1605 437 1658 ἓ.
458 1606 540 1649 419
563 1619 649 1658 pag.
662 1609 747 1649 767

95 1664 234 1702 consuli
269 1664 432 1701 volumus
463 1664 512 1701 ad
548 1665 660 1701 verba
691 1677 753 1702 se-

96 1722 268 1770 quentia:
321 1715 412 1759 δύο
451 1719 637 1773 μοίρας
676 1720 752 1759 διε-

96 1773 218 1817 λόντα
247 1777 422 1824 Λυδῶν,
466 1777 527 1814 ubi
560 1777 752 1814 accusativi

97 1834 275 1871 rationem
302 1837 390 1884 post
425 1834 610 1871 dividendi
640 1834 752 1871 verba

97 1890 277 1941 explicuit.
315 1890 458 1927 Eodem
482 1890 560 1927 iure
579 1891 751 1928 dixisses:

99 1946 156 1994 εἰς
180 1943 253 1986 δύο
286 1946 427 1999 μοίρας
449 1943 630 1986 διελόντα
666 1950 753 1985 Λυ-

100 1999 196 2050 δούς
216 1999 381 2050 πάντας.
426 2003 532 2046 Quae
551 2008 753 2053 sequuntur

98 2061 198 2111 apud
237 2060 466 2097 Herodotum
479 2089 489 2107 ‚
547 2061 702 2097 citantur
730 2072 753 2098 a

98 2116 251 2165 DionyS.
275 2116 459 2154 Halicarn.
478 2116 495 2153 I
511 2131 548 2167 p.
571 2119 637 2159 21.

155 2168 235 2212 ἀλλ’
266 2172 352 2212 ἐπὶ
374 2175 568 2225 μᾶλλον
589 2173 642 2213 ἔτι
666 2168 753 2225 βιά-

99 2229 260 2277 ζεσθαι]
320 2229 450 2267 Monet
490 2230 679 2268 Werferus
716 2230 755 2267 in

99 2285 194 2324 Actt.
216 2286 492 2338 phill.Monacc.
513 2287 542 2334 I,
563 2291 589 2329 2
610 2288 755 2338 p.238‚

100 2356 147 2381 ne
165 2344 247 2392 quis
276 2342 341 2382 ἐπὶ
374 2344 421 2381 ad
447 2344 597 2381 verbum
619 2340 755 2395 βιάζε-

102 2403 200 2438 σθαι
221 2401 377 2448 referat,
406 2401 512 2438 tmesi
536 2401 582 2437 ab
602 2401 674 2438 isto
694 2414 755 2438 se-

101 2456 271 2494 iunctum.
328 2456 517 2494 Pertinere
538 2457 633 2495 enim
651 2458 759 2495 docet

102 2510 168 2551 ἐπὶ
198 2513 247 2549 ad
276 2515 449 2563 μᾶλλον,
487 2517 529 2551 ut
556 2513 662 2564 plura
687 2514 759 2551 alia

104 2573 306 2606 monstrant
334 2569 521 2620 exempla,
558 2583 601 2607 ac
630 2570 758 2607 similis

106 2624 248 2661 dicendi
266 2626 419 2663 formula
435 2624 499 2665 ἐπὶ
519 2625 654 2666 πλέον.

163 2683 381 2732 καταβῆναι
395 2682 435 2729 ἐς
450 2678 660 2734 Σμύρνην]
673 2682 758 2720 Mo-

109 2734 238 2774 lestum
256 2737 323 2776 καὶ
343 2743 428 2776 ante
436 2741 665 2791 καταβῆναι
678 2752 760 2777 cum

109 2797 257 2830 recentt.
292 2807 314 2832 e
353 2795 627 2835 Schellershem.
668 2796 761 2834 libro

110 2860 307 2887 omisimus.

820 1607 922 1645 Citat
940 1607 1031 1646 haee
1052 1606 1182 1645 Pollux
1203 1609 1397 1647 Onomast.
1426 1607 1476 1655 X,

821 1666 886 1705 10.
924 1686 965 1691 -
1014 1659 1207 1704 Ἐπίπλοα
1243 1679 1275 1703 s·
1311 1664 1477 1713 ἔπιπλα,

819 1720 1096 1771 suppellectilia,
1134 1721 1297 1770 mobilia,
1335 1721 1478 1772 aliquo-

819 1779 889 1815 ties
919 1779 1017 1828 apud
1043 1778 1275 1815 Herodotum
1309 1778 1349 1826 I,
1383 1779 1475 1820 150.

824 1833 905 1876 164
927 1839 993 1872 etc.
1039 1834 1122 1871 Vid.
1149 1834 1286 1872 Lexica
1317 1838 1355 1872 et
1382 1836 1477 1872 conf.

821 1890 985 1942 inprimis
1034 1891 1192 1939 Gregor.
1237 1891 1401 1928 Corinth.
1431 1892 1479 1929 de

821 1948 963 1985 dialect.
994 1961 1030 1998 p.
1051 1947 1133 1988 516
1157 1961 1234 1997 seq.
1257 1948 1314 1985 ed.
1333 1948 1476 1985 Schaef.

819 2005 906 2054 ibiq.
942 2007 1066 2041 annot.
1125 2004 1304 2041 Dicuntur
1332 2000 1479 2056 χρηστοὶ

819 2061 842 2098 i.
884 2073 915 2098 e.
966 2056 1141 2112 χρήσιμα
1194 2061 1325 2110 (quod
1371 2062 1479 2098 etiam

821 2130 866 2155 ex
904 2117 1228 2169 interpretamento
1267 2130 1361 2155 unus
1389 2117 1480 2155 liber

822 2175 887 2211 dat
912 2174 987 2222 111,
1016 2175 1098 2223 78)
1136 2174 1267 2222 utilia,
1303 2174 1351 2212 acl
1383 2176 1481 2212 vitae

821 2243 922 2268 usum
945 2231 1141 2274 commodm
1181 2244 1299 2280 quae,
1329 2234 1481 2269 notante

823 2288 1170 2337 Schweighaeusero
1200 2288 1248 2324 ad
1265 2286 1396 2325 Athen.
1428 2287 1480 2324 III

823 2358 861 2396 p.
886 2344 989 2392 114,
1012 2344 1070 2391 D,
1099 2344 1269 2393 sequiore
1291 2343 1481 2381 Graecita-

823 2402 872 2438 tis
912 2413 1002 2438 aevo
1043 2397 1261 2454 χρηστήρια
1298 2400 1482 2452 appellata

827 2460 924 2494 sunt.

884 2508 1099 2553 ἀπικέσθαι
1140 2511 1181 2561 ἐς
1219 2508 1480 2566 Ὀμβρικούς]

830 2569 975 2607 Umbros
996 2571 1104 2619 dicit,
1135 2570 1273 2622 quippe
1290 2584 1383 2620 quos
1397 2574 1483 2608 ante

825 2627 1062 2664 Etruscorum
1082 2628 1284 2678 potentiam
1311 2639 1483 2677 magnam

825 2683 996 2722 Etruriae
1030 2688 1172 2734 partem
1204 2683 1367 2722 tenuisse
1397 2694 1484 2721 con-

827 2744 912 2778 stat.
971 2741 1069 2777 Hinc
1102 2741 1200 2789 Lydi
1227 2740 1379 2790 profecti
1389 2769 1400 2787 ‚
1435 2739 1483 2775 ad

828 2796 1052 2834 Umbrorum
1072 2801 1206 2834 terram
1221 2797 1243 2833 i.
1256 2810 1287 2834 e.
1309 2798 1358 2834 ad
1367 2795 1484 2832 Etm-

835 2854 926 2890 riam
953 2853 1140 2904 appellere
1164 2853 1340 2889 dicuntur.
1399 2852 1483 2888 Vid.

167 2899 244 2944 ὅσα
262 2917 335 2957 σφι
347 2899 399 2958 ἦν
412 2905 560 2962 χρηστοὶ
579 2906 764 2954 ἐπίπλοα]
833 2909 878 2948 C.
893 2911 940 2948 O.
963 2909 1096 2948 Miiller
1110 2909 1294 2957 (Etrusc.)
1311 2908 1376 2958 Ip.
1390 2909 1482 2949 102.

1173 2965 1266 3004 16*
