1759 3324
452 252 878 294 EUTERPE.
938 253 984 291 ΙΙ.

1273 255 1359 295 783

90 384 174 412 νου
236 362 454 411 τοσούτου
511 360 885 418 κατακληισθέντα
938 359 1023 406 οὐκ
1081 359 1358 419 ἀνοιχθῆναι.

61 446 275 497 Ξτούτους
313 442 400 487 ὑπὸ
439 443 587 497 μίσεος
625 440 681 485 οὐ
720 440 861 496 κάρτα
900 442 1084 485 θέλουσι
1124 441 1358 497 Αἰγύπτιοι

92 524 345 581 ὀνομάζειν,
392 520 501 565 ἄλλα)
531 521 605 565 καὶ
633 521 711 572 τοὶς
739 522 990 577 πυραμίδας
1019 522 1227 566 καλέουσι
1256 536 1357 565 ποι-

87 703 255 754 τούτους
273 702 355 746 dno*
380 705 514 758 μίσεος
535 701 584 745 οὐ
594 701 688 758 κᾶρ-

31 781 79 806 τοι
108 763 273 804 θέλουσι
299 779 334 802 κ.
360 778 392 802 τ.
419 761 477 814 λ.]
520 758 687 810 τούτους

32 822 202 873 equidem
231 822 349 859 refero
379 821 428 857 ad
457 821 556 870 ipsos
580 820 688 857 hosce

30 893 161 929 reges,
191 872 401 928 Cheopem,
432 881 470 915 et
499 877 688 926 Chephre-

30 949 138 984 nem,
168 935 231 984 qui
259 934 434 985 populum
459 933 687 971 exstruendis

30 992 281 1044 pyramidibus
295 996 488 1041 tantopere
499 993 690 1036 vexarunt,

31 1055 73 1087 ut
92 1048 275 1086 noluerint
293 1048 432 1098 posteri
458 1047 606 1084 nomina
626 1059 691 1084 eo-

30 1119 110 1144 rum
130 1117 275 1143 servare
303 1109 340 1142 et
369 1104 594 1154 posteritatis
612 1116 690 1141 me-

31 1162 169 1200 moriae
197 1162 356 1198 tradere.
415 1160 467 1198 Ac
485 1160 688 1198 Larcherus

31 1219 118 1256 inde
136 1218 286 1267 colligit,
301 1219 347 1255 de
359 1218 587 1267 pyramidum
602 1229 690 1254 con-

32 1276 243 1322 ditoribus,
270 1278 310 1311 ut
337 1275 408 1310 iam
426 1274 563 1311 Plinius
583 1277 689 1310 notat

31 1332 67 1370 h.
86 1345 123 1369 n.
144 1331 344 1378 XXXVII,
359 1334 430 1377 12,
452 1343 580 1380 parum
599 1343 687 1367 con-

33 1393 152 1437 stare,
188 1402 270 1426 cum
303 1387 364 1425 alii
400 1388 503 1425 aliter
527 1387 688 1437 prodant

32 1458 154 1483 rerum
190 1445 396 1495 scriptores.
457 1444 569 1487 Quod
598 1456 685 1481 vero

33 1502 161 1552 Zoega
174 1502 296 1539 scribit
314 1502 359 1538 de
378 1501 541 1538 obeliscc.
552 1514 587 1551 p.
603 1501 685 1542 293

33 1563 133 1606 not.,
165 1558 319 1596 Diodori
349 1558 466 1594 locum
501 1558 686 1606 attingens

33 1615 72 1664 l,
97 1618 174 1657 72:
204 1615 550 1664 „quemadmodum
582 1619 620 1652 et
651 1616 687 1650 in

33 1672 239 1709 universum
267 1684 362 1720 quae
390 1672 489 1721 apud
516 1671 690 1708 Herodo-

33 1732 110 1765 tum
132 1728 295 1777 aliosque
318 1727 488 1776 leguntur
519 1729 566 1765 de
595 1728 689 1764 infa-

33 1785 129 1822 miae
170 1789 258 1822 nota
296 1784 420 1821 harum
460 1785 690 1834 pyramidum

34 1841 281 1879 conditoribus
306 1841 429 1878 inussa
449 1869 460 1887 ,
496 1854 570 1878 non
598 1841 688 1878 satis

33 1898 201 1936 videntur
231 1897 416 1935 credibilia
436 1927 446 1945 ,
486 1897 691 1935 advertenti

32 1958 90 1992 tot
123 1953 212 1992 alias
237 1955 446 2005 pyramides
477 1958 621 1992 exstare
650 1955 688 1991 in

32 2010 226 2061 Aegypto,
265 2011 303 2047 in
331 2012 464 2060 quibus
492 2010 689 2049 nonnullae

32 2068 206 2118 praefatis
235 2067 303 2104 illis
334 2081 407 2104 non
437 2067 548 2104 multo
579 2081 687 2118 repe-

32 2124 173 2161 riuntur
213 2125 434 2170 minores;“
476 2124 546 2161 hoc
569 2125 686 2162 minus

32 2180 261 2219 considerate
277 2182 619 2233 scripsisse‘videtur
634 2182 688 2218 vir

33 2237 274 2275 doctissimus.
332 2239 442 2275 Conf.
464 2242 557 2275 nott.
572 2239 620 2275 ad
641 2237 687 2285 ll,

36 2293 128 2336 124.
177 2294 261 2332 Hoc
278 2298 400 2332 autem
418 2294 498 2331 loco
520 2299 688 2345 praeter-

33 2349 85 2388 ire
102 2349 271 2388 nolumus
284 2351 456 2390 Heerenii
468 2352 687 2389 sententiam

31 2406 174 2454 (Ideen
192 2407 247 2455 II,
264 2411 291 2449 2
309 2421 345 2458 p.
364 2410 478 2457 118),
507 2408 564 2446 cui
581 2408 688 2446 valde

33 2463 224 2501 verisimile
255 2464 420 2512 videtur,
458 2465 687 2515 pyramidum

34 2520 240 2557 conditores
258 2522 443 2571 pertinere
463 2523 511 2558 ad
531 2535 612 2560 eam
628 2535 689 2560 re-

36 2588 122 2624 gum
146 2577 317 2627 stirpem,
355 2591 447 2628 quos
468 2578 612 2629 Hylesos
644 2579 687 2627 (i.

37 2643 69 2668 e.
84 2644 191 2680 reges
222 2635 450 2684 pastoritios)
482 2635 596 2685 vulgo
621 2648 688 2672 vo-

38 2691 132 2734 cant,
151 2701 277 2727 exosos
295 2690 376 2728 illos
396 2691 546 2741 quidem
562 2691 687 2742 Aegy-

37 2743 125 2792 ptiis
144 2747 253 2793 atque
271 2746 404 2784 invisos
416 2761 548 2798 ,quum
569 2762 690 2800 popu-

38 2797 112 2835 lum
134 2800 240 2838 valde
266 2804 427 2841 vexarint
455 2806 689 2854 pessimeque

38 2857 234 2893 tractarint.
265 2858 341 2896 Sed
360 2861 545 2910 pertinent
573 2861 609 2898 hi
629 2875 688 2900 re-

39 2923 128 2960 geS,
155 2912 202 2950 de
228 2913 361 2963 quibus
387 2916 502 2954 multa
526 2918 688 2968 protule-

754 712 838 744 runt
856 707 968 744 Beck.
990 706 1212 756 lVeltgesch.
1234 706 1251 744 I
1271 708 1414 757 p.296.

756 764 930 802 Creuzer.
953 777 1081 801 comm.
1102 764 1191 801 Her.
1221 776 1307 814 pag.
1333 765 1413 804 191

757 826 831 858 not.
858 822 932 861 171
954 820 1032 858 coll.
1049 821 1211 858 Heeren.
1235 821 1257 857 l.
1276 820 1300 858 l.
1319 819 1366 867 ΙΙ,
1388 823 1415 861 2

756 891 792 927 p.
814 880 894 918 116
923 890 1046 927 seqq„
1077 878 1125 914 ad
1152 877 1264 914 multo
1293 877 1416 927 priora

757 938 937 983 tempora,
951 947 1059 983 quam
1072 934 1202 983 quibus
1217 939 1252 972 et
1264 935 1413 983 Cheops

759 995 796 1028 et
825 991 1022 1040 Chephren
1052 991 1185 1028 vixisse
1216 991 1414 1041 perhiben-

756 1051 827 1084 tur.
886 1047 977 1084 Inde
998 1047 1103 1084 aliam
1134 1048 1309 1098 proponit
1327 1059 1415 1084 con-

756 1104 930 1141 iecturam
960 1105 1057 1141 idem
1086 1104 1294 1142 Heerenius
1322 1102 1413 1151 (1.1.

756 1174 842 1212 pag.
866 1162 954 1201 118.
981 1162 1061 1201 198
1083 1174 1186 1210 seqq.
1208 1161 1289 1198 coll.
1308 1161 1362 1207 ll,
1391 1162 1410 1200 1

754 1231 792 1268 p.
816 1217 931 1264 405),
962 1217 1034 1266 qua
1051 1218 1260 1267 pyramides
1283 1218 1328 1254 ab
1341 1216 1415 1254 Ae·-

754 1274 923 1324 thiopicis
950 1274 1120 1322 regibus,
1159 1276 1221 1323 qui
1247 1287 1314 1325 per
1345 1273 1414 1310 ali-

755 1331 857 1380 quod
890 1336 1033 1381 tempus
1062 1330 1223 1381 Aegypti
1259 1343 1414 1380 regnum

755 1387 960 1434 tenuerint,
992 1392 1197 1425 exstructae
1222 1392 1412 1438 putentur,

755 1458 835 1481 cum
853 1445 889 1480 in
915 1444 994 1494 ipsa
1013 1444 1142 1482 Mero'e
1164 1445 1292 1482 itidem
1312 1445 1414 1481 inve-

754 1501 901 1538 niantur
920 1501 1149 1551 pyramides,
1186 1502 1235 1538 ad
1261 1514 1414 1550 quarum

755 1557 941 1606 exemplar
977 1558 1227 1609 Aegyptiacae
1280 1558 1415 1595 fuerint

758 1615 984 1652 aedificatae.
1043 1615 1096 1652 Ac
1120 1620 1245 1653 monet
1265 1628 1415 1664 quoque

756 1671 889 1708 Ritter.
919 1671 1136 1718 (Erdkund.
1161 1672 1176 1708 Ι
1204 1685 1290 1722 pag.
1310 1673 1413 1719 540)

756 1729 857 1778 apud
894 1727 1095 1778 Aethiopes
1134 1729 1237 1766 initia
1274 1730 1415 1765 formae

756 1785 991 1835 pyramidalis
1018 1785 1179 1834 indeque
1206 1785 1323 1835 ipsam
1346 1799 1414 1835 py-

756 1842 934 1878 ramidum
966 1841 1144 1891 originem
1183 1855 1263 1880 esse
1301 1855 1414 1892 quae-

755 1899 919 1935 rendam.

815 1950 914 1993 ἄλλά
934 1953 998 1993 καὶ
1016 1950 1087 2001 τοὶς
1107 1955 1414 2005 πυραμίδαςκα-

755 2009 887 2051 λέουσι
930 2010 1121 2061 ποιμένος
1165 2012 1413 2060 Φιλιτίωνος,

757 2065 799 2114 ὃς
823 2083 856 2106 κ.
870 2084 900 2107 τ.
913 2067 961 2119 λ.]
996 2069 1232 2115 Φιλιτίωνος
1254 2082 1334 2106 cum
1356 2082 1415 2106 re-

755 2129 865 2163 centt.
893 2126 979 2163 edd.
1008 2126 1093 2163 dedi
1119 2139 1187 2176 pro
1225 2126 1414 2172 Φιλίτιος,

756 2183 856 2231 quod
875 2195 918 2220 ex
928 2181 1100 2220 Medieeo
1113 2187 1303 2234 receperat
1315 2182 1414 2219 Gro-

753 2239 894 2276 novius.
953 2239 995 2276 In
1012 2239 1228 2277 Florentino
1250 2239 1342 2276 libro
1359 2240 1416 2276 in-

753 2296 897 2333 venitur
922 2296 1158 2342 Φιλιτίονος.
1207 2296 1416 2345 Argumen-

754 2355 832 2390 tum
849 2352 917 2390 loci
932 2354 1102 2391 tractavit
1124 2354 1295 2391 Creuzer.
1314 2366 1416 2390 com-

755 2413 882 2447 mentt.
903 2409 1070 2447 Herodd.
1092 2408 1129 2461 ξ.
1153 2412 1204 2451 16
1224 2423 1310 2460 pag.
1333 2412 1415 2451 188

758 2479 876 2515 seqq,
907 2467 1004 2504 unde
1026 2467 1173 2516 potiora
1203 2467 1274 2504 huc
1294 2470 1415 2504 trans-

755 2523 926 2560 feramus.
993 2523 1166 2573 Namque
1193 2523 1325 2572 Zoega
1368 2524 1415 2561 de

756 2579 928 2617 obeliscc.
946 2593 983 2629 p.
1006 2581 1088 2622 389
1109 2583 1186 2617 not.
1207 2583 1262 2621 20
1285 2584 1416 2630 pasto-

755 2649 831 2674 rem
853 2635 1100 2684 ΡΙιίίίΐίοηενη,
1132 2650 1161 2674 s.
1182 2639 1222 2673 ut
1240 2636 1300 2674 ille
1328 2637 1417 2674 scri-

755 2692 831 2739 bit,
866 2692 1021 2730 Plzz'litin
1043 2694 1142 2730 haud
1171 2692 1280 2730 alium
1300 2693 1415 2731 videri

757 2750 885 2786 statuit
922 2754 1036 2799 atque
1072 2750 1191 2800 ipsum
1238 2750 1415 2787 Osirz'dem

756 2805 972 2854 th‘lensem,
1004 2807 1137 2853 deum,
1167 2807 1223 2843 cui
1252 2811 1415 2843 mortuo-

755 2875 834 2899 rum
864 2863 955 2900 haec
981 2863 1164 2901 domicilia
1183 2863 1414 2913 (pyramides

757 2919 851 2967 scil.)
881 2924 1094 2957 consecrata
1122 2920 1261 2957 fuerint
1285 2932 1414 2968 quem-
