1759 3324
336 277 424 320 381

737 275 1214 317 HERODOTI

336 383 456 443 χώρη
486 385 528 438 ές
556 385 638 443 τὴν
665 384 848 443 ἤπειρον
876 388 1075 446 τελευτᾷ,
1104 384 1242 443 ταύτῃ
1274 383 1297 431 ὁ
1328 381 1490 442 ἰσθμός
1509 384 1600 430 ἐστι

308 464 422 509 5τὸυ
451 465 670 520 ὤρυσσον.
701 465 775 509 καὶ
803 465 855 523 δὴ
884 470 1022 523 πολλῇ
1050 466 1160 522 χειρὶ
1191 465 1490 521 ἐργαζομένων
1508 469 1600 509 τῶν

334 546 553 589 Κνιδίων·
610 549 779 600 μᾶλλον
814 543 897 600 γάρ
936 561 977 588 τι
1005 545 1077 589 καὶ
1106 543 1333 597 θειότερον
1361 544 1599 600 ἐφαίνοντο

334 621 649 678 τιτρώσκεσθαι
678 625 722 666 οῖ
750 622 1032 678 ἐργαζόμενοι
1060 627 1140 668 τοῦ
1170 621 1342 674 οἰκότος
1370 623 1423 667 τά
1452 640 1496 667 τε
1527 622 1602 667 ἅλ-

334 705 391 744 λα
418 704 500 745 τοῦ
529 699 754 755 σώματος,
783 701 857 744 καὶ
884 700 1070 756 μάλιστα
1098 701 1151 746 τὰ
1177 702 1278 757 περὶ
1306 703 1410 754 τοὺς
1435 702 1601 758 ὀφθαλ-

334 778 470 836 μοὺς,
499 778 781 835 θραυομένης
808 782 885 834 τῆς
912 780 1089 837 πέτρης·
1120 780 1311 837 ἔπεμπον
1331 781 1373 833 ἐς
1395 781 1600 839 Δελφούς
1611 787 1657 824 85

306 866 328 900 6
338 854 621 913 θεοπρόπους
651 856 994 913 ἐπερησομένους
1021 859 1071 902 τὸ
1103 858 1316 912 ἀντίξοον.
1370 859 1399 917 ἡ
1433 862 1479 906 δὲ
1508 866 1598 906 Πυ-

333 938 413 993 θίη
442 948 546 993 σφι,
577 933 638 987 ὥς
668 934 796 980 αὐτοὶ
824 936 1003 981 Κνίδιοι
1030 936 1228 995 λέγουσι,
1265 942 1346 996 χρᾷ
1375 938 1423 984 ἐν
1449 940 1599 999 τριμέ-

333 1031 423 1074 τρῳ
451 1014 566 1076 τόνῳ
595 1011 699 1060 τάδε
710 1029 721 1041 ·

491 1093 642 1140 Ἰσθμὸν
666 1091 708 1130 δὲ
730 1090 782 1140 μὴ
803 1095 1007 1140 πυργοῦτε,
1031 1092 1124 1142 μήδ’
1149 1092 1342 1140 ὀρύσσετε·

501 1151 593 1195 Ζευς
616 1151 686 1199 γάρ
709 1150 740 1189 κ’
766 1152 877 1200 ἔθηκε
900 1156 1038 1200 νῆσον,
1063 1154 1102 1190 εἴ
1118 1149 1148 1189 κ’
1174 1154 1358 1201 ἐβούλετο.
1609 1156 1657 1192 90

303 1227 327 1264 7
336 1222 513 1266 Κνίδιοι
539 1220 640 1278 μέν,
687 1224 825 1265 ταῦτα
851 1225 928 1280 τῆς
958 1224 1134 1279 Πυθίης
1162 1221 1402 1281 χρησάσης,
1450 1225 1533 1267 τοῦ
1555 1238 1601 1267 τε

335 1299 586 1358 ὀρύγματος
627 1297 896 1346 ἐπαύσαντο·
953 1302 1030 1346 καὶ
1061 1300 1285 1360 Ἁρπάγῳ,
1323 1299 1487 1346 ἐπιόντι
1515 1301 1600 1346 σύν

334 1384 397 1439 τῷ
435 1383 627 1440 στρατῷ,
685 1378 871 1438 ἀμαχητὶ
927 1392 1064 1438 σφεας
1112 1380 1277 1434 αὐτούς
1331 1379 1593 1438 παρέδοσαν.

276 1577 324 1614 cti
351 1576 389 1614 in
408 1576 510 1626 loco,
541 1577 604 1628 qui
630 1578 931 1630 interpretatione

275 1633 527 1683 illustrandus,
544 1648 620 1672 non
637 1635 932 1673 coniecturamu-

274 1690 408 1727 tandus
435 1695 535 1738 erat,
555 1692 827 1729 emendationes
844 1704 933 1742 pro-

274 1751 494 1797 posuerunt3
523 1747 561 1785 in
587 1748 716 1797 quibus
738 1761 932 1786 recensen-

275 1803 332 1840 dis
362 1815 406 1840 eo
434 1804 552 1841 minus
582 1804 766 1841 immorari
790 1804 927 1852 lubeat,

274 1872 349 1909 quo
367 1859 483 1908 magis
502 1860 594 1898 istae
608 1861 656 1898 ad
673 1874 784 1898 unum
801 1873 928 1898 omnes

274 1928 519 1965 supervacuae
547 1917 752 1955 videantur.
817 1917 930 1954 Plura

273 1972 346 2009 vid.
366 1972 404 2009 in
428 1976 521 2010 nott.
542 1973 793 2020 Valckenarii‚
818 1973 930 2011 Wes-

274 2027 419 2077 selingii
437 2032 474 2066 et
493 2029 696 2077 Schweigh.
718 2030 767 2066 ad
785 2029 820 2066 h.
838 2028 862 2065 l.

332 2086 481 2134 μᾶλλον
492 2080 568 2136 γάρ
591 2083 702 2124 τικαὶ
719 2080 929 2136 θειότερον

274 2136 489 2188 ἐφαίνοντο
517 2155 552 2179 κ.
582 2154 616 2179 τ.
637 2143 684 2185 λ.]
726 2141 809 2177 Hoc
835 2153 928 2189 quo-

277 2208 350 2244 que
377 2195 458 2233 loco
487 2197 777 2234 enunciationem
801 2209 929 2234 causa-

274 2250 347 2289 lem
372 2265 440 2302 per
475 2252 687 2302 particulam
715 2249 790 2304 γοῖρ
817 2265 926 2303 prae-

271 2308 419 2345 missam
434 2309 634 2346 invenimus
646 2338 657 2356 ,
675 2312 712 2346 et
729 2321 830 2356 eam,
853 2309 926 2357 qua

273 2364 424 2401 effectus
441 2369 590 2401 notatur
617 2363 812 2415 (ἔπεμπον
832 2379 865 2403 κ.
890 2379 923 2403 τ.

272 2420 341 2467 λ.),
367 2421 630 2471 postpositam3
660 2421 706 2458 de
731 2434 804 2470 quo
833 2420 924 2457 dixi-

272 2489 352 2514 mus
389 2477 439 2513 ad
477 2476 518 2524 I,
551 2477 617 2518 24.
656 2477 925 2528 τιτρώσκε-

273 2536 337 2571 σθ
350 2547 400 2571 αι
429 2532 499 2569 hoc
517 2532 597 2570 loco
618 2533 786 2571 omnino:
814 2532 923 2582 affici,

271 2588 440 2626 laborare.
504 2589 566 2626 Sic
599 2592 757 2640 τραῦμα
796 2589 924 2626 vulnus

269 2657 339 2696 pro
360 2644 495 2695 plaga,
524 2644 624 2682 clade
653 2657 764 2695 supra
788 2645 826 2692 I,
857 2647 921 2686 18.

270 2700 352 2739 Nec
369 2701 486 2740 aliena
512 2705 615 2749 sunt,
644 2714 738 2750 quae
762 2702 810 2738 ad
835 2701 921 2738 Plu-

271 2757 382 2801 tarch,
401 2757 580 2794 Alcibiad.
599 2757 779 2807 pag.215
804 2757 919 2794 citavi.

269 2833 328 2843 ·-
351 2815 425 2853 τοῦ
451 2808 607 2859 οἰκότος
628 2826 708 2850 cum
731 2825 920 2863 compara-

269 2869 352 2907 tivis
397 2869 621 2920 praegressis
674 2869 918 2917 iungendum:

270 2928 387 2976 magis
416 2939 521 2978 quam.
548 2929 809 2966 consentaneum
827 2928 916 2964 erat.

1053 1575 1310 1631 θραυομένης
1335 1579 1408 1629 τῆς
1433 1574 1600 1630 πέτρης]
1628 1577 1654 1617 ἱ.

999 1648 1032 1674 e.
1061 1636 1179 1683 „dum
1207 1635 1244 1672 id
1266 1635 1385 1685 ipsum
1405 1647 1549 1682 saxum,
1579 1647 1654 1684 quo

997 1691 1149 1729 isthmus
1169 1692 1383 1738 constabat,
1413 1703 1558 1740 quoque
1578 1695 1654 1728 ter-

998 1760 1061 1785 rae
1081 1747 1281 1786 continenti
1296 1747 1418 1783 iuncta
1435 1752 1513 1785 erat
1523 1746 1655 1798 penin-

1001 1803 1079 1841 sula
1098 1804 1158 1841 illa
1180 1817 1209 1841 s.
1221 1803 1435 1840 Cnidiorum
1453 1803 1557 1850 ditio,
1568 1815 1655 1853 per-

994 1861 1221 1909 fringebatur
1266 1859 1480 1896 Cnidiorum
1534 1858 1654 1896 mani-

997 1917 1104 1954 bus.“
1133 1937 1190 1944 —
1217 1912 1263 1954 τό
1295 1910 1477 1961 α’ντίξοον
1515 1918 1571 1952 est
1599 1914 1652 1963 id,

997 1971 1089 2022 quod
1115 1974 1202 2022 ipsis
1233 1971 1497 2018 adversaretur,
1525 1983 1549 2008 a
1576 1984 1650 2020 quo

995 2028 1132 2066 latente
1142 2029 1280 2078 (ipsos)
1293 2032 1393 2064 tanta
1410 2027 1506 2064 mala
1518 2027 1647 2077 (ipsis)

994 2084 1248 2132 infligerentur
1284 2096 1376 2134 opus
1421 2083 1649 2121 facientibus.

993 2134 1195 2186 Ἀντίξοος
1229 2142 1446 2187 contrarias,
1477 2139 1648 2178 adversa-

993 2198 1070 2233 rius
1096 2197 1269 2245 frequens
1291 2195 1451 2233 Nostro:
1481 2195 1520 2242 I,
1551 2198 1651 2238 218.

993 2252 1056 2299 1V,
1080 2254 1171 2294 129.
1203 2251 1274 2298 VI,
1295 2256 1333 2293 7.
1363 2252 1445 2301 VH,
1465 2251 1533 2294 49.
1553 2253 1648 2294 150.

994 2310 1086 2350 192.
1116 2307 1221 2356 VIII,
1248 2310 1342 2350 119.

1049 2418 1088 2459 εἴ
1118 2412 1162 2458 κ’
1194 2415 1405 2471 ἐβούλετο]
1447 2435 1492 2460 κε
1520 2424 1647 2460 contra

990 2476 1178 2525 vulgarem
1199 2490 1304 2513 usum
1331 2476 1390 2514 hie
1417 2479 1556 2528 protasi
1579 2479 1647 2516 ad-

991 2533 1107 2570 ditum
1131 2533 1208 2570 iure
1238 2536 1342 2569 notat
1370 2532 1549 2573 Matthiae
1578 2535 1646 2571 Gr.

993 2589 1059 2626 Gr.
1092 2586 1129 2639 §.
1159 2590 1241 2630 508
1281 2592 1356 2625 not.
1389 2592 1433 2637 1,
1470 2590 1533 2628 ubi
1568 2590 1644 2627 vid.

990 2644 1099 2681 Plura
1126 2644 1212 2682 citat
1246 2645 1462 2684 Schaeferus
1497 2647 1535 2684 iu
1561 2645 1647 2684 Me-

989 2699 1064 2738 lett.
1085 2701 1177 2738 critt.
1200 2714 1235 2751 p.
1259 2700 1324 2742 51.
1355 2702 1500 2752 Steger.
1529 2702 1644 2740 Prae-

986 2757 1051 2793 fat.
1081 2757 1129 2793 ad
1160 2757 1339 2794 Herodot.
1360 2770 1447 2808 pag.
1469 2757 1506 2795 X
1535 2757 1643 2796 scribi

985 2812 1061 2850 vult
1083 2811 1123 2851 εἴ
1140 2808 1183 2865 γ’
1205 2809 1402 2866 ἐβούλετο,
1426 2826 1642 2866 comparans

984 2866 1038 2917 11,
1058 2867 1124 2910 43.

1667 867 1720 907 83
