1805 3324
335 259 421 300 278

728 248 1202 292 HERODOTI

338 364 366 423 ἡ
394 365 464 419 δὲ,
503 362 562 416 ὥς
595 359 680 408 εἶδε
707 361 757 405 τό
787 362 964 404 παιδίον
993 360 1101 418 μέγα
1130 374 1175 402 τε
1213 357 1287 401 καὶ
1330 355 1488 407 εὐειδὲς
1517 354 1604 408 ἐὸν,

338 442 616 500 δακρύσασα,
664 441 737 486 καὶ
777 439 996 497 λαβομένη
1035 442 1124 482 τῶν
1164 436 1393 493 γουνάτων
1420 437 1502 479 τοῦ
1533 433 1605 478 ἀν-

313 523 478 580 Ξδρὸς,
509 522 652 579 ἔχρῃζε
680 521 867 576 μηδεμιῇ
895 518 1020 574 τέχνῃ
1050 517 1246 561 ἐκθεῖναί
1273 533 1360 573 μιν.
1391 513 1414 559 ὁ
1447 515 1493 558 δὲ
1523 512 1606 559 οὐκ

342 604 427 659 ἔφη
456 599 548 652 οἷός
576 616 621 644 τε
651 596 763 643 εἶναι
791 599 929 648 ἄλλως
959 595 1069 640 αὐτοὶ
1098 596 1279 639 ποιέειν·
1311 593 1609 652 ἐπιφοιτήσειν

345 683 431 739 γὰρ
461 676 767 726 κατασκόπους
805 675 849 728 ἐξ
888 675 1108 731 Ἁρπάγου
1140 673 1456 731 ἐποψομένους·
1506 672 1666 717 ἄπο-70

343 760 518 806 λέεσθαί
556 772 601 800 τε
640 753 849 808 κάκιστα,
906 754 964 810 ἢν
1003 752 1061 811 μή
1092 764 1204 809 σφεα
1232 753 1410 811 ποιήσῃ.

1471 753 1532 806 ὦς
1562 753 1610 797 δὲ

345 838 430 884 οὐκ
459 837 604 882 ἔπειθε
632 834 716 890 ἄρα
744 833 824 877 τόν
854 831 1019 888 ἄνδρα,
1071 831 1252 887 δεύτερα
1291 833 1404 889 λέγει
1441 831 1469 890 ἡ
1499 831 1612 889 γυνὴ

318 917 475 962 Βτάδε·
518 912 669 966 ,,Ἐπεὶ
694 914 849 956 τοίνυν
878 910 934 957 ου’
964 911 1157 967 δύναμαί
1188 923 1233 955 σε
1261 914 1432 955 πείθειν
1460 911 1518 967 μή
1544 912 1616 955 ἐκ-

349 1030 375 1048 ,,
387 999 533 1040 θεῖναι
548 1027 560 1047 ‚
590 993 645 1037 σύ
677 994 723 1037 δὲ
753 987 838 1037 ὦδε
865 992 1076 1047 ποίησον,
1107 991 1143 1035 εἰ
1165 990 1217 1047 δὴ
1237 991 1355 1034 πᾶσά
1377 1007 1426 1047 γε
1447 987 1617 1046 ἀνάγκη

350 1072 583 1131 ,,όφθῆναι
614 1072 886 1127 ἐκκείμενον·
918 1070 1072 1114 τέτοκα
1100 1068 1186 1125 γάρ
1217 1070 1292 1114 καὶ
1320 1068 1431 1126 ἐγώ,
1466 1068 1675 1113 τέτοκα75

321 1154 440 1208 4,,δὲ
467 1152 666 1204 τεθνεός·
691 1155 823 1196 τοῦτο
853 1148 932 1205 μὲν
963 1149 1113 1206 φέρων
1142 1149 1333 1204 πρόθες,
1361 1148 1439 1193 τὸν
1469 1149 1516 1194 δὲ
1543 1153 1621 1206 τῆς

353 1230 645 1289 »Ἀστυάγεος
683 1227 908 1286 θυγατρός
951 1231 1088 1273 παῖδα
1128 1227 1188 1280 ὦς
1229 1229 1270 1281 ἐξ
1306 1228 1454 1286 ἡμέων
1492 1228 1621 1273 ἐόντα

357 1346 384 1366 ,,
394 1313 625 1369 τρέφωμεν
635 1325 645 1336 ·

708 1310 784 1354 καὶ
821 1308 938 1353 οὕτω
977 1308 1078 1353 οὔτε
1116 1307 1170 1352 σύ
1209 1306 1396 1352 ἁλώσεαι
1433 1307 1622 1354 οἷδικὲων

354 1391 496 1445 »τούς
533 1387 772 1443 δεσπότας,
830 1387 934 1434 οὕτε
971 1387 1076 1446 ἡμῖν
1115 1391 1262 1440 κακῶς
1300 1389 1625 1445 βεβουλευμένα

327 1472 528 1525 5,,ἔσται.
588 1469 613 1514 ὅ
642 1485 687 1513 τε
715 1468 801 1526 γὰρ
841 1467 1029 1520 τεθνεώς
1068 1469 1296 1525 βασιληΐης
1323 1472 1465 1524 ταφῆς
1492 1467 1682 1524 κυρή-80

359 1561 482 1604 ,,σει,
543 1549 620 1595 καὶ
666 1548 690 1594 ὁ
742 1547 929 1604 περιεών
979 1547 1062 1592 οὐκ
1106 1545 1280 1591 άπολέει
1317 1546 1399 1604 τήν
1439 1546 1627 1603 ψυχήν.“

205 1640 306 1688 113
362 1629 517 1685 Κάρτα
545 1645 590 1673 τε
618 1628 736 1681 ἔδοξε
763 1632 825 1689 τῷ
853 1627 1055 1686 βουκόλῳ
1094 1626 1204 1681 πρὸς
1239 1626 1293 1670 τὰ
1330 1624 1550 1682 παρεόντα
1578 1620 1627 1670 εὖ

332 1708 502 1766 Ξλέγειν
530 1706 558 1766 ἦ
585 1707 724 1766 γυνὴ,
770 1708 844 1753 καὶ
872 1705 1028 1752 αὐτίκα
1057 1706 1197 1751 ἐποίεε
1224 1709 1375 1750 ταῦτα.
1434 1704 1515 1751 τόν
1550 1704 1631 1763 μὲν

307 1894 346 1947 §.
367 1895 450 1938 565
477 1898 554 1932 not.
572 1896 600 1936 3
630 1906 717 1945 pag.
740 1892 849 1935 1114
880 1893 962 1931 coll.

308 1950 348 2004 ἓ.
370 1955 453 1994 620
485 1963 573 2002 pag.
597 1950 731 1997 1257,
770 1950 832 1998 qui
860 1950 962 1999 quod

307 2007 569 2046 inHerodoteo
588 2005 667 2043 loco
678 2005 862 2043 laudando
879 2010 965 2056 post

309 2063 353 2104 δὲ
371 2063 565 2113 adscripsit
588 2076 629 2100 τε
659 2062 760 2099 uncis
785 2062 964 2099 inclusum

311 2124 349 2158 et
369 2120 538 2170 apposito
565 2118 815 2167 interrogandi
843 2119 965 2166 signo,

309 2173 379 2214 hoc
399 2188 472 2224 quo
490 2175 640 2220 tendat,
669 2187 745 2211 non
773 2175 862 2211 satis
881 2187 966 2225 per-

311 2231 438 2283 spicio,
494 2229 554 2268 An
586 2229 701 2267 voluit
746 2244 819 2277 τε,
866 2231 968 2280 quod

311 2300 381 2340 pro
402 2283 445 2326 δὲ
474 2287 512 2323 in
533 2290 671 2324 textum
688 2286 881 2336 recipiatur
891 2286 912 2323 ἲ

372 2341 503 2398 ἔχρῃζε
520 2342 695 2396 μηδεμιῇ
716 2341 858 2397 τέχνῃ]
891 2343 913 2380 i.
935 2356 966 2381 e.

312 2398 542 2447 vehementer,
580 2402 687 2436 etiam
725 2403 829 2450 atque
864 2402 969 2437 etiam

315 2456 529 2503 (maritum)
559 2455 731 2504 rogabat,
770 2469 813 2492 ne
838 2469 971 2506 pueru-

313 2512 388 2549 lum
424 2515 612 2562 exponeret.
682 2512 883 2550 Admonuit
923 2513 972 2550 de

313 2567 493 2606 locutione
519 2563 628 2623 πάσῃ
658 2567 774 2623 τέχνῃ
806 2582 848 2606 ac
872 2568 973 2606 simi-

314 2625 407 2662 libus
445 2623 629 2662 Wesselin
660 2653 668 2661 .
704 2625 753 2663 ad
796 2625 971 2677 Sophocl.

315 2680 415 2718 Aiac.
436 2679 521 2722 743
551 2680 610 2719 ed.
662 2682 705 2719 rf.

374 2735 411 2776 εἰ
428 2733 479 2786 δή
498 2733 609 2776 πᾶσά
635 2752 678 2790 γε
700 2734 879 2789 α’νάγκη]
911 2737 974 2776 Sic

317 2792 481 2844 plerique
501 2792 593 2830 libri.
643 2794 676 2831 A
696 2793 864 2832 Mediceo
882 2794 972 2833 alio-

317 2861 391 2898 que
423 2849 515 2886 libro
564 2849 670 2887 abest
705 2850 881 2901 particula
915 2865 972 2904 γε,

319 2905 434 2943 eiecta
465 2904 551 2943 inde
573 2917 596 2943 a
625 2906 834 2956 Gronovio‚
871 2907 973 2957 quod

1030 1892 1199 1944 probavit
1217 1891 1455 1941 Wesseling.,
1479 1889 1572 1928 alios
1587 1889 1688 1928 locos

1032 1954 1070 1987 et
1087 1948 1217 1986 Nostri
1236 1948 1313 1995 (ΙΙ,
1335 1952 1402 1988 22.
1421 1947 1488 1989 35.
1517 1947 1581 1995 IV,
1594 1949 1688 1989 179.

1031 2005 1078 2052 V,
1090 2005 1165 2052 32)
1184 2009 1220 2041 et
1227 2004 1379 2042 aliorum
1390 2006 1606 2055 scriptorum
1616 2003 1691 2041 col-

1032 2061 1210 2107 laudans,
1248 2061 1311 2098 ubi
1342 2062 1379 2098 in
1408 2061 1477 2098 hac
1508 2060 1693 2098 locutione

1033 2117 1264 2156 desideratur
1284 2117 1460 2168 particula
1480 2131 1536 2169 γε.
1572 2117 1694 2161 Quam

1033 2178 1155 2211 tamen
1181 2178 1308 2210 nostro
1344 2174 1425 2211 loco
1457 2173 1696 2224 aptissimam,

1034 2230 1215 2279 bonisque
1235 2230 1335 2267 libris
1354 2230 1534 2267 firmatam
1547 2243 1626 2267 eum
1637 2243 1697 2267 re-

1037 2291 1146 2325 centt.
1168 2287 1271 2324 editt.
1302 2287 1493 2325 restituere
1518 2299 1594 2323 non
1627 2287 1697 2323 du-

1036 2343 1240 2381 bitavimus.
1278 2343 1321 2380 In
1341 2356 1446 2391 seqq.
1461 2343 1573 2380 miror
1585 2343 1699 2380 Gais-

1037 2400 1195 2438 sordium
1222 2412 1243 2438 e
1274 2399 1458 2437 Sancrosti
1499 2399 1593 2436 libro
1620 2411 1697 2436 non

1038 2458 1300 2495 rescribentem
1354 2450 1581 2507 Ἀστυάγεω
1627 2468 1697 2506 pro

1039 2512 1189 2562 vulgata
1206 2512 1426 2562 reliquorum
1445 2512 1552 2549 codd.
1571 2511 1698 2548 lectio-

1040 2582 1088 2607 ne
1103 2565 1346 2620 Ἀστυάγεος.
1403 2567 1508 2606 Idem
1527 2572 1616 2618 post
1640 2581 1699 2605 re-

1041 2627 1188 2676 scripsit
1219 2620 1416 2671 δεσπότας
1443 2623 1539 2674 (pro
1561 2619 1699 2664 δεσπό-

1040 2683 1164 2731 τεας),
1199 2682 1301 2731 quod
1317 2681 1547 2719 adscivimus.
1588 2681 1698 2718 Conf.

1039 2738 1079 2787 Ι,
1111 2741 1202 2781 111.

1239 2827 1303 2865 Ca
1314 2840 1352 2879 p.
1384 2826 1518 2865 CXIII.

1101 2902 1171 2947 τόν
1194 2922 1221 2957 μ
1234 2903 1251 2946 ὲ
1264 2921 1287 2946 ν
1311 2904 1428 2959 ἔφερε
1449 2902 1701 2947 θανατώσων
