1805 3315
229 410 297 457 45

24 473 170 503 Adrastus
211 477 300 516 culpa

24 516 145 544 vacans,
162 513 193 537 ct
210 511 299 538 meri-

21 545 72 568 tus
96 529 233 580 vcinam,
265 552 299 571 se

22 575 89 609 ipse
121 575 151 603 in
187 565 298 604 mortui

22 607 110 637 busto
127 615 248 640 mactat.

348 224 432 264 1⁰6
474 214 494 234 '

782 222 1250 262 HERODOTl

346 331 681 390 ὂὲἙταιρήϊον,
725 331 784 384 ὥς
813 331 990 389 φύλακα
1019 331 1276 389 συμπέμψας
1306 328 1465 380 αὐτὸν,
1508 324 1632 383 εὑρή-

344 428 416 456 κοι
445 409 780 467 πολεμιώτατον.

345 490 553 546 φέροντες
581 489 658 534 τὸν
678 490 858 546 νεκρόν·

841 415 1055 467 Παρῆσαν
1077 411 1122 455 δὲ
1144 410 1250 467 μετὰ
1272 414 1401 454 τοῦτο
1427 408 1469 450 οἱ
1491 405 1677 449 Λυδοὶ75

902 490 1058 535 ὄπισθε
1092 492 1137 535 δὲ
1169 488 1311 534 εἵπετό
1340 490 1384 531 οῖ
1412 485 1436 530 ὁ
1456 482 1630 541 φονεύς.

346 569 448 621 στὰς
479 571 525 614 δὲ
563 564 693 620 οὗτος
728 569 813 624 πρὸ
854 574 935 613 τοῦ
972 574 1158 625 νεκροῦ,
1196 570 1436 624 παρεδίδου
1467 563 1631 609 ἑωυτόν

344 651 546 704 Κροίσῳ,
587 649 828 703 προτείνων
857 647 934 699 τὰς
960 655 1128 704 χεῖρας,
1175 647 1521 700 ἐπικατασφάξαι
1555 661 1631 700 μιν

343 727 534 771 κελεύων
565 729 625 786 τῷ
652 730 812 782 νεκρῷ·
847 726 985 782 λέγων
1019 728 1099 784 τήν
1128 743 1171 770 τε
1204 728 1421 783 προτέρην
1462 725 1630 769 ἑωυτοῦ

342 805 602 862 συμφορὴν,
631 805 702 848 καὶ
730 803 786 856 ὡς
814 804 876 869 ἐπ’
904 806 1045 861 ἐκείνῃ
1077 806 1155 849 τὸν
1178 805 1435 862 καθήραντα
1465 803 1631 848 ἀπολω-

320 884 478 935 Ξλεκώς
507 886 594 940 εἴη,
633 883 740 927 ου’δέ
773 886 817 926 οἱ
851 885 915 938 εἴη
946 883 1173 940 βιώσιμον.

1233 888 1428 939 Κροῖσος
1463 883 1509 927 δὲ
1534 879 1675 926 τού-80

343 979 432 1006 των
462 960 675 1015 ἀκούσας,
706 961 784 1006 τόν
813 977 857 1004 τε
872 959 1116 1018 ’Ἄδρηστον
1140 966 1443 1018 κατοικτείρει,
1472 963 1630 1015 καίπερ

343 1040 429 1085 ἐών
454 1041 499 1083 ἐν
524 1046 645 1101 κακῷ
675 1044 829 1099 οἰκηίῳ
853 1039 1070 1099 τοσούτῳ,
1102 1042 1175 1086 καὶ
1203 1042 1314 1097 λέγει
1331 1041 1441 1097 πρὸς
1471 1039 1627 1084 αὐτόν·

343 1119 503 1177 ,,’Έχω,
543 1116 578 1165 ὦ
607 1122 735 1174 ξεῖνε,
774 1120 894 1176 παρὰ
924 1125 1000 1165 σεῦ
1028 1125 1173 1165 πᾶσαν
1199 1119 1280 1177 τήν
1311 1122 1457 1177 δίκην,
1485 1117 1629 1174 ἐπειδὴ

319 1213 369 1253 3,,
380 1204 573 1244 σεωυτοῦ
599 1200 897 1254 καταδικάζεις
938 1199 1148 1245 θάνατον.

407 1519 672 1534 ΧΧΧΧ

296 1592 420 1626 ραντα
449 1572 709 1624 απολωλεκως
733 1576 818 1628 εἴη]
859 1578 953 1614 Cum

294 1646 408 1684 supra
425 1633 462 1682 I,
487 1635 541 1676 35
561 1633 751 1672 Croesus
742 1647 823 1684 ipse
833 1633 953 1670 Adra-

294 1695 390 1727 stum
422 1691 589 1740 expiasse
618 1691 778 1738 dicatur,
816 1689 873 1727 hic
897 1689 952 1726 lo-

296 1760 359 1784 cus
383 1746 477 1784 male
495 1746 604 1784 habet
627 1746 860 1794 Larcherum‚
889 1746 952 1783 ubi

296 1816 320 1840 a
349 1802 423 1840 filio
450 1808 536 1853 post
566 1815 673 1841 caeso
704 1802 793 1840 illud
816 1804 950 1840 sactum

297 1860 475 1897 videatur.
553 1860 630 1897 Sed
661 1860 763 1896 fiuxit
802 1859 872 1895 hoc
906 1872 949 1896 ex

295 1915 480 1953 Herodoti
508 1915 587 1952 loco
615 1915 710 1953 male
747 1915 948 1953 intellecto:

294 2001 320 2020 ‚‚
333 1972 461 2021 depuis
483 1972 542 2020 qu’
546 1986 567 2008 a
588 1985 656 2009 son
673 1972 830 2022 premier
840 1972 948 2009 crime

295 2027 320 2064 il
349 2040 395 2065 en
427 2041 448 2064 a
478 2028 598 2076 ajoute
630 2041 680 2064 un
711 2028 867 2075 second,
908 2040 948 2064 en

295 2086 399 2121 tuant
422 2083 513 2120 celui
523 2085 619 2133 ‚qui
637 2084 705 2121 l'av
708 2085 758 2121 oit
780 2084 947 2133 purifief‘

297 2141 412 2178 Cuius
430 2141 585 2188 vestigia
596 2141 731 2189 pressit
749 2140 839 2178 alter
859 2139 949 2176 Gal-

296 2196 352 2234 lus
372 2196 551 2246 interpres
563 2225 573 2244 ,
592 2196 696 2234 Miot.
727 2197 804 2234 Sed
821 2196 948 2234 melius

294 2252 448 2291 Latinus
481 2253 680 2303 interpres:
748 2255 844 2303 „qui
867 2255 948 2302 post

295 2311 501 2358 superiorem
527 2309 785 2358 calamitatem,
824 2311 947 2358 expia-

296 2370 403 2404 torem
433 2368 538 2403 etiam
562 2379 663 2403 suum
694 2366 745 2413 (i.
775 2379 806 2403 e.
833 2365 948 2402 Croe-

295 2436 397 2469 sum,
427 2435 503 2458 non
524 2422 636 2459 filium
650 2422 747 2471 eius)
772 2420 949 2472 perdidis-

295 2481 386 2516 sets<
445 2479 563 2522 Quem
588 2487 731 2516 secutus
752 2478 864 2515 Italus
892 2479 948 2515 in-

295 2540 456 2585 terpre5‚
506 2540 603 2572 recte
636 2535 727 2573 haec
761 2535 871 2572 verba
899 2534 949 2570 ita

296 2592 475 2630 reddidit:
505 2604 562 2638 „e
583 2605 685 2630 come
712 2592 751 2628 in
773 2591 950 2639 aggiunta

295 2649 438 2686 avendo
457 2648 549 2684 fatto
563 2651 677 2697 perire
698 2648 720 2684 il
741 2660 808 2684 suo
830 2647 950 2696 espia-

296 2711 398 2751 tore,
423 2716 497 2740 non
520 2705 656 2742 dovera
682 2705 745 2755 piu
765 2702 855 2741 oltre
876 2702 948 2750 egli

296 2762 454 2799 vivere.“
528 2760 571 2798 In
613 2766 700 2798 nota
739 2764 860 2797 autem
901 2759 949 2796 de

294 2818 469 2858 Larcheri
488 2818 664 2868 scrupulis
693 2818 782 2854 haee
809 2816 947 2866 posuit:

298 2874 359 2924 „A
380 2875 457 2913 dire
477 2873 500 2910 il
521 2887 605 2912 vero
621 2879 750 2926 questo
768 2885 858 2910 sono
871 2885 949 2911 me-

1209 1199 1269 1252 εἶς
1304 1200 1350 1244 δὲ
1381 1199 1435 1244 οὐ
1465 1197 1520 1243 σύ
1553 1215 1629 1254 μοι

1020 1422 1059 1448 re
1084 1410 1217 1446 ciance.
1264 1407 1353 1446 Non
1377 1407 1408 1443 si
1428 1418 1582 1454 accorge
1602 1405 1675 1454 egli

1021 1466 1086 1503 che
1096 1466 1121 1502 il
1143 1465 1271 1502 dolore
1299 1478 1319 1502 e
1340 1464 1375 1501 la
1395 1463 1615 1512 gratitudine
1641 1467 1678 1500 et

1020 1522 1044 1558 il
1065 1535 1206 1570 sangue
1227 1522 1339 1559 fanno
1364 1520 1430 1557 che
1447 1519 1607 1556 Adrasto
1627 1519 1674 1555 ri-

1021 1579 1153 1627 guardi
1179 1590 1281 1615 come
1306 1589 1380 1615 una
1407 1576 1486 1612 sola
1516 1587 1676 1625 persona

1020 1635 1044 1671 il
1076 1636 1191 1684 padre
1226 1634 1273 1670 ed
1303 1633 1328 1670 il
1367 1630 1589 1680 figlivolo?“
1618 1653 1674 1658 ——

1020 1690 1079 1728 Ad
1095 1690 1313 1727 locutionem
1332 1684 1593 1734 ἀπολωλεκώς
1612 1687 1674 1738 εἰἠ

1020 1747 1156 1784 consul.
1175 1746 1337 1784 Fischer.
1370 1746 1419 1783 ad
1436 1744 1585 1784 Weller.
1609 1744 1674 1792 ΠΙ,

1018 1804 1042 1841 b
1063 1817 1151 1855 pag.
1172 1807 1209 1844 4.
1231 1804 1270 1845 5.

1074 1885 1147 1938 ἔχω
1159 1909 1215 1915 -
1231 1883 1339 1939 παροῖ
1363 1888 1433 1925 σεῦ
1443 1888 1578 1925 πᾶσαν
1597 1881 1673 1937 τὴν

1017 1942 1135 1994 δίκην
1149 1942 1162 1994 ]
1193 1944 1311 1981 Aliam
1322 1943 1479 1981 Diodori
1494 1943 1675 1979 narratio-

1015 2013 1119 2048 nem,
1149 2014 1220 2049 qua
1238 2001 1358 2037 vivum
1377 1999 1537 2037 comburi
1555 1998 1674 2036 Adra-

1016 2062 1111 2094 stum
1151 2057 1251 2106 prius
1294 2057 1455 2094 Croesus
1496 2055 1672 2103 voluerat,

1015 2126 1127 2165 supra
1144 2114 1216 2150 iam
1238 2113 1489 2151 indicavimus.

1074 2193 1130 2244 εἷς
1153 2194 1194 2236 δὲ
1220 2192 1270 2236 οὔ
1291 2192 1340 2236 σύ
1374 2211 1441 2247 μοι
1459 2196 1580 2236 τοῦδε
1599 2197 1674 2235 τοῦ

1014 2256 1144 2294 κακοῦ
1166 2252 1317 2303 αἴτιος]
1355 2253 1472 2290 Simili
1496 2253 1608 2290 modo
1631 2265 1673 2289 a-

1014 2312 1093 2362 pud
1116 2310 1320 2347 Homerum
1348 2310 1471 2357 (Iliad.
1494 2309 1672 2356 111‚164)

1015 2368 1196 2405 Helenam
1241 2366 1437 2414 alloquitur
1491 2365 1670 2403 Priamus:

1018 2420 1106 2463 οὕτι
1130 2437 1198 2472 μοι
1226 2422 1331 2472 αἰτίη
1357 2421 1464 2471 ἐσσί,
1494 2422 1588 2461 θεοί
1616 2416 1670 2460 νύ

1017 2495 1086 2531 μοι
1108 2478 1229 2516 αἴτιοί
1251 2478 1364 2516 εἰσιν.
1410 2479 1532 2521 Quem
1552 2478 1671 2515 locum

1016 2550 1096 2574 cum
1122 2535 1336 2572 Herodoteo
1378 2534 1450 2571 iam
1474 2534 1671 2571 contende-

1015 2597 1072 2629 rat
1089 2591 1346 2639 Hermogenes
1367 2591 1413 2627 de
1431 2591 1593 2627 method.
1616 2592 1670 2631 32

1017 2662 1054 2699 p.
1080 2648 1159 2688 158
1190 2648 1228 2683 in
1257 2646 1463 2683 universum
1483 2647 1530 2684 de
1549 2647 1671 2684 Hero-

1018 2704 1096 2742 doti
1119 2703 1198 2740 loco
1226 2703 1442 2752 disputans,
1473 2715 1546 2751 quo
1574 2703 1669 2741 male

1016 2763 1192 2799 factorum
1219 2759 1448 2796 consessione
1474 2761 1564 2796 iram
1590 2759 1671 2810 ple-

1016 2828 1167 2866 rumque
1203 2816 1383 2864 exstingui
1422 2816 1671 2867 optimamque

1016 2873 1266 2913 defensionem
1283 2872 1404 2924 parari
1423 2873 1615 2912 evinceret.

1690 489 1742 528 21
