1777 3324
373 283 649 331 EXCURSUS
677 289 731 328 XI
759 287 827 327 AD
856 287 1123 328 HERODOT.
1153 290 1207 338 ΙΙ,
1238 290 1329 332 159.
1529 293 1610 333 921

489 814 1080 864 EXCURSUS
1152 815 1222 862 XI

312 930 437 970 AD
521 930 1387 981 HERODOT.11,159.

176 1165 266 1210 Καὶ
295 1164 487 1219 Σύροισι
517 1168 623 1222 πεζῇ
653 1163 676 1209 ὁ
709 1163 862 1216 Νεκῶς
900 1164 1134 1220 συμβαλών
1174 1164 1222 1208 ἓν
1253 1163 1479 1222 Μαγδόλῳ
1521 1163 1609 1208 ἔνι’-

260 1245 385 1289 κησε·
425 1233 530 1289 μετὰ
561 1234 607 1276 ὁὲ
635 1232 713 1290 τὴν
743 1233 906 1291 μάχην,
948 1231 1148 1277 Κάδυτιν
1177 1232 1308 1277 πόλιν
1337 1236 1412 1289 τῆς
1441 1233 1611 1289 Συρίης

261 1302 424 1346 ἐοῦσαν
452 1300 641 1359 μεγάλην
671 1299 765 1345 εἷλε.

203 1406 404 1457 Magdolus
428 1408 514 1446 urbs
543 1412 765 1446 memoratur
792 1409 829 1446 in
849 1406 1021 1446 Antonin.
1042 1407 1163 1446 itiner.
1190 1419 1277 1459 pag.
1305 1408 1385 1448 178
1415 1407 1609 1446 duodecim

90 1477 247 1515 millibus
266 1482 405 1515 remota
431 1489 453 1514 a
470 1475 616 1514 Pelusio
649 1477 826 1514 orientem
850 1489 998 1523 versus3
1039 1477 1137 1515 unde
1162 1477 1240 1514 iure
1269 1476 1306 1513 in
1340 1476 1506 1513 confiniis
1533 1474 1609 1514 Ae-

92 1547 195 1596 gypti
225 1545 403 1583 inferioris
435 1545 579 1594 Syriam
613 1559 737 1584 versus
764 1545 833 1583 erit
863 1544 1085 1582 collocanda.
1144 1544 1225 1583 Nec
1255 1542 1326 1581 alia
1355 1547 1435 1592 est,
1474 1557 1568 1593 quae
1588 1557 1611 1582 a

91 1613 279 1665 Stephano
302 1613 511 1664 Byzantino
541 1613 724 1650 indicatur
756 1628 783 1651 s.
803 1627 836 1650 v.
861 1618 897 1651 et
917 1614 953 1650 in
974 1626 1096 1650 sacrae
1122 1613 1321 1663 scripturae
1345 1611 1487 1661 aliquot
1510 1613 1610 1661 locis,

90 1681 151 1719 ubi
177 1686 327 1719 vocatur
352 1676 485 1734 biam-3.
516 1681 599 1718 vid.
628 1681 767 1719 Gesen.
788 1682 825 1718 in
843 1680 946 1718 lexic.
966 1681 1136 1718 Hebraic.
1153 1693 1239 1731 pag.
1259 1679 1341 1721 429
1372 1679 1450 1716 coll.
1473 1679 1608 1717 Cham-

89 1748 175 1800 poll.
207 1748 367 1799 l'Egypt.
404 1762 433 1786 s.
463 1748 487 1786 l.
515 1747 617 1798 phar.
653 1750 683 1785 ΙΙ
713 1762 749 1800 p.
778 1752 831 1790 79
866 1753 901 1786 et
932 1748 1105 1785 Valcken.
1135 1749 1171 1785 in
1200 1748 1397 1799 scriptione
1418 1760 1503 1785 mox
1530 1748 1610 1786 lau-

91 1817 215 1854 danda
242 1815 279 1868 5
299 1819 337 1858 7.
357 1819 382 1858 9
415 1829 501 1867 pag.
521 1815 600 1856 159
624 1829 699 1866 seq.
758 1816 810 1854 Et
830 1821 931 1854 vetus
954 1829 1087 1854 nomeu
1106 1816 1143 1853 in
1176 1815 1354 1853 hodierna
1380 1815 1449 1852 loci
1480 1816 1609 1867 appel-

89 1883 228 1923 latione
248 1884 329 1922 Ras
349 1883 380 1921 el
400 1883 530 1934 Moyeh
565 1884 621 1932 (in
645 1884 813 1921 orientali
842 1897 885 1922 ac
905 1885 1132 1922 meridionali
1158 1897 1304 1922 recessu
1332 1883 1430 1921 lacus
1454 1883 1610 1921 Menza-

90 1951 168 2003 leh)
195 1953 311 1991 latere
331 1952 511 1990 existimat
539 1951 724 1989 Mannert.
745 1952 883 2001 Geogr.
905 1953 941 1990 d.
964 1953 1029 1989 Gr.
1051 1965 1085 1989 u.
1109 1951 1217 1989 Rom.
1239 1951 1298 1999 X,
1322 1953 1344 1991 1
1376 1965 1412 2002 p.
1434 1950 1531 1994 489.

203 2020 280 2058 Sed
305 2019 352 2057 ab
381 2032 425 2057 ea
443 2020 533 2057 urbe
560 2020 675 2070 probe
697 2020 955 2069 distinguenda
981 2024 1039 2057 est
1065 2019 1136 2056 alia
1161 2019 1271 2065 urbs,
1308 2030 1403 2067 quae
1431 2019 1468 2056 in
1498 2020 1608 2058 sacris

92 2087 204 2125 literis
232 2086 441 2138 appellatur
468 2093 559 2141 imm:
589 2088 663 2126 sive
690 2083 916 2140 Μαγεδδαί,
953 2089 1002 2125 ad
1026 2086 1313 2124 Manassitarum
1338 2087 1471 2124 tribum
1497 2089 1611 2138 perti-

92 2167 204 2204 nens,
234 2156 283 2193 ad
300 2159 460 2193 montem
481 2155 686 2194 Carmelum
706 2156 798 2203 sita,
838 2168 883 2194 ex
911 2169 983 2206 quo
1014 2156 1094 2207 ipso
1123 2156 1323 2206 porrigitur
1346 2154 1541 2205 planities,
1571 2155 1610 2193 in

93 2235 165 2273 qua
182 2223 314 2261 Iosiam
344 2236 366 2261 a
384 2223 537 2262 Necone
561 2225 694 2262 victum
719 2225 830 2262 fuisse
858 2224 927 2262 loci
952 2237 1077 2262 sacrae
1105 2223 1304 2274 scripturae
1326 2236 1436 2274 supra
1465 2223 1533 2272 (ad
1561 2223 1610 2272 II,

97 2291 195 2340 159)
223 2291 363 2329 laudati
390 2292 570 2329 evincunt.
640 2291 813 2342 Namque
846 2292 935 2330 haec
960 2292 1151 2344 planities,
1192 2303 1287 2340 quae
1316 2303 1339 2328 a
1364 2295 1491 2329 monte
1518 2291 1611 2329 Car-

94 2359 186 2397 melo
207 2360 494 2411 septentrionem
525 2363 637 2409 atque
665 2361 841 2399 orientem
859 2374 985 2399 versus
1018 2361 1067 2397 ad
1102 2359 1300 2396 Iordanum
1321 2372 1437 2409 usque
1459 2363 1612 2410 proten-

95 2427 214 2475 ditur,
247 2427 281 2466 ei
298 2440 496 2477 sanequam
513 2429 736 2479 permeanda
754 2433 831 2477 est,
851 2429 912 2479 qui
931 2440 974 2466 ex
992 2426 1166 2478 Aegypto
1182 2426 1368 2476 Assyriam
1384 2427 1480 2478 petit
1499 2432 1611 2476 atque

95 2494 353 2544 Babyloniam,
392 2497 554 2545 indeque
586 2495 647 2534 illa
676 2496 841 2547 pluribus
871 2496 1018 2548 proeliis
1047 2499 1085 2533 et
1107 2494 1264 2546 plurium
1293 2508 1420 2544 regum
1446 2495 1609 2533 cladibus

97 2561 245 2611 insignis
265 2564 343 2600 fuit.
402 2562 511 2611 Nunc
528 2568 679 2601 vocatur
705 2563 875 2602 Merclscli
899 2563 1103 2601 Ibn-Amer
1132 2562 1155 2599 i.
1177 2575 1207 2600 e.
1232 2566 1375 2614 pratum
1388 2564 1469 2614 fllia·
1483 2564 1611 2601 Ameri.

98 2626 204 2665 Plura
219 2629 320 2667 Iahn.
342 2630 503 2668 biblisch.
524 2630 767 2681 Archaeolog.
802 2632 818 2668 I
846 2645 883 2682 p.
908 2630 989 2672 142
1019 2634 1056 2668 et
1084 2630 1348 2669 Rosenmiiller.
1381 2631 1466 2669 bibl.
1491 2631 1612 2669 Alter-

98 2695 329 2734 thumskund.
349 2699 405 2746 11,
427 2700 448 2739 1
479 2712 564 2749 pag.
591 2699 670 2741 149
701 2700 780 2737 coll.
799 2699 971 2736 Valcken.
988 2699 1011 2736 l.
1033 2699 1055 2734 l.
1080 2697 1117 2749 ξ.
1137 2701 1189 2739 10
1219 2712 1255 2749 p.
1282 2700 1363 2740 160
1386 2711 1465 2748 seq.
1504 2698 1612 2735 Hanc

98 2775 180 2801 vero
204 2765 389 2815 planitiem
417 2767 454 2803 in
482 2767 696 2804 Herodoteo
725 2768 827 2814 loco,
867 2766 928 2803 ubi
957 2766 1004 2803 ad
1031 2765 1247 2814 Magdolum
1271 2779 1395 2815 regem
1425 2765 1612 2802 victoriam

98 2835 303 2880 reportasse
321 2833 496 2883 legimus,
525 2835 801 2884 intelligendam
823 2846 903 2871 esse
923 2835 981 2871 vix
1002 2834 1175 2883 dubium,
1205 2838 1287 2882 aut,
1317 2837 1356 2870 ut
1383 2831 1611 2869 Valckenarii

99 2901 177 2935 utar
199 2899 338 2946 verbis,
376 2905 456 2939 tuto
482 2903 663 2940 adfirmari
691 2902 793 2949 licet,
833 2915 911 2940 cum
948 2902 994 2940 de
1025 2902 1209 2953 Aegyptia
1237 2903 1328 2940 urbe
1355 2899 1532 2950 Magdolo
1565 2911 1611 2936 ne
