1759 3324
524 249 949 289 EUTERPE.
1000 251 1047 289 IL
1322 253 1406 293 727

139 373 252 406 6vv0c
281 361 328 405 δὲ
356 360 521 404 ἐλίπετο
551 358 636 413 πρὸ
666 361 748 402 τοῦ
781 358 1087 414 “Ηφαιστείου,
1141 358 1406 415 ἀνδριάντας
1461 373 1737 407 peravitmoinssos

1461 405 1500 432 ad
1520 406 1645 435 Vulcani
1676 415 1737 436 sta-

136 442 353 490 λιθίνους·
409 436 493 482 δύο
523 437 622 495 μὲν,
671 436 905 494 τριήκοντα
931 438 1125 495 πηχέων,
1165 437 1332 483 ἑωυτόν
1358 456 1403 483 τε
1461 439 1538 474 “¹³‘’
1590 450 1674 469 ⁸⁰³¹¹¹
1707 447 1739 470 θ*

1461 474 1560 499 uxoris
1569 478 1598 501 et
1607 475 1738 503 tiliorum

1459 506 1625 541 imagines:
1652 509 1737 536 Darii

135 519 209 563 καὶ
237 518 316 574 τὴν
343 521 550 573 γυναῖκα·
607 516 709 568 τούς
739 516 785 560 δὲ
817 519 976 569 παῖδας
1006 517 1156 569 ἐόντας
1184 519 1402 574 τέσσερας,
1459 543 1589 567 statuam
1608 543 1737 576 ponian-

1459 576 1490 600 te
1507 573 1575 600 illas
1602 575 1668 610 quis
1686 584 1735 603 ve-

106 599 273 641 Ξεῖκοσι
294 595 462 652 πηχέων
498 595 692 640 ἕκαστον.
733 600 821 640 τῶν
852 596 904 654 δὴ
935 597 957 641 ὁ
990 597 1107 652 ἷρεῦς
1135 602 1215 641 τοῦ
1241 597 1402 654 Ἡφαί-
1458 606 1564 635 tuerit-

133 687 238 720 στου
266 674 412 735 χρόνῳ
439 676 663 731 μετέπειτα
700 680 848 735 πολλῷ
878 682 1077 732 Δαρεῖον
1119 677 1197 720 τὸν
1227 678 1403 734 Πέρσην

75 887 147 924 que
163 873 348 911 Diodorus
365 872 383 909 Ι
395 901 405 919 ,
429 871 481 914 55
503 873 655 923 primam
676 886 735 911 re-

75 932 132 980 gis
160 930 427 980 expeditionem
451 930 563 967 fuisse
596 930 632 966 in
659 929 733 967 Ae-

74 987 238 1036 thiopes,
269 999 362 1036 quos
382 985 580 1023 debellatos
598 987 647 1023 ad
668 999 732 1024 ve-

74 1043 184 1092 ctigal
203 1044 439 1093 pendendum
461 1043 609 1092 cogerit.
658 1042 733 1080 Ubi

75 1101 146 1137 iam
176 1100 444 1149 W'esselingius
485 1100 649 1137 eiusdem
675 1113 733 1137 ar-

75 1158 237 1205 gumenti
262 1157 360 1194 locos
397 1157 590 1194 Strabonis
620 1160 731 1205 atque

74 1213 179 1250 Plinii
209 1214 391 1250 indicavit.
450 1212 571 1262 Atque
602 1214 731 1250 etiam-

74 1283 160 1306 num
192 1270 228 1305 in
258 1268 475 1320 anaglyphis
513 1269 730 1320 templorum

74 1325 377 1376 amplissimorum
411 1325 556 1363 Nubiae
590 1330 627 1363 et
663 1338 731 1362 no-

73 1395 158 1420 men
170 1384 266 1431 regis
278 1382 428 1420 inveniri
440 1382 564 1419 volunt
581 1387 616 1419 et
628 1383 728 1432 ipsas

74 1441 151 1478 eius
173 1452 230 1476 res
247 1442 544 1490 repraesentatas
556 1438 729 1489 conspici,

71 1509 215 1548 pugnas
263 1496 335 1533 scil.
374 1509 454 1533 cum
486 1495 728 1545 Aethiopibus

72 1553 280 1590 commissas
301 1558 338 1591 et
359 1553 525 1590 victorias
554 1553 601 1589 de
629 1552 728 1590 hisce

71 1614 274 1660 reportatas
295 1639 306 1657 ,
340 1609 542 1659 triumphos
570 1609 728 1656 victoris,

73 1667 128 1704 cui
154 1667 288 1703 tributa
307 1679 329 1702 a
348 1666 449 1702 victis
471 1666 727 1715 praebeantur.

72 1723 225 1771 Singula
252 1722 401 1773 protulit
425 1722 586 1759 Heeren.
616 1722 727 1759 Ideen

70 1779 124 1826 II,
151 1782 178 1820 2
206 1792 292 1828 pag.
315 1780 408 1819 318.
437 1779 542 1825 320,
573 1779 635 1827 qui
658 1778 728 1814 hoc

72 1836 179 1873 etiam
199 1837 322 1883 addit,
352 1848 426 1871 non
445 1839 587 1885 partem
611 1847 728 1884 quan-

72 1893 156 1928 dam
193 1892 431 1942 Aethiopiae,
482 1892 547 1928 sed
583 1904 727 1928 omnem

71 1953 205 1986 terram
220 1949 329 1985 armis
350 1952 593 1998 expugnatam
604 1948 726 1985 fuisse.

70 2004 151 2043 Nec
176 2006 287 2042 mirae
311 2006 426 2042 videri
446 2005 582 2042 debent
600 2004 726 2053 Aegy-

68 2062 227 2112 ptiorum
260 2074 389 2110 regum
428 2062 650 2098 incursiones
689 2061 726 2098 in

68 2117 322 2168 Aethiopiam,
346 2131 426 2155 cum
446 2117 504 2156 vel
520 2123 646 2155 nostra
666 2130 730 2155 ae-

69 2179 146 2212 tate
178 2176 272 2212 idem
292 2175 428 2211 factum
450 2175 495 2212 sit
515 2176 560 2211 ab
584 2175 730 2212 hodier—

68 2244 117 2268 no
147 2231 308 2281 Aegypti
336 2244 423 2280 rege
442 2260 453 2278 ,
492 2231 581 2280 qui,
614 2232 727 2281 ipsius

70 2286 231 2339 Aegypti
250 2289 403 2339 imperio
432 2289 518 2325 satis
536 2288 728 2325 confirma-

69 2347 130 2392 to,
160 2345 279 2382 statim
310 2345 422 2381 filium
444 2358 547 2382 suum
569 2359 648 2382 cum
667 2358 729 2382 co-

70 2401 139 2450 piis
181 2401 411 2452 Aethiopiam
446 2415 572 2439 versus
615 2402 725 2449 misit,

73 2469 147 2505 quo
168 2470 248 2494 eam
267 2464 401 2495 terram
423 2459 550 2495 ditioni
565 2472 650 2496 suae
662 2459 728 2495 ad-

72 2513 204 2551 iiceret.
263 2515 372 2552 Cons.
398 2515 557 2553 Heeren.
589 2515 611 2552 l.
631 2515 654 2552 l.
682 2515 728 2563 II,

74 2572 97 2610 1
124 2583 161 2620 p-
183 2570 264 2611 430
285 2584 361 2620 seq.

131 2622 364 2677 μνημόσυνα
395 2624 436 2666 δὲ
467 2627 619 2668 ἐλίπετο
648 2625 725 2680 πρὸ

72 2684 145 2720 τοῦ
164 2697 199 2720 κ.
216 2697 246 2720 τ.
268 2683 320 2734 λ.]
369 2684 453 2722 Hoc
488 2688 623 2722 factum
658 2691 726 2733 est,

72 2741 113 2773 ut
137 2739 304 2788 equidem
322 2743 505 2791 suspicor,
531 2743 567 2779 in
588 2755 728 2779 memo-

72 2793 160 2830 riam
189 2796 370 2845 periculi,
410 2799 510 2847 quod
535 2812 598 2836 rex
636 2800 728 2837 effu-

74 2856 201 2898 gerat,
230 2852 286 2900 11,
309 2857 399 2895 107.
443 2854 526 2893 Nee
547 2856 650 2893 aliter
669 2869 729 2893 re-

76 2906 145 2944 fert
162 2907 313 2947 Diodor.
336 2910 375 2958 I,
399 2911 464 2953 57.
514 2911 601 2949 Huc
621 2913 728 2950 etiam

802 874 958 910 fortasse
980 873 1165 923 pertinent
1175 872 1316 924 lapides
1330 873 1460 922 ingen-

800 933 856 968 tes
888 931 936 967 ad
956 930 1110 967 Vulcani
1141 930 1318 980 templum
1346 943 1367 967 a
1400 942 1464 967 ca-

800 987 909 1038 ptivis
947 987 1052 1023 tracti
1086 986 1173 1034 (11,
1195 989 1333 1035 108),
1379 999 1461 1024 cum

802 1043 1048 1094 μονολίθους
1088 1044 1201 1081 fuisse
1237 1047 1377 1080 statuas
1418 1056 1463 1080 ex

799 1099 955 1137 Diodori
983 1101 1192 1137 testimonio
1233 1104 1372 1150 pateat.
1403 1121 1460 1126 —

800 1156 942 1204 „Duos
975 1157 1176 1194 consimiles
1215 1156 1378 1193 colossos
1415 1168 1460 1193 ex

799 1218 905 1264 parte
931 1218 1138 1260 truncatos,
1169 1226 1213 1250 ex
1242 1213 1365 1263 lapide
1385 1212 1459 1250 Ae-

800 1271 930 1319 gyptio
957 1270 1068 1307 rubro
1091 1270 1262 1317 (Gmnit)
1284 1273 1370 1306 ante
1391 1282 1459 1319 pa-

797 1326 924 1364 latium
955 1339 1073 1376 prope
1110 1325 1264 1363 Karnak
1303 1325 1458 1375 positos,

797 1382 1026 1431 longitudine
1069 1382 1199 1431 viginti
1229 1395 1292 1419 sex
1320 1383 1457 1432 pedum

799 1439 1035 1476 offenderunt
1056 1439 1199 1476 Franco
1214 1461 1231 1466 -
1246 1439 1363 1485 Galli,
1395 1438 1458 1488 qui

797 1496 909 1533 iidem
928 1509 972 1533 ex
984 1500 1110 1533 nostro
1120 1495 1200 1532 loco
1214 1496 1458 1533 coniecturam

797 1553 1002 1599 duxerunt,
1041 1553 1092 1589 ibi
1132 1565 1280 1601 quoque
1305 1552 1458 1589 heroum

796 1614 859 1646 aut
880 1622 1008 1657 regum
1046 1610 1083 1646 in
1120 1610 1273 1646 deorum
1301 1609 1457 1645 formam

795 1666 997 1704 effictorum
1018 1666 1197 1713 imagines
1219 1665 1370 1714 cogitari
1392 1665 1459 1702 de-

796 1723 895 1759 bere,
955 1722 1037 1758 Vid.
1073 1723 1244 1772 descript.
1285 1722 1332 1758 de
1360 1721 1455 1770 l’Eg.

793 1778 862 1816 vol.
883 1778 917 1815 ΙΙ
947 1791 1034 1828 pag.
1054 1780 1136 1819 217
1160 1779 1266 1827 seq.“
1299 1778 1367 1815 Cr.

851 1837 932 1874 τῶν
956 1832 1006 1885 δή
1031 1832 1052 1873 ό
1083 1831 1192 1885 ἵρεῦς
1220 1837 1292 1873 τοῦ
1312 1833 1456 1883 Ἡφαί-

797 1903 891 1930 στου
936 1906 972 1929 κ.
1020 1906 1051 1929 τ.
1091 1889 1140 1941 L]
1199 1891 1338 1941 Scripsi
1376 1903 1455 1927 cum

796 1948 999 1997 Schweigh.
1041 1951 1077 1985 et
1113 1948 1230 1984 Gaisf.
1279 1950 1357 1985 τῶν
1391 1944 1455 1997 δή,

795 2006 857 2042 ubi
887 2007 967 2043 τῶν
1000 2004 1127 2041 Ionum
1157 2017 1259 2041 more
1297 2005 1457 2054 positum

800 2065 857 2100 est
883 2074 952 2112 pro
985 2054 1051 2099 ὧν.
1110 2061 1167 2097 Ex
1202 2060 1280 2097 aliis
1308 2062 1459 2110 quibus-

798 2119 884 2155 dam
912 2117 1013 2155 libris
1044 2117 1309 2166 lVesselingius
1330 2118 1458 2155 edide-

796 2179 856 2212 rat
884 2175 1029 2213 τῶνδε
1060 2171 1111 2223 δή
1133 2172 1155 2213 ὁ
1178 2171 1287 2224 ἵρεύς
1310 2189 1344 2212 κ.
1368 2189 1398 2212 τ.
1420 2176 1454 2212 λ.

796 2232 940 2269 Pendet
968 2244 1054 2268 vero
1096 2231 1277 2280 genitivus
1316 2232 1361 2267 ab
1390 2229 1453 2281 ἔμ-

795 2293 999 2340 προσθεν,
1030 2293 1066 2325 et
1092 2292 1236 2338 spectat
1263 2288 1310 2324 ad
1336 2287 1455 2324 colos-

798 2359 858 2383 sos
872 2375 882 2393 ,
908 2358 930 2382 a
949 2345 1109 2382 Sesostri
1127 2350 1277 2382 erectos.
1290 2344 1458 2381 —Pau-

795 2403 831 2440 lo
851 2407 937 2440 ante
959 2415 1040 2439 cum
1068 2402 1196 2438 iisdem
1221 2402 1305 2438 viris
1328 2402 1458 2438 rescri-

796 2460 854 2511 psi
872 2457 1031 2510 πηχέων
1050 2472 1118 2509 pro
1128 2453 1302 2507 πήχεων,
1326 2459 1458 2495 eodem

796 2518 934 2563 modo,
964 2529 1036 2565 quo
1059 2514 1096 2562 I,
1122 2516 1201 2555 183
1233 2519 1269 2553 et
1291 2514 1346 2561 Π,
1373 2518 1456 2556 111

798 2574 860 2611 fin.
894 2570 1001 2624 ἵρεῦς
1025 2573 1094 2608 hoc
1116 2572 1198 2608 loco
1225 2572 1360 2618 eritis,
1391 2571 1454 2620 qui

799 2630 952 2678 collegio
983 2629 1214 2666 sacerdotum
1243 2629 1311 2665 fuit
1347 2640 1455 2677 prae-

794 2688 957 2738 positus,
987 2680 1212 2737 ἀρχιερεύς,
1232 2692 1271 2722 ut
1288 2697 1371 2722 eum
1391 2697 1456 2721 vo-

796 2744 889 2781 cavit
911 2743 1100 2780 Diodorus
1127 2741 1166 2788 I,
1197 2743 1269 2788 58,
1312 2740 1375 2777 ubi
1406 2742 1453 2778 de

796 2800 866 2837 hoe
884 2813 953 2836 usu
973 2803 1060 2849 apte
1079 2799 1220 2837 monuit
1230 2796 1453 2845 VVesseling.

797 2856 956 2893 Gravius
987 2855 1078 2892 illud
1104 2855 1321 2904 quibusdam
1350 2854 1454 2890 vide-

796 2913 918 2961 bitur,
956 2912 1057 2962 quod
1085 2911 1189 2950 Darii
1218 2911 1257 2948 in
1280 2909 1452 2961 Aegypto
