1759 3324
356 257 442 299 652
773 255 1243 297 HERODOTI

1151 365 1286 423 ἄκρης
1317 370 1392 422 τῆς
1421 367 1627 421 κεφαλῆς.

327 445 465 498 Ξτούς
492 446 712 490 θάπτουσι
753 446 1060 498 ἀποθανόντας
1094 446 1140 489 ἐν
1177 449 1238 502 τῷ
1278 447 1359 504 ἱρῷ
1389 447 1469 488 τοῦ
1497 443 1627 494 Διός·

356 364 483 421 κέρεα
513 366 754 423 φορέουσι,
804 366 1031 424 πεφυκότα
1070 367 1112 419 ἐξ

355 524 518 569 τούτου
575 524 659 582 γάρ
718 538 856 582 σφεας
902 530 983 569 τοῦ
1029 530 1140 569 θεοῦ
1187 525 1296 581 φασὶ
1337 522 1448 568 εἶναι
1489 522 1630 578 ἱρούς.

231 608 298 655 75
347 603 468 648 ’Ἐστι
499 604 545 648 δὲ
574 609 716 660 χῶρος
745 609 820 660 τῆς
853 602 1077 661 Ἀραβίης,
1125 604 1236 648 κατὰ
1267 608 1472 648 Βουτοῦν
1501 602 1631 647 πόλιν
1644 611 1688 644 10

21 673 305 749 ξζῃῑὲζᾞῖζῖοξξξξ
362 682 548 738 μάλιστά
577 700 632 739 κη
661 685 879 738 κείμενος·
939 684 1010 726 καὶ
1041 683 1084 734 ἐς
1120 687 1252 727 τοῦτο
1283 683 1332 726 τὸ
1363 684 1525 738 χωρίον
1553 676 1629 739 ἦλ-

20 741 302 838 Ξὲἒῗέῗξιὲἓεεῖιὶιῗξέ
357 766 464 813 θον,
523 761 859 818 πυνθανόμενος
906 762 1005 817 περὶ
1050 765 1140 805 τῶν
1187 765 1422 816 πτερωτῶν
1472 759 1627 817 ὀφίων.

22 848 100 871 ease.
330 837 630 896 Ξᾶπικόμενος
669 841 738 895 δὲ,
797 840 917 885 εἶδον
955 839 1086 885 ὀστέα
1125 840 1266 897 ὀφίων
1303 840 1376 885 καὶ
1414 838 1627 892 ἀκάνθας,

303 1049 426 1098 signes
476 1048 667 1099 conspici,
707 1048 865 1087 intellexi
913 1061 959 1088 ex

300 1105 471 1143 Minutoli
507 1106 620 1143 Reise
643 1110 713 1144 etc.
754 1119 838 1157 pag.
860 1108 956 1148 387.

301 1162 384 1200 Nec
412 1167 536 1200 tamen
568 1176 682 1212 genus
710 1168 773 1200 aut
802 1163 960 1213 speciem

302 1219 482 1257 bestiolae
503 1220 704 1256 accuratius
722 1220 861 1256 definiri
873 1234 960 1270 pos-

303 1289 366 1323 se,
406 1277 590 1325 persuasit
623 1276 710 1313 mihi
741 1276 956 1314 Reinhardt.

301 1333 325 1369 l.
345 1332 368 1369 l.
389 1345 476 1381 pag.
492 1334 558 1374 30.
578 1354 633 1359 ——
661 1332 721 1370 Ad
736 1332 957 1370 locutionem

302 1384 479 1441 μεγάθεϊ
499 1388 660 1440 σμικροί
678 1390 772 1426 conf.
802 1390 841 1436 Ι,
864 1391 929 1431 51.

357 1442 452 1492 τούς
482 1442 685 1485 θάπτουσι
730 1441 958 1484 α’ποθανὸν-

300 1505 395 1549 τας]
427 1501 548 1551 Vulgo
574 1502 665 1540 haec
695 1503 839 1540 inverso
860 1503 959 1539 ordi-

301 1572 349 1597 ne
361 1573 370 1596 :
381 1555 476 1605 τούς
487 1555 769 1605 ἀποθανόντας
780 1555 958 1598 θάπτου-

301 1627 352 1654 σι.
411 1616 508 1653 Satis
536 1620 657 1653 autem
688 1620 853 1664 constat,
884 1628 958 1652 non

302 1672 419 1710 solum
437 1672 474 1709 in
495 1672 711 1722 anaglyphis
724 1672 958 1723 Aegyptiacis

298 1729 451 1779 reperiri
488 1734 677 1779 serpentes
706 1733 960 1780 repraesenta-

300 1791 380 1832 tos,
401 1799 526 1822 verum
545 1787 655 1823 etiam
676 1786 758 1836 ipsa
780 1787 959 1823 cadavera

299 1842 480 1880 medicata
506 1843 543 1879 in
575 1843 777 1893 hypogaeis
810 1846 846 1880 et
881 1855 960 1890 cry-

298 1899 374 1950 ptis
410 1899 535 1947 (conf.
566 1912 662 1948 quae
693 1911 805 1949 supra
831 1898 959 1935 lauda-

298 1956 415 1993 vimus
435 1956 483 1992 ad
507 1956 560 2003 II,
580 1957 653 2004 67)
676 1960 829 1994 exstare.

355 2007 499 2051 τούτου
520 2008 596 2064 γάρ
619 2034 675 2040 ——
697 2008 800 2050 εἶναι
831 2007 958 2061 ἱρούς]

300 2068 464 2118 Serpens
486 2069 667 2106 veteribus
693 2067 886 2118 Aegyptiis
917 2071 958 2104 ut

301 2124 451 2161 omnino
470 2124 746 2161 immortalitatis
761 2152 771 2170 ,
792 2125 841 2160 ita
860 2124 955 2160 Iovis

298 2180 530 2232 potissimum
548 2181 726 2218 Thebaici
755 2180 957 2229 symbolum

301 2236 497 2286 eidemque
526 2240 776 2274 consecratum
811 2236 954 2273 animal.

299 2292 441 2330 Indicat
465 2293 563 2330 enim
594 2305 728 2330 numen
758 2305 797 2330 se
834 2293 953 2342 ipsum

299 2350 405 2398 quasi
456 2349 622 2387 revelans
666 2362 734 2400 per
773 2353 954 2398 tempora,

298 2409 518 2456 tempusque
567 2405 654 2443 inde
692 2409 880 2442 aeternum
920 2409 957 2442 et

300 2474 397 2512 quae
436 2462 507 2499 alia
544 2475 623 2500 cum
660 2461 729 2498 hoc
765 2461 957 2498 coniuncta

301 2523 399 2556 sunt.
458 2518 568 2556 Plura
587 2517 717 2555 Creuz.
732 2517 769 2553 in
791 2516 953 2566 Syinbol.

299 2574 317 2613 I
333 2587 422 2627 pag.
441 2575 522 2616 507
546 2587 650 2624 seqq.
673 2574 754 2615 526
775 2587 852 2624 seq.

489 2659 596 2709 Cap.
626 2657 779 2695 LXXV.

355 2739 458 2783 κατοῖ
476 2744 657 2782 Βουτοῦν
686 2737 828 2792 πόλιν]
861 2740 958 2778 Bato

301 2802 387 2839 urbs
411 2799 483 2838 alia
502 2799 560 2836 hic
579 2802 634 2836 est
657 2801 767 2847 atque
788 2798 869 2845 illa,
892 2811 955 2834 cu-

303 2858 362 2895 ius
385 2855 522 2895 mentio
558 2854 619 2902 ΙΙ,
655 2856 721 2895 63.
761 2854 826 2896 59.
863 2853 955 2895 155.

303 2912 482 2953 Pertinuit
508 2912 558 2950 ad
573 2910 783 2963 Aegyptum
809 2910 957 2948 inferio-

1026 1063 1114 1088 rem.
1173 1047 1282 1088 Nunc
1308 1049 1385 1087 eius
1411 1048 1450 1086 in
1478 1047 1559 1086 loco
1583 1047 1684 1086 inve-

1027 1108 1124 1144 nitur
1142 1107 1239 1144 vicus
1271 1104 1324 1143 El
1334 1105 1488 1143 —Bnez'b.
1547 1104 1686 1143 Confer

1029 1163 1299 1201 Schliehthorst.
1324 1163 1347 1199 l.
1369 1162 1392 1199 l.
1419 1175 1506 1214 pag.
1526 1163 1592 1204 83.
1616 1160 1683 1203 84.

1085 1219 1176 1271 περὶ
1199 1221 1277 1258 τῶν
1296 1221 1509 1272 πτερωτῶν
1532 1213 1681 1268 ὀφίων]

1027 1278 1225 1328 Serpentes
1261 1276 1376 1313 alatos
1431 1275 1490 1313 alii
1537 1287 1686 1324 quoque

1029 1335 1223 1384 scriptores
1263 1337 1453 1370 noverunt.
1519 1331 1582 1368 Tu
1612 1331 1684 1368 vid.

1027 1391 1185 1427 Pausan.
1205 1389 1271 1436 IX,
1288 1393 1340 1431 21
1363 1394 1398 1427 et
1419 1388 1561 1426 Aelian.
1572 1387 1621 1425 N.
1638 1386 1683 1424 A.

1027 1447 1081 1494 II,
1101 1448 1177 1493 38,
1207 1446 1270 1482 ubi
1289 1446 1532 1483 Schneiderus
1559 1447 1685 1481 monet

1029 1517 1111 1541 esse
1150 1503 1301 1539 lacertas
1339 1502 1517 1548 volantes,
1559 1501 1686 1538 draco-

1025 1573 1083 1598 nes
1113 1560 1268 1597 volantes
1298 1557 1408 1596 Linn.
1476 1558 1560 1594 Huc
1591 1570 1686 1607 quo-

1027 1630 1098 1667 que
1116 1618 1277 1654 referunt
1294 1615 1399 1653 Iesai.
1420 1614 1541 1661 XXX,
1563 1616 1602 1662 6,
1622 1613 1683 1650 ubi

1027 1673 1151 1723 seraph
1181 1672 1304 1709 volans
1335 1676 1576 1717 memoratur,
1608 1673 1684 1718 aut,

1027 1730 1122 1767 utin
1153 1730 1331 1779 Septuag.
1355 1729 1509 1777 legitur:
1541 1725 1684 1778 ἔκγονα

1029 1782 1211 1825 ἀσπίδων
1229 1784 1467 1834 πετομένων.
1517 1783 1599 1821 Alia
1617 1783 1683 1819 da-

1026 1844 1079 1880 bit
1098 1843 1265 1879 Bochart.
1287 1842 1492 1879 Hierozoic.
1511 1840 1546 1877 11
1564 1840 1625 1876 lib.
1643 1840 1684 1887 3,

1031 1904 1084 1941 12
1105 1911 1192 1949 pag.
1214 1899 1308 1940 423.
1337 1899 1379 1936 ln
1399 1897 1583 1935 Herodoti
1602 1895 1683 1932 loco

1027 1956 1157 2003 Miot.‚
1197 1955 1324 1992 Gallus
1363 1954 1454 1992 alter
1489 1955 1682 2002 interpres,

1027 2012 1181 2061 intelligi
1210 2011 1286 2048 vult
1320 2011 1477 2062 gryllum
1508 2012 1682 2058 migrato-

1027 2072 1140 2115 rium,
1186 2068 1247 2116 qui
1286 2067 1551 2117 Aegyptiorum
1589 2065 1682 2102 arvis

1023 2130 1099 2163 tam
1116 2125 1264 2161 nocivus
1282 2124 1337 2160 sit.
1353 2165 1359 2171 ,
1375 2124 1434 2161 De
1452 2123 1595 2160 locustis
1611 2121 1681 2170 igi-

1025 2187 1084 2218 tur
1107 2181 1167 2218 ille
1195 2181 1350 2229 cogitat,
1380 2180 1417 2216 in
1444 2193 1517 2229 quo
1548 2179 1581 2216 ei
1613 2178 1682 2214 ob-

1024 2238 1183 2286 loquitur
1229 2237 1414 2273 Letronne
1454 2237 1491 2272 iu
1528 2246 1682 2272 censura

1023 2293 1201 2331 versionis
1210 2292 1390 2330 Herodot.
1404 2292 1538 2340 (Paris.
1552 2291 1680 2338 1823)

1023 2362 1109 2401 pag.
1135 2350 1184 2389 13
1194 2378 1205 2397 ,
1243 2362 1323 2385 cum
1343 2348 1412 2385 hoc
1431 2349 1578 2397 quidem
1603 2360 1681 2385 cer-

1024 2411 1101 2443 tum
1129 2406 1193 2452 sit,
1224 2405 1386 2442 volantes
1410 2409 1600 2455 serpentes
1618 2417 1681 2442 ve-

1023 2467 1139 2499 terum
1161 2461 1307 2498 minime
1327 2462 1374 2498 ad
1394 2461 1553 2508 insecta,
1583 2473 1680 2510 quae

1023 2522 1217 2565 vocantur,
1247 2518 1479 2567 pertinuisse.

1082 2568 1290 2622 ἆκεὲνθας]
1322 2574 1496 2623 Intelligit
1515 2575 1636 2622 spinas
1652 2587 1680 2611 s.

1028 2644 1104 2667 ossa
1123 2630 1356 2681 serpentium.
1394 2630 1492 2667 Alias
1515 2625 1680 2680 α’κάνθη

1029 2687 1159 2724 dicitur
1182 2689 1283 2735 spina
1303 2686 1420 2733 dorsi,
1459 2691 1499 2724 ut
1524 2687 1588 2733 IV,
1611 2689 1678 2728 72.

1026 2742 1085 2780 Ad
1118 2748 1281 2779 nostrum
1311 2742 1429 2780 locum
1457 2744 1544 2780 facit
1567 2741 1678 2780 schol.

1026 2798 1194 2849 Apollon.
1233 2799 1357 2835 Rhod.
1386 2798 1456 2846 IV,
1490 2800 1589 2841 150:
1630 2794 1679 2837 τὰ

1025 2857 1104 2893 τῶν
1135 2850 1267 2906 ὀφέων
1294 2851 1394 2895 ὀστᾶ
1418 2852 1599 2896 ἄκανθαι
1619 2852 1680 2894 λέ-

1024 2925 1143 2964 γεται.
