1759 3324
553 269 982 310 EUTERPE.
1027 269 1073 308 11.

1355 271 1440 310 645

165 382 278 429 εἶναι
309 379 562 440 χειροήθεα·
590 377 815 436 ἀρτήματά
844 394 889 422 τε
919 379 1073 422 λίθινα
1095 377 1203 434 χυτοὶ
1233 378 1307 422 καὶ
1328 377 1436 434 χρύ-
1449 387 1495 421 55

161 475 238 508 σεα
267 463 310 513 ἐς
340 461 393 504 τοὶ
432 454 522 504 ὦτα
552 459 770 509 ἐνθέντες,

823 458 898 500 καὶ
938 455 1155 514 ἀμφιδέας
1193 458 1293 512 περὶ
1330 457 1437 509 τούς

159 542 405 597 προσθίους
433 538 596 591 πόδας,
633 538 706 581 καὶ
738 539 852 580 σιτία
882 534 1106 580 ἀποτακτὰ
1136 536 1332 588 διδόντες
1363 536 1436 580 καὶ

162 619 307 675 ἱρήϊα,
336 618 410 662 καὶ
439 619 717 673 περιέποντες
750 615 809 667 ὥς
832 616 1039 660 κάλλιστα
1073 613 1290 669 ζώοντας,
1323 614 1432 659 ἄπο-

155 695 377 749 θανόντας
417 697 463 741 δὲ
503 696 802 752 ταριχεύοντες
839 695 1064 740 θάπτουσι
1109 696 1155 738 ἐν
1198 697 1319 752 ἱρῇσι
1347 693 1432 751 θή-

126 784 273 835 3κῃσι.
303 778 346 821 οἱ
375 778 421 821 δὲ
451 778 550 832 περὶ
570 775 882 832 Ἐλεφαντίνην
910 774 1043 819 πόλιν
1074 774 1316 828 οἰκέοντες,
1358 774 1489 818 καὶ60

122 856 359 901 ἐξεσθίουσι
390 854 578 908 αὐτούς,
614 853 700 900 οὐκ
730 854 963 910 ἡγεόμενοι
995 853 1119 910 ἱροὺς
1149 851 1274 897 εἶναι.
1333 856 1429 897 Κα-

151 935 323 980 λέονται
354 935 400 979 δὲ
431 934 486 980 οὐ
524 933 832 991 κροκόδειλοι,
879 931 987 978 ἄλλα
1021 932 1202 991 χάμψαι.

152 1117 358 1173 ἆρτήματα
379 1135 419 1160 τε
439 1120 579 1160 λίθινα
599 1135 695 1172 χυτα
720 1136 756 1160 κ.

93 1194 127 1218 τ.
149 1177 206 1229 λ.]
235 1174 450 1229 οἷρτήματα,
484 1190 579 1226 quae
610 1173 756 1228 κόσμιοί

93 1251 183 1275 τινα
215 1235 303 1272 dicit
333 1234 538 1283 Hesychius
561 1234 630 1284 Ip.
656 1235 753 1283 556,

94 1293 129 1330 h.
151 1292 174 1329 l.
194 1291 441 1341 intelliguntur
466 1303 617 1337 maures,
643 1304 752 1328 orna-

93 1353 215 1387 menta
227 1349 273 1385 ab
285 1348 430 1385 auribus
443 1347 655 1397 pendentia,
672 1352 751 1384 tum

93 1417 224 1452 aurea,
253 1409 328 1441 tum
350 1417 371 1442 e
391 1404 479 1441 fusis
510 1416 552 1440 ac
575 1404 749 1441 factititiis

91 1461 220 1512 lapillis
249 1462 424 1498 confecta.
470 1460 597 1503 Quare
626 1459 750 1497 Minu-

90 1518 155 1556 toli
174 1517 195 1554 l.
212 1517 234 1554 l.
249 1530 335 1567 pag.
360 1519 450 1558 163.
469 1519 551 1558 280
565 1529 640 1567 seq.
664 1519 747 1558 286

93 1588 198 1624 seqq.
235 1574 321 1611 dicit
351 1572 596 1620 Glasmosaz'k‚
651 1586 747 1622 quae

90 1636 170 1669 arte
194 1630 341 1679 quidem
378 1629 565 1667 elaborata
598 1630 746 1677 fuerint,

90 1701 171 1725 cum
199 1687 345 1724 omnino
374 1686 507 1724 haecce
537 1699 595 1723 ars
620 1686 748 1723 admo-

91 1744 178 1781 dum
199 1743 363 1780 floruerit
385 1743 483 1793 apud
512 1746 654 1780 veteres
674 1741 747 1780 Ae-

90 1800 252 1850 gyptios.
263 1821 320 1826 -
346 1799 442 1836 Sunt
452 1811 536 1836 vero
550 1799 649 1848 apud
665 1812 748 1836 cro-

89 1857 229 1894 codilos
259 1856 398 1892 aurium
433 1855 611 1892 foramina
638 1868 749 1905 supra

87 1913 210 1950 oculos
231 1913 302 1949 sita
313 1915 465 1961 cuteque
480 1912 638 1959 obtecta,
651 1924 747 1961 quae

86 1969 286 2020 palpebrae
311 1968 471 2017 aliquam
501 1968 596 2017 gerit
625 1968 748 2005 simili-

87 2026 270 2071 tudinem3
300 2024 458 2074 operculi
476 2037 560 2074 pars
581 2026 746 2075 superior

86 2082 229 2119 mobilis
256 2081 380 2118 multis
403 2081 503 2118 fibris
533 2081 745 2118 musculari-

86 2138 153 2176 bus
167 2138 346 2175 clauditur
364 2141 403 2175 et
424 2137 640 2182 recluditur3
660 2137 744 2175 reli-

86 2207 159 2243 qua
179 2195 317 2232 aurium
347 2194 486 2231 fabrica
509 2193 614 2231 valde
646 2194 744 2231 simi-

85 2251 129 2288 lis
152 2251 270 2289 avium
288 2251 445 2288 auribus.
475 2251 580 2288 Haec
591 2250 743 2288 Schnei-

86 2307 195 2346 derus
214 2308 236 2345 l.
255 2307 278 2344 l.
298 2320 384 2357 pag.
405 2310 459 2348 27
471 2320 574 2356 seqq.
608 2306 661 2344 Ac
675 2321 743 2344 no-

87 2365 178 2401 tavit
199 2364 375 2412 Geoffroy
385 2364 408 2400 l.
420 2364 442 2400 l.
455 2363 508 2400 IX
520 2377 556 2414 p.
567 2365 648 2404 386
663 2377 740 2413 seq.

88 2433 129 2457 se
146 2420 183 2456 in
201 2420 462 2457 crocodilorum
483 2421 625 2457 mumiis
643 2421 742 2457 fora-

88 2477 186 2513 mina
203 2477 340 2513 aurium
357 2477 553 2523 invenisse,
567 2490 589 2513 a
609 2478 741 2526 quibus

87 2532 221 2570 haecce
260 2537 473 2571 ornamenta
510 2533 645 2571 fuerint
681 2547 743 2571 su-

87 2601 231 2639 spensa.

144 2642 212 2682 καὶ
259 2639 454 2695 αμφιδέας
507 2644 599 2698 περὶ
649 2661 743 2694 τους

85 2699 308 2751 προσθίους
337 2697 486 2752 πόδας]
517 2702 744 2767 προσθίους

86 2769 168 2794 cum
188 2757 389 2806 Schweigh.
413 2762 450 2796 et
480 2759 598 2796 Gaisf.
624 2760 743 2809 recepi

85 2825 154 2863 pro
177 2812 273 2861 vulg
305 2811 587 2864 ἐμπροσθίους.
645 2814 744 2852 Nam

86 2867 325 2917 designantur
342 2870 443 2921 pedes
464 2873 666 2909 anteriores.
688 2893 743 2898 —

86 2919 302 2976 Ἀμφιδέας
351 2927 523 2977 intelligit
570 2927 745 2976 armillas,

1267 948 1429 988 κροκο-

826 1132 955 1158 aureas
986 1120 1146 1170 opinor,
1184 1122 1332 1156 ornatus
1374 1131 1483 1156 causa

824 1177 981 1227 pedibus
1002 1177 1183 1213 admotas.
1245 1175 1482 1212 Grammatici

824 1233 958 1270 Graeci
979 1237 1168 1282 exponunt
1191 1226 1354 1278 αλύσεις
1371 1236 1483 1281 atque

822 1289 930 1327 etiam
949 1287 1113 1339 ψέλλια.·
1143 1288 1279 1325 Zonar.
1299 1288 1370 1338 Ip
1385 1290 1478 1329 151.

818 1345 977 1396 Hesych.
1000 1345 1068 1396 Ip.
1088 1348 1182 1387 297.
1215 1345 1375 1394 Gregor.
1405 1344 1482 1381 Co-

817 1402 926 1439 rinth.
968 1402 1015 1440 de
1047 1402 1190 1440 dialect.
1218 1401 1296 1439 Ion.
1335 1399 1373 1452 ς.
1398 1402 1478 1442 123

815 1471 901 1509 pag.
924 1458 1018 1500 523.

875 1513 930 1563 ὥς
949 1511 1137 1554 κάλλιστα
1167 1509 1236 1561 ζω’
1255 1528 1276 1553 o
1297 1527 1321 1553 ν
1345 1528 1367 1553 τ
1388 1529 1415 1553 α
1434 1511 1478 1564 ς]

817 1567 991 1619 ζώοντας
1032 1585 1112 1609 cum
1160 1575 1310 1608 recentt.
1356 1571 1477 1621 recepi

815 1642 883 1679 pro
909 1630 1065 1675 ζῶντας.
1130 1626 1189 1664 Ad
1219 1631 1476 1676 argumentum

815 1685 888 1722 vid.
908 1685 960 1732 ΙΙ,
979 1687 1033 1726 67
1058 1685 1183 1733 ibique
1201 1688 1294 1720 nott.

874 1741 915 1781 οἱ
928 1738 971 1780 δὲ
993 1739 1084 1793 περὶ
1101 1735 1390 1791 Ἐλεφαντίνην
1409 1734 1477 1779 πό-

815 1801 878 1838 λιν
898 1795 1096 1844 οἰκέοντες
1117 1811 1153 1835 κ.
1171 1811 1203 1835 τ.
1219 1795 1266 1847 λ.]
1298 1797 1407 1834 conf.
1430 1796 1477 1843 ll,

818 1858 869 1896 17
888 1854 975 1904 ibiq.
998 1858 1088 1891 nott.
1129 1853 1195 1890 Cr.
1218 1854 1264 1890 de
1291 1853 1477 1902 religioni-

815 1912 883 1949 bus
915 1911 951 1947 in
972 1910 1222 1960 Elephantine
1241 1909 1359 1946 insula
1389 1922 1476 1946 con-

814 1967 882 2004 suli
899 1967 974 2004 vult
993 1967 1151 2004 Iomard.
1173 1967 1211 2003 in
1229 1967 1402 2016 descript.
1428 1966 1476 2002 de

812 2024 907 2073 l‘Eg.
934 2023 1074 2073 antiqq.
1097 2026 1124 2060 t.
1143 2023 1158 2059 I
1186 2036 1243 2073 cp.
1266 2024 1293 2063 3
1320 2035 1406 2072 pag.
1423 2021 1474 2062 15

812 2080 964 2129 (recueil
986 2084 1054 2117 etc.
1075 2093 1111 2130 p.
1138 2081 1191 2120 83
1214 2079 1327 2128 seq.).
1365 2078 1475 2115 Mon-

814 2137 940 2175 stravit
961 2141 1083 2174 autem
1102 2136 1292 2172 Iomardus
1305 2163 1316 2182 ‚
1341 2134 1475 2172 cultum

811 2193 906 2231 Iovis
926 2192 1113 2229 Ammonis
1134 2192 1172 2228 in
1189 2192 1259 2229 hac
1270 2191 1390 2228 insula
1406 2203 1475 2241 po-

811 2251 990 2288 tissimum
1012 2249 1225 2286 obtinuisse.
1251 2270 1302 2276 -
1335 2248 1473 2285 Croco—

810 2307 963 2344 dilorum
986 2306 1141 2343 murnias
1162 2305 1276 2342 rarius
1298 2317 1395 2341 nunc
1416 2318 1474 2341 re-

809 2363 920 2414 periri
958 2367 1084 2400 monet
1122 2361 1342 2400 Reinhardt.
1384 2360 1408 2398 l.
1447 2361 1472 2398 l

809 2433 896 2471 pag.
918 2422 973 2460 28
1006 2432 1087 2468 seq

868 2474 1076 2515 καλέονται
1119 2472 1163 2514 δε
1198 2495 1244 2503 —-
1285 2468 1470 2524 χάμψαι]

810 2533 966 2570 Monent
1015 2533 1081 2569 viri
1119 2532 1217 2569 docti
1257 2530 1470 2579 (lablonsk.

811 2603 956 2641 opuscc.
973 2603 1009 2639 p·
1023 2590 1119 2630 387.
1150 2586 1353 2637 Champoll.
1376 2586 1469 2635 l’Eg.

812 2660 841 2684 s.
861 2646 884 2682 l.
900 2646 1005 2696 phar.
1026 2646 1043 2682 Ι
1064 2658 1102 2696 p.
1119 2643 1200 2685 152
1211 2657 1287 2693 seq.
1298 2642 1381 2684 324
1393 2646 1471 2692 sq.)

814 2703 1009 2741 etiamnum
1027 2702 1127 2752 apud
1148 2701 1287 2751 Coptas
1307 2699 1472 2736 crocodi-

811 2759 885 2796 lum
904 2758 1027 2796 vocari
1047 2756 1198 2803 Amsah,
1219 2756 1321 2806 quod
1339 2756 1386 2792 ab
1397 2754 1469 2792 Ae-

813 2816 942 2865 gyptio
961 2815 1109 2852 nomine
1126 2813 1225 2850 haud
1253 2811 1410 2858 recedit,
1440 2812 1467 2847 si

813 2872 965 2921 quidem
978 2870 1094 2921 prima
1116 2869 1223 2907 litera
1248 2867 1296 2904 ch
1324 2867 1381 2905 vel
1402 2868 1469 2903 ad-

814 2927 1002 2978 spirationi
1039 2926 1192 2964 inseruit
1236 2923 1297 2962 vel.
1329 2922 1468 2961 articuli
