1759 3324
366 312 449 354 434

363 420 626 477 ραπεύουσι,
655 420 710 464 τά
737 437 782 465 τε
811 420 942 475 ἄλλα,
972 422 1046 465 καὶ
1075 422 1294 477 φοινίκων
1322 419 1426 473 τούς
1454 421 1631 477 ἔρσενας
1642 429 1690 465 3ο

780 310 1249 351 HERODOTI

350 500 555 557 ‘'EM-vves
582 500 808 553 καλέουσι,
854 500 1026 544 τούτων
1054 500 1132 544 τόν
1170 501 1342 556 καρπὸν
1380 501 1631 556 περιδέουσι

362 584 461 638 τῇσι
490 579 840 636 βαλανηφόροισι
867 583 958 623 τῶν
987 582 1227 636 φοινίκων,
1263 582 1337 623 ἵνα
1363 582 1551 639 πεπαίνῃ
1580 581 1627 625 τέ

362 671 442 716 σφι
473 657 496 702 ὁ
526 658 614 715 ψὴν
642 660 722 714 τὴν
753 658 951 714 βάλανον
979 658 1202 712 ἐσδύνων,
1233 661 1306 703 καὶ
1337 660 1395 717 μή
1428 659 1626 719 ἆπορῤἑῃ

332 738 389 784 96
418 737 583 793 καρπὸς
613 737 637 781 ὁ
667 741 748 781 τοῦ
779 739 994 794 φοίνικος.
1029 743 1172 795 ψῆνας
1211 739 1294 794 γὰρ
1325 739 1378 795 δὴ
1411 739 1626 795 φορέουσι

358 818 407 862 ἐν
434 820 497 875 τῷ
524 820 683 876 καρπῷ
714 818 758 860 οἱ
786 817 979 873 ἔρσενες,
1009 818 1203 873 κατάπερ
1233 817 1286 874 δὴ
1318 821 1361 863 οἱ
1390 819 1590 864 ὄλυνθοι.

304 992 382 1032 Mel
392 992 594 1044 palmarum
605 989 718 1027 refert
737 989 835 1027 idem
853 990 955 1029 Hee—

302 1050 424 1088 renius
461 1046 696 1099 probabiliter
728 1046 776 1083 ad
810 1048 956 1085 saccha-

301 1119 382 1144 rum
397 1105 609 1157 palmarium
627 1101 956 1153 (Palmenzucker),

302 1163 364 1213 qui
390 1175 411 1200 e
437 1162 572 1200 recenti
608 1159 810 1210 palmarum
848 1173 954 1198 succo

301 1219 511 1256 conficiatur
537 1218 720 1266 hodieque
748 1218 794 1254 ab
822 1216 954 1254 Arabi-

300 1276 369 1313 bus
389 1288 501 1326 saepe
517 1274 741 1312 adhibeatur.
768 1273 865 1312 Add.
881 1273 954 1311 Mi-

300 1332 414 1370 nutoli
431 1331 453 1368 l.
475 1331 499 1369 l.

355 1384 405 1428 τά
438 1401 479 1427 τε
509 1383 631 1436 ἄλλα,
661 1384 728 1425 καὶ
752 1386 952 1436 φοινίκων

299 1441 395 1492 τούς
422 1443 584 1497 ἔρσενας
610 1458 646 1482 κ.
672 1457 704 1483 τ.
730 1445 780 1489 λ.]
822 1442 881 1481 Ad
901 1440 949 1482 τὰ

301 1498 400 1540 ἄλλα
440 1505 564 1539 mente
595 1500 854 1551 repetendum:
884 1504 953 1539 θε-

299 1553 541 1610 ραπεύουσι,
578 1561 619 1594 ut
650 1569 694 1594 ea
733 1557 778 1593 sit
823 1556 952 1593 Nostri

298 1615 500 1653 sententia:
529 1626 638 1662 „non
663 1612 776 1650 solum
805 1613 841 1650 in
868 1613 951 1651 reli-

298 1672 380 1720 quis
403 1670 543 1722 palmas
561 1669 683 1707 colunt
702 1669 851 1706 ficorum
870 1682 950 1706 mo-

296 1740 338 1765 re
358 1727 400 1775 (i.
423 1741 455 1765 e.
474 1740 518 1765 eo
536 1739 661 1773 more,
681 1739 753 1775 quo
771 1726 809 1763 in
828 1726 949 1763 Grae-

297 1784 352 1821 cia
370 1783 428 1821 fici
450 1783 517 1821 coli
529 1783 680 1831 solent),
693 1795 818 1819 verum
838 1782 946 1820 etiam

294 1841 449 1877 fructum
474 1852 596 1877 earum
615 1839 836 1890 palmarum,
855 1852 947 1888 quas

299 1896 432 1934 Graeci
450 1895 625 1933 masculas
636 1900 778 1942 vocant,
796 1896 947 1932 circum-

293 1951 411 2001 ligant
431 1952 642 2001 glandiferis
662 1951 834 2003 palmis.“
891 1952 946 1990 Ut

294 2009 391 2046 enim
415 2009 453 2045 in
486 2009 642 2045 Graecia
669 2009 822 2058 ψῆνες,
850 2021 945 2057 quae

293 2065 332 2100 in
356 2064 440 2102 feris
480 2064 556 2101 ficis
590 2064 731 2110 vivunt,
770 2064 944 2101 immitte-

292 2119 425 2156 bantur
444 2119 520 2156 ficis
539 2120 760 2166 mansuetis,
784 2132 856 2169 quo
868 2121 944 2157 fru-

293 2179 368 2212 ctus
403 2179 708 2223 maturescerent,
744 2188 865 2224 neque
904 2177 943 2213 in

290 2234 425 2267 terram
458 2230 688 2279 deciderent,
727 2231 796 2268 hoc
831 2233 942 2270 modo

291 2287 398 2324 etiam
431 2287 469 2323 in
505 2287 635 2337 palmis
673 2299 696 2324 a
729 2287 940 2336 Babyloniis

290 2342 369 2379 fieri
399 2342 539 2380 Noster
558 2344 701 2391 scribit,
730 2356 840 2393 quum
860 2345 939 2395 pal-

288 2410 425 2435 marum
459 2398 695 2437 mascularum
720 2401 873 2437 fructum
901 2401 937 2439 h.

288 2468 320 2492 e.
334 2454 517 2504 spadicem
536 2468 616 2492 cum
627 2457 716 2493 flore
726 2457 936 2507 abscissum,

286 2511 416 2548 eodem
436 2523 509 2560 quo
531 2524 677 2559 grossos
707 2513 783 2549 ficis
809 2515 934 2562 modo,

286 2565 436 2615 alligent
459 2566 603 2616 palmae
634 2569 832 2617 foeminae,
860 2583 934 2619 quo

285 2622 414 2660 culices
433 2622 470 2658 in
494 2624 584 2661 flore
603 2625 758 2674 spadicis
785 2627 860 2663 nati
879 2629 934 2665 fe-

283 2677 414 2716 mellae
430 2680 582 2716 fructum
605 2682 801 2719 subeuntes
813 2710 822 2728 ‚
850 2696 932 2721 eum

282 2737 474 2772 maturent.
530 2736 607 2773 Sed
635 2737 826 2775 Herodoto
863 2740 932 2777 ad-

282 2795 445 2828 versatur
457 2790 732 2842 Theophrastus
752 2794 788 2830 in
805 2793 930 2833 histor.

280 2845 484 2897 plantarum
507 2848 563 2895 11,
591 2851 618 2890 9
659 2848 694 2900 ἓ.
722 2850 747 2891 5
786 2863 821 2900 p.
849 2852 928 2893 115

281 2902 462 2951 scribens,
488 2905 599 2942 flores
626 2906 723 2944 solos
753 2908 930 2945 mascula-

279 2970 360 2997 rum
377 2959 575 3010 palmarum
598 2961 695 3001 idem
722 2962 865 3002 efficere
889 2964 926 3002 in

1022 989 1210 1037 femineis,
1239 991 1341 1040 quod
1368 1004 1388 1028 a
1408 992 1577 1030 culicibus
1600 993 1677 1032 istis

1022 1047 1173 1084 ficorum
1202 1048 1360 1084 ferarum
1390 1048 1427 1084 in
1469 1049 1544 1085 ficis
1572 1062 1678 1086 man-

1021 1103 1134 1141 suetis
1173 1104 1362 1141 efficiatur.
1439 1105 1554 1142 Cuius
1584 1105 1680 1143 iudi-

1023 1160 1116 1197 cium
1134 1160 1247 1197 secuti
1266 1161 1332 1197 viri
1354 1161 1575 1210 gravissimi,
1595 1161 1679 1199 Sal-

1021 1217 1155 1254 masius
1174 1216 1210 1252 in
1226 1216 1342 1254 Solini
1366 1217 1448 1255 hist.
1476 1230 1564 1268 pag.
1581 1219 1677 1267 938,

1021 1276 1070 1320 2,
1096 1273 1140 1310 A.
1159 1272 1191 1310 Β
1221 1277 1258 1311 et
1284 1273 1456 1312 Bodaeus
1485 1286 1509 1311 a
1533 1274 1676 1325 Stapel‚

1021 1330 1149 1367 doctus
1189 1329 1435 1381 Theophrasti
1480 1330 1675 1382 interpreS,

1019 1385 1057 1422 in
1085 1386 1315 1424 Herodotum
1342 1387 1582 1435 invehuntur,
1611 1388 1675 1437 qui

1021 1443 1121 1492 quod
1147 1443 1184 1479 in
1207 1443 1475 1494 caprificatione
1502 1457 1589 1481 usus
1616 1445 1674 1481 in-

1019 1499 1250 1547 troduxerat,
1288 1500 1327 1536 id
1348 1500 1599 1550 imprudenter
1621 1501 1671 1538 ad

1018 1555 1158 1606 palmas
1178 1555 1411 1594 transtulerit.
1453 1556 1530 1594 Sed
1548 1556 1672 1594 Hero-

1019 1612 1128 1659 doto,
1165 1616 1204 1649 ut
1242 1612 1326 1651 testi
1374 1612 1540 1660 oculato,
1586 1612 1669 1663 plus

1015 1669 1247 1706 tribuendum
1281 1681 1363 1706 esse
1402 1681 1512 1718 quam
1543 1668 1671 1706 Theo-

1015 1724 1165 1774 phrasto
1200 1738 1244 1762 ex
1269 1725 1421 1762 aliorum
1460 1725 1670 1764 narratione

1011 1781 1208 1830 pendenti,
1237 1782 1418 1831 persuasit
1441 1780 1507 1819 Iul.
1530 1781 1669 1820 Ponte-

1014 1837 1104 1875 dera
1146 1838 1183 1874 in
1207 1838 1404 1887 Antholog.
1443 1851 1472 1875 s.
1509 1837 1557 1875 de
1584 1839 1666 1875 flor.

1012 1898 1130 1931 natur.
1161 1893 1316 1942 (Patav.
1350 1895 1486 1941 1720)
1515 1893 1570 1940 Il,
1598 1895 1667 1942 32,

1012 1950 1075 1986 ubi
1093 1949 1223 2000 palmis
1240 1951 1276 1987 in
1297 1951 1436 1988 oriente
1455 1950 1663 1998 fructiferis,

1011 2019 1059 2043 ne
1088 2006 1265 2056 palmulas
1295 2011 1382 2044 ante
1419 2005 1666 2044 maturitatem

1011 2062 1199 2109 amittant,
1219 2075 1286 2112 per
1304 2063 1371 2100 hos
1392 2062 1520 2100 culices
1542 2064 1666 2114 ε.ψῆ-

1010 2132 1083 2164 νας
1114 2119 1271 2155 succurri
1297 2123 1430 2156 narrat.
1477 2119 1581 2156 Idem
1609 2120 1666 2157 af-

1010 2174 1132 2212 firmat
1150 2174 1319 2212 Minutoli
1339 2175 1397 2212 l.l.
1417 2189 1455 2226 p.
1469 2177 1524 2216 87
1544 2188 1663 2225 seqq.,

1010 2231 1073 2280 qui
1094 2231 1141 2268 de
1159 2232 1428 2282 caprificatione
1444 2231 1662 2282 palmarum,

1009 2287 1127 2337 qualis
1147 2300 1242 2325 nunc
1262 2288 1300 2324 in
1315 2287 1487 2339 Aegypto
1505 2288 1568 2336 fit,
1599 2301 1662 2326 ac-

1007 2349 1129 2381 curate
1149 2344 1327 2395 exposuit.
1359 2345 1425 2382 Cr.
1445 2357 1512 2382 nos
1533 2357 1661 2382 aman-

1006 2400 1071 2437 dat
1099 2401 1147 2438 ad
1181 2401 1404 2452 Geoponicc.
1435 2400 1485 2449 X,
1504 2400 1531 2442 5
1557 2401 1658 2450 (coll.

1004 2456 1053 2504 X,
1082 2456 1128 2506 4)
1156 2457 1242 2507 ibiq.
1280 2457 1417 2495 Niclas.
1446 2469 1534 2507 pag.
1573 2457 1656 2499 651

1001 2513 1132 2561 (cuius
1157 2514 1276 2551 verbis
1311 2513 1384 2551 iam
1419 2526 1531 2563 supra
1565 2527 1655 2551 usus

998 2570 1099 2618 sum)
1133 2574 1170 2608 et
1189 2571 1237 2607 ad
1256 2568 1434 2607 Ammian.
1456 2569 1656 2608 Marcellin.

999 2625 1145 2674 XXIV,
1169 2627 1197 2666 3
1228 2624 1266 2676 ς.
1295 2629 1347 2668 12
1371 2627 1458 2676 ibiq.
1489 2625 1656 2664 Linden-

998 2682 1105 2731 brog.
1138 2686 1175 2720 et
1196 2681 1371 2731 Wagner.
1396 2696 1433 2733 p.
1454 2685 1520 2723 71.
1557 2681 1654 2720 Lar—

997 2738 1125 2776 cherus
1151 2737 1220 2775 hac
1242 2738 1290 2775 de
1318 2751 1359 2776 re
1398 2739 1504 2776 Plinii
1530 2738 1651 2776 locum

997 2795 1242 2844 adscripscrat
1266 2795 1303 2831 in
1323 2794 1421 2833 Hist.
1455 2794 1544 2832 Nat.
1567 2795 1650 2844 XV,

1000 2853 1052 2892 19
1082 2854 1119 2888 et
1153 2850 1189 2887 T
1191 2852 1389 2889 ournefort.
1421 2851 1459 2888 in
1494 2851 1650 2901 Voyage

997 2907 1048 2944 du
1073 2906 1238 2953 Levant,
1266 2905 1365 2945 Lett.
1386 2907 1471 2945 Vlss
1494 2921 1531 2958 p.
1550 2909 1647 2949 338.

1052 2964 1191 3015 ψῆνας
1208 2959 1282 3017 γάρ
1312 2960 1363 3015 δή
1385 2962 1578 3018 φορέουσι
1602 2963 1646 3004 ἐν

1724 2861 1729 2930 ,1³

1730 2749 1733 2794 l
