1759 3324
524 247 945 287 EUTERPE.
999 248 1044 285 II.

1321 252 1406 291 535

118 367 249 413 3,,σι,
288 361 349 417 τῷ
376 356 475 413 μὲν,
514 359 697 411 Κρῶφι,
736 358 797 413 τῷ
828 356 895 406 δὲ,
926 358 1082 411 Μῶφι.
1140 355 1218 407 τὰς
1256 351 1320 400 ὦν
1351 359 1404 414 δὴ

145 437 313 495 ,,πηγοὲς
341 439 420 479 τοῦ
447 437 634 488 Νείλου,
667 433 825 485 ἐούσας
855 432 1100 491 ἀβύσσους,
1141 434 1189 478 ἐκ
1217 439 1299 479 τοῦ
1327 437 1402 491 μέ-

86 644 134 681 ad
156 643 336 680 Herodoti
360 641 478 679 locum
508 643 625 680 minus
651 655 734 693 per-

84 701 210 736 tinent.
270 699 340 742 Qui
361 700 389 735 si
407 712 515 736 unam
535 700 645 736 modo
667 713 735 736 no-

84 761 184 792 verat
200 755 477 805 Elephantinen,
498 769 607 805 quam
620 756 665 803 II,
680 759 732 797 17

84 816 354 859 commemorat,
383 812 482 848 haud
495 813 663 861 equidem
678 813 734 849 in-

83 867 203 916 telligo
215 894 224 911 ‚
257 869 440 917 quomodo
458 868 515 906 ille
535 870 581 906 ab
604 870 732 906 erroris

84 925 284 974 suspicione
304 925 447 962 liberari
470 929 603 974 queat,
633 926 734 974 quod

83 980 150 1018 h.l.
170 982 277 1018 istam
295 981 448 1018 insulam
460 995 541 1019 cum
550 981 734 1019 Philarum

82 1037 209 1084 insula,
240 1050 335 1086 quae
355 1038 514 1074 nonnihil
526 1043 665 1075 remota
677 1041 734 1075 est

81 1094 127 1130 ab
137 1093 376 1143 Elephantine
389 1095 572 1131 meridiem
595 1108 734 1141 versus,

83 1151 296 1187 confuderit.
327 1150 423 1187 Nam
446 1150 584 1196 Philae,
605 1156 644 1187 ut
654 1151 734 1188 Sal-

82 1207 184 1243 masii
204 1210 286 1243 utar
302 1207 420 1244 verbis
441 1207 592 1254 (Exere.
614 1207 732 1244 Plinn.

81 1276 116 1313 p.
139 1263 232 1303 310.
243 1263 359 1311 311),
378 1276 487 1312 supra
499 1264 732 1300 novissimum

81 1323 322 1366 catarracten,
367 1323 582 1356 catarractes
623 1331 731 1369 supra

80 1375 250 1424 Syenen,
280 1376 336 1412 cui
358 1376 524 1425 opposita
547 1375 730 1425 Elephan-

79 1431 154 1468 tine
171 1431 237 1467 sub
264 1431 384 1481 ipsum
410 1436 634 1469 catarracten
663 1433 731 1468 sita

80 1491 154 1534 est,
185 1500 294 1536 supra
334 1500 442 1536 quem
480 1487 604 1525 Philae
634 1492 728 1525 sunt.

78 1543 151 1580 Hic
183 1547 307 1581 autem
335 1544 488 1581 insulam
525 1544 728 1593 intelligen-

79 1599 164 1636 dam
185 1613 285 1648 esse,
315 1613 411 1650 quae
440 1613 551 1650 supra
571 1605 729 1639 catarra-

79 1660 163 1693 cten
191 1657 259 1693 sita
290 1661 369 1704 est,
398 1670 466 1694 nec
497 1657 588 1694 iufra
618 1656 727 1705 illum,

79 1712 191 1749 dubio
211 1713 270 1749 vix
296 1716 403 1750 caret.
461 1712 570 1750 Plura
598 1713 728 1752 Ritter.

78 1767 243 1805 Erkund.
262 1768 278 1805 I
294 1782 378 1819 pag.
401 1771 492 1810 680·
514 1771 606 1810 681·

134 1827 189 1878 τῷ
208 1821 293 1874 μὲν,
311 1822 475 1874 Κρῶφι,
488 1827 542 1877 τῷ
557 1822 610 1871 δὲ,
629 1827 729 1864 Μεδ-

79 1882 150 1930 φι]
182 1881 317 1928 „Hunc
331 1881 450 1918 locum
471 1885 506 1918 et
525 1881 569 1927 II,
584 1884 648 1923 29.
662 1884 727 1923 30.

77 1937 142 1978 42·
162 1937 226 1978 94.
249 1939 338 1978 172.
360 1937 402 1974 A.
425 1938 472 1974 G.
493 1937 671 1986 Schlegel.
692 1939 728 1975 in

77 1993 249 2043 exemplis
280 1995 403 2043 posuit
432 1994 730 2032 indeclinabiliter

75 2062 98 2086 a
109 2050 259 2087 Graecis
271 2055 522 2099 usurpatorum
530 2051 728 2098 nominum,

75 2107 111 2143 in
129 2106 283 2143 Indisch.
296 2106 465 2143 Biblioth.
488 2107 530 2153 ll,
542 2108 568 2147 3
585 2121 618 2156 p.
631 2109 727 2154 316,

76 2163 229 2212 iniquius
247 2168 367 2200 tamen
380 2192 389 2209 ,
421 2167 462 2199 ut
484 2164 626 2212 saepius
639 2193 649 2210 ,
680 2165 727 2201 de

75 2219 268 2255 Herodoto
285 2220 488 2256 iudicans.“
520 2219 584 2256 Cr.
615 2220 727 2263 Quod

78 2276 170 2312 enim
194 2275 247 2311 vir
272 2275 500 2313 doctissimus
535 2276 727 2313 Herodoto

75 2331 186 2368 verba
197 2331 342 2369 dedisse
361 2333 486 2369 statuit
503 2333 727 2370 sacerdotem

76 2386 312 2436 Aegyptium,
342 2401 469 2439 parum
497 2391 726 2439 perspexisse

79 2443 217 2479 videtur
239 2457 343 2482 sacra
363 2444 648 2494 Aegyptiorum,
679 2446 727 2482 de

79 2498 209 2547 quibus
228 2500 386 2538 dicemus
410 2503 458 2539 ad
483 2501 528 2548 ll,
551 2505 614 2542 61.
643 2501 726 2538 Mo-

79 2558 142 2591 net
157 2567 240 2592 vero
251 2557 450 2608 Champoll.
469 2558 627 2608 l’Egypt.
641 2571 725 2595 sous

79 2610 102 2646 l.
123 2610 220 2659 phar.
239 2612 255 2648 I
273 2626 308 2662 p.
335 2615 432 2662 114,
461 2615 597 2651 nullum
619 2615 726 2652 alium

81 2666 138 2702 hie
163 2667 311 2717 intelligi
336 2683 446 2720 posse
477 2671 618 2718 locum,
658 2671 727 2707 nisi

83 2733 178 2768 eum,
208 2724 268 2772 qui
286 2727 384 2775 apud
397 2726 660 2777 Elephantinen
680 2727 728 2763 sit

82 2777 254 2826 insulam,
282 2783 344 2818 ubi
367 2784 466 2820 fluvii
492 2785 593 2833 ripae
610 2784 727 2820 utrin-

84 2846 156 2882 que
177 2842 369 2884 assurgant
400 2840 492 2876 saxis
523 2839 729 2889 praecipiti-

84 2889 153 2926 bus
164 2917 175 2936 ,
205 2903 299 2939 quae
315 2895 414 2933 unda
433 2895 544 2932 alluat
560 2907 729 2944 quaeque

802 643 900 680 notis
928 640 1205 692 hieroglyphicis
1236 643 1308 680 sint
1333 644 1459 681 inseri-

802 703 889 749 pta3
919 712 988 737 nec
1023 703 1148 736 tamen
1186 701 1367 749 gurgitem
1395 705 1459 738 aut

804 756 917 793 simile
954 756 1044 804 quid
1087 768 1169 792 esse
1205 757 1456 807 conspicuum,

802 813 938 850 nedum
958 812 1033 849 Nili
1055 812 1189 849 fontes.
1231 812 1343 856 Quod
1364 813 1458 850 bene

803 869 983 906 credimus
998 869 1073 904 viro
1097 868 1230 916 docto,
1260 882 1341 906 cum
1359 881 1457 905 veros

802 924 877 963 Nili
903 926 1023 962 fontes
1043 937 1149 961 nemo
1170 924 1228 962 hic
1248 926 1454 974 quaesierit.

804 979 956 1030 Ilsouplei
970 994 998 1017 s.
1020 979 1150 1030 ssIophz'
1169 980 1352 1032 Aegyptio
1381 994 1457 1019 ser-

802 1050 910 1075 mone
936 1037 1033 1074 idem
1067 1038 1258 1074 contendit
1287 1051 1387 1075 esse:
1417 1037 1455 1075 la

801 1094 925 1141 bonne,
956 1096 993 1131 et
1013 1092 1164 1143 Claroplzi
1182 1106 1266 1132 esse
1291 1093 1328 1132 la
1355 1107 1455 1132 mau-

800 1152 910 1187 vaise.
1374 1192 1385 1201 N

856 1203 927 1252 τὰς
952 1198 1009 1244 ὧν
1035 1201 1086 1256 δή
1113 1201 1242 1257 πηγοῖς
1263 1207 1336 1245 τοῦ
1362 1204 1457 1245 Νεί-

799 1264 884 1310 λου,
917 1257 1060 1308 ἐούσας
1085 1255 1310 1314 οῗβύσσους]
1342 1262 1455 1307 Quod

798 1320 944 1357 minime
974 1319 1024 1356 sic
1051 1318 1231 1368 intelligas
1258 1319 1383 1366 velim,
1415 1321 1455 1355 ut

797 1388 902 1413 veros
923 1374 998 1412 Nili
1018 1375 1137 1411 fontes
1157 1374 1227 1411 illic
1247 1375 1359 1413 fuisse
1376 1376 1452 1412 exi-

798 1434 933 1469 stimes.
965 1431 1038 1474 Qui
1060 1431 1156 1468 enim
1181 1444 1290 1481 supra
1314 1432 1454 1469 dixerat

797 1489 862 1537 (Π,
878 1486 963 1537 17),
983 1486 1109 1524 Nilum
1131 1500 1152 1524 a
1172 1487 1375 1537 Catadupis
1394 1489 1452 1524 in-

796 1548 926 1594 cipere,
953 1543 1080 1593 quidni
1105 1543 1204 1580 idem
1225 1544 1355 1581 eodem
1375 1545 1452 1582 iure

796 1603 917 1639 dicere
934 1600 1068 1650 potuit,
1098 1599 1190 1647 illic,
1218 1600 1318 1638 unde
1337 1596 1453 1638 fluere

795 1659 944 1707 incipiat
969 1657 1010 1703 (i.
1030 1669 1061 1692 e.
1084 1656 1144 1692 ubi
1163 1655 1371 1706 Aegyptum
1399 1658 1452 1693 in-

796 1718 872 1751 trat
901 1713 1168 1762 Aegyptiisque
1210 1713 1324 1750 fluere
1363 1713 1453 1750 inci-

795 1770 912 1821 piat),
943 1770 1020 1806 eius
1052 1781 1133 1805 esse
1161 1766 1312 1817 fontes?
1342 1769 1451 1806 Conf.

795 1826 950 1863 Iomard.
979 1824 1128 1862 Recueil
1150 1828 1216 1861 etc.
1240 1823 1255 1860 I
1278 1837 1364 1875 pag.
1383 1825 1452 1866 36.

797 1884 862 1923 37.
892 1881 946 1918 Ac
970 1880 1026 1918 vel
1054 1881 1172 1929 magis
1201 1881 1453 1930 respiciendae

797 1943 881 1976 sunt
901 1941 1061 1976 veterum
1080 1936 1346 1987 Aegyptiorum
1367 1937 1452 1974 reli-

795 1996 923 2044 giones
935 2023 946 2041 ,
975 1993 1036 2042 qui
1054 2005 1199 2030 omnem
1216 1997 1334 2031 terrae
1355 1993 1451 2030 salu-

795 2056 868 2089 tem
895 2063 917 2088 a
933 2049 1020 2087 Nilo
1047 2062 1261 2099 suspensam
1291 2051 1452 2087 facerent

795 2120 949 2156 eumque
966 2118 1142 2143 summum
1163 2105 1323 2143 colerent
1342 2106 1451 2142 deum

796 2177 837 2201 ac
863 2164 923 2214 pie
944 2166 1201 2200 venerarentur
1222 2162 1336 2211 ipsius
1363 2162 1451 2198 Osi-

795 2221 884 2258 ridis
913 2219 1003 2268 (qui
1026 2217 1113 2255 alias
1133 2231 1199 2268 pro
1218 2218 1312 2255 Solis
1338 2218 1451 2255 habe—-

793 2280 853 2314 tur
887 2274 1062 2322 numine)
1094 2274 1261 2319 nomine,
1291 2277 1333 2310 ut
1363 2273 1451 2311 nihil

795 2333 841 2370 sit
858 2333 1008 2378 mirum,
1037 2330 1133 2368 illum
1157 2330 1286 2377 locum,
1316 2330 1377 2366 ubi
1392 2324 1450 2366 >in-

791 2393 865 2427 trat
873 2389 1078 2438 Aegyptum
1087 2387 1154 2424 iste
1164 2387 1292 2423 fluvius
1303 2400 1331 2423 s.
1345 2387 1448 2433 deus,

795 2450 831 2484 et
851 2445 912 2482 ubi
931 2458 1011 2482 eum
1041 2447 1262 2481 crescentem
1280 2443 1450 2480 observa-

793 2503 902 2549 bant,
933 2499 1104 2549 singulari
1134 2500 1246 2537 fuisse
1275 2499 1449 2548 religione

794 2561 1040 2595 consecratum
1072 2556 1117 2592 ab
1142 2554 1356 2605 Aegyptiis,
1387 2555 1448 2604 qui

793 2615 861 2652 illic
872 2614 1055 2651 Osiridem
1069 2611 1247 2662 sepultum
1267 2625 1348 2650 esse
1360 2625 1449 2648 con-

793 2670 1042 2708 fabularentur
1061 2698 1072 2716 ,
1132 2669 1198 2706 sed
1249 2668 1447 2705 redivivum

794 2727 989 2776 quotannis
1010 2739 1030 2763 e
1050 2724 1232 2775 sepultura
1245 2724 1349 2773 quasi
1362 2737 1447 2761 exo-

794 2783 855 2820 riri
876 2783 1066 2832 undasque
1088 2794 1169 2818 suas
1191 2780 1392 2817 salutiferas
1405 2792 1447 2819 ex

794 2839 864 2877 hoc
882 2838 961 2877 loco
979 2842 1019 2875 ut
1039 2850 1082 2875 ex
1096 2838 1199 2888 sonte
1219 2850 1285 2887 per
1303 2847 1447 2872 omnem

798 2894 1009 2946 Aegyptum
1026 2895 1181 2932 volvere.
1210 2892 1268 2930 De
1287 2891 1446 2937 Osiride,
