1759 3324
337 244 423 284 586

752 239 1218 280 HERODOTI

337 350 449 396 εἶναι,
489 351 534 395 δὲ
574 350 667 395 ἔτεα
706 348 791 406 ἀφ’
829 345 884 394 οὗ
926 348 1071 403 Τύρον
1109 348 1321 399 οἰκέουσι,
1373 346 1599 403 τριηκόσιοι

309 433 417 475 anal
447 432 643 486 δισχίλια.
696 428 815 473 εἶδον
854 430 898 472 δὲ
936 430 980 472 ἐν
1010 432 1063 485 τῇ
1101 427 1230 484 Τύρῳ
1262 429 1333 470 καὶ
1365 427 1469 470 ἄλλο
1502 426 1601 479 ἱρόν

308 510 589 566 4“Ηρακλὲος,
621 509 867 564 ἐπωνυμίην
899 509 1063 562 ἔχοντες
1088 509 1256 550 Θασίου
1287 504 1408 549 εἶναι.
1442 505 1595 548 α’πικό-
1612 512 1656 545 75

338 608 424 648 μην
455 591 500 634 δὲ
529 589 600 633 καὶ
631 589 672 638 ἐς
708 585 881 638 Θάσον,
918 588 964 630 ἐν
988 590 1040 643 τῇ
1072 580 1201 640 εὗρον
1230 585 1330 641 ἱρὸν
1364 583 1600 640 ‘HQanie'og

281 811 364 848 ideo
375 807 585 847 mutaverim
599 803 828 855 ἱδρυθῆναι,
838 803 938 852 quod

281 867 471 904 Atticistae
495 861 670 912 praeferri
688 860 823 896 iubent.
856 860 936 906 Cf.,

281 936 328 959 ne
348 922 462 971 plura,
482 920 692 955 Buttmann.
713 917 749 951 in
772 916 934 952 Gramm.

281 979 365 1015 mai.
387 977 417 1013 ll
449 989 482 1025 p.
510 976 598 1016 152.
629 995 684 1000 —-
713 973 754 1009 ln
784 985 838 1020 sq.
865 984 934 1021 pro

283 1029 361 1082 ἐφ’
404 1027 453 1071 οὗ
487 1031 670 1068 Schaefer.
688 1058 698 1076 ‚
755 1029 934 1077 probante

280 1091 412 1128 Struve
431 1089 452 1126 l.
475 1088 497 1125 l.
524 1101 560 1137 p.
581 1089 656 1133 32,
688 1080 758 1123 ἄπ’
783 1078 843 1123 οὗ.
875 1085 934 1121 Cf.

280 1146 401 1184 Koen.
431 1145 478 1182 ad
508 1144 663 1192 Gregor.
687 1140 851 1178 Corinth.
888 1141 936 1177 de

281 1203 367 1239 dial.
386 1202 462 1238 lon.
492 1199 530 1252 ἓ.
553 1203 618 1241 18.
658 1197 762 1236 Libri
790 1210 935 1234 omnes:

282 1254 356 1310 ἐφ’
380 1252 441 1297 οὗ.

338 1311 441 1354 εἶναι
468 1310 512 1352 δὲ
548 1311 632 1351 ἔτεα
652 1331 708 1339 -
725 1303 937 1360 τριηκόσια

279 1370 348 1411 καὶ
375 1371 560 1421 δισχίλια]
590 1369 678 1406 Fuit
706 1368 832 1415 utique
856 1365 892 1403 T
894 1380 937 1415 y-

280 1442 342 1466 rus
371 1433 456 1478 post
492 1427 669 1462 Sidonem
705 1428 742 1461 et
780 1422 936 1459 maxima

281 1490 318 1523 et
337 1484 584 1532 antiquissima
594 1480 815 1518 Phoenicum
832 1479 933 1525 urbs,

279 1545 375 1579 teste
399 1540 580 1576 Strabone
598 1537 684 1575 XVI
712 1550 747 1586 p.
770 1538 876 1576 1097
899 1540 935 1572 et

280 1597 385 1635 Iesai.
414 1596 560 1642 XXIII,
595 1598 644 1640 73
684 1592 785 1642 quod
813 1596 935 1629 tamen

279 1667 356 1691 non
389 1653 564 1702 impedit,
602 1662 675 1700 quo
707 1650 824 1685 minus
854 1661 934 1684 cum

280 1709 529 1757 IVesselingio
554 1720 635 1745 eam
654 1706 712 1743 hic
734 1705 840 1741 nimis
859 1704 935 1754 pri-

280 1779 379 1803 scam
411 1764 592 1815 perhiberi
623 1774 846 1800 censeamus.
902 1760 937 1797 A

281 1822 548 1868 sacerdotibus,
588 1818 810 1867 antiquitatis
848 1829 938 1854 suae

279 1878 533 1924 iactatoribus,
580 1876 718 1913 Nostro
756 1878 796 1910 ut
824 1874 936 1910 verba

281 1936 369 1972 data
385 1934 530 1980 fuerint,
549 1932 626 1969 fieri
639 1932 763 1980 utique
772 1930 936 1980 potuisse

280 1991 376 2028 idem
398 1990 456 2026 ille
475 1989 612 2035 scribit,
640 1988 772 2024 reiecta
795 1986 935 2034 Vigno-

280 2046 318 2082 lii
335 2046 552 2091 coniectura,
572 2057 644 2093 qua
653 2037 856 2095 τριηκόσια
867 2039 934 2080 καὶ

281 2103 384 2153 χίλια
411 2102 448 2137 in
476 2101 667 2137 Herodoto
699 2100 744 2136 sit
774 2098 934 2134 scriben-

281 2159 388 2204 dum,
419 2170 498 2194 cum
522 2155 579 2193 vel
596 2155 664 2192 hac
681 2155 821 2191 ratione
842 2153 934 2203 Tyri

280 2214 384 2250 initia
403 2214 496 2249 iusto
515 2212 719 2259 antiquiora
735 2210 933 2248 constitue-

279 2274 414 2308 rentur.
444 2269 574 2306 Denuo
592 2267 685 2304 hanc
703 2279 779 2303 rem
798 2266 936 2314 disqui-

281 2326 363 2363 sivit
391 2324 594 2362 Larcherus
631 2325 669 2359 in
709 2322 933 2370 Chronolog.

279 2382 461 2419 Herodot.
491 2393 569 2430 cap.
598 2379 633 2416 II
658 2393 695 2429 p.
729 2381 807 2419 129
831 2391 933 2427 seqq.

223 2435 230 2439 ’
281 2439 375 2475 Cum
397 2437 490 2474 enim
504 2465 514 2482 ,
543 2436 772 2473 Herodotum
792 2435 849 2472 vel
868 2448 935 2484 po—

280 2496 350 2531 tius
376 2494 474 2544 ipsos
504 2492 639 2541 Tyrios
671 2492 700 2528 si
729 2503 934 2540 sequamur,

281 2551 366 2587 urbs
395 2549 503 2586 suerit
531 2548 677 2585 condita
709 2560 792 2584 ann.
823 2549 934 2587 2760

281 2619 314 2642 a.
337 2606 442 2651 Chr„
476 2605 513 2640 id
537 2605 636 2653 quod
658 2604 761 2640 nimis
788 2603 935 2647 recedit,

281 2661 481 2699 Larcherus
507 2660 611 2710 ponit
638 2661 676 2696 in
702 2672 797 2696 anno
829 2661 936 2700 1590

281 2731 315 2755 a.
335 2718 421 2753 Chr.
441 2717 476 2753 T
479 2732 497 2766 y
506 2716 533 2752 ri
550 2716 720 2764 origines.
779 2714 861 2752 Nec
880 2720 937 2751 ta-

282 2787 365 2811 men
396 2774 491 2823 patri
519 2772 690 2809 historiae
712 2771 747 2808 T
750 2771 846 2821 >rios
868 2772 935 2806 iui-

281 2831 448 2881 posuisse
467 2829 554 2875 vult,
582 2830 647 2866 sed
663 2829 730 2864 sibi
744 2830 844 2877 ipsos
857 2827 936 2875 'sy-

282 2900 355 2923 rios
383 2898 619 2936 uriposuisse,
650 2897 732 2921 curn
762 2898 849 2921 suae
875 2896 936 2920 ur-

1004 802 1061 840 bis
1090 803 1248 852 origines
1278 804 1542 841 confunderent
1576 816 1656 841 cuin

1004 859 1162 906 Sidone,
1203 873 1296 908 quae
1332 860 1411 908 ipsa
1439 860 1530 909 Tyri
1561 864 1658 897 esset

1003 915 1233 965 metropolis,
1263 916 1409 952 condita
1427 928 1523 952 anno
1550 917 1657 957 1730

1003 984 1035 1008 a.
1055 972 1140 1008 Chr.
1200 972 1292 1008 utut
1322 975 1396 1018 est,
1430 971 1535 1009 valde
1565 973 1658 1008 anti-

1002 1040 1112 1077 quam
1129 1028 1254 1065 urbem
1273 1028 1407 1074 videri,
1437 1041 1516 1064 cum
1539 1028 1657 1065 Gese-

1003 1085 1062 1120 nio
1085 1085 1218 1133 (quern
1249 1083 1314 1121 Cr.
1344 1085 1390 1120 ad
1410 1084 1444 1121 h.
1476 1084 1498 1121 l.
1522 1085 1658 1121 adscri-

1002 1141 1094 1192 psit)
1117 1141 1164 1177 ad
1186 1141 1288 1177 lesai.
1309 1140 1450 1188 XXIII,
1469 1140 1496 1181 4
1516 1154 1553 1191 p.
1572 1142 1656 1182 728

1005 1202 1162 1234 statuere
1190 1196 1377 1233 malumus.
1434 1198 1488 1233 Ac
1523 1196 1659 1247 poterit

1004 1254 1074 1291 hoc
1092 1254 1214 1302 utique
1226 1253 1351 1291 referri
1366 1253 1415 1289 ad
1433 1266 1658 1290 communem

1004 1310 1226 1359 antiquitatis
1247 1310 1466 1359 opinionem,
1489 1310 1561 1359 qua
1576 1309 1656 1347 aliis

1003 1367 1287 1417 praestantiores
1309 1380 1348 1403 se
1367 1379 1447 1403 esse
1464 1371 1573 1414 atque
1591 1366 1658 1402 ha-

1003 1423 1081 1461 beri
1109 1422 1317 1469 voluerunt,
1348 1435 1391 1459 eo
1421 1423 1520 1470 quod
1557 1435 1656 1458 sum-

1002 1492 1098 1517 mam
1121 1479 1373 1528 antiquitatem
1404 1479 1470 1515 sibi
1494 1491 1659 1515 assume-

1001 1541 1093 1573 rent.
1142 1535 1270 1572 Monet
1298 1540 1488 1584 praeterea
1517 1535 1658 1572 Heere-

1002 1592 1083 1629 nius
1104 1591 1234 1638 (Ideeu
1246 1592 1274 1638 Ι,
1288 1594 1361 1641 21».
1381 1595 1431 1632 12
1450 1592 1548 1640 seq.)
1565 1597 1658 1627 tenl-

1001 1648 1099 1699 plum
1117 1653 1218 1685 vetus
1230 1677 1241 1695 ‚
1271 1648 1371 1696 quod
1391 1660 1462 1684 una
1480 1660 1558 1684 cum
1577 1649 1658 1697 ipsa

1002 1706 1092 1742 urbe
1126 1704 1309 1742 conditum
1342 1717 1424 1741 esse
1460 1705 1659 1741 narrabant

1004 1762 1127 1811 Tyrii,
1166 1761 1228 1797 diu
1253 1760 1462 1797 demolitum
1485 1759 1658 1809 aliudque

1003 1818 1080 1856 eius
1097 1817 1176 1854 loco
1198 1830 1219 1853 a
1236 1830 1323 1865 rege
1340 1817 1471 1853 Hiram
1490 1815 1658 1852 Salomo-

1002 1875 1058 1911 nis
1094 1873 1238 1923 aequali
1275 1877 1492 1910 exstructum
1529 1873 1655 1910 fuisse.

1001 1930 1124 1979 Atque
1166 1930 1235 1967 hoc
1271 1930 1392 1979 potius
1425 1929 1538 1965 fuisse
1566 1933 1659 1965 tem-

1001 1987 1112 2037 plum,
1132 1987 1232 2035 quod
1249 1985 1456 2034 quingentis
1479 1985 1658 2034 quinqua-

1001 2044 1103 2091 ginta
1132 2046 1218 2093 post
1248 2042 1352 2079 annis
1379 2042 1511 2079 viderit
1533 2041 1656 2079 Hero-

1000 2099 1119 2136 dotus.

1057 2153 1288 2203 ἐπωνυμίην
1301 2175 1348 2180 -
1365 2153 1515 2192 Θασίου
1539 2148 1656 2197 εἶναι]

1001 2210 1061 2248 De
1082 2211 1291 2247 abundante
1309 2210 1420 2246 verbo
1442 2205 1544 2248 εἶναι
1562 2209 1655 2245 conf.

1002 2267 1203 2304 Hermann.
1234 2267 1283 2302 ad
1305 2265 1428 2314 Viger.
1458 2279 1494 2315 p.
1515 2265 1596 2306 751
1621 2269 1658 2302 et

1002 2321 1168 2360 SiebeIis.
1190 2322 1238 2358 ad
1275 2321 1430 2358 Pausan.
1466 2321 1572 2367 uu,
1602 2322 1654 2361 31

1002 2376 1039 2429 ἓ.
1070 2379 1108 2418 4.
1172 2377 1241 2414 Cr.
1269 2378 1459 2426 adscripsit
1494 2378 1657 2414 Platonis

1001 2435 1118 2471 locum
1134 2435 1172 2470 in
1190 2434 1377 2470 Phaedon.
1409 2432 1445 2484 ᾖ.
1471 2437 1569 2480 117,
1597 2433 1658 2470 ubi

1001 2491 1205 2527 Herodotei
1246 2489 1312 2526 loci
1359 2503 1434 2526 non
1470 2490 1658 2527 immemor

1002 2546 1236 2584 Heindorfius
1258 2559 1294 2595 p.
1321 2547 1411 2586 198.

1060 2601 1102 2641 ἐν
1122 2604 1172 2654 τῇ
1193 2595 1312 2652 εὗρον
1341 2600 1428 2651 ἱρὸν
1449 2599 1658 2653 Ἡρακλέος

1002 2655 1084 2697 ’ὑπό
1107 2659 1306 2697 Φοινίκων
1328 2657 1539 2709 ἱδρυμένον
1565 2673 1600 2697 κ.
1623 2673 1655 2696 τ.

1004 2713 1060 2764 λ.]
1090 2715 1173 2751 Hoc
1189 2714 1373 2763 templum,
1394 2716 1423 2752 si
1444 2728 1559 2751 annos
1571 2728 1659 2765 sup-

1004 2770 1186 2821 putaveris
1205 2784 1225 2807 e
1243 2776 1364 2808 mente
1381 2772 1576 2818 Herodoti,
1589 2770 1612 2806 i.
1625 2784 1656 2807 e.

1006 2830 1085 2868 166
1111 2831 1196 2863 ante
1214 2826 1436 2864 Graecorum
1463 2826 1656 2864 Herculem

1005 2888 1142 2930 uatum,
1159 2883 1342 2920 conditum
1362 2885 1428 2921 erit
1438 2896 1535 2920 anno
1549 2885 1656 2924 1550
