1759 3324
494 260 917 302 EUTERPE.
976 259 1024 298 ΙΙ.

1311 261 1395 301 733

133 379 206 423 καὶ
236 380 288 434 δη
318 375 391 420 καὶ
421 373 487 417 ὅτι
515 373 668 427 Ξείνης
705 368 967 425 Ἀφροδίτης
1002 367 1253 426 ἐπωνύμιόν
1281 368 1391 412 ἐστι’

135 458 216 502 ὅσα
243 456 327 512 γὰρ
352 453 460 496 ἄλλα
487 449 746 507 Ἀφροδίτης
775 448 848 505 ἱροὶ
873 449 982 501 ἐστι,
1014 448 1221 504 οὐδαμῶς
1241 449 1399 504 Ξείνης

12 543 110 588 113
135 535 407 581 ἐπικαλέεται.
451 530 631 586 ’Έλεγον
660 529 706 573 δέ
733 546 808 585 μοι
843 530 887 572 οἱ
928 527 1037 583 ἱρέες
1076 527 1318 583 ἱστορέοντι
1346 530 1398 572 τά

132 715 199 756 καὶ
228 712 287 756 ὅτι
316 713 456 766 ,Ξείνης
493 711 730 766 Ἀφροδίτης

78 767 308 824 ἒπωνύμιόν
341 772 443 824 ἐστι]
476 773 656 822 Suppleas
684 769 729 812 τό

79 827 175 884 ἱρόν.
235 825 465 881 ἐπωνύμιον
501 829 627 878 reliqui
646 843 731 879 pro-

77 890 244 926 batorum
265 887 371 924 codd.
384 887 597 924 auctoritate
610 886 730 922 firma-

77 950 166 982 tum.
205 944 274 980 Est
293 944 388 980 enim
415 944 512 980 idem
531 943 608 980 fere
628 943 730 991 quod

78 998 306 1051 ἐπώνυμον,
324 1001 423 1048 quod
439 1001 555 1049 ipsum
576 1000 634 1036 hic
650 1000 729 1047 qui-

79 1061 164 1096 dam
193 1058 372 1107 praebent
405 1057 512 1103 libri,
551 1056 730 1106 probante

78 1114 272 1153 LarcherO.
360 1113 588 1149 Structuram
629 1113 729 1148 vocis

80 1186 159 1210 cum
205 1173 364 1219 genitivo
402 1169 621 1206 illustrarunt
662 1169 729 1205 viri

80 1228 178 1266 docti
215 1240 237 1264 a
280 1226 522 1274 W'esselingio
573 1225 730 1262 laudati:

79 1284 230 1322 Stanlei.
251 1285 298 1321 ad
318 1283 484 1331 Aeschyl.
506 1296 533 1319 s.
557 1295 586 1319 c.
610 1282 729 1319 Theb.

84 1343 162 1382 138
186 1344 222 1377 et
242 1340 491 1378 Hemsterhus.
514 1339 562 1376 ad
580 1337 731 1375 Luciani

82 1397 179 1435 diall.
205 1401 324 1434 niortt.
360 1396 435 1442 IX,
475 1398 509 1435 1.
567 1395 664 1432 Hinc
692 1398 731 1431 tu

81 1458 198 1492 verte:
250 1458 360 1500 „tum
390 1465 469 1489 vero
504 1454 609 1489 etiam
642 1449 731 1501 quod

80 1510 282 1560 (templum)
314 1511 594 1558 cognominatam
630 1511 679 1544 est
709 1520 733 1544 a

86 1568 210 1605 Venere
224 1566 449 1617 peregrina.“
466 1566 506 1601 Si
521 1578 605 1603 vero
618 1577 731 1614 quae-

80 1638 160 1671 raS‚
200 1624 288 1673 quid
316 1622 467 1660 moverit
491 1622 732 1668 Herodotum,

82 1686 123 1718 ut
141 1680 320 1718 Venerem
347 1679 577 1730 peregrinam
599 1678 733 1714 hancce

82 1751 122 1775 re
149 1749 236 1774 vera
260 1736 438 1774 Helenam
469 1749 548 1772 esse
574 1735 736 1784 suspica-

81 1798 201 1840 retur,
231 1792 398 1841 Tyndari
432 1792 568 1837 filiam,
606 1791 645 1828 id
680 1794 737 1828 te-

83 1851 261 1888 nendum:
309 1849 409 1899 apud
446 1849 610 1885 Graecos
647 1860 738 1896 quo-

83 1920 155 1956 que
194 1906 335 1943 divinos
364 1906 520 1942 honores
552 1904 737 1953 accepisse

82 1963 263 2001 Helenam
282 1963 379 1999 haud
396 1961 501 1998 aliter
519 1966 629 2010 atque
647 1959 738 1996 Pro-

81 2024 181 2057 teum
198 2018 492 2067 Menelaumque.
523 2017 661 2054 Habita
680 2020 737 2054 est

84 2077 180 2114 enim
200 2075 307 2113 Luna
327 2089 355 2112 S.
370 2075 435 2112 (lea
457 2075 604 2121 lunaris,
621 2077 660 2110 ut
678 2073 736 2110 vel

83 2145 215 2170 nomen
232 2132 379 2179 indicat,
399 2133 498 2180 quod
508 2130 735 2181 splendidam,

84 2189 250 2227 lucentem
278 2189 375 2226 haud
404 2188 534 2225 iniuria
558 2188 736 2238 interpre-

83 2249 215 2283 tantur.
274 2245 340 2282 Est
355 2244 521 2292 Helena,
549 2248 590 2281 ut
611 2244 734 2295 paucis

86 2303 221 2350 dicam,
250 2302 376 2340 Venus
396 2302 444 2338 ad
466 2301 652 2350 vulgarem
670 2301 736 2339 he-

85 2372 187 2396 roum
216 2358 375 2396 fabulam
405 2359 571 2395 traducta
589 2387 600 2405 ,
640 2370 736 2407 quae

88 2415 167 2464 ipsa
185 2415 282 2452 haud
299 2415 371 2452 scio
393 2427 439 2452 an
459 2418 636 2464 congruat
654 2428 736 2451 cum

89 2471 250 2519 Astarte,
277 2484 384 2521 quam
406 2471 475 2508 hoc
502 2471 582 2508 loco
605 2471 736 2508 intelli-

90 2528 247 2576 gendam
268 2541 348 2565 esse
369 2528 423 2564 vir
439 2529 566 2565 doctus
588 2529 739 2578 quidam

91 2584 238 2621 censuit.
294 2584 391 2621 Nolo
422 2597 518 2621 nunc
540 2585 610 2621 alia
630 2585 738 2622 attin-

92 2652 178 2688 gere
189 2668 198 2686 ,
225 2652 318 2689 quae
336 2640 536 2689 longiorem
554 2642 738 2692 discepta-

91 2696 227 2733 tionem
246 2696 445 2746 postulant,
477 2697 552 2735 eius
567 2698 660 2736 deae
683 2698 739 2734 di-

93 2764 135 2788 co
155 2752 438 2791 coniunctionem
457 2767 538 2791 cum
557 2753 739 2802 Pataecis,

93 2807 267 2854 Canobo,
296 2808 366 2846 alia
397 2810 437 2846 id
468 2823 606 2859 genus3
643 2823 740 2859 quae

94 2863 157 2911 qui
183 2865 379 2902 accuratius
405 2878 556 2904 noscere
582 2868 742 2913 studeat,

93 2918 256 2970 perlegat
302 2921 474 2960 Creuzeri
516 2922 677 2972 Symbol.
708 2923 743 2960 ΙΙ

798 730 834 767 p.
857 715 938 757 342
961 727 1063 764 seqq.
1104 714 1176 761 ΠΙ,
1199 716 1252 756 38
1274 728 1350 764 seq.
1391 714 1455 762 IV,

802 774 880 814 150
910 786 1012 821 seqq·
1058 772 1148 812 153.
1210 772 1333 815 Quum
1365 785 1454 820 ergo

798 830 908 867 Luna
936 829 1000 865 dea
1029 835 1146 875 esset,
1184 828 1282 865 haud
1312 829 1455 875 mirum,

799 900 820 924 a
839 891 942 936 patre
973 886 1148 921 historiae
1176 898 1255 921 earn
1286 885 1454 934 componi

798 957 880 981 cum
901 943 1065 988 Venere,
1089 946 1127 978 et
1146 942 1228 991 ipsa
1249 942 1318 978 dea
1338 941 1454 978 lunari

797 1001 834 1037 in
861 999 1080 1036 Phoenicum
1099 998 1345 1047 religionibus.

996 1083 1104 1133 Cap.
1136 1082 1268 1120 exul.

857 1167 989 1220 ἔλεγον
1018 1165 1061 1206 δέ
1090 1182 1157 1217 μοι
1177 1166 1218 1206 οἵ
1247 1163 1348 1217 ἱρέες
1367 1181 1401 1204 κ.
1423 1181 1455 1204 τ.

800 1225 858 1276 λ.]
907 1225 1097 1263 Pertinent
1140 1224 1210 1260 huc
1243 1235 1286 1260 ea
1305 1251 1316 1269 ,
1360 1236 1456 1272 quae

799 1282 1028 1320 Stesichorus
1038 1309 1049 1327 ,
1080 1280 1351 1329 antiquissimus
1366 1281 1457 1329 poe-

799 1344 860 1387 ta,
890 1339 1089 1383 cecinerat,
1115 1338 1176 1386 qui
1195 1336 1376 1374 Helenam
1397 1336 1456 1372 di-

798 1400 903 1433 xerat
930 1395 1053 1431 Paridi
1079 1394 1127 1430 ad
1151 1393 1361 1442 Aegyptum
1391 1393 1458 1430 de-

799 1452 872 1489 lato
891 1455 1034 1502 raptam
1054 1451 1168 1487 fuisse
1187 1463 1209 1486 a
1227 1450 1376 1495 Proteo,
1395 1449 1457 1497 qui

800 1509 890 1546 illius
919 1508 998 1544 loco
1026 1507 1150 1544 Paridi
1177 1506 1319 1544 dederit
1344 1505 1457 1543 Hele-

800 1578 870 1602 nae
896 1564 1111 1614 imaginem,
1141 1564 1294 1612 quacum
1321 1563 1391 1600 iste
1418 1562 1457 1600 in

802 1622 954 1658 Troiam
983 1620 1205 1658 discesserit.
1263 1619 1345 1655 Vid.
1374 1619 1459 1656 Ste-

803 1678 932 1715 sichori
948 1679 1115 1726 fragmm.
1143 1690 1178 1726 p.
1197 1678 1252 1717 92
1277 1677 1335 1713 ed.
1353 1675 1460 1713 Klei-

803 1748 860 1772 ne.
916 1734 1049 1782 Neque
1079 1733 1146 1770 huc
1184 1745 1260 1769 non
1286 1732 1372 1769 facit
1400 1744 1460 1768 ar-

804 1795 1015 1841 gumentum
1046 1789 1268 1839 Euripideae
1301 1787 1458 1835 fabulae,

805 1860 899 1898 quae
916 1847 1033 1884 adhuc
1053 1845 1218 1883 Helenae
1247 1845 1314 1881 sub
1339 1845 1458 1881 nomi-

805 1918 852 1941 ne
873 1908 1013 1950 exstat3
1034 1904 1081 1940 de
1102 1915 1173 1951 quo
1187 1902 1351 1952 disputat
1360 1900 1460 1938 Mat-

805 1961 903 1998 thiae
934 1961 970 1996 in
998 1962 1205 1997 commentt.
1226 1959 1273 1995 ad
1292 1958 1458 2008 Euripid.

804 2022 890 2055 tom.
908 2016 993 2053 VIII
1014 2016 1143 2066 p.258
1155 2028 1232 2064 seq.
1255 2014 1386 2051 Exstat
1404 2015 1461 2050 in-

805 2075 918 2123 signis
938 2074 1031 2110 hanc
1058 2073 1095 2108 in
1124 2084 1199 2109 rem
1217 2070 1378 2108 Platonis
1406 2070 1461 2107 lo-

803 2145 864 2169 cus
884 2130 921 2167 in
940 2130 1040 2180 polit.
1062 2128 1133 2175 IX,
1157 2130 1207 2169 10
1235 2141 1271 2177 p.
1295 2128 1389 2175 586,
1414 2128 1458 2175 C,

803 2188 863 2224 ubi
882 2187 986 2237 plura
1012 2186 1133 2223 citavit
1156 2185 1279 2221 Astius
1301 2184 1338 2220 in
1364 2197 1463 2221 com-

802 2248 930 2282 mentt.
967 2255 1052 2293 pag.
1093 2241 1188 2283 604.
1264 2240 1460 2291 Euripides

802 2314 888 2338 vero
909 2304 1027 2337 utrum
1056 2311 1100 2336 ex
1124 2298 1306 2336 Herodoti
1334 2311 1461 2335 narra-

803 2359 902 2395 tione
947 2357 1132 2407 profectus
1175 2356 1222 2392 sit
1248 2355 1286 2391 in
1316 2354 1460 2392 fabulae

804 2417 1020 2463 argumento
1039 2412 1287 2455 contexendo,
1319 2423 1367 2448 an
1391 2424 1460 2461 po-

804 2472 876 2508 tius
892 2470 1107 2507 Herodotus
1130 2469 1245 2518 (quae
1254 2467 1459 2505 Valckena-

806 2528 849 2564 rii
870 2531 927 2565 est
957 2526 1136 2563 sententia
1163 2525 1212 2562 ad
1241 2525 1382 2562 Herod.
1412 2524 1460 2572 ll,

809 2586 909 2632 116)
936 2583 1150 2633 Euripidem
1178 2582 1328 2630 legerit,
1358 2581 1462 2630 equi-

806 2641 890 2678 dem
917 2640 1070 2677 definire
1108 2638 1230 2675 nolim.
1288 2636 1461 2686 Namque

805 2710 829 2734 a
857 2695 1064 2735 Stesichoro
1093 2695 1251 2733 fabulam
1274 2694 1460 2732 inventam

807 2767 890 2792 esse
907 2752 967 2790 alii
990 2752 1225 2790 contendunt.
1251 2751 1357 2795 Quae
1380 2751 1460 2800 qui-

807 2811 892 2847 dem
911 2823 969 2847 res
982 2838 992 2855 ‚
1013 2809 1131 2857 magis
1150 2813 1273 2845 tamen
1292 2808 1393 2856 quod
1412 2808 1460 2844 ad

806 2868 935 2917 po'etas
950 2865 1029 2902 illos
1053 2868 1211 2914 spectat,
1235 2876 1344 2913 quam
1362 2864 1461 2912 quod

808 2923 858 2961 ad
877 2922 1110 2960 Herodotum
1135 2920 1314 2972 pertinet,
1344 2931 1461 2970 nuper

1456 520 1541 547 Paris
1560 529 1624 547 cum
1643 522 1732 548 Hele-

1456 563 1492 581 na
1504 554 1619 580 del-itus
1630 555 1659 580 ἰιι
1678 557 1731 581 Αε-

1455 592 1596 623 gnitum:
1617 588 1731 615 Hercu-
