1759 3324
223 369 290 413 43

349 263 433 304 582

764 261 1233 302 HERODo'r1

457 369 691 426 Ἡρακλέος
740 372 785 415 δὲ
833 371 930 425 πέρι
970 371 1095 415 τόνδε
1135 370 1212 414 τὸν
1251 369 1383 426 λόγον
1412 368 1607 426 ἤκουσα,

18 432 165 460 Hercules
215 433 295 460 Deo-

18 475 83 493 rum
116 475 159 494 xu
200 475 295 494 unus:
325 449 425 494 2311,
461 452 524 506 εἴη
563 455 652 494 ‘tc5v
691 451 888 494 dvoe'dfixa
928 455 1054 494 &roiv-

18 500 152 527 Graecos
211 500 294 527 illius

17 541 125 560 nomen
143 533 181 559 ab
197 535 294 568 Acgy-

16 566 88 602 ptiis
103 568 265 603 accepisse.

1113 454 1193 493 τοῦ
1238 450 1385 504 ἑτέρου
1425 449 1470 492 δὲ
1512 449 1611 503 πέρι

347 527 605 583 “Ηρακλέος,
641 529 936 584 τόνἝ’λληνες
967 531 1134 581 οἴδασι,
1176 527 1348 585 οὐδαμῇ
1383 528 1611 584 Αἰγύπτου

320 608 602 665 δέδυνάσθηυ
632 607 830 652 ἀκοῦσαι.
859 609 931 651 καὶ
964 608 1051 665 μὴν
1082 608 1148 652 ὅτι
1176 625 1222 665 γε
1244 606 1298 652 οὐ
1322 606 1432 663 παρ’
1457 606 1606 665 Ἑλλή-

290 832 400 863 nente
418 826 588 863 Creuzer.
615 825 652 860 in
673 823 813 860 Comm.
835 823 942 860 Hert.

289 895 326 932 p.
349 884 414 922 67.
462 882 637 931 Spectant
663 893 750 916 vero
778 879 868 916 haec
896 879 945 915 ad

290 937 496 974 animalium
521 944 607 988 post
637 940 790 976 mortem
816 949 944 973 conse-

291 994 502 1041 crationem,
532 995 579 1032 de
601 1007 674 1044 qua
692 992 764 1029 vid.
784 996 878 1029 nott.
897 992 945 1029 ad

288 1048 336 1097 11,
357 1050 423 1090 65.

474 1134 585 1187 Cap.
617 1131 748 1170 xmu.

345 1213 406 1257 ὅτι
425 1215 484 1267 εἴη
502 1218 584 1255 τῶν
611 1211 791 1256 δυώδεκα
808 1214 942 1266 θεῶν]

290 1274 387 1312 Olim
410 1271 483 1321 ὥς,
513 1273 611 1310 cuius
642 1273 720 1310 loco
745 1286 765 1311 e
788 1273 944 1310 meliori—

289 1331 357 1368 bus
387 1330 486 1367 libris
523 1342 618 1368 nunc
655 1333 842 1380 receptum
873 1325 944 1368 ὅτι.

289 1387 471 1424 Classicus
490 1386 672 1423 Herodoti
691 1386 789 1422 locus
812 1386 859 1423 de
880 1385 944 1422 tri-

288 1444 357 1480 bus
378 1444 528 1480 deorum
554 1442 817 1492 Aegyptiormn
845 1442 944 1478 ordi-

288 1500 394 1536 nibus
415 1502 532 1536 exstat
550 1498 595 1547 ll,
619 1500 697 1540 145
720 1497 797 1536 coll.
817 1498 862 1545 ΙΙ,
875 1497 941 1538 46.

289 1555 339 1592 Et
351 1556 409 1592 alii
421 1569 568 1605 quoque
587 1555 779 1605 scriptores
791 1555 943 1591 deorum

289 1612 436 1649 ordines
451 1615 744 1659 commemorant,
764 1610 943 1659 singulos-

289 1681 361 1717 que
381 1669 470 1705 deos
483 1698 493 1715 ,
524 1669 587 1717 qui
611 1668 659 1704 ad
682 1680 863 1717 quemque
883 1679 944 1703 or-

286 1726 408 1762 dinem
455 1726 681 1774 pertineant,
739 1727 941 1760 recensent.

286 1780 383 1819 Nam
403 1781 538 1831 primus
556 1781 646 1817 ordo
669 1785 752 1816 octo
772 1783 830 1817 est
851 1780 942 1816 deo-

285 1850 387 1884 rum,
418 1838 509 1874 alter
528 1836 718 1875 duodecim
738 1837 847 1873 fuisse
860 1849 943 1886 per-

286 1894 449 1941 hibetur,
477 1907 497 1931 e
522 1893 636 1944 priori
665 1892 798 1930 scilicet
823 1897 938 1939 ortus,

287 1963 366 1987 cum
399 1950 525 1986 tertius
560 1963 580 1987 e
612 1949 772 1986 secundo
804 1948 941 1998 pariter

287 2006 464 2054 originem
476 2007 594 2043 ducat.
626 2005 738 2049 Quod
754 2005 802 2041 ad
813 2017 942 2041 secun-

289 2062 396 2109 dum,
426 2062 480 2098 cui
505 2061 681 2098 Hercules
713 2061 941 2108 adscribitur,

288 2117 451 2154 ordinem
471 2118 650 2167 pertinet,
679 2117 766 2163 hoc,
796 2116 941 2153 lablon-

287 2173 367 2209 skio
386 2173 599 2223 interprete,
620 2174 670 2210 sic
691 2173 941 2223 accipiendum

285 2230 367 2275 erit,
393 2234 434 2266 ut
453 2230 501 2266 ad
517 2229 673 2279 priorem
693 2234 777 2266 octo
789 2230 940 2267 deorum

284 2286 449 2323 ordinem
466 2291 621 2334 quatuor
637 2286 767 2323 adiecti
795 2286 941 2331 fuerint,

285 2342 382 2378 unde
403 2342 491 2378 haec
510 2355 648 2379 summa
669 2341 854 2380 exstiterit.
876 2341 941 2378 Sol

286 2397 382 2435 enim
405 2398 664 2447 quadrifariam
695 2399 884 2448 respicitur
902 2398 940 2434 in

283 2457 438 2502 utroque
455 2458 491 2490 et
511 2455 738 2503 aequinoctio
758 2460 794 2491 et
822 2453 941 2490 solsti-

285 2509 358 2556 tio,
390 2510 485 2546 unde
511 2516 666 2558 quatuor
686 2510 865 2547 exsistunt
888 2510 940 2546 dii

286 2565 440 2602 Ammun
452 2566 508 2612 (et
518 2567 788 2613 quodammodo
798 2566 940 2602 Hercu-

283 2620 475 2668 les-Sem),
494 2621 638 2668 Horus,
656 2621 825 2671 Serapis,
840 2621 939 2657 Har-

284 2682 463 2727 pocrateS.
484 2676 580 2714 Nam
591 2678 660 2715 hoc
670 2690 777 2715 nemo
790 2679 865 2714 fere
874 2689 939 2714 ne-

286 2733 362 2780 scit,
372 2732 598 2770 orientalium
616 2732 829 2781 religionum
848 2744 939 2782 pau-

283 2788 391 2825 lulum
409 2801 557 2837 gnarus,
585 2790 704 2826 varias
724 2789 828 2825 unius
844 2789 940 2825 eius-

289 2846 446 2893 demque
465 2846 620 2882 numinis
638 2845 731 2883 vires
755 2845 793 2881 in
816 2845 939 2894 singu-

288 2900 340 2938 las
363 2901 497 2938 formas
519 2902 745 2951 totidemque
764 2913 939 2952 personas

1012 824 1143 871 dividi,
1172 824 1224 861 ita
1243 828 1283 860 ut
1300 836 1344 861 ex
1366 825 1591 875 quadruplici
1606 838 1667 862 so-

1014 880 1056 916 lis
1084 880 1292 917 conditione
1317 892 1359 916 ac
1385 885 1480 917 statu
1511 887 1666 930 quatuor

1013 949 1161 985 quoque
1182 936 1267 972 solis
1292 935 1342 971 dii
1361 937 1465 985 quasi
1484 943 1666 984 emanent,

1013 993 1051 1029 in
1071 1005 1178 1029 unum
1202 992 1431 1041 eundemque
1459 993 1583 1030 Solem
1602 994 1667 1031 de-

1012 1062 1085 1086 nuo
1102 1047 1321 1086 revolvendi.
1366 1048 1482 1086 Aliter
1501 1049 1666 1097 Giirres„

1013 1105 1061 1142 de
1078 1118 1150 1154 quo
1170 1109 1210 1141 tu
1228 1105 1299 1141 vid.
1313 1105 1483 1142 Creuzer.
1502 1105 1665 1155 Symbol.

1011 1161 1029 1198 I
1046 1175 1082 1212 p.
1102 1164 1185 1202 292
1205 1173 1307 1210 seqq.
1346 1160 1429 1198 Hoc
1449 1166 1570 1199 autem
1586 1161 1666 1200 loco

1011 1223 1220 1265 teneamus,
1249 1216 1423 1266 distingui
1447 1217 1543 1255 inter
1570 1217 1668 1256 Her-

1012 1274 1125 1312 culem
1155 1274 1287 1321 deum,
1317 1273 1462 1323 qualem
1495 1273 1668 1324 Aegyptii

1012 1330 1205 1368 habuerint
1253 1334 1290 1367 et
1335 1331 1430 1367 inter
1471 1330 1666 1368 Herculem

1013 1387 1251 1433 Graecorum,
1261 1386 1410 1423 hero'em
1424 1387 1544 1436 potius
1557 1400 1667 1435 quam

1012 1443 1141 1490 deum,
1171 1447 1213 1479 ut
1233 1443 1296 1491 qui
1321 1448 1471 1493 propter
1492 1442 1605 1480 multa
1629 1444 1666 1480 in

1011 1500 1117 1536 terris
1133 1499 1282 1548 egregie
1295 1502 1504 1549 perpetrata
1525 1499 1561 1536 in
1583 1512 1667 1536 coe-

1009 1555 1085 1592 lum
1104 1560 1191 1606 post
1211 1555 1321 1592 fuerit
1347 1559 1525 1606 receptus.
1554 1555 1665 1593 Hunc

1008 1612 1210 1661 Aegyptios
1229 1612 1398 1660 ignorare
1418 1611 1546 1648 asserit
1559 1616 1665 1662 pater

1007 1668 1203 1714 historiae,
1247 1672 1288 1704 ut
1314 1667 1376 1717 qui
1399 1667 1545 1705 omnino
1573 1680 1664 1718 apo-

1007 1725 1152 1762 theosin
1181 1736 1289 1773 quam
1318 1728 1451 1761 vocant
1473 1724 1665 1773 ignorasse

1007 1781 1208 1818 videantur,
1241 1780 1365 1823 Quare
1385 1781 1422 1817 in
1442 1793 1522 1817 eam
1542 1781 1663 1830 potius

1007 1837 1155 1874 inclinat
1181 1837 1416 1884 sententiam,
1442 1840 1483 1873 ut
1500 1837 1663 1874 Graecos

1007 1894 1054 1931 ab
1075 1893 1266 1943 Aegyptiis
1285 1892 1482 1930 Herculem
1505 1893 1665 1943 accepis-

1009 1963 1048 1987 se
1066 1949 1187 1996 malit,
1207 1949 1340 1986 additis
1363 1949 1514 1996 caussis,
1533 1962 1596 1986 cur
1612 1949 1665 1986 ita

1010 2006 1077 2043 sibi
1096 2006 1249 2056 placeat.
1283 2006 1447 2049 Quorum
1467 2018 1606 2043 summa
1619 2018 1663 2043 eo

1008 2063 1121 2109 redit,
1154 2066 1194 2098 ut
1215 2061 1350 2099 Graeci
1368 2067 1470 2100 vetus
1493 2062 1664 2099 Orienta-

1006 2119 1095 2156 lium
1130 2130 1263 2155 numen
1291 2120 1416 2168 utique
1441 2119 1662 2168 acceperint,

1009 2176 1077 2212 sed
1115 2174 1273 2211 humana
1312 2176 1430 2212 forma
1469 2179 1506 2212 et
1540 2173 1663 2217 indole

1008 2231 1108 2268 istud
1137 2231 1205 2267 sibi
1231 2235 1354 2269 mente
1389 2231 1663 2267 informaverint

1007 2288 1046 2324 in
1065 2300 1183 2336 eoque
1205 2299 1312 2324 omne
1327 2286 1464 2323 virtutis
1484 2286 1664 2324 humanae

1009 2342 1192 2393 exemplar
1231 2342 1496 2392 repraesentari
1536 2342 1663 2380 volue-

1006 2400 1099 2446 rint,
1130 2399 1189 2435 dei
1207 2402 1374 2434 naturam
1401 2399 1505 2446 quasi
1523 2399 1571 2435 ad
1596 2399 1663 2435 hu-

1007 2467 1152 2493 manam
1186 2466 1339 2502 eamque
1369 2453 1544 2504 optimam
1575 2469 1663 2491 cou-

1006 2512 1216 2548 formantes.
1264 2510 1372 2547 Plura
1403 2515 1442 2546 tu
1466 2511 1538 2547 vid.
1563 2512 1662 2561 apud

1007 2569 1179 2604 Creuzer.
1196 2565 1357 2615 Symbol.
1379 2567 1412 2603 11
1433 2580 1471 2617 p.
1486 2567 1580 2615 204,
1601 2580 1662 2605 co-

1006 2622 1141 2674 piosius
1161 2622 1207 2658 de
1223 2622 1277 2658 his
1295 2628 1549 2672 exponentem.

1063 2672 1224 2731 οὕδαμῇ
1242 2675 1464 2731 Αἰγύπτου]
1487 2679 1518 2716 C
1523 2692 1552 2716 r.
1573 2692 1662 2717 con-

1006 2735 1081 2771 fert
1105 2733 1278 2772 Valcken.
1310 2740 1385 2772 not.
1416 2738 1464 2773 ad
1493 2736 1659 2786 Euripid.

1006 2789 1196 2840 Hippolyt.
1218 2793 1328 2833 1012
1356 2804 1443 2842 pag.
1465 2795 1567 2839 272,
1597 2793 1660 2829 ubi

1005 2846 1108 2897 plura
1128 2846 1182 2883 his
1205 2847 1331 2886 similia
1350 2847 1498 2898 collegit
1518 2849 1571 2886 vir
1593 2849 1661 2886 do-

1004 2903 1194 2940 ctissimus.
