<?xml version="1.0" encoding="UTF-8"?>
<!DOCTYPE html PUBLIC "-//W3C//DTD XHTML 1.0 Transitional//EN"
    "http://www.w3.org/TR/xhtml1/DTD/xhtml1-transitional.dtd">
<html xmlns="http://www.w3.org/1999/xhtml" xml:lang="en" lang="en">
 <head>
  <title>
</title>
<meta http-equiv="Content-Type" content="text/html;charset=utf-8" />
  <meta name='ocr-system' content='tesseract 3.04.00' />
  <meta name='ocr-capabilities' content='ocr_page ocr_carea ocr_par ocr_line ocrx_word'/>
</head>
<body>
  <div class='ocr_page' id='page_1' title='image "./musaeher01hero/musaeher01hero_0388.png"; bbox 0 0 1768 3324; ppageno 0'>
   <div class='ocr_carea' id='block_1_1' title="bbox 358 251 1226 294">
    <p class='ocr_par' dir='ltr' id='par_1_1' title="bbox 358 251 1226 294">
     <span class='ocr_line' id='line_1_1' title="bbox 358 251 1226 294; baseline -0.003 0"><span class='ocrx_word' id='word_1_1' title='bbox 358 252 444 294; x_wconf 71' lang='lat'>372</span> <span class='ocrx_word' id='word_1_2' title='bbox 752 251 1226 293; x_wconf 79' lang='lat' dir='ltr'><strong>HERODOTI</strong></span> 
     </span>
    </p>
   </div>
   <div class='ocr_carea' id='block_1_2' title="bbox 356 358 1746 656">
    <p class='ocr_par' dir='ltr' id='par_1_2' title="bbox 359 358 1625 420">
     <span class='ocr_line' id='line_1_2' title="bbox 359 358 1625 420; baseline -0.002 -13"><span class='ocrx_word' id='word_1_3' title='bbox 359 361 574 419; x_wconf 86' lang='grc' dir='ltr'><em>πρότερος</em></span> <span class='ocrx_word' id='word_1_4' title='bbox 604 360 776 406; x_wconf 85' lang='grc' dir='ltr'><em>τούτων</em></span> <span class='ocrx_word' id='word_1_5' title='bbox 793 362 1090 420; x_wconf 78' lang='grc' dir='ltr'><strong><em>Κλαζομένιος</em></strong></span> <span class='ocrx_word' id='word_1_6' title='bbox 1111 361 1320 418; x_wconf 84' lang='grc' dir='ltr'>Τιμήσιος</span> <span class='ocrx_word' id='word_1_7' title='bbox 1340 361 1510 415; x_wconf 80' lang='grc' dir='ltr'><strong><em>κτίσας,</em></strong></span> <span class='ocrx_word' id='word_1_8' title='bbox 1540 358 1625 406; x_wconf 71' lang='grc' dir='ltr'>οὔκ</span> 
     </span>
    </p>

    <p class='ocr_par' dir='ltr' id='par_1_3' title="bbox 359 438 1623 499">
     <span class='ocr_line' id='line_1_3' title="bbox 359 438 1623 499; baseline -0.002 -13"><span class='ocrx_word' id='word_1_9' title='bbox 359 438 585 499; x_wconf 74' lang='grc' dir='ltr'><em>ἆπώνητο,</em></span> <span class='ocrx_word' id='word_1_10' title='bbox 616 439 715 485; x_wconf 83' lang='grc' dir='ltr'><em>ἀλλ’</em></span> <span class='ocrx_word' id='word_1_11' title='bbox 743 439 832 485; x_wconf 81' lang='grc' dir='ltr'><em>ὑπὸ</em></span> <span class='ocrx_word' id='word_1_12' title='bbox 864 444 1066 498; x_wconf 69' lang='grc' dir='ltr'>Θρηΐκιον</span> <span class='ocrx_word' id='word_1_13' title='bbox 1093 441 1358 494; x_wconf 74' lang='grc' dir='ltr'><em>ἐξελασθεὶς,</em></span> <span class='ocrx_word' id='word_1_14' title='bbox 1385 439 1513 496; x_wconf 79' lang='grc' dir='ltr'><em>τιμὰς</em></span> <span class='ocrx_word' id='word_1_15' title='bbox 1535 443 1623 484; x_wconf 81' lang='grc' dir='ltr'>νῦν</span> 
     </span>
    </p>

    <p class='ocr_par' dir='ltr' id='par_1_4' title="bbox 356 518 1746 656">
     <span class='ocr_line' id='line_1_4' title="bbox 356 518 1746 578; baseline -0.003 -12"><span class='ocrx_word' id='word_1_16' title='bbox 356 520 444 566; x_wconf 82' lang='grc' dir='ltr'>ὖπὸ</span> <span class='ocrx_word' id='word_1_17' title='bbox 477 523 624 578; x_wconf 83' lang='grc' dir='ltr'><em>Τηΐων</em></span> <span class='ocrx_word' id='word_1_18' title='bbox 651 524 742 564; x_wconf 73' lang='grc' dir='ltr'>τῶν</span> <span class='ocrx_word' id='word_1_19' title='bbox 771 520 818 564; x_wconf 78' lang='grc' dir='ltr'>ἐν</span> <span class='ocrx_word' id='word_1_20' title='bbox 844 519 1093 577; x_wconf 78' lang='grc' dir='ltr'><em>Ἀβδήροισι</em></span> <span class='ocrx_word' id='word_1_21' title='bbox 1122 518 1184 572; x_wconf 77' lang='grc' dir='ltr'>ὦς</span> <span class='ocrx_word' id='word_1_22' title='bbox 1212 519 1330 576; x_wconf 78' lang='grc' dir='ltr'>ἥρως</span> <span class='ocrx_word' id='word_1_23' title='bbox 1359 519 1454 575; x_wconf 76' lang='grc' dir='ltr'><em>ἔχει.</em></span> <span class='ocrx_word' id='word_1_24' title='bbox 1689 531 1746 572; x_wconf 85' lang='lat'>80</span> 
     </span>
     <span class='ocr_line' id='line_1_5' title="bbox 450 595 1679 656; baseline -0.003 -13"><span class='ocrx_word' id='word_1_25' title='bbox 450 595 586 644; x_wconf 78' lang='grc' dir='ltr'><em>Οὗτοι</em></span> <span class='ocrx_word' id='word_1_26' title='bbox 615 599 694 656; x_wconf 82' lang='grc' dir='ltr'>μέν</span> <span class='ocrx_word' id='word_1_27' title='bbox 722 615 807 642; x_wconf 89' lang='grc' dir='ltr'>νυν</span> <span class='ocrx_word' id='word_1_28' title='bbox 837 598 999 643; x_wconf 74' lang='grc' dir='ltr'><em>Ἰώνων</em></span> <span class='ocrx_word' id='word_1_29' title='bbox 1027 603 1207 656; x_wconf 85' lang='grc' dir='ltr'><em>μοῦνοι,</em></span> <span class='ocrx_word' id='word_1_30' title='bbox 1234 599 1315 656; x_wconf 79' lang='grc' dir='ltr'>τήν</span> <span class='ocrx_word' id='word_1_31' title='bbox 1345 596 1679 654; x_wconf 75' lang='grc' dir='ltr'><em>δουλοσύνηνῖο</em></span> 
     </span>
    </p>
   </div>
   <div class='ocr_carea' id='block_1_3' title="bbox 25 607 310 835">
    <p class='ocr_par' dir='ltr' id='par_1_5' title="bbox 25 607 310 835">
     <span class='ocr_line' id='line_1_6' title="bbox 27 607 308 709; baseline 0 -9"><span class='ocrx_word' id='word_1_32' title='bbox 27 671 151 700; x_wconf 72' lang='lat' dir='ltr'>caeteri</span> <span class='ocrx_word' id='word_1_33' title='bbox 168 607 308 709; x_wconf 50' lang='lat'>“133-</span> 
     </span>
     <span class='ocr_line' id='line_1_7' title="bbox 25 705 308 746; baseline 0 -13"><span class='ocrx_word' id='word_1_34' title='bbox 25 705 81 745; x_wconf 71' lang='lat' dir='ltr'>bqs</span> <span class='ocrx_word' id='word_1_35' title='bbox 104 705 238 746; x_wconf 59' lang='lat' dir='ltr'>Epirotis</span> <span class='ocrx_word' id='word_1_36' title='bbox 263 707 308 733; x_wconf 82' lang='lat' dir='ltr'>vi-</span> 
     </span>
     <span class='ocr_line' id='line_1_8' title="bbox 26 743 310 800; baseline 0.004 -1"><span class='ocrx_word' id='word_1_37' title='bbox 26 743 310 800; x_wconf 45' lang='lat' dir='ltr'>affirmata?</span> 
     </span>
     <span class='ocr_line' id='line_1_9' title="bbox 29 805 303 835; baseline 0.011 -2"><span class='ocrx_word' id='word_1_38' title='bbox 29 805 59 833; x_wconf 78' lang='lat' dir='ltr'>ni</span> <span class='ocrx_word' id='word_1_39' title='bbox 90 805 169 835; x_wconf 79' lang='lat' dir='ltr'>ultro</span> <span class='ocrx_word' id='word_1_40' title='bbox 195 814 230 835; x_wconf 82' lang='grc' dir='ltr'><em>εο</em></span> <span class='ocrx_word' id='word_1_41' title='bbox 253 807 303 835; x_wconf 80' lang='lat' dir='ltr'>de-</span> 
     </span>
    </p>
   </div>
   <div class='ocr_carea' id='block_1_4' title="bbox 27 839 111 870">
    <p class='ocr_par' dir='ltr' id='par_1_6' title="bbox 27 839 111 870">
     <span class='ocr_line' id='line_1_10' title="bbox 27 839 111 870; baseline 0.036 -3"><span class='ocrx_word' id='word_1_42' title='bbox 27 839 111 870; x_wconf 79' lang='lat' dir='ltr'>dunt.</span> 
     </span>
    </p>
   </div>
   <div class='ocr_carea' id='block_1_5' title="bbox 327 675 1676 1128">
    <p class='ocr_par' dir='ltr' id='par_1_7' title="bbox 327 675 1676 1128">
     <span class='ocr_line' id='line_1_11' title="bbox 364 675 1622 735; baseline -0.002 -12"><span class='ocrx_word' id='word_1_43' title='bbox 364 677 447 723; x_wconf 77' lang='grc' dir='ltr'>οὐκ</span> <span class='ocrx_word' id='word_1_44' title='bbox 476 678 746 735; x_wconf 78' lang='grc' dir='ltr'><em>ἀνεχόμενοι,</em></span> <span class='ocrx_word' id='word_1_45' title='bbox 776 676 967 729; x_wconf 79' lang='grc' dir='ltr'><em>ἐξέλιπον</em></span> <span class='ocrx_word' id='word_1_46' title='bbox 994 677 1070 730; x_wconf 77' lang='grc' dir='ltr'>τὰς</span> <span class='ocrx_word' id='word_1_47' title='bbox 1101 680 1324 733; x_wconf 82' lang='grc' dir='ltr'><strong><em>πατρίδας.</em></strong></span> <span class='ocrx_word' id='word_1_48' title='bbox 1356 680 1400 722; x_wconf 82' lang='grc' dir='ltr'>οἱ</span> <span class='ocrx_word' id='word_1_49' title='bbox 1428 678 1472 722; x_wconf 88' lang='grc' dir='ltr'>δ’</span> <span class='ocrx_word' id='word_1_50' title='bbox 1497 675 1622 722; x_wconf 79' lang='grc' dir='ltr'><em>ἄλλοι</em></span> 
     </span>
     <span class='ocr_line' id='line_1_12' title="bbox 353 755 1620 813; baseline -0.001 -12"><span class='ocrx_word' id='word_1_51' title='bbox 353 756 524 810; x_wconf 82' lang='grc' dir='ltr'><em>Ἴωνες,</em></span> <span class='ocrx_word' id='word_1_52' title='bbox 572 755 687 813; x_wconf 78' lang='grc' dir='ltr'><em>πλὴν</em></span> <span class='ocrx_word' id='word_1_53' title='bbox 715 757 969 812; x_wconf 82' lang='grc' dir='ltr'><em>Μιλησίων,</em></span> <span class='ocrx_word' id='word_1_54' title='bbox 1019 756 1093 800; x_wconf 79' lang='grc' dir='ltr'>διὰ</span> <span class='ocrx_word' id='word_1_55' title='bbox 1123 755 1259 813; x_wconf 80' lang='grc' dir='ltr'><em>μάχης</em></span> <span class='ocrx_word' id='word_1_56' title='bbox 1300 756 1378 813; x_wconf 76' lang='grc' dir='ltr'>μὲν</span> <span class='ocrx_word' id='word_1_57' title='bbox 1415 755 1620 801; x_wconf 81' lang='grc' dir='ltr'>ἀπικέατο</span> 
     </span>
     <span class='ocr_line' id='line_1_13' title="bbox 357 833 1620 893; baseline -0.001 -13"><span class='ocrx_word' id='word_1_58' title='bbox 357 835 580 893; x_wconf 80' lang='grc' dir='ltr'><em>Ἁρπάγῳ,</em></span> <span class='ocrx_word' id='word_1_59' title='bbox 631 834 821 889; x_wconf 80' lang='grc' dir='ltr'>κατάπερ</span> <span class='ocrx_word' id='word_1_60' title='bbox 852 836 897 878; x_wconf 83' lang='grc' dir='ltr'>οἱ</span> <span class='ocrx_word' id='word_1_61' title='bbox 925 833 1193 887; x_wconf 78' lang='grc' dir='ltr'>ἐκλιπόντες,</span> <span class='ocrx_word' id='word_1_62' title='bbox 1246 836 1321 878; x_wconf 82' lang='grc' dir='ltr'>καὶ</span> <span class='ocrx_word' id='word_1_63' title='bbox 1351 834 1505 891; x_wconf 74' lang='grc' dir='ltr'><em>ἄνδρες</em></span> <span class='ocrx_word' id='word_1_64' title='bbox 1533 834 1620 892; x_wconf 82' lang='grc' dir='ltr'>ἐγέ-</span> 
     </span>
     <span class='ocr_line' id='line_1_14' title="bbox 358 911 1618 970; baseline -0.002 -10"><span class='ocrx_word' id='word_1_65' title='bbox 358 931 490 960; x_wconf 87' lang='grc' dir='ltr'><em>νοντο</em></span> <span class='ocrx_word' id='word_1_66' title='bbox 521 911 706 970; x_wconf 70' lang='grc' dir='ltr'>ἀγαθοὶ,</span> <span class='ocrx_word' id='word_1_67' title='bbox 737 913 836 969; x_wconf 85' lang='grc' dir='ltr'><em>περὶ</em></span> <span class='ocrx_word' id='word_1_68' title='bbox 865 916 940 968; x_wconf 84' lang='grc' dir='ltr'>τῆς</span> <span class='ocrx_word' id='word_1_69' title='bbox 964 912 1133 957; x_wconf 78' lang='grc' dir='ltr'><em>ἑωυτοῦ</em></span> <span class='ocrx_word' id='word_1_70' title='bbox 1163 913 1340 965; x_wconf 76' lang='grc' dir='ltr'><em>ἕκαστος</em></span> <span class='ocrx_word' id='word_1_71' title='bbox 1363 914 1618 970; x_wconf 85' lang='grc' dir='ltr'><em>μαχόμενοι·</em></span> 
     </span>
     <span class='ocr_line' id='line_1_15' title="bbox 356 989 1676 1049; baseline -0.004 -10"><span class='ocrx_word' id='word_1_72' title='bbox 356 992 620 1045; x_wconf 77' lang='grc' dir='ltr'><em>ἑσσωθέντες</em></span> <span class='ocrx_word' id='word_1_73' title='bbox 659 992 706 1036; x_wconf 79' lang='grc' dir='ltr'>δὲ</span> <span class='ocrx_word' id='word_1_74' title='bbox 740 992 813 1036; x_wconf 82' lang='grc' dir='ltr'>καὶ</span> <span class='ocrx_word' id='word_1_75' title='bbox 862 989 1061 1045; x_wconf 73' lang='grc' dir='ltr'><em>ἁλόντες,</em></span> <span class='ocrx_word' id='word_1_76' title='bbox 1120 993 1275 1049; x_wconf 75' lang='grc' dir='ltr'><em>ἔμενον</em></span> <span class='ocrx_word' id='word_1_77' title='bbox 1321 992 1432 1036; x_wconf 80' lang='grc' dir='ltr'><strong><em>κατὰ</em></strong></span> <span class='ocrx_word' id='word_1_78' title='bbox 1475 991 1676 1049; x_wconf 80' lang='grc' dir='ltr'>χώρην75</span> 
     </span>
     <span class='ocr_line' id='line_1_16' title="bbox 327 1069 1620 1128; baseline 0 -13"><span class='ocrx_word' id='word_1_79' title='bbox 327 1073 556 1124; x_wconf 64' lang='grc' dir='ltr'><em>Ξὲκαστοι,</em></span> <span class='ocrx_word' id='word_1_80' title='bbox 585 1072 660 1117; x_wconf 84' lang='grc' dir='ltr'>καὶ</span> <span class='ocrx_word' id='word_1_81' title='bbox 687 1069 742 1115; x_wconf 77' lang='grc' dir='ltr'>τὰ</span> <span class='ocrx_word' id='word_1_82' title='bbox 771 1071 1086 1128; x_wconf 74' lang='grc' dir='ltr'>ἐπιτασσόμενα</span> <span class='ocrx_word' id='word_1_83' title='bbox 1116 1071 1345 1116; x_wconf 78' lang='grc' dir='ltr'><em>ἐπετέλεον.</em></span> <span class='ocrx_word' id='word_1_84' title='bbox 1402 1070 1620 1127; x_wconf 82' lang='grc' dir='ltr'><em>Μιλήσιοι</em></span> 
     </span>
    </p>
   </div>
   <div class='ocr_carea' id='block_1_6' title="bbox 357 1148 1620 1209">
    <p class='ocr_par' dir='ltr' id='par_1_8' title="bbox 357 1148 1620 1209">
     <span class='ocr_line' id='line_1_17' title="bbox 357 1148 1620 1209; baseline -0.005 -10"><span class='ocrx_word' id='word_1_85' title='bbox 357 1153 428 1209; x_wconf 80' lang='grc' dir='ltr'>δὲ,</span> <span class='ocrx_word' id='word_1_86' title='bbox 458 1151 519 1206; x_wconf 73' lang='grc' dir='ltr'>ὥς</span> <span class='ocrx_word' id='word_1_87' title='bbox 541 1152 617 1198; x_wconf 87' lang='grc' dir='ltr'>καὶ</span> <span class='ocrx_word' id='word_1_88' title='bbox 644 1150 863 1209; x_wconf 85' lang='grc' dir='ltr'><em>πρότερόν</em></span> <span class='ocrx_word' id='word_1_89' title='bbox 891 1167 968 1208; x_wconf 90' lang='grc' dir='ltr'>μοι</span> <span class='ocrx_word' id='word_1_90' title='bbox 996 1152 1186 1208; x_wconf 77' lang='grc' dir='ltr'>εἴρηται,</span> <span class='ocrx_word' id='word_1_91' title='bbox 1226 1148 1347 1209; x_wconf 79' lang='grc' dir='ltr'><strong><em>αὐτῷ</em></strong></span> <span class='ocrx_word' id='word_1_92' title='bbox 1376 1148 1512 1208; x_wconf 85' lang='grc' dir='ltr'><strong><em>Κύρῳ</em></strong></span> <span class='ocrx_word' id='word_1_93' title='bbox 1542 1150 1620 1207; x_wconf 81' lang='grc' dir='ltr'>ὅρ-</span> 
     </span>
    </p>
   </div>
   <div class='ocr_carea' id='block_1_7' title="bbox 304 1285 578 1295">
    <p class='ocr_par' dir='ltr' id='par_1_9' title="bbox 304 1285 578 1295">
     <span class='ocr_line' id='line_1_18' title="bbox 304 1285 578 1295; baseline 0 2029"><span class='ocrx_word' id='word_1_94' title='bbox 304 1285 578 1295; x_wconf 95' lang='lat' dir='ltr'> </span> 
     </span>
    </p>
   </div>
   <div class='ocr_carea' id='block_1_8' title="bbox 285 1382 956 2950">
    <p class='ocr_par' dir='ltr' id='par_1_10' title="bbox 285 1382 956 2950">
     <span class='ocr_line' id='line_1_19' title="bbox 300 1382 956 1436; baseline -0.006 -13"><span class='ocrx_word' id='word_1_95' title='bbox 300 1398 451 1436; x_wconf 86' lang='lat' dir='ltr'>quarum</span> <span class='ocrx_word' id='word_1_96' title='bbox 490 1383 590 1436; x_wconf 90' lang='lat' dir='ltr'>prior</span> <span class='ocrx_word' id='word_1_97' title='bbox 624 1382 956 1432; x_wconf 83' lang='lat' dir='ltr'>Clazomeniorum,</span> 
     </span>
     <span class='ocr_line' id='line_1_20' title="bbox 301 1440 955 1491; baseline -0.006 -11"><span class='ocrx_word' id='word_1_98' title='bbox 301 1455 397 1491; x_wconf 90' lang='lat' dir='ltr'>quae</span> <span class='ocrx_word' id='word_1_99' title='bbox 411 1445 505 1479; x_wconf 89' lang='lat' dir='ltr'>teste</span> <span class='ocrx_word' id='word_1_100' title='bbox 522 1440 681 1478; x_wconf 89' lang='lat' dir='ltr'>Eusebio</span> <span class='ocrx_word' id='word_1_101' title='bbox 701 1440 826 1478; x_wconf 82' lang='lat' dir='ltr'>incidit</span> <span class='ocrx_word' id='word_1_102' title='bbox 843 1440 881 1476; x_wconf 89' lang='lat' dir='ltr'>in</span> <span class='ocrx_word' id='word_1_103' title='bbox 901 1441 955 1477; x_wconf 93' lang='lat'>0-</span> 
     </span>
     <span class='ocr_line' id='line_1_21' title="bbox 299 1495 955 1549; baseline -0.005 -13"><span class='ocrx_word' id='word_1_104' title='bbox 299 1497 412 1549; x_wconf 61' lang='lat' dir='ltr'>lpnp.</span> <span class='ocrx_word' id='word_1_105' title='bbox 433 1497 579 1544; x_wconf 86' lang='lat' dir='ltr'><strong>XXXI,</strong></span> <span class='ocrx_word' id='word_1_106' title='bbox 609 1499 633 1538; x_wconf 85' lang='lat'>1</span> <span class='ocrx_word' id='word_1_107' title='bbox 646 1525 658 1545; x_wconf 93' lang='lat'>,</span> <span class='ocrx_word' id='word_1_108' title='bbox 686 1495 871 1534; x_wconf 84' lang='lat' dir='ltr'>Abderam</span> <span class='ocrx_word' id='word_1_109' title='bbox 887 1497 955 1533; x_wconf 90' lang='lat' dir='ltr'>du-</span> 
     </span>
     <span class='ocr_line' id='line_1_22' title="bbox 301 1553 952 1603; baseline -0.003 -11"><span class='ocrx_word' id='word_1_110' title='bbox 301 1558 362 1592; x_wconf 85' lang='lat' dir='ltr'>cta</span> <span class='ocrx_word' id='word_1_111' title='bbox 378 1558 433 1592; x_wconf 80' lang='lat' dir='ltr'>est</span> <span class='ocrx_word' id='word_1_112' title='bbox 454 1566 476 1591; x_wconf 90' lang='lat' dir='ltr'>a</span> <span class='ocrx_word' id='word_1_113' title='bbox 488 1553 673 1600; x_wconf 83' lang='lat' dir='ltr'>TimesiO,</span> <span class='ocrx_word' id='word_1_114' title='bbox 692 1553 806 1590; x_wconf 88' lang='lat' dir='ltr'>altero</span> <span class='ocrx_word' id='word_1_115' title='bbox 825 1557 952 1603; x_wconf 89' lang='lat' dir='ltr'>poste-</span> 
     </span>
     <span class='ocr_line' id='line_1_23' title="bbox 299 1608 953 1659; baseline -0.005 -11"><span class='ocrx_word' id='word_1_116' title='bbox 299 1611 374 1648; x_wconf 88' lang='lat' dir='ltr'>rior</span> <span class='ocrx_word' id='word_1_117' title='bbox 387 1610 562 1648; x_wconf 81' lang='lat' dir='ltr'>Teiorum</span> <span class='ocrx_word' id='word_1_118' title='bbox 574 1639 584 1656; x_wconf 87' lang='lat'>,</span> <span class='ocrx_word' id='word_1_119' title='bbox 605 1609 666 1659; x_wconf 91' lang='lat' dir='ltr'>qui</span> <span class='ocrx_word' id='word_1_120' title='bbox 682 1608 874 1646; x_wconf 82' lang='lat' dir='ltr'>Persarum</span> <span class='ocrx_word' id='word_1_121' title='bbox 885 1609 953 1645; x_wconf 90' lang='lat' dir='ltr'>do—</span> 
     </span>
     <span class='ocr_line' id='line_1_24' title="bbox 297 1665 951 1714; baseline -0.002 -10"><span class='ocrx_word' id='word_1_122' title='bbox 297 1667 534 1704; x_wconf 85' lang='lat' dir='ltr'>minationem</span> <span class='ocrx_word' id='word_1_123' title='bbox 563 1667 746 1714; x_wconf 87' lang='lat' dir='ltr'>fugientes</span> <span class='ocrx_word' id='word_1_124' title='bbox 774 1665 843 1702; x_wconf 91' lang='lat' dir='ltr'>huc</span> <span class='ocrx_word' id='word_1_125' title='bbox 870 1678 951 1703; x_wconf 82' lang='lat' dir='ltr'>sese</span> 
     </span>
     <span class='ocr_line' id='line_1_25' title="bbox 297 1722 952 1774; baseline -0.005 -13"><span class='ocrx_word' id='word_1_126' title='bbox 297 1726 515 1774; x_wconf 87' lang='lat' dir='ltr'>receperunt</span> <span class='ocrx_word' id='word_1_127' title='bbox 523 1722 722 1771; x_wconf 86' lang='lat' dir='ltr'>urbemque</span> <span class='ocrx_word' id='word_1_128' title='bbox 734 1722 853 1759; x_wconf 92' lang='lat' dir='ltr'>denuo</span> <span class='ocrx_word' id='word_1_129' title='bbox 866 1734 952 1758; x_wconf 87' lang='lat' dir='ltr'>con-</span> 
     </span>
     <span class='ocr_line' id='line_1_26' title="bbox 297 1777 950 1829; baseline -0.003 -12"><span class='ocrx_word' id='word_1_130' title='bbox 297 1779 488 1826; x_wconf 88' lang='lat' dir='ltr'>diderunt,</span> <span class='ocrx_word' id='word_1_131' title='bbox 526 1777 674 1829; x_wconf 86' lang='lat' dir='ltr'>Olymp.</span> <span class='ocrx_word' id='word_1_132' title='bbox 701 1777 803 1827; x_wconf 89' lang='lat' dir='ltr'><strong>LIX,</strong></span> <span class='ocrx_word' id='word_1_133' title='bbox 821 1778 847 1819; x_wconf 80' lang='grc'>4</span> <span class='ocrx_word' id='word_1_134' title='bbox 875 1778 950 1816; x_wconf 76' lang='lat' dir='ltr'>sive</span> 
     </span>
     <span class='ocr_line' id='line_1_27' title="bbox 299 1833 948 1884; baseline -0.012 -6"><span class='ocrx_word' id='word_1_135' title='bbox 299 1834 382 1877; x_wconf 85' lang='lat'>541</span> <span class='ocrx_word' id='word_1_136' title='bbox 407 1848 440 1872; x_wconf 89' lang='lat' dir='ltr'>a.</span> <span class='ocrx_word' id='word_1_137' title='bbox 462 1834 548 1872; x_wconf 90' lang='lat' dir='ltr'>Chr.</span> <span class='ocrx_word' id='word_1_138' title='bbox 566 1847 604 1871; x_wconf 92' lang='lat' dir='ltr'>n.</span> <span class='ocrx_word' id='word_1_139' title='bbox 661 1833 766 1872; x_wconf 89' lang='lat' dir='ltr'>Haec</span> <span class='ocrx_word' id='word_1_140' title='bbox 787 1834 948 1884; x_wconf 86' lang='lat' dir='ltr'>pluribus</span> 
     </span>
     <span class='ocr_line' id='line_1_28' title="bbox 297 1889 949 1942; baseline -0.002 -13"><span class='ocrx_word' id='word_1_141' title='bbox 297 1891 528 1942; x_wconf 86' lang='lat' dir='ltr'>persequitur</span> <span class='ocrx_word' id='word_1_142' title='bbox 573 1889 695 1927; x_wconf 89' lang='lat' dir='ltr'>Raoul</span> <span class='ocrx_word' id='word_1_143' title='bbox 722 1911 741 1918; x_wconf 92' lang='lat'>-</span> <span class='ocrx_word' id='word_1_144' title='bbox 768 1890 949 1928; x_wconf 89' lang='lat' dir='ltr'>Rochette</span> 
     </span>
     <span class='ocr_line' id='line_1_29' title="bbox 293 1945 946 1985; baseline -0.002 -1"><span class='ocrx_word' id='word_1_145' title='bbox 293 1946 459 1985; x_wconf 86' lang='lat' dir='ltr'>Histoire</span> <span class='ocrx_word' id='word_1_146' title='bbox 487 1948 534 1984; x_wconf 89' lang='lat' dir='ltr'>de</span> <span class='ocrx_word' id='word_1_147' title='bbox 564 1945 747 1983; x_wconf 74' lang='lat' dir='ltr'>l’etabliss.</span> <span class='ocrx_word' id='word_1_148' title='bbox 770 1947 806 1983; x_wconf 92' lang='lat' dir='ltr'>d.</span> <span class='ocrx_word' id='word_1_149' title='bbox 829 1945 946 1983; x_wconf 89' lang='lat' dir='ltr'>colon.</span> 
     </span>
     <span class='ocr_line' id='line_1_30' title="bbox 295 2001 786 2052; baseline -0.006 -12"><span class='ocrx_word' id='word_1_150' title='bbox 295 2003 431 2052; x_wconf 91' lang='lat' dir='ltr'>Grecq.</span> <span class='ocrx_word' id='word_1_151' title='bbox 457 2002 510 2038; x_wconf 90' lang='grc' dir='ltr'>ΙΙΙ</span> <span class='ocrx_word' id='word_1_152' title='bbox 544 2015 581 2052; x_wconf 85' lang='lat' dir='ltr'>p.</span> <span class='ocrx_word' id='word_1_153' title='bbox 602 2001 685 2043; x_wconf 87' lang='lat'>400</span> <span class='ocrx_word' id='word_1_154' title='bbox 708 2015 786 2050; x_wconf 90' lang='lat' dir='ltr'>seq.</span> 
     </span>
     <span class='ocr_line' id='line_1_31' title="bbox 353 2054 945 2108; baseline -0.002 -11"><span class='ocrx_word' id='word_1_155' title='bbox 353 2055 620 2108; x_wconf 82' lang='grc' dir='ltr'><em>Κλαζομένιος</em></span> <span class='ocrx_word' id='word_1_156' title='bbox 644 2054 834 2107; x_wconf 80' lang='grc' dir='ltr'><em>Τιμήσιος</em></span> <span class='ocrx_word' id='word_1_157' title='bbox 865 2056 945 2096; x_wconf 79' lang='grc' dir='ltr'><strong><em>κτί-</em></strong></span> 
     </span>
     <span class='ocr_line' id='line_1_32' title="bbox 296 2108 945 2164; baseline -0.005 -10"><span class='ocrx_word' id='word_1_158' title='bbox 296 2125 389 2162; x_wconf 86' lang='grc' dir='ltr'>σας,</span> <span class='ocrx_word' id='word_1_159' title='bbox 421 2109 495 2153; x_wconf 80' lang='grc' dir='ltr'>οὕκ</span> <span class='ocrx_word' id='word_1_160' title='bbox 518 2108 732 2164; x_wconf 78' lang='grc' dir='ltr'><em>οἷπώνητο]</em></span> <span class='ocrx_word' id='word_1_161' title='bbox 765 2114 838 2156; x_wconf 84' lang='lat' dir='ltr'>Qui</span> <span class='ocrx_word' id='word_1_162' title='bbox 866 2113 945 2151; x_wconf 89' lang='lat' dir='ltr'>He-</span> 
     </span>
     <span class='ocr_line' id='line_1_33' title="bbox 292 2169 945 2216; baseline -0.003 -8"><span class='ocrx_word' id='word_1_163' title='bbox 292 2171 424 2208; x_wconf 87' lang='lat' dir='ltr'>rodoto</span> <span class='ocrx_word' id='word_1_164' title='bbox 445 2169 638 2216; x_wconf 73' lang='lat' dir='ltr'>Timesz&#39;us,</span> <span class='ocrx_word' id='word_1_165' title='bbox 665 2169 696 2206; x_wconf 92' lang='lat' dir='ltr'>is</span> <span class='ocrx_word' id='word_1_166' title='bbox 717 2169 794 2206; x_wconf 85' lang='lat' dir='ltr'>aliis</span> <span class='ocrx_word' id='word_1_167' title='bbox 815 2170 945 2206; x_wconf 87' lang='lat' dir='ltr'>dicitur</span> 
     </span>
     <span class='ocr_line' id='line_1_34' title="bbox 296 2225 942 2273; baseline -0.002 -9"><span class='ocrx_word' id='word_1_168' title='bbox 296 2225 491 2273; x_wconf 62' lang='lat' dir='ltr'>Timasius,</span> <span class='ocrx_word' id='word_1_169' title='bbox 527 2225 693 2262; x_wconf 86' lang='lat' dir='ltr'>laudatus</span> <span class='ocrx_word' id='word_1_170' title='bbox 726 2226 772 2263; x_wconf 92' lang='lat' dir='ltr'>ob</span> <span class='ocrx_word' id='word_1_171' title='bbox 805 2226 942 2263; x_wconf 81' lang='lat' dir='ltr'>civilem</span> 
     </span>
     <span class='ocr_line' id='line_1_35' title="bbox 289 2281 940 2334; baseline -0.003 -14"><span class='ocrx_word' id='word_1_172' title='bbox 289 2282 523 2334; x_wconf 87' lang='lat' dir='ltr'>prudentiam</span> <span class='ocrx_word' id='word_1_173' title='bbox 551 2293 594 2318; x_wconf 88' lang='lat' dir='ltr'>ac</span> <span class='ocrx_word' id='word_1_174' title='bbox 620 2281 798 2319; x_wconf 81' lang='lat' dir='ltr'>virtutem.</span> <span class='ocrx_word' id='word_1_175' title='bbox 857 2282 889 2318; x_wconf 74' lang='lat' dir='ltr'><strong>V</strong></span> <span class='ocrx_word' id='word_1_176' title='bbox 893 2282 940 2318; x_wconf 88' lang='lat' dir='ltr'>id.</span> 
     </span>
     <span class='ocr_line' id='line_1_36' title="bbox 292 2337 942 2385; baseline -0.002 -10"><span class='ocrx_word' id='word_1_177' title='bbox 292 2337 434 2376; x_wconf 90' lang='lat' dir='ltr'>Aelian.</span> <span class='ocrx_word' id='word_1_178' title='bbox 454 2338 539 2375; x_wconf 87' lang='lat' dir='ltr'>Var.</span> <span class='ocrx_word' id='word_1_179' title='bbox 560 2337 655 2374; x_wconf 84' lang='lat' dir='ltr'>Hist.</span> <span class='ocrx_word' id='word_1_180' title='bbox 676 2337 768 2385; x_wconf 89' lang='lat' dir='ltr'><strong>XII,</strong></span> <span class='ocrx_word' id='word_1_181' title='bbox 791 2340 837 2385; x_wconf 89' lang='lat'>9,</span> <span class='ocrx_word' id='word_1_182' title='bbox 856 2337 942 2374; x_wconf 91' lang='lat' dir='ltr'>Plu-</span> 
     </span>
     <span class='ocr_line' id='line_1_37' title="bbox 290 2393 940 2444; baseline 0 -12"><span class='ocrx_word' id='word_1_183' title='bbox 290 2394 401 2432; x_wconf 83' lang='lat' dir='ltr'>tarch.</span> <span class='ocrx_word' id='word_1_184' title='bbox 413 2394 465 2431; x_wconf 91' lang='lat' dir='ltr'>rei</span> <span class='ocrx_word' id='word_1_185' title='bbox 483 2393 582 2444; x_wconf 87' lang='lat' dir='ltr'>publ.</span> <span class='ocrx_word' id='word_1_186' title='bbox 593 2394 743 2442; x_wconf 88' lang='lat' dir='ltr'>gerend.</span> <span class='ocrx_word' id='word_1_187' title='bbox 756 2399 940 2444; x_wconf 83' lang='lat' dir='ltr'>praecept.</span> 
     </span>
     <span class='ocr_line' id='line_1_38' title="bbox 290 2448 939 2500; baseline 0.003 -14"><span class='ocrx_word' id='word_1_188' title='bbox 290 2462 378 2500; x_wconf 88' lang='lat' dir='ltr'>pag.</span> <span class='ocrx_word' id='word_1_189' title='bbox 402 2451 504 2496; x_wconf 80' lang='lat'>812,</span> <span class='ocrx_word' id='word_1_190' title='bbox 525 2448 555 2485; x_wconf 90' lang='lat' dir='ltr'><strong>A</strong></span> <span class='ocrx_word' id='word_1_191' title='bbox 588 2453 625 2486; x_wconf 90' lang='lat' dir='ltr'>et</span> <span class='ocrx_word' id='word_1_192' title='bbox 659 2450 705 2487; x_wconf 93' lang='lat' dir='ltr'>de</span> <span class='ocrx_word' id='word_1_193' title='bbox 732 2449 939 2488; x_wconf 86' lang='lat' dir='ltr'>Amicorum</span> 
     </span>
     <span class='ocr_line' id='line_1_39' title="bbox 290 2505 938 2556; baseline 0.002 -13"><span class='ocrx_word' id='word_1_194' title='bbox 290 2505 475 2543; x_wconf 83' lang='lat' dir='ltr'>Multitud.</span> <span class='ocrx_word' id='word_1_195' title='bbox 493 2517 579 2555; x_wconf 88' lang='lat' dir='ltr'>pag.</span> <span class='ocrx_word' id='word_1_196' title='bbox 598 2506 672 2552; x_wconf 87' lang='lat'>96,</span> <span class='ocrx_word' id='word_1_197' title='bbox 695 2505 740 2553; x_wconf 94' lang='lat' dir='ltr'>B,</span> <span class='ocrx_word' id='word_1_198' title='bbox 764 2507 812 2543; x_wconf 93' lang='lat' dir='ltr'>ad</span> <span class='ocrx_word' id='word_1_199' title='bbox 831 2519 938 2556; x_wconf 91' lang='lat' dir='ltr'>quem</span> 
     </span>
     <span class='ocr_line' id='line_1_40' title="bbox 288 2560 938 2611; baseline 0.002 -13"><span class='ocrx_word' id='word_1_200' title='bbox 288 2560 407 2599; x_wconf 91' lang='lat' dir='ltr'>locum</span> <span class='ocrx_word' id='word_1_201' title='bbox 431 2574 527 2598; x_wconf 90' lang='lat' dir='ltr'>nunc</span> <span class='ocrx_word' id='word_1_202' title='bbox 548 2560 655 2611; x_wconf 86' lang='lat' dir='ltr'>plura</span> <span class='ocrx_word' id='word_1_203' title='bbox 689 2562 736 2599; x_wconf 91' lang='lat' dir='ltr'>de</span> <span class='ocrx_word' id='word_1_204' title='bbox 763 2561 832 2598; x_wconf 85' lang='lat' dir='ltr'>hoc</span> <span class='ocrx_word' id='word_1_205' title='bbox 861 2563 938 2599; x_wconf 87' lang='lat' dir='ltr'>viro</span> 
     </span>
     <span class='ocr_line' id='line_1_41' title="bbox 291 2617 938 2667; baseline -0.002 -11"><span class='ocrx_word' id='word_1_206' title='bbox 291 2617 441 2666; x_wconf 85' lang='lat' dir='ltr'>eiusque</span> <span class='ocrx_word' id='word_1_207' title='bbox 459 2621 578 2655; x_wconf 89' lang='lat' dir='ltr'>aetate</span> <span class='ocrx_word' id='word_1_208' title='bbox 598 2617 758 2667; x_wconf 87' lang='lat' dir='ltr'>disputat</span> <span class='ocrx_word' id='word_1_209' title='bbox 766 2617 938 2666; x_wconf 63' lang='lat' dir='ltr'>Wytten-</span> 
     </span>
     <span class='ocr_line' id='line_1_42' title="bbox 292 2672 938 2723; baseline 0.002 -13"><span class='ocrx_word' id='word_1_210' title='bbox 292 2673 441 2711; x_wconf 88' lang='lat' dir='ltr'>bachius</span> <span class='ocrx_word' id='word_1_211' title='bbox 471 2678 497 2711; x_wconf 91' lang='lat' dir='ltr'>t.</span> <span class='ocrx_word' id='word_1_212' title='bbox 522 2672 540 2710; x_wconf 90' lang='grc' dir='ltr'>Ι</span> <span class='ocrx_word' id='word_1_213' title='bbox 573 2685 610 2723; x_wconf 81' lang='lat' dir='ltr'>p.</span> <span class='ocrx_word' id='word_1_214' title='bbox 640 2673 721 2714; x_wconf 89' lang='lat'>655</span> <span class='ocrx_word' id='word_1_215' title='bbox 760 2672 938 2711; x_wconf 88' lang='lat' dir='ltr'>Animad—</span> 
     </span>
     <span class='ocr_line' id='line_1_43' title="bbox 289 2724 937 2780; baseline 0.006 -14"><span class='ocrx_word' id='word_1_216' title='bbox 289 2741 401 2767; x_wconf 82' lang='lat' dir='ltr'>verss.</span> <span class='ocrx_word' id='word_1_217' title='bbox 430 2750 486 2758; x_wconf 93' lang='lat'>--</span> <span class='ocrx_word' id='word_1_218' title='bbox 523 2728 583 2767; x_wconf 86' lang='lat' dir='ltr'>De</span> <span class='ocrx_word' id='word_1_219' title='bbox 605 2729 722 2766; x_wconf 85' lang='lat' dir='ltr'>forma</span> <span class='ocrx_word' id='word_1_220' title='bbox 750 2724 937 2780; x_wconf 78' lang='grc' dir='ltr'><em>οἷπώνητο</em></span> 
     </span>
     <span class='ocr_line' id='line_1_44' title="bbox 288 2783 934 2836; baseline 0 -13"><span class='ocrx_word' id='word_1_221' title='bbox 288 2789 437 2836; x_wconf 89' lang='lat' dir='ltr'>praeter</span> <span class='ocrx_word' id='word_1_222' title='bbox 463 2785 644 2823; x_wconf 85' lang='lat' dir='ltr'>&#39;rhomam</span> <span class='ocrx_word' id='word_1_223' title='bbox 664 2783 832 2834; x_wconf 85' lang='lat' dir='ltr'>Magistr.</span> <span class='ocrx_word' id='word_1_224' title='bbox 853 2799 880 2822; x_wconf 88' lang='lat' dir='ltr'>s.</span> <span class='ocrx_word' id='word_1_225' title='bbox 902 2800 934 2823; x_wconf 83' lang='lat' dir='ltr'>v.</span> 
     </span>
     <span class='ocr_line' id='line_1_45' title="bbox 287 2835 937 2893; baseline -0.003 -13"><span class='ocrx_word' id='word_1_226' title='bbox 287 2835 494 2892; x_wconf 69' lang='grc' dir='ltr'><em>ὠνήσομαι</em></span> <span class='ocrx_word' id='word_1_227' title='bbox 510 2854 597 2893; x_wconf 89' lang='lat' dir='ltr'>pag.</span> <span class='ocrx_word' id='word_1_228' title='bbox 622 2843 705 2882; x_wconf 81' lang='lat'>932</span> <span class='ocrx_word' id='word_1_229' title='bbox 723 2842 817 2879; x_wconf 88' lang='lat' dir='ltr'>conf.</span> <span class='ocrx_word' id='word_1_230' title='bbox 838 2841 937 2879; x_wconf 86' lang='lat' dir='ltr'>Mat-</span> 
     </span>
     <span class='ocr_line' id='line_1_46' title="bbox 285 2897 934 2950; baseline 0.002 -15"><span class='ocrx_word' id='word_1_231' title='bbox 285 2897 386 2938; x_wconf 85' lang='lat' dir='ltr'>thiae</span> <span class='ocrx_word' id='word_1_232' title='bbox 408 2898 474 2937; x_wconf 89' lang='lat' dir='ltr'>Gr.</span> <span class='ocrx_word' id='word_1_233' title='bbox 491 2898 556 2937; x_wconf 90' lang='lat' dir='ltr'>Gr.</span> <span class='ocrx_word' id='word_1_234' title='bbox 582 2909 670 2950; x_wconf 87' lang='lat' dir='ltr'>pag.</span> <span class='ocrx_word' id='word_1_235' title='bbox 689 2899 785 2941; x_wconf 83' lang='lat'>477.</span> <span class='ocrx_word' id='word_1_236' title='bbox 810 2919 867 2927; x_wconf 89' lang='lat'>—</span> <span class='ocrx_word' id='word_1_237' title='bbox 893 2898 934 2940; x_wconf 84' lang='lat' dir='ltr'>In</span> 
     </span>
    </p>
   </div>
   <div class='ocr_carea' id='block_1_9' title="bbox 1003 1381 1672 2949">
    <p class='ocr_par' dir='ltr' id='par_1_11' title="bbox 1004 1381 1672 2671">
     <span class='ocr_line' id='line_1_47' title="bbox 1021 1381 1670 1433; baseline -0.002 -12"><span class='ocrx_word' id='word_1_238' title='bbox 1021 1395 1124 1433; x_wconf 88' lang='lat' dir='ltr'>seqq.</span> <span class='ocrx_word' id='word_1_239' title='bbox 1146 1395 1224 1420; x_wconf 90' lang='lat' dir='ltr'>cum</span> <span class='ocrx_word' id='word_1_240' title='bbox 1247 1382 1479 1430; x_wconf 87' lang='lat' dir='ltr'>Gaisfordio,</span> <span class='ocrx_word' id='word_1_241' title='bbox 1507 1381 1670 1433; x_wconf 84' lang='lat' dir='ltr'>pluribus</span> 
     </span>
     <span class='ocr_line' id='line_1_48' title="bbox 1021 1439 1670 1486; baseline -0.002 -10"><span class='ocrx_word' id='word_1_242' title='bbox 1021 1440 1118 1477; x_wconf 90' lang='lat' dir='ltr'>libris</span> <span class='ocrx_word' id='word_1_243' title='bbox 1150 1440 1426 1486; x_wconf 82' lang='lat' dir='ltr'>addicentibus,</span> <span class='ocrx_word' id='word_1_244' title='bbox 1451 1439 1670 1476; x_wconf 82' lang='lat' dir='ltr'>restituimus</span> 
     </span>
     <span class='ocr_line' id='line_1_49' title="bbox 1020 1494 1670 1546; baseline -0.002 -11"><span class='ocrx_word' id='word_1_245' title='bbox 1020 1494 1266 1543; x_wconf 77' lang='grc' dir='ltr'><em>ἐξελασθεὶς</em></span> <span class='ocrx_word' id='word_1_246' title='bbox 1324 1509 1392 1546; x_wconf 92' lang='lat' dir='ltr'>pro</span> <span class='ocrx_word' id='word_1_247' title='bbox 1450 1494 1670 1543; x_wconf 82' lang='grc' dir='ltr'><em>ἐξελαθεὶς,</em></span> 
     </span>
     <span class='ocr_line' id='line_1_50' title="bbox 1020 1551 1672 1602; baseline 0 -14"><span class='ocrx_word' id='word_1_248' title='bbox 1020 1553 1121 1602; x_wconf 91' lang='lat' dir='ltr'>quod</span> <span class='ocrx_word' id='word_1_249' title='bbox 1137 1565 1181 1589; x_wconf 84' lang='lat' dir='ltr'>ex</span> <span class='ocrx_word' id='word_1_250' title='bbox 1198 1551 1293 1588; x_wconf 88' lang='lat' dir='ltr'>Aldo</span> <span class='ocrx_word' id='word_1_251' title='bbox 1310 1557 1568 1602; x_wconf 84' lang='lat' dir='ltr'>propagatum,</span> <span class='ocrx_word' id='word_1_252' title='bbox 1590 1555 1672 1589; x_wconf 87' lang='lat' dir='ltr'>tue-</span> 
     </span>
     <span class='ocr_line' id='line_1_51' title="bbox 1017 1608 1672 1658; baseline -0.002 -13"><span class='ocrx_word' id='word_1_253' title='bbox 1017 1613 1078 1645; x_wconf 90' lang='lat' dir='ltr'>tur</span> <span class='ocrx_word' id='word_1_254' title='bbox 1093 1608 1289 1645; x_wconf 88' lang='lat' dir='ltr'>Piersonus</span> <span class='ocrx_word' id='word_1_255' title='bbox 1307 1609 1356 1645; x_wconf 91' lang='lat' dir='ltr'>ad</span> <span class='ocrx_word' id='word_1_256' title='bbox 1371 1608 1527 1645; x_wconf 89' lang='lat' dir='ltr'>Moerid.</span> <span class='ocrx_word' id='word_1_257' title='bbox 1551 1621 1589 1658; x_wconf 89' lang='lat' dir='ltr'>p.</span> <span class='ocrx_word' id='word_1_258' title='bbox 1604 1609 1672 1655; x_wconf 81' lang='grc'>13,</span> 
     </span>
     <span class='ocr_line' id='line_1_52' title="bbox 1017 1661 1671 1716; baseline 0.002 -14"><span class='ocrx_word' id='word_1_259' title='bbox 1017 1665 1119 1716; x_wconf 88' lang='lat' dir='ltr'>apud</span> <span class='ocrx_word' id='word_1_260' title='bbox 1136 1677 1242 1714; x_wconf 90' lang='lat' dir='ltr'>quem</span> <span class='ocrx_word' id='word_1_261' title='bbox 1259 1664 1409 1701; x_wconf 88' lang='lat' dir='ltr'>alteram</span> <span class='ocrx_word' id='word_1_262' title='bbox 1438 1665 1591 1701; x_wconf 83' lang='lat' dir='ltr'>formam</span> <span class='ocrx_word' id='word_1_263' title='bbox 1613 1661 1671 1703; x_wconf 79' lang='grc' dir='ltr'>ἕλ-</span> 
     </span>
     <span class='ocr_line' id='line_1_53' title="bbox 1017 1720 1672 1772; baseline -0.003 -12"><span class='ocrx_word' id='word_1_264' title='bbox 1017 1723 1191 1772; x_wconf 76' lang='grc' dir='ltr'><em>ληνικῶς</em></span> <span class='ocrx_word' id='word_1_265' title='bbox 1214 1720 1285 1757; x_wconf 89' lang='lat' dir='ltr'>dici</span> <span class='ocrx_word' id='word_1_266' title='bbox 1307 1721 1471 1769; x_wconf 85' lang='lat' dir='ltr'>legimus.</span> <span class='ocrx_word' id='word_1_267' title='bbox 1499 1720 1550 1757; x_wconf 87' lang='lat' dir='ltr'>Et</span> <span class='ocrx_word' id='word_1_268' title='bbox 1575 1720 1672 1759; x_wconf 82' lang='lat' dir='ltr'>bene</span> 
     </span>
     <span class='ocr_line' id='line_1_54' title="bbox 1017 1776 1670 1827; baseline -0.005 -12"><span class='ocrx_word' id='word_1_269' title='bbox 1017 1778 1088 1815; x_wconf 89' lang='lat' dir='ltr'>dici</span> <span class='ocrx_word' id='word_1_270' title='bbox 1107 1776 1306 1825; x_wconf 78' lang='grc' dir='ltr'><em>ἐξελαθεὶς</em></span> <span class='ocrx_word' id='word_1_271' title='bbox 1322 1777 1360 1814; x_wconf 89' lang='lat' dir='ltr'>in</span> <span class='ocrx_word' id='word_1_272' title='bbox 1377 1777 1497 1814; x_wconf 88' lang='lat' dir='ltr'>Attico</span> <span class='ocrx_word' id='word_1_273' title='bbox 1515 1776 1670 1827; x_wconf 89' lang='lat' dir='ltr'>scripto-</span> 
     </span>
     <span class='ocr_line' id='line_1_55' title="bbox 1016 1833 1670 1882; baseline 0.002 -12"><span class='ocrx_word' id='word_1_274' title='bbox 1016 1847 1079 1881; x_wconf 92' lang='lat' dir='ltr'>re,</span> <span class='ocrx_word' id='word_1_275' title='bbox 1107 1846 1182 1870; x_wconf 90' lang='lat' dir='ltr'>non</span> <span class='ocrx_word' id='word_1_276' title='bbox 1201 1837 1256 1871; x_wconf 86' lang='lat' dir='ltr'>est</span> <span class='ocrx_word' id='word_1_277' title='bbox 1273 1834 1372 1882; x_wconf 87' lang='lat' dir='ltr'>quod</span> <span class='ocrx_word' id='word_1_278' title='bbox 1392 1846 1582 1881; x_wconf 85' lang='lat' dir='ltr'>negemus,</span> <span class='ocrx_word' id='word_1_279' title='bbox 1602 1833 1670 1871; x_wconf 87' lang='lat' dir='ltr'>sed</span> 
     </span>
     <span class='ocr_line' id='line_1_56' title="bbox 1014 1890 1668 1939; baseline 0 -13"><span class='ocrx_word' id='word_1_280' title='bbox 1014 1890 1245 1927; x_wconf 89' lang='lat' dir='ltr'>Herodotum</span> <span class='ocrx_word' id='word_1_281' title='bbox 1287 1890 1489 1939; x_wconf 85' lang='lat' dir='ltr'>asperiores</span> <span class='ocrx_word' id='word_1_282' title='bbox 1533 1890 1668 1927; x_wconf 83' lang='lat' dir='ltr'>formas</span> 
     </span>
     <span class='ocr_line' id='line_1_57' title="bbox 1014 1945 1668 1995; baseline 0.002 -13"><span class='ocrx_word' id='word_1_283' title='bbox 1014 1945 1188 1994; x_wconf 87' lang='lat' dir='ltr'>diligere,</span> <span class='ocrx_word' id='word_1_284' title='bbox 1219 1948 1305 1995; x_wconf 84' lang='lat' dir='ltr'>apte</span> <span class='ocrx_word' id='word_1_285' title='bbox 1319 1945 1460 1982; x_wconf 88' lang='lat' dir='ltr'>monuit</span> <span class='ocrx_word' id='word_1_286' title='bbox 1480 1945 1668 1994; x_wconf 82' lang='lat' dir='ltr'>Schweig-</span> 
     </span>
     <span class='ocr_line' id='line_1_58' title="bbox 1011 1996 1667 2048; baseline 0.002 -10"><span class='ocrx_word' id='word_1_287' title='bbox 1011 2000 1228 2048; x_wconf 89' lang='lat' dir='ltr'>haeuserus,</span> <span class='ocrx_word' id='word_1_288' title='bbox 1278 2001 1430 2038; x_wconf 86' lang='lat' dir='ltr'>laudans</span> <span class='ocrx_word' id='word_1_289' title='bbox 1469 1996 1667 2041; x_wconf 80' lang='grc' dir='ltr'><em>κατεπαύ-</em></span> 
     </span>
     <span class='ocr_line' id='line_1_59' title="bbox 1012 2055 1664 2108; baseline 0.009 -14"><span class='ocrx_word' id='word_1_290' title='bbox 1012 2061 1092 2108; x_wconf 84' lang='grc' dir='ltr'><em>σθη</em></span> <span class='ocrx_word' id='word_1_291' title='bbox 1122 2057 1208 2108; x_wconf 89' lang='lat' dir='ltr'>(pro</span> <span class='ocrx_word' id='word_1_292' title='bbox 1226 2055 1482 2108; x_wconf 78' lang='grc' dir='ltr'><em>κατεπαύθη)</em></span> <span class='ocrx_word' id='word_1_293' title='bbox 1512 2058 1548 2106; x_wconf 86' lang='grc' dir='ltr'>Ι,</span> <span class='ocrx_word' id='word_1_294' title='bbox 1571 2059 1664 2099; x_wconf 86' lang='lat'><strong>130·</strong></span> 
     </span>
     <span class='ocr_line' id='line_1_60' title="bbox 1011 2112 1665 2165; baseline 0.003 -15"><span class='ocrx_word' id='word_1_295' title='bbox 1011 2112 1084 2161; x_wconf 88' lang='lat' dir='ltr'>VI,</span> <span class='ocrx_word' id='word_1_296' title='bbox 1118 2117 1170 2154; x_wconf 89' lang='lat'>71</span> <span class='ocrx_word' id='word_1_297' title='bbox 1184 2143 1195 2161; x_wconf 92' lang='lat'>,</span> <span class='ocrx_word' id='word_1_298' title='bbox 1234 2114 1315 2151; x_wconf 82' lang='lat' dir='ltr'>alia.</span> <span class='ocrx_word' id='word_1_299' title='bbox 1379 2113 1529 2152; x_wconf 89' lang='lat' dir='ltr'>Accedit</span> <span class='ocrx_word' id='word_1_300' title='bbox 1555 2126 1665 2165; x_wconf 89' lang='lat' dir='ltr'>prae-</span> 
     </span>
     <span class='ocr_line' id='line_1_61' title="bbox 1009 2169 1661 2220; baseline 0.002 -14"><span class='ocrx_word' id='word_1_301' title='bbox 1009 2173 1109 2207; x_wconf 90' lang='lat' dir='ltr'>terea</span> <span class='ocrx_word' id='word_1_302' title='bbox 1146 2169 1318 2207; x_wconf 87' lang='lat' dir='ltr'>librorum</span> <span class='ocrx_word' id='word_1_303' title='bbox 1352 2170 1566 2218; x_wconf 83' lang='lat' dir='ltr'>auctoritas,</span> <span class='ocrx_word' id='word_1_304' title='bbox 1599 2171 1661 2220; x_wconf 93' lang='lat' dir='ltr'>qui</span> 
     </span>
     <span class='ocr_line' id='line_1_62' title="bbox 1009 2225 1666 2277; baseline 0.002 -15"><span class='ocrx_word' id='word_1_305' title='bbox 1009 2226 1044 2262; x_wconf 92' lang='lat' dir='ltr'>in</span> <span class='ocrx_word' id='word_1_306' title='bbox 1065 2226 1239 2276; x_wconf 87' lang='lat' dir='ltr'>asperiori</span> <span class='ocrx_word' id='word_1_307' title='bbox 1269 2226 1327 2263; x_wconf 86' lang='lat' dir='ltr'>illa</span> <span class='ocrx_word' id='word_1_308' title='bbox 1353 2227 1471 2264; x_wconf 72' lang='lat' dir='ltr'>forma</span> <span class='ocrx_word' id='word_1_309' title='bbox 1502 2225 1666 2277; x_wconf 88' lang='lat' dir='ltr'>plerum-</span> 
     </span>
     <span class='ocr_line' id='line_1_63' title="bbox 1010 2282 1662 2332; baseline 0.003 -14"><span class='ocrx_word' id='word_1_310' title='bbox 1010 2295 1082 2331; x_wconf 86' lang='lat' dir='ltr'>que</span> <span class='ocrx_word' id='word_1_311' title='bbox 1102 2283 1330 2332; x_wconf 83' lang='lat' dir='ltr'>conspirant3</span> <span class='ocrx_word' id='word_1_312' title='bbox 1360 2288 1400 2319; x_wconf 92' lang='lat' dir='ltr'>ut</span> <span class='ocrx_word' id='word_1_313' title='bbox 1420 2283 1457 2330; x_wconf 87' lang='grc' dir='ltr'>Ι,</span> <span class='ocrx_word' id='word_1_314' title='bbox 1483 2284 1575 2324; x_wconf 86' lang='grc'><strong>173.</strong></span> <span class='ocrx_word' id='word_1_315' title='bbox 1597 2282 1662 2330; x_wconf 89' lang='grc' dir='ltr'>ΙΠ,</span> 
     </span>
     <span class='ocr_line' id='line_1_64' title="bbox 1008 2337 1664 2390; baseline 0 -15"><span class='ocrx_word' id='word_1_316' title='bbox 1008 2338 1074 2379; x_wconf 78' lang='grc'>46.</span> <span class='ocrx_word' id='word_1_317' title='bbox 1103 2339 1168 2380; x_wconf 87' lang='grc'>51.</span> <span class='ocrx_word' id='word_1_318' title='bbox 1194 2339 1257 2387; x_wconf 92' lang='lat' dir='ltr'>IV,</span> <span class='ocrx_word' id='word_1_319' title='bbox 1275 2339 1313 2380; x_wconf 84' lang='lat'>4.</span> <span class='ocrx_word' id='word_1_320' title='bbox 1343 2338 1388 2386; x_wconf 85' lang='lat' dir='ltr'>V,</span> <span class='ocrx_word' id='word_1_321' title='bbox 1412 2338 1503 2381; x_wconf 83' lang='lat'>145.</span> <span class='ocrx_word' id='word_1_322' title='bbox 1551 2337 1664 2390; x_wconf 88' lang='lat' dir='ltr'>Apud</span> 
     </span>
     <span class='ocr_line' id='line_1_65' title="bbox 1006 2394 1663 2433; baseline 0.003 -2"><span class='ocrx_word' id='word_1_323' title='bbox 1006 2394 1222 2432; x_wconf 87' lang='lat' dir='ltr'>Pausaniam</span> <span class='ocrx_word' id='word_1_324' title='bbox 1271 2395 1401 2433; x_wconf 89' lang='lat' dir='ltr'>eadem</span> <span class='ocrx_word' id='word_1_325' title='bbox 1435 2396 1576 2433; x_wconf 86' lang='lat' dir='ltr'>formae</span> <span class='ocrx_word' id='word_1_326' title='bbox 1599 2408 1663 2433; x_wconf 89' lang='lat' dir='ltr'>va-</span> 
     </span>
     <span class='ocr_line' id='line_1_66' title="bbox 1006 2451 1661 2500; baseline 0 -12"><span class='ocrx_word' id='word_1_327' title='bbox 1006 2451 1138 2498; x_wconf 84' lang='lat' dir='ltr'>rietas,</span> <span class='ocrx_word' id='word_1_328' title='bbox 1168 2455 1206 2488; x_wconf 91' lang='lat' dir='ltr'>ut</span> <span class='ocrx_word' id='word_1_329' title='bbox 1234 2453 1344 2489; x_wconf 92' lang='lat' dir='ltr'>modo</span> <span class='ocrx_word' id='word_1_330' title='bbox 1375 2451 1454 2489; x_wconf 86' lang='lat' dir='ltr'>sine</span> <span class='ocrx_word' id='word_1_331' title='bbox 1474 2455 1521 2500; x_wconf 74' lang='grc' dir='ltr'>δ’,</span> <span class='ocrx_word' id='word_1_332' title='bbox 1549 2452 1661 2489; x_wconf 91' lang='lat' dir='ltr'>modo</span> 
     </span>
     <span class='ocr_line' id='line_1_67' title="bbox 1006 2507 1660 2546; baseline 0.002 -2"><span class='ocrx_word' id='word_1_333' title='bbox 1006 2520 1085 2544; x_wconf 89' lang='lat' dir='ltr'>cum</span> <span class='ocrx_word' id='word_1_334' title='bbox 1116 2507 1175 2545; x_wconf 79' lang='lat' dir='ltr'>illa</span> <span class='ocrx_word' id='word_1_335' title='bbox 1193 2507 1297 2545; x_wconf 87' lang='lat' dir='ltr'>litera</span> <span class='ocrx_word' id='word_1_336' title='bbox 1316 2509 1531 2545; x_wconf 87' lang='lat' dir='ltr'>inveniatur.</span> <span class='ocrx_word' id='word_1_337' title='bbox 1574 2508 1660 2546; x_wconf 87' lang='lat' dir='ltr'>Vid.</span> 
     </span>
     <span class='ocr_line' id='line_1_68' title="bbox 1004 2562 1660 2615; baseline 0.006 -16"><span class='ocrx_word' id='word_1_338' title='bbox 1004 2563 1169 2601; x_wconf 88' lang='lat' dir='ltr'>Siebelis.</span> <span class='ocrx_word' id='word_1_339' title='bbox 1191 2564 1240 2601; x_wconf 85' lang='lat' dir='ltr'>ad</span> <span class='ocrx_word' id='word_1_340' title='bbox 1260 2564 1416 2602; x_wconf 88' lang='lat' dir='ltr'>Pausan.</span> <span class='ocrx_word' id='word_1_341' title='bbox 1438 2563 1475 2610; x_wconf 93' lang='lat' dir='ltr'>I,</span> <span class='ocrx_word' id='word_1_342' title='bbox 1496 2566 1549 2606; x_wconf 80' lang='lat'>12</span> <span class='ocrx_word' id='word_1_343' title='bbox 1569 2562 1606 2615; x_wconf 65' lang='grc' dir='ltr'>ἓ.</span> <span class='ocrx_word' id='word_1_344' title='bbox 1619 2563 1660 2606; x_wconf 89' lang='grc'>5.</span> 
     </span>
     <span class='ocr_line' id='line_1_69' title="bbox 1181 2619 1492 2671; baseline 0.013 -15"><span class='ocrx_word' id='word_1_345' title='bbox 1181 2620 1214 2656; x_wconf 87' lang='lat' dir='ltr'>C</span> <span class='ocrx_word' id='word_1_346' title='bbox 1223 2632 1291 2671; x_wconf 89' lang='lat' dir='ltr'>ap.</span> <span class='ocrx_word' id='word_1_347' title='bbox 1321 2619 1492 2660; x_wconf 87' lang='lat' dir='ltr'>CLXIX.</span> 
     </span>
    </p>

    <p class='ocr_par' dir='ltr' id='par_1_12' title="bbox 1005 2671 1660 2833">
     <span class='ocr_line' id='line_1_70' title="bbox 1063 2671 1660 2727; baseline 0.002 -13"><span class='ocrx_word' id='word_1_348' title='bbox 1063 2671 1130 2714; x_wconf 72' lang='grc' dir='ltr'>διὰ</span> <span class='ocrx_word' id='word_1_349' title='bbox 1165 2672 1293 2727; x_wconf 73' lang='grc' dir='ltr'><em>μάχης</em></span> <span class='ocrx_word' id='word_1_350' title='bbox 1334 2674 1406 2727; x_wconf 79' lang='grc' dir='ltr'>μὲν</span> <span class='ocrx_word' id='word_1_351' title='bbox 1447 2671 1660 2715; x_wconf 78' lang='grc' dir='ltr'><em>οἷπικέα-</em></span> 
     </span>
     <span class='ocr_line' id='line_1_71' title="bbox 1005 2727 1659 2781; baseline 0 -12"><span class='ocrx_word' id='word_1_352' title='bbox 1005 2728 1084 2781; x_wconf 85' lang='grc' dir='ltr'>το]</span> <span class='ocrx_word' id='word_1_353' title='bbox 1121 2731 1179 2768; x_wconf 89' lang='lat' dir='ltr'>De</span> <span class='ocrx_word' id='word_1_354' title='bbox 1199 2733 1314 2770; x_wconf 84' lang='lat' dir='ltr'>forma</span> <span class='ocrx_word' id='word_1_355' title='bbox 1345 2727 1535 2773; x_wconf 79' lang='grc' dir='ltr'>α’πικὲατο</span> <span class='ocrx_word' id='word_1_356' title='bbox 1562 2734 1659 2770; x_wconf 87' lang='lat' dir='ltr'>conf.</span> 
     </span>
     <span class='ocr_line' id='line_1_72' title="bbox 1005 2786 1218 2833; baseline 0.005 -10"><span class='ocrx_word' id='word_1_357' title='bbox 1005 2788 1054 2823; x_wconf 87' lang='lat' dir='ltr'>ad</span> <span class='ocrx_word' id='word_1_358' title='bbox 1068 2786 1105 2833; x_wconf 89' lang='grc' dir='ltr'>Ι,</span> <span class='ocrx_word' id='word_1_359' title='bbox 1126 2787 1218 2828; x_wconf 79' lang='grc'><strong>152.</strong></span> 
     </span>
    </p>

    <p class='ocr_par' dir='ltr' id='par_1_13' title="bbox 1003 2839 1657 2949">
     <span class='ocr_line' id='line_1_73' title="bbox 1061 2839 1657 2899; baseline 0.008 -18"><span class='ocrx_word' id='word_1_360' title='bbox 1061 2841 1116 2889; x_wconf 74' lang='grc' dir='ltr'>ὥς</span> <span class='ocrx_word' id='word_1_361' title='bbox 1141 2842 1207 2882; x_wconf 80' lang='grc' dir='ltr'>καὶ</span> <span class='ocrx_word' id='word_1_362' title='bbox 1229 2839 1428 2897; x_wconf 85' lang='grc' dir='ltr'><em>πρότερόν</em></span> <span class='ocrx_word' id='word_1_363' title='bbox 1459 2860 1529 2897; x_wconf 88' lang='grc' dir='ltr'>μοι</span> <span class='ocrx_word' id='word_1_364' title='bbox 1547 2843 1657 2899; x_wconf 78' lang='grc' dir='ltr'><em>εἴρη-</em></span> 
     </span>
     <span class='ocr_line' id='line_1_74' title="bbox 1003 2897 1376 2949; baseline 0.008 -12"><span class='ocrx_word' id='word_1_365' title='bbox 1003 2897 1090 2949; x_wconf 87' lang='grc' dir='ltr'>ται]</span> <span class='ocrx_word' id='word_1_366' title='bbox 1123 2899 1203 2938; x_wconf 83' lang='lat' dir='ltr'>vid.</span> <span class='ocrx_word' id='word_1_367' title='bbox 1223 2900 1262 2948; x_wconf 90' lang='grc' dir='ltr'>Ι,</span> <span class='ocrx_word' id='word_1_368' title='bbox 1284 2900 1376 2943; x_wconf 82' lang='grc'><strong>143.</strong></span> 
     </span>
    </p>
   </div>
  </div>
 </body>
</html>
