1759 3324
323 278 408 319 412

713 278 1181 319 HERODOTI

322 385 490 432 κνέεται
509 385 532 432 ὁ
551 385 810 445 Εὐφρήτης,
836 386 1098 444 Ἀρδέρικκα.
1129 387 1202 432 καὶ
1230 390 1314 432 νῦν
1343 390 1385 431 οἳ
1415 386 1471 431 ἂν
1500 403 1578 432 κο-

319 469 526 525 μίζωνται
562 467 647 512 ἀπό
680 471 809 524 τῆσδε
847 472 922 524 τῆς
965 467 1189 524 θαλάσσης
1229 468 1272 519 ἐς
1311 469 1635 523 Βαβυλῶνα,4ο

319 546 632 598 καταπλέοντες
669 547 712 598 ἐς
750 546 829 591 τὸν
867 545 1111 604 Εὐφρήτην
1146 545 1368 603 ποταμὸν,
1403 547 1497 601 τρίς
1532 560 1577 589 τε

261 732 371 769 toties
388 730 449 768 illa
469 741 581 781 opera
592 727 829 777 (Schleussen
847 741 912 766 vo-

261 788 364 836 cant)
384 787 588 824 transirent.
636 784 740 822 Haec
764 784 912 833 quidem

260 842 463 895 probabilia
481 846 623 878 tantum
639 841 743 890 ponit
762 841 816 876 vir
843 840 911 877 do-

260 904 358 946 ctus,
387 897 629 948 probabiliora
647 900 770 933 tamen
786 896 909 942 habet,

261 967 369 1005 quam
393 954 424 990 si
444 954 525 1002 quis
545 954 649 989 unice
670 954 822 1003 propter
850 963 912 988 ca-

259 1010 392 1048 nalium
422 1009 686 1058 longitudinem
720 1012 794 1045 tres
833 1007 911 1045 dies

259 1066 493 1115 navigatione
527 1068 764 1115 consumptos
797 1064 911 1102 fuisse

259 1126 446 1160 statueret,
473 1142 531 1150 —
559 1121 601 1159 In
634 1119 793 1159 clausula
820 1133 912 1170 pau-

258 1179 309 1217 cis
334 1180 381 1217 de
409 1191 534 1217 eorum
572 1190 695 1216 errore
725 1177 911 1214 monuisse

257 1235 437 1283 sufficiat,
464 1235 573 1284 siqui
591 1234 817 1280 existiment,
844 1245 910 1269 na-

256 1305 321 1331 ves
339 1291 572 1342 inEuphrate
590 1289 814 1342 permeando
832 1301 907 1326 non

256 1348 375 1386 solum
394 1361 462 1400 per
475 1350 656 1385 anfractus
675 1346 798 1397 plures
810 1374 821 1393 ,
841 1346 909 1383 sed

257 1405 366 1444 etiam
403 1417 469 1455 per
493 1405 610 1455 ipsam
642 1403 806 1440 lacunam
833 1402 908 1450 (de

256 1474 330 1512 qua
344 1462 447 1510 mox)
470 1465 594 1499 vectas
614 1472 708 1497 esse.
747 1458 909 1496 Obstant

258 1519 355 1556 enim
377 1522 414 1556 et
433 1517 585 1554 aliorum
603 1520 640 1554 et
656 1516 770 1566 ipsius
787 1514 909 1552 Hero-

256 1574 334 1612 doti
349 1574 554 1612 testimonia
566 1602 577 1620 ,
602 1577 642 1609 ut
657 1572 820 1623 pluribus
846 1583 909 1609 ex-

254 1631 379 1683 posuit
397 1630 561 1679 Breiger.
582 1629 605 1666 l.
621 1628 644 1666 l.
666 1642 703 1679 p.
715 1627 769 1670 44
788 1640 866 1676 seq.

309 1681 566 1737 Ἀρδέρικκα]
624 1684 742 1723 Notat
767 1683 909 1721 Heere-

254 1744 337 1781 nius
361 1743 384 1781 l.
407 1743 430 1780 l.
459 1755 544 1793 pag.
567 1743 647 1783 139
678 1753 723 1779 ex
742 1740 812 1777 hoc
841 1752 908 1776 no-

254 1800 351 1838 mine
365 1799 520 1837 forsitan
549 1797 670 1847 colligi
683 1809 817 1848 posse,
846 1797 904 1832 in-

253 1856 365 1894 dicari
391 1856 518 1894 urbem
547 1867 643 1905 quae
671 1866 768 1891 nunc
795 1865 903 1889 voca-

253 1917 314 1950 tur
340 1911 547 1962 Akkerkuf,
590 1922 759 1960 quaeque
792 1921 904 1959 super

253 1969 412 2018 Bagdad
427 1969 553 2006 urbem
571 1967 642 2004 sita
665 1971 743 2012 est,
764 1966 905 2001 ruinas-

252 2037 326 2074 que
343 2025 460 2062 adhuc
477 2023 637 2061 continet
645 2033 798 2070 magnas
809 2033 900 2071 ope-

253 2080 303 2119 ris
320 2080 542 2129 Babylonici.
597 2079 683 2129 Ipse
705 2082 827 2114 tamen
849 2076 901 2113 vir

253 2140 377 2175 cautus
402 2148 487 2174 mox
503 2135 673 2183 relinquit
698 2134 790 2170 hanc
815 2145 900 2170 sen-

252 2192 424 2240 tentiam,
456 2204 537 2229 cum
569 2189 768 2228 Akkerkuf
793 2188 901 2238 Tigri

252 2249 363 2287 fluvio
389 2249 575 2294 adiaceat‚
604 2245 800 2284 Arderieca
821 2244 899 2281 Eu-

252 2305 384 2356 phrati.
423 2303 485 2341 Tu
505 2303 600 2341 conf.
628 2302 738 2340 etiam
759 2301 899 2338 Herod.

252 2361 324 2408 VI,
353 2362 454 2407 119,
493 2359 554 2396 ubi
589 2358 713 2395 similis
744 2357 901 2394 nominis

252 2417 339 2455 urbs
362 2417 410 2454 ad
428 2415 570 2465 Tigrim
597 2415 668 2452 sita
684 2417 902 2451 memoratur

253 2473 291 2511 in
309 2473 461 2523 regione
492 2472 633 2519 Cissia,
661 2470 811 2508 multum
831 2470 902 2507 uti-

253 2542 326 2580 que
354 2529 497 2566 diversa
523 2528 570 2564 ab
601 2540 664 2574 ea,
705 2526 805 2563 cuius
830 2525 901 2562 hoc

252 2586 332 2624 loco
367 2585 503 2623 mentio
530 2584 696 2621 iniicitur.
751 2582 899 2620 Rectius

251 2644 410 2681 fortasse
433 2640 481 2678 ad
499 2639 626 2677 horum
644 2651 794 2689 operum
813 2638 898 2675 reli-

253 2699 361 2748 quias
397 2698 554 2743 referoe,
602 2696 702 2745 quod
744 2695 898 2733 testibus

252 2753 475 2801 Niebuhrio,
503 2751 631 2790 Richio
644 2780 656 2799 ‚
682 2752 776 2789 circa
801 2750 898 2787 Hilla

252 2811 297 2848 iis
322 2811 400 2848 sere
416 2809 454 2847 in
481 2808 592 2855 locis,
620 2809 682 2846 ubi
701 2806 898 2856 Babylonis

252 2866 386 2906 veteris
409 2866 530 2903 ruinas
555 2865 736 2903 detexisse
761 2864 831 2900 sibi
850 2862 901 2899 illi

253 2923 436 2972 videntur,
448 2921 677 2960 inveniuntur
691 2920 791 2960 fluvii
806 2932 902 2958 nunc

980 730 1171 778 exsiccati,
1212 731 1278 769 sed
1305 730 1399 768 facili
1431 730 1544 781 opera
1573 743 1631 769 re-

978 787 1151 837 parandi,
1181 799 1260 824 cum
1285 787 1381 825 bene
1409 788 1527 825 adhuc
1554 800 1632 824 ser-

978 843 1050 879 vati
1071 843 1214 879 suerint.
1259 843 1368 880 conf.
1388 843 1517 882 Ritter.
1534 843 1631 880 Erd-

978 898 1102 936 kunde
1123 898 1157 935 11
1179 911 1265 948 pag.
1289 901 1381 941 136.

1036 976 1114 1020 ἆπό
1145 981 1266 1032 τῆσδε
1295 984 1367 1032 τῆς
1392 977 1627 1034 θαλάσσης]

979 1037 1080 1076 Cave
1099 1038 1256 1087 accipias
1289 1038 1337 1075 de
1363 1037 1511 1076 Persico
1533 1039 1630 1087 sinu,

978 1108 1059 1132 cum
1079 1093 1298 1143 intelligatur
1318 1094 1499 1132 Graecum
1516 1106 1630 1143 mare,

976 1151 1165 1200 Aegaeum
1196 1151 1272 1188 sive
1310 1151 1629 1199 mediterraneum,

978 1208 1024 1244 ab
1053 1207 1244 1244 Herodoto
1281 1206 1348 1244 hac
1384 1206 1628 1257 appellatione

977 1263 1164 1311 designari
1182 1263 1325 1300 solitum
1338 1292 1348 1310 ,
1371 1267 1410 1299 ut
1424 1264 1627 1300 monuimus

977 1321 1026 1358 ad
1056 1323 1092 1367 Ι,
1121 1321 1156 1358 1.
1213 1319 1386 1368 Intelligit
1425 1320 1520 1357 enim
1549 1333 1627 1367 eos,

977 1376 1038 1426 qui
1059 1376 1149 1413 mari
1166 1376 1236 1413 hoc
1252 1376 1512 1426 pernavigato,
1540 1376 1627 1414 inde

975 1433 1059 1470 navi
1080 1432 1204 1470 relicta
1232 1432 1269 1468 in
1285 1432 1392 1481 Syria
1412 1432 1625 1480 escendunt,

974 1488 1199 1538 Babylonem
1233 1492 1411 1539 petenteS.
1471 1489 1555 1532 Quo
1581 1501 1625 1526 ex

975 1546 1106 1583 itinere
1126 1545 1286 1596 pedestri
1304 1545 1364 1582 ubi
1387 1544 1435 1581 ad
1455 1545 1624 1595 Euphra-

973 1606 1047 1639 tem
1077 1605 1337 1652 pervenerunt,
1367 1613 1479 1639 naves
1502 1602 1623 1638 denuo

974 1659 1222 1696 conscendunt
1239 1661 1276 1694 et
1296 1657 1455 1695 secundo
1476 1657 1624 1695 flumine

973 1714 1151 1752 vehuntur
1174 1726 1290 1763 usque
1318 1714 1366 1750 ad
1383 1712 1623 1762 Babylonem,

973 1775 1030 1809 ter
1050 1774 1135 1808 ante
1164 1770 1482 1821 praeternavigare
1507 1771 1623 1808 coacti

967 1828 1082 1865 vicum
1103 1827 1310 1864 Ardericca.

1024 1908 1309 1956 καταπλέοντες
1320 1907 1359 1955 ἔς
1369 1905 1435 1948 τὸν
1450 1902 1620 1960 Εὕφρή.

969 1981 1042 2017 την
1053 1965 1067 2017 ]
1077 1967 1161 2004 Hoc
1175 1965 1468 2016 perincommode
1487 1965 1620 2002 dictum

967 2024 1108 2061 videtur
1133 2021 1498 2070 Schweighaeusero,
1538 2034 1619 2058 cum

967 2079 1037 2116 ista
1056 2079 1166 2116 verba
1188 2077 1274 2114 nihil
1293 2076 1393 2114 aliud
1413 2081 1544 2115 sonent
1563 2078 1620 2114 ni-

967 2135 1018 2172 si:
1070 2136 1109 2172 in
1147 2133 1367 2185 Euphratem
1398 2135 1619 2182 navigantes,

965 2191 1194 2228 Herodotum
1218 2202 1304 2227 vero
1325 2190 1444 2228 dicere
1461 2189 1619 2227 voluisse

965 2247 1157 2296 adpareat:
1199 2249 1262 2296 qui
1283 2246 1470 2296 Euphrate
1498 2248 1620 2297 fluvio

969 2302 1184 2352 Babylonem
1201 2303 1481 2354 proficiscuntur.
1513 2303 1616 2346 Qua-

967 2371 1008 2396 re
1028 2360 1112 2396 ferri
1137 2372 1213 2397 non
1237 2372 1349 2410 posse
1375 2359 1618 2410 praepositio-

969 2428 1053 2452 nem
1075 2414 1131 2464 ἐς,
1162 2415 1255 2453 male
1274 2416 1446 2453 insertam
1471 2419 1534 2451 aut
1555 2427 1616 2452 ca-

967 2484 1031 2517 su,
1060 2473 1111 2509 uti
1137 2473 1199 2519 fit,
1230 2476 1292 2509 aut
1313 2471 1538 2508 librariorum
1559 2471 1615 2508 in-

969 2527 1080 2564 scitia.
1137 2529 1214 2565 Sed
1228 2528 1362 2578 poterit
1379 2525 1614 2566 καταπλέον-

964 2597 1028 2630 τες
1042 2584 1098 2621 hic
1116 2584 1227 2634 accipi
1250 2596 1360 2621 sensu
1378 2585 1614 2633 praegnanti:

965 2640 1103 2690 quando
1143 2640 1190 2676 ad
1222 2639 1441 2689 Euphratem
1471 2640 1613 2677 devene-

965 2698 1035 2732 rint
1065 2695 1123 2743 (s.
1144 2695 1376 2733 descenderint
1404 2709 1425 2733 e
1446 2696 1534 2734 locis
1560 2696 1614 2734 al-

964 2752 1114 2789 tioribus
1126 2780 1136 2799 ,
1164 2752 1344 2789 montibus
1355 2781 1365 2800 ,
1386 2765 1479 2801 quos
1494 2756 1614 2790 trans-

966 2808 1140 2846 scendere
1179 2808 1371 2859 oportebat
1400 2808 1614 2859 Mesopota-

967 2864 1073 2902 miam
1094 2877 1115 2902 e
1133 2877 1235 2902 mare
1255 2865 1520 2903 mediterraneo
1546 2878 1614 2916 pe-

967 2922 1122 2970 tentes),
1140 2933 1243 2972 eoque
1251 2920 1466 2973 Babylonem
1483 2921 1612 2960 vehun-
