1759 3324
36 534 137 580 130

637 257 940 297 cL10.1.

1338 261 1422 302 305

159 372 264 426 ,,δ“ε,
294 371 480 421 δούλους
510 367 663 419 ἐόντας
690 366 740 411 τὸ
770 367 877 423 πρὶν
902 366 1092 425 Μήδων,
1138 369 1224 411 νῦν
1251 367 1419 424 γεγονέ-

158 484 183 505 ,,
193 469 266 496 ναι
295 447 545 500 δεσπόταςέί

158 611 231 655 καὶ
263 606 517 664 τριήκοντα,
578 605 694 650 οὕτω
735 609 810 663 τῆς
849 609 1077 664 βασιληίης
1111 604 1417 662 κατεπαύσθη·

259 527 493 584 Ἀστυαγης
521 527 600 583 μέν
626 543 730 580 νυν,
779 524 1042 583 βασιλεύσας
1070 524 1142 570 ἐπ’
1172 525 1267 570 ἔτεα
1293 526 1418 570 πέντε
1476 534 1571 568 Quam
1582 534 1633 562 ᾱιιι
1647 535 1730 564 Μοὼ

1476 571 1514 609 As
1502 570 1564 595 bu'ac
1589 569 1683 603 imper
1686 578 1718 595 :1-

159 689 313 744 Μῆδοι
344 687 389 747 δὲ
417 684 650 738 ὑπέκυψαν
679 686 873 743 Πέρσῃσι
915 686 987 730 διὰ
1033 685 1114 742 τὴν
1152 684 1316 729 τούτου
1351 700 1419 729 πι-
1432 693 1475 727 10

157 766 368 822 κρότητα,
407 764 612 821 ἄρξαντες
639 769 715 823 τῆς
745 765 835 810 ἄνω
862 765 1022 817 “Alvos
1050 769 1252 822 ποταμοῦ
1278 763 1419 822 Ἀσίης

158 846 229 891 ἐπ’
260 846 354 890 ἔτεα
383 844 618 902 τριήκοντα
646 846 718 890 καὶ
745 845 901 890 ἑκατόν
931 847 1053 889 δυῶν
1079 845 1255 907 δέοντα,
1286 844 1422 900 πάρεξ

129 925 191 984 Ξῆ
225 925 332 970 ὅσον
371 926 415 968 οἱ
450 925 628 970 Σκύθαι
661 919 809 982 ἦρχον.

862 923 1047 982 Ὑστέρῳ
1092 925 1241 981 μέντοι
1277 924 1418 984 χρόνῳ

157 1002 410 1063 μετεμέλησέ
437 1005 482 1048 τέ
520 1016 599 1062 σφι
627 1008 764 1050 ταῦτα
800 1004 1027 1062 ποιήσασι,
1071 1004 1145 1048 καὶ
1174 1003 1421 1062 ἀπέστησαν

282 1224 393 1276 Cap.
426 1223 580 1262 CXXX

161 1305 350 1378 ἄρξαντες
384 1310 456 1361 τῆς
497 1306 583 1348 ἅνω
613 1304 759 1355 Ἀλυος

102 1379 286 1416 ποταμου
307 1361 439 1417 Ἀσίης
469 1361 526 1405 ἐπ’
547 1365 632 1405 ε’τεα
651 1360 759 1416 τριή-

103 1436 224 1461 κοντα
250 1437 319 1461 και
351 1419 488 1462 ἑκατὸν
509 1422 619 1461 δυοῖν
642 1421 756 1460 δέον-

102 1493 150 1517 τα
169 1493 203 1517 κ.
223 1493 256 1517 τ.
277 1477 328 1529 λ.]
357 1479 417 1517 De
445 1483 660 1528 argumento
687 1478 756 1515 hu-

102 1535 158 1572 ius
175 1535 244 1572 loci
262 1536 447 1586 copiosius
466 1536 696 1573 tractavimus
709 1536 757 1572 ad

104 1591 253 1629 Ctesiae
267 1593 473 1640 fragmenta
491 1606 527 1643 p.
541 1592 622 1634 439
639 1605 758 1641 seqq.‚

105 1660 200 1697 quae
230 1649 395 1685 nonnihil
441 1651 649 1695 emendata,
700 1662 759 1686 re-

106 1708 283 1752 tractata,
313 1708 439 1752 aucta,
458 1706 495 1742 in
504 1705 668 1742 Excursu
692 1705 759 1741 ad-

106 1760 260 1797 iicienda
278 1762 492 1798 curavimus.
547 1761 606 1799 De
624 1762 760 1797 formu-

106 1816 140 1853 la
172 1816 282 1855 δυοῖν
310 1816 460 1865 (rectius
490 1830 599 1867 quam
630 1817 759 1868 δυῷν)

108 1870 249 1912 δέοντα
267 1874 361 1910 conf.
389 1873 431 1922 Ι,
460 1873 512 1915 14
536 1874 597 1911 fin.
627 1871 657 1925 ἦ
675 1871 760 1913 ἄνω

94 1925 241 1976 ’Ἅλυος
279 1932 464 1981 ποταμοῦ
509 1925 620 1980 ’Λσίη
666 1944 762 1979 quae

108 1986 156 2023 sit
174 1984 284 2024 Asiae
302 1999 387 2037 pars
401 2017 412 2035 ‚
442 1986 530 2024 satis
549 1991 638 2037 puto
655 1987 762 2024 intel-

108 2041 172 2092 ligi
202 2055 246 2080 ex
275 2042 339 2092 iis,
379 2056 473 2093 quae
499 2044 761 2094 disputavimus

109 2100 159 2137 ad
177 2099 216 2146 I,
234 2102 300 2141 72.
358 2099 472 2138 Paulo
489 2104 575 2138 ante
602 2113 681 2137 cum
703 2114 762 2138 re-

109 2159 218 2193 centt.
240 2156 406 2194 dedimus
434 2154 620 2196 κατεπαύ
636 2169 658 2196 σ
672 2161 698 2195 θ
711 2173 735 2207 η
750 2188 760 2205 ,

110 2213 209 2261 quod
226 2216 263 2250 et
290 2213 369 2250 libri
396 2226 506 2251 manu
535 2214 660 2264 scripti
685 2227 763 2252 me-

109 2267 217 2307 liores
235 2269 409 2307 iubebant
427 2274 464 2308 et
492 2271 658 2320 geminus
681 2270 763 2308 No-

111 2325 176 2361 stri
194 2325 294 2363 locus
312 2326 363 2363 VI
375 2356 386 2375 ‚
406 2328 472 2367 71.
518 2327 638 2376 Vulgo
657 2342 764 2366 κατε-

113 2376 273 2432 παύθη,
312 2384 413 2432 quod
449 2387 489 2420 ut
532 2383 690 2421 Ionicum
721 2397 765 2422 ex

113 2436 183 2474 hoc
199 2443 295 2476 certe
316 2439 394 2476 loco
421 2452 495 2476 non
512 2441 670 2490 probare
699 2441 765 2478 de-

115 2493 223 2531 bebat
258 2495 501 2533 Buttmannus
528 2497 566 2534 in
601 2498 763 2534 Graium.

115 2549 238 2587 maior.
256 2550 273 2587 I
287 2564 373 2602 pag.
393 2551 488 2594 448.

219 2628 229 2643 t
335 2631 355 2647 ἰι
391 2632 413 2647 et
555 2636 568 2651 ρ
680 2633 688 2646 1

131 2681 148 2688 ..
174 2634 296 2686 παρεξ
325 2652 351 2686 η
389 2648 487 2676 οσον
526 2653 566 2677 οι
602 2640 768 2677 Σκυνθαι

118 2689 267 2739 ἦρχον]
297 2690 357 2729 Ad
381 2692 447 2730 has
467 2694 682 2743 Scytharum
704 2708 766 2732 ex-

118 2745 320 2794 peditiones
340 2747 522 2800 Asiaeque
547 2752 766 2788 dominatio-

121 2812 204 2838 nem
240 2815 305 2853 per
339 2805 609 2856 duodetriginta
647 2821 767 2844 annos

122 2856 268 2905 similia,
295 2872 390 2908 quae
410 2861 447 2899 in
469 2863 616 2901 Persico
640 2865 767 2901 carmi-

122 2924 171 2949 ne
194 2912 441 2955 Schahnameh
469 2924 680 2968 narrantur,
708 2934 768 2959 ie-

170 2966 377 3010 Hssnono‘r.
408 2973 436 3011 Ι.

826 1225 898 1262 sert
917 1223 1103 1262 Hammer.
1129 1224 1167 1261 in
1197 1223 1348 1262 Wiener
1372 1225 1479 1262 Jahr-

827 1280 930 1318 biich.
948 1279 1002 1317 IX
1021 1294 1059 1330 p.
1081 1283 1144 1322 13.
1182 1280 1259 1317 Illic
1278 1282 1371 1318 enim
1389 1282 1480 1319 Kei-

825 1337 952 1374 kawus
969 1350 1032 1374 rex
1045 1336 1172 1386 (quem
1184 1338 1386 1386 Cyaxarem
1396 1352 1479 1376 esse

825 1393 918 1440 vult)
948 1407 1015 1443 per
1045 1394 1199 1431 totidem
1219 1406 1335 1431 annos
1364 1394 1480 1431 inclu-

822 1463 885 1486 sus
908 1454 1053 1487 tenetur
1071 1462 1093 1486 a
1108 1450 1284 1488 Turaniis
1310 1451 1348 1488 in
1369 1464 1477 1489 saxo-

821 1519 901 1544 rum
918 1519 1012 1544 arce.

880 1561 948 1602 καὶ
969 1560 1198 1612 ἀπέστησαν
1229 1557 1308 1603 α’πό
1328 1563 1478 1615 Δαρεί-

826 1623 898 1666 ου]
930 1619 1179 1657 Memorabilis
1199 1619 1321 1668 locus7
1342 1621 1481 1670 quippe

825 1689 869 1714 ex
888 1689 960 1725 quo
975 1676 1149 1713 nonnulla
1177 1689 1221 1713 ex
1239 1681 1345 1727 parte
1364 1677 1484 1726 colligi

826 1733 983 1784 poterit,
1019 1745 1092 1781 quo
1120 1746 1238 1782 usque
1266 1734 1481 1771 Herodotus

828 1790 975 1837 vixerit,
1009 1793 1099 1838 quot
1148 1802 1265 1826 annos
1314 1790 1482 1827 habuerit

829 1845 918 1883 haec
934 1846 1016 1896 ipsa
1033 1846 1276 1883 conscribens.
1311 1846 1481 1884 Defectio

829 1902 926 1941 enim
957 1901 1173 1949 Medorum,
1218 1903 1266 1939 de
1314 1903 1387 1952 qu&
1426 1903 1484 1940 hic

830 1959 953 1996 scribit
970 1963 1117 2005 auctor,
1130 1959 1259 1996 accidit
1274 1958 1389 1996 Dario
1402 1959 1484 1997 No-

827 2016 915 2055 tho
929 2020 1131 2064 regnante,
1178 2027 1201 2052 a
1235 2028 1308 2064 quo
1352 2017 1483 2054 iterum

831 2072 971 2109 subacti
988 2076 1073 2108 sunt
1087 2084 1184 2108 anno
1203 2072 1287 2109 belli
1300 2071 1484 2124 Pelopon—

828 2128 964 2166 nesiaci
1009 2129 1068 2177 vio
1057 2129 1185 2166 esimo
1235 2133 1365 2178 quarto
1402 2130 1425 2166 i.
1451 2143 1483 2167 e.

830 2160 1268 2235 Olym1)iad.0XCllI‚1
1297 2185 1373 2223 sive
1400 2185 1484 2227 408

830 2255 864 2279 a.
884 2242 952 2279 Ch.
974 2254 1011 2279 n.
1068 2241 1125 2278 lta
1147 2245 1245 2280 certe
1274 2243 1484 2293 Xenophon

828 2298 973 2336 Hellen.
1003 2298 1041 2346 I,
1072 2302 1098 2339 2
1127 2299 1189 2335 fin.
1247 2298 1361 2336 Unde
1387 2300 1486 2336 colli-

831 2359 945 2405 gunt,
979 2355 1210 2394 Herodotum
1230 2356 1279 2392 ad
1301 2357 1486 2405 octogesi-

831 2425 929 2449 mum
946 2413 1061 2449 ferme
1079 2425 1215 2448 annum
1239 2412 1350 2449 vitam
1381 2426 1487 2450 suam

832 2469 981 2505 duxisse
993 2498 1003 2515 ‚
1022 2482 1102 2505 cum
1122 2470 1190 2505 hoc
1209 2469 1329 2519 ipsum
1341 2474 1486 2519 postre-

834 2537 932 2562 mum
956 2526 1004 2561 sit
1033 2526 1188 2572 factum,
1218 2525 1319 2562 cuius
1344 2527 1382 2563 in
1407 2527 1486 2564 He—

833 2582 956 2618 rodoti
985 2581 1103 2618 Musis
1131 2582 1194 2619 fiat
1225 2582 1383 2630 mentio,
1412 2584 1488 2620 for-

833 2638 930 2675 sitan
950 2638 1064 2676 multo
1090 2642 1177 2688 post
1206 2652 1299 2689 opus
1323 2639 1396 2677 iam
1421 2640 1487 2677 ab-

833 2695 990 2732 solutum
1009 2695 1186 2732 insertum
1200 2708 1222 2732 a
1236 2696 1412 2746 scriptore
1429 2710 1490 2734 se-

835 2764 893 2790 ne.
952 2751 1037 2788 Vid.
1082 2751 1303 2789 Dahlmann.
1344 2754 1487 2791 Herod.

833 2820 872 2858 p.
891 2806 957 2849 47.
987 2808 1116 2856 Heyse
1137 2808 1305 2851 Quaestt.
1321 2810 1489 2846 Herodd.

834 2864 851 2900 I
875 2877 912 2914 p.
931 2866 997 2905 42.
1022 2868 1088 2905 70.
1129 2864 1271 2907 Quibus
1303 2865 1365 2902 Cr.
1386 2867 1489 2901 addit

833 2920 1004 2958 Mazochi
1037 2921 1259 2958 Commentt.
1295 2922 1333 2958 in
1367 2921 1489 2959 Tabb.

1472 603 1518 630 rin
1503 606 1542 629 n.t
1561 602 1660 629 Parcit
1679 604 1713 628 A-

1470 636 1572 671 ειμιὲἰ
1591 636 1698 671 Cyrus.
