1759 3324
29 652 99 670 num
146 644 271 678 fuerint,

29 685 118 712 quum
161 677 306 712 Pelopon-

29 719 132 738 nesum
159 710 275 738 hahita-

29 749 115 776 r‹·nt;
147 748 220 778 quot
236 745 308 771 item

29 778 89 805 sint
113 781 308 811 Achaeorum,

29 811 79 845 qui
98 820 163 839 eain
186 816 308 845 terram,

30 846 142 872 exactis
178 845 309 879 Ionibus,

28 881 199 907 tenuerunt.

361 279 447 319 336

760 275 1230 316 HERODOTI

363 390 468 440 Κῶς
494 402 540 432 τε
578 387 654 432 καὶ
691 388 878 439 Κνίδος,
930 385 1178 444 ἐξεκλήϊσαν
1214 390 1290 444 τῆς
1329 389 1511 443 μετοχῆς
1547 384 1627 442 τὴν
1641 391 1687 426 30

332 475 353 510 5
369 467 390 482 Pl
568 465 578 479 Ι
679 466 690 481 t
980 466 990 479 1
1134 466 1144 480 Ι
1330 466 1338 479 r
1541 459 1560 479 ἶ

366 484 494 524 εκτην
521 471 654 511 πολιν
686 472 1032 521 Αλικαρνησσον.
1061 478 1258 510 τουτοισι
1288 482 1368 522 μεν
1394 481 1479 509 νυν
1503 481 1630 509 ουτοι

200 544 298 590 145
354 546 519 603 ταύτην
547 545 628 603 τὴν
658 547 810 602 ζημίην
841 545 1073 601 ἐπέθηκαν.
1132 544 1346 590 Δυώδεκα
1377 545 1423 589 δέ
1453 561 1528 600 μοι
1557 546 1631 589 δο-

29 610 109 643 Quot
134 613 241 646 partes
259 609 304 637 Io-

362 624 515 670 κέουσι
543 624 698 675 πόλιας
726 622 998 680 ποιήσασθαι
1029 626 1073 668 οἱ
1098 624 1267 677 Ἴωνες,
1314 625 1387 669 καὶ
1427 623 1510 668 οὐκ
1540 624 1632 668 ἐθε-

304 956 429 1007 stirpis
448 956 633 1006 recepisse
658 955 820 1004 videtur,
849 955 963 995 adeo-

306 1026 379 1063 que
413 1011 547 1049 Cnidus
584 1017 621 1050 et
652 1011 934 1051 Halicarnassus
949 1026 962 1058 ‚·

307 1082 418 1119 quam
440 1073 631 1119 utramque
656 1070 782 1107 urbem
806 1070 879 1107 iam
897 1082 964 1107 an-

307 1130 368 1164 tea
386 1125 589 1174 exstitisse,
617 1126 679 1162 xix
708 1126 858 1164 dubium
883 1127 963 1164 erit.

308 1182 369 1221 De
392 1182 502 1220 Cnido
522 1183 616 1220 conf.
635 1183 731 1220 infra
750 1183 799 1220 ad
818 1183 856 1230 Ι,
871 1182 963 1224 174.

365 1234 599 1288 ἐξεκλήϊσαν
618 1241 692 1290 τῆς
710 1241 876 1290 μετοχῆς
891 1236 966 1290 τήν

309 1294 428 1346 ἕκτην
446 1291 574 1346 πόλιν]
603 1292 747 1347 μετοχή
767 1296 966 1333 secundum

309 1353 364 1390 St.
384 1353 496 1390 Croix
515 1351 538 1389 l.
559 1352 582 1389 l.
610 1365 696 1403 pag.
726 1352 807 1393 155
834 1353 882 1390 de
907 1365 968 1389 sa-

311 1422 453 1446 crorum
473 1409 725 1446 communione
754 1413 896 1445 tantum
925 1421 967 1446 ac

310 1466 358 1503 de
376 1467 472 1503 festo
492 1465 730 1503 communiter
751 1465 967 1516 peragendo

309 1522 571 1572 accipiendum.
627 1521 682 1558 Ac
707 1522 870 1571 sequitur
899 1522 968 1558 hoc

310 1578 388 1615 iure
409 1590 453 1617 ex
469 1578 513 1615 iis
526 1607 537 1625 ‚
568 1590 663 1628 quae
685 1577 744 1615 ille
767 1578 805 1615 in
822 1577 968 1615 univer-

311 1647 393 1672 sum
412 1635 461 1672 de
487 1635 558 1672 hoc
573 1636 668 1672 festo
698 1639 809 1683 atque
827 1633 967 1671 Dorum

309 1703 487 1728 consessu
525 1691 670 1737 statuit,
712 1703 825 1741 supra
860 1691 967 1727 nobis

310 1748 478 1784 indicata.
503 1769 551 1774 —
566 1747 610 1784 In
630 1760 734 1796 seqq.
756 1758 835 1784 cum
846 1747 966 1784 Gaisf.

311 1817 334 1842 e
351 1804 445 1841 binis
463 1803 563 1841 libris
593 1804 758 1840 ordinem
776 1803 970 1840 verborum

310 1860 473 1897 nonnihil
512 1860 730 1897 mutavimus
767 1859 967 1897 scribentes

312 1910 424 1956 οὗτοι
452 1911 604 1967 ταύτην
632 1912 707 1966 τὴν
730 1916 874 1966 ζημίην
899 1928 970 1966 pro

311 1969 462 2023 ταύτην
490 1969 566 2023 τήν
601 1972 745 2022 ζημίην
782 1965 893 2011 οὗτοι.
934 1976 972 2009 et

311 2041 396 2066 mox
419 2026 598 2068 δυώδεκα
623 2026 667 2066 δέ
696 2042 764 2078 μοι
786 2025 971 2066 δοκέουσι

312 2097 380 2136 pro
401 2083 586 2124 δοκέουσι
613 2082 656 2123 δέ
684 2098 753 2135 μοι
776 2078 970 2123 δυώδεκα.

498 2167 530 2205 C
540 2180 561 2205 a
572 2181 609 2219 p.
641 2166 792 2205 CXLV.

369 2252 488 2293 τοῦδε
519 2250 672 2300 εἵνεκα,
714 2247 775 2290 ὅτι
804 2250 874 2291 καὶ
904 2248 968 2293 ὅτε

312 2308 357 2350 ἐν
381 2304 681 2362 Πελοποννήσῳ
708 2322 744 2346 κ.
766 2323 796 2347 τ.
817 2307 868 2359 λ.]
908 2309 969 2346 Ad

313 2366 499 2405 meliorem
513 2365 581 2402 loci
594 2364 867 2412 intelligentiam
879 2365 968 2404 haec

313 2422 502 2460 addimus:
531 2420 678 2468 Ionem,
708 2421 822 2457 Xuthi
843 2421 968 2469 filium,

313 2478 608 2527 Athenarumque
629 2490 754 2526 regem
782 2477 899 2524 (unde
914 2477 967 2514 Α-

312 2534 521 2572 thenienses
569 2534 678 2571 etiam
722 2533 830 2571 Iones
881 2534 969 2572 dicti

313 2591 444 2639 sunt),
481 2589 658 2626 coloniam
687 2588 902 2638 Aegialeam
930 2591 969 2627 in

313 2647 569 2698 Peloponneso
607 2646 821 2694 deduxisse,
870 2647 969 2695 regi-

313 2704 382 2741 bus
414 2702 593 2750 Sicyoniis
631 2706 715 2739 tunc
761 2703 965 2750 subditam3

314 2760 401 2797 dein
421 2758 548 2795 Helice
568 2757 681 2795 Selini
701 2759 799 2807 regis
828 2759 901 2797 filia
926 2760 965 2797 in

314 2815 580 2853 matrimonium
608 2814 737 2860 ducta,
779 2816 851 2852 una
884 2828 964 2853 cum

315 2871 376 2908 illa
393 2870 553 2919 Sicyonii
581 2869 685 2906 huius
711 2870 809 2918 regis
831 2875 961 2909 terram

315 2927 501 2980 accepisse
534 2927 586 2966 ita
616 2929 656 2964 ut
688 2925 826 2966 incolae
853 2927 960 2967 etiam

364 708 493 760 λῆσαι
521 706 711 753 πλεῦνας
740 701 1019 754 ἐσδέξασθαι,
1071 706 1203 747 τοῦδε
1240 705 1404 756 εἵνεκα,
1451 702 1519 747 ὅτι
1558 705 1633 747 καὶ

365 782 435 826 ὅτε
465 782 512 825 ἐν
534 778 859 838 Πελοποννήσῳ
891 782 1059 836 οἴκεον,
1091 780 1291 827 δυώδεκα
1320 778 1379 839 ἦν
1398 779 1543 827 αὐτῶν
1562 781 1632 839 με’-
1643 789 1688 824 35

1030 954 1157 994 Ionum
1182 967 1317 994 nomen
1350 967 1447 993 nunc
1473 955 1689 1007 reciperent.

1029 1012 1168 1051 Postea
1196 1017 1319 1050 tamen
1348 1012 1417 1049 hos
1456 1011 1565 1050 Iones
1592 1012 1691 1050 terra

1030 1070 1159 1121 pulsos
1191 1070 1238 1107 ab
1269 1068 1425 1106 Achaeis
1463 1069 1502 1105 in
1534 1067 1692 1106 Atticam

1031 1130 1166 1164 terram
1187 1139 1228 1164 se
1246 1125 1599 1175 recepisseindeque
1611 1137 1691 1162 rur-

1032 1197 1095 1220 sus
1124 1195 1206 1220 cum
1235 1182 1350 1219 Codri
1389 1181 1473 1218 filiis
1498 1182 1537 1218 in
1563 1179 1691 1219 Asiam

1033 1239 1284 1288 immigrasse,
1314 1238 1377 1275 ubi
1395 1238 1589 1275 duodecim
1610 1237 1691 1274 illas

1034 1296 1198 1334 civitates
1225 1295 1436 1332 conderent.
1496 1294 1555 1331 Cf.
1583 1307 1692 1344 prae-

1035 1358 1092 1391 ter
1120 1352 1308 1402 copiosam
1327 1350 1503 1388 Larcheri
1528 1350 1576 1387 ad
1601 1350 1636 1388 h.
1666 1350 1690 1387 l.

1037 1409 1324 1459 disputationem
1339 1407 1452 1445 Beck.
1466 1407 1518 1444 in:
1535 1405 1691 1457 Allgem.

1034 1464 1333 1514 weltgeschicht.
1364 1463 1381 1500 Ι
1400 1476 1488 1514 pag.
1510 1465 1605 1504 829.
1633 1484 1692 1494 -ν

1035 1521 1289 1571 „Catalogum
1322 1520 1515 1558 duodecim
1547 1520 1692 1558 urbium

1034 1580 1199 1616 fecerunt
1219 1578 1327 1615 etiam
1349 1576 1516 1627 (praeter
1531 1575 1691 1614 Pausan.

1034 1635 1115 1681 Vll,
1131 1635 1176 1683 6)
1205 1634 1419 1671 Herodotus
1445 1632 1483 1680 I,
1503 1632 1597 1681 145,
1616 1632 1693 1670 Po-

1035 1691 1153 1740 lybius
1171 1690 1224 1737 II,
1240 1690 1293 1731 41
1314 1690 1411 1738 (eius
1429 1692 1550 1726 aetate
1564 1702 1691 1728 omnes

1035 1752 1181 1799 practer
1201 1747 1362 1784 Olenum
1390 1749 1427 1783 et
1445 1744 1599 1784 Helicen
1624 1746 1694 1784 ad·-

1036 1804 1106 1842 huc
1125 1805 1374 1853 supererant),
1396 1806 1433 1841 et
1452 1801 1588 1839 Strabo
1605 1802 1694 1840 VIII

1037 1874 1074 1912 p.
1093 1860 1176 1901 385
1200 1860 1303 1907 (299
1319 1857 1459 1908 seqq).
1518 1858 1624 1901 Quae
1643 1859 1692 1897 de

1037 1916 1190 1965 singulis
1221 1916 1278 1952 his
1317 1915 1467 1951 urbibus
1509 1915 1693 1952 narranda

1038 1976 1141 2010 erant
1153 2000 1164 2019 ‚
1183 1984 1227 2009 ea
1246 1971 1450 2008 Pausanias
1466 1970 1554 2008 inde
1577 1971 1692 2018 aVll,

1039 2031 1092 2069 17
1114 2025 1152 2078 ἓ.
1174 2029 1200 2068 3
1220 2027 1491 2078 persequitur.“
1529 2026 1690 2065 Siebelz‘s.

1037 2085 1086 2121 ad
1107 2084 1264 2121 Pausan.
1281 2084 1303 2120 l.
1321 2083 1367 2132 1.‚
1390 2083 1453 2133 qui
1470 2083 1587 2132 idem,
1617 2096 1692 2134 quo

1038 2139 1165 2178 melius
1203 2140 1446 2189 intelligatur,
1504 2141 1691 2190 quomodo

1037 2201 1114 2234 tum
1132 2197 1170 2233 in
1186 2197 1392 2234 nominibus
1409 2200 1488 2234 tum
1504 2196 1542 2233 in
1562 2197 1691 2235 ordine

1037 2253 1166 2290 harum
1197 2253 1268 2290 XII
1303 2253 1446 2290 urbium
1494 2254 1691 2304 scriptores

1036 2310 1084 2347 de
1094 2309 1137 2346 iis
1156 2313 1346 2347 narrantes
1357 2310 1577 2361 discrepent,
1592 2304 1692 2348 com-

1035 2366 1264 2417 parationem
1294 2366 1470 2411 instituit3
1499 2367 1597 2404 unde
1623 2379 1691 2418 ap-

1035 2426 1161 2473 paret,
1192 2423 1287 2460 inter
1295 2422 1526 2460 Herodotum
1541 2426 1579 2461 et
1587 2422 1692 2461 Stra-

1036 2479 1170 2517 bonem
1207 2491 1386 2516 summam
1422 2491 1506 2517 esse
1533 2491 1689 2518 consen-

1036 2535 1198 2582 sionem,
1237 2536 1307 2573 sed
1350 2534 1540 2574 discedere
1564 2535 1613 2573 ab
1645 2536 1690 2573 iis

1035 2590 1226 2640 Polybium
1246 2596 1283 2629 et
1302 2604 1427 2629 mrsus
1446 2604 1564 2642 aeque
1582 2592 1629 2629 ab
1647 2592 1691 2629 il-

1035 2646 1079 2684 lis
1115 2652 1226 2696 atque
1257 2649 1303 2685 ab
1340 2647 1410 2685 hoc
1454 2647 1688 2686 Pausaniam.

1033 2703 1220 2740 Leontium
1242 2703 1338 2741 enim
1355 2703 1454 2740 solus
1476 2704 1589 2741 habet
1615 2704 1690 2742 Po—

1032 2759 1152 2808 lybius
1164 2789 1174 2806 ‚
1195 2759 1384 2810 Ceryneam
1401 2760 1690 2800 omisemntHe-

1031 2817 1183 2853 rodotus
1212 2820 1250 2853 et
1278 2815 1434 2864 Strabo,
1474 2815 1623 2866 Rhypes
1650 2821 1688 2855 et

1030 2872 1149 2921 Aegas
1171 2871 1343 2922 Polybius
1369 2876 1407 2912 et
1433 2871 1568 2913 Patras
1588 2872 1689 2912 Pau-

1028 2928 1163 2968 sanias.
