1759 3324
634 257 935 297 cL10.1.

1333 256 1418 297 299

155 374 465 422 Πανθιαλαῖοι,
479 371 784 424 Δηρουσιαῐοι,
799 364 1056 422 Γερμάνιοι·
1079 358 1202 410 οὗτοι
1222 365 1301 420 μὲν
1313 364 1417 409 πάν·
1429 368 1474 406 40

155 469 222 504 τες
241 451 450 506 ἀροτῆρες
466 448 560 491 εἰσί.
597 448 640 490 οἷ
659 447 705 490 δὲ
724 445 873 498 ἄλλοι,
901 444 1110 502 νομάδες·
1140 443 1269 497 Δάοι,
1292 443 1418 499 Μάρ-

156 657 429 698 Πανθιαλαῖοι
440 685 451 703 ,
471 657 749 708 Δηρουσιαῖοι]

98 719 156 756 De
172 716 228 752 his
245 714 413 764 gentibus
442 711 531 748 nihil
552 713 751 750 memoriae

97 772 280 826 proditum
302 769 457 820 reperio.

158 822 388 879 Γερμάνιοι]
402 825 522 874 Vulgo
541 825 651 863 iidem
662 839 747 863 cen-

96 890 222 923 sentur
237 888 347 933 atque
368 882 550 920 Carmanii
562 912 572 930 ,
603 883 750 932 quiter-

95 955 173 980 ram
195 940 348 978 Kerman
367 939 528 976 incolunt
544 943 655 988 atque
684 939 750 976 ad-

96 1000 165 1037 huc
198 997 296 1047 agris
333 995 495 1034 colendis
521 996 664 1046 operari
692 996 749 1033 di-

98 1059 236 1093 cuntur.
296 1053 405 1090 Conf.
444 1052 615 1090 Larcher.
654 1052 689 1090 T
691 1052 750 1089 ab.

99 1113 238 1161 Geogr.
256 1124 286 1148 s,
307 1122 340 1147 v.
362 1123 399 1159 p.
418 1112 500 1151 223
524 1122 602 1158 seq.
631 1109 749 1146 Ham-

98 1181 240 1215 merus‚
271 1171 311 1204 nt
329 1167 440 1204 modo
461 1166 685 1213 notavimus,
703 1165 752 1203 ad

100 1225 230 1263 tribum
261 1223 418 1270 Κατηια,
447 1236 542 1273 quae
567 1235 663 1260 nunc
688 1235 753 1259 vo-

101 1286 223 1329 catur,
252 1293 316 1318 eos
342 1281 464 1317 refert.
520 1278 601 1316 Alio
628 1282 751 1316 tamen

102 1338 183 1375 loco
223 1337 375 1385 (W'ien.
393 1336 518 1373 Jahrb.
544 1335 579 1372 ll
611 1348 648 1385 p.
669 1337 750 1376 319

101 1407 179 1443 seq.
196 1393 275 1431 coll.
296 1392 349 1429 IX
371 1406 408 1443 p.
425 1393 499 1442 39)
529 1405 574 1430 ex
593 1392 752 1429 orienta-

100 1450 193 1488 libus
237 1449 468 1500 potissimum
514 1448 750 1498 scriptoribus

99 1507 293 1558 probatum
322 1506 374 1554 it,
403 1517 537 1543 nomen
557 1505 748 1542 Germano-

101 1575 179 1601 rum
204 1577 234 1601 S.
261 1562 508 1600 Sermanorum
528 1563 576 1599 ad
590 1575 653 1600 eos
666 1574 753 1612 pro-

102 1620 182 1672 prie
219 1619 420 1670 pertinere,
474 1619 537 1669 qui
573 1618 754 1656 Buddhae

104 1676 237 1714 cultum
265 1679 479 1724 sequantur,
509 1678 550 1712 ut
574 1674 755 1723 intelliga-

106 1745 186 1770 mus
205 1744 286 1769 eam
303 1735 451 1780 gentem
477 1731 637 1768 omnium
661 1731 755 1769 anti-

105 1788 312 1838 quissimam
333 1800 375 1825 ac
405 1788 636 1838 primitivam,
661 1800 755 1836 quae

105 1857 149 1883 ex
179 1845 361 1882 montibus
396 1844 507 1882 Asiae
545 1844 757 1895 superioris,

104 1901 166 1938 ubi
186 1901 347 1939 omnium
371 1912 490 1937 rerum
519 1901 757 1938 humanarum

104 1958 268 1995 seruntur
304 1956 540 2005 incunabula,
585 1957 624 1994 in
658 1970 756 1995 cam-

105 2026 175 2064 pos
203 2014 289 2051 dein
308 2013 460 2062 locaque
486 2014 658 2052 inferiora
690 2015 755 2052 de-

106 2070 303 2118 scenderit,
344 2069 406 2108 ubi
442 2069 566 2108 Persis
604 2070 758 2120 aliisque

106 2126 276 2175 gentibus
295 2126 472 2175 originem
491 2127 644 2166 dederit.
675 2127 757 2164 Un-

105 2183 153 2220 de
169 2195 314 2233 quoque
323 2182 593 2221 Dschermam‘ae
610 2196 757 2232 nomen,

106 2251 180 2288 quo
203 2240 319 2276 omnis
345 2244 465 2278 terrae
489 2244 628 2278 tractus
662 2240 757 2277 ultra

106 2296 228 2333 Oxum
240 2295 322 2333 olim
333 2302 562 2348 nuncupatus
580 2297 637 2334 sit.
658 2297 758 2335 Hinc

106 2355 238 2389 terram
254 2352 411 2400 Erman,
437 2366 532 2403 quae
551 2366 649 2391 nunc
667 2353 758 2391 dici-

106 2410 166 2444 tur
177 2407 417 2448 Transoxana
434 2423 464 2447 s,
485 2410 757 2457 Chowaresem,

108 2475 176 2514 pro
212 2465 461 2515 antiquissima
491 2466 758 2505 Germanorum

109 2520 228 2569 patria
254 2520 379 2561 haberi
404 2522 501 2572 vult,
529 2524 757 2562 Germanos-

112 2586 184 2622 que
201 2575 301 2626 ipsos
329 2580 397 2618 sub
415 2580 561 2618 nomine
577 2581 758 2632 primitivo

112 2628 420 2694 Dsfhermanorum
443 2637 543 2687 apud
564 2637 760 2676 orientales

113 2691 305 2737 scnptoroe
333 2694 604 2731 commemorari
636 2696 762 2731 monet

114 2753 228 2791 usque
266 2745 314 2783 ad
353 2749 531 2788 saeculum
584 2750 762 2789 decimum

115 2803 288 2845 quartum.
333 2803 417 2842 Vid.
437 2805 474 2843 in
488 2806 615 2843 Krusii
629 2804 762 2844 Archiv

117 2855 184 2889 εἴθ’
201 2854 238 2904 1,
256 2859 283 2898 2
312 2871 397 2909 Pag-
422 2861 502 2903 124
523 2876 627 2913 seqq.
683 2862 763 2901 Sed

115 2906 220 2958 Plura
247 2912 294 2950 de
324 2915 590 2958 Germanorum
612 2918 764 2969 origini-

819 654 887 691 bus
908 653 1071 692 discendi
1090 652 1242 703 cupidos
1265 651 1296 689 C
1302 664 1329 689 r.
1347 663 1474 689 aman-

820 712 884 748 dat
905 712 953 749 ad
964 710 1146 758 Norberg.
1166 709 1225 747 De
1244 709 1362 757 origg.
1376 708 1473 745 Ger-

818 780 940 805 mann.
960 768 1060 817 apud
1081 766 1251 804 Tacitum
1270 765 1307 802 in
1316 766 1474 816 Opuscc.

818 823 958 862 Acadd.
980 823 1031 861 111
1060 836 1116 861 nr.
1137 822 1317 859 XXXVII
1335 835 1372 873 p.
1392 822 1473 862 591

820 881 898 929 (ed.
913 880 1034 918 Lond.
1053 880 1159 918 Suec.
1185 880 1326 928 1819).
1356 878 1474 914 Ham-

817 951 905 976 mer.
944 936 1149 975 Geschicht.
1180 937 1217 973 d.
1245 935 1475 973 Redekiinst.

817 994 920 1032 Pers.
949 1007 984 1045 p.
1008 996 1045 1035 8.
1077 994 1168 1035 137.
1217 991 1401 1040 Adelung.
1438 991 1476 1027 in

818 1051 982 1089 Mithrid.
1002 1055 1038 1089 et
1054 1050 1176 1088 Vater.
1193 1048 1279 1086 ibid.
1296 1048 1312 1085 I
1331 1061 1367 1098 p.
1380 1049 1474 1089 278.

818 1107 853 1145 Π
871 1121 908 1158 p.
930 1110 1010 1149 167
1033 1119 1110 1156 seq.
1151 1105 1211 1144 De
1228 1105 1310 1156 ipsa
1326 1105 1474 1142 Germa-

818 1167 900 1202 niae
927 1177 969 1202 ae
986 1164 1236 1202 Germanorum
1263 1174 1353 1200 voce
1374 1173 1474 1198 com-

819 1226 1015 1272 parentur,
1046 1233 1140 1269 quae
1169 1218 1280 1257 Hess.
1310 1217 1478 1256 excitavit

820 1279 870 1316 ad
890 1278 1008 1315 Tacit.
1023 1276 1196 1313 German.
1220 1278 1247 1315 2
1267 1273 1340 1325 §.6
1361 1287 1399 1324 p.
1412 1271 1476 1314 14.

877 1329 1006 1384 Δάοι]
1037 1332 1115 1370 Dat·
1131 1331 1294 1370 tenuisse
1309 1331 1478 1367 dicuntur

819 1390 897 1428 loca
916 1402 1071 1428 arenosa
1091 1402 1133 1427 ac
1163 1389 1310 1425 deserta
1338 1386 1375 1423 in
1403 1385 1477 1422 ori-

820 1447 930 1485 entali
948 1446 1074 1497 Caspii
1096 1444 1205 1482 maris
1222 1444 1339 1481 litore.
1381 1442 1478 1479 Cum

819 1504 997 1542 nomades
1031 1503 1190 1550 fuerint,
1217 1500 1318 1537 haud
1348 1499 1477 1536 mirum

820 1561 858 1598 in
875 1561 1024 1599 sedibus
1050 1559 1156 1596 huius
1181 1557 1301 1607 gentis
1330 1568 1478 1594 accura-

821 1619 892 1656 tius
903 1616 1167 1655 constituendis
1180 1619 1216 1652 et
1231 1614 1269 1651 in
1289 1613 1370 1664 ipso
1381 1612 1478 1651 eius-

823 1675 907 1712 dem
935 1673 1084 1711 nomine
1113 1671 1266 1709 multum
1307 1669 1477 1719 antiquos

822 1731 973 1768 variare.
1004 1730 1113 1767 Conf.
1133 1729 1266 1765 Creuz.
1287 1726 1410 1763 laudd.
1429 1725 1478 1762 ad

824 1786 1036 1837 Olympiod.
1070 1785 1290 1823 Commentt.
1320 1783 1358 1819 in
1385 1781 1479 1820 Plat.

823 1843 938 1881 Alcib.
964 1857 1000 1894 p.
1036 1843 1114 1883 148
1152 1845 1188 1878 et
1216 1840 1348 1877 Ritter.
1380 1838 1479 1875 Erd-

823 1900 949 1938 kunde
983 1898 1017 1936 11
1048 1912 1086 1950 p.
1103 1898 1197 1940 520.
1240 1895 1301 1933 Ad
1332 1899 1480 1942 terram,

824 1969 919 2006 quae
939 1969 1034 1993 nime
1043 1955 1172 1992 dicitur
1182 1952 1377 1999 Daln'stan,
1384 1963 1481 2001 quae

824 2014 953 2052 eadem
969 2011 1166 2049 Alexandri
1177 2009 1302 2057 magni
1314 2013 1481 2058 tempore

825 2083 848 2108 a
875 2069 1095 2108 Derbicibus
1133 2079 1304 2115 magnam
1338 2069 1481 2115 partem

825 2130 904 2165 erat
924 2129 1100 2177 occupata
1112 2153 1123 2172 ,
1152 2122 1252 2160 Davs
1267 2123 1380 2160 refert
1397 2120 1481 2157 'Van

825 2184 892 2222 der
911 2182 1012 2231 Chys
1040 2182 1078 2218 in
1101 2181 1307 2218 Comment.
1337 2178 1479 2226 Geogr.

825 2241 875 2278 ad
903 2238 1046 2276 Arrian.
1081 2237 1252 2289 (Exped.
1281 2234 1386 2273 Alex.
1416 2233 1482 2282 111,

827 2296 900 2345 11)
919 2308 1006 2346 pag.
1026 2297 1092 2337 62.

883 2347 1112 2404 Μάρδοι]
1143 2350 1188 2388 In
1215 2348 1400 2387 montibus
1425 2347 1483 2384 in-

824 2415 881 2449 ter
898 2408 1062 2447 Mediam
1096 2411 1134 2446 et
1157 2406 1348 2444 Persidem
1371 2404 1483 2442 collo-

827 2467 916 2506 catis
938 2465 1123 2503 habitasse
1142 2464 1311 2501 videntur
1332 2461 1396 2510 (cf.
1410 2460 1481 2498 Ar-

826 2524 915 2561 rian.
937 2522 1017 2560 lnd.
1037 2521 1103 2563 40.
1123 2519 1281 2567 Curt.V‚
1297 2521 1322 2560 6
1341 2516 1378 2570 ἓ.
1397 2518 1483 2565 17),

828 2581 875 2618 ab
896 2580 942 2617 iis
960 2577 1106 2616 Mardis
1119 2578 1206 2615 inde
1221 2573 1484 2624 distinguendi,

831 2637 894 2687 qui
923 2636 972 2673 ad
1003 2634 1197 2673 australem
1219 2632 1347 2686 Caspii
1373 2630 1484 2668 maris

827 2694 945 2744 ripam
963 2692 1073 2731 sedes
1088 2690 1301 2729 habuerunt.
1340 2687 1401 2726 De
1426 2686 1485 2723 his

828 2753 917 2801 post
934 2748 1156 2798 Danquetil,
1184 2748 1225 2785 S.
1237 2746 1349 2783 Croix
1363 2772 1376 2791 ‚
1391 2742 1484 2781 alios

830 2805 973 2844 monuit
1002 2805 1086 2842 Van
1121 2806 1188 2843 der
1210 2802 1312 2852 Chys
1335 2801 1359 2838 l.
1383 2800 1406 2837 l.
1435 2798 1485 2835 ad

829 2862 904 2911 111,
933 2863 997 2902 11.
1033 2860 1100 2910 IV,
1131 2862 1183 2902 18
1223 2859 1305 2896 coll.
1325 2856 1398 2904 ΠΙ,
1416 2853 1484 2896 24.

830 2918 895 2968 IV,
913 2919 963 2968 6,
980 2918 1057 2957 sive
1074 2929 1162 2970 pag.
1178 2918 1245 2960 62.
1267 2916 1334 2958 76.
1342 2912 1483 2957 87.9Ο.
