1777 3324
502 258 588 296 AD
645 253 1026 295 HERODOT.
1075 255 1111 303 1,
1149 255 1213 297 94.
1533 261 1616 300 897

100 373 279 422 originem
306 370 366 409 vel
405 383 468 419 ea,
512 382 607 419 quae
634 367 753 406 adhuc
779 368 1036 416 innotescunt,
1076 368 1164 406 satis
1195 368 1353 419 prodere
1379 370 1549 409 videntur
1565 372 1614 420 Ι*).

101 441 162 477 Tu
184 440 278 477 conf.
296 439 463 476 Dorow.:
495 437 631 474 notizie
651 437 799 474 intorno
830 435 947 473 alcuni
970 436 1049 473 vasi
1067 435 1216 473 Etrusci
1242 436 1401 484 (Pesaro
1421 440 1547 486 1828)
1578 446 1616 478 et

100 507 262 545 eiusdem
288 506 353 542 viri
385 505 482 541 docti
503 503 662 541 libellum
681 532 693 551 ‚
733 504 794 553 qui
830 504 1050 541 inscribitur:
1088 503 1259 541 Etrurien
1288 505 1363 541 und
1391 505 1457 542 der
1487 506 1617 545 Orient

98 573 352 622 (Heidelberg.
380 571 508 619 1829)
529 584 613 621 pag.
633 573 659 612 6
681 583 786 620 seqq.
823 571 978 620 Voyage
1003 571 1286 621 archeologique
1308 572 1399 609 dans
1415 571 1618 612 l’ancienne

97 641 241 678 Etrurie
263 643 331 677 etc.
362 638 496 686 (Paris.
515 639 644 686 1829)
674 652 762 689 pag.
781 638 835 680 35
857 652 934 689 seq.
966 640 1022 680 38
1044 652 1147 689 seqq.
1168 640 1246 678 coll.
1270 639 1461 678 Universel
1480 641 1615 689 (Paris.

99 709 227 757 1829)
249 720 327 744 nr0.
349 709 403 748 20
433 719 519 757 pag.
542 709 593 747 71
612 706 680 755 **).

205 808 305 847 Nolo
332 808 402 845 huc
425 807 562 844 referre
586 811 858 846 monumentum
883 808 920 845 in
949 808 1070 847 media
1092 807 1254 858 Phrygia
1274 808 1320 845 ab
1339 807 1468 858 Anglis
1490 809 1617 848 inven-

96 881 174 915 tum
213 877 512 926 descriptumque
529 874 631 923 ***)‚
680 876 969 925 antiquissimum
1004 876 1092 913 illud
1125 876 1292 925 quidem,
1322 889 1389 914 nec
1418 890 1504 915 vero
1531 878 1618 926 tale,

98 957 142 983 ex
170 957 243 994 quo
273 944 402 994 opinor
431 943 551 991 gentis
581 943 759 981 Etruscae
781 944 884 993 origo
902 943 1045 993 Lydica
1071 945 1219 994 probari
1243 945 1380 995 possit,
1406 945 1529 995 prouti
1552 946 1618 982 viri

98 1013 247 1061 quidam
266 1012 365 1048 haud
390 1011 527 1048 indocti
547 1012 839 1062 pronuntiarunt.
896 1011 1015 1058 Nam,
1045 1012 1081 1048 in
1100 1024 1172 1060 quo
1189 1011 1237 1048 illi
1257 1012 1412 1050 maxime
1432 1013 1618 1060 insistunt,

97 1079 224 1117 literae
248 1079 330 1115 huic
357 1084 594 1117 monumento
621 1078 809 1129 sepulcrali
841 1079 1034 1130 inscriptae
1056 1080 1214 1117 Graecae
1234 1080 1355 1131 potius
1384 1094 1465 1118 esse
1490 1082 1619 1119 viden-

96 1152 174 1195 tur,
204 1160 272 1184 nec
304 1146 375 1183 ullo
401 1148 511 1184 modo
535 1160 614 1184 cum
635 1148 797 1184 Etruscis
826 1160 1022 1196 congruae.
1082 1147 1141 1185 Tu
1159 1148 1243 1185 vide
1266 1148 1315 1185 sis
1340 1148 1524 1197 copiosam
1551 1149 1619 1186 hac

96 1217 144 1253 de
172 1229 211 1253 re
241 1215 527 1265 disputationem
557 1215 698 1252 Osanni
727 1214 764 1251 in
796 1214 910 1261 libro,
942 1215 1003 1264 qui
1032 1215 1260 1252 inscribitur:
1296 1214 1418 1252 Midas
1438 1217 1527 1254 oder
1547 1216 1617 1253 Er-

95 1282 421 1332 kliirungsversuch
452 1282 517 1319 der
546 1281 741 1319 erweislich
771 1282 930 1320 altesten
959 1283 1095 1332 griech.
1125 1282 1295 1320 Inschrift
1324 1286 1393 1321 etc.
1431 1283 1559 1336 Leipz.
1581 1288 1618 1323 et

95 1351 258 1389 Darmst.
281 1351 389 1391 1830
419 1362 506 1400 pag.
530 1352 550 1389 1
574 1362 675 1398 seqq.
703 1352 756 1391 28
777 1364 880 1400 seqq.

209 1461 269 1501 Ad
299 1462 531 1500 Herodotum
566 1463 725 1512 denique
756 1466 796 1499 ut
825 1466 1007 1510 revertar,
1036 1462 1135 1500 haud
1165 1462 1337 1512 equidem
1363 1475 1443 1500 sum
1462 1464 1617 1511 nescius,

98 1544 206 1582 quam
238 1531 413 1568 lubricum
443 1532 489 1569 sit
520 1545 564 1569 ea
597 1531 643 1568 de
672 1544 711 1569 re
742 1531 828 1580 quid
861 1535 1021 1569 statuere
1057 1530 1150 1568 velle
1168 1559 1179 1577 ‚
1226 1543 1320 1579 quae
1350 1531 1422 1567 iam
1450 1530 1618 1581 Dionysii

96 1599 428 1637 Halicarnassensis
459 1604 578 1637 aetate
606 1601 643 1636 in
678 1599 783 1636 valde
813 1599 1025 1649 disceptatis
1057 1602 1169 1648 atque
1206 1598 1384 1647 ambiguis
1420 1600 1534 1637 fuisse
1562 1601 1617 1637 vi-

99 1667 179 1705 deri
207 1671 341 1717 queat;
381 1667 468 1704 illud
498 1668 575 1705 iure
604 1667 689 1704 mihi
721 1680 867 1705 sumere
894 1680 1004 1718 posse
1031 1666 1178 1714 videor,
1218 1666 1401 1715 vulgarem
1433 1671 1530 1705 certe
1559 1671 1616 1705 at-

98 1748 171 1784 que
208 1748 435 1772 communem
475 1735 700 1785 antiquitatis
739 1736 958 1773 sententiam
995 1735 1043 1772 de
1080 1734 1318 1772 Etruscorum
1355 1733 1497 1782 origine
1535 1747 1617 1772 eam

99 1802 217 1853 ipsam
246 1803 385 1850 fuisse,
433 1814 542 1852 quam
570 1803 784 1842 Herodotus
823 1804 1017 1854 ipsumque
1057 1801 1173 1840 secuti
1211 1801 1311 1839 haud
1347 1802 1452 1853 pauci
1495 1815 1616 1840 rerum

150 2040 181 2084 ’)
212 2040 350 2075 Addere
379 2041 432 2075 hic
463 2042 554 2075 iuvat
578 2042 708 2076 Maffeii
745 2042 949 2076 sententiam
980 2041 1023 2075 de
1049 2041 1207 2075 orientali
1231 2041 1454 2074 Etruscorum
1483 2042 1616 2084 origine

214 2099 247 2131 in
269 2100 413 2141 append.
441 2100 483 2131 ad
510 2100 610 2132 Istor.
632 2099 805 2142 diplomat.
826 2111 857 2143 p.
878 2099 944 2131 219
964 2097 1133 2141 proditam
1158 2102 1193 2131 et
1212 2099 1286 2131 aliis
1306 2099 1493 2131 rationibus
1513 2109 1531 2131 e
1552 2100 1613 2131 lin-

215 2165 359 2197 guarum
381 2155 544 2189 affinitate
572 2157 813 2198 literarumque
840 2155 1057 2188 similitudine
1084 2155 1247 2188 desumtis
1274 2155 1452 2197 probatam
1468 2155 1614 2189 Rinckio

214 2212 249 2244 in
275 2213 398 2245 annall.
418 2212 597 2246 Heidelbb.
622 2209 712 2245 1824
729 2223 779 2247 nr.
797 2212 842 2246 52
872 2223 903 2255 p.
925 2211 992 2245 826
1012 2221 1105 2254 seqq.
1135 2212 1300 2244 Etruscos
1318 2212 1500 2244 maximam
1521 2217 1615 2245 certe

213 2272 347 2311 partem
382 2269 435 2301 ille
465 2270 535 2301 vult
565 2270 769 2302 Cananaeos
793 2279 887 2310 esse,
932 2268 975 2301 ab
1008 2268 1171 2301 Israelitis
1199 2268 1298 2309 Syria
1328 2269 1442 2311 pulsos
1469 2268 1614 2310 indeque

213 2325 247 2357 in
266 2325 413 2367 Lydiam
442 2326 726 2367 commigrantes,
758 2325 848 2358 unde
876 2326 910 2358 in
936 2325 1109 2357 Etruriam
1140 2324 1266 2358 fuerint
1292 2324 1417 2366 delati,
1449 2325 1615 2367 quemad-

212 2381 349 2415 modum
378 2382 420 2414 ab
444 2382 621 2415 Herodoto
638 2383 822 2416 memoriae
837 2381 939 2414 fuerit
958 2382 1141 2424 proditum.

130 2457 175 2502 ⁴⁴¹)
211 2461 310 2496 Quae
327 2461 372 2493 ibi
391 2461 597 2502 afferuntur,
629 2471 747 2494 eorum
772 2459 862 2493 haud
883 2469 993 2503 pauca
1027 2459 1070 2492 ad
1097 2460 1291 2504 Aegyptum
1319 2463 1477 2502 spectare
1497 2460 1615 2494 viden-

211 2520 278 2550 tur.
316 2518 407 2553 Quin
426 2518 499 2561 ipsa
517 2517 796 2561 hieroglyphicae
814 2518 898 2550 artis
915 2516 1058 2559 vestigia
1080 2517 1247 2560 quaedam
1269 2516 1360 2559 apud
1376 2517 1542 2550 Etruscos
1558 2528 1614 2551 re-

211 2573 399 2615 periuntur.

133 2646 191 2694 *⁴⁸)
212 2651 400 2695 Descripsit
418 2652 537 2685 Leake
556 2652 590 2685 in
613 2651 767 2694 Walpole
797 2652 967 2685 itinerarr.
996 2651 1144 2686 Londin.
1166 2650 1266 2685 1820.
1316 2650 1371 2684 Tu
1397 2649 1462 2684 vid.
1476 2649 1614 2692 journal

215 2707 275 2741 des
296 2720 416 2742 savans
444 2708 532 2741 1820
551 2709 676 2742 Octob.
696 2719 727 2751 p.
748 2707 957 2742 624—626.
991 2706 1127 2741 Annall.
1150 2707 1209 2740 des
1235 2718 1385 2749 voyages
1408 2717 1469 2750 par
1495 2706 1615 2747 Eyries

215 2767 240 2796 t.
260 2764 372 2797 XVIII
397 2765 527 2808 (Paris.
548 2765 655 2808 1823)
691 2775 771 2807 pag.
791 2764 858 2798 328
882 2775 976 2807 seqq.
1014 2764 1190 2798 Hammer.
1210 2764 1245 2796 in
1271 2764 1395 2797 annau.
1417 2763 1614 2796 Viennenss.

215 2823 239 2852 t.
258 2819 407 2854 XXXIII
432 2833 464 2864 p.
486 2821 562 2854 122.
585 2838 642 2845 -
671 2821 726 2854 Ex
753 2821 884 2854 Osanni
910 2821 1099 2854 rationibus
1129 2824 1387 2855 monumentum
1408 2817 1472 2852 hoc
1498 2818 1615 2852 incidit

215 2875 304 2908 iutra
329 2887 407 2910 ann.
430 2874 644 2912 740—570
674 2881 755 2911 ante
775 2876 948 2911 Christum
973 2882 1102 2913 natum.
1161 2877 1239 2912 vid.
1259 2886 1293 2917 p.
1316 2875 1360 2909 37
1385 2875 1406 2908 1.
1425 2875 1446 2908 l.

159 2925 371 2967 Hanono'r.
402 2930 430 2967 1.
1227 2929 1283 2969 57
