1759 3324
523 254 942 294 EUTERPE.
1000 255 1046 292 ΙΙ.

1318 258 1404 298 597

142 367 371 420 γυναῖκες,
421 365 555 406 νεῦον
583 361 632 405 τό
672 364 858 415 αἰδοῖον,
908 361 962 406 οὐ
992 365 1137 420 πολλῷ
1165 363 1246 421 τέῳ
1277 364 1402 409 ἔλασ-

113 444 227 486 4σον
255 441 329 485 ἐόν
356 445 436 484 τοῦ
466 441 601 484 ἄλλου
631 439 841 496 σώματος.
886 440 1139 496 προηγέεται
1167 442 1213 486 δὲ
1243 442 1457 494 αὐλός·5ο

114 522 193 563 δαί
230 520 275 563 δὲ
311 519 488 563 ἕπονται
529 519 752 563 ἀείδουσαι
791 519 867 563 τὸν
906 519 1140 563 Διόνυσον.
1203 521 1313 565 διότι
1352 522 1400 566 δὲ

140 598 268 654 μέζον
306 613 352 640 τε
385 597 468 652 ἔχει
505 597 555 641 τὸ
587 599 779 651 αἰδοῖον,
827 599 899 642 καὶ
936 598 1067 642 κινέει
1105 604 1276 656 μοῦνον
1317 603 1401 644 τοῦ·

140 674 360 731 σώματος,
410 676 499 719 ε’στι
538 675 667 732 λόγος
705 678 803 731 περὶ
845 675 984 722 αὐτοῦ
1023 677 1118 733 ἱρὸς
1157 678 1398 735 λεγόμενος.

17 758 83 804 49
128 753 241 811 ”Han
271 757 335 798 ὠν
364 755 504 799 δοκέει
541 772 618 812 μοι
649 754 923 813 Μελάμπους
962 755 985 801 ὁ
1015 756 1282 815 Ἀμυθέωνος
1319 761 1394 816 τῆς
1450 760 1540 787 ΜΗΉ

1449 802 1502 821 cra

82 986 197 1025 δοῖον
220 999 256 1024 κ.
276 1000 308 1024 τ.
328 987 361 1024 λ.
375 1013 386 1034 ,
416 985 458 1022 i1r
482 984 539 1022 his
570 987 734 1024 mutandi

82 1041 180 1080 nulla
200 1042 294 1079 iusta
311 1054 438 1088 causa3
468 1047 736 1092 proposuerant

82 1099 178 1137 enim
214 1098 361 1148 quidam
402 1103 438 1136 et
493 1100 585 1137 σεῦ
596 1114 651 1138 ον
697 1103 734 1137 et

81 1149 170 1194 νεύ
185 1169 204 1192 ο
219 1168 305 1192 ντα
337 1167 404 1204 pro
448 1156 591 1203 νεῦον,
634 1156 733 1205 quod

81 1216 120 1248 tu
141 1212 238 1248 refer
269 1210 316 1247 ad
337 1205 541 1262 α’γοέλματα
568 1212 733 1248 nomina-

81 1267 266 1316 tivumque
285 1266 408 1315 cogita
424 1267 648 1314 absolutum,
670 1268 731 1305 ubi

80 1323 191 1372 vulgo
218 1326 361 1373 ponunt
391 1323 573 1371 genitivos
605 1336 732 1361 conse-

81 1378 271 1429 quentiae:
301 1373 488 1424 νεύοντος
510 1382 582 1418 τοῦ
607 1379 729 1418 αἰδοί-

82 1450 142 1475 ου.
174 1434 282 1472 conf.
303 1447 414 1485 supra
432 1434 486 1484 ΙΙ,
504 1434 558 1477 41
584 1439 622 1473 et
636 1436 730 1473 infra

80 1491 136 1540 ΙΙ,
159 1493 250 1532 133.

137 1544 371 1599 προηγέεται
389 1543 431 1585 δὲ
448 1542 588 1598 αὐλός]
619 1547 729 1585 Tibia

79 1603 262 1642 Bacchicis
281 1603 383 1640 festis
399 1604 547 1654 propria
559 1605 626 1651 ‚ab
645 1605 730 1642 Osi-

80 1660 160 1697 ride
187 1660 282 1697 adeo
316 1659 464 1697 inventa
501 1660 630 1697 dicitur
655 1660 730 1698 Ae-

82 1716 241 1766 gyptiis,
262 1715 325 1764 qui
344 1716 396 1752 uti
414 1716 451 1751 in
473 1717 582 1753 sacris
602 1729 731 1755 recon-

80 1772 270 1809 ditioribus
310 1771 535 1809 sacerdotum
585 1772 732 1821 cythara

81 1828 137 1865 usi
155 1828 369 1874 videantur,
398 1828 448 1864 ita
469 1828 505 1864 in
526 1828 625 1877 vulgi
646 1842 733 1866 con-

80 1884 250 1922 ventibus
269 1884 453 1932 sacrisque
461 1884 591 1922 Bacchi
607 1885 732 1922 tibiam

80 1940 333 1978 adhibuerunt.
370 1940 482 1977 Cuius
504 1954 629 1978 causas
645 1954 734 1990 ape-

81 1997 153 2034 ruit
171 1997 342 2033 Creuzer.
358 1996 521 2044 Symbol.
541 1997 558 2034 I
578 2011 617 2048 p.
638 1996 733 2038 448.

82 2053 191 2091 Conf.
211 2052 305 2089 infra
326 2051 382 2100 ΙΙ,
402 2054 467 2094 60.

138 2108 190 2148 αἶ’
201 2106 244 2147 δὲ
263 2107 424 2147 ἕπονται
442 2104 648 2148 ἀείδουσαι
666 2105 734 2148 τὸν

82 2160 309 2214 Διόνυσον]
348 2164 632 2212 Lamentantes,
663 2179 732 2215 pu-

81 2225 141 2269 to,
170 2225 209 2259 et
231 2220 391 2258 carmina
411 2221 578 2270 lugubria
598 2234 733 2259 canen-

81 2281 136 2315 tes
154 2278 193 2314 in
213 2277 368 2326 Dionysi
388 2278 582 2326 (Osiridis)
615 2290 636 2314 a
655 2277 690 2315 Τ
693 2291 735 2326 y-·-

81 2334 203 2384 phone
222 2334 317 2371 caesi
329 2335 510 2383 undisque
522 2333 648 2371 traditi
667 2334 734 2371 ho-

82 2402 209 2428 norem
226 2388 398 2440 Aegyptii
422 2390 478 2427 hic
505 2390 732 2428 exhibentur.

83 2445 192 2483 Conf.
215 2445 387 2484 Creuzer.
408 2446 431 2483 l·.
457 2446 480 2483 l.

139 2499 220 2541 ἐστι
245 2498 362 2555 λόγος
387 2500 478 2554 περὶ
504 2497 630 2541 αυτοῦ
651 2499 733 2554 ἴρός

83 2552 292 2608 λεγόμενος
309 2557 327 2609 ]
371 2558 509 2596 Sensus
555 2559 733 2596 formulae

83 2612 181 2650 haud
207 2614 370 2652 diversus
401 2628 423 2653 a
453 2614 625 2652 similibus
651 2615 733 2662 illis,

86 2679 179 2717 quas
208 2669 265 2718 II,
294 2670 349 2713 46
374 2672 570 2721 attigimus.
627 2671 734 2715 Quae

85 2736 172 2760 vero
191 2723 402 2764 Herodotus
422 2727 542 2778 eloqui
555 2728 657 2765 nefas
668 2728 734 2764 ha-

85 2778 171 2826 bet,
197 2782 323 2829 prodit
340 2783 551 2821 Plutarchus
579 2784 627 2821 de
645 2784 732 2821 Isid.

86 2837 126 2872 et
152 2834 288 2873 Osirid.
312 2851 398 2888 pag.
417 2840 521 2888 358,
537 2839 581 2877 B.
640 2841 733 2878 Cum

88 2888 184 2928 enim
211 2891 327 2930 Osiris
354 2906 377 2932 a
396 2894 580 2946 Typhone
604 2909 732 2935 caesus

805 990 841 1025 et
869 987 1070 1038 discerptus
1109 990 1226 1037 esset,
1255 987 1322 1025 Isis
1359 987 1451 1025 illius

802 1045 965 1081 membra
1020 1044 1169 1081 disiecta
1220 1045 1451 1094 conquirens,

802 1100 999 1137 membrum
1025 1100 1124 1137 virile
1154 1101 1310 1138 Osiridis
1352 1101 1453 1138 inve-

801 1156 879 1193 nire
905 1155 1001 1193 haud
1019 1156 1160 1206 potuit,
1189 1156 1327 1206 quippe
1354 1169 1375 1193 a
1391 1156 1450 1207 pi-

802 1213 917 1248 scibus
929 1213 1099 1249 continuo
1117 1213 1338 1250 devoratum.
1352 1212 1455 1256 Qua-

799 1281 839 1306 re
857 1267 932 1305 eius
953 1267 1032 1305 loco
1061 1268 1251 1305 substituit
1279 1268 1453 1305 imitando

798 1323 961 1374 phallum
1001 1326 1285 1372 memoriamque
1313 1325 1365 1361 rei
1404 1324 1455 1362 sic

799 1381 1035 1417 consecravit.
1068 1380 1179 1417 Unde
1193 1380 1453 1429 factum‚.quod

797 1435 836 1472 in
874 1435 1104 1485 Dionysiacis
1152 1435 1254 1473 festis
1303 1440 1454 1473 utuntur

795 1490 930 1543 phallo.
996 1491 1113 1529 Aliam
1160 1493 1272 1530 refert
1308 1504 1455 1530 causam

798 1547 969 1586 Clemens
989 1547 1184 1587 Alexandr.
1211 1549 1249 1586 in
1269 1547 1452 1600 Protrept.

796 1616 883 1655 pag.
903 1606 970 1646 29.
987 1607 1054 1646 30.

991 1689 1101 1740 Cap.
1131 1688 1266 1727 XLIX.

854 1769 934 1824 ’ἤδη
955 1765 1011 1811 ‹32›
1033 1770 1160 1812 δοκέει
1189 1787 1256 1823 μοι
1283 1766 1452 1823 Μελάμ-

798 1843 901 1875 πους
935 1827 959 1868 0‘
985 1825 1239 1880 Ἀμυθέωνος
1270 1844 1305 1867 κ.
1337 1842 1369 1866 τ·.
1401 1831 1452 1874 λ..]

798 1884 1044 1936 Melampodis
1078 1898 1194 1934 genus
1218 1885 1267 1922 ad
1298 1883 1456 1922 Aeolum

799 1941 908 1990 vulgo
939 1943 1102 1979 referunt
1147 1942 1298 1991 eiusque
1344 1940 1453 1988 filios,
1511 1975 1516 1982 ,

799 2011 957 2048 quorum
985 1998 1075 2035 alter
1101 1998 1227 2046 genuit
1255 1997 1454 2046 Amythao-

799 2067 882 2092 nem
897 2083 908 2102 ‚
919 2058 1060 2105 patrem
1071 2053 1332 2104 Melampodis,
1343 2066 1452 2102 quem

801 2123 845 2148 ex
864 2110 1039 2147 Id'omena
1066 2113 1287 2160 susceperat.
1344 2108 1455 2146 Plura·

800 2165 1010 2217 Apollodor.
1027 2166 1065 2214 Ι,
1084 2169 1124 2213 9,
1146 2168 1197 2207 11
1217 2178 1322 2215 seqq.
1349 2164 1396 2212 ΙΙ,
1414 2168 1454 2213 2,

800 2225 828 2264 2
854 2222 941 2272 ibiq.
970 2222 1107 2271 Heynii
1128 2222 1293 2259 observv.
1325 2235 1362 2271 p.
1385 2222 1453 2262 63.

801 2279 854 2321 65
880 2278 961 2316 coll.
982 2278 1161 2316 Herodot.
1188 2277 1256 2325 IX,
1278 2277 1333 2318 34
1353 2276 1454 2324 (Vll,

801 2336 915 2385 221).
943 2335 1094 2372 Homer.
1121 2335 1257 2383 Odyss.
1276 2333 1342 2379 XI,
1358 2334 1451 2374 286.

799 2391 883 2439 XV,
904 2394 985 2433 226
1005 2403 1084 2440 seq.
1124 2390 1271 2428 Nomen
1299 2387 1453 2426 Melam-

795 2447 898 2498 podis
920 2447 962 2495 (i.
979 2461 1010 2485 e.
1022 2448 1120 2495 nigri
1132 2446 1303 2497 pedibus)
1322 2445 1455 2496 eopl'e-

799 2516 952 2553 rumque
976 2504 1138 2541 referunt
1152 2532 1163 2551 ,
1193 2502 1294 2552 quod
1310 2501 1452 2551 pueruli

800 2559 953 2610 expositi
971 2560 1086 2610 pedes
1105 2559 1215 2605 nudi,
1233 2557 1373 2607 reliquo
1385 2557 1454 2594 sci-

799 2616 885 2654 licet
916 2628 1074 2666 corpore
1113 2616 1280 2662 obtecto,
1319 2625 1400 2650 cum
1429 2626 1452 2651 a

799 2671 877 2710 sole
903 2673 1196 2710 comburerentur
1213 2700 1225 2719 ‚
1260 2669 1357 2719 nigri
1389 2682 1453 2708 ex-

800 2728 970 2766 stiterint.
1036 2728 1114 2765 Sed
1157 2726 1274 2778 possis
1323 2725 1454 2776 opinor

800 2785 929 2823 eodem
950 2785 1026 2823 iure
1047 2784 1193 2833 nigrum
1218 2781 1375 2820 colorem
1393 2794 1452 2818 re-

800 2841 899 2879 ferre
928 2842 978 2878 ad
1003 2839 1223 2891 Aegyptiam
1252 2838 1450 2876 sacerdotis

802 2897 982 2947 originem
1008 2896 1275 2946 religionesque
1311 2905 1355 2931 ex
1380 2891 1453 2930 Ae-

1523 760 1713 830 Αθὲ)1ριηία
1650 803 1696 822 lac
1678 769 1722 809 ffli-
