1759 3324
614 246 827 286 cL10.
887 246 914 284 1.

1316 250 1402 290 3⁰3

131 360 240 415 μετὰ
267 359 338 411 δὲ,
392 355 551 400 ὥπλισε
589 353 694 406 τούς
727 353 1081 412 ὑπολειφθέντας
1107 358 1200 400 τῶν
1230 354 1402 415 Μήδων

103 438 184 482 3ἐν
211 442 272 497 τῷ
302 437 442 482 ἄστεϊ.
474 433 604 486 νέους
631 449 677 478 τε
705 435 780 478 καὶ
808 433 1056 492 πρεσβύτας
1085 434 1262 491 ἄνδρας.
1308 436 1403 489 ἐξα-

132 516 280 574 γαγών
308 516 356 559 δὲ
382 513 591 567 τούτους,
643 514 716 558 καὶ
756 513 998 570 συμβαλών
1035 519 1150 559 τοῖσι
1187 516 1399 575 Πέρσῃσι,

131 594 305 651 ἑσσώθη
318 611 328 621 ·

9 680 109 725 129
133 674 237 726 τούς
265 672 442 730 ἐξήγαγε
482 677 571 716 τῶν
611 673 781 730 Μήδων
818 672 1016 731 ἀπέβαλε.

20 732 23 735 -
127 753 336 812 χμαλώτῳ
367 757 428 810 τῷ
464 751 688 810 Ἀστυάγεϊ
719 753 913 810 προστὰς
943 753 967 798 ὁ
994 753 1236 811 Ἅρπαγος,
1276 755 1396 799 κατέ-

389 593 462 637 καὶ
508 590 643 645 αὐτός
677 610 724 637 τε
757 592 991 650 Ἀστυάγης
1031 592 1283 653 ἐζωγρήθη,
1327 596 1403 640 καὶ

1073 672 1211 719 Ἐόντι
1251 676 1299 719 δὲ
1336 677 1398 720 αἶ-

1455 677 1609 720 Harpago
1640 679 1734 708 insul

1453 716 1530 740 tanti
1559 722 1609 748 qui
1601 713 1631 741 id
1649 716 1735 750 Asty-

1451 753 1526 780 ages
1537 748 1673 782 captivus
1687 756 1735 777 re-

1453 780 1621 816 sponderit.

128 832 250 891 χαιρέ
278 849 323 877 τε
352 834 428 877 καὶ
455 831 784 889 κατεκερτόμεε,
822 833 896 877 καὶ
931 832 1041 877 ἄλλα
1068 835 1209 891 λέγων
1251 835 1295 887 ἐς
1325 833 1402 880 αὐ-
1411 843 1457 878 90

129 914 209 959 τὸν
236 913 464 970 θυμαλγέα
493 912 617 966 ἔπεα,
648 913 721 957 καὶ
751 911 805 969 δὴ
834 913 908 956 καὶ
927 911 1065 969 εἴρετό
1085 931 1183 970 μιν,
1212 913 1324 970 πρὸς
1346 914 1395 960 τὸ

125 993 298 1039 ἑωυτοῦ
326 995 528 1046 δεῖπνον,
575 992 624 1037 τό
653 1009 730 1049 μιν
759 993 924 1045 ἐκεῖνος
955 994 1081 1049 σαρξὶ
1123 997 1205 1039 τοῦ
1234 995 1394 1048 παιδὸς

127 1073 341 1128 ἐθοίνισε,
390 1073 449 1127 ,,ὅ
475 1091 518 1118 τι
546 1074 612 1131 εἴη
641 1072 669 1130 ἡ
698 1072 869 1118 ἐκείνου
908 1072 1158 1132 δουλοσύνη
1194 1072 1292 1120 οἷντὶ
1320 1079 1398 1134 τῆς

72 1284 128 1309 eos
152 1285 169 1310 e
185 1271 270 1322 palo
289 1270 476 1322 suspendit.
537 1270 650 1316 Quod
669 1269 728 1309 hic

71 1328 267 1367 Medorum
311 1329 466 1367 occurrit
499 1329 726 1379 supplicium,

72 1385 160 1423 inde
190 1386 238 1423 ad
275 1386 376 1436 ipsos
406 1386 548 1422 transiit
579 1385 726 1434 Persas,

71 1441 134 1479 ubi
170 1441 322 1492 patibuli
361 1441 418 1480 vel
455 1442 568 1479 crucis
603 1455 726 1493 poena

69 1497 169 1536 haud
202 1511 284 1535 raro
323 1503 555 1536 memoratur.
618 1498 725 1548 Lege

71 1555 123 1591 sis
162 1554 390 1592 Brissonium
423 1555 470 1593 de
505 1568 583 1604 reg.
621 1555 725 1593 Pers.

70 1611 184 1662 princ.
201 1610 234 1648 ll
247 1639 258 1658 ‚
280 1613 361 1653 215
381 1612 561 1662 pag-574
583 1616 621 1650 et
632 1625 727 1662 quae

72 1679 142 1703 nos
168 1667 217 1703 ad
242 1667 389 1705 Ctesiae
415 1668 570 1706 Persice.
602 1667 639 1720 ἓ.
670 1670 726 1710 36

72 1734 159 1774 pag.
184 1725 264 1764 176
294 1724 460 1761 diximus.
517 1724 578 1762 Ad
615 1737 728 1774 argu-

74 1783 234 1817 mentum
275 1784 529 1832 comparentur
570 1781 728 1819 Diodori

72 1834 184 1873 Siculi
218 1835 403 1887 Excerptt.
435 1839 482 1875 de
514 1837 658 1875 Virtutt.
690 1841 728 1876 et

72 1891 144 1929 Vit.
182 1891 217 1929 H
239 1905 326 1942 pag.
349 1894 431 1936 553
467 1895 525 1932 ed.
567 1894 724 1932 Wessel.

71 1946 132 1987 De
154 1949 288 1998 pugnis
312 1949 402 1998 illis,
432 1963 524 2000 quas
548 1955 728 1989 memorat

72 2004 310 2054 Herodotus,
338 2007 426 2043 nihil
447 2007 545 2045 aliud
571 2007 726 2045 relatum

72 2062 173 2112 apud
210 2065 351 2100 veteres
391 2065 617 2114 reperimus,
656 2064 727 2102 nisi

71 2129 166 2167 quae
183 2118 302 2156 obiter
320 2125 514 2158 narrantur
532 2121 631 2159 haud
648 2135 729 2159 ma-

71 2174 135 2223 gni
168 2177 342 2214 momenti
384 2190 407 2215 a
445 2177 640 2216 Plutarcho
679 2179 728 2217 de

72 2229 210 2270 virtutt.
227 2232 384 2271 mulierr.
403 2247 490 2286 pag.
509 2234 616 2283 246,
635 2234 680 2273 A.

238 2316 352 2369 Cap.
383 2318 557 2358 cxxix.

126 2398 190 2440 καὶ
231 2397 331 2442 ἄλλα
352 2400 550 2455 λέγων-
575 2403 644 2444 καὶ
673 2401 727 2457 δη

71 2454 140 2496 και
159 2454 279 2510 εἴρετό
303 2458 397 2511 μιν]
428 2461 655 2500 Structuram
672 2462 727 2499 Ιο-

71 2513 104 2550 ci
133 2514 165 2550 si
191 2527 367 2565 quaeraS‚
407 2530 483 2555 non
511 2519 638 2569 dispar
665 2519 727 2556 illa

71 2569 142 2606 erit
160 2571 214 2618 ei,
243 2584 352 2622 quam
368 2574 417 2611 ad
437 2574 467 2623 I,
490 2577 569 2617 116
587 2576 649 2614 fin.
669 2580 727 2614 at·-

71 2624 232 2674 figimus.
270 2628 384 2667 Paulo
403 2635 488 2669 ante
514 2632 724 2682 reliquimus

72 2680 267 2732 προστας,
297 2686 396 2723 cuius
421 2686 501 2725 loco
520 2689 726 2739 Schweigh.

73 2736 278 2787 προςστας.
335 2742 413 2781 Sed
451 2744 524 2782 vid.
555 2759 668 2798 supra
697 2746 728 2795 I,

74 2794 141 2834 86·
171 2797 262 2837 119

130 2846 231 2901 πρὸς
250 2849 294 2892 το“
313 2851 464 2895 ἑωυτοῦ
485 2857 710 2909 δεῖπνον]
701 2872 725 2896 1

74 2916 108 2942 e.
140 2906 230 2955 quod
259 2911 388 2949 attinet
419 2912 468 2950 ad
491 2914 593 2953 illam
613 2918 727 2967 ipsius

794 1282 953 1318 coenam,
993 1269 1036 1308 de
1078 1269 1146 1308 illa
1180 1273 1293 1322 ipsius
1331 1273 1451 1311 coensi.

793 1326 883 1365 Non
911 1326 1017 1365 valde
1042 1327 1194 1379 dispar,
1225 1330 1325 1379 quod
1357 1330 1450 1379 legi-

792 1396 873 1421 mus
911 1396 1025 1434 supra
1060 1384 1101 1432 I,
1137 1386 1205 1427 38.
1248 1400 1372 1454 προς
1395 1382 1453 1426 ὧν

792 1455 867 1492 την
898 1437 998 1490 όψιν
1030 1437 1180 1493 ταύτην
1215 1438 1283 1483 τὸν
1320 1458 1453 1499 γαμον

794 1513 856 1537 τοι
887 1512 1032 1537 τουτον
1063 1497 1256 1548 ἔσπευσα,
1288 1501 1349 1538 ubi
1378 1501 1452 1538 vid.

795 1557 958 1591 annotat.
1004 1554 1102 1592 Hinc
1133 1556 1229 1594 male
1258 1562 1387 1596 nostro
1415 1557 1453 1595 in

793 1610 874 1648 loco
921 1611 1002 1660 quis
1051 1612 1177 1650 maluit
1212 1628 1316 1667 προς
1361 1615 1455 1655 τοῦ

796 1667 819 1706 δ
832 1682 849 1706 ε
861 1667 876 1706 ι’
889 1682 918 1706 π
928 1681 950 1705 ν
962 1682 982 1706 ο
994 1681 1029 1706 υ.

850 1719 904 1762 τό
934 1739 1002 1774 μιν
1027 1723 1178 1772 ἐκεῖνος
1201 1725 1314 1779 σαρξὶ
1334 1748 1391 1756 --
1410 1726 1455 1768 ε’-

793 1779 980 1832 θοίνισε]
1003 1780 1045 1818 In
1061 1784 1266 1820 accusativo
1286 1784 1339 1822 rei
1355 1780 1454 1834 (τὸ),

796 1850 904 1887 quem
929 1842 1075 1889 praeter
1099 1852 1282 1890 personae
1305 1853 1454 1878 accusa-

794 1895 908 1931 tivum
939 1894 1047 1944 (μιν)
1080 1895 1137 1933 hic
1153 1896 1361 1935 adiunctum
1387 1898 1455 1935 ha-

795 1951 859 1988 bet
877 1952 1028 1989 verbum
1050 1950 1250 2001 ἐθοίνισε,
1281 1954 1452 2004 equidem

794 2020 869 2044 non
889 2008 1080 2056 offendor,
1110 2022 1190 2046 cum
1210 2009 1361 2059 longum
1387 2024 1451 2049 eo-

795 2076 875 2101 rum
900 2065 1094 2102 verborum
1132 2066 1289 2105 indicem
1327 2067 1452 2118 perlu-

795 2125 926 2168 strem,
964 2134 1060 2171 quae
1096 2122 1206 2160 simili
1234 2125 1312 2162 fere
1337 2125 1451 2164 modo

795 2176 1074 2225 cofistruuntur3
1112 2179 1185 2217 vid.
1218 2179 1351 2218 Matth.
1382 2182 1450 2219 Gr.

797 2234 863 2272 Gr.
888 2233 925 2286 §.
943 2234 1024 2276 421
1048 2239 1124 2273 not.
1146 2237 1169 2276 1
1192 2249 1230 2287 p.
1248 2240 1333 2279 772
1357 2251 1452 2288 seq.,

794 2291 858 2328 ubi
886 2292 1004 2329 nostri
1028 2291 1097 2330 loci
1120 2305 1195 2330 non
1225 2294 1358 2331 oblitus
1381 2299 1452 2342 est,

795 2361 877 2386 cum
911 2348 1065 2387 similem
1100 2353 1318 2388 structuram
1349 2352 1453 2390 verbi

798 2400 963 2456 εὐωχεῖν
984 2405 1174 2443 Platonico
1190 2406 1270 2445 loco
1290 2407 1451 2446 illustra-

793 2466 861 2501 ret.
901 2462 999 2500 Hinc
1013 2462 1112 2500 nulla
1130 2465 1350 2502 emendandi
1369 2477 1455 2503 cau-

794 2532 857 2567 sa,
887 2532 1008 2568 neque
1041 2519 1146 2556 huius
1184 2521 1357 2569 voculae,
1386 2534 1455 2560 ne-

793 2589 866 2626 que
886 2575 1107 2625 reliquorum
1121 2578 1330 2626 verborum,
1357 2591 1454 2628 quae

793 2637 996 2682 sequuntur
1009 2634 1202 2671 sanissima
1213 2634 1274 2672 illa
1290 2634 1452 2684 quidem,

796 2690 866 2727 sed
903 2689 1025 2740 pravis
1063 2690 1223 2728 virorum
1263 2692 1455 2729 doctorum

796 2746 1010 2784 coniecturis
1041 2747 1202 2796 agitata,
1231 2760 1324 2798 quas
1342 2748 1454 2786 silen-

795 2803 848 2840 tio
862 2816 1031 2855 premere
1062 2808 1237 2854 praestat.
1293 2804 1456 2853 Iungen-

797 2860 846 2896 da
865 2864 985 2897 autem
1007 2864 1092 2908 sunt
1108 2860 1198 2898 haec
1218 2861 1330 2899 verba
1348 2857 1370 2900 ὅ
1382 2889 1394 2907 ,
1415 2873 1453 2899 τι

798 2915 859 2966 εἷ’-η
889 2914 919 2967 ἦ
938 2915 1093 2956 ἐκείνου
1113 2931 1151 2955 κ.
1168 2931 1201 2956 τ.
1219 2919 1253 2956 λ.
1285 2916 1454 2968 supen‘o-
