1805 3315
642 246 858 287 CLIO.
916 247 943 284 1.

1382 252 1433 290 71

44 357 109 402 29
154 369 251 407 λοι·
285 353 669 412 κατεστραμμένων
707 356 753 400 δὲ
787 354 980 410 τούτων,
1033 357 1107 401 καὶ
1148 368 1502 416 nomentum-15„
1515 356 1626 385 ⁸⁸“¹⁰⁸
1649 360 1752 393 ⁰⁹⁵¹'ffl'

1504 396 1633 417 orentes.
1653 393 1752 421 aditae

1483 431 1501 449 a
1561 420 1751 459 Sapientibun

155 441 286 499 μένου
306 438 503 491 Κροίσου
522 437 729 488 Λυδοῖσι,
761 433 1041 479 ἀπικνέονται
1059 436 1103 488 ἐς
1117 435 1283 491 Σάρδις
1304 435 1437 490 ἄκμα-
1483 457 1640 485 Graeciae.
1667 459 1749 486 s010-

154 517 309 573 ζούσας
335 514 507 574 πλούτῳ
545 512 668 556 ἄλλοι
704 530 749 557 τε
782 516 825 558 οἱ
851 513 1009 566 πάντες
1048 515 1096 559 ἐκ
1134 519 1211 572 τῆς
1232 513 1435 568 Ἑλλάδος

151 594 372 651 σοφισταὶ,
421 595 464 636 οἳ
497 595 659 635 τοῦτον
688 592 767 637 τόν
800 593 963 650 χρόνον
1000 594 1239 652 ἐτύγχανον
1276 594 1430 649 ἐόντες,

102 764 248 802 sedibus
267 762 362 813 pulsi
382 761 420 798 in
429 760 554 798 Asiam
575 761 752 799 minorem

101 819 387 868 commigrabant
399 848 410 867 ,
431 831 636 867 nomenque
647 818 752 867 Stry-

100 877 300 914 moniorum
313 905 323 922 ‚
344 888 416 924 quo
433 875 549 911 adhuc
566 875 622 910 usi
633 879 749 922 erant,

100 932 369 970 commutabant
396 944 476 968 cuin
512 930 750 979 Bithynorum

98 988 351 1039 appellatione.
419 987 517 1024 Hinc
559 986 749 1036 aliquoties

99 1045 251 1083 occurrit
293 1044 449 1080 Thracia
493 1042 673 1090 Asiatica,
704 1044 751 1080 ad

98 1114 208 1151 quam
226 1104 263 1139 et
288 1100 436 1149 Bithyni
469 1103 506 1137 et
527 1099 650 1147 Thyni
665 1113 750 1149 per-

98 1159 228 1195 tinent.
276 1157 371 1194 Sunt
391 1157 467 1194 bini
488 1155 745 1205 Xenophontis

99 1215 166 1252 loci
188 1214 325 1251 classici
362 1213 399 1250 in
426 1212 588 1248 Anabasi
611 1211 680 1259 VI,
710 1215 750 1258 2,

98 1276 126 1313 2
158 1275 195 1308 et
210 1270 299 1316 Vll,
319 1274 347 1311 2
370 1267 409 1319 §.
430 1272 484 1310 22
510 1267 591 1315 (ubi
610 1267 748 1304 consul.

96 1327 357 1375 Kruegerum)‚
386 1324 516 1373 quibus
544 1323 750 1372 iimgendus

96 1383 229 1420 Strabo
240 1381 326 1419 Xlll
346 1395 384 1431 p.
401 1380 480 1421 541
504 1392 580 1429 seq.
602 1382 749 1429 p.816‚

95 1441 141 1478 B.
165 1439 208 1475 C.
241 1442 278 1477 et
295 1438 436 1475 Herod.
458 1436 547 1484 Vll,
567 1437 632 1477 75.
690 1436 750 1474 De

94 1495 240 1544 reliquis
272 1494 416 1546 populis
428 1523 439 1541 ,
498 1506 590 1542 quos
630 1493 686 1530 hic
726 1505 749 1529 a

94 1553 236 1589 Croeso
270 1552 439 1588 subactos
477 1550 628 1600 legimus
644 1579 655 1598 ,
692 1548 750 1586 vix

94 1609 324 1646 monendum.

282 1720 398 1770 Cap.
429 1718 568 1756 XXIX.
617 1755 628 1764 ,

147 1801 498 1855 κατεστραμμένων
520 1800 563 1842 δὲ
575 1799 741 1853 τούτων]

91 1860 243 1907 Oratio,
270 1860 433 1911 pluribus
461 1860 579 1898 verbis
596 1861 742 1898 interie-

91 1917 156 1953 ctis
187 1918 235 1954 ab
260 1921 406 1954 auctore
435 1916 656 1966 interrupta,
685 1916 742 1953 hic

90 1974 273 2024 prioribus
313 1974 432 2011 verbis
472 1973 635 2023 repetitis
669 1973 741 2010 iam

91 2034 335 2078 restauratur,
364 2034 404 2067 ut
432 2028 591 2079 legitime
612 2043 741 2081 proce-

88 2087 162 2126 dat.

146 2167 258 2211 ἄλλοι
276 2186 316 2211 τε
335 2170 378 2210 οἷ
393 2167 582 2217 πάντες
601 2168 644 2209 ἐκ
669 2171 741 2221 τῆς

87 2223 273 2274 Ἑλλάδος
295 2226 503 2277 σοφισταὶ]
535 2226 738 2265 Valckena-

87 2284 161 2321 rius
189 2286 310 2335 aptius
335 2285 393 2322 hic
418 2284 490 2333 legi
510 2288 638 2334 putat:
670 2281 739 2323 ἅλ-

89 2343 162 2379 λου
191 2356 232 2380 τε
261 2339 548 2391 ἐπιφανέες
576 2355 612 2378 κ.
642 2356 674 2379 τ.
704 2343 737 2379 λ.

89 2398 166 2435 Sed
183 2398 263 2436 libri
281 2412 356 2436 non
374 2398 546 2435 addicunt
565 2398 737 2435 emenda-

87 2454 176 2491 tioni
187 2484 198 2503 ,
239 2456 311 2504 qua
340 2456 465 2504 utique
496 2455 738 2504 supersedere

85 2523 292 2562 possumus.
356 2511 510 2549 Videtur
542 2511 637 2548 enim
648 2540 659 2559 ,
698 2513 739 2547 ut

87 2568 181 2605 bene
199 2572 322 2606 monet
338 2566 629 2616 wesselingius‚
657 2567 737 2605 He-

87 2624 237 2662 rodotus
254 2625 356 2673 illos,
386 2626 447 2674 qui
476 2636 549 2660 uno
569 2628 737 2675 tempore

91 2683 128 2716 et
143 2680 257 2719 habiti
275 2686 311 2720 et
318 2682 436 2720 vocati
450 2680 632 2731 Sapientes
639 2684 737 2728 sunt,

90 2735 261 2776 indicare.
319 2739 513 2789 Sapientes
529 2733 650 2776 autem
657 2738 735 2775 He-

90 2792 238 2830 rodotus
264 2797 404 2833 vocavit
428 2792 641 2844 σοφιστάς,
669 2794 736 2832 ho-

93 2849 241 2886 norifico
282 2854 364 2889 tunc
406 2852 580 2902 temporis
620 2852 737 2898 titulo,

92 2918 165 2955 quo
185 2907 292 2945 etiam
310 2907 557 2960 Pythagoram
568 2908 651 2957 (IV,
663 2908 736 2957 95)

819 762 984 812 aliosque
1033 764 1232 814 sapientiae
1271 765 1368 802 fama
1406 778 1473 816 per

820 819 1014 857 Graeciam
1035 820 1191 858 illustres
1214 820 1288 869 (II,
1310 820 1394 870 49)
1415 836 1474 858 or-

819 875 928 914 navit.
968 875 1048 914 Nec
1073 876 1178 915 aliter
1207 876 1266 914 alii
1292 882 1471 927 auctores,

820 936 859 969 ut
893 932 989 969 idem
1027 937 1152 971 monet
1190 933 1470 983 WVesselingius‚

820 989 876 1026 cui
894 993 980 1039 post
1001 989 1188 1027 oblocutus
1218 994 1279 1027 est
1299 990 1468 1039 Wytten—

820 1045 920 1083 bach.
942 1046 989 1082 ad
1009 1046 1099 1082 Plat.
1119 1046 1247 1083 Moral.
1261 1047 1332 1096 (ll)
1354 1050 1467 1097 p.96,

818 1101 860 1137 A.
905 1101 1177 1140 Animadverss.
1205 1116 1243 1152 p.
1276 1103 1357 1144 654
1386 1117 1468 1153 sqq.

817 1157 914 1195 Nam
930 1170 1048 1207 neque
1066 1158 1295 1196 Plutarchum
1316 1160 1385 1196 hoc
1402 1172 1465 1199 σο-

820 1216 967 1262 φιστοῦ
982 1215 1129 1251 nomine
1138 1228 1243 1252 usum
1261 1215 1337 1252 vult
1356 1228 1467 1253 sensu

817 1269 986 1307 laudabili
1013 1283 1080 1321 pro
1102 1283 1169 1319 eo,
1207 1273 1307 1320 quod
1337 1276 1469 1321 postea

817 1327 1003 1364 inductum
1020 1331 1098 1374 est,
1130 1330 1265 1376 σοφοῦ
1293 1342 1322 1364 S.
1344 1331 1463 1377 φιλο-

818 1378 951 1433 σόφου
972 1385 1131 1431 nomine,
1154 1396 1276 1434 neque
1294 1383 1383 1422 alios
1399 1398 1465 1422 an-

815 1440 989 1489 tiquiores
1015 1440 1230 1490 scriptores,
1270 1441 1356 1490 qui,
1384 1455 1465 1479 cum

816 1500 978 1534 oratores
1019 1497 1151 1534 fuerint
1188 1501 1250 1535 aut
1288 1497 1462 1545 historici,

814 1553 1051 1604 philosophos
1081 1553 1138 1591 vel
1157 1567 1225 1604 per
1242 1558 1465 1592 contemtum

815 1609 871 1647 vel
898 1614 1072 1658 tanquam
1098 1612 1265 1649 mercede
1289 1611 1464 1649 docentes

816 1666 873 1703 vel
901 1667 1064 1703 nondum
1092 1667 1248 1704 discreta
1276 1668 1463 1717 utriusque

815 1723 975 1760 vocabuli
1003 1724 1151 1761 notione
1177 1720 1369 1773 σοφιστάς
1396 1737 1461 1773 ap-

814 1779 994 1829 pellarint.
1053 1779 1165 1823 Quod
1207 1784 1247 1817 ut
1293 1780 1340 1818 de
1383 1780 1460 1817 aliis

807 1835 1043 1885 scriptoribus
1059 1849 1155 1873 nunc
1163 1849 1238 1873 uon
1249 1836 1459 1885 disquiram,

806 1892 857 1929 ita
876 1892 1105 1929 Herodotum
1126 1897 1222 1930 certe
1241 1893 1395 1930 honesto
1414 1893 1459 1930 ti-

806 1948 881 1986 tulo
911 1951 1105 1999 σοφιστοῦ
1131 1962 1239 1986 usum
1265 1963 1348 1987 esse
1373 1962 1458 2000 per*

806 2017 953 2042 suasum
991 2006 1126 2053 habeo⁷
1183 2006 1259 2043 sive
1294 2006 1456 2042 nondum

807 2062 969 2099 vocabuli
995 2063 1143 2100 notione
1171 2062 1349 2110 discreta,
1379 2062 1458 2100 sive

807 2118 877 2156 alia
905 2131 950 2157 ex
976 2131 1109 2166 causa,
1138 2132 1247 2168 quam
1272 2120 1329 2156 hic
1350 2119 1452 2155 inda-

808 2187 898 2224 gare
915 2188 989 2212 non
1006 2176 1145 2213 attinet.
1192 2174 1241 2212 Ae
1265 2175 1453 2214 Diodorus

807 2232 844 2270 in
863 2231 1050 2282 Excerptt.
1082 2231 1160 2280 (T.
1181 2231 1214 2269 Π
1236 2245 1271 2282 p.
1295 2234 1349 2274 23
1370 2244 1454 2268 nov.

806 2289 945 2338 scriptt.
976 2288 1114 2326 collect.
1135 2289 1193 2327 ed.
1216 2288 1327 2338 Mai.)
1345 2286 1382 2339 §
1398 2290 1455 2329 26

804 2346 934 2382 eadem
956 2346 994 2382 in
1013 2359 1052 2383 re
1064 2375 1074 2392 ‚
1104 2349 1209 2382 vocat
1223 2342 1316 2392 τοὺς
1329 2344 1371 2384 ἐκ
1381 2346 1454 2394 τῆς

800 2398 988 2448 Ἑλλάδος
1010 2400 1076 2440 ἐπὶ
1096 2402 1220 2455 σοφίᾳ
1231 2396 1454 2454 πρωτεύον-

804 2473 873 2504 τας
892 2462 929 2496 et
948 2455 1042 2506 τοὺς
1063 2457 1128 2497 ἐπὶ
1148 2458 1369 2512 φιλοσοφίᾳ
1390 2472 1452 2508 μεἡ

803 2518 940 2567 γίστην
970 2510 1090 2566 δόξην
1125 2514 1293 2566 ἔχοντας.
1355 2513 1454 2558 Quin

803 2584 887 2610 mox
916 2572 1066 2610 eosdem
1096 2572 1281 2623 sapientes
1310 2572 1452 2617 eodem,

802 2641 876 2678 quo
905 2629 1139 2676 Herodotus,
1177 2633 1284 2666 ornat
1305 2628 1454 2665 nomine

803 2687 1029 2734 σοφιστῶν,
1085 2698 1195 2723 sensu
1237 2685 1450 2724 honorificO.

803 2741 883 2780 Nec
903 2743 973 2780 alio
989 2747 1100 2791 atque
1109 2742 1322 2780 Herodotus
1341 2753 1452 2779 sensu

804 2795 994 2848 σοφιστάς
1051 2799 1190 2836 dixerat
1246 2797 1451 2837 Androtion

803 2855 892 2906 (ap.
915 2854 1065 2893 Aristid.
1092 2855 1127 2892 ll
1151 2869 1188 2906 p.
1204 2857 1286 2897 311
1305 2854 1450 2899 Iebb.)·‚

804 2913 878 2950 vid.
909 2913 985 2951 eius
1016 2913 1146 2962 fragm.
1179 2925 1217 2964 p.
1249 2912 1350 2958 118,
1380 2909 1447 2946 nisi

1483 493 1749 552 2¹25228522⁸sssm¹112²³⁸

1480 555 1562 596 legen
1575 559 1748 591 peregrinu—

1478 592 1519 618 ῑιο
1539 591 1684 619 decennii.
