1759 3324
340 241 423 279 716

726 237 1200 276 HERODOTI

311 348 424 403 57029
454 347 525 391 καὶ
557 348 695 402 ἕτεροι
723 350 928 390 τοιοῦτοι.
968 344 1100 389 ,ἀλλὰ
1129 347 1288 389 τοιοίδε
1317 347 1390 389 καὶ
1421 350 1597 401 μᾶλλον,
1611 354 1655 388 30

342 425 409 470 ὅτι
435 430 595 482 μοῦνοι
625 427 802 470 πάντων
824 424 1075 480 ἀνθρώπων
1096 425 1256 481 Κόλχοι
1276 426 1347 469 καὶ
1368 425 1601 480 Αἰγύπτιοι

340 506 413 549 καὶ
441 507 651 556 Αἰθίοπες
691 504 1028 560 περιτάμνονται
1075 503 1149 547 ἀπ’
1190 504 1325 560 ἀρχῆς
1354 505 1406 548 τά
1438 507 1596 548 αἰδοῖα.

1734 0 1738 104 'ss

1735 112 1738 144 1

1749 218 1752 283 l

1751 317 1753 351 ι

1720 463 1759 553 »l

1758 562 1759 576 1

313 586 553 635 6Φοίνικες
591 585 636 628 δὲ
674 585 747 627 καὶ
776 582 916 639 Σύροι
947 586 990 627 οἱ
1029 585 1075 628 ἐν
1112 588 1164 642 τῇ
1190 586 1484 640 Παλαιστίνῃ,
1528 584 1601 628 καὶ
1644 579 1759 630 151'i

1755 721 1759 929 4

285 805 392 841 mian.
413 803 573 841 Marcell.
592 802 722 849 XXII,
751 805 824 851 16,
854 804 935 840 snb-

279 860 450 910 fusculi,
492 859 721 896 schwd'rzlz'ch
742 889 752 906 ,
791 859 937 896 dunkel-

280 916 422 966 Jitrbz'g.
478 917 589 953 Hunc
614 916 709 952 enim
737 917 936 966 Aegyptio-

286 986 363 1008 rum
379 973 535 1009 colorem
557 986 638 1010 esse
657 973 761 1008 docet
777 973 936 1009 Heeren.

286 1029 396 1065 ldeen
416 1028 472 1075 ll,
492 1033 517 1070 2
546 1042 581 1078 p.
601 1030 654 1068 83
670 1042 746 1076 seq.
769 1031 822 1068 90
850 1041 938 1065 eun-

287 1086 443 1133 demque
469 1086 668 1122 ostendunt
702 1091 937 1122 monumenta

285 1141 534 1190 Aegyptiaca,
564 1141 600 1176 in
618 1141 750 1189 quibus
766 1141 939 1191 Aegyptii

287 1198 450 1234 homines
475 1202 796 1246 repraesentantur
815 1199 940 1234 subfu-

288 1253 376 1292 sculi
395 1258 431 1290 et
450 1255 568 1303 crispi.
612 1254 653 1290 In
673 1255 814 1290 mumiis
837 1255 938 1291 inve-

286 1311 383 1348 nitur
401 1315 478 1346 tum
503 1310 620 1347 brevis
653 1314 690 1347 et
717 1311 855 1360 crispus
876 1324 936 1347 ca-

286 1366 411 1418 pillus,
440 1371 519 1402 tum
541 1380 625 1404 vero
648 1366 754 1403 etiam
773 1372 890 1403 rectus
903 1370 941 1403 et

287 1423 501 1473 promissus.
560 1422 712 1460 Praeter
731 1423 892 1460 Heeren.
915 1422 938 1459 l.

288 1480 310 1516 l.
334 1479 399 1516 Cr.
427 1479 563 1516 consuli
582 1479 657 1515 vult
681 1479 939 1516 Blumenbach.

286 1536 399 1573 Beitr.
415 1549 446 1572 z.
461 1535 703 1584 Naturgesch.
727 1536 760 1572 ll
772 1549 825 1572 nr.
838 1536 941 1571 XVII

287 1605 374 1643 pag.
401 1594 480 1632 136
511 1598 547 1628 et
575 1605 661 1642 pag.
687 1593 786 1639 132,
812 1592 871 1628 ubi
895 1593 942 1628 de

286 1648 550 1698 Aegyptiorum
580 1650 673 1685 facie
697 1648 942 1685 lineamentis-

289 1717 360 1753 que
391 1706 522 1751 agitur.
580 1705 657 1742 Sed
685 1705 815 1742 Ritter.
848 1704 942 1740 Vor-

287 1760 381 1798 halle
411 1766 477 1798 etc.
506 1774 542 1811 p.
567 1761 622 1802 42
661 1761 730 1798 hoc
758 1761 941 1798 Herodoti

288 1821 503 1866 argumento
525 1818 610 1854 nihil
621 1818 840 1866 Aegyptiam
854 1817 941 1853 Col-

288 1873 437 1910 chorum
463 1874 640 1922 originem
677 1874 825 1924 probari
856 1887 944 1910 con-

288 1931 429 1976 tendit,
460 1943 540 1966 cum
563 1936 599 1967 et
629 1930 708 1966 Indi
729 1935 766 1967 et
793 1930 943 1967 Aethio-

289 2000 355 2036 pes
378 1987 535 2023 eundem
551 1993 680 2034 gerant
698 1986 859 2023 colorem
883 2000 943 2023 ca-

288 2042 485 2091 pillumque
507 2071 518 2090 ,
556 2043 786 2079 Herodotum
821 2048 942 2079 autem

290 2098 491 2134 istiusmodi
522 2099 637 2135 crines
664 2099 702 2135 in
723 2098 868 2135 Colchis
899 2112 941 2136 eo

289 2154 406 2201 magis
429 2155 669 2201 adverterint,
700 2167 772 2202 quo
800 2155 943 2192 accolae

291 2215 418 2258 gentes
432 2238 442 2254 ‚
464 2210 642 2258 Scythae,
667 2210 829 2247 Thraces
843 2211 941 2246 Pon-

290 2266 366 2312 tici,
397 2265 488 2302 aliae
508 2267 673 2302 nationes
685 2295 695 2312 ,
713 2266 821 2302 alium
837 2279 942 2316 pror-

292 2336 352 2359 sus
373 2322 539 2371 capillum
559 2322 728 2358 habeant.

349 2373 447 2416 ἅλλᾶ
487 2377 658 2428 τοισίδε]
698 2377 862 2424 τοισίδε,
901 2381 941 2413 ut

291 2448 386 2471 nuuc
413 2434 553 2480 edunt,
611 2435 746 2471 dudum
781 2434 942 2471 voluerat

296 2491 448 2528 Werfer.
478 2491 514 2526 in
544 2495 630 2527 actt.
647 2490 746 2540 phill.
765 2490 891 2526 Monu.
912 2489 940 2535 l,

295 2550 316 2587 1
345 2559 430 2596 pag.
450 2548 513 2587 98.
571 2546 621 2583 Et
649 2549 741 2583 conf.
764 2547 942 2584 Herodot.

291 2603 411 2650 l‚32.
470 2602 586 2651 Vulgo
616 2606 717 2641 τοῖσι
748 2599 818 2652 δή.

349 2654 409 2698 ὅτι
427 2660 571 2707 μοῦνοι
588 2681 643 2685 —
662 2654 723 2697 ἐπ’
749 2656 872 2709 α’ρχῆς
894 2655 944 2697 ta*

294 2713 442 2765 αἰδοῖα]
469 2714 526 2753 De
546 2716 809 2752 circumcisione
832 2729 942 2764 supra

292 2766 495 2809 monuimus
521 2772 569 2808 ad
595 2771 647 2819 ll,
665 2773 739 2818 37,
771 2771 831 2807 ubi
860 2772 942 2808 vide

292 2828 416 2865 laudd.
455 2827 596 2865 Afferre
618 2842 762 2877 quoque
777 2832 941 2877 poteram

293 2884 474 2936 copiosius
494 2885 560 2922 hac
577 2885 623 2922 de
640 2897 679 2922 re
700 2890 941 2935 exponentem

1004 803 1173 841 Michael.
1202 802 1297 840 Mos.
1327 803 1454 841 Recht.
1485 808 1571 841 tom.
1593 803 1656 841 IV.

1005 859 1040 910 ἓ.
1074 860 1165 901 185.
1231 859 1291 896 Ad
1328 864 1492 898 nostrum
1540 861 1659 897 locum

1005 916 1140 953 consul.
1157 916 1317 966 inprimis
1330 915 1502 953 Meiners.
1520 916 1556 952 in
1571 917 1659 952 scri-

1004 973 1130 1023 ptione
1154 985 1264 1022 supra
1294 972 1442 1009 laudata
1471 985 1556 1022 pag.
1577 973 1658 1013 208

1006 1035 1042 1066 et
1080 1029 1292 1065 Hoffmann.
1332 1028 1355 1065 l.
1389 1028 1412 1064 l.
1448 1041 1534 1078 pag.
1564 1031 1657 1069 267.

1005 1085 1205 1133 Postquam
1227 1085 1322 1121 euim
1349 1084 1509 1134 pluribus
1534 1085 1659 1134 dispu-

1006 1147 1119 1178 tatum
1137 1146 1193 1178 est
1212 1154 1234 1177 a
1254 1141 1339 1177 viris
1353 1142 1470 1178 doctis
1491 1142 1536 1177 de
1548 1141 1657 1178 moris

1007 1199 1109 1234 istius
1127 1198 1287 1245 origine,
1309 1197 1394 1233 illud
1414 1198 1500 1234 satis
1516 1198 1657 1234 firmum

1008 1260 1219 1303 certumque
1255 1254 1415 1302 videtur,
1453 1253 1657 1303 Aegyptios

1005 1312 1129 1359 utique
1148 1323 1214 1360 per
1237 1323 1382 1347 omnem
1403 1311 1659 1359 antiquitatem

1006 1368 1141 1417 primos
1162 1379 1255 1412 esse,
1279 1366 1340 1415 qui
1357 1366 1659 1403 circumcisionem

1009 1428 1045 1460 et
1074 1424 1144 1473 ipsi
1174 1423 1399 1460 observarint
1429 1428 1465 1460 et
1492 1424 1540 1460 ad
1570 1422 1657 1459 alias

1006 1479 1252 1516 transtulerint
1273 1483 1420 1527 gentes,
1449 1483 1488 1516 ut
1514 1479 1570 1516 vel
1598 1478 1660 1515 Iu-

1011 1537 1092 1573 daei
1118 1537 1204 1573 inde
1232 1536 1537 1572 circumcisionem
1558 1548 1660 1573 acce-

1009 1593 1110 1643 pisse
1129 1592 1282 1642 putandi
1305 1592 1388 1628 sint.
1445 1592 1557 1629 Unde
1583 1605 1660 1628 ma-

1010 1650 1104 1686 xime
1129 1649 1305 1698 probatur
1336 1648 1518 1685 Herodoti
1535 1660 1660 1685 narra-

1009 1706 1083 1752 tio,
1113 1705 1229 1754 quiin
1251 1717 1294 1741 eo
1313 1704 1433 1754 potius
1461 1706 1522 1753 (ut
1537 1707 1661 1742 monet

1008 1761 1194 1799 Michaelis
1214 1760 1237 1797 l.
1260 1760 1282 1797 l.
1302 1773 1387 1811 pag.
1413 1764 1463 1802 17
1481 1761 1578 1809 not.)
1608 1760 1661 1798 la-

1009 1832 1096 1868 psus
1116 1831 1196 1855 esse
1224 1818 1409 1865 videatur,
1438 1813 1662 1868 quod'ipsos

1009 1875 1168 1912 Iudaeos
1200 1873 1288 1911 talia
1323 1887 1363 1911 se
1397 1875 1443 1911 ab
1471 1874 1662 1924 Aegyptiis

1012 1932 1195 1981 accepisse
1216 1930 1432 1968 confitentes
1452 1931 1562 1978 facit,
1582 1943 1662 1966 cum

1011 1987 1317 2025 circumcisionem
1345 1987 1404 2024 dei
1432 1987 1532 2024 iussu
1560 1987 1665 2023 insti-

1011 2049 1124 2081 tutam
1154 2056 1198 2081 ex
1222 2043 1464 2080 remotissimo
1489 2056 1578 2080 aevo
1605 2055 1663 2079 re-

1010 2103 1188 2151 peterent.
1217 2100 1278 2135 Ad
1293 2099 1555 2149 Aegyptiacam
1573 2098 1663 2135 Col-

1009 2156 1157 2194 chorum
1176 2156 1353 2204 originem
1369 2156 1595 2205 probandam
1614 2168 1661 2192 ne

1009 2212 1078 2249 hoc
1095 2212 1241 2259 quidem
1259 2210 1378 2248 valere
1394 2215 1660 2258 argumentum,

1009 2281 1031 2304 a
1049 2268 1314 2304 circumcisione
1333 2268 1498 2314 ductum,
1530 2267 1661 2304 Ritteri

1009 2323 1096 2371 (1.1.
1128 2337 1164 2373 p.
1185 2324 1236 2363 41
1261 2324 1357 2371 seq.)
1385 2327 1439 2360 est
1470 2323 1661 2370 sententia,

1010 2393 1089 2416 cum
1128 2380 1226 2429 apud
1251 2379 1411 2425 Arabes,
1448 2379 1660 2416 Homeritas

1009 2436 1274 2483 Hebraeosque
1295 2436 1380 2472 inde
1398 2436 1444 2472 ab
1454 2436 1660 2472 Abrahamo

1009 2492 1046 2527 in
1093 2491 1268 2528 interioris
1305 2491 1414 2529 Asiae
1454 2492 1660 2540 regionibus

1012 2548 1234 2584 circumcisio
1264 2548 1299 2583 in
1323 2562 1388 2584 usu
1411 2549 1519 2585 suerit
1550 2552 1587 2585 et
1613 2548 1661 2585 ad

1007 2604 1125 2653 ipsam
1143 2603 1354 2652 religionem
1374 2604 1554 2654 spectarit.

1067 2655 1194 2709 Σύροι
1218 2659 1257 2697 οἱ
1276 2659 1316 2698 ἐν
1336 2663 1385 2714 τῇ
1399 2658 1658 2713 Παλαιστίνῃ]

1009 2715 1179 2763 Intelligit
1208 2716 1383 2753 Hebraeus
1414 2717 1488 2754 sive
1511 2715 1661 2752 Iudaeos

1009 2773 1072 2817 (cf.
1105 2772 1320 2809 Billerbeck.
1346 2773 1456 2811 Asiae
1482 2773 1658 2810 Herodot.

1009 2829 1142 2865 diflicil.
1172 2842 1257 2878 pag.
1282 2828 1318 2868 4.
1350 2832 1412 2870 12.
1473 2828 1659 2866 Michaelis

1013 2884 1035 2921 l.
1065 2884 1087 2921 l.
1122 2897 1208 2935 pag.
1231 2888 1280 2925 17
1308 2889 1428 2933 not.)‚
1457 2886 1503 2923 de
1530 2885 1659 2934 quibus
