1777 3324
513 259 1032 302 EUTERPE.11.

1311 259 1396 300 857

134 377 270 421 πτίων
302 375 457 419 ὄπισθε
486 372 610 424 στὰς,
646 369 878 426 περιέθηκέ
908 369 951 411 οἱ
978 366 1159 423 κυνέην·
1215 368 1289 412 καὶ
1319 383 1395 411 πε-

105 459 336 513 Ξριτιθεὶς,
381 456 462 509 ἔφη
503 452 606 504 »ἐπὶ
644 452 846 506 βασιληίῃ
877 447 1186 502 περιτιθέναι.“
1232 448 1307 491 καὶ
1335 451 1398 505 τῷ

135 536 190 580 οὔ
219 552 305 586 κως
335 531 570 577 οέεκούσιον
599 530 761 585 ἐγίνετο
802 528 851 572 τὸ
883 524 1167 582 ποιεύμενον,
1221 524 1280 578 ὥς
1310 528 1398 570 διε-

135 617 313 660 δείκνυε.
372 612 462 655 έπεί
500 626 544 653 τε
586 608 669 665 γὰρ
710 606 949 664 ἐστήσαντό
991 623 1065 662 μιν
1102 606 1281 662 βασιλέα
1309 611 1398 649 τῶν

131 693 385 749 Αἰγυπτίων
416 692 459 733 οἵ
489 687 768 739 ἀπεστεῶτες,
823 685 1163 741 παρεσκευάζετο
1196 684 1255 737 ὥς
1284 685 1427 730 ἐλῶνὸ

104 773 206 817 3ἐπὶ
234 771 321 816 τόν
348 769 538 826 Ἀπρίην.

597 765 864 822 Πυθόμενος
902 766 948 810 δὲ
990 769 1127 808 ταῦτα
1155 764 1178 809 ὁ
1212 764 1396 821 Ἀπρίης,

132 853 289 908 ἔπεμπε
329 847 394 894 ἐπ’
428 848 612 904 ’Ἀμασιν
644 847 786 903 ἄνδρα
816 844 1002 901 δόκιμον
1031 849 1120 888 τῶν
1149 845 1248 898 περὶ
1289 844 1398 888 ἑωυ-

138 932 218 975 τόν
247 930 524 986 Αἰγυπτίων,
554 931 616 984 τῷ
646 926 816 982 οὕνομα
845 921 900 981 ἦν
930 923 1234 980 Πατάρβημις·
1265 924 1399 968 ἐντει-

134 1011 321 1065 λάμενος
352 1009 494 1068 αὐτῷ,
549 1012 688 1061 ζῶντα
717 1006 899 1061 ’Ἀμασιν
939 1002 1116 1059 ἀγαγεῖν
1157 1001 1255 1058 παρ’
1287 1002 1398 1047 ἑωυ-

106 1090 231 1135 4τόν.
275 1087 334 1140 ὥς
366 1089 411 1131 δὲ
453 1086 718 1142 ἀπικόμενος
757 1084 835 1128 τόν
857 1083 1044 1138 ’Ἁμασιν
1075 1082 1218 1126 ἐκάλεε
1248 1082 1271 1127 ὁ
1303 1087 1399 1127 Πα-

134 1168 367 1225 τάρβημις,
409 1167 431 1210 ὁ
457 1167 638 1222 ’Ἄμασις
670 1165 805 1220 (ἔτυχε
834 1162 916 1219 γὰρ
946 1161 1016 1206 ἐπ’
1046 1164 1182 1205 ἵππου
1212 1163 1398 1218 κατήμε-
1414 1172 1456 1204 10

134 1249 228 1304 νος)
268 1246 462 1301 ἐπάρας,
503 1244 785 1301 ἀπεματάισε·
832 1243 906 1286 καὶ
937 1241 1069 1285 τοῦτο’
1099 1259 1176 1297 μιν
1205 1242 1400 1286 ἐκέλευσε

105 1324 285 1383 5Ἀπρίῃ
317 1324 514 1381 ἀπάγειν.
547 1324 663 1380 ὅμως
693 1323 738 1367 δὲ
769 1321 904 1366 αὐτὸν
935 1320 1087 1373 ἀξιοῦν
1116 1321 1192 1364 τὸν
1220 1321 1399 1376 Πατάρ-

135 1410 289 1462 βημιν,
321 1405 520 1461 βασιλέος
549 1403 945 1459 μεταπεμπομένου,
976 1400 1083 1444 ἰέναι
1109 1400 1218 1455 πρὸς
1239 1400 1398 1445 αὐτόν·

134 1485 210 1528 τὸν
241 1485 287 1528 δὲ
314 1484 431 1544 αὐτῷ
461 1483 803 1538 ὑποκρίνεσθαι,
843 1481 903 1532 ὠς
925 1486 1087 1534 ,,ταῦτα
1112 1479 1248 1524 πάλαι
1266 1496 1399 1535 παρε-

134 1562 396 1616 ,,σκευάζετο
419 1563 596 1618 ποιέειν,
616 1564 690 1607 καὶ
711 1562 831 1621 αὐτῷ
856 1560 909 1606 ου’
927 1563 1184 1618 μέμψασθαι
1201 1559 1397 1618 Ἀπρίην·
1414 1567 1455 1602 15

138 1737 214 1789 ἔφη
238 1737 302 1777 ἐπὶ
328 1739 513 1793 βασιληΐῃ
534 1738 730 1791 περιτιθέ-

78 1794 160 1845 ναι]
193 1794 256 1834 ἒπὶ
280 1796 464 1851 βασιληίῃ
494 1800 595 1845 *regni
623 1811 732 1834 causa

79 1865 106 1888 s.
129 1865 241 1901 regem
261 1851 505 1890 declaraturus
527 1853 639 1891 illum.
671 1853 732 1890 Tu

79 1910 204 1946 confer
238 1909 285 1945 sis
315 1910 352 1957 Ι,
385 1910 450 1950 41.
490 1910 543 1957 ΙΙ,
578 1914 676 1956 121,
705 1909 732 1950 4

80 1965 167 2014 ibiq.
193 1965 289 2002 laud.
358 1966 406 2002 Et
434 1967 576 2003 videtur
606 1967 732 2016 utique

81 2021 185 2070 galea
205 2023 329 2070 regiae
348 2023 535 2071 dignitatis
552 2024 649 2073 apud
660 2024 734 2061 Ae-

81 2079 226 2128 gyptios
255 2079 397 2126 insigne
423 2080 557 2126 fuisse,
589 2081 618 2116 si
640 2092 734 2128 quae

80 2134 128 2181 Il,
152 2135 228 2175 151
252 2140 466 2181 narrantur,
486 2137 734 2186 respiciamus.

81 2212 136 2217 ——
155 2191 195 2227 ln
218 2204 322 2240 seqq.
352 2192 518 2230 meliores
546 2193 655 2232 libros
678 2206 736 2230 se-

81 2247 153 2283 cuti
180 2261 259 2284 cum
282 2248 397 2287 Gaisf.
418 2249 595 2287 edidimus
616 2248 736 2301 ἐγίνε-

81 2317 125 2342 το
148 2316 213 2353 pro
234 2304 330 2353 vulg.
354 2303 517 2356 ἐγένετο.

139 2358 446 2410 παρεσκευάζετο
505 2360 558 2408 ὥς
605 2361 733 2413 ἐλῶν]

85 2415 192 2453 Conf.
212 2417 341 2455 Matth.
369 2419 434 2455 Gr.
455 2419 520 2456 Gr.
549 2432 584 2468 p.
612 2422 732 2460 1091-

84 2471 196 2508 Paulo
216 2479 300 2523 post
329 2488 407 2511 cum
435 2481 585 2513 recentt.
607 2475 733 2512 melio-

85 2540 161 2564 rem
203 2531 391 2567 verborum
431 2533 593 2569 ordinem
627 2532 735 2569 resti-

85 2584 238 2632 tuimus,
268 2599 346 2623 cum
366 2587 476 2636 vulgo
495 2595 591 2626 esset
612 2586 632 2627 ὅ
648 2591 735 2626 Πα-

85 2635 275 2691 τάρβημις
303 2640 433 2682 ἐκάλεε
462 2641 735 2694 τὸν”Αμασιν.

143 2694 303 2748 ἐπάρας,
326 2695 583 2752 ἀπεματάισε]
602 2702 644 2738 Id
662 2706 734 2739 est:

88 2752 223 2790 sublato
260 2768 358 2792 crure
373 2785 384 2803 ,
432 2759 568 2808 flatum
604 2760 737 2795 ventris

88 2810 200 2845 emisit
220 2823 247 2847 s.
261 2813 409 2862 pepedit.
440 2814 632 2851 Illustravit
647 2816 737 2852 haec

86 2863 302 2916 Wesseling.
323 2869 429 2906 simili
447 2869 629 2908 locutione
641 2871 738 2907 Pha-

87 2921 202 2958 vorini
234 2923 271 2960 in
307 2925 458 2963 Stobaei
504 2939 610 2964 serm.
634 2927 736 2964 CXII

799 1753 835 1790 p.
861 1737 942 1779 586
973 1741 1009 1776 et
1034 1736 1166 1776 Athen.
1194 1737 1265 1783 ΙΙΙ,
1293 1736 1319 1777 4
1348 1737 1455 1785 (11)

799 1808 885 1846 pag.
905 1797 981 1841 76,
1005 1794 1050 1831 F.
1108 1794 1167 1832 Ad
1197 1789 1346 1846 ἐπάρας
1374 1794 1457 1831 licet

799 1851 1048 1900 subintelligas
1081 1848 1124 1890 τό
1156 1849 1315 1896 σκέλος,
1357 1850 1457 1899 quod

800 1909 920 1958 ipsum
942 1908 1043 1959 apud
1065 1908 1268 1944 stobaeum
1291 1907 1457 1944 additum

801 1965 968 2013 legimus.
1028 1959 1274 2015 οἷπεματάϊσε
1308 1976 1330 2000 a
1352 1963 1458 2000 scho-

801 2022 848 2059 lio
859 2034 1052 2071 perperam
1074 2021 1267 2071 exponitur
1277 2019 1411 2070 ε’μαται
1419 2034 1458 2059 ο-

801 2074 946 2129 λόγησε
969 2107 978 2126 ,
1019 2073 1236 2128 ἐμώρανεν.
1307 2077 1457 2113 Rectius

801 2134 980 2171 intellexit
1000 2135 1212 2171 Plutarchus
1242 2134 1289 2170 de
1310 2133 1457 2182 malign.

802 2192 983 2229 Herodot.
1015 2192 1122 2242 (opp.
1141 2195 1168 2227 t.
1186 2190 1239 2237 ΙΙ)
1258 2192 1398 2239 p.866,
1412 2189 1456 2226 C.

803 2271 859 2276 —
888 2248 930 2284 In
961 2260 1064 2298 seqq.
1092 2261 1174 2284 cum
1213 2247 1330 2284 Gaisf.
1359 2246 1459 2284 edidi

805 2303 955 2345 ἐκέλευε
974 2318 1041 2355 pro
1062 2304 1160 2353 vulg.
1182 2302 1371 2342 ἐκέλευσε.

860 2357 967 2412 ὅμως
988 2359 1031 2400 δὲ
1049 2356 1166 2400 αὐτὸν
1187 2355 1358 2410 οἷξιοῦν]
1389 2353 1458 2397 ocv’-

805 2414 876 2456 τὸν
907 2423 964 2455 est
992 2418 1121 2456 obiecti
1153 2418 1215 2466 qui
1245 2418 1375 2454 dicitur
1398 2429 1459 2453 ac-

802 2475 1004 2521 cusativus3
1042 2474 1193 2511 Amasin
1222 2474 1316 2511 enim
1344 2473 1460 2522 respi-

803 2532 874 2579 cit,
914 2545 1023 2580 quem
1048 2531 1275 2568 Patarbemis
1303 2529 1459 2578 rogavit,

803 2593 863 2634 ut,
893 2601 981 2636 rege
1010 2592 1236 2634 arcessente,
1269 2588 1317 2624 ad
1340 2587 1459 2636 ipsum

805 2644 969 2693 (regem)
1000 2644 1201 2682 accederet.
1267 2643 1366 2680 Hinc
1390 2639 1459 2681 τόν

805 2698 848 2740 δὲ
869 2702 905 2738 in
926 2714 1030 2750 seqq.
1052 2701 1099 2737 ad
1118 2700 1266 2737 Amasin
1287 2699 1459 2750 pertinet,

806 2754 917 2811 αὐτῷ
945 2758 993 2794 ad
1025 2757 1270 2795 Patarbemin.
1299 2777 1355 2783 —
1386 2755 1459 2791 Pro

805 2813 1046 2865 μέμψασθαι
1083 2813 1301 2851 Schaeferus
1338 2812 1460 2862 posuit

806 2869 1053 2922 μέμψεσθαι,
1075 2870 1155 2907 sine
1171 2870 1244 2907 ulla
1263 2870 1356 2905 iusta
1373 2880 1459 2904 cau-

808 2939 860 2964 sa.
919 2927 1029 2965 Conf.
1048 2925 1088 2974 I,
1106 2925 1161 2967 24
1185 2926 1273 2975 ibiq.
1296 2927 1373 2962 not.
