1759 3324
311 235 396 275 (536

726 232 1198 272 HERODOTI

309 348 364 402 τῇ
394 346 569 389 ἑωυτῶν
599 345 772 388 ἕκαστοι
801 343 901 387 πόλι
925 343 1146 387 θάπτουσι
1177 342 1223 386 ἐν
1254 344 1371 399 ἱρῇσι
1398 339 1576 399 θήκῃσι.

281 423 372 476 3ὦς
402 425 447 468 δὲ
478 424 620 476 αὕτως
656 429 753 482 τῇσι
783 425 882 468 κυσὶ
913 426 957 467 οἱ
985 423 1176 479 ἰχνευταὶ
1204 420 1461 466 θάπτονται.
1500 422 1577 473 τὰς

253 636 351 673 dium
374 634 524 671 Metam.
557 633 600 679 V,
628 635 710 674 329
731 631 811 668 coll.
832 629 909 667 An-

253 697 329 729 ton.
348 691 473 728 Liber.
498 694 643 727 metam.
667 688 739 725 sab.
758 690 811 729 28
833 691 909 724 tra-

253 749 368 784 ditum
388 747 562 795 legimus,
598 747 704 782 deam
726 745 762 780 in
782 754 909 794 pugna

255 804 452 853 Typhonia
482 817 521 840 se
543 804 580 839 in
599 802 708 840 selem
732 802 909 837 transfor-

252 873 385 898 masse.

307 913 376 963 τοὶς
393 913 434 954 δὲ
456 910 580 961 κύνας
612 913 654 953 ἐν
676 915 728 968 τῇ
748 911 908 951 ἑωυτῶν

254 972 410 1012 ἕκαστοι
430 988 464 1011 κ.
484 988 516 1010 τ.
537 974 582 1018 [L]
605 972 729 1008 Canes
747 982 906 1019 quoque,

253 1043 405 1079 quarum
434 1030 506 1066 iam
537 1030 674 1066 mentio
703 1028 758 1073 11,
788 1029 840 1067 66
868 1026 906 1062 in

251 1088 336 1133 fin.‚
366 1087 403 1123 in
440 1087 549 1123 sacris
579 1085 808 1122 habebantur
829 1083 907 1120 ani-

250 1143 426 1190 malibus,
462 1156 529 1180 nec
557 1143 718 1179 infimum
750 1140 819 1176 illic
846 1153 908 1176 oc-

250 1201 436 1250 cupabant
461 1200 579 1236 locum
610 1203 764 1249 propter
794 1197 906 1233 ratio-

250 1271 316 1294 nes
350 1256 633 1302 astronomicas,
674 1268 765 1304 quas
796 1254 905 1290 modo

250 1314 449 1362 attigimus.
515 1312 720 1360 „Proxime
767 1311 905 1357 monui,

251 1383 272 1407 a
291 1371 477 1420 solis,per
494 1370 600 1418 signa
621 1369 710 1406 coeli
730 1368 908 1416 insignio-

250 1440 291 1464 ra
312 1427 488 1474 meantis,
519 1439 641 1463 annuo
661 1425 750 1462 orbe
777 1424 844 1462 hac
869 1424 905 1461 in

249 1497 290 1521 re
313 1484 475 1534 pendere
493 1483 656 1533 plurima.
696 1481 821 1517 Solem
842 1494 907 1517 au-

249 1545 322 1578 tem
342 1540 535 1590 Aegyptiis
558 1540 745 1576 Osiridem
772 1538 906 1574 dictum

250 1610 331 1634 esse
352 1610 464 1648 supra
482 1597 682 1633 docuimus.
721 1595 804 1632 Hoc
825 1594 904 1631 loco

248 1654 337 1690 illud
364 1654 560 1691 addamus:
597 1652 778 1690 Osiridem
810 1651 904 1688 sola-

248 1724 324 1748 rem
371 1710 594 1760 appellatum
629 1722 710 1746 esse
741 1708 903 1756 Σείριον

249 1768 365 1815 (conf.
391 1767 572 1803 Piutarch.
603 1766 649 1803 de
677 1766 722 1802 Is.
751 1770 788 1802 et
804 1765 901 1802 Osir.

247 1838 284 1875 p.
308 1827 391 1865 372
416 1837 444 1860 s.
476 1823 557 1864 525
583 1823 803 1870 Wmenb.)
860 1822 902 1858 In

249 1883 380 1918 eodem
433 1879 530 1917 Sirio
566 1880 732 1916 habitare
772 1879 903 1916 Isidem

249 1939 359 1975 etiam
388 1937 570 1974 docebant
596 1936 771 1985 Aegyptii
811 1935 902 1983 (vid.

247 1994 519 2043 inscriptionem
563 1994 663 2042 apud
699 1992 904 2029 Diodorum

247 2050 309 2087 lib.
327 2050 344 2086 Ι
364 2063 441 2099 cap.
454 2053 506 2090 27
526 2063 562 2099 p.
575 2051 627 2089 31
649 2048 905 2096 wesseling).

247 2107 423 2143 Habebat
459 2111 579 2142 autem
608 2104 769 2141 canicula
799 2105 903 2141 binas

248 2162 370 2200 stellas
402 2175 492 2211 prae
520 2161 648 2198 ceteris
679 2161 903 2210 splendidas,

247 2219 397 2256 alteram
416 2219 452 2254 in
475 2218 613 2268 capite,
645 2230 751 2266 quam
772 2218 904 2254 [sidem

246 2276 456 2321 vocabant,
503 2275 540 2311 in
593 2274 719 2322 lingua
755 2274 904 2310 alteram

249 2332 344 2370 Sirii
370 2333 516 2368 nomine
542 2331 721 2378 insignem
751 2330 904 2377 (confer

245 2388 432 2427 lablonsk.
453 2387 584 2424 Panth.
606 2387 698 2435 Aeg.
727 2386 759 2422 11
792 2400 827 2436 p.
849 2385 903 2426 34-

247 2446 384 2494 seqq.).
442 2444 519 2481 Iam
542 2456 650 2481 nemo
677 2443 811 2490 nescit,
843 2456 903 2479 ca-

246 2501 386 2540 niculae
433 2500 537 2550 quasi
586 2499 773 2536 dominum
821 2512 903 2536 esse

246 2557 438 2595 Anubidem
451 2586 461 2604 ,
493 2557 568 2593 sive
587 2555 826 2602 Ill-eremium,
844 2568 902 2592 ca-

246 2616 334 2652 nino
355 2614 473 2664 capite
498 2613 669 2663 imposito
690 2611 901 2658 notabilem,

247 2673 269 2708 i.
298 2684 329 2708 e.
361 2684 443 2707 eum
471 2670 578 2707 deum
597 2698 608 2716 ,
650 2669 712 2717 qui
738 2668 827 2705 Isidi
867 2673 903 2705 et

248 2727 387 2765 Osiridi
418 2728 456 2763 in
493 2726 591 2762 omni
623 2725 718 2762 vitae
759 2724 900 2761 actione

247 2785 373 2831 adest,
403 2787 440 2820 et
459 2783 575 2820 necati
593 2781 652 2818 dei
669 2794 801 2830 corpus
827 2786 901 2817 stu-

247 2842 351 2878 diose
378 2840 526 2889 inquirit
550 2851 593 2876 ac
623 2837 691 2875 rite
715 2837 900 2874 conditum

248 2898 296 2935 ad
320 2896 446 2935 Nilum
464 2896 594 2934 defert.
651 2893 764 2932 Cuius
778 2893 900 2944 inqui-

977 632 1116 668 sitionis
1148 632 1212 668 fidi
1253 632 1339 668 socii
1380 631 1494 668 fuisse
1521 643 1630 669 canes

975 689 1196 726 serebantur.
1254 688 1296 724 In
1316 689 1390 725 eius
1417 689 1469 726 rei
1491 701 1631 725 memo-

974 745 1064 781 riam
1086 745 1123 780 in
1142 744 1246 781 Isidis
1266 745 1326 781 die
1346 746 1440 781 festo
1457 757 1632 794 pompam

976 801 1159 838 ducebant
1176 814 1284 837 canes
1297 830 1307 847 ,
1324 802 1376 837 uti
1393 802 1519 850 prodit
1537 801 1631 839 Dio-

976 858 1054 893 dor.
1080 857 1191 894 Sicul.
1228 856 1243 892 I
1273 870 1329 906 cp.
1351 859 1416 898 87.
1473 857 1527 894 Ac
1554 859 1631 896 Nili

975 914 1168 951 crescentis
1188 916 1224 951 et
1243 925 1412 951 annonae
1429 913 1542 951 felicis
1563 916 1630 952 abs

973 968 1145 1008 Anubide
1187 970 1338 1018 auguria
1368 983 1497 1021 capere
1535 971 1630 1010 sole-

976 1026 1064 1063 bant
1083 1028 1302 1065 sacerdotes.
1340 1027 1455 1064 Sirius
1477 1028 1630 1077 eiusque

973 1096 1122 1134 praeses
1144 1085 1232 1120 deus
1250 1084 1409 1120 universi
1429 1085 1514 1122 anni
1534 1098 1630 1122 nun-

972 1141 1044 1177 tius
1065 1145 1121 1178 est
1147 1141 1304 1177 habitus.
1363 1139 1422 1178 Ab
1447 1154 1491 1179 eo
1521 1142 1631 1191 igitur

973 1197 1066 1244 deo,
1096 1199 1179 1246 qui,
1217 1202 1398 1246 quatenus
1417 1202 1541 1236 mente
1565 1199 1630 1235 sua

972 1255 1184 1291 moderatur
1239 1254 1411 1292 inferiora
1483 1255 1604 1292 omnia
1618 1283 1630 1302 ‚

975 1309 1011 1347 T
1014 1311 1101 1347 hoth
1118 1333 1136 1338 -
1156 1311 1313 1348 Hermes
1343 1311 1481 1358 dictus,
1518 1313 1630 1361 igitur

975 1367 1021 1403 ab
1043 1381 1086 1404 eo
1111 1367 1440 1416 quidquidluminis
1462 1369 1484 1405 i.
1497 1382 1528 1406 e.
1542 1382 1630 1406 con-

977 1424 1044 1460 silii
1068 1425 1267 1473 salutisque
1293 1425 1329 1461 in
1350 1424 1462 1462 solem
1477 1455 1488 1472 ,
1518 1430 1629 1474 atque

975 1492 997 1517 a
1024 1480 1101 1518 sole
1131 1482 1167 1517 in
1196 1481 1336 1528 lunam,
1368 1481 1531 1530 indeque
1551 1495 1630 1518 rur-
1685 1500 1688 1501 ⁷

976 1550 1036 1573 sus
1058 1538 1093 1573 in
1115 1542 1249 1575 terram
1267 1539 1445 1585 defluxit,
1477 1539 1515 1574 id
1535 1551 1631 1588 quo-

972 1594 1093 1630 tannis
1143 1599 1320 1643 tanquam
1367 1607 1410 1632 ex
1459 1595 1631 1644 primario

972 1651 1075 1688 fonte
1100 1651 1292 1701 repetitur,
1333 1651 1384 1687 ita
1411 1654 1556 1700 tamen,
1585 1655 1629 1688 ut

971 1706 1052 1756 ipse
1084 1719 1179 1757 quae
1206 1708 1336 1745 inentis
1379 1712 1462 1744 sunt
1496 1709 1629 1759 imper-

970 1764 1058 1810 tiat,
1082 1777 1177 1813 quae
1195 1765 1232 1801 in
1252 1765 1500 1802 communibus
1520 1765 1627 1802 bonis

972 1827 1189 1868 censentur,
1220 1834 1262 1858 ea
1291 1822 1414 1858 omnia
1433 1822 1539 1858 Isidis
1570 1835 1630 1858 ar-

971 1877 1079 1913 bitrio
1112 1883 1223 1926 atque
1251 1878 1407 1915 Osiridis
1439 1879 1509 1915 sint
1528 1891 1629 1915 com-

972 1933 1093 1970 missa.
1152 1934 1281 1984 Itaque
1309 1934 1407 1971 idem
1434 1934 1493 1972 ille
1518 1934 1629 1971 latra-

972 1994 1032 2026 tor
1051 1990 1190 2027 Anubis
1205 2021 1215 2038 ,
1245 1992 1283 2027 in
1301 1991 1391 2028 coeli
1410 1992 1559 2040 fastigio
1584 2004 1627 2028 ac

973 2048 1077 2095 quasi
1104 2047 1250 2097 specula
1279 2048 1420 2084 locatus
1439 2077 1451 2095 ,
1489 2048 1630 2096 sagaci-

972 2107 1047 2140 tate
1077 2104 1143 2140 sua
1168 2104 1352 2154 praecellit
1375 2105 1533 2153 reliquas
1563 2104 1628 2141 be-

974 2160 1061 2195 stias
1084 2173 1229 2207 omnes,
1259 2161 1361 2197 velut
1390 2161 1628 2209 sagacissima

971 2216 1089 2252 bestia
1109 2217 1245 2253 canis.“
1257 2217 1430 2254 Creuzer.
1449 2217 1484 2253 in
1497 2230 1626 2254 comm.

970 2271 1137 2309 Herodd.
1166 2286 1203 2322 p.
1229 2272 1307 2314 149
1341 2286 1418 2322 seq.
1475 2273 1534 2311 De
1561 2273 1630 2310 ho-

971 2341 1061 2365 nore
1081 2342 1206 2365 canum
1229 2330 1329 2378 apud
1357 2329 1558 2379 Aegyptios
1581 2331 1626 2366 cf.

970 2384 1153 2421 Plutarch.
1181 2386 1227 2422 de
1244 2385 1291 2422 Is.
1306 2390 1343 2423 et
1355 2387 1452 2423 Osir.
1475 2400 1510 2436 p.
1531 2387 1628 2434 368,

970 2439 1002 2477 F
1034 2445 1069 2477 et
1094 2442 1247 2479 Diodor.
1274 2443 1295 2479 l.
1316 2443 1339 2479 l.
1387 2443 1470 2480 'Nec
1497 2444 1627 2479 mirum

970 2497 1081 2534 multa
1095 2511 1224 2536 canum
1238 2499 1418 2536 cadavera
1436 2500 1531 2537 bene
1549 2513 1628 2536 me-

971 2554 1095 2590 dicata
1118 2556 1154 2590 in
1178 2556 1314 2605 cryptis
1337 2556 1450 2593 fuisse
1469 2560 1625 2606 reperta.

970 2609 1053 2647 vid.
1074 2610 1230 2648 Iomard.
1256 2612 1278 2649 l.
1296 2612 1317 2648 l.
1348 2617 1384 2649 et
1401 2612 1506 2662 plura
1526 2612 1627 2661 apud

969 2666 1186 2704 Reiuhardt.
1215 2668 1253 2704 in
1277 2669 1365 2705 diss.
1387 2667 1483 2705 laud.
1514 2682 1551 2718 p.
1574 2667 1625 2708 15

972 2737 1047 2772 seq.
1106 2724 1213 2774 Apud
1235 2725 1392 2762 Latinos
1420 2725 1504 2761 hinc
1527 2725 1629 2761 inve·

968 2781 1064 2817 nitur
1084 2781 1235 2818 latrator
1251 2781 1410 2829 Anubis,
1439 2785 1482 2818 ut
1502 2784 1628 2818 monet

967 2835 1186 2875 Larcherus.

1027 2891 1081 2941 ὥς
1113 2891 1156 2933 δὲ
1187 2889 1318 2941 αὕτως
1343 2895 1437 2948 τῇσι
1463 2890 1558 2932 κυσὶ
1586 2890 1631 2932 οἷ
