1777 3324
371 268 645 309 uxcURsUs
675 266 724 305 vl
752 264 820 305 AD
852 263 1120 303 HERODOT.
1146 263 1203 311 11,
1235 262 1300 303 85.
1523 266 1606 304 909

546 827 1032 876 EXCURSUS
1087 826 1160 876 VI

317 942 441 982 AD
527 938 1387 989 HERODOT.11,85.

211 1193 270 1231 De
288 1195 502 1241 argumento
528 1190 633 1228 huius
650 1191 776 1241 capitis
799 1194 836 1228 et
858 1190 1085 1239 sequentium
1107 1190 1158 1227 ita
1184 1189 1353 1227 disseruit
1384 1187 1556 1225 Creuzer.
1574 1187 1611 1224 in

99 1264 308 1299 commentt.
328 1260 493 1297 Herodd.
512 1272 598 1309 pag.
619 1258 670 1299 14
689 1271 792 1308 seqq.
850 1287 874 1306 „
887 1257 1010 1294 Fidem
1028 1257 1202 1295 Herodoti
1217 1259 1528 1305 auctoritatemque
1545 1256 1615 1293 hoe

99 1330 137 1366 in
157 1329 235 1366 loco
255 1329 305 1364 ita
321 1328 449 1365 definit
466 1327 631 1376 Heynius
652 1327 689 1363 in
707 1325 822 1376 spicil.
842 1330 916 1363 ant.
939 1338 1047 1363 mum.
1071 1339 1108 1376 p.
1132 1327 1208 1373 78,
1239 1329 1278 1361 ut
1305 1324 1375 1361 alia
1407 1337 1489 1361 eum
1517 1325 1612 1371 visu,

100 1397 170 1435 alia
198 1400 345 1433 narratu
375 1395 556 1445 accepisse
578 1395 687 1432 dicat.
738 1394 857 1437 Quem
883 1394 1068 1431 iudicandi
1094 1394 1242 1431 modum
1267 1393 1408 1430 excedit
1427 1392 1615 1430 Beekerus

100 1466 137 1502 in
154 1463 343 1513 August.l
372 1477 407 1514 p.
430 1465 454 1504 6
481 1476 580 1512 seq.,
607 1475 688 1500 cum
716 1461 945 1499 Herodotum
973 1461 1252 1510 Diodorumque
1276 1465 1390 1509 negat
1418 1459 1499 1510 plus
1524 1461 1616 1497 scire

95 1534 269 1583 potuisse,
303 1544 411 1581 quam
430 1530 526 1579 vulgi
548 1543 611 1568 ore
639 1531 805 1567 ferretur.
864 1529 906 1566 In
938 1542 1010 1579 qua
1037 1529 1184 1567 levitate
1214 1530 1324 1566 miror
1352 1529 1461 1566 etiam
1493 1528 1618 1577 Roye-

101 1602 192 1639 rium
217 1600 443 1650 deprehendi
461 1599 498 1634 in
518 1599 691 1648 descript.
714 1598 761 1634 de
777 1597 948 1647 l’Egypte
966 1598 1071 1634 mem.
1091 1597 1126 1633 X
1153 1609 1239 1647 pag.
1262 1598 1355 1637 208.
1414 1597 1490 1633 Sed
1519 1597 1617 1633 idem

102 1673 224 1706 tamen
243 1667 427 1715 aliquanto
448 1668 588 1703 cautior
604 1666 782 1716 reperitur
801 1666 918 1703 altero
937 1666 1016 1702 loeo
1043 1678 1081 1715 p.
1100 1666 1193 1705 211.
1239 1664 1373 1712 Neque
1392 1668 1514 1700 tamen
1537 1664 1617 1714 ipse

102 1734 405 1773 Blumenbachius
423 1734 460 1770 in
488 1734 659 1782 symbolis
685 1733 885 1771 vernaculis
911 1734 960 1770 ad
986 1733 1112 1769 histor.
1131 1736 1251 1768 natur.
1280 1731 1314 1768 Il
1345 1744 1429 1782 pag.
1452 1733 1528 1772 121
1559 1731 1616 1769 ed.

103 1804 205 1841 alter.
228 1815 301 1839 non
323 1806 475 1838 conatus
493 1806 548 1838 est
568 1802 824 1852 pronuntiare,
861 1814 955 1850 quae
980 1800 1113 1838 utervis
1141 1813 1261 1837 rerum
1289 1800 1441 1849 scriptor
1469 1799 1516 1836 de
1538 1812 1619 1836 mu-

104 1872 183 1909 miis
209 1870 353 1916 tradat,
394 1870 483 1907 haec
513 1883 577 1906 eos
610 1882 684 1906 non
713 1874 790 1907 tam
819 1871 891 1906 suis
918 1870 1028 1920 ipsius
1055 1867 1166 1905 oculis
1196 1879 1415 1917 usurpasse,
1444 1878 1554 1915 quam
1574 1879 1617 1904 ex

105 1939 254 1977 aliorum
280 1938 547 1974 narrationibus
576 1937 751 1974 hausisse.
808 1937 988 1975 Nimirum
1012 1936 1060 1972 illi
1088 1936 1154 1972 viri
1185 1935 1282 1971 docti
1308 1934 1477 1971 iudicium
1515 1948 1619 1971 suum

107 2009 154 2045 de
175 2007 303 2043 horum
332 2006 545 2056 scriptorum
570 2005 643 2041 fide
673 2019 889 2056 suspensum
918 2007 1102 2049 fecerant,
1132 2002 1190 2040 vel
1218 2002 1340 2052 potius
1364 2003 1482 2039 facere
1508 2003 1621 2040 debe-

106 2077 219 2123 bant,
249 2075 294 2111 ab
313 2086 433 2111 earum
452 2073 667 2110 mumiarum
688 2074 828 2110 ratione
841 2102 852 2120 ,
879 2073 1003 2122 quales
1022 2071 1204 2120 hodieque
1225 2082 1292 2120 per
1306 2069 1477 2119 Europae
1494 2082 1621 2107 musea

107 2147 273 2182 servatae
293 2142 531 2191 reperiuntur.
589 2139 638 2176 At
657 2153 742 2177 vero
773 2141 961 2178 advertere
983 2153 1050 2177 nos
1080 2139 1191 2176 debet
1220 2137 1533 2186 intelligentissimi
1562 2138 1621 2174 Io-

107 2211 223 2250 mardi
241 2210 422 2248 sententia
435 2239 445 2256 ,
476 2221 584 2258 quam
602 2208 660 2246 ille
681 2207 917 2259 pronuntiare
941 2220 1015 2244 non
1038 2208 1178 2244 dubitat
1197 2206 1233 2242 in
1255 2206 1369 2242 deser.
1390 2205 1437 2243 de
1460 2205 1621 2256 l’Egypt.

108 2280 246 2329 antiqq.
266 2278 299 2315 ll
321 2292 357 2328 p.
381 2278 463 2318 348
476 2304 486 2322 ,
517 2289 597 2313 cum
615 2276 720 2323 dicit,
751 2279 836 2312 ante
866 2275 1135 2325 expeditionem
1153 2272 1479 2321 Francogallorum
1498 2272 1623 2321 Aegy-

109 2348 221 2397 ptiam
242 2345 377 2383 nemini
397 2347 562 2381 accurate
592 2344 777 2392 cognitam
802 2342 917 2379 fuisse
944 2342 1228 2380 condiendorum
1251 2341 1467 2378 cadaverum
1493 2345 1621 2387 artem,

111 2426 206 2463 quae
228 2413 326 2464 apud
346 2419 486 2449 veteres
509 2410 713 2461 Aegyptios
740 2410 914 2447 floruerit.
973 2410 1022 2447 Et
1048 2409 1174 2447 revera
1200 2408 1379 2458 quidquid
1407 2409 1622 2445 mumiarum

111 2480 309 2531 Europaeis
328 2479 533 2516 hominibus
556 2479 674 2515 adhuc
691 2479 836 2515 obvium
856 2479 995 2525 fuerat,
1026 2478 1064 2514 id
1090 2490 1198 2515 omne
1226 2477 1303 2514 fere
1332 2488 1376 2513 ex
1398 2475 1623 2526 Memphitici

113 2547 190 2596 agri
211 2547 340 2585 finibus
362 2547 614 2596 Sacearaeque
636 2550 779 2583 erutum
807 2547 938 2583 fuerat.
978 2545 1117 2582 Contra
1135 2544 1347 2582 Herodotus
1364 2542 1624 2591 Diodorusque

114 2615 311 2652 Thebaidis
329 2615 526 2653 incolarum
546 2613 767 2665 opulentiam
782 2617 818 2650 et
836 2616 1052 2664 apparatum
1070 2612 1225 2650 maxime
1244 2610 1447 2660 respexisse
1472 2610 1624 2662 putandi

116 2686 206 2719 sunt.

226 2748 313 2786 Non
337 2749 453 2786 maior
474 2749 697 2786 eruditorum
723 2747 907 2785 hominum
934 2759 1130 2785 consensus
1159 2747 1197 2783 in
1226 2745 1450 2795 explorandis
1479 2746 1614 2782 caussis

121 2827 206 2864 quae
220 2815 411 2866 Aegyptios
430 2818 694 2863 commoverint,
722 2818 764 2851 ut
786 2818 858 2851 tam
882 2827 1016 2864 operose
1045 2813 1224 2851 condirent
1250 2814 1493 2864 defunctorum
1517 2812 1624 2848 cada-

119 2894 211 2919 vera.
270 2882 366 2920 Nam
384 2884 540 2934 primurn
556 2883 722 2933 Heynius
743 2882 765 2920 l.
783 2882 805 2920 l.
825 2896 862 2933 p.
880 2882 933 2924 75
954 2882 1077 2933 plures
1096 2882 1172 2920 eius
1189 2882 1345 2920 instituti
1370 2893 1517 2918 caussas
1538 2893 1625 2917 enu-
