1768 3315
355 259 440 300 218

750 251 1223 291 HERODOTI

352 366 513 423 γάλην,
545 360 774 418 ἀνεβίβασε
803 357 864 404 ἐπ’
896 359 1031 418 αὐτὴν
1057 361 1136 405 τὸν
1163 358 1362 416 Κροῖσόν
1390 376 1434 404 τε
1464 359 1512 404 ἐν
1540 362 1614 405 m!-
1655 390 1674 405 ·.

354 446 454 500 δῃσι
500 439 751 498 δεδεμένον,
801 441 876 485 καὶ
917 441 983 493 δὶς
1020 440 1125 484 ἓπτοὶ
1157 443 1318 485 Λυδῶν
1347 438 1443 494 παρ’
1475 439 1614 484 αὐτόν

352 522 534 572 παῖδας·
566 521 614 564 ἐν
647 519 737 578 νόῳ
769 520 876 577 ἔχων
904 521 987 564 εἴτε
1016 520 1069 577 δή
1096 517 1334 575 ἀκροθίνια
1372 523 1510 563 ταῦτα
1537 535 1613 563 κα-

351 604 515 657 ταγιεῖν
553 601 670 645 θεῶν
698 599 806 657 ὅτεῳ
845 598 921 656 δή,
968 601 1051 644 εἴτε
1090 599 1165 643 καὶ
1206 597 1338 656 εὐχὴν
1376 597 1613 642 ἐπιτελέσαι

349 680 494 724 θέλων
505 695 515 705 ·

351 758 506 816 οσεβέα
519 795 530 811 ,

564 680 647 723 εἴτε
675 679 748 723 καὶ
776 678 1029 735 πυθόμενος
1067 678 1145 722 τὸν
1176 682 1373 733 Κροῖσον
1402 676 1514 722 εἶναι
1542 683 1612 722 θε-
1624 684 1670 719 70

585 760 717 802 τοῦδε
757 759 920 801 εἵνεκεν
958 757 1185 815 ἀνεβίβασε
1226 757 1295 802 ἐπὶ
1332 758 1411 814 τὴν
1450 757 1611 813 πυρήν,

350 837 620 896 βουλόμενος
668 837 828 882 εἰδέναι
876 838 917 881 εἴ
949 854 1013 889 τις
1050 854 1125 894 μιν
1164 836 1388 893 δαιμόνων
1439 837 1614 892 ῥύσεται

318 921 434 962 3τοῦ
463 916 521 974 μή
554 920 692 971 ζῶντα
729 920 1072 972 κατακαυθῆναι.

1134 916 1212 959 τὸν
1249 915 1326 971 μὲν
1361 914 1414 970 δὴ
1449 915 1613 958 ποιέειν

349 999 510 1041 ταῦτα·
542 1000 604 1054 τῷ
635 996 681 1041 δὲ
711 997 911 1053 Κροίσῳ,
942 996 1115 1040 ἑστεῶτι
1145 995 1211 1039 ἐπὶ
1234 998 1310 1050 τῆς
1329 996 1480 1050 πυρῆς,
1504 993 1615 1038 ἐσελ-

348 1081 472 1130 θεῖν,
503 1078 577 1120 καί
601 1092 682 1130 περ
714 1075 760 1119 ἐν
789 1079 910 1135 κακῷ
941 1075 1056 1118 ἐόντι
1083 1073 1280 1133 τοσούτῳ
1295 1107 1309 1127 ,
1341 1073 1390 1118 τὸ
1416 1077 1500 1117 τοῦ
1523 1073 1613 1117 Σό-

349 1161 513 1209 λωνος,
546 1155 605 1207 ὤς
635 1157 677 1199 οἱ
706 1156 771 1211 εἴη
802 1155 885 1199 σὺν
913 1158 1004 1212 θεῷ
1034 1155 1286 1212 εἰρημένον,
1314 1152 1363 1199 τό
1394 1153 1669 1211 ,,Μηδένα75

293 1345 341 1370 ne
361 1344 474 1383 pravo
496 1335 606 1380 atque
624 1331 806 1367 damnato.
844 1328 948 1366 Haec

293 1389 398 1439 ipsa,
428 1401 522 1437 quae
541 1387 703 1438 pluribus
731 1387 752 1423 l.
784 1386 804 1422 l.
834 1385 948 1435 expli-

293 1445 371 1492 cui,
400 1446 438 1480 in
461 1457 541 1482 eam
561 1456 620 1481 me
638 1444 840 1493 perducunt
863 1455 948 1479 sen-

293 1500 462 1548 tentiam,
499 1504 539 1537 ut
563 1499 744 1537 Herodoti
772 1499 950 1535 narratio-

293 1569 376 1595 nem
392 1556 511 1606 magis
532 1557 710 1593 Graecam
729 1555 893 1602 dixerim,
911 1555 949 1591 id

294 1618 371 1661 est,
401 1614 625 1650 Graecorum
645 1613 693 1649 ad
719 1625 838 1649 mores
872 1624 950 1648 ma-

293 1670 350 1718 gis
372 1670 633 1706 conformatam
672 1673 782 1717 atque
810 1681 951 1704 accom-

292 1725 500 1772 modatam,
558 1725 736 1762 veriorem
801 1724 950 1761 Ctesiae

293 1781 558 1828 narrationem,
588 1785 627 1817 ut
652 1781 703 1819 rei
733 1781 805 1831 ipsi
831 1780 949 1828 magis

293 1838 566 1875 convenientem
597 1850 665 1874 nec
704 1849 727 1874 a
756 1837 951 1874 Persarum

293 1894 455 1931 moribus
485 1894 752 1931 abhorrentem.
792 1913 850 1921 --
891 1893 950 1931 De

292 1952 411 1988 forma
431 1945 633 2001 συννήσας
654 1951 748 1987 confi
770 1950 805 1998 Ι,
826 1950 892 1991 50.

352 2005 395 2045 ἐν
427 2005 571 2060 πέδῃσι
605 2005 839 2056 δεδεμένον]
889 2006 949 2044 De

294 2063 475 2100 constanti
495 2065 571 2101 fere
597 2063 635 2100 in
667 2063 723 2100 his
752 2076 821 2100 usu
842 2075 949 2113 prae-

294 2119 489 2170 positionis
510 2118 552 2158 ἐν
568 2121 664 2157 conf.
678 2132 788 2170 supra
798 2119 947 2156 laudata

295 2176 346 2212 ad
369 2175 407 2222 Ι,
429 2178 482 2216 66
504 2176 564 2212 fin.
587 2197 644 2204 —-
674 2176 717 2212 In
736 2189 839 2225 seqq.
860 2188 948 2225 pro-

294 2231 466 2269 lixitatem
493 2233 676 2281 quandam
710 2237 772 2269 aut
804 2232 948 2282 perspi-

294 2287 465 2325 cuitatem
502 2289 737 2326 observamus
771 2288 946 2325 orationis

295 2344 530 2382 Herodoteae
568 2346 605 2382 in
642 2345 761 2383 verbis
792 2359 813 2382 τ
827 2346 887 2383 οὗ
896 2344 945 2383 δε

297 2399 490 2439 εἵνεκεν
514 2422 570 2429 —
605 2397 944 2452 βουλόμενος.

295 2455 328 2492 Α
352 2468 424 2505 qua
446 2461 568 2494 tamen
586 2470 653 2495 nec
674 2457 766 2494 alios
793 2458 948 2508 scripto-

296 2524 355 2548 res
399 2512 537 2550 alienos
580 2527 685 2561 esse,
729 2517 946 2560 monstrant,

295 2567 429 2606 citante
462 2568 550 2616 Cr„
588 2570 793 2607 Heindorfii
821 2571 949 2620 dispu-

299 2627 375 2661 tata
396 2625 445 2661 ad
458 2624 599 2662 Platon.
611 2625 803 2675 Protagor.
816 2640 852 2676 p.
866 2625 947 2667 605

296 2679 375 2717 coll.
413 2680 461 2717 ad
487 2680 676 2718 Phaedon.
705 2696 742 2732 p.
769 2685 860 2724 199.
890 2702 947 2709 —-

297 2734 386 2772 Mox
404 2737 623 2788 καταγίζειν
643 2739 816 2786 frequens
832 2738 870 2774 in
888 2751 948 2774 sa-

297 2792 369 2829 cris
401 2793 576 2830 faciundis
607 2793 654 2831 de
685 2794 749 2841 iis,
787 2806 882 2842 quae
910 2795 948 2831 in

297 2848 358 2886 dei
382 2848 531 2886 alicuius
551 2848 725 2887 honorem
749 2850 949 2888 incendun—

298 2909 356 2942 tur
393 2909 429 2942 et
464 2910 688 2954 cremantur,
724 2910 762 2944 ut
791 2906 825 2954 Ι,
855 2908 948 2948 183.

1019 1330 1110 1370 198.
1140 1329 1194 1377 ῙΙ,
1213 1328 1278 1370 47.
1304 1330 1385 1370 130
1410 1328 1672 1367 εἴα-θεαῖν

1017 1382 1114 1439 ὅτεῳ
1149 1383 1198 1435 δή
1236 1386 1258 1422 i.
1287 1400 1317 1424 e.
1356 1386 1419 1422 cleo
1454 1386 1568 1422 nescio
1600 1386 1670 1421 cui.

1016 1442 1118 1480 Idem
1145 1443 1317 1491 frequens
1353 1441 1579 1489 Pausaniae,
1609 1440 1672 1478 ubi

1017 1498 1156 1536 notavit
1178 1498 1343 1536 Siebelis.
1368 1499 1415 1535 ad
1438 1498 1476 1545 l,
1499 1500 1550 1539 13
1575 1495 1611 1548 ἓ.
1632 1498 1670 1537 3.

1073 1557 1130 1609 τῷ
1152 1552 1194 1593 δὲ
1218 1555 1400 1605 Κροίσῳ,
1425 1553 1582 1593 ἕστεωτι
1605 1551 1671 1593 ἐπὶ

1018 1614 1091 1663 τῆς
1108 1626 1260 1662 πυρης,
1287 1583 1477 1658 ἐσελθεῖν,
1504 1610 1573 1649 καί
1597 1623 1670 1662 περ

1019 1667 1062 1707 ἒν
1082 1671 1188 1721 κακῷ
1210 1663 1313 1706 ἐόντι
1332 1662 1521 1720 τοσούτῳ,
1539 1663 1582 1707 τό
1599 1668 1673 1706 τοῦ

1019 1708 1220 1774 Σόλωνος]
1235 1723 1414 1764 ἐσελθεῖν
1436 1725 1564 1762 eadem
1575 1728 1672 1761 stru-

1019 1780 1403 1831 cturasupra1,24‚
1431 1781 1583 1818 ub1v1d
1626 1780 1670 1817 In

1016 1837 1191 1888 particula
1211 1836 1279 1875 καί
1308 1852 1381 1890 περ
1412 1837 1670 1888 (qu-amquam,

1018 1894 1111 1943 etsi)
1152 1893 1308 1931 offendit
1339 1893 1566 1943 Schweigh.‚
1609 1893 1672 1942 qui

1017 1952 1138 2002 potius
1177 1955 1451 2000 exspectaverat
1477 1948 1545 1989 καὶ
1581 1947 1671 2002 γοέρ,

1018 2009 1166 2057 quippe,
1197 2018 1324 2057 quum,
1346 2009 1470 2058 quippe
1486 2009 1567 2057 qui,
1598 2006 1671 2043 nisi

1016 2064 1085 2102 καί
1117 2077 1190 2114 περ
1228 2063 1277 2100 sit
1306 2064 1551 2102 reddendum:
1593 2074 1672 2100 cum

1017 2123 1178 2157 maxime.
1236 2119 1318 2157 Nos
1354 2121 1500 2170 quidem
1529 2120 1568 2157 in
1594 2119 1672 2156 vul-

1015 2181 1103 2226 gata
1142 2189 1216 2213 non
1253 2176 1305 2214 ita
1341 2177 1581 2224 offendimus,
1632 2179 1673 2213 ut
1736 2186 1768 2233 ’,Ι

1016 2246 1097 2271 eam
1133 2233 1192 2271 vel
1221 2234 1434 2270 mutandam
1468 2233 1528 2270 vel
1566 2232 1671 2270 aliter
1731 2239 1768 2282 ,ι’

1014 2293 1112 2326 certe
1132 2302 1174 2325 ac
1203 2289 1314 2339 vulgo
1333 2290 1392 2338 fit,
1421 2288 1670 2341 explicandam

1013 2349 1194 2410 putemus.

1073 2396 1128 2446 ω’ς·
1148 2400 1189 2440 οἷ
1208 2400 1268 2451 εἴη
1298 2397 1373 2440 συν
1405 2403 1494 2456 θεῷ
1519 2398 1670 2452 εἰρημέ-

1015 2455 1113 2506 νον]
1146 2453 1220 2495 συν
1242 2459 1328 2510 θεῷ
1345 2457 1467 2495 divino
1497 2460 1671 2495 instinctu

1015 2516 1180 2562 nutuque.

1015 2570 1155 2606 sitionis
1180 2582 1255 2608 συν
1280 2570 1419 2606 monuit
1442 2569 1603 2607 Fischer.
1622 2570 1671 2607 ad

1017 2625 1166 2664 Weller.
1198 2626 1271 2673 ΙΙΙ,
1309 2626 1332 2662 b
1362 2638 1447 2676 pag.
1481 2626 1561 2668 147
1597 2625 1671 2664 alia
1733 2637 1734 2641 ¹

1016 2682 1169 2719 laudans
1187 2682 1412 2720 Herodotea.
1703 2704 1714 2710 „

1073 2736 1223 2788 μηδένα
1255 2734 1355 2778 εἶναι
1387 2741 1469 2778 τῶν
1489 2733 1670 2785 ζωόντων

1016 2790 1172 2845 ὄλβιον]
1213 2794 1333 2844 Vulgo
1372 2791 1529 2842 ζεόντων
1557 2794 1670 2844 idque

1017 2851 1134 2900 magis
1161 2864 1182 2889 e
1203 2853 1382 2888 communi
1403 2852 1569 2890 dialecto.
1600 2852 1669 2897 ζω-

1019 2903 1166 2955 όντων,
1197 2912 1235 2944 ut
1254 2908 1372 2958 magis
1390 2908 1563 2956 Ionicum,
1592 2908 1670 2946 iure

1239 2513 1298 2551 De
1317 2526 1390 2562 quo
1417 2527 1484 2550 usu
1513 2526 1670 2564 praepo-
