1759 3324
499 267 924 307 EUTERPE.
976 268 1023 306 11.

1301 270 1386 313 5⁰7

120 381 313 438 ποταμὸς
343 376 436 429 οἷός
469 376 511 420 τ’
541 376 659 421 ἔσται
688 377 731 429 ἐς
759 378 837 429 τὰς
866 376 1060 434 ἀρούρας
1091 378 1383 434 ὑπερβαίνειν.

90 457 173 504 3ῗΗ
197 460 281 517 γοὲρ
312 459 364 514 δὴ
392 461 476 500 νῦν
503 472 551 512 γε
594 451 718 501 οὗτοι
756 456 1057 514 ἀπονητότατα
1096 458 1267 513 καρπὸν
1305 475 1382 502 κο-

117 543 308 599 μίζονται
338 537 385 580 ἐκ
413 540 516 593 γῆς,
561 541 650 579 τῶν
689 554 734 580 τε
765 535 908 580 ἄλλων
948 536 1202 593 ἀνθρώπων
1241 536 1439 581 ἁπαν-25

116 635 224 669 των,
263 617 336 660 καὶ
364 619 455 659 τῶν
483 620 652 660 λοιπῶν
680 618 954 672 Αἰγυπτίων·
997 620 1040 661 οἳ
1074 616 1175 661 οὔτε
1206 615 1381 675 ἀρότρῳ

116 694 468 753 ἀναῤῥηγνύντες
499 695 692 748 αὔλακας
722 697 871 753 ἔχουσι
899 695 1090 749 πόνους,
1122 696 1221 740 οὔτε
1252 698 1381 740 σκάλ-

115 780 283 828 λοντες,
342 775 443 819 οὔτε
487 774 592 819 ἄλλο
631 776 909 834 ἐργαζόμενοι
949 775 1083 820 οὐδὲν
1120 781 1207 820 τῶν
1248 771 1380 821 ὧλλοι

113 853 343 910 ἅνθρωποι
381 855 480 910 περὶ
520 854 648 911 λήϊον
676 856 907 900 πονέουσι’
957 854 1050 900 ἀλλ’
1083 855 1213 899 ἐπεάν
1243 868 1323 912 σφι
1352 854 1378 900 ὁ

111 933 306 992 ποταμὸς
359 932 607 989 αὐτόματος
653 935 852 979 ἐπελθών
892 934 1003 993 ἄρσῃ
1044 935 1119 987 τὰς
1159 933 1378 991 ἀρούρας,

114 1012 251 1070 ἄρσας
291 1013 337 1057 δὲ
377 1011 588 1070 ἀπολείπῃ
629 1013 791 1067 ὀπίσω,
835 1013 931 1059 τότε
977 1017 1156 1070 σπείρας
1198 1014 1436 1067 ἕκαστος3ο

84 1092 197 1149 4τὴν
225 1092 392 1137 ἑωυτοῦ
421 1091 640 1150 ἄρουραν,
675 1094 871 1152 ἐσβάλλει
901 1095 943 1147 ἐς
974 1093 1112 1151 αὐτήν
1140 1090 1206 1147 ὗς.
1247 1094 1379 1140 ἐπεάν

54 1295 191 1342 partes.
222 1291 254 1328 F
258 1291 503 1340 requentiores
524 1292 621 1329 enim
641 1292 708 1328 im-

57 1348 140 1385 bres
156 1347 193 1384 in
217 1348 376 1386 inferiori
391 1346 551 1399 Aegypti
576 1352 707 1395 tractu,

56 1404 210 1442 rariores
242 1404 278 1441 in
301 1404 478 1454 superiori
505 1418 624 1454 eoque
652 1405 708 1442 iu-

55 1460 202 1512 primis,
233 1460 295 1510 qui
320 1473 343 1498 a
367 1460 505 1499 Thebis
536 1462 622 1499 inde
647 1475 708 1497 us-

55 1529 127 1566 que
152 1517 200 1553 ad
226 1518 385 1566 Syenem
412 1518 541 1556 tendit.
598 1517 708 1555 Plura

54 1573 200 1622 collegit
218 1574 433 1611 Hartmann.
463 1574 486 1612 l.
502 1574 525 1611 l.
545 1587 629 1625 pag.
651 1576 707 1616 32

54 1643 180 1679 seqq„
210 1630 265 1667 cui
291 1631 376 1666 add.
404 1629 449 1667 L.
470 1632 516 1668 de
534 1631 708 1668 Laborde

54 1685 91 1722 iu
109 1686 235 1724 Revue
251 1686 417 1734 franoaiS.
438 1687 586 1724 Janvier
599 1689 705 1728 1829

52 1755 91 1793 p.
113 1742 162 1783 51
198 1747 274 1779 not.
306 1742 377 1780 Ios.
396 1743 442 1780 de
460 1744 646 1780 Haminer.
669 1744 706 1780 in

53 1798 196 1836 Annall.
236 1799 452 1837 Viennenss.
493 1800 563 1837 vol.
603 1799 707 1837 XLV

52 1868 76 1907 p
107 1904 137 1962 ἦ
153 1907 228 1964 γὰρ
255 1908 305 1963 δή
325 1913 402 1951 νῦν
419 1926 462 1964 γε
483 1906 593 1952 οὗτοι
612 1907 707 1951 α’πο-

52 1962 245 2019 νητὸτατα
275 1966 428 2020 καρπὸν
453 1968 705 2020 κομίζονται]

52 2025 254 2074 Schweigh.
279 2039 360 2062 cum
390 2026 488 2063 hisce
518 2031 707 2076 comparat

51 2080 245 2119 Pindarica
275 2082 312 2118 in
342 2082 489 2133 Olymp.
526 2083 581 2130 ΙΙ,
613 2085 704 2124 111.

53 2136 173 2186 Atque
208 2137 431 2177 Herodoteis
459 2139 589 2176 similia
616 2152 704 2189 pro-

53 2193 142 2231 dunt
166 2194 319 2232 Diodor.
347 2195 385 2243 1,
405 2197 472 2236 36.
510 2195 703 2233 Columell.

54 2250 101 2287 de
118 2263 157 2288 re
175 2255 262 2288 rust.
282 2251 339 2299 11,
362 2253 427 2294 25.
459 2252 590 2290 Athen.
612 2252 656 2300 V,
676 2254 702 2294 8

51 2318 89 2357 p.
110 2308 213 2356 203,
234 2308 278 2345 C.
315 2309 394 2346 Sed
411 2309 621 2347 recentioris
641 2322 704 2346 ae-

51 2362 136 2399 tatis
165 2365 358 2414 scriptores
395 2365 425 2402 si
453 2367 604 2413 audias,
643 2366 703 2402 vix

52 2417 124 2455 ulla
157 2419 336 2459 invenitur
361 2426 480 2470 terra,
511 2435 605 2472 quae
629 2435 702 2472 quo

51 2474 185 2512 fructus
217 2478 329 2526 ferat,
364 2479 481 2528 magis
514 2479 701 2516 hominum

53 2542 165 2578 opera
184 2531 347 2582 indigeat
366 2548 475 2585 quam
498 2535 702 2586 Aegyptus.

53 2584 151 2623 Hinc
162 2592 278 2626 aratro
295 2603 386 2641 opus
401 2592 554 2641 aliisque
570 2593 703 2629 instru-

56 2643 186 2680 mentis
217 2645 264 2681 ad
285 2651 418 2685 terram
446 2648 635 2687 colendam
665 2653 702 2687 et

55 2698 198 2746 quidem
224 2702 342 2740 statim
375 2709 460 2755 post
490 2705 614 2742 Nilum
643 2718 702 2743 re-

55 2766 239 2804 gressum,
268 2771 314 2797 ne
342 2761 458 2798 solum
490 2761 553 2798 fiat
574 2762 698 2799 durius

53 2810 242 2860 minusque
271 2817 478 2862 tractabile3
508 2818 590 2855 hinc
622 2831 700 2855 ma-

53 2866 165 2903 chinis
211 2873 319 2918 atque
366 2873 549 2912 canalibus
592 2887 698 2924 opus,

54 2922 183 2970 quibus
218 2936 311 2973 aqua
331 2941 396 2978 per
415 2942 562 2981 campos
584 2931 700 2969 disse-

776 1292 932 1329 minetur
962 1303 1100 1340 eosque
1130 1290 1324 1328 fertiliores
1349 1292 1434 1329 red-

775 1349 852 1385 dat.
912 1346 1048 1385 Videas
1067 1347 1333 1384 Hartmannum
1365 1347 1387 1384 l.
1408 1348 1432 1384 l.

775 1418 862 1456 pag.
892 1407 984 1446 199.
1025 1403 1125 1447 Quin
1152 1403 1242 1454 ipsis
1268 1404 1305 1440 in
1333 1408 1434 1442 vete-

775 1475 854 1498 rum
905 1461 1169 1511 Aegyptiorum
1215 1459 1432 1511 anaglyphis

775 1518 1046 1568 conspiciuntur
1082 1521 1224 1565 aratra,
1273 1517 1343 1554 alia
1383 1517 1433 1555 ad

775 1587 947 1623 agrorum
977 1573 1154 1611 culturam
1198 1574 1432 1624 pertinentia,

775 1644 869 1680 quae
903 1630 1076 1682 peculiari
1129 1631 1344 1681 scriptione,
1392 1634 1433 1667 ut

774 1692 899 1725 monet
932 1687 1020 1733 Cn,
1066 1686 1255 1723 illustravit
1282 1687 1430 1723 Costaz.

777 1757 837 1781 sur
861 1743 1048 1792 l'agricult.
1075 1747 1142 1780 etc.
1179 1743 1217 1779 in
1245 1743 1430 1793 Descript.

776 1801 824 1838 de
839 1800 932 1849 I’Eg.
945 1801 1050 1837 mem.
1070 1799 1085 1836 I
1106 1799 1430 1849 (antiqq.)livrais.

776 1856 846 1906 lp.
865 1856 918 1898 49
941 1869 1044 1905 seqq.
1080 1856 1155 1893 Ubi
1186 1858 1280 1893 conf.
1315 1856 1432 1906 inpri-

777 1914 844 1950 mis
879 1926 964 1963 pag.
985 1913 1039 1954 52
1071 1925 1175 1962 seqq.
1217 1913 1322 1956 Quae
1349 1925 1430 1949 cum

776 1970 825 2006 ita
848 1970 939 2017 sint,
969 1969 1037 2006 nisi
1057 1970 1188 2007 erroris
1216 1973 1358 2020 patrem
1375 1969 1431 2006 hi-

776 2027 910 2064 storiae
928 2027 1093 2063 incusare
1112 2026 1197 2062 velis
1211 2055 1222 2073 ‚
1252 2026 1327 2063 eius
1348 2039 1431 2063 ver-

774 2083 823 2119 ba
849 2095 924 2119 non
957 2083 1005 2119 ad
1039 2095 1184 2120 omnem
1219 2082 1429 2132 Aegyptum

774 2144 879 2177 erunt
907 2140 1122 2187 referenda,
1153 2139 1220 2176 sed
1241 2140 1290 2176 ad
1318 2151 1429 2175 unam

772 2196 881 2233 modo
901 2195 1097 2233 alteramve
1129 2200 1271 2246 partem
1299 2195 1429 2233 eximia

771 2265 941 2301 agrorum
960 2252 1146 2290 fertilitate
1168 2253 1428 2301 insignem.—

771 2309 829 2346 Ad
857 2303 975 2347 ὧλλοι
1002 2310 1097 2346 conf.
1125 2309 1165 2356 I,
1188 2308 1255 2350 48.

828 2362 1007 2417 ἐσβάλλει
1026 2364 1065 2412 ἐς
1089 2361 1217 2416 αὐτὴν
1233 2359 1298 2416 ὗς]
1325 2365 1428 2404 Idem

771 2422 830 2460 alii
861 2427 1043 2460 testantur
1081 2424 1277 2473 scriptores
1312 2422 1430 2470 (Plu-

770 2479 883 2517 tarch.
901 2480 1091 2529 Symposs.
1118 2479 1168 2516 lv
1201 2493 1238 2530 p.
1260 2482 1363 2527 670,
1384 2479 1428 2516 A.

770 2536 814 2573 B.
860 2536 1034 2573 Eudoxus
1079 2536 1178 2586 apud
1210 2535 1349 2573 Aelian.
1380 2536 1428 2573 de

769 2592 858 2630 Nat.
881 2592 950 2630 An.
969 2593 1018 2640 X,
1041 2595 1091 2634 16
1114 2592 1193 2630 coll.
1208 2592 1300 2629 Plin.
1315 2593 1364 2629 H.
1378 2591 1427 2629 N.

769 2649 912 2697 XVIII,
939 2651 990 2690 18
1022 2648 1058 2700 ᾗ.
1080 2649 1173 2697 47),
1204 2649 1314 2698 vulgo
1342 2661 1429 2700 per-

769 2706 884 2743 hiberi
925 2719 1006 2743 sues
1049 2706 1095 2743 ab
1128 2706 1320 2756 Aegyptiis
1360 2706 1428 2742 im-

769 2763 861 2800 mitti
893 2763 1031 2814 campis
1058 2763 1106 2799 ad
1136 2764 1276 2800 semina
1304 2762 1428 2812 depri-

769 2820 903 2857 menda
921 2819 959 2855 in
993 2818 1070 2856 solo
1093 2819 1254 2856 madido.
1314 2819 1427 2862 Quod

770 2889 850 2913 cum
871 2876 1080 2913 dubitarent
1107 2875 1172 2912 viri
1192 2875 1312 2923 docti,
1341 2875 1427 2924 quia

771 2945 854 2970 sues
900 2932 1038 2970 semina
1084 2933 1263 2969 devorare
1303 2931 1424 2981 potius
