1759 3324
504 233 928 275 EUTERPE.
978 234 1025 272 11.

1300 234 1386 276 575

127 348 352 406 βούκερών
388 347 496 396 ἐστι,
544 342 736 397 κατάπερ
766 342 972 399 *Ἕλληνες
1012 341 1093 398 τήν
1127 341 1239 385 Ἰοῦν
1275 341 1442 398 roei-90

125 442 280 486 φουσι·
318 426 387 470 καὶ
419 423 494 474 τὰς
525 425 636 478 βοῦς
665 421 741 473 τοὶς
777 422 937 478 θηλέας
966 419 1197 478 Αἰγύπτιοι
1228 420 1387 474 πάντες

124 507 284 563 ὁμοίως
313 503 514 557 σέβονται
543 500 778 558 προβάτων
806 500 984 544 πάντων
1006 499 1189 556 μάλιστα
1218 505 1384 561 μακρῷ.

94 590 212 629 δτι-ὅν
243 585 384 626 εἵνεκα
415 580 512 625 οὔτ’
556 579 666 636 ἀνὴρ
697 578 956 636 Αἰγύπτιος,
1003 578 1103 624 οὔτε
1131 581 1265 638 γυνὴ,
1305 580 1386 625 ἄν-

122 667 204 716 δρα
231 663 419 717 ’Έλληνα
459 659 651 717 φιλήσειε
683 658 737 703 ἂν
767 664 825 716 τῷ
856 657 1053 714 στόματι,
1097 658 1199 704 οὐδὲ
1228 662 1384 717 μαχαί-

122 759 177 799 ρῃ
215 739 376 797 ἆνὸρός
405 739 618 796 Ἕλληνος
649 737 872 796 χρήσεται,
905 736 1007 782 οὐδ’
1038 736 1246 795 ὀβελοῖσι,
1280 739 1386 784 οὐδὲ

120 821 285 878 λέβητι,
345 819 446 863 οὐδὲ
485 820 622 874 κρέως
660 823 864 874 καθαροῦ
900 819 1005 876 βοὸς
1046 819 1441 875 διατετμημένου95

92 900 339 957 4Ἑλληνικῇ
371 901 562 956 μαχαίρῃ
592 898 802 954 γεύσεται.
834 897 1059 943 Θάπτουσι
1080 900 1125 944 δὲ
1145 899 1251 951 τοῦς
1273 899 1387 945 dno-

117 978 389 1036 θνήσκοντας
419 982 552 1034 βοῦς,

119 1059 161 1110 ἐς
190 1058 269 1102 τόν
298 1058 495 1114 ποταμὸν
526 1055 701 1101 ἀπιᾶσι·

121 1150 248 1182 σουσι
277 1137 450 1181 ἕκαστοι
489 1136 536 1180 ἐν
575 1141 688 1180 τοῖσι
725 1138 1046 1192 προαστείοισι,

0 1367 1 1380 ³
60 1365 266 1423 βούκερῶν
285 1368 380 1420 ε’στι]
413 1367 515 1406 Haec
533 1379 605 1417 quo
627 1380 712 1419 spe-

0 1425 1 1451 l
59 1430 178 1473 etent,
210 1427 297 1464 satis
319 1439 362 1464 ex
383 1425 426 1462 iis
448 1425 598 1475 patebit,
618 1437 713 1473 quae

59 1485 169 1521 modo
191 1483 464 1534 disputavimus.
492 1480 615 1529 Atque
635 1494 714 1518 1110-

60 1546 123 1578 net
141 1539 351 1577 Plutarchus
369 1538 391 1576 l.
411 1538 433 1575 l.
461 1538 500 1574 in
519 1537 624 1574 Isidis
647 1538 714 1574 bu-

59 1596 161 1635 culae
179 1597 348 1634 cornibus
368 1599 518 1631 ornatae
548 1594 714 1642 imagini-

59 1654 129 1690 bus
155 1658 293 1690 veteres
329 1652 530 1703 exprimere
556 1649 713 1688 voluisse

60 1710 170 1746 orbes
189 1709 294 1746 lunae
314 1708 476 1746 falcatos.
512 1706 572 1742 Ad
591 1706 714 1743 oculo-

59 1779 139 1802 rum
157 1779 304 1815 quoque
320 1777 465 1802 sensum
486 1763 574 1800 haec
589 1763 714 1799 tradu-

59 1826 117 1859 cta
134 1835 236 1869 esse,
265 1835 344 1859 cum
373 1821 506 1857 lsidem
535 1823 571 1857 et
596 1819 712 1856 Osiri-

59 1879 156 1925 dem,
185 1891 253 1929 pro
274 1877 496 1928 primigeniis
515 1876 630 1912 bubus
650 1876 715 1913 ha-

59 1935 177 1983 bitos,
206 1935 307 1971 bovis
331 1947 373 1971 ac
391 1945 520 1971 vaccae
540 1931 596 1968 vel
617 1933 717 1983 capi-

58 1991 156 2029 tibus
188 1991 244 2029 vel
270 1991 404 2029 exuviis
424 1988 625 2039 impositis,
655 2002 717 2027 ex-

58 2047 247 2096 hiberent,
297 2048 383 2085 satis
407 2049 560 2084 constat.
620 2046 717 2084 Hinc

59 2104 231 2154 frequens
256 2104 293 2141 in
324 2103 587 2153 Aegyptiorum
625 2115 715 2140 ana-

60 2160 206 2211 glyphis
236 2161 301 2198 Isis
324 2159 542 2210 conspicitur
562 2158 714 2197 buculae

60 2218 226 2254 cornibus
248 2222 388 2254 ornata.
429 2215 491 2253 Tu
510 2212 581 2251 'vid.
601 2216 715 2254 Creu-

60 2286 134 2311 zer.
161 2273 324 2323 Symbol.
354 2273 370 2310 Ι
399 2286 436 2323 p.
463 2273 545 2313 494
573 2285 647 2322 seq
677 2277 714 2311 et

61 2330 277 2368 Commentt.
298 2330 494 2368 Herodott.
511 2341 596 2380 pag.
620 2328 712 2371 114.

117 2382 290 2450 κατάπερ
298 2382 491 2436 Έλληνες
518 2382 592 2434 τὴν
610 2380 712 2425 Ἰοῦν

60 2437 282 2492 γράφουσι]
323 2443 382 2481 De
405 2445 520 2480 forma
540 2436 643 2481 Ἰοῦν
666 2444 712 2480 cf.

61 2497 90 2545 I,
106 2501 124 2538 1
149 2495 315 2550 γράφειν
332 2500 389 2538 vel
403 2511 551 2549 pungere
569 2504 636 2547 est,
658 2499 714 2537 vel

62 2555 209 2591 omnino
230 2558 382 2605 imagine
399 2559 586 2607 exprimere
605 2560 714 2606 atque

63 2610 101 2646 in
117 2610 241 2648 tabula
261 2624 289 2650 s.
307 2613 428 2663 lapide
446 2617 713 2663 repraesentare.

63 2664 123 2702 Ad
150 2674 395 2715 argumentum
424 2671 517 2707 conf.
543 2669 715 2708 Cieuzer.

65 2721 227 2769 Symbol
249 2723 320 2774 Ip
339 2728 418 2767 631
450 2730 525 2763 not.
548 2727 641 2767 333
681 2726 714 2764 11

64 2790 102 2827 p.
126 2779 220 2818 717.
258 2779 356 2818 Nam
385 2782 487 2819 Isidis
513 2786 625 2831 atque
655 2783 713 2820 lus

64 2833 194 2871 eadem
216 2835 292 2873 fere
309 2838 493 2886 symbola,
522 2839 618 2876 idem
639 2842 714 2878 fere

65 2893 235 2937 ornatus,
271 2904 372 2941 cum,
419 2896 627 2933 tesserarias
653 2909 713 2934 ra-

604 978 770 1032 τρόπον
798 977 939 1022 τόνδε.
997 980 1074 1030 τὰς
1110 979 1189 1035 μὲν
1226 979 1387 1036 θηλέας

751 1055 854 1108 τοὺς
884 1057 929 1101 δὲ
959 1057 1138 1112 ἔρσενας
1167 1061 1384 1116 κατορύσ-

1092 1137 1142 1182 τὸ
1174 1137 1303 1196 κέρας
1333 1138 1382 1184 τὸ

782 1369 900 1408 tiones
929 1370 961 1407 si
989 1373 1155 1420 spectes,
1194 1373 1349 1420 utraque
1370 1371 1442 1408 dea

783 1426 853 1464 sibi
879 1427 1091 1474 conveniat,
1123 1427 1261 1477 quippe
1292 1427 1364 1476 qua
1386 1427 1440 1465 lu-

780 1495 866 1520 nam
888 1483 1037 1521 indicari
1056 1483 1164 1533 vulgo
1186 1484 1370 1521 docerent.
1391 1506 1437 1513 -

780 1538 841 1576 Ad
860 1540 972 1578 verba
989 1544 1072 1587 τοῐς
1097 1536 1313 1591 προβάτοις
1342 1541 1440 1579 conf.

779 1600 872 1634 nott.
891 1597 988 1644 adl,
1010 1599 1100 1638 133
1123 1600 1218 1639 207

837 1649 928 1692 οὔτε
939 1668 1039 1704 γυνη
1050 1675 1106 1681 —-
1120 1649 1302 1704 φιλήσειε
1319 1648 1371 1692 ‹322›
1383 1668 1437 1707 τῳ

781 1705 964 1758 στόματι,
995 1705 1091 1748 ου’δὲ
1109 1732 1163 1737 -
1183 1705 1367 1760 χρήσεται
1385 1729 1442 1738 --

781 1760 1149 1817 ουδὲ-γεύσεται]
1188 1766 1248 1803 De
1265 1765 1442 1803 discrimi-

784 1835 850 1869 ne,
881 1824 982 1871 quod
1011 1823 1045 1860 h.
1074 1822 1097 1860 l.
1126 1823 1219 1860 inter
1240 1823 1441 1872 optativum

785 1883 822 1916 et
844 1880 1000 1916 futurum
1018 1880 1170 1926 obtinet,
1199 1880 1293 1916 conf.
1308 1879 1440 1916 Matth.

786 1935 852 1972 Gr.
875 1936 940 1972 Gr.
962 1949 998 1986 p.
1020 1939 1125 1983 977,
1161 1936 1222 1985 qui
1244 1936 1357 1973 verba
1377 1950 1442 1984 φι-

784 1986 915 2042 λήσειε
935 1988 985 2030 ἂν
998 1997 1095 2030 recte
1116 1993 1166 2029 sic
1179 1993 1304 2030 vertit:
1325 1991 1442 2039 „wird

784 2048 983 2086 schwerciclz
1016 2049 1188 2085 kiissen.“
1234 2047 1294 2085 Ad
1324 2048 1441 2098 ipsam

783 2119 859 2143 rem
895 2106 991 2143 conf.
1026 2106 1163 2143 Genes.
1195 2104 1314 2141 XLII}
1328 2133 1338 2152 ‚
1373 2106 1442 2153 32,

781 2162 844 2199 ubi
872 2161 1024 2211 legimus
1053 2161 1246 2212 Aegyptiis
1274 2161 1371 2198 haud
1398 2161 1442 2198 li·-

781 2219 898 2256 cuisse
918 2233 999 2256 cum
1019 2218 1203 2256 Hebraeis
1232 2218 1440 2265 comedere,

781 2289 862 2313 cum
897 2276 971 2313 tale
1002 2275 1203 2313 convivium
1243 2275 1439 2325 profanum

778 2336 977 2383 putaretur.
1016 2332 1128 2376 Quod
1149 2332 1178 2369 si
1196 2331 1243 2369 de
1264 2331 1441 2368 Hebraeis

779 2388 903 2436 valuit,
926 2389 1025 2426 haud
1047 2388 1164 2425 minus
1188 2389 1234 2426 de
1254 2387 1332 2424 aliis
1350 2400 1442 2437 gen-

781 2445 877 2482 tibus
895 2445 1052 2483 valuisse
1069 2448 1354 2482 consentaneum
1373 2448 1440 2481 est.

838 2500 879 2548 ἐς
900 2498 970 2541 τόν
989 2498 1169 2551 ποταμόν
1191 2495 1345 2551 οἷπιᾶσι]
1370 2497 1442 2540 τὸν

781 2555 961 2609 ποταμὸν
997 2557 1166 2607 intelligit
1200 2557 1323 2595 Nilum
1336 2585 1347 2604 ,
1402 2557 1441 2594 in

783 2628 892 2664 quem
909 2628 1035 2653 vaccas
1055 2614 1180 2652 coniici
1195 2612 1366 2651 credibile
1386 2617 1442 2651 est

783 2685 862 2709 eam
882 2673 928 2708 ob
946 2684 1092 2709 causam
1105 2700 1116 2718 ‚
1145 2670 1247 2719 quod
1271 2669 1356 2708 Nilo
1376 2681 1442 2718 ge-

781 2728 935 2765 nerandi
954 2728 1024 2766 vim
1047 2727 1222 2765 contineri
1252 2726 1440 2777 putabant.

782 2784 865 2822 Vid.
886 2788 977 2822 nott.
997 2785 1045 2821 ad
1063 2785 1140 2821 init.
1160 2782 1301 2833 capitis.

838 2838 881 2880 τὸ
884 2840 1018 2906 κέρας
1037 2837 1082 2880 τὸ
1102 2839 1234 2891 ἕτερον
1255 2834 1284 2888 ἢ
1304 2836 1371 2876 καὶ
1395 2834 1440 2877 τὸ

782 2891 989 2951 οἷμφότερα
1024 2893 1290 2949 ὑπερέχοντα]
1337 2894 1442 2932 Haec
