1759 3324
384 232 468 273 558

838 228 1304 269 HERODOTI

355 343 577 397 Ξρεῦνται.
610 343 723 383 τοῖσι
754 337 918 383 ἄλλοισι
949 338 1228 392 ἁνθρώποισι
1257 338 1390 394 νόμος
1410 336 1499 392 ἅμα
1521 334 1644 392 κήδεϊ

383 419 594 475 κεκάρθαι
620 418 697 470 τοὶς
726 419 921 475 κεφαλάς
962 419 1064 470 τούς
1092 418 1274 475 μάλιστα
1318 416 1522 460 ἱκνέεται·
1562 416 1698 458 Αἰ-95

327 629 372 665 tis
401 628 587 663 universae
620 624 918 662 consuetudinem
957 637 979 662 a

327 684 474 732 reliquis
503 681 650 718 differre
680 684 920 726 monstraret3
956 693 979 717 a

328 753 398 789 qua
420 737 544 789 populi
566 736 828 773 consuetudine
849 749 895 773 ne
920 748 979 772 sa-

327 796 492 832 cerdotes
513 792 659 842 quidem
676 792 806 830 abesse
823 820 834 838 ,
848 792 884 827 in
904 791 979 828 his-

328 864 369 888 ce
395 862 512 898 aeque
539 847 679 885 alienos
709 860 731 884 a
759 847 979 897 reliquarum

327 906 490 956 gentium
541 903 802 942 sacerdotibus.
887 903 979 940 Mihi

326 964 422 1000 hunc
442 961 558 999 locum
587 960 790 1011 perlegenti
819 960 855 996 in
873 972 978 998 meu-

327 1023 401 1055 tem
429 1018 621 1055 veniebant
657 1017 786 1054 similia
824 1016 978 1054 Iudaeo-

326 1088 405 1112 rum
432 1075 618 1121 instituta,
649 1086 693 1111 ex
709 1074 881 1123 Aegypto
900 1073 979 1123 opi-

327 1144 396 1169 nor
415 1130 633 1182 repetenda‚
660 1129 696 1167 in
713 1129 863 1168 Levitic.
877 1129 979 1177 XXI,

331 1191 366 1229 1.
410 1188 447 1229 5.
485 1190 532 1234 6,
576 1187 638 1223 ubi
675 1186 779 1237 plura
817 1186 981 1236 disputat

327 1245 500 1293 Spencer.
522 1244 568 1281 de
579 1244 652 1281 ritt.
668 1243 920 1281 Hebraeorum
933 1242 979 1290 H,

328 1302 382 1342 28
414 1305 500 1337 sect.
527 1303 563 1342 2.
593 1301 620 1341 3
655 1312 740 1351 pag.
768 1299 849 1341 585
874 1312 977 1348 seqq.

327 1356 386 1394 De
405 1355 667 1407 Aegyptiorum
698 1369 798 1394 more
818 1356 979 1405 disputat

330 1414 462 1450 Creuz,
496 1415 532 1450 in
548 1413 767 1450 Commentt.
809 1411 976 1449 Herodd.

327 1482 415 1520 pag.
447 1471 551 1515 363,
589 1469 650 1506 ubi
685 1470 733 1506 de
767 1468 976 1519 corporibus

327 1526 590 1576 Aegyptiorum
609 1524 795 1563 medicatis
809 1553 819 1572 ‚
842 1525 878 1561 in
896 1524 978 1574 qui-

328 1582 394 1619 bus
420 1581 586 1632 capillum
613 1582 794 1619 residuum
818 1584 978 1630 arguunt

325 1639 541 1676 mumiarum
561 1638 882 1676 vetustissimarum
901 1649 979 1674 cra·-

327 1696 388 1732 nia
416 1708 437 1732 e
465 1695 586 1745 criptis
628 1694 822 1732 Thebaicis
861 1698 974 1731 eruta.

328 1751 466 1800 „Lege
486 1752 573 1788 mihi
602 1751 705 1798 (sunt
725 1751 835 1788 verba
859 1751 973 1787 Creu-

328 1809 400 1845 zeri
427 1808 448 1844 l.
475 1807 496 1844 l.
525 1821 562 1858 p.
582 1808 707 1855 364),
738 1820 832 1856 qnae
853 1806 976 1857 posuit

326 1864 514 1901 Iomardns
551 1864 760 1914 (Descript.
792 1863 839 1901 de
869 1862 974 1911 l’Eg.

327 1921 465 1969 antiqq.
493 1920 526 1956 Il
553 1934 589 1971 p.
620 1921 734 1968 344).
793 1919 866 1962 Qui
895 1919 975 1968 qui-

328 1978 411 2014 dem
440 1977 475 2013 in
507 1976 646 2013 muniiis
677 1988 750 2013 non
780 1975 895 2013 solum
916 1988 975 2012 ca-

327 2033 402 2083 pilli
432 2032 600 2081 reliquias
623 2033 776 2082 reperit‚
807 2031 871 2068 sed
899 2031 974 2068 cin-

327 2089 507 2125 cinnatum
528 2088 637 2138 plane
661 2087 826 2139 capillum
853 2089 973 2138 ipsum

327 2150 485 2193 apteque
509 2145 758 2194 compositum.
816 2143 870 2180 Ac
900 2144 976 2180 suf-

326 2202 490 2249 fragatur
533 2201 608 2237 eius
665 2200 975 2237 observationibus

327 2257 440 2306 ipsius
457 2256 541 2293 civis
561 2269 602 2293 ac
619 2256 752 2293 sodalis
772 2256 976 2303 Ronyerius

328 2313 434 2359 (ibid.
452 2312 566 2350 X'eme
586 2312 716 2350 livrais.
749 2326 785 2362 p.
807 2314 889 2353 208
910 2324 977 2348 no·-

327 2369 384 2406 tic.
407 2382 466 2405 sur
482 2369 533 2406 les
554 2369 877 2415 embanmemens).
914 2367 978 2405 llle

326 2438 414 2462 vero
432 2438 511 2463 eam
541 2437 616 2462 rem
645 2426 732 2462 dicit
757 2425 866 2462 etiam
888 2436 975 2460 con-

327 2482 461 2518 firmari
489 2480 627 2530 aliquot
647 2481 910 2532 Aegyptiorum
931 2480 975 2517 fi-

327 2538 446 2586 guris,
490 2549 580 2586 quas
618 2537 826 2588 anaglypha
861 2548 975 2586 opera

328 2593 514 2631 Thebaica
525 2593 757 2644 picturaeque
772 2593 972 2631 exhibeant.

326 2650 438 2688 Unde
462 2650 558 2688 idem
581 2649 634 2686 vir
661 2650 788 2687 doctus
813 2649 972 2686 coniicit:

327 2719 421 2756 quae
442 2705 651 2744 Herodotus
672 2706 737 2753 (ll,
758 2707 832 2753 36)
852 2705 972 2741 tradat

327 2764 375 2800 de
412 2763 548 2799 abrasis
579 2762 754 2813 capitibus
787 2761 972 2798 hominum

326 2819 607 2868 Aegyptiorum,
646 2830 689 2856 ea
729 2830 803 2855 non
839 2829 973 2865 nsque-

327 2888 471 2925 quaque
481 2887 601 2925 neque
619 2874 656 2911 in
674 2874 837 2912 omnibus
855 2873 971 2911 locum

1044 626 1225 664 habuisse.
1264 625 1410 663 Barbae
1440 628 1478 661 ut
1508 623 1698 675 plurimum

1045 682 1144 718 nulla
1163 694 1370 732 comparere
1389 681 1562 730 vestigia3
1592 680 1700 716 etiam

1046 738 1205 786 reliquas
1225 738 1384 788 corporis
1405 742 1527 788 partes
1544 737 1622 773 sine
1643 735 1700 785 pi-

1046 792 1088 829 lis
1117 806 1220 840 esse,
1268 794 1330 841 qui
1364 793 1509 841 quidem
1540 792 1700 829 medica-

1047 849 1179 886 mentis
1203 848 1371 886 adhibitis
1383 848 1538 885 absumti
1548 848 1698 884 videan-

1045 909 1116 942 tur.
1183 904 1266 942 Hoc
1287 905 1368 955 ipso
1398 903 1511 941 multa
1536 903 1698 953 expediri

1044 965 1216 1013 possunt,
1236 973 1331 1010 quae
1353 960 1398 997 de
1414 960 1528 997 barba
1546 959 1698 996 mumia-

1045 1030 1124 1054 rum
1173 1018 1402 1068 disputarunt
1447 1016 1513 1053 viri
1562 1016 1698 1053 docti.“

1045 1074 1148 1111 Idem
1170 1073 1371 1111 Creuzerus
1395 1073 1417 1110 l.
1439 1072 1535 1111 laud.
1557 1085 1594 1123 p.
1614 1072 1697 1114 363

1046 1135 1121 1168 not.
1159 1133 1241 1172 372
1276 1135 1438 1167 nostrum
1473 1129 1592 1166 locum
1619 1128 1697 1165 lau·

1047 1188 1159 1234 dans,
1187 1186 1277 1224 haec
1298 1185 1512 1236 adscripsit:
1539 1185 1696 1232 „Quem

1044 1243 1161 1281 locum
1182 1255 1255 1280 non
1278 1243 1436 1292 neglexit
1466 1242 1513 1279 de
1532 1240 1697 1278 Schmidt

1046 1300 1094 1337 de
1115 1300 1361 1337 sacerdotibus
1380 1299 1555 1349 Aegyptt.
1575 1297 1695 1334 Etiam

1045 1356 1166 1405 attigit
1196 1356 1349 1393 Becker.
1384 1356 1420 1391 in
1456 1354 1645 1403 Augusteo
1679 1352 1696 1390 Ι

1043 1425 1080 1463 p.
1102 1416 1139 1453 7.
1198 1411 1251 1449 Ac
1276 1411 1383 1462 plane
1412 1411 1509 1448 tonsi
1529 1410 1696 1447 videntur

1044 1469 1251 1506 sacerdotes
1274 1467 1421 1506 exhibiti
1443 1480 1524 1505 esse
1551 1466 1589 1503 in
1607 1478 1697 1502 ana-

1044 1525 1188 1574 glyphis
1226 1524 1443 1570 Thebaicis·‚
1499 1522 1571 1560 vid.
1621 1522 1694 1572 Op.

1043 1580 1224 1631 Descript.
1244 1580 1290 1617 de
1306 1580 1398 1628 l‘Eg.
1419 1580 1558 1628 antiqq.
1576 1577 1647 1615 vol.
1664 1577 1695 1615 l[

1043 1650 1128 1689 pag.
1148 1638 1200 1678 47
1235 1649 1313 1686 seq.
1369 1637 1478 1673 Conf.
1504 1634 1697 1685 Olympio-

1043 1694 1120 1730 dor.
1141 1694 1189 1730 ad
1210 1693 1350 1730 Platon.
1372 1691 1488 1730 Alcib.
1513 1704 1551 1742 p.
1574 1692 1667 1732 18.“

1097 1808 1200 1845 τοῖσι
1247 1801 1400 1844 ἄλλοισι
1441 1798 1696 1856 ἀνθρώποισι

1042 1857 1168 1912 νόμος
1199 1877 1233 1900 κ.
1259 1877 1292 1900 τ.
1319 1859 1376 1912 λ.]
1423 1861 1573 1898 Graecis
1600 1860 1696 1897 hunc

1041 1932 1178 1957 morem
1214 1919 1347 1965 fuisse,
1375 1921 1500 1955 auctor
1526 1920 1583 1955 est
1608 1915 1697 1953 Plu-

1040 1975 1151 2013 tarch.
1174 1975 1273 2025 Opp.
1306 1974 1395 2023 (Π)
1422 1986 1510 2025 pag.
1527 1974 1633 2021 367,
1650 1972 1694 2009 Β·
1758 1979 1759 2015 ἶ

1097 2083 1191 2133 τούς
1220 2081 1385 2137 μάλιστα
1413 2083 1604 2136 ἱκνέεται]
1635 2083 1695 2122 Ad

1041 2142 1150 2190 haec,
1185 2147 1356 2180 monente
1384 2141 1621 2189 Valckenar.‚
1651 2153 1696 2178 ex

1043 2199 1340 2237 antecedentibus
1353 2197 1694 2246 subintelligendum

1044 2255 1187 2306 κῆδος,
1227 2260 1266 2291 ut
1291 2255 1315 2290 ii
1348 2253 1618 2303 intelligantur,
1646 2254 1694 2291 ad

1045 2325 1127 2361 quos
1162 2311 1382 2361 potissimum
1429 2313 1524 2347 venit
1553 2310 1693 2359 luctus,

1044 2369 1066 2405 i.
1088 2381 1119 2405 e.
1156 2369 1217 2417 qui
1248 2366 1401 2417 proximi
1433 2371 1516 2404 sunt
1546 2379 1693 2416 genere.

1046 2424 1158 2467 Quod
1173 2436 1258 2461 vero
1278 2423 1373 2460 idem
1398 2423 1506 2460 scribi
1523 2423 1620 2461 vult:
1643 2421 1694 2470 ἐς

1042 2476 1135 2526 τούς
1165 2475 1332 2530 μάλιστα
1367 2476 1554 2527 ἱκνέεται,
1591 2479 1693 2517 utin

1042 2536 1119 2573 aliis
1141 2537 1186 2573 ab
1205 2536 1285 2586 ipso
1307 2535 1422 2573 allatis
1439 2535 1692 2584 locutionibus,

1043 2605 1086 2630 eo
1105 2592 1251 2629 minime
1279 2605 1392 2642 opus,
1421 2596 1462 2628 ut
1486 2597 1585 2630 recte
1613 2605 1693 2630 mo·

1041 2653 1104 2686 net
1136 2648 1338 2697 Schweigh.
1372 2648 1526 2686 laudans
1551 2649 1692 2687 Herod.

1041 2704 1106 2750 IX,
1126 2707 1192 2745 26.
1213 2700 1356 2743 -ύπό
1377 2702 1470 2751 τούς
1487 2701 1694 2752 θανάτους

1039 2761 1062 2797 i.
1084 2773 1115 2797 e.
1137 2759 1275 2810 quando
1301 2774 1328 2797 s.
1351 2773 1416 2810 quo
1442 2765 1587 2811 tempore
1613 2764 1693 2811 quis

1040 2818 1292 2865 (cognatorum
1310 2830 1337 2853 s.
1350 2819 1513 2866 suorum)
1535 2821 1584 2855 est
1599 2830 1690 2854 mor-
1751 2820 1754 2861 ξ

1039 2877 1140 2920 tuus,
1171 2877 1211 2910 ut
1229 2872 1265 2920 Ι,
1284 2874 1360 2921 51,
1383 2874 1442 2912 ubi
1459 2874 1531 2911 vid.
