1805 3315
667 241 972 279 CL10.1.

125 352 286 408 15,,γὰρ
318 351 423 406 ἔχει,
463 347 600 393 ἄλλου
640 350 685 393 δὲ
725 350 864 402 ἐνδεές
909 350 1007 394 ἐστι.

1411 248 1467 287 87

1069 349 1117 402 ὃς
1149 350 1190 395 δ’
1231 351 1286 395 ἂν
1318 352 1464 397 αὐτῶν

165 464 189 483 ,,
206 435 381 474 πλεῖστα
419 428 526 484 ἔχων
566 429 786 487 διατελέῃ,
835 431 908 474 καὶ
949 430 1091 474 ἔπειτα
1131 431 1361 489 τελευτήσῃ
1399 431 1464 476 εὐ-

164 510 408 565 ,,χαρίστως
446 509 525 552 τόν
565 510 686 564 βίον,
737 505 865 561 οὗτος
913 508 1022 564 παρ’
1065 509 1162 565 ἐμοὶ
1201 509 1250 554 τό
1291 509 1462 567 οὕνομα

121 591 351 640 16,,τοῦτο,
383 583 418 631 ὦ
448 590 652 643 βασιλεῦ,
681 588 848 641 δίκαιός
877 589 965 633 ἐστι
998 589 1226 645 φέρεσθαι.
1259 589 1505 634 σκοπέειν35

162 667 246 720 »δὲ
275 667 355 724 χρὴ
385 667 549 719 παντὸς
586 667 803 724 χρήματος
839 668 919 727 τὴν
959 667 1160 724 τελευτήν
1199 672 1256 725 κῆ
1295 667 1458 726 ἄποβή,

119 749 188 798 17,,
200 756 332 790 σεται.

49 826 113 872 33
163 826 459 883 υπρορρίζους
499 826 754 880 οἷνέτρεψε.“

114 978 176 1015 ubi
193 978 224 1014 si
246 979 444 1016 removeris
476 978 575 1015 istud
597 978 664 1025 ἓν,
695 977 773 1016 lan-

113 1035 258 1084 guidior
287 1047 486 1084 sanequam
517 1036 559 1072 fit
579 1036 770 1073 sententia.

115 1091 188 1136 Qui
215 1096 407 1141 praeterea
438 1085 666 1144 οἷνθρώπου
698 1094 769 1131 σῶ-

114 1163 168 1200 μα
199 1148 407 1199 simpliciter
442 1161 509 1198 pro
545 1145 764 1198 ἅνθρωπος

113 1205 184 1242 dici
206 1205 433 1251 existimant,
472 1205 496 1240 ii
525 1204 594 1241 loci
621 1205 693 1241 vim
721 1217 762 1241 ac

111 1267 277 1299 tenorem
306 1261 453 1298 minime
480 1261 690 1311 percepisse
710 1261 762 1297 vi-

111 1318 251 1356 dentur.
310 1317 369 1355 De
398 1330 471 1365 quo
512 1317 575 1354 Cr.
607 1317 763 1354 conferri

109 1373 183 1411 vult
213 1374 241 1411 l.
271 1373 357 1410 Chr.
388 1373 502 1411 Wolf.
541 1375 588 1411 ad
627 1372 760 1410 Liban.

107 1430 227 1481 Epist.
248 1431 332 1471 730
354 1434 430 1467 not.
458 1433 494 1467 et
513 1430 559 1467 de
579 1430 761 1467 sententia

106 1487 188 1537 ipsa
196 1486 338 1524 Platon.
346 1487 517 1537 Epinom.
528 1487 605 1523 init.
618 1500 654 1537 p.
665 1488 761 1533 973,

107 1543 139 1580 C
160 1543 241 1581 coll.
270 1543 376 1581 Pind.
398 1543 505 1582 Nem.
524 1542 615 1592 Vll,
639 1546 761 1586 79—

105 1601 171 1641 86

164 1650 281 1704 οὗτος
303 1651 395 1713 παρ’
427 1654 513 1707 ε’μοὶ
532 1652 575 1696 τὸ
607 1652 763 1707 οὕνομα

105 1715 245 1763 τοῦτο,
303 1714 333 1752 ὥ
372 1713 554 1769 βασιλεῦ,
608 1709 764 1760 δίκαιός

105 1769 187 1810 ἐστι
216 1768 437 1822 φέρεσθαι]
486 1784 516 1808 ω
549 1769 714 1820 βασιλεῦ
741 1783 761 1808 e

105 1827 311 1865 coniectura
332 1826 510 1877 Stephani
529 1826 659 1863 retinui
681 1839 761 1864 cum

104 1888 254 1922 recentt.
278 1883 379 1921 editt.
419 1881 522 1920 Libri
549 1895 675 1920 omnes
706 1897 760 1929 ως

103 1936 290 1991 βασιλεύς
309 1953 378 1977 nec
397 1939 500 1978 aliter
522 1939 558 1975 in
567 1939 759 1989 Excerptis

102 1996 277 2034 Palatinis
317 2000 457 2044 exstat,
496 1996 597 2045 quod
635 1996 757 2045 ipsum

101 2054 190 2090 satis
219 2055 434 2091 documento
462 2057 537 2100 est,
566 2052 688 2090 inesse
717 2052 758 2089 in

99 2110 295 2148 Herodoto
312 2109 464 2156 menda,
495 2121 590 2158 quae
621 2122 685 2146 eos
714 2108 756 2145 li-

102 2166 186 2203 bros
207 2179 317 2203 manu
334 2167 490 2216 scriptos
504 2194 514 2212 ‚
547 2165 609 2214 qui
629 2166 676 2202 ad
687 2179 754 2201 no-

99 2227 176 2260 stra
191 2227 358 2273 tempora
378 2225 636 2274 pervenerunt,
664 2221 757 2259 mul-

99 2283 175 2316 tum
195 2280 384 2329 excedunt.
413 2299 471 2307 —-
498 2278 558 2316 De
582 2291 651 2315 usu
679 2279 755 2315 for-

99 2336 219 2375 mulae
238 2331 393 2382 δίκαιός
415 2334 496 2374 ε’στι
514 2349 549 2373 κ.
563 2350 595 2373 τ.
611 2337 644 2373 λ.
664 2335 753 2371 satis

99 2394 240 2430 monuit
269 2392 492 2441 VVesseling.
530 2392 578 2429 ad
610 2390 752 2428 Herod.

98 2448 170 2497 lx,
190 2452 244 2491 60
266 2448 347 2487 coll.
371 2448 565 2486 Heindorf.
597 2448 646 2484 ad
668 2447 753 2485 Pla-

99 2506 194 2542 tonis
216 2504 354 2554 Cratyl.
383 2518 420 2555 p.
443 2503 523 2546 147
556 2509 592 2542 et
620 2503 752 2541 Matth.

99 2559 137 2612 ἓ.
159 2565 239 2604 297
261 2576 298 2613 p.
318 2562 411 2603 594-
442 2556 552 2613 παρ’
582 2559 697 2612 ἐμοὶ
727 2562 751 2597 i.

101 2630 133 2655 e.
163 2631 236 2655 meo
261 2617 416 2666 iudicio,
459 2632 535 2655 mea
566 2620 750 2665 sententia,

100 2674 152 2710 uti
170 2674 242 2722 ill,
263 2677 343 2716 160
364 2671 472 2726 παροῖ
490 2674 648 2728 Δαρείῳ
669 2688 752 2725 κρι-

99 2731 163 2782 τῇ.
193 2732 254 2768 Cf.
272 2731 403 2770 Matth.
416 2731 561 2782 §.388‚
581 2733 753 2780 ap.710.

102 2783 141 2835 ἓ·
166 2786 269 2834 588,
290 2787 316 2828 4
335 2801 370 2838 p.
396 2791 519 2829 1172·
533 2809 589 2817 —-
609 2788 669 2823 Ad
687 2800 752 2823 vo-

103 2853 180 2877 cem
241 2838 476 2894 εὕχαρίστως
541 2843 752 2881 consulatur

101 2895 274 2934 Boeckhii
291 2899 494 2938 observatio
523 2900 561 2938 in
588 2900 749 2951 Corpor.

399 751 600 791 πολλοῖσι
637 747 720 804 γὰρ
760 748 812 805 δὴ
850 747 1063 801 ὑποδέξας
1103 746 1238 805 ὄλβον
1275 746 1299 791 ὁ
1340 747 1457 799 θεὸς,

816 832 962 872 Ταῦτα
998 826 1134 884 λέγων
1175 830 1235 886 τῷ
1266 829 1457 886 Κροίσῳ,

839 979 1007 1030 Inscript.
1030 979 1068 1026 Ι,
1093 982 1114 1021 1
1137 992 1225 1031 pag.
1241 981 1308 1028 52,
1325 980 1359 1017 b.
1416 979 1494 1018 Ad-

840 1037 1005 1073 iectivuin
1028 1036 1123 1073 enini
1139 1032 1380 1088 εὖχάριστος,
1394 1038 1495 1086 quod

839 1092 929 1129 alias
951 1094 998 1130 de
1018 1106 1061 1130 eo
1084 1093 1229 1140 dicitur,
1270 1094 1331 1141 qui
1355 1094 1491 1142 gratias

837 1150 970 1195 refert,
1022 1149 1079 1185 hic
1116 1153 1152 1186 et
1187 1150 1224 1185 iu
1252 1149 1490 1199 Xenophont,

832 1204 971 1254 Cyrop.
995 1205 1048 1252 ΙΙ,
1076 1208 1124 1252 2,
1144 1208 1166 1245 1
1200 1205 1298 1241 idem
1322 1219 1405 1243 esse
1424 1207 1491 1243 ob-

830 1266 950 1297 servat
991 1265 1102 1309 atque
1139 1256 1369 1313 εἰἷχάριτος,
1402 1275 1490 1311 gra-

830 1320 963 1364 ίίοεῑιε,
994 1321 1178 1368 acceptus,
1208 1318 1395 1355 iucundus.

998 1407 1029 1445 c
1043 1420 1066 1445 a
1077 1421 1115 1459 p
1146 1407 1321 1446 xxxin.

886 1488 1010 1525 ταῦτα
1055 1485 1181 1539 λέγων
1222 1490 1279 1541 τῷ
1310 1488 1486 1542 Κροίσῳ,

832 1540 882 1582 οὕ
902 1558 980 1591 κως
1010 1541 1102 1583 οὔτε
1129 1543 1350 1610 ἐχαρίζετο,
1394 1544 1487 1585 οὔτε

830 1595 901 1652 λό)
905 1615 951 1639 ου
983 1616 1051 1651 μιν
1081 1596 1355 1652 ποιησάμενος
1374 1598 1483 1642 ου’δε-

832 1653 899 1703 νὸς
919 1652 1220 1708 ἀποπέμπεται]
1244 1659 1306 1697 Sic
1316 1659 1485 1709 plerique

829 1713 926 1762 iique
955 1714 1121 1752 meliores
1150 1715 1253 1762 libri,
1283 1728 1375 1765 quos
1402 1729 1484 1753 cum

830 1770 1041 1807 Gaisfordio
1055 1800 1064 1818 ,
1095 1770 1193 1818 aliis,
1224 1772 1337 1809 secuti
1356 1785 1483 1808 sumus

829 1827 867 1863 in
885 1826 964 1863 loco
986 1827 1110 1876 utique
1132 1827 1308 1877 impedito
1330 1832 1366 1866 et
1384 1828 1477 1866 sale-

828 1883 950 1922 broso,
1010 1883 1194 1932 Schwgh„
1223 1897 1296 1933 quo
1325 1885 1483 1921 difficul-

826 1943 938 1976 tatem
972 1939 1041 1977 loci
1069 1939 1236 1988 tolleret,
1276 1954 1297 1978 e
1327 1941 1481 1978 duorum

825 1995 997 2033 librorum
1033 1996 1196 2044 vestigiis
1237 2001 1275 2035 et
1310 1997 1479 2035 Geinozii

825 2053 1032 2090 coniectura
1044 2054 1159 2090 edidit
1168 2055 1291 2091 ταῦτα
1311 2056 1332 2092 λ
1345 2051 1362 2092 ε’
1373 2069 1395 2105 γ
1408 2068 1427 2092 ο
1438 2069 1478 2093 ν-

823 2123 869 2147 τι
905 2111 1001 2160 Κρο
1015 2113 1092 2148 ῐσο
1107 2124 1146 2157 ς,
1177 2109 1356 2159 simulque
1378 2123 1477 2147 com-

823 2178 883 2202 ma
903 2170 990 2217 post
1009 2161 1172 2212 ου’δενός
1202 2166 1362 2205 deletum
1386 2167 1476 2214 vult,

823 2235 895 2271 quo
926 2222 1190 2272 intelligeretur
1230 2238 1298 2274 μιν
1328 2226 1475 2261 antece-

822 2279 914 2315 dens
943 2292 1018 2315 non
1044 2280 1163 2316 minus
1188 2280 1236 2316 ad
1256 2274 1473 2330 ποιησάμε-

822 2349 892 2381 νος
919 2348 1028 2385 quam
1057 2336 1104 2373 ad
1124 2331 1396 2387 ἀποπέμπεται
1417 2350 1474 2374 re—

821 2392 905 2429 ferri
924 2405 1047 2442 posse.
1104 2392 1145 2429 In
1166 2406 1239 2441 quo
1264 2393 1361 2430 haud
1381 2392 1473 2429 effu-

821 2448 875 2496 git
912 2449 1074 2485 censoris
1120 2450 1397 2498 castigationem
1435 2449 1472 2486 in

820 2504 1010 2554 Ephemm.
1023 2505 1184 2542 lenenss.
1199 2507 1306 2546 1817
1322 2518 1375 2542 nr.
1390 2506 1470 2546 165

820 2574 857 2611 p.
887 2562 970 2602 380
1008 2561 1179 2610 vulgatae
1218 2562 1361 2599 lectioni
1394 2562 1471 2599 iure

819 2618 1091 2666 patrocinantis,
1121 2616 1175 2655 Ac
1193 2617 1302 2666 xulgo
1323 2618 1470 2668 quidem

821 2673 937 2711 locum
956 2675 1008 2711 ita
1029 2675 1333 2724 interpretantui,
1362 2678 1402 2711 ut
1423 2675 1470 2710 ad

821 2728 1037 2782 ἐχαρίζετο,
1058 2727 1329 2782 ποιησάμενος
1342 2760 1353 2778 ,
1371 2745 1469 2769 απο-

818 2785 1012 2837 πέμπεται
1041 2788 1170 2836 (quod
1188 2801 1275 2837 pass
1278 2789 1335 2827 iva
1352 2787 1472 2824 notio-

818 2855 865 2880 ne
887 2844 1084 2894 accipiunt)
1114 2844 1335 2881 subaudiant
1354 2843 1470 2880 nomi-

816 2900 977 2938 nativum
999 2895 1150 2940 Σόλων.
1209 2900 1315 2944 Quae
1345 2904 1469 2936 tamen

1502 828 1621 857 Solonis
1654 829 1752 859 abitus

1502 871 1522 892 a
1550 863 1674 893 Croeso.
