1759 3324
537 237 1056 279 EUTERPEH.
1335 241 1419 281 627

1238 348 1328 404 Τὴν
1368 347 1414 393 δὲ
1468 347 1542 374 Eius
1560 353 1749 381 consuetudi-

30 353 96 398 6-1-
154 349 385 406 Αἷγύπτιοι
432 348 603 403 ἔφασαν
647 345 944 402 ἀποθνήσκειν
990 345 1165 390 οὐδένα.
1468 381 1630 415 „fsofigffl
1651 386 1747 421 Aegy-

1472 414 1601 444 otiorum
1610 423 1640 443 ct
1652 418 1745 446 Grae-

152 427 397 484 πανήγυριν
425 425 588 482 ταύτην
616 426 664 469 ἐκ
691 428 820 469 τοῦδε
849 427 1026 481 νομίσαι
1057 425 1166 480 φασὶ
1185 427 1230 469 οἱ
1256 426 1569 486 ἐπιχώ-55ορωιιι
1588 451 1617 475 in
1636 451 1747 490 qucum-

151 524 250 560 ριοι.
282 507 438 549 οἰκέειν
469 506 515 548 ἐν
545 509 607 561 τῷ
637 507 721 562 ἱρῷ
751 505 892 562 τούτῳ
926 508 1007 547 τοῦ
1040 504 1193 559 ’Ἀρεος
1222 506 1302 562 τὴν
1330 524 1413 564 μη-
1470 480 1672 543 ἒῑιίἳᾱεῑ-ωωιὸ
1697 494 1746 514 ω’

147 584 271 639 τέρα·
312 585 384 628 καὶ
415 583 493 627 τὸν
517 582 650 639 ’Ἄρεα
681 584 945 641 ἀπότροφον
972 582 1234 639 γενόμενον,
1269 586 1416 629 ἐλθεῖν

148 663 495 718 ἐξανδρωμένον,
553 664 760 707 ἐθέλοντα
797 669 850 721 τῇ
891 664 1018 720 μητρὶ
1059 665 1286 720 συμμίξαι·
1336 665 1411 709 καὶ
1470 663 1550 706 134

147 742 250 793 τούς
280 743 530 796 προπόλους
560 748 633 801 τῆς
656 743 842 801 μητρός,
874 741 947 787 οἷα
977 741 1060 788 οὐκ
1081 742 1311 796 ὀπωπότας
1331 744 1412 789 αὐ-

89 980 125 1012 et
143 974 189 1011 ab
213 973 271 1009 illa
292 973 476 1022 impletam
500 973 538 1010 in
567 974 627 1012 dei
656 987 742 1024 per-

86 1044 213 1067 sonam
244 1043 326 1066 esse
351 1030 586 1077 translatam,
624 1031 673 1067 ita
701 1034 742 1067 ut

87 1089 159 1124 iam
184 1100 255 1122 non
278 1087 382 1122 aliter
407 1100 525 1123 sermo
547 1087 610 1123 fiat
631 1091 741 1136 atque

88 1145 135 1181 de
152 1144 308 1179 hnmana
334 1143 571 1190 generatione
599 1149 634 1180 et
653 1156 741 1192 pro-

87 1200 290 1245 creatione,
334 1201 363 1235 is
407 1200 513 1236 etiam
551 1199 740 1248 intelliget,

87 1270 161 1306 quo
179 1260 344 1305 spectent
364 1257 558 1292 certamina
575 1257 611 1292 in
634 1257 738 1292 huius

86 1313 145 1350 dei
174 1312 343 1360 (Martis)
382 1311 518 1361 templo
548 1313 593 1350 ab
623 1313 736 1362 ipsius

83 1369 280 1406 cultoribus
329 1369 522 1404 commissa
541 1396 552 1415 ,
605 1370 736 1418 quibus

83 1430 235 1462 naturae
262 1425 366 1472 quasi
392 1425 587 1462 certamina
609 1425 735 1475 quovis

82 1495 166 1519 vere
190 1482 338 1518 ineunte
356 1482 613 1518 committenda
641 1495 739 1531 sym-

88 1538 202 1574 bolico
231 1550 273 1573 ac
301 1538 495 1574 tesserario
528 1539 639 1574 modo
675 1552 737 1581 re-

82 1593 309 1644 praesentari
333 1594 506 1643 suspicer.
566 1595 738 1646 Quapro-

83 1656 165 1699 pter
184 1664 264 1696 me,
294 1654 334 1686 ut
361 1649 446 1686 olim
469 1651 692 1688 Creuzerum
713 1651 736 1688 l.

83 1706 105 1742 l.
125 1708 324 1756 pag.269,
351 1706 457 1743 valde
486 1708 643 1744 advertit
673 1720 738 1743 vo-

83 1762 289 1799 cabulorum
319 1763 566 1810 quorundam,
606 1764 736 1812 quibus

82 1818 293 1856 Herodotus
305 1831 382 1867 cap.
394 1820 560 1867 sequenti
573 1825 736 1867 estusus,

82 1875 314 1922 ambiguitas,
336 1875 418 1911 vid.
429 1880 551 1912 notam
574 1882 736 1914 nostram

79 1931 128 1968 ad
150 1944 228 1982 cap.
253 1930 307 1972 64
327 1932 528 1982 συμμίξαι.

276 2044 307 2080 c
322 2056 387 2094 ap.
417 2042 551 2081 Lxlv.

134 2123 208 2177 τήν
239 2124 281 2166 δὲ
318 2123 548 2180 πανήγυριν
584 2123 735 2177 ταύτην

79 2181 123 2222 ἐκ
143 2183 260 2223 τοῦδε
282 2186 496 2234 νομίσαι
529 2183 644 2235 φασὶ]
674 2185 733 2224 De

80 2241 188 2278 verbo
210 2242 385 2292 νομίζειν
410 2242 480 2278 vid.
511 2243 558 2279 ad
577 2242 613 2289 Ι,
640 2245 732 2284 131.

134 2323 201 2362 καὶ
243 2321 314 2364 τόν
342 2321 464 2376 ’Ἀρεα
499 2320 732 2377 ἀπότροφον

79 2376 311 2431 γενόμενον,
339 2381 471 2421 ἐλθεῖν
492 2381 733 2435 ἐξανδρωμέ-

80 2434 181 2486 νον]
247 2433 471 2489 ἆπότροφος
518 2436 732 2490 γενόμενος

81 2492 207 2529 dicitur
222 2493 273 2539 is,
304 2497 364 2544 qui
384 2495 510 2545 procul
529 2510 552 2532 a
566 2499 730 2546 parenti-

79 2548 142 2584 bus
164 2549 329 2587 educatus
359 2556 409 2588 est
427 2582 437 2600 ,
478 2557 572 2590 teste
607 2553 729 2602 Hesy-

80 2604 186 2652 chio,
213 2608 310 2656 apud
330 2621 437 2656 quem
465 2613 600 2646 exstat:
631 2604 729 2649 ἅπό-

78 2674 248 2708 τροφος,
273 2661 428 2713 μακροῖν
443 2664 727 2717 τεθραμμένος.

79 2715 189 2753 Plura
210 2716 492 2770 Wesselingius,
530 2722 593 2771 qui
620 2723 730 2760 etiam

80 2770 373 2824 ἐξανδρώμενος
413 2782 510 2815 recte
550 2777 728 2828 explicat:

79 2827 244 2876 adultus,
265 2834 325 2880 qui
341 2833 390 2870 ad
410 2834 544 2871 virilem
559 2836 631 2871 z'am
646 2847 728 2884 per-

77 2886 174 2921 venit
218 2890 365 2926 aetatem
384 2918 396 2937 ,
442 2886 518 2942 τὴν
564 2888 728 2942 ἠλικίαν

811 972 911 1024 ἔχων
936 974 993 1019 εἰς
1020 971 1169 1026 ἄνδρα,
1200 978 1240 1012 ut
1262 975 1362 1025 apud
1381 975 1465 1011 Sui-

809 1031 893 1068 dam
914 1030 1078 1080 legimus.

863 1113 1055 1154 ἐθέλοντα
1065 1111 1242 1169 τῇμητρὶ
1256 1113 1461 1165 συμμίξαι]

808 1173 998 1222 συμμίξαι
1028 1172 1085 1208 hic
1111 1171 1158 1209 (le
1186 1174 1383 1208 co.·nmerce'0
1406 1177 1463 1208 at-

807 1241 879 1277 que
900 1241 1084 1277 congressu
1096 1227 1285 1277 jicmc'le'ara'
1303 1229 1377 1266 sive
1389 1227 1461 1264 col-

805 1285 922 1334 loquio
941 1289 1128 1334 exponunt
1138 1285 1371 1334 interpretes,
1386 1283 1465 1320 lau-

806 1342 935 1378 dantes
967 1342 1068 1388 vill,
1097 1343 1162 1381 67,
1189 1344 1243 1382 79
1273 1341 1364 1388 alia,
1400 1341 1463 1377 ubi

804 1397 885 1435 huic
897 1398 1008 1435 verbo
1027 1398 1196 1434 tribuitur
1213 1397 1368 1435 honesta
1391 1396 1463 1433 col-

805 1454 967 1504 loquendi
1002 1454 1115 1491 notio.
1183 1453 1234 1490 At
1264 1466 1326 1501 ea,
1366 1466 1462 1502 quae

805 1515 1026 1560 sequuntur,
1057 1509 1161 1548 facile
1184 1510 1289 1547 nobis
1310 1522 1461 1560 persua-

805 1568 894 1604 dent
929 1567 1255 1605 Valckenarianam
1285 1567 1462 1604 sententi-

804 1637 863 1660 am
879 1652 890 1671 ,
913 1623 970 1661 hic
992 1637 1138 1673 quoque
1163 1624 1200 1660 in
1218 1624 1388 1672 ambiguo
1406 1623 1460 1660 lu·-

804 1681 893 1717 dere
911 1680 1069 1717 voluisse
1088 1680 1339 1726 Herodotum,
1367 1693 1460 1729 pue-

805 1749 959 1786 rumque
980 1736 1143 1773 adultum
1166 1736 1264 1772 aliud
1293 1736 1382 1786 quid
1396 1749 1459 1772 cu-

803 1793 924 1842 piisse.
983 1791 1081 1830 Nam
1120 1793 1310 1843 συμμίξαι
1349 1793 1458 1829 etiam

804 1850 851 1885 de
871 1851 985 1901 coitu,
1016 1861 1125 1898 quem
1144 1849 1202 1887 ille
1215 1849 1374 1900 petierit,
1401 1849 1458 1885 in-

804 1905 918 1954 telligi
938 1910 1081 1954 potest3
1102 1918 1174 1954 quo
1199 1906 1328 1943 eodem
1348 1918 1458 1942 sensu

803 1966 993 1998 occurrunt
1009 1960 1274 2013 διαλέγεσθαι,
1291 1959 1459 2011 ὁμιλεῖν,

804 2018 974 2067 adeoque
1003 2017 1043 2064 ἐς
1065 2013 1210 2070 λόγους
1233 2017 1392 2065 ἐλθεῖν,
1421 2023 1459 2055 et

801 2075 959 2112 fortasse
1003 2075 1113 2112 etiam
1155 2075 1208 2111 sic
1244 2074 1459 2124 accipienda

802 2135 926 2178 erunt,
946 2143 1040 2180 quae
1058 2130 1154 2167 infra
1171 2133 1362 2180 leguntur:
1381 2130 1458 2169 εἰσ-

802 2189 936 2226 ελθεῖν
955 2187 1013 2224 vel
1032 2185 1166 2226 ἐλθεῖν
1179 2184 1287 2238 παρὰ
1299 2183 1372 2239 τήν
1385 2202 1458 2238 μη-

800 2242 903 2297 τέρα.
964 2243 1072 2281 conf.
1096 2244 1150 2292 Il,
1175 2244 1264 2286 115.

854 2329 906 2382 τῇ
933 2326 1074 2379 μητρὶ]
1126 2327 1201 2372 Qui
1238 2341 1283 2366 ea
1301 2357 1313 2375 ,
1361 2339 1457 2377 quae

798 2385 910 2435 paulo
930 2390 1016 2422 ante
1035 2385 1082 2422 de
1099 2384 1221 2422 Marte
1246 2383 1454 2422 monuimus

798 2440 982 2491 Aegyptio
1001 2471 1012 2489 ,
1052 2441 1309 2491 reputaverit,
1357 2440 1457 2478 haud

796 2497 1038 2547 improbabile
1066 2497 1100 2535 ei
1139 2498 1340 2545 videbitur,
1378 2509 1461 2534 ma·-

797 2558 913 2601 trem,
950 2567 1107 2603 quacum
1134 2553 1236 2590 Mars
1262 2554 1457 2591 convenire

796 2609 970 2655 voluerit,
991 2623 1074 2648 esse
1094 2610 1274 2658 Venerem,
1295 2611 1458 2659 indeque

797 2667 905 2704 etiam
922 2667 1147 2704 Graecorum
1169 2667 1318 2704 fluxisse
1344 2667 1451 2702 fabu-

794 2721 848 2759 las
861 2723 907 2760 de
918 2722 1039 2760 Marte
1053 2727 1163 2772 atque
1173 2722 1316 2760 Venere
1327 2734 1454 2759 aman-

793 2779 903 2816 tibus.
926 2779 1034 2815 Conf.
1051 2780 1148 2816 Hirt.
1168 2779 1260 2816 iiber
1271 2779 1452 2826 Gegenst.

796 2835 831 2871 d.
854 2835 945 2883 Aeg.
967 2835 1091 2872 Kunst
1111 2839 1179 2872 etc.
1201 2848 1237 2884 p.
1261 2834 1352 2875 143.
1385 2833 1451 2870 Cr.

797 2891 1008 2941 adscripsit:
1055 2890 1255 2938 lnghirami
1290 2902 1450 2927 monum.

1083 2946 1180 2987 40*
