1759 3324
330 296 417 338 418

334 405 433 455 ΓΕ,
475 404 689 446 ΑΛΛΩΣ
714 403 978 450 ΑΝΟΙΞΗι.

727 288 1199 332 HERODOTI

1040 402 1121 443 ΟΥ
1152 400 1268 443 ΓΑΡ
1293 398 1596 441 ΑΜΕΙΝΟΝ.

304 487 325 524 3
344 477 484 534 Οὗτος
513 479 537 525 ὁ
566 480 705 536 τάφος
733 475 790 538 ἦν
819 480 1045 537 α’κίνητος,
1094 477 1219 535 μέχρι
1248 472 1302 521 οὗ
1333 477 1375 528 ἐς
1402 480 1596 529 Δαρεῖον

304 564 539 617 4περιῆλθε
568 559 595 617 ἡ
627 563 839 616 βασιληΐη.
897 559 1071 615 Δαρείῳ
1100 559 1145 601 δὲ
1174 557 1243 601 καὶ
1278 554 1424 601 δεινόν
1453 554 1598 598 ἐδόκεε

333 639 446 684 εἶναι
474 643 571 696 τῇσι
601 638 763 695 πύλῃσι
791 638 970 695 ταύτῃσι
998 637 1132 692 μηδὲν
1155 636 1374 692 χρέεσθαι·
1406 635 1478 678 καὶ
1498 651 1599 690 χρη-

332 716 480 774 μάτων
509 716 744 773 κειμένων,
798 716 873 761 καὶ
902 714 1051 759 αὐτῶν
1080 719 1168 758 τῶν
1197 713 1427 771 χρημάτων
1455 713 1598 757 ἐπικα-

305 794 577 852 5λεομένων,
635 793 694 850 μή
737 793 792 838 οὐ
832 797 981 851 λαβεῖν
1022 792 1147 838 αὐτά.
1208 799 1308 850 τῇσι
1345 793 1390 837 δὲ
1434 792 1599 850 πύλῃσι

332 873 515 931 ταύτῃσι
542 871 675 917 οὐδὲν
704 872 882 929 ἐχρᾶτο,
925 875 1054 917 τοῦδε
1084 873 1248 923 εἵνεκα,
1292 870 1359 914 ὅτι
1387 870 1498 926 ὑπὲρ
1528 879 1624 915 ace-1

305 956 480 1009 δφαλῆς
510 953 554 995 οἱ
582 951 746 1007 ἐγίνετο
783 951 807 995 ὁ
846 951 1000 1006 νεκρός
1036 949 1367 1002 διεξελαύνοντι.
1425 948 1600 1003 ἀνοίξας

334 1032 381 1076 δὲ
409 1031 488 1076 τόν
517 1030 686 1086 τάφον,
736 1024 836 1085 εὗρε
873 1029 1067 1087 χρήματα
1106 1028 1185 1085 μὲν
1219 1027 1300 1079 οὔ,
1349 1026 1428 1072 τὸν
1457 1028 1503 1071 δὲ
1532 1044 1600 1071 νε-

331 1111 465 1166 κρόν,
495 1111 568 1155 καὶ
587 1109 819 1166 γράμματα
836 1110 1018 1166 λέγοντα
1040 1106 1163 1152 τάδε·
1193 1111 1263 1151 ΕΙ
1286 1111 1389 1151 ΜΗ
1411 1110 1602 1151 ΑΠΛΗ-

333 1193 504 1233 ΣΤΟΣ
544 1193 621 1232 ΤΕ
657 1192 785 1232 ΕΑΣ
820 1190 1170 1233 ΧΡΗΜΑΤΩΝ
1203 1191 1318 1232 ΚΑΙ
1349 1190 1630 1231 ΑΙΣΧΡΟ-5

278 1364 393 1403 altero
413 1364 492 1401 loco
524 1365 571 1401 ad
594 1363 811 1411 σπανίσας,
841 1364 935 1401 bene

278 1425 451 1459 monente
469 1420 600 1458 Matth.
624 1421 690 1458 Gr.
713 1421 780 1458 Gr.
803 1418 936 1471 §.602

278 1478 341 1515 fin.
370 1490 458 1528 pag.
478 1479 599 1519 1208.
639 1477 749 1514 Conf.
780 1477 937 1515 Werser.

278 1534 316 1571 in
357 1534 452 1570 Actt.
489 1533 590 1585 phin.
632 1532 798 1571 Monacc.
830 1532 870 1581 1,
913 1535 933 1574 1

278 1602 365 1642 pag.
393 1591 460 1631 98.

337 1640 386 1685 ου’
404 1642 480 1700 γὰρ
500 1641 694 1696 ἄμεινον]
721 1644 937 1682 Formulam

279 1702 397 1749 hanc,
432 1715 506 1751 qua
534 1701 766 1753 potissimum
784 1702 939 1739 uteban-

279 1763 360 1806 tur,
389 1758 421 1794 si
447 1758 535 1807 quid
565 1758 713 1795 noxium
742 1762 852 1807 atque
881 1759 938 1795 in-

279 1815 367 1853 utile
387 1815 467 1852 fore
490 1818 732 1861 testarentur,
763 1814 938 1864 exemplis

280 1871 420 1920 aliquot
441 1870 630 1908 illustravit
658 1871 938 1920 Wesselingius.

280 1927 313 1964 E
337 1926 476 1965 Nostro
498 1928 594 1964 conf.
616 1927 689 1974 lll,
707 1930 773 1968 71.
795 1929 861 1968 82.

339 1981 450 2034 μέχρι
471 1976 521 2022 οὗ
539 2004 585 2010 —-
606 1985 826 2033 περιῆλθε]
849 1982 937 2020 Plu-

289 2039 370 2076 rimi
393 2039 473 2076 libri
502 2036 636 2089 μέχρις
662 2043 788 2075 contra
816 2038 939 2076 Hero-

282 2095 432 2132 doteum
452 2107 556 2131 usum
569 2123 580 2142 ,
609 2095 657 2132 de
678 2108 751 2143 quo
772 2095 866 2131 conf.
889 2094 938 2131 ad

282 2150 317 2197 l,
352 2152 444 2191 181.
500 2149 559 2188 De
589 2148 865 2200 περιέρχεσθαι
899 2150 938 2187 ἰιι

284 2206 340 2244 his
361 2206 492 2242 usitato
513 2207 609 2243 conf.
631 2206 669 2252 l,
696 2210 732 2246 7.
756 2208 846 2248 120.
870 2208 936 2248 96.

339 2258 394 2313 μὴ
417 2256 466 2300 οὕ
483 2262 621 2312 λαβεῖν
651 2257 777 2308 αὐτά]
811 2259 865 2312 μή
889 2256 937 2301 οὔ

287 2318 430 2369 posuit,
459 2319 651 2367 quoniam,
681 2319 844 2367 quamvis
863 2331 937 2355 non

285 2386 461 2424 expressa
486 2374 523 2411 in
551 2375 846 2412 antecedentibus
873 2388 938 2412 ne-

287 2430 456 2479 gatione,
484 2435 606 2468 tamen
622 2431 804 2468 sententia
823 2443 937 2478 nega-

289 2488 362 2523 tiva
386 2498 479 2535 quae
497 2486 626 2523 dicitur
653 2487 846 2523 antecedit.
876 2487 935 2524 Cf.

285 2542 416 2579 Matth.
447 2541 469 2578 l.
502 2541 526 2579 l.
552 2554 636 2592 pag.
660 2544 779 2583 1129.
809 2564 863 2570 —
893 2542 934 2579 In

285 2611 390 2647 seqq.
400 2598 509 2634 libros
529 2597 693 2635 meliores
714 2598 840 2646 secuti,
855 2611 935 2636 cum

287 2655 403 2691 Gaisf.
415 2653 661 2704 rescripsimus
681 2653 827 2706 ἐγίνετο
848 2655 934 2705 (pro

286 2709 380 2758 vulg.
412 2707 610 2761 ἐγένετο)
640 2714 678 2748 et
703 2707 774 2749 τόν
806 2709 847 2750 δὲ
875 2725 936 2750 νε-

285 2762 385 2818 κρόν
401 2778 469 2816 pro
489 2762 558 2805 τόν
581 2762 721 2817 νεκρὸν
740 2765 793 2805 δέ.

344 2821 380 2861 εἰ
397 2818 452 2872 μή
469 2818 667 2872 ἄπληστος
687 2837 726 2861 τε
745 2822 826 2874 ἔας]
851 2822 935 2871 ἔας

287 2878 451 2929 plerique
467 2877 548 2915 libri
576 2878 673 2928 iique
692 2879 818 2929 optimi
836 2880 935 2917 exhi-

289 2935 387 2973 bent.
442 2931 513 2972 Alii
552 2932 639 2982 ἕεις.
697 2935 816 2985 Vulgo
855 2935 932 2988 ἕης.

1003 1363 1098 1401 Illud
1136 1368 1257 1401 tamen
1295 1363 1529 1410 retinuimus,
1577 1376 1658 1400 cum

1005 1419 1050 1460 ἕα
1090 1420 1138 1457 sit
1169 1422 1284 1457 forma
1324 1420 1526 1471 imperfecti
1564 1420 1659 1456 anti-

1004 1477 1110 1527 quior
1122 1506 1132 1524 ,
1154 1477 1317 1513 Homero
1334 1481 1445 1525 atque
1464 1476 1658 1513 Herodoto

1006 1534 1148 1570 usitata.
1208 1533 1291 1571 Vid.
1309 1532 1470 1570 Fischer.
1489 1532 1536 1569 ad
1557 1531 1661 1569 Wel-

1004 1589 1068 1627 ler.
1091 1589 1124 1626 Il
1155 1603 1192 1640 p.
1212 1589 1308 1630 498.
1346 1588 1478 1626 Matth.
1503 1589 1569 1626 Gr.
1591 1588 1659 1625 Gr.

1004 1658 1092 1697 pag.
1116 1645 1200 1687 412
1226 1645 1305 1682 coll.
1327 1645 1460 1693 Heyne
1480 1645 1660 1683 Observv.

1004 1702 1053 1739 ad
1074 1701 1174 1739 lliad.
1192 1701 1256 1749 IV,
1274 1703 1354 1743 321
1373 1713 1460 1752 pag.
1477 1703 1571 1743 616.
1600 1700 1662 1738 In-

1003 1758 1236 1808 scriptionem
1266 1758 1385 1809 ipsam
1412 1757 1533 1807 plures
1573 1757 1664 1795 scri-

1004 1819 1129 1866 ptores
1149 1819 1318 1865 posterae
1347 1814 1476 1851 aetatis
1503 1814 1661 1864 repetie-

1005 1875 1112 1919 runt,
1130 1884 1152 1908 a
1167 1871 1390 1919 Wesseling.
1414 1870 1463 1906 ad
1479 1869 1514 1907 h.
1536 1869 1559 1906 l.
1581 1869 1660 1906 lau-

1006 1927 1094 1964 dati.
1151 1926 1214 1964 Tu
1231 1927 1304 1964 vid.
1329 1926 1555 1976 potissimum
1572 1925 1660 1963 Plu-

1006 1982 1118 2019 tarch.
1147 1982 1279 2019 Moral.
1310 1982 1341 2019 11
1371 1994 1457 2032 pag.
1490 1983 1595 2028 173,
1625 1982 1658 2019 B

1007 2038 1087 2086 (ubi
1108 2037 1338 2076 Semiramidi
1355 2039 1541 2087 tribuitur)
1570 2038 1658 2088 ibiq.

1006 2094 1262 2143 lVyttenbach.
1281 2095 1318 2132 in
1335 2094 1607 2132 Animadverss.
1627 2093 1659 2142 l,

1004 2154 1032 2192 2
1058 2163 1143 2200 pag.
1165 2151 1273 2192 1043
1304 2163 1382 2200 seq.
1422 2150 1482 2187 Ad
1513 2150 1660 2188 univer-

1004 2220 1085 2243 sum
1113 2207 1217 2244 huius
1254 2207 1381 2257 capitis
1406 2210 1660 2256 argumentum

1007 2262 1037 2299 C
1047 2275 1074 2299 r.
1095 2263 1265 2301 observat
1286 2264 1350 2310 (ex
1370 2263 1529 2301 Miinteri
1546 2263 1658 2301 libro:

1003 2317 1268 2368 Antiquarisch.
1287 2319 1470 2356 Abhandl.
1492 2332 1579 2370 pag.
1602 2320 1658 2361 98

1004 2376 1116 2424 seq.)‚
1145 2376 1335 2414 thesauros
1350 2376 1387 2413 in
1407 2375 1582 2425 sepulcris
1601 2388 1660 2413 re-

1004 2444 1091 2480 gum
1131 2433 1320 2483 depositos
1378 2431 1462 2469 alibi
1512 2444 1660 2481 quoque

1003 2500 1070 2537 per
1098 2489 1349 2538 antiquitatem
1375 2487 1567 2526 memorari
1591 2500 1660 2525 nec

1002 2544 1151 2581 omnino
1171 2545 1240 2582 hoc
1256 2545 1450 2582 abhorrere
1466 2544 1512 2581 ab
1535 2543 1659 2581 indole

1005 2601 1263 2651 cogitandique
1282 2613 1383 2638 more
1402 2605 1575 2638 veterum.
1603 2599 1658 2637 Ac

1002 2669 1180 2707 perquam
1216 2656 1323 2694 simili
1371 2656 1514 2694 ratione
1549 2656 1659 2693 Salo-

1002 2725 1090 2750 mon
1109 2713 1145 2750 in
1163 2713 1317 2750 Davidis
1346 2712 1462 2763 patris
1491 2711 1658 2762 sepulcro

1002 2781 1157 2817 magnos
1202 2769 1392 2807 thesauros
1448 2768 1658 2806 condidisse

1001 2826 1116 2862 fertur
1173 2825 1273 2872 (vid.
1312 2824 1457 2874 Ioseph.
1504 2823 1656 2873 Antiqq.

1002 2880 1107 2918 Iudd.
1138 2880 1230 2929 Vll,
1251 2880 1314 2921 15.
1339 2880 1446 2927 ΧΙΙΙ,
1468 2881 1534 2928 8);
1563 2892 1657 2929 quos
1734 2894 1736 2913 ;

1001 2937 1063 2987 qui
1078 2942 1212 2989 postea
1231 2949 1431 2987 aggressus
1459 2940 1518 2975 est
1532 2936 1657 2974 Hero-
1733 2937 1734 2940 ’
