1759 3324
334 236 417 277 472
744 234 1210 275 HERODOTI

174 356 275 402 215
445 343 727 400 Μασσαγέται
757 344 802 388 δὲ
846 343 1006 400 ἐσθῆτά
1044 360 1088 388 τε
1119 344 1276 400 ὁμοίην
1305 348 1358 401 τῇ
1388 349 1590 404 Σκυθικῇ

7 421 123 514 Μῗξιυυ
78 428 132 469 5ῧὲ
112 423 284 514 ἑὲυζᾎζῑ,
340 423 573 479 φορέουσι,
610 424 685 467 καὶ
714 425 883 467 δίαιταν
912 423 1069 479 ἓ’.χουσι
1129 422 1306 468 ἷππόται
1336 427 1382 469 δέ
1412 427 1493 469 εἶσι
1521 427 1649 470 καὶὸο

8 496 65 549 3³⁰
50 496 108 555 n‚ta
117 529 211 555 argon
191 489 285 551 1ιἰιιι
339 500 542 547 α’νιπποι·
571 501 833 559 ἆμφθτέθων
862 502 943 558 γὰρ
974 503 1207 558 μετέχουσι”
1246 504 1319 547 καὶ
1349 505 1520 557 τοξόται
1548 521 1593 550 τε

9 555 85 584 ¹⁸¹⁰
76 558 200 591 1cgent.
309 581 413 626 Ξκαὶ
443 581 727 637 αἰχμοφόροι,
769 579 949 636 σαγαρις
985 583 1232 636 ’νομίζοντες
1272 583 1391 639 ἔχειν
1448 589 1595 645 χρυσῷ

337 660 384 704 δὲ
412 661 482 704 καὶ
507 663 652 716 χαλκῷ
683 660 737 704 τὰ
762 659 906 704 πάντα
932 659 1166 716 χρέωνται·

465 854 572 904 Cap.
603 852 752 891 CCXV.

345 908 603 960 Μασσαγέται
627 906 670 948 δὲ
689 931 743 936 —-
766 906 935 960 φορέου-

290 966 353 1017 σι]
402 966 462 1004 De
495 965 789 1014 Massagetarum
824 966 934 1004 vesti-

288 1024 418 1061 mentis
441 1023 536 1060 conf.
559 1022 680 1059 Strab.
704 1021 757 1058 XI
784 1035 821 1072 p.
838 1024 933 1070 781,

290 1080 343 1127 Β,
373 1079 434 1116 ubi
454 1079 696 1115 Casaubonus
726 1079 840 1115 nostri
867 1078 936 1116 loci

290 1148 366 1173 non
396 1134 550 1183 oblitus,
587 1134 693 1171 scribi
723 1135 858 1172 mavult
887 1136 938 1188 τῇ

290 1193 449 1246 Σηρικῇ
464 1204 531 1241 pro
549 1192 600 1245 τῇ
610 1193 799 1246 Σκυθικῇ
806 1207 818 1240 ,·
839 1191 937 1229 cuius

290 1248 500 1287 mutationis
522 1248 653 1284 iustam
680 1261 825 1285 causam
854 1260 939 1299 per-

293 1306 432 1356 spicere
449 1304 547 1341 haud
571 1303 696 1351 valeo,
723 1305 938 1355 praesertim

292 1374 371 1399 cum
390 1359 621 1409 Massagetas
648 1360 749 1409 ipsos
773 1361 821 1397 ad
847 1361 938 1409 Scy-

291 1418 371 1455 thas
410 1416 677 1466 quodammodo
720 1417 939 1467 pertinuisse

293 1473 449 1511 dubitari
468 1477 639 1522 nequeat.
697 1473 806 1511 Conf.
836 1474 884 1510 ad
909 1473 939 1521 I,

294 1532 375 1572 201
393 1529 470 1566 init.
510 1528 695 1567 Simillime
721 1530 768 1567 de
792 1528 939 1567 Andro-

293 1585 423 1638 phagis
438 1584 597 1634 loquitur
612 1585 751 1624 Noster
769 1585 832 1633 III,
846 1588 937 1627 106.

352 1636 516 1694 σαγάρις
553 1641 778 1693 νομίζοντες
813 1640 938 1693 ἔχειν]

293 1697 354 1737 De
371 1698 546 1749 νομίζειν
571 1698 855 1747 conf.1,130
885 1720 941 1727 --

297 1751 461 1806 σαγάρις
480 1758 517 1792 et
534 1753 592 1792 hic
611 1758 647 1793 et
665 1753 773 1805 paulo
793 1755 942 1793 inferius

295 1812 501 1863 scripsimus
526 1823 593 1861 pro
619 1811 715 1860 vulg.
746 1808 941 1864 σαγάρεις,

294 1868 334 1905 in
355 1880 428 1917 qua
447 1868 599 1905 formam
615 1867 774 1905 Ionicam
797 1869 846 1905 ad
864 1868 941 1905 vul-

294 1936 423 1973 garem
474 1935 639 1961 normam
683 1925 942 1961 conformatam

294 1980 409 2018 vides.
464 1978 596 2017 Melius
618 1993 639 2017 e
653 1979 754 2017 libris
775 1981 942 2018 restitue-

291 2041 376 2073 runt
390 2035 590 2085 Schweigh.
611 2039 648 2074 et
662 2036 779 2073 Gaisf.
799 2036 942 2074 Eodem

293 2091 373 2129 iure
398 2088 510 2140 ἄρδις
540 2104 608 2142 pro
637 2091 734 2141 vulg.
771 2089 845 2144 αρδ
856 2106 941 2138 εις

296 2168 352 2176 --
388 2143 565 2199 Σάγαρις
603 2147 756 2197 bipenms
801 2149 942 2196 (zwei-

296 2202 507 2252 schneidige
541 2203 743 2253 Streitaxt)
779 2204 944 2242 tribuitur

299 2259 402 2297 Sacis
422 2258 584 2308 Scythis,
614 2261 675 2308 qui
693 2260 822 2298 Xerxis
841 2273 944 2298 exer·

301 2315 387 2353 citui
401 2315 639 2353 interfuerunt
657 2315 747 2364 VII,
773 2316 849 2364 64,
877 2330 945 2354 nec

300 2370 419 2410 minus
446 2370 570 2409 Persis
609 2375 718 2421 atque
749 2371 947 2410 Amazoni-

301 2428 390 2476 bus,
409 2431 450 2465 ut
467 2427 675 2476 intelligitur
691 2441 711 2466 e
720 2429 947 2479 Xenophon-

302 2487 342 2521 te
371 2484 409 2521 in
434 2482 593 2522 Anabas.
622 2483 696 2532 IV,
713 2486 761 2533 4,
782 2488 834 2527 16
867 2485 947 2523 coll.

303 2538 352 2587 V,
375 2542 423 2588 4,
456 2541 508 2581 13
537 2543 574 2577 et
598 2539 777 2579 Herodot.
808 2541 879 2588 IV,
906 2543 944 2583 5.

303 2598 371 2637 70.
401 2596 527 2640 Quare
540 2595 737 2635 Rennelius
761 2597 826 2645 (in
848 2598 949 2636 Geo-

305 2651 434 2702 graph.
460 2652 639 2690 Herodot.
667 2665 753 2703 pag.
778 2653 859 2695 516
888 2655 946 2692 ed.

304 2707 468 2755 vernae.)
495 2707 606 2746 telum
634 2709 743 2747 hocce
770 2710 821 2747 ita
849 2723 948 2748 com-

303 2768 470 2815 paratum
496 2764 607 2804 fuisse
649 2767 869 2816 suspicatur,
908 2771 949 2804 ut

303 2821 415 2857 modo
455 2825 628 2870 tanquam
669 2823 801 2860 securis
826 2823 948 2872 lignea

307 2875 408 2925 (,‚als
418 2875 635 2927 Holzaxt“)‚
661 2879 772 2916 modo
794 2884 833 2917 ut
852 2880 947 2919 ensis

1219 660 1301 706 ὅσα
1330 663 1410 718 μὲν
1439 662 1522 720 γὰρ
1551 663 1595 716 ἐς

1002 854 1166 892 adhiberi
1196 857 1365 905 potuerit.
1410 857 1543 898 Melius
1574 874 1653 900 cre-

1003 910 1051 946 do
1087 911 1250 949 Ritterus
1294 913 1360 959 (in
1381 913 1585 954 Erdkunde
1618 918 1653 955 II

1001 979 1039 1017 p.
1061 968 1163 1014 789)
1187 969 1349 1018 exponit:
1380 973 1435 1007 εἰη
1461 972 1653 1011 dolclzarti-

1001 1035 1063 1071 ges
1082 1022 1237 1072 Messer,
1268 1027 1363 1064 ensis
1386 1040 1519 1077 parvus
1549 1031 1655 1080 isque

1003 1085 1189 1128 curvatus,
1230 1082 1291 1130 qui
1320 1083 1366 1120 ab
1393 1083 1586 1123 Herodoto
1615 1088 1654 1125 in

1003 1134 1175 1200 Europae
1193 1137 1264 1186 Sc)
1269 1138 1336 1176 this
1355 1140 1494 1178 dicatur
1517 1158 1654 1182 anava-

1003 1206 1077 1241 κης
1090 1221 1101 1240 ,
1131 1193 1167 1229 in
1188 1192 1298 1232 Asiae
1317 1196 1460 1245 Scythis
1479 1198 1655 1249 Sacisque

1005 1245 1190 1300 σάγαοις,
1221 1250 1259 1286 in
1287 1264 1359 1300 quo
1394 1254 1502 1292 etiam
1538 1256 1655 1293 Wah-

1004 1304 1072 1342 lius
1093 1306 1190 1343 idem
1217 1307 1403 1346 Saxonum
1434 1310 1543 1349 telum
1573 1311 1655 1350 Sax

1003 1362 1164 1410 agnoxit.
1222 1363 1361 1406 Quod
1351 1378 1388 1402 m
1415 1380 1518 1417 seqq.
1535 1370 1655 1406 nomi-

1003 1422 1110 1455 natur
1130 1418 1279 1456 alterum
1298 1421 1407 1459 telum
1425 1420 1562 1476 α’ρδις,
1593 1439 1656 1463 ex-

1003 1474 1159 1525 plicante
1199 1475 1464 1529 W'esselingio,
1498 1484 1657 1530 sagittae

1005 1533 1121 1582 cuspis
1146 1534 1212 1569 est.

1055 1590 1194 1653 χρυσῷ
1234 1585 1278 1628 δὲ
1321 1589 1390 1630 καὶ
1437 1596 1569 1649 χαλκῷ
1607 1592 1656 1634 τὰ

1007 1638 1140 1683 πάντα
1155 1643 1364 1698 χρέωνται]
1379 1648 1532 1701 Copiam
1541 1635 1658 1690 lianc-

1008 1713 1050 1738 ce
1067 1701 1144 1738 auri
1164 1706 1273 1751 atque
1294 1705 1386 1742 aeris
1420 1708 1516 1745 unde
1536 1711 1658 1746 traxe-

1008 1757 1100 1804 rint,
1134 1771 1245 1808 supra
1268 1759 1340 1797 iam
1356 1761 1589 1801 indicavimus
1609 1765 1658 1802 ad

1008 1812 1045 1861 I,
1067 1814 1161 1855 205.
1218 1815 1289 1852 Hic
1315 1818 1412 1854 addo
1438 1819 1598 1858 Heeren.
1620 1821 1658 1858 in

1008 1868 1122 1907 Ideen
1145 1870 1184 1918 Ι,
1206 1872 1229 1911 1
1246 1885 1283 1922 Ρ.
1295 1875 1348 1914 88
1365 1887 1467 1924 seqq.
1488 1879 1538 1917 91
1553 1889 1658 1940 seqq.

1010 1927 1064 1966 98
1089 1927 1135 1964 de
1152 1926 1220 1964 hac
1237 1929 1463 1968 metallorum
1483 1933 1590 1982 copia
1617 1945 1660 1970 ac

1008 1980 1115 2029 locis,
1163 1983 1261 2021 unde
1300 1988 1534 2035 provenerint
1575 1989 1659 2036 ista,

1010 2038 1159 2086 egregie
1179 2040 1434 2090 disputantem.
1481 2045 1592 2089 Quod
1610 2046 1660 2083 ad

1009 2106 1068 2130 aes
1085 2094 1233 2143 attinet,
1262 2100 1424 2136 tenemus
1444 2100 1543 2149 illud,
1559 2102 1661 2150 quod

1010 2155 1211 2188 memoratu
1247 2153 1371 2203 utique
1408 2157 1660 2205 dignissimum

1010 2207 1148 2256 profert
1176 2207 1338 2247 Ritterus
1370 2210 1603 2258 (Erdkunde
1626 2213 1661 2250 II

1010 2274 1096 2312 pag.
1117 2266 1232 2313 796),
1262 2279 1328 2316 per
1356 2266 1483 2307 Asiam
1514 2274 1662 2320 septen-

1009 2318 1198 2358 trionalem
1235 2334 1472 2385 quaecunque
1515 2326 1663 2364 inventa

1010 2374 1145 2412 fuerint
1181 2378 1403 2428 antiquitatis
1429 2388 1663 2421 monumenta

1013 2443 1056 2468 ex
1082 2432 1233 2470 metallis
1271 2438 1452 2486 confecta,
1500 2452 1545 2477 ex
1576 2452 1662 2478 aere

1013 2486 1199 2526 elaborata
1220 2491 1348 2540 fuisse,
1377 2495 1532 2545 ipsaque
1561 2508 1663 2534 arma

1012 2542 1051 2580 in
1071 2545 1241 2596 sepulcris
1263 2548 1406 2588 detecta
1422 2552 1662 2602 antiquissimi

1014 2601 1105 2638 aevi.
1166 2602 1307 2647 Quibus
1354 2608 1490 2657 optime
1531 2609 1662 2646 confir-

1013 2661 1175 2706 mantur,
1234 2673 1329 2710 quae
1370 2663 1583 2702 Herodotus
1624 2669 1663 2703 et

1014 2712 1147 2751 Strabo
1167 2715 1189 2752 l.
1208 2714 1231 2753 l.
1256 2718 1304 2756 de
1329 2731 1414 2757 aere
1441 2721 1541 2771 apud
1560 2721 1663 2759 Mas-

1015 2774 1182 2819 sagetas,
1211 2774 1272 2822 qui
1291 2774 1346 2813 his
1371 2776 1459 2827 ipsis
1484 2777 1522 2814 in
1541 2778 1663 2827 regio-

1012 2826 1118 2863 nibus
1139 2831 1260 2877 vagati
1275 2845 1356 2870 esse
1376 2832 1556 2882 dicuntur,
1582 2848 1661 2872 me-

1012 2883 1148 2923 mon‘ae
1166 2887 1417 2936 prodiderunt.
1431 2911 1488 2921 -—
1515 2903 1662 2944 μασχα-
