1805 3315
232 1071 296 1115 31

352 253 410 292 76
754 253 1224 292 HERODOTI

352 355 437 412 »εὖ
456 359 672 418 ἡκούσης,
701 365 851 413 παῖὸες
868 357 979 418 ἦσαν
1006 363 1132 406 καλοί
1152 377 1197 405 τε
1223 359 1435 417 κάγαθοὶ,
1466 361 1539 403 καί
1561 371 1640 416 σφι

351 437 472 490 ,,εἷδε
503 438 638 484 ἅπασι
671 442 801 484 τέκνα
831 440 1116 496 ἐκγενόμενα,
1157 441 1232 484 καὶ
1266 441 1407 483 πάντα
1435 439 1640 494 παραμεί-

350 532 543 570 ,,ναντα·
573 523 703 563 τοῦτο
721 519 788 571 δὲ,
817 524 897 562 τοῦ
932 521 1034 575 βίου
1068 513 1118 562 εὖ
1145 517 1319 574 ἥκοντι,
1352 516 1410 568 ὥς
1439 518 1491 560 τὰ
1527 514 1634 571 παρ’

326 611 374 648 9,,
385 595 501 653 ἡμῖν,
530 597 705 654 τελευτὴ
728 601 807 641 τοῦ
830 598 931 653 βίου
958 595 1236 652 λαμπροτάτη
1259 596 1490 651 ἐπεγένετο.
1517 609 1684 652 quevo-50

348 677 514 734 »μένης
552 675 636 732 γὰρ
678 674 950 732 Ἀθηναίοισι
992 676 1127 731 μάχης
1167 673 1278 728 πρὸς
1308 674 1411 725 τούς
1444 674 1637 730 ἀστυγεί-

346 772 510 807 ,,τονας
544 755 591 798 ἐν
620 754 853 806 Ἐλευσῖνι,
895 752 1135 810 βοηθήσας,
1166 753 1239 796 καὶ
1258 753 1426 810 τροπήν
1450 753 1636 810 ποιήσας

302 838 470 884 1ο,,τῶν
490 835 731 889 πολεμίων,
762 831 955 876 ἀπέθανε
976 830 1195 876 κάλλιστα.
1227 833 1302 875 καί
1319 848 1395 888 μιν
1413 830 1633 888 Ἀθηναῖοι

346 913 568 969 ,,δημοσίῃ
597 927 641 955 τε
668 912 842 963 ἔθαψαν
876 908 1017 954 αὐτοῦ
1047 914 1182 968 τῇπερ
1217 910 1362 963 ἔπεσε,
1391 911 1463 954 καὶ
1493 910 1632 967 ἐτίμη-

346 1023 370 1042 „
382 1002 466 1035 σαν
493 989 728 1046 μεγάλως.“

60 1138 192 1168 Cleobtm
211 1138 301 1166 etm-

25 1175 126 1202 eonem
168 1172 299 1202 secundo

25 1207 100 1236 loco.

299 1265 369 1303 loci
406 1263 513 1303 valde
566 1265 775 1315 adiuvatur,
832 1276 954 1314 neque

299 1334 410 1360 causa
440 1322 529 1358 satis
557 1321 654 1359 iusta
675 1326 850 1372 apparet,
890 1333 953 1358 cur

298 1378 492 1417 Herodoto
521 1378 640 1415 minus
666 1379 824 1416 scribere
842 1378 952 1414 licue-

299 1435 366 1473 rit:
395 1436 468 1485 τῆς
487 1430 630 1481 πόλιος
660 1429 707 1474 εὖ
726 1429 904 1485 ’ἡκούσης
924 1433 947 1472 ἰ.

298 1505 332 1529 e.
362 1493 507 1529 civitate
528 1492 688 1542 florente.
745 1490 804 1529 De
830 1494 947 1530 τοῦτο

296 1545 371 1599 μὲν
404 1550 595 1587 -τοῦτο
631 1544 674 1586 δὲ
708 1548 802 1584 conf.
837 1547 947 1584 modo

294 1603 495 1642 Hermann.
535 1605 584 1641 ad
623 1604 748 1652 Viget.
785 1617 822 1654 p.
852 1607 947 1644 702.

295 1659 356 1698 Ad
393 1661 609 1699 sententiam
649 1659 713 1697 Cr.
752 1672 796 1697 ea
823 1661 946 1707 refert,

295 1729 390 1766 quae
410 1717 577 1765 leguntur
599 1717 635 1753 in
647 1716 786 1767 Hippia
805 1716 944 1762 maiori,

295 1774 358 1823 qui
378 1773 540 1810 Platonis
564 1786 652 1823 prae
671 1786 711 1810 se
732 1774 944 1810 sertnomen

293 1843 330 1880 p-
354 1832 447 1877 291,
466 1830 516 1867 D.
537 1842 623 1879 pag.
640 1830 718 1870 151
739 1830 796 1866 ed.
806 1828 943 1866 Heind.

295 1886 449 1924 Videtur
460 1887 554 1923 euim
577 1891 638 1922 aut
647 1885 750 1922 Plato
771 1890 833 1922 aut
844 1885 942 1934 quis-

296 1942 378 1991 quis
426 1942 517 1978 illius
555 1942 693 1990 dialogi
727 1946 783 1979 est
807 1946 944 1987 auctor,

294 1998 524 2036 Herodotum
545 2003 631 2035 ante
654 1997 778 2034 oculos
798 1997 945 2034 habuis-

295 2067 347 2091 se.
376 2075 432 2081 —
461 2054 615 2091 Locutio
634 2054 747 2093 καλοί
764 2067 804 2092 τε
825 2049 943 2104 noi-Joc-

293 2108 368 2149 θοὶ
393 2111 450 2147 hic
483 2123 557 2147 non
591 2110 708 2146 minus
745 2110 792 2147 de
823 2110 943 2160 specie

294 2171 358 2205 aut
376 2167 423 2204 de
441 2167 585 2215 genen's
593 2167 826 2216 praestantia,
836 2179 944 2215 quam

295 2225 343 2261 de
363 2224 478 2260 omnis
499 2222 638 2259 virtutis
672 2222 794 2259 indole
813 2223 943 2272 accipi-

295 2280 401 2318 enda.
467 2278 566 2316 Nam
619 2279 667 2316 de
711 2279 944 2329 optimatibus

294 2348 493 2385 eorumque
521 2335 602 2371 filiis
633 2334 738 2372 unice
766 2335 828 2384 qui
851 2335 944 2371 acci-

294 2405 383 2444 pere
401 2392 459 2429 hic
483 2391 588 2439 velit,
618 2404 701 2428 eum
719 2391 776 2428 vix
793 2391 943 2428 locutio-

294 2450 351 2486 nis
373 2461 520 2486 sensum
549 2452 751 2485 assecutum
780 2447 944 2485 credide-

293 2506 374 2543 rim.
431 2504 542 2541 Plura
562 2508 648 2554 post
674 2509 729 2541 tot
757 2503 847 2540 alios
869 2505 942 2540 dis-

294 2561 407 2599 seruit
424 2560 607 2599 Welcker.
635 2561 672 2596 in
703 2559 872 2609 Prolegg.
896 2560 943 2597 ad

293 2617 464 2666 Theogn.
483 2631 520 2668 p.
538 2616 676 2655 XXIV.

350 2676 468 2714 τοῦτο
490 2671 546 2720 δὲ,
565 2688 634 2711 του
620 2671 740 2723 βίου
764 2665 811 2711 εὐ
817 2667 942 2721 ἥκον-

295 2746 352 2780 τι,
382 2746 437 2777 ως
457 2745 505 2769 τα
527 2724 618 2779 παρ’
636 2727 755 2779 ημῖν,
786 2725 941 2778 τελευτὴ

294 2803 331 2826 κ.
363 2801 396 2826 τ.
421 2785 473 2837 λ.]
514 2787 557 2826 εὐ
589 2781 702 2835 ἥκειν
732 2787 806 2824 τοῦ
836 2784 941 2835 βίον,

289 2845 417 2895 florere
444 2843 534 2894 quod
559 2842 607 2879 ad
629 2844 737 2879 vitam
755 2843 880 2878 attinet
908 2855 940 2878 s

293 2913 332 2939 m
353 2914 388 2939 re
405 2899 607 2950 (familiari)
634 2900 722 2937 satis
740 2898 842 2938 lauta
863 2911 941 2937 cun·

455 1066 532 1121 Ὡς
553 1069 599 1113 δὲ
617 1067 670 1113 τὰ
687 1068 796 1113 κατα
817 1067 896 1113 τὸν
930 1067 1090 1113 Τέλλον
1111 1067 1410 1124 προετρέψατο
1431 1067 1455 1112 ὁ
1473 1066 1677 1115 Σόλων55

1020 1266 1186 1301 stitutum
1215 1276 1309 1312 esse,
1357 1263 1406 1302 de
1440 1263 1506 1312 iis,
1544 1262 1677 1313 quibus

1018 1319 1117 1357 lauta
1164 1333 1207 1358 ae
1255 1320 1359 1369 larga
1388 1321 1553 1370 suppetit
1588 1320 1675 1367 vita,

1017 1376 1186 1414 omnibus
1204 1376 1309 1414 bonis
1328 1376 1529 1413 abundans.
1552 1375 1675 1413 Verba

1004 1431 1073 1479 ὀἷς
1095 1429 1143 1471 vo?
1168 1428 1259 1483 παρ’
1276 1431 1374 1484 ἡμῖν
1396 1437 1494 1470 recte
1510 1436 1672 1469 vertunt:

1015 1502 1104 1539 „pro
1125 1489 1261 1526 modulo
1280 1490 1491 1526 nostratium
1502 1488 1670 1538 faculta-

1016 1546 1128 1582 tum.“
1193 1546 1371 1594 Stegerus
1404 1545 1577 1595 explicat:
1617 1558 1673 1591 ως

1016 1598 1067 1652 δη
1103 1596 1195 1652 παρ’
1222 1600 1322 1653 ’ἡμῖν
1351 1615 1394 1653 γε
1424 1600 1500 1651 ε’χει
1530 1603 1667 1649 ταῦτα,

1015 1653 1116 1709 α’περ
1138 1653 1399 1709 εὐδαιμονίαν
1421 1659 1632 1709 καλοῦμεν.

1195 1747 1310 1799 Cap
1341 1746 1481 1788 XXXI

1068 1824 1120 1874 ὥς
1142 1824 1185 1866 δὲ
1215 1822 1263 1866 vn?
1294 1822 1395 1866 κατοῖ
1422 1823 1493 1866 τόν
1522 1823 1667 1866 Τέλλον

1010 1882 1282 1935 προετρέψατο
1305 1882 1328 1922 ό
1350 1879 1484 1922 Σόλων
1505 1897 1540 1921 κ.
1557 1898 1591 1921 τ.
1615 1883 1663 1933 λ.]

1011 1940 1035 1976 i.
1061 1954 1093 1977 e.
1125 1953 1201 1977 cum
1228 1940 1294 1976 hac
1314 1939 1355 1976 de
1370 1939 1467 1976 Tello
1484 1942 1663 1977 narratio·

1010 2009 1051 2034 ne
1074 1996 1183 2033 Solon
1204 1996 1365 2034 Croesum
1394 1996 1453 2044 (ut
1471 2010 1521 2033 sc.
1535 1996 1664 2046 ampli-

1011 2066 1052 2089 us
1073 2053 1283 2101 quaereret)
1306 2054 1508 2099 incitasset,
1540 2055 1664 2103 quippe

1011 2110 1073 2159 qui
1093 2109 1245 2157 (Solon)
1267 2109 1380 2146 multa
1398 2109 1440 2146 de
1461 2122 1498 2146 eo
1515 2109 1663 2158 (Tello)

1009 2166 1155 2202 dixisset
1183 2166 1460 2216 felicitatemque
1489 2168 1562 2203 eius
1597 2178 1660 2202 ex-

1004 2223 1187 2272 posuisset.
1243 2221 1364 2260 Verba
1392 2219 1440 2261 w*
1467 2219 1566 2261 κατά
1593 2218 1661 2261 τὸν

1015 2276 1156 2317 Τέλλον
1167 2278 1333 2315 absolute
1345 2279 1554 2328 accipienda
1563 2282 1658 2315 sunt:

1010 2334 1127 2384 „quod
1148 2336 1273 2371 attinet
1292 2335 1340 2371 ad
1369 2334 1464 2371 Telli
1486 2335 1580 2382 res,“
1610 2334 1658 2371 ad

1010 2403 1126 2439 quae,
1154 2391 1185 2426 si
1207 2390 1346 2440 placet,
1381 2391 1565 2428 subaudiri
1582 2404 1657 2440 po-

1010 2447 1093 2483 terit
1111 2445 1255 2498 λέγων,
1293 2448 1332 2483 in
1356 2447 1490 2484 talibus
1508 2447 1658 2484 omnino

1010 2503 1208 2549 omissum,
1254 2508 1425 2540 monente
1458 2503 1588 2540 Matth.
1619 2501 1657 2553 §.

1011 2558 1091 2600 421
1114 2564 1188 2595 not.
1211 2562 1249 2606 2,
1279 2572 1300 2596 a
1319 2573 1355 2608 p.
1375 2558 1470 2599 774.
1491 2573 1656 2610 -προ-

1011 2612 1220 2665 ετρέψατο,
1248 2615 1403 2653 breviter
1424 2615 1655 2661 dictun1,vul-

1009 2685 1057 2720 go
1084 2672 1132 2708 ita
1161 2671 1363 2720 accipiunt,
1401 2677 1440 2708 ut
1461 2671 1655 2708 subaudia-

1006 2734 1066 2764 tur
1093 2724 1188 2778 πρὸς
1227 2724 1270 2766 τὸ
1305 2726 1476 2782 ἒρωτᾷνε
1515 2727 1656 2777 impulit

1009 2783 1058 2821 ad
1103 2784 1342 2834 quaerendum.
1410 2784 1653 2822 Schneiderus

1008 2841 1046 2877 in
1063 2839 1196 2879 Lexico
1214 2841 1388 2878 reddidit:
1420 2841 1651 2891 ii‘berzeugem

1008 2897 1046 2935 id
1096 2897 1196 2948 quod
1245 2897 1293 2937 ad
1338 2910 1483 2937 sensum
1521 2899 1655 2951 probat
