1759 3324
315 247 400 288 642

714 239 1193 283 HERODOTI

316 371 399 399 νον
435 354 611 411 θηρίων
648 353 729 410 τήν
772 352 863 396 ἄνω
902 351 1077 408 γνάθον
1117 347 1330 406 προσάγει
1369 351 1422 404 τῇ
1455 345 1586 391 κάτω.

316 434 400 491 ἔχει
425 435 472 478 δὲ
499 433 574 477 καὶ
604 432 766 489 ὄνυχας
804 431 1067 487 καρτεροὺς,
1124 430 1199 474 καὶ
1239 428 1376 484 δέρμα
1406 428 1646 471 marafim-40

289 512 419 567 6τὸν,
450 512 673 568 ἄρρηκτον
705 513 774 556 ἐπὶ
803 516 884 555 τοῦ
913 511 1068 554 νώτου.
1099 508 1271 566 τυφλὸν
1304 509 1350 552 δὲ
1381 508 1428 552 ἐν
1445 507 1588 560 ὕδατι,

318 593 366 637 ἐν
388 592 433 636 δὲ
451 596 504 649 τῇ
525 593 678 648 αἰθρίῃ
710 591 1085 646 ὀξυδερκέστατον.
1124 589 1196 632 ἅτε
1219 589 1270 645 δή
1296 585 1355 631 ὧν
1387 587 1433 630 ἐν
1462 586 1590 630 ὕδατι

321 671 492 716 δίαιταν
521 669 810 725 ποιεύμενον,
849 669 898 713 τὸ
929 668 1066 724 στόμα
1099 670 1281 711 ἔνδοθεν
1313 667 1465 723 φορέει
1494 670 1585 710 πᾶν

289 750 478 807 7μεστόν
505 748 733 806 βδελλέων.
773 747 826 790 τὰ
852 749 930 804 μὲν
962 748 1014 804 δή
1045 748 1151 790 ἄλλα
1187 746 1319 800 ὄρνεα
1348 747 1423 790 καὶ
1450 746 1589 803 θηρία

266 995 370 1032 seqq.
429 980 541 1025 Quod
569 992 722 1026 moneo,
752 991 799 1017 ne
829 978 922 1015 iniu-

264 1039 318 1076 ria
336 1037 417 1087 quis
429 1037 623 1075 Herodoto
643 1036 923 1074 obtrectandum

266 1099 433 1142 censeat,
475 1094 538 1143 qui
574 1106 619 1131 ea
650 1106 725 1129 non
755 1092 922 1129 animad-

265 1152 425 1199 verterit,
438 1163 533 1200 quae
557 1149 754 1187 doctissimi
774 1154 922 1186 nostrae

266 1209 400 1246 aetatis
424 1211 577 1245 naturae
607 1210 827 1244 scrutatores
863 1206 923 1241 vix

267 1265 444 1314 detegere
464 1267 673 1314 potuerunt.

325 1316 425 1360 ἄλλά
445 1318 514 1359 καὶ
534 1322 652 1359 τοῦτο
671 1320 828 1370 μοῦνον
846 1320 926 1367 θη-

269 1377 392 1429 ρίων]
444 1378 548 1415 Bene
596 1376 687 1413 haec
730 1375 925 1412 vindicavit

268 1433 477 1483 Schweigh.
496 1434 547 1470 sic
570 1433 836 1483 interpretans:
867 1430 926 1467 sed

269 1495 321 1529 est
345 1493 450 1528 etiam
477 1489 540 1527 hoc
568 1502 677 1526 unum
702 1502 745 1526 ex
771 1489 926 1525 omnibus

269 1547 504 1594 animalibus,
541 1545 632 1596 quod
664 1550 731 1583 etc.
789 1544 925 1582 Volue-

270 1611 328 1643 rat
354 1604 449 1643 enim
481 1602 665 1641 Schaefer.
695 1603 745 1639 ad
765 1602 923 1650 Gregor.

271 1663 357 1699 Cor.
395 1661 442 1699 de
481 1659 643 1697 dialectt.
678 1672 715 1709 p.
741 1660 796 1699 30
828 1653 924 1696 ἁλλὰ

270 1733 295 1757 κ
316 1734 341 1757 α
358 1731 379 1756 τ
395 1713 419 1756 οἳ
456 1718 575 1755 τοῦτο
594 1745 603 1763 ,
658 1729 741 1752 cum
776 1715 924 1751 Bastius

270 1777 388 1814 τοῦτο
416 1787 484 1825 pro
518 1768 583 1811 διὰ
604 1773 721 1811 τοῦτο
755 1771 925 1819 (idcirco)

271 1831 482 1882 accepisset.
553 1829 719 1873 Quorum
758 1833 927 1866 neutrum

271 1888 390 1926 habeo
414 1899 551 1924 verum.

331 1943 407 1995 ἔχει
436 1941 478 1982 δὲ
517 1940 583 1982 καὶ
614 1938 760 1992 ὄνυχας
795 1954 928 1992 καρτε-

273 1997 398 2049 ροῦς,
439 1998 508 2038 καὶ
549 1997 672 2049 δέρμα
710 1994 929 2036 λεπιδωτόν

274 2054 474 2107 ὄῤῥηκτον
498 2054 563 2094 ἐπὶ
592 2057 666 2093 τοῦ
693 2050 838 2104 νώτου]
872 2057 929 2091 λε-

273 2109 449 2151 πιδωτόν
481 2112 570 2148 dicit
601 2115 822 2160 squamatum
850 2110 930 2160 pel·

274 2169 367 2215 lem3
407 2167 530 2218 δέρμα
563 2165 764 2217 ἅρῤηκτον
790 2166 928 2203 Plinius

274 2225 374 2262 haud
393 2224 487 2262 male
506 2224 646 2261 reddit:
678 2226 787 2259 cutem
807 2226 929 2259 contra

276 2294 404 2318 omnem
441 2283 552 2317 ictum
587 2281 757 2315 invictam
767 2292 780 2322 ;
827 2279 929 2327 quod

275 2338 373 2376 idem
402 2336 479 2374 aliis
513 2336 631 2373 verbis
660 2339 837 2372 testantur
870 2334 930 2371 alii

275 2398 438 2433 veterum
470 2393 686 2442 scriptoreS‚
726 2391 871 2429 excitati
907 2403 927 2427 a

275 2450 457 2488 Bocharto
516 2448 724 2486 Hierozoic.
770 2447 824 2493 V,
877 2449 928 2487 17

276 2521 314 2559 p.
342 2521 393 2544 m.
420 2504 514 2547 785.
572 2504 693 2554 Atque
727 2504 855 2541 eadem
892 2503 929 2539 in

278 2561 462 2601 crocodilo
492 2562 731 2599 observarunt
749 2560 931 2597 recentio-

279 2633 337 2658 res
350 2618 610 2667 verissimaque
636 2617 931 2667 comprobarunt.

278 2675 422 2725 „Pellis
443 2674 599 2712 universi
624 2673 788 2724 corporis
807 2685 931 2709 crassa

279 2737 338 2771 est
365 2737 404 2770 et
431 2732 567 2778 densa,
599 2730 758 2779 squamis
786 2730 931 2766 obserta

279 2788 479 2826 durissimis
497 2789 664 2836 adeoque
683 2786 741 2824 vel
760 2798 930 2834 magnam

279 2846 327 2883 ab
354 2844 512 2882 externis
547 2843 684 2881 iniuriis
723 2841 930 2880 violentiam

280 2900 386 2939 facile
410 2901 562 2939 eludit.“
609 2899 821 2937 Schneider.
856 2898 878 2936 l.
907 2899 929 2935 l.

991 992 1027 1028 p.
1061 976 1111 1018 15
1143 990 1220 1026 seq.
1251 975 1330 1013 coll.
1362 991 1398 1028 p.
1429 975 1492 1018 14.
1551 974 1648 1014 Add.

993 1034 1171 1083 Ge'oss'roy
1192 1047 1276 1083 pag.
1289 1035 1383 1075 381.
1405 1034 1648 1072 Tiedemann.

991 1104 1078 1142 pag.
1100 1092 1153 1131 33
1174 1103 1276 1139 seqq.

1047 1144 1197 1195 τυφλὸν
1224 1144 1265 1184 ὁὲ
1296 1144 1338 1185 ἐν
1370 1142 1508 1194 ὕδατι,
1538 1144 1580 1186 ἐν
1605 1142 1649 1185 δὲ

992 1206 1041 1258 τῇ
1052 1203 1193 1256 αἰθρίῃ
1209 1198 1552 1253 ὀξυδερκέστατον]
1568 1203 1649 1240 Hoc

991 1261 1042 1297 ita
1063 1260 1361 1309 intelligendum,
1383 1265 1425 1297 ut
1444 1259 1648 1298 crocodilus

993 1317 1030 1354 in
1047 1330 1142 1366 aqua
1160 1318 1280 1354 minus
1301 1317 1396 1354 bene
1417 1317 1543 1355 videre
1563 1329 1649 1354 cen-

995 1379 1139 1419 seatur3
1169 1386 1255 1410 nam
1284 1374 1322 1410 in
1350 1375 1435 1411 aere
1465 1374 1651 1424 perspica-

995 1432 1177 1468 cissimum
1225 1443 1307 1467 esse
1344 1430 1497 1477 animal,
1555 1431 1651 1467 inter

994 1501 1121 1524 omnes
1144 1488 1323 1524 convenit.
1364 1487 1448 1523 Yid.
1470 1487 1651 1536 Geoffroy

991 1557 1076 1594 pag.
1096 1545 1191 1584 381.
1231 1543 1266 1580 Τ
1269 1544 1474 1581 iedemann.
1507 1543 1530 1580 l.
1550 1543 1648 1580 laud.

992 1613 1078 1651 pag.
1099 1602 1163 1641 29.

1051 1653 1092 1695 τὸ
1129 1650 1251 1706 στόμα
1300 1654 1469 1695 ἔνδοθεν
1517 1652 1653 1707 φορέει

995 1715 1078 1752 πᾶν
1109 1710 1252 1763 μεστόν
1277 1710 1492 1764 βδελλέων]
1523 1713 1566 1750 In
1584 1713 1654 1750 hoc

995 1783 1144 1820 quoque
1181 1769 1261 1806 loco
1299 1769 1449 1806 multum
1478 1770 1654 1806 sudarunt

995 1827 1061 1864 viri
1083 1827 1201 1871 docti,
1233 1827 1271 1862 in
1291 1840 1334 1863 eo
1354 1827 1546 1863 maximam
1564 1838 1652 1875 par-

995 1888 1068 1921 tem
1088 1883 1200 1934 lapsi,
1232 1884 1330 1932 quod
1350 1883 1488 1920 bdellas
1522 1881 1655 1919 intelli-

999 1945 1131 1989 gerent
1170 1939 1350 1977 hirudines
1397 1941 1653 1988 sanguisugas,

999 2010 1093 2046 quae
1119 1997 1265 2033 omnino
1291 1997 1327 2032 in
1353 1996 1427 2034 Nili
1448 1997 1552 2046 aquis
1572 1994 1655 2032 nul-

998 2054 1054 2090 lae
1080 2054 1327 2102 reperiuntur3
1355 2059 1411 2090 est
1433 2054 1528 2091 enim
1547 2051 1655 2089 intel-

996 2110 1183 2157 ligendum
1201 2122 1400 2146 muscarum
1414 2123 1543 2158 genus,
1553 2107 1654 2157 quod

998 2166 1189 2216 plurimum
1218 2178 1260 2202 ac
1287 2166 1441 2202 densum
1467 2167 1503 2202 in
1528 2177 1654 2202 croco-

999 2223 1108 2258 dilum
1149 2223 1280 2268 irruit,
1324 2223 1494 2271 ipsasque
1529 2222 1653 2258 fauces

998 2292 1072 2314 non
1101 2278 1250 2314 firmiter
1281 2290 1324 2314 ac
1357 2292 1483 2327 presse
1515 2277 1654 2315 clausas

998 2339 1166 2385 penetrat
1189 2339 1224 2370 et
1243 2335 1451 2372 interiorem
1469 2334 1653 2372 maxillam

996 2396 1110 2427 totam
1159 2391 1238 2427 sere
1283 2391 1436 2439 obtegit.
1511 2391 1654 2434 Quibus

997 2447 1129 2484 muscis
1168 2447 1326 2496 parvulis
1371 2448 1547 2485 insidians
1577 2451 1656 2484 tro-

999 2504 1109 2540 chilus
1146 2503 1183 2538 in
1215 2503 1383 2540 crocodili
1418 2506 1540 2542 fauces
1568 2515 1654 2553 per-

999 2565 1115 2605 meat3
1134 2560 1194 2608 qui
1212 2561 1333 2597 fauces
1356 2560 1552 2607 clausurus,
1571 2573 1653 2597 cor-

999 2630 1089 2666 pore
1109 2620 1193 2653 ante
1214 2621 1312 2653 moto
1339 2617 1408 2654 hoc
1426 2617 1576 2654 trochilo
1596 2617 1654 2653 in-

999 2674 1117 2719 dicat,
1148 2673 1210 2721 qui
1243 2673 1313 2710 iam
1347 2673 1478 2712 avolat.
1536 2673 1653 2709 Simili

998 2730 1108 2766 modo
1141 2730 1177 2765 in
1207 2729 1333 2767 Indiae
1359 2729 1653 2781 septentrionalis

998 2785 1115 2822 insul-<⁸1
1148 2786 1371 2822 crocodilum
1400 2787 1445 2823 ab
1479 2799 1546 2823 ave
1565 2799 1654 2836 par-

997 2842 1078 2878 vula
1125 2842 1270 2878 liberari
1317 2843 1450 2880 muscis
1491 2846 1650 2880 narrant.

999 2899 1143 2942 Quodsi
1169 2899 1278 2948 igitur
1305 2898 1519 2936 Herodotus
1545 2900 1652 2948 quid-

1740 2347 1743 2371 Ι
1757 2353 1759 2372 ι
