1759 3324
580 232 798 272 cL10.
856 232 887 271 1.

1291 233 1377 273 283

110 349 266 407 χρόνος
293 350 367 403 τῆς
402 342 599 394 ἐκθέσιος
633 345 687 399 τῇ
722 341 868 398 ἡλικίῃ
916 343 998 384 τοῦ
1036 339 1193 391 παιδός
1232 338 1377 384 ἐδόκεε

83 428 379 485 Ξσυμβαίνειν.
427 423 653 478 ἐκπλαγεὶς
689 422 737 467 δὲ
775 421 997 473 τούτοισι,
1037 418 1106 462 ἐπὶ
1143 418 1303 475 χρόνον
1333 417 1378 462 ἅ-

112 514 310 565 φθογγος
335 498 404 559 ἦν.
461 502 586 559 μόγις
625 502 671 546 ὁὲ
712 500 767 559 δή
797 517 897 546 κοτε
937 498 1222 555 ἀνενειχθεὶς,
1270 495 1378 553 εἶπε,

110 587 252 632 θέλων
275 580 486 637 ἐκπέμψαι
511 580 590 625 τὸν
613 580 924 638 Ἀρτεμβάρεα,
956 581 1029 623 ἵνα
1054 579 1134 623 τὸν
1156 577 1378 635 βουκόλον
1389 580 1435 618 40

83 669 282 723 ὃμοῦνον
309 660 459 718 λαβών
487 662 724 718 βασανίσῃ·
762 658 1092 717 ,,Ἀρτε’μβαρες,
1123 659 1206 714 ἐγώ
1237 661 1377 701 ταῦτα

110 741 334 798 ,,ποιήσω,
393 740 502 785 ὥστε
539 741 584 785 σὲ
623 742 697 785 καὶ
735 740 816 785 τόν
852 742 990 784 παῖδα
1018 739 1097 783 τὸν
1133 737 1213 783 σόν
1241 737 1378 795 μηδὲν

83 821 508 877 4,,ἐπιμέμφεσθαι.“
571 820 658 865 Τὸν
688 820 766 878 μὲν
796 818 849 877 δή
875 818 1170 876 Ἀρτεμβάρεα
1199 817 1376 873 πέμπει·

109 899 188 946 τόν
216 900 262 944 δὲ
291 903 447 956 Κῦρον
475 895 585 957 ἦγον
621 901 704 945 ἔσω
747 902 792 945 οἷ
817 899 1109 955 θεράποντες,
1148 897 1380 942 κελεύσαν-

80 989 185 1032 5τος
211 984 293 1024 τοῦ
319 978 586 1036 Ἀστυάγεος.
647 981 739 1026 ἐπεὶ
765 982 811 1025 δὲ
840 979 1121 1025 ὑπελέλειπτο
1152 976 1176 1022 ὁ
1207 974 1377 1035 βουκό-
1389 978 1436 1017 45

110 1065 187 1113 λος
206 1064 392 1118 μοῦνος,
423 1060 711 1116 μουνωθέντα
732 1061 833 1106 τάδε
853 1059 989 1105 αὐτὸν
1008 1061 1143 1114 εἴρετο
1165 1057 1188 1102 ὁ
1205 1055 1380 1100 Ἀστυά-

109 1158 216 1198 γης,
255 1139 392 1185 κόθεν
420 1140 548 1197 λάβοι
575 1139 654 1184 τὸν
682 1142 840 1195 παῖδα,
888 1141 962 1184 καὶ
990 1141 1054 1190 τίς
1085 1140 1149 1195 εἴη
1179 1135 1204 1181 ὁ
1237 1152 1377 1192 παρα-

113 1220 240 1272 δούς;
295 1217 319 1264 ὁ
351 1219 397 1265 δὲ
426 1220 469 1273 ἐξ
497 1220 666 1265 ἑωυτοῦ
701 1236 746 1264 τε
775 1220 858 1277 ἔφη
900 1218 1149 1275 γεγονέναι,
1197 1216 1270 1260 καὶ
1299 1214 1382 1272 τὴν

87 1302 332 1344 6τεκοῦσαν
367 1298 505 1345 αὐτὸν
542 1300 603 1344 ἔτι
643 1297 755 1345 εἶναι
783 1298 884 1355 παρ’
928 1299 1088 1356 ἑωυτῷ.
1144 1294 1381 1350 Ἀστυάγης

114 1380 161 1424 δέ
188 1396 266 1436 μιν
295 1378 378 1424 ουίι
417 1374 469 1424 εὖ
509 1379 800 1436 βουλεύεσθαι
843 1380 950 1437 ἔφη,
1009 1374 1302 1433 ἐπιθυμέοντα
1342 1373 1385 1424 ἐς

113 1457 307 1517 ἀνάγκας
332 1459 522 1517 μεγάλας
550 1459 857 1506 ἀπικνέεσθαι·
888 1458 977 1516 ἅμα
1005 1473 1050 1502 τε
1072 1455 1210 1512 λέγων
1229 1456 1380 1506 ταῦτα,
1394 1460 1440 1495 50

58 1657 169 1708 vulgo
191 1671 288 1696 nunc
311 1657 447 1707 legitur
479 1655 712 1710 ἐλευθεριω·

60 1713 175 1766 τέρη,
214 1715 254 1752 id
283 1728 327 1752 ex
360 1715 566 1753 coniectura
588 1715 714 1762 ssuxit3

61 1785 175 1822 quare
203 1772 401 1809 seeundum
431 1772 587 1821 vestigia
613 1772 714 1810 codi-

61 1841 142 1867 cum
161 1828 370 1866 reduximus
399 1826 713 1881 ἐλευθερωτέρη,

62 1885 197 1936 quippe
216 1885 293 1923 eius
313 1886 505 1936 responsio
528 1886 646 1934 magis
673 1885 718 1922 li-

63 1942 151 1979 bero
172 1941 309 1979 homini
326 1946 437 1991 atque
456 1943 616 1991 ingenuo
630 1955 718 1979 con-

63 1998 185 2036 venire
204 1999 417 2046 videbatur,
446 2012 554 2049 quam
573 1998 717 2037 servulo

65 2058 103 2093 et
123 2054 268 2093 subdito
286 2055 432 2092 infimae
456 2056 686 2093 conditionis.

121 2106 236 2163 μόγις
264 2109 316 2159 δὲ,
344 2108 395 2163 δή
431 2127 521 2152 κοτε
563 2108 717 2152 οἷνενει-

63 2166 202 2219 χθεὶς]
235 2163 351 2222 μόγις
369 2166 419 2220 δή
435 2190 492 2198 -
511 2167 602 2209 κοτὲ
630 2170 653 2207 i.
684 2182 716 2208 e.

66 2224 204 2263 tandem
233 2225 426 2276 aliquando
452 2239 482 2264 s,
512 2240 616 2276 aegre
637 2230 720 2264 tan-

65 2280 151 2319 dem.
207 2281 416 2320 Formulam
439 2283 577 2333 aliquot
598 2297 720 2321 exem-

66 2337 158 2388 plis,
201 2343 374 2378 monente
409 2340 498 2388 Cr.‚
533 2340 723 2377 illustravit

69 2393 302 2433 Heindorfius
340 2397 390 2434 ad
414 2396 558 2434 Platon.
589 2397 722 2434 Prota-

71 2462 147 2498 gor.
164 2464 250 2501 pag.
273 2452 366 2495 480.
398 2449 644 2505 α’νενειχθεὶς
665 2458 723 2491 est

71 2519 106 2543 se
123 2509 310 2557 recipiens,
339 2522 375 2547 se
401 2510 578 2560 colligens.
638 2511 724 2554 Qua

72 2563 119 2600 de
129 2564 390 2612 significatione
399 2567 552 2605 diximus
561 2568 598 2604 in
610 2567 724 2605 Creu-

76 2619 150 2656 zeri
166 2619 304 2659 Melett.
325 2622 377 2659 Ill
396 2637 482 2674 pag.
494 2624 559 2666 54.
588 2623 724 2662 Eusta-

75 2673 193 2723 thiuS,
229 2682 270 2715 ut
294 2678 389 2716 idem
430 2681 496 2719 Cr.
522 2684 646 2728 notat,
676 2681 725 2718 de

76 2742 144 2767 usu
171 2734 271 2771 verbi
302 2730 528 2789 ἀνενεγκεῖν
561 2738 727 2789 disputat

77 2787 127 2822 ad
157 2787 307 2828 Homeri
335 2792 472 2842 Odyss.
504 2794 611 2841 VIII,
641 2792 725 2835 428

77 2854 163 2892 Pag·
192 2846 295 2894 319,
323 2850 398 2896 21,
426 2863 495 2888 nec
519 2851 626 2888 huius
656 2849 726 2887 loci

79 2897 210 2937 oblitus
243 2907 309 2941 est.
352 2903 519 2958 Explicat
545 2907 632 2945 illud
660 2919 727 2958 per

780 1651 1111 1697 οἷναπνεύειν.
1142 1650 1328 1689 —Infra
1358 1647 1441 1688 ἔσω

779 1727 859 1752 cum
867 1726 958 1751 rece.
972 1711 1139 1749 dedimus
1157 1723 1196 1760 p.
1208 1707 1307 1756 vulg.
1321 1720 1337 1745 ε
1347 1706 1441 1745 ἰ’σω.

838 1766 1100 1821 μουνωθέντα
1143 1781 1164 1804 τ
1178 1760 1202 1804 ά
1215 1765 1237 1803 δ
1253 1779 1271 1803 ε
1319 1757 1443 1801 αὐτὸν

785 1826 907 1880 εἴρετο
933 1825 955 1865 ὁ
974 1818 1221 1874 Ἀστυάγης]
1245 1821 1349 1858 Haec
1367 1832 1444 1856 cer-

784 1889 823 1923 te
842 1883 1078 1934 plurimorum
1096 1880 1271 1917 librorum
1297 1880 1335 1915 et
1355 1875 1444 1913 scri-

784 1945 930 1993 ptorum
967 1943 1003 1977 et
1037 1939 1296 1988 impressorum
1322 1932 1443 1978 lectio,

785 2010 894 2047 quam
932 2009 977 2034 ex
1013 2008 1085 2031 uno
1125 1990 1310 2029 Sancrofti
1352 1988 1445 2025 libro

785 2053 990 2102 Schweigh.
1036 2054 1074 2089 et
1102 2047 1291 2086 Gaisford.
1328 2050 1446 2082 muta-

785 2114 870 2148 runt
903 2110 941 2147 in
965 2105 1228 2159 μουνωθέντα
1256 2100 1308 2143 δὲ
1348 2102 1446 2152 (pro

786 2162 915 2216 τάδε).
949 2166 1020 2203 Alii
1047 2164 1150 2201 libri:
1181 2157 1446 2213 μουνωθέντα

788 2221 852 2272 δὲ,
880 2218 976 2263 τάδε
993 2253 1003 2271 ,
1034 2221 1095 2259 alii
1114 2213 1321 2271 μουνόθεν
1339 2211 1446 2262 τάδε,

788 2281 889 2331 quod
912 2279 1121 2317 Gronovius
1156 2275 1343 2326 amplexus
1378 2276 1448 2310 est.

788 2336 1058 2385 Wessel'mgius
1089 2347 1133 2372 ae
1173 2331 1351 2369 Valcken.
1380 2341 1448 2379 pro

789 2389 886 2434 τάδε
908 2394 1046 2431 malunt
1065 2388 1124 2442 δή
1135 2421 1145 2437 ,
1175 2387 1380 2435 Schweigh.
1395 2399 1447 2424 τε.

791 2452 958 2496 Quorum
994 2453 1123 2487 neuter
1169 2445 1278 2483 nobis
1315 2442 1449 2494 placet,

791 2508 854 2558 qui
891 2521 972 2544 cum
1013 2504 1195 2543 Matthiae
1224 2502 1263 2538 in
1300 2499 1450 2548 vulgata

791 2564 1103 2613 adquiescendum
1126 2560 1306 2597 duximus.
1337 2555 1449 2602 Nam,

791 2626 832 2659 ut
847 2621 895 2659 de
921 2620 1069 2669 reliquis
1094 2622 1257 2663 taceam,
1283 2613 1383 2650 istud
1407 2609 1451 2651 δὲ

793 2678 912 2716 minus
946 2675 1116 2715 convenit
1150 2677 1352 2710 structurae
1383 2681 1452 2705 nec

794 2735 866 2773 nisi
894 2747 963 2785 per
991 2730 1240 2770 anacoluthiae
1265 2726 1451 2777 quoddam

795 2804 913 2841 genus
939 2792 1007 2828 rite
1026 2787 1196 2839 explicari
1218 2784 1366 2837 poterit.

851 2844 1124 2898 ἐπιθυμέοντα
1153 2842 1194 2890 ἐς
1222 2835 1452 2891 άνάγκας

886 2900 895 2913 Ι
996 2899 1006 2914 ἃ
1114 2899 1123 2913 Ι
1298 2892 1307 2907 2
1351 2891 1360 2905 Ι

797 2907 967 2958 μεγαλοις
980 2897 1260 2949 απικνεεσθαι]
1282 2907 1452 2947 αναγκαι
