1777 3324
349 266 435 306 870
742 260 1220 301 HERODOTI

189 372 288 418 171
343 371 416 417 'Ev
442 373 488 417 δὲ
506 376 559 431 τῇ
579 373 708 429 λίμνῃ
737 372 874 429 ταύτῃ
897 369 951 414 τᾶ
971 371 1144 426 δείκηλα
1162 373 1250 413 τῶν
1272 369 1451 412 παθέων
1471 367 1609 412 αὐτοῦ

20 436 300 499 ἓὲῧὲξιῗῖιῗξιξξῖ
352 452 510 503 νυκτὸς
537 456 707 497 ποιεῦσι
723 485 736 505 ,
776 451 829 495 τοὶ
868 451 1070 495 καλέουσι
1109 449 1325 506 μυστήρια
1364 446 1610 503 Αἰγύπτιοι.

21 506 106 533 tiliae
151 503 297 532 Thesmo-

21 538 130 607 ssi'ss‘iss
146 539 299 604 “ffessssffil
325 530 456 585 Ξπερὶ
483 529 562 586 μέν
591 547 677 575 νυν
704 530 873 574 τούτων
903 528 1036 573 εἰδότι
1066 546 1140 585 μοι
1169 529 1238 573 ἐπὶ
1267 528 1400 572 πλέον
1432 526 1490 578 ὣς
1509 526 1608 570 ἕκα-

22 604 299 633 nnesumattulesunt

22 646 51 666 a.
70 638 147 667 15¹0.

297 831 404 866 nator
421 828 537 877 Spon.
566 826 662 874 (itin.
681 825 699 862 I
721 839 758 876 p.
774 827 873 873 136)
895 827 952 862 in-

298 884 399 922 venit
420 895 462 919 ac
485 883 688 931 descripsit.
718 882 825 918 conf.
844 883 953 919 etiam

300 939 536 978 Tournefort.
564 950 708 988 voyage
738 938 787 974 du
813 936 956 974 Levant

302 995 360 1032 t.I
388 1009 423 1045 p.
445 997 526 1036 290
548 1007 649 1043 seq.‚
676 994 776 1031 cuius
799 994 955 1031 mentio-

302 1063 386 1090 nem
408 1051 443 1088 h.
462 1050 487 1088 l.
511 1050 651 1089 faciunt
670 1051 902 1101 interpretes.

481 1191 587 1242 Cap.
618 1189 787 1229 chxl.

359 1274 404 1315 ἐν
435 1272 478 1314 δὲ
507 1277 557 1330 τῇ
592 1274 736 1329 λίμνῃ]
785 1272 827 1314 ἐν
862 1274 897 1311 h.
931 1274 955 1312 l.

302 1332 402 1370 haud
421 1331 523 1369 aliter
544 1332 794 1382 accipiendum
815 1331 957 1369 videtur

303 1393 414 1438 atque
442 1388 498 1436 ΙΙ,
529 1387 620 1429 159.
657 1389 760 1434 163,
789 1388 853 1425 ubi
882 1388 954 1424 vid.

301 1466 359 1474 ·—-
387 1445 430 1482 In
460 1458 563 1494 seqq.
597 1457 677 1481 eum
715 1444 832 1482 Gaisf.
871 1444 958 1482 dedi

304 1496 454 1540 αὐτῶν
476 1514 544 1551 pro
564 1496 740 1539 αὐτέων.

359 1554 406 1595 ‘col
424 1557 590 1607 ’δείκηλα
607 1560 689 1595 τῶν
701 1554 868 1595 παθέων
886 1552 954 1595 αὐ-

302 1615 377 1653 τοῦ
390 1611 533 1660 νυκτός
551 1612 724 1663 ποιεῦσι]
754 1613 813 1650 De
834 1614 956 1650 Saita-

304 1683 382 1710 rum
414 1671 518 1707 festis
552 1671 646 1707 conf.
673 1682 782 1720 supra
810 1669 862 1716 ΙΙ,
890 1670 956 1711 59.

305 1729 372 1768 62.
402 1726 484 1763 Hoc
503 1727 540 1763 in
557 1726 636 1763 loco
655 1722 778 1765 αὐτοῦ
795 1727 958 1763 reseren-

305 1784 391 1822 dum
413 1787 469 1820 est
489 1784 537 1820 ad
560 1783 733 1820 osiridem
746 1812 756 1829 ,
787 1783 835 1819 ad
856 1784 956 1819 cuius

304 1840 434 1877 funera
452 1838 667 1876 celebranda
681 1840 845 1887 ritusque
862 1840 959 1876 fera-

305 1895 358 1934 les
377 1899 545 1946 spectant
556 1925 567 1944 ,
597 1908 693 1944 quae
707 1895 741 1932 h.
761 1894 784 1931 l.
804 1896 959 1932 tradun-

304 1956 374 1989 tur.
441 1952 482 1988 In
520 1952 562 1988 iis
604 1952 700 1989 enim
736 1951 958 1989 exhibebant

308 2008 466 2057 speciem
486 2020 652 2054 casuum,
681 2008 744 2057 qui
766 2007 835 2044 deo
866 2008 960 2044 acci-

308 2065 456 2110 derant,
487 2064 573 2100 dum
597 2064 634 2100 in
656 2065 743 2100 vivis
764 2067 843 2100 erat
864 2068 902 2101 et
921 2064 959 2100 in

307 2124 406 2158 terra
433 2120 669 2167 versabatur,
699 2120 816 2156 donec
836 2132 858 2155 a
879 2119 915 2156 T
918 2133 960 2169 y-

306 2175 429 2226 phone
452 2176 676 2212 caederetur.
733 2175 858 2213 Scenis
889 2177 960 2224 igi-

308 2235 370 2267 tur
385 2230 521 2267 etludis
543 2232 647 2279 quasi
669 2236 962 2281 repraesentasse

308 2287 478 2323 videntur
497 2286 700 2323 universam
720 2286 963 2324 calamitatum

309 2342 518 2389 historiam,
556 2354 646 2390 quas
686 2342 774 2378 deus
806 2342 964 2379 humana

309 2398 426 2435 forma
458 2398 607 2434 indutus
625 2410 819 2447 perpessus
844 2399 962 2435 fuerit.

312 2454 418 2497 Quae
438 2453 564 2503 quales
586 2453 719 2490 fuerint
734 2481 744 2499 ,
777 2453 833 2489 hic
852 2466 965 2504 expo-

309 2522 399 2547 nere
418 2509 566 2558 longum
594 2514 673 2555 est,
703 2510 887 2558 exposuit,
918 2522 965 2547 ne

310 2565 381 2602 alia
416 2566 596 2614 attingam
620 2594 631 2612 ,
675 2565 886 2602 Plutarchus
918 2565 966 2603 de

310 2621 359 2659 Is.
382 2625 417 2659 et
444 2621 541 2658 Osir.
567 2634 604 2670 p.
622 2620 704 2662 356
734 2634 762 2658 s.
785 2621 865 2662 459
887 2634 964 2671 seq.

311 2676 505 2727 Wyttenb.
550 2676 600 2713 Et
617 2677 778 2727 pluribus
799 2677 885 2713 locis
905 2690 966 2714 su-

314 2746 384 2785 pra
410 2734 482 2770 iam
519 2733 623 2770 huius
650 2733 794 2770 fabulae
811 2734 960 2770 mentio·

317 2802 402 2827 nem
426 2789 587 2826 fecimus.
644 2789 729 2826 Hoc
754 2802 841 2827 vero
871 2801 967 2827 nunc

315 2845 560 2896 praetermitti
575 2844 759 2882 nolumus:
787 2845 967 2883 Herodoti

317 2901 436 2939 locum
463 2901 551 2940 artis
578 2901 740 2940 scenicae
769 2900 825 2940 vel
848 2901 967 2939 Grae-

355 620 435 653 στα
472 608 620 653 αὐτῶν
657 609 762 664 ἔχει,
814 609 1003 665 εὔστομα
1031 611 1203 653 κείσθω.
1252 608 1326 653 καὶ
1354 611 1429 664 τῆς
1458 603 1612 663 Δήμη-

1020 838 1143 863 corum
1180 824 1377 875 primordia
1422 826 1534 872 atque
1569 822 1670 860 initia

1020 883 1218 918 continere.
1290 879 1440 927 „Sicuti
1475 879 1571 916 enim
1598 878 1672 916 Ae-

1023 938 1173 988 gyptii“
1203 937 1320 984 (sunt
1359 935 1471 973 verba
1499 935 1672 971 Creuzeri

1025 995 1063 1031 in
1079 1007 1206 1031 comm.
1230 993 1395 1030 Herodd.
1412 1005 1447 1041 p.
1460 991 1561 1039 223)
1579 1003 1673 1038 „no-

1026 1055 1085 1088 ctu
1103 1051 1139 1087 in
1161 1050 1249 1086 urbe
1273 1049 1338 1085 Sa'i
1369 1049 1417 1085 ad
1444 1047 1559 1083 lacum
1585 1046 1673 1083 Osi-

1024 1107 1113 1144 ridis
1128 1119 1273 1144 casuum
1285 1105 1441 1155 speciem
1458 1103 1674 1152 imaginem-

1025 1176 1097 1212 que
1118 1162 1369 1200 exhibuerant:
1399 1162 1451 1197 ita
1469 1160 1588 1210 prisco
1607 1160 1675 1196 ad-

1024 1219 1174 1256 modum
1214 1231 1304 1256 aevo
1340 1217 1501 1254 similiter
1543 1220 1675 1254 eventa.

1025 1275 1200 1312 Bacchica
1239 1274 1476 1311 exhibuerant
1500 1274 1548 1309 ad
1584 1272 1674 1310 Ler-

1024 1344 1157 1369 naeum
1176 1331 1289 1367 lacum
1310 1330 1443 1379 Argivi.
1500 1328 1591 1366 Inde
1607 1343 1675 1379 pu-

1023 1388 1116 1425 blice
1153 1400 1300 1436 quoque
1336 1387 1374 1423 in
1406 1386 1507 1423 festis
1543 1386 1676 1422 Bacchi

1024 1444 1152 1482 diebus
1170 1444 1255 1479 talia
1268 1472 1279 1490 ,
1304 1455 1397 1492 quae
1412 1442 1555 1493 publice
1577 1441 1677 1479 evul-

1025 1501 1105 1549 gari
1125 1503 1294 1550 poterant
1307 1528 1317 1546 ,
1346 1500 1427 1535 rudi
1448 1499 1677 1548 incomtoqne

1024 1558 1134 1596 modo
1146 1560 1419 1606 repraesentata
1430 1560 1513 1592 sunt
1528 1556 1565 1590 in
1578 1555 1674 1604 agris

1024 1613 1242 1663 oppidisque
1260 1625 1326 1662 per
1342 1613 1546 1649 universam
1558 1611 1677 1649 Grae-

1024 1670 1113 1707 ciam
1151 1674 1186 1706 et
1224 1668 1363 1705 ltaliam
1405 1681 1485 1705 eam
1504 1697 1515 1715 ,
1567 1680 1678 1716 quam

1026 1726 1160 1762 Graeci
1187 1725 1408 1761 habitarunt.
1448 1725 1594 1762 Docent
1614 1736 1678 1760 va-

1025 1781 1143 1828 scula,
1173 1781 1296 1818 inillis
1322 1782 1474 1818 maxime
1502 1781 1572 1817 oris
1600 1792 1680 1817 ma-

1025 1851 1100 1888 gno
1130 1850 1281 1874 numero
1316 1838 1501 1886 reperta.“
1568 1836 1678 1874 Plura

1027 1896 1075 1931 de
1097 1893 1152 1931 his
1178 1894 1250 1931 vid.
1281 1894 1329 1930 ad
1351 1893 1405 1942 V,
1425 1896 1500 1942 67,
1530 1893 1577 1930 de
1604 1905 1677 1942 quo

1024 1951 1104 1988 loco
1136 1951 1206 1987 iam
1243 1950 1383 1987 monuit
1414 1950 1585 1988 Creuzer.
1604 1949 1627 1986 l.
1653 1947 1678 1987 l.

1026 2021 1112 2059 pag.
1136 2009 1218 2048 221
1241 2019 1319 2055 seq.

1085 2061 1152 2102 ἐπὶ
1173 2061 1320 2112 πλέον]
1351 2063 1373 2100 i.
1396 2077 1427 2101 e.
1449 2062 1553 2113 plus,
1571 2075 1679 2099 accu-

1027 2123 1154 2158 ταΐίαε.
1194 2120 1301 2156 Conf.
1321 2119 1512 2156 Heindorf.
1533 2120 1580 2156 ad
1596 2118 1681 2155 Pla-

1027 2183 1102 2214 ton.
1125 2176 1239 2224 Gorg.
1266 2190 1303 2225 p.
1325 2177 1398 2222 23,
1423 2177 1471 2212 ad
1490 2175 1679 2212 Phaedon.

1028 2247 1065 2284 p.
1088 2234 1180 2273 161.
1226 2230 1320 2268 Add.
1350 2236 1418 2268 act.
1444 2230 1581 2282 philoll.
1598 2230 1682 2267 Μο-

1029 2301 1129 2326 nacc.
1147 2287 1162 2323 I
1180 2300 1266 2337 pag.
1286 2288 1378 2328 289-

1089 2340 1259 2393 εὕστομα
1275 2340 1442 2392 κείσθω]
1472 2342 1495 2379 i.
1517 2356 1548 2380 e.
1577 2341 1682 2379 silen-

1030 2401 1120 2436 tium
1159 2411 1262 2446 agere
1302 2398 1412 2434 debeo.
1484 2398 1682 2447 Loquendi

1031 2454 1185 2492 formula
1205 2455 1347 2492 serioris
1377 2455 1506 2492 aetatis
1530 2456 1683 2505 scripto-

1032 2511 1131 2547 ribus
1154 2511 1259 2547 valde
1278 2511 1450 2559 frequens
1463 2515 1524 2558 ,ut
1543 2512 1579 2547 in
1596 2524 1683 2561 pro-

1035 2566 1196 2603 verbium
1215 2569 1290 2603 fere
1316 2567 1457 2604 abierit.
1517 2567 1579 2604 Tu
1608 2567 1682 2615 vid.

1034 2622 1142 2659 schol.
1163 2624 1211 2659 ad
1229 2623 1401 2672 Sophocl.
1423 2623 1574 2660 Philoct.
1587 2625 1682 2664 201.

1033 2677 1216 2716 Plutarch.
1235 2679 1359 2716 moral.
1382 2693 1418 2729 p.
1442 2680 1536 2721 857.
1577 2679 1684 2716 Tho-

1032 2746 1111 2771 mas
1131 2734 1232 2783 Mag.
1263 2749 1299 2785 p.
1322 2736 1404 2777 395
1434 2740 1470 2773 et
1491 2735 1683 2785 Phrynich.

1032 2802 1119 2841 pag.
1139 2790 1221 2832 469
1251 2792 1309 2828 ed.
1338 2791 1502 2829 Lobeck.
1569 2791 1683 2835 Quod

1034 2859 1121 2882 vero
1140 2847 1177 2882 in
1203 2847 1396 2884 Herodoto
1426 2847 1582 2884 scribere
1603 2846 1683 2896 pla-

1036 2906 1093 2939 cet
1109 2902 1253 2939 Sturzio
1273 2903 1321 2940 ad
1343 2903 1521 2942 Hellanic.
1548 2903 1680 2953 fragm.
