1759 3324
0 2831 2 2899 k

495 262 916 304 EUTERPE.
962 263 1010 301 11.

1284 264 1369 304 525

85 377 176 429 3059
206 375 308 422 οὐδὲ
335 373 449 425 εἰκός
489 372 574 417 οἷπό
612 370 759 428 χιόνος
787 387 863 427 μιν
893 369 1019 427 ῥέειν.
1076 373 1253 425 πρῶτον
1289 372 1369 427 μὲν

113 456 186 500 καὶ
212 455 411 511 μέγιστον
437 450 678 508 μαρτύριον
708 451 751 493 οἱ
780 449 931 506 ἄνεμοι
955 449 1230 506 παρέχονται,
1262 449 1366 493 πνέ-

86 537 238 584 4οντες
265 530 349 575 ἀπὸ
381 534 470 574 τῶν
496 529 675 586 χωρέων
711 529 904 573 τουτέων
931 530 1101 585 θερμοί.

1163 528 1366 584 δεύτερον

112 611 179 664 δὲ,
219 610 285 654 ὅτι
313 608 537 666 ἄνομβρος
565 607 592 666 ἡ
622 606 742 665 χώρη
780 609 854 652 καὶ
894 606 1195 665 ἀκρύσταλλος
1224 610 1366 653 διατε-

54 824 162 876 (wide
190 826 314 869 πολλά
333 828 474 876 ἕστι).“
519 828 701 878 Equidem

52 887 138 924 nihil
173 888 386 924 mutandum
417 887 604 934 existimo,
635 886 700 924 sed

51 943 350 994 interpretatione
374 943 490 980 locum
520 942 702 979 illustran-

52 999 152 1045 dum,
181 1000 279 1036 cuius
296 1000 352 1036 hic
363 1000 447 1036 mihi
461 999 605 1036 videtur
618 1011 702 1036 sen-

52 1069 131 1092 sus:
163 1055 318 1097 Quorum
326 1056 490 1106 pleraque
502 1056 615 1104 (quae
628 1054 701 1092 scil.

52 1113 98 1149 de
117 1111 191 1149 Nili
211 1112 429 1150 incremento
449 1113 486 1149 in
506 1111 599 1149 hanc
621 1111 702 1162 opi-

51 1168 196 1206 nionem
218 1168 469 1219 disputantur)
489 1167 579 1204 talia
607 1170 701 1214 sunt,

50 1228 92 1260 ut
110 1228 186 1261 viro
197 1246 241 1251 —
256 1238 296 1261 ne
306 1225 481 1275 probabile
494 1224 628 1275 quidem
643 1225 701 1261 vi-

51 1280 128 1317 deri
150 1283 280 1330 possit,
321 1280 445 1319 Nilum
478 1283 593 1331 fluere
620 1282 701 1317 nive

51 1341 201 1374 auctum.
235 1359 282 1365 —
315 1338 388 1375 Pro
411 1336 528 1385 οἰκός,
550 1338 648 1387 quod
662 1336 700 1373 in

49 1392 165 1430 Reizii
195 1393 358 1444 aliasque
394 1394 574 1431 editiones
611 1393 701 1430 irre-

49 1449 144 1499 psit,
173 1450 419 1501 rescripsimus
442 1447 561 1498 εἰκός,
582 1449 699 1486 omni-

49 1505 117 1542 bus
156 1504 254 1543 libris
291 1507 497 1557 probatum.
556 1505 699 1543 Eodem

49 1561 196 1599 consilio
225 1563 322 1600 ducti
361 1562 700 1601 Schellershemiani

47 1619 260 1656 auctoritate
281 1632 361 1657 cum
380 1624 533 1657 recentt.
554 1618 700 1670 scripsi-

48 1686 128 1711 mus
155 1672 261 1725 χωρέ
273 1690 328 1713 ων
346 1688 412 1726 pro
432 1691 510 1727 χωρ
524 1676 615 1714 ίων.

102 1725 162 1769 ’ὅτι
197 1727 398 1782 ἄνομβρος
435 1730 464 1782 ἦ
491 1731 598 1783 χώρη
632 1728 700 1770 καὶ

48 1780 315 1837 οἷκρύσταλλος
328 1803 362 1827 κ.
375 1803 407 1827 τ.
418 1786 467 1839 L]
496 1789 596 1826 Idem
613 1800 700 1838 pro-

46 1843 118 1880 fert
142 1842 393 1882 Diodor.1.1.
443 1846 520 1882 Sed
548 1844 698 1882 celsiora

45 1897 259 1950 Aethiopiae
280 1899 370 1948 loca,
399 1902 574 1939 montium
590 1914 699 1952 prae-

47 1955 169 1992 sertim
198 1958 383 1994 cacumina
413 1971 480 1995 nec
514 1957 594 1996 nive
630 1969 697 1994 nec

45 2011 221 2060 grandine
241 2018 350 2063 atque
370 2014 456 2062 gelu
476 2027 611 2061 carere,
632 2014 697 2050 be-

45 2080 91 2105 ne
108 2073 233 2106 monet
242 2069 459 2120 Wesseling.
472 2071 626 2108 testibus
643 2069 696 2106 al—

44 2122 150 2172 latis,
187 2126 316 2174 quibus
343 2126 412 2164 alia
446 2128 568 2165 adiicit
603 2126 697 2164 Lar-

45 2179 171 2218 eherus
199 2182 246 2219 de
270 2182 421 2234 pluviis,
451 2196 543 2233 quas
572 2183 617 2220 ab
636 2182 697 2220 Iu-

43 2237 104 2273 nio
113 2250 238 2275 mense
250 2238 334 2277 inde
345 2253 460 2290 usque
470 2241 518 2278 ad
529 2241 698 2290 Septem·

45 2292 145 2330 brem
162 2293 198 2330 in
208 2293 401 2346 Aethiopia
419 2298 549 2334 cadere
570 2308 696 2334 recen-

44 2348 152 2386 tiores
169 2350 417 2391 observarunt.
474 2352 598 2402 Atque
624 2353 697 2390 iam

45 2403 138 2442 inter
154 2410 295 2445 veteres
316 2409 477 2446 nonnulli
494 2410 617 2447 Nilum
629 2419 696 2447 au-

44 2460 124 2510 geri
149 2465 409 2504 contenderant
433 2466 608 2504 imbribus
632 2479 695 2503 ae-

46 2517 164 2565 stivis,
192 2531 284 2568 quae
301 2521 338 2558 in
351 2521 543 2587 Aethiopia
564 2526 602 2560 et
613 2522 695 2572 qui-

45 2571 130 2611 dem
155 2576 345 2628 praecipue
365 2579 401 2616 in
423 2579 606 2617 montibus
628 2580 695 2617 de-

44 2629 178 2666 cidant.
237 2632 344 2671 Conf.
382 2635 554 2673 Strabon.
589 2635 695 2672 XVII

46 2697 133 2735 pag.
155 2687 273 2735 1138,
293 2688 336 2727 A.
353 2690 398 2728 Β.
421 2693 541 2739 1139,
557 2692 602 2740 Β,
632 2691 694 2729 ubi

46 2739 295 2781 Eratosthenis
314 2745 403 2785 haec
422 2747 592 2785 laudatur
610 2761 695 2787 sen-

46 2798 170 2834 tentia.
197 2797 265 2836 Alii
282 2799 473 2854 Aegyptii,
503 2808 600 2842 teste
620 2804 695 2853 Ly-

46 2852 95 2889 do
116 2854 164 2891 de
180 2867 310 2894 menss
332 2871 418 2909 pag.
440 2859 534 2909 264,
554 2861 599 2898 ab
616 2865 696 2899 ete-

1 2908 5 3016 ἸΙ
47 2910 109 2948 siis
127 2911 351 2952 tradiderant
378 2929 504 2954 omnes
531 2917 648 2955 nubes
672 2931 694 2956 e

768 829 1013 879 superioribus
1058 828 1269 878 regionibus
1315 827 1423 865 meri-

768 886 863 923 diem
883 899 1009 924 versus
1032 885 1177 923 detrudi
1199 889 1235 922 et
1246 884 1330 922 inde
1342 896 1423 921 cum

769 943 888 991 gravis
930 943 1053 994 pluvia
1090 942 1257 989 decidat,
1297 940 1423 978 Nilum

767 1003 1003 1044 exaestuare3
1031 1002 1143 1047 atque
1171 997 1282 1035 etiam
1303 997 1424 1035 Thra-

770 1054 907 1104 syalces
920 1055 1079 1093 Thasius
1099 1067 1180 1092 eam
1202 1054 1321 1090 tenuit
1340 1067 1423 1090 sen-

768 1111 940 1159 tentiam,
978 1112 1025 1148 ab
1053 1111 1174 1148 etesiis
1204 1109 1329 1147 Nilum
1361 1122 1424 1147 ex-

767 1168 865 1204 trudi
891 1169 1085 1205 affirmans.
1117 1168 1212 1204 Cum
1241 1167 1335 1203 enim
1349 1166 1423 1203 Ae«

767 1224 905 1275 thiopia
934 1224 1118 1261 altioribus
1139 1223 1324 1260 montibus
1353 1222 1423 1260 cir-

767 1280 955 1318 cumdetur
977 1285 1089 1330 atque
1107 1279 1263 1330 excipiat
1289 1279 1420 1326 nubes,

767 1349 864 1386 quae
891 1337 938 1373 ab
979 1337 1101 1374 etesiis
1144 1336 1420 1387 protrudantur,

766 1391 892 1431 Nilum
918 1392 1098 1430 inundari.
1155 1391 1290 1441 Neque
1317 1391 1422 1428 aliter

768 1449 1009 1486 Callisthenes
1035 1448 1159 1486 Nilum
1179 1462 1218 1485 se
1239 1448 1422 1486 invenisse

767 1509 928 1543 testatus
950 1509 1031 1543 erat
1057 1518 1101 1543 ex
1127 1505 1274 1542 infinitis
1297 1504 1421 1542 imbri-

769 1562 834 1599 bus
864 1563 902 1600 in
925 1561 1116 1614 Aethiopia
1148 1562 1235 1599 ortis
1274 1561 1418 1599 deferri.

766 1618 906 1656 Nostra
931 1623 1054 1656 aetate
1082 1619 1169 1656 satis
1195 1622 1421 1669 compertum

766 1674 962 1723 habemus,
1018 1675 1055 1711 in
1103 1674 1234 1726 pluviis
1272 1674 1420 1725 tropicis

768 1743 864 1780 quae
882 1732 1052 1768 dicuntur
1070 1744 1091 1768 a
1103 1730 1202 1768 Maio
1214 1744 1339 1768 mense
1359 1744 1421 1768 us-

768 1800 841 1836 que
864 1789 912 1825 ad
934 1788 1191 1838 Septembrem
1220 1789 1297 1825 fere
1322 1787 1421 1824 deci-

768 1844 938 1894 dentibus
969 1857 1090 1881 veram
1119 1843 1194 1881 Nili
1225 1844 1419 1882 crescentis

768 1904 805 1937 et
830 1901 1042 1938 inundantis
1069 1913 1216 1938 cansam
1238 1913 1420 1950 quaeren-

767 1956 850 1994 dam
861 1970 954 1994 esse.
979 1957 1086 1994 Conf.
1097 1958 1314 1994 Hartmann.
1324 1957 1420 1994 Erd-

764 2013 904 2050 beschr.
925 2026 958 2050 v.
976 2012 1133 2064 Aegypt.
1155 2026 1239 2064 pag.
1249 2016 1303 2057 92
1316 2026 1417 2063 seqq.

764 2071 831 2110 97.
872 2070 1032 2108 Heeren.
1064 2070 1177 2107 Ideen
1212 2074 1279 2107 etc.
1306 2069 1363 2116 ΙΙ,
1391 2072 1420 2111 2

762 2138 849 2177 pag.
867 2127 920 2168 56
951 2139 1026 2176 seq.
1052 2126 1131 2165 coll.
1158 2126 1292 2164 Ritter.
1322 2126 1420 2163 Erd-

763 2183 877 2220 kund.
908 2183 924 2220 Ι
952 2196 1038 2234 pag.
1061 2182 1154 2224 835.
1212 2182 1270 2220 De
1299 2183 1417 2220 ventis

762 2239 936 2276 nonnulla
965 2240 1171 2277 monuimus
1204 2240 1253 2277 ad
1275 2239 1321 2287 ΙΙ,
1351 2241 1418 2282 20.

762 2295 943 2334 Referunt
965 2296 1036 2334 huc
1054 2309 1215 2346 quoque,
1238 2297 1339 2346 quod
1349 2295 1419 2334 Ni-

763 2352 818 2389 lus
850 2353 922 2391 iam
948 2353 1111 2391 Homero
1132 2353 1262 2391 dicitur
1293 2353 1418 2392 διϊπε-

763 2405 853 2460 τῆς,
882 2413 1009 2447 auctus
1029 2410 1165 2448 scilicet
1189 2409 1324 2459 pluviis
1344 2422 1419 2447 coe-

761 2465 849 2503 litus
876 2466 1048 2517 delapsis,
1086 2470 1129 2504 ut
1154 2470 1303 2517 poetam
1332 2479 1418 2504 vera.

761 2535 870 2560 causa
889 2524 990 2561 fluvii
1011 2524 1108 2561 aucti
1134 2522 1232 2560 haud
1258 2523 1417 2561 latuerit.

760 2579 844 2617 Vid.
872 2584 988 2618 testes
1023 2580 1188 2618 Graecos
1225 2592 1247 2617 a
1282 2580 1416 2618 Creuz.

761 2632 930 2674 laudatos
951 2637 988 2675 in
1007 2637 1229 2674 Commentt.
1247 2636 1416 2674 Herodd.

760 2704 847 2742 pag.
870 2696 962 2735 187.
976 2695 1056 2735 188
1071 2696 1145 2730 not.
1179 2693 1256 2730 Iam
1271 2694 1309 2730 in
1319 2693 1417 2731 clau-

760 2749 841 2786 sula
851 2749 949 2787 haud
959 2749 1283 2801 praetermittenda
1289 2750 1417 2801 Epho-

760 2806 791 2841 ri
808 2807 987 2844 sententia
1004 2810 1041 2844 et
1058 2807 1140 2857 ipsa
1157 2819 1417 2844 commemora-

760 2864 798 2897 ta
816 2874 838 2899 a
862 2862 968 2911 Lydo
994 2862 1018 2900 1.
1049 2862 1072 2899 l.
1099 2875 1186 2913 pag.
1205 2864 1300 2905 265.
1330 2862 1414 2899 Vid.

759 2917 913 2957 Diodor.
944 2919 1018 2957 Sic.
1044 2918 1084 2967 I,
1115 2919 1171 2960 39
1208 2923 1246 2957 et
1276 2918 1415 2970 Ephori
