1805 3315
360 241 419 282 48
773 235 1246 275 HERono'rl
1803 212 1805 275 4

337 348 440 393 5τὸν
472 346 582 392 θεὸν
618 345 866 402 ἐπείρεσθαι
904 346 1004 401 περὶ
1050 348 1126 402 τῆς
1164 344 1345 389 νούσου.
1383 348 1498 388 τοῖσι
1536 343 1584 388 δὲ
1620 342 1648 401 ἡ

359 428 512 484 Πυθίη
550 425 854 483 ἀπικομένοισι
892 424 936 475 ἐς
971 423 1176 480 Δελφούς
1216 423 1298 468 οὐκ
1339 424 1422 480 ἔφη
1459 421 1693 480 χρήσειν,35

355 508 463 562 πρὶν
501 504 532 562 ἢ
570 506 649 549 τὸν
688 504 798 556 νηὸν
833 507 910 560 τῆς
943 502 1173 559 Ἀθηναίης
1207 500 1523 557 ἀνορθώσωσι,
1569 502 1649 546 τόν

240 590 307 633 20
354 587 596 643 ἐνέπρησαν
634 583 777 641 χώρης
823 587 899 639 τῆς
939 584 1158 638 Μιλησίης
1196 580 1243 624 ἐν
1279 580 1484 638 Ἀσσησῷ.
1541 586 1647 625 Δελ-

1429 659 1646 716 Μιλήσιοι
1698 676 1757 716 10

60 655 107 683 'rh
112 663 159 683 ras
162 655 269 689 ybuius
282 662 307 714 ia.

34 690 75 718 Pe
79 691 102 717 ri
107 699 143 717 an
127 690 198 716 nrod
211 697 256 715 mn

33 728 82 752 tus
124 732 158 750 ca
143 723 217 749 aduc
220 697 303 748 eatlol-

34 745 100 785 rem’
126 758 162 784 ab
182 757 302 789 Alyatte
350 746 395 790 δὲ
424 744 525 788 τάδε
554 746 827 798 προστιθεῖσι
865 741 1080 785 τούτοισι·
1129 741 1405 794 Περίανδρον
1442 738 1521 782 τὸν
1559 742 1646 782 Κυ-

33 791 173 864 ffgcsi‘mss
173 797 302 855 etqugffl
349 825 512 877 ψέλου,
545 821 673 866 ἐόντα
706 819 1010 880 Θρασυβούλῳ
1040 824 1102 880 τῷ
1130 819 1227 864 τότε
1255 817 1460 874 Μιλήτου
1489 834 1644 872 τυραν-
1631 831 1692 865 -90

349 901 528 948 νεύοντι
568 892 709 954 ξἐῖνον
745 900 788 952 ἐς
825 900 878 943 τοὶ
919 899 1126 956 μάλιστα,
1163 897 1420 955 πυθόμενον
1456 895 1507 941 τὸ
1544 913 1645 954 χρη·

293 671 453 723 Ξφῶν
494 663 595 708 οἶδα
635 662 717 719 ἐγώ
758 661 875 706 οὕτω
914 659 1108 712 ἀκούσας
1146 659 1362 716 γενέσθαι.

37 859 135 918 iecta'n
146 858 173 885 ei
201 857 302 890 pecie

33 901 65 919 r(
52 900 106 918 eur
192 890 242 950 ‘qd
269 898 302 916 se

33 926 146 953 affluen
150 925 192 951 tiu
225 932 303 962 pa-

34 968 99 987 cem
121 959 180 994 imp
173 933 280 985 »ειιι-’.ιιι
285 962 306 984 t

310 1084 378 1124 37.
415 1080 487 1129 IV,
509 1082 574 1122 81.
603 1079 650 1128 V,
679 1082 758 1122 109
785 1083 851 1118 etc.
884 1078 964 1116 coll.

309 1137 442 1177 Matth.
492 1138 559 1174 Gr.
587 1137 652 1174 Gr.
697 1136 734 1188 ᾗ.
767 1138 849 1179 536
889 1141 966 1173 not.

311 1192 505 1259 p.1o54.

367 1249 475 1315 πρὶν
485 1266 510 1301 η
530 1263 601 1288 τον
618 1245 716 1300 νηὸν
747 1250 818 1299 τῆς
845 1242 967 1299 Ἀθη-

310 1308 429 1357 ναίης
452 1301 750 1358 ἆναρθωσωσι]
791 1306 968 1342 Codicum

310 1363 540 1414 quorundam
566 1362 757 1400 lectionem
776 1357 967 1413 ἀνορθω-

313 1431 463 1459 σουσι
499 1418 684 1469 amplexus
725 1423 782 1456 est
820 1419 964 1468 Steger.

311 1477 469 1514 Praesat.
501 1488 589 1526 pag.
620 1475 675 1522 X,
726 1488 805 1512 cum
832 1475 965 1524 alioqui

310 1533 523 1570 Herodotus
553 1532 779 1569 coniunctivo
805 1533 964 1581 particu-

309 1588 380 1626 lam
402 1585 452 1627 ἂν
491 1592 550 1636 (ut
574 1587 609 1636 I,
645 1590 709 1629 82-
744 1589 834 1629 159-
870 1591 962 1629 197·

312 1648 405 1686 198.
435 1644 509 1692 ΙΙΙ,
547 1647 638 1685 109.
657 1645 702 1692 Ὺ,
726 1646 832 1691 106)
859 1644 965 1681 addi-

310 1703 436 1740 disset.
467 1700 548 1738 Nec
565 1705 688 1737 tamen
709 1701 793 1736 mihi
813 1700 871 1737 ille
881 1713 966 1750 per-

311 1758 437 1794 suasit.
496 1756 579 1793 Vid.
602 1756 733 1793 Matth.
756 1755 793 1807 ᾖ.
817 1757 914 1802 522,
941 1757 967 1794 d

311 1819 388 1851 not.
410 1826 496 1864 pag.
518 1815 628 1854 1012
647 1812 726 1850 coll.
748 1825 835 1862 pag.
859 1815 966 1854 1011

314 1875 352 1908 et
369 1884 463 1920 quae
483 1870 607 1907 monui
626 1870 675 1906 ad
692 1869 872 1907 Plutarch.
883 1869 970 1906 Phi-

311 1926 469 1978 lopoem.
487 1939 573 1978 pag.
597 1929 663 1967 22.

523 2016 633 2066 Cap.
664 2015 748 2052 XX.

366 2092 523 2135 οἶδα-
534 2089 732 2145 οἰκούσας]
747 2094 859 2132 Haud
877 2107 960 2132 raro

311 2154 461 2190 verbum
491 2148 582 2190 οἶδα
613 2152 712 2201 apud
734 2151 965 2189 Herodotum

309 2215 420 2258 atque
439 2208 661 2245 Pausaniam
679 2207 899 2245 itaiunctum
907 2221 966 2246 re-

309 2265 447 2315 peritur
464 2265 587 2301 aoristi
612 2264 810 2314 participiis
821 2293 832 2312 ,
848 2265 964 2313 iisque

310 2322 347 2357 in
369 2321 589 2358 nominativo
611 2320 763 2369 positis,
793 2326 832 2357 ut
858 2322 964 2357 reddi

309 2378 387 2414 fere
419 2377 555 2426 possit:
595 2378 744 2413 memini.
810 2376 963 2414 Notavit

310 2433 443 2470 Siebel.
465 2434 513 2469 ad
529 2433 687 2468 Pausan.
710 2433 745 2479 l,
767 2434 843 2479 23,
875 2434 911 2473 8.

368 2487 483 2527 εὀντα
505 2485 775 2552 Θρασυβούλῳ
796 2490 850 2541 τῷ
875 2484 961 2528 τότε

310 2541 501 2594 Μιλήτου
521 2558 802 2594 τυραννευοντι
814 2543 957 2594 ξεῖνον]

309 2601 415 2643 Quae
436 2605 472 2637 et
491 2599 608 2649 qualis
628 2599 852 2636 Milesiorum
881 2601 960 2638 sue-

307 2657 354 2693 rit
371 2670 429 2694 res
446 2655 600 2706 publica,
612 2668 686 2692 non
707 2656 794 2692 satis
806 2660 958 2692 constat.

309 2713 387 2750 Sed
403 2714 597 2749 fluctuasse
618 2711 713 2748 illam
741 2711 837 2748 haud
859 2711 962 2749 aliter

310 2773 421 2817 atque
455 2768 611 2817 reliquas
641 2768 768 2804 Ionum
786 2767 960 2815 civitates,

308 2824 478 2862 credibile
499 2829 565 2862 est.
616 2824 713 2861 Hinc
731 2824 875 2872 tyranni
897 2837 959 2861 ex-

307 2881 456 2932 stitere,
495 2881 556 2932 qui
593 2880 629 2919 in
662 2880 776 2919 libera
814 2880 958 2919 civitate

1034 1092 1178 1117 omnem
1197 1082 1417 1130 potestatem
1436 1078 1603 1127 adeoque
1627 1090 1689 1117 re·

1034 1150 1146 1186 gnum
1164 1136 1360 1186 arripuere.
1392 1135 1556 1178 Quorum
1576 1148 1688 1172 unum

1035 1192 1305 1241 Thrasybulum
1334 1192 1468 1238 fuisse,
1507 1191 1688 1229 Herodoti

1034 1250 1147 1287 verba
1165 1248 1259 1285 clare
1271 1249 1532 1286 demonstrant.
1564 1248 1690 1291 Quare

1033 1305 1294 1353 Aesymnetam
1323 1304 1413 1354 (qui
1442 1305 1511 1341 fuit
1538 1305 1687 1354 antiquo

1033 1366 1199 1412 ternpore
1240 1361 1276 1397 in
1306 1361 1434 1397 Ionum
1472 1361 1688 1409 civitatibus,

1034 1431 1076 1456 ac
1096 1420 1253 1455 fortasse
1273 1417 1382 1454 etiam
1403 1418 1502 1467 apud
1521 1416 1686 1454 Milesios

1033 1487 1193 1511 summus
1212 1474 1465 1522 magistratus)
1487 1473 1585 1510 illum
1596 1474 1687 1511 fnis-

1032 1544 1094 1578 se,
1133 1543 1228 1579 quae
1271 1530 1485 1566 Rambachii
1526 1531 1686 1580 suspicio

1033 1592 1089 1625 est
1112 1586 1178 1633 (de
1197 1585 1326 1623 Mileto
1347 1600 1382 1636 p.
1404 1589 1467 1627 16.
1484 1586 1568 1634 17),
1588 1587 1686 1624 haud

1031 1643 1117 1680 mihi
1146 1643 1368 1692 persuadere
1404 1655 1568 1692 possum.
1625 1643 1686 1682 De

1032 1699 1264 1747 Aesjmnetis
1289 1698 1424 1736 consul.
1454 1698 1581 1737 Eberh
1598 1699 1686 1737 Dis-

1035 1760 1136 1794 sertt.
1160 1754 1282 1792 Siculi.
1311 1769 1347 1806 p.
1369 1758 1419 1796 17
1441 1768 1523 1804 sqq.

1094 1807 1199 1859 όκως
1220 1808 1271 1850 ἅν
1295 1827 1332 1850 τι
1361 1808 1558 1876 προειδώς
1583 1808 1686 1864 πρός

1035 1883 1079 1908 το
1098 1866 1248 1920 παρεὸν
1267 1864 1529 1919 βουλεύηται]
1543 1882 1586 1906 eo
1598 1882 1686 1906 con-

1035 1925 1135 1972 silio,
1175 1930 1213 1961 ut
1240 1925 1318 1972 vlle,
1358 1938 1394 1962 re
1422 1929 1504 1962 ante
1529 1927 1684 1975 cognita,

1034 1982 1215 2019 consilium
1230 1981 1375 2032 aliquod
1399 1981 1448 2019 acl
1479 1995 1549 2019 rem
1569 1985 1685 2032 perti-

1032 2051 1117 2076 nens
1145 2042 1291 2087 caperet.
1348 2038 1563 2076 Particulam
1582 2035 1685 2085 ὅκως

1036 2091 1087 2134 ἂν
1114 2095 1190 2132 sive
1224 2093 1278 2141 ὥς
1310 2090 1361 2133 ἂν
1392 2100 1570 2144 sequente
1597 2108 1683 2132 con-

1031 2152 1188 2189 iunctivo
1208 2151 1354 2202 saepius
1385 2152 1485 2201 apud
1505 2151 1684 2190 Nostrum

1028 2208 1082 2245 ita
1119 2214 1332 2258 usurpatam
1378 2208 1563 2256 videmus,
1619 2209 1684 2246 ubi

1030 2265 1230 2315 optativum
1251 2265 1330 2302 sine
1361 2259 1413 2302 ἂν
1434 2265 1683 2314 exspectabas.

1029 2321 1107 2358 Sed
1131 2321 1192 2357 illo
1222 2322 1334 2357 modo
1380 2333 1440 2358 res
1476 2321 1594 2370 magis
1634 2322 1683 2359 ad

1027 2389 1205 2428 praesens
1224 2382 1368 2427 tempus
1389 2377 1562 2424 refertur,
1599 2390 1683 2415 ora-

1027 2434 1153 2482 tioque
1170 2434 1250 2483 ipsa
1271 2434 1354 2470 hinc
1386 2433 1538 2470 vividior
1564 2433 1606 2470 fit
1625 2438 1683 2471 at-

1028 2502 1101 2538 que
1156 2490 1429 2538 significantior.
1483 2489 1545 2527 Cr.
1593 2503 1682 2527 con-

1028 2547 1100 2582 sert
1118 2545 1312 2582 Heindorf.
1342 2545 1390 2581 ad
1419 2544 1561 2582 Platon.
1588 2545 1680 2582 Pro-

1027 2604 1102 2648 tag.
1133 2613 1169 2650 p.
1204 2601 1297 2641 501.
1354 2600 1478 2649 Atque
1515 2601 1680 2652 exempla

1028 2657 1166 2706 passim
1188 2655 1420 2693 inveniuntur
1443 2669 1476 2693 v.
1504 2670 1534 2694 c.
1562 2657 1602 2705 I,
1638 2659 1676 2700 5.

1028 2715 1094 2753 22.
1124 2712 1178 2753 24
1207 2716 1273 2749 etc.
1332 2711 1462 2749 Matth.
1503 2713 1568 2750 Gr.
1610 2714 1678 2752 Gr.

1026 2780 1064 2818 p.
1090 2769 1207 2809 1003.
1265 2767 1366 2805 Idem
1397 2768 1589 2806 Heindorf.
1609 2770 1632 2807 l.
1651 2770 1676 2808 l.

1026 2837 1063 2874 p-
1087 2825 1167 2865 497
1193 2820 1296 2870 ὅκως
1319 2821 1371 2862 ἂν
1391 2824 1425 2861 h.
1453 2824 1475 2861 l.
1500 2826 1620 2863 reddit
1639 2839 1678 2863 eo

1025 2883 1067 2918 ut
1113 2885 1148 2918 et
1169 2894 1206 2932 p.
1229 2880 1311 2923 504
1331 2881 1378 2919 ad
1395 2894 1570 2932 praesens
1582 2885 1676 2921 tem·
