1805 3315
660 238 878 278 CLIO.
937 239 964 277 Ι.

1411 249 1467 289 37

146 352 256 398 3ἆλλ.’
285 353 365 396 ὅσοι
383 349 462 405 μὲν
493 345 694 403 ἀργύρου
715 345 980 405 ἀναθήματα
1014 348 1104 392 ἔστι
1128 351 1173 393 οἱ
1200 355 1378 396 πλεῖστα
1414 353 1463 397 ἐν

169 435 402 487 Δελφοῖσι·
443 425 578 482 πάρεξ
615 428 660 471 δὲ
697 433 776 472 τοῦ
814 428 1036 484 ἀργύρου,
1077 431 1244 486 χρυσὸν
1274 430 1462 477 ἄπλετον

169 511 381 565 ἀνέθηκεν
411 506 544 551 ἄλλον
572 524 616 551 τε
652 508 746 556 καὶ,
786 512 870 551 τοῦ
895 509 1081 564 μάλιστα
1120 509 1298 567 μνήμην
1334 509 1458 563 ἄξιον

164 591 272 645 ἔχειν
298 587 408 636 ἐστὶ,
447 587 659 642 κρητῆρές
697 588 741 630 οἱ
771 585 963 644 ἀριθμὸν
990 590 1036 642 ἓξ
1061 587 1239 645 χρύσεοι
1267 588 1455 635 οἷνακὲοι-

137 684 243 722 4ται.
301 666 448 710 ἑστᾶσι
489 666 535 709 δὲ
573 660 698 709 οὗτοι
735 666 783 710 ἐν
832 670 894 726 τῷ
928 670 1186 723 Κορινθίων
1222 674 1498 728 θησαυρῷ,15

159 745 358 802 σταθμὸν
385 746 554 802 ἔχοντες
577 745 809 804 τριήκοντα
839 745 1052 792 τάλαντα·
1085 747 1243 808 ἀληθέι·
1269 750 1318 794 δὲ
1335 749 1451 809 λόγῳ

110 970 180 1012 set,
211 978 242 1001 s.
262 963 409 1014 adeptus
429 965 525 999 esset.
537 963 561 982 ‘⁴
590 961 659 999 Est
680 961 770 999 haec

110 1022 236 1059 aoristi
268 1020 538 1072 participiorum
566 1019 618 1055 vis
640 1019 687 1056 ‹le
709 1031 767 1056 re-

109 1079 178 1115 bus
228 1077 522 1124 transeuntibus,
571 1088 680 1124 quam
726 1075 768 1111 il-

107 1134 274 1171 lustravit
314 1134 516 1171 Hermann.
555 1133 604 1169 ad
640 1132 764 1180 Viget.

107 1205 146 1242 p.
175 1191 278 1238 774,
311 1191 371 1227 ubi
408 1190 504 1227 hunc
537 1201 683 1237 quoque
710 1188 765 1224 lo—

110 1261 191 1286 cum
214 1247 361 1294 laudat,
389 1246 440 1282 ita
467 1248 630 1282 vertens:
672 1274 695 1292 „
708 1257 762 1280 re-

106 1317 216 1353 gnum
241 1304 423 1352 occupavit
458 1305 490 1338 et
512 1302 646 1337 mz'sitf‘
703 1301 763 1337 Ad

106 1374 233 1398 vocem
274 1353 533 1411 τυραννεύειν
579 1359 625 1395 cs.
667 1370 762 1407 quae

105 1429 218 1467 supra
267 1416 315 1454 ad
370 1428 450 1466 cap.
501 1417 527 1455 6
599 1413 763 1452 laudavi-

104 1487 196 1512 mus.

161 1534 242 1580 ἀλλ’
269 1536 344 1579 ὅσα
372 1537 444 1592 μὲν
464 1534 640 1591 ἀργύρου
664 1533 760 1577 οἶνοι-

101 1593 267 1649 θήματα
313 1597 393 1637 ἔστι
430 1596 472 1636 οἱ
515 1598 676 1635 πλεῖστα
716 1594 759 1634 ἐν

103 1653 315 1706 Δελφοῖσι]
345 1655 368 1693 i.
392 1668 424 1692 e.
463 1653 558 1701 „secl
591 1656 759 1700 argentea

103 1711 241 1762 quidem
293 1714 368 1748 eius
412 1710 562 1748 donaria
601 1709 758 1758 plurima

102 1768 251 1818 Delphis
271 1769 452 1805 emtamtf‘
484 1767 590 1811 Quae
606 1767 653 1802 ad
674 1779 758 1803 sest-

102 1838 183 1862 sum
204 1829 301 1863 certe
330 1825 517 1873 nego-tium
549 1835 624 1859 non
641 1823 759 1860 faces-

101 1885 208 1929 sunt,
247 1882 410 1930 quamvis
440 1884 619 1917 structura
647 1878 757 1928 paulo

100 1939 149 1976 sit
176 1939 394 1988 impeditior.
425 1937 537 1981 Quod
557 1936 652 1974 enim
682 1931 758 1974 ὅσοι

101 1995 325 2044 iungendum
346 1999 477 2046 putant
489 2007 567 2031 cum
582 1995 756 2040 πλεῖστοι,

99 2056 141 2089 ut
166 2055 327 2091 πλεῖστα
363 2048 436 2091 ὅσα
469 2051 559 2087 sint:
584 2062 755 2100 perquam

99 2109 239 2157 multa,
291 2121 395 2160 quam
434 2108 617 2158 plurima,
665 2111 753 2143 noto

95 2166 245 2203 (licendi
273 2179 429 2216 genere,
460 2165 560 2214 quod
579 2163 753 2213 exemplis

99 2222 287 2260 illustravit
306 2223 491 2260 Schaefer.
520 2222 568 2258 ad
598 2219 753 2268 Dionys.

99 2278 218 2317 Halic.
277 2281 325 2318 de
378 2278 569 2329 composit.
627 2277 753 2314 verbb.

98 2349 135 2386 p-
160 2335 264 2384 184,
303 2336 477 2385 quodque
507 2335 570 2371 vel
587 2334 625 2370 in
650 2333 755 2371 Lati-

99 2405 230 2430 norum
264 2393 425 2430 dictione
456 2393 603 2429 nimium
642 2403 753 2440 quan-

101 2451 174 2486 tum
204 2463 247 2487 ac
272 2450 469 2497 similibus,
499 2448 651 2497 agnosci
669 2450 753 2496 pot-

100 2510 178 2554 est,
217 2507 256 2543 id
294 2507 412 2543 minus
449 2510 575 2556 aptum
608 2505 754 2541 videtur

100 2567 250 2614 propter
270 2564 464 2600 verborum
481 2563 660 2609 ordinem,
691 2560 753 2610 qui

101 2617 160 2657 hie
195 2620 358 2657 inversus
397 2620 620 2665 inveniatur,
671 2631 752 2655 cum

103 2674 188 2711 alias
207 2671 278 2715 ’ὅσα
297 2688 363 2713 suo
381 2676 557 2714 vocabulo
575 2674 753 2725 postponi

105 2729 228 2768 soleat.
274 2733 344 2769 Est
370 2747 463 2770 unus
502 2732 616 2770 modo
652 2731 751 2768 locus

104 2785 279 2827 Athenaei
305 2790 379 2835 (T.
402 2790 452 2827 IV
481 2804 519 2840 p.
553 2789 634 2830 208
643 2789 665 2837 )
701 2787 753 2824 al—

105 2847 232 2892 terque
280 2846 505 2884 Scholiastae
544 2845 753 2882 Philostrat.

105 2900 275 2951 (p.160
306 2902 363 2941 ed.
397 2901 651 2952 Boissonad.)
692 2901 754 2940 ubi

836 956 910 1000 ’ὅσα
930 962 1182 1012 praepositum
1205 961 1368 999 occurrit.
1391 961 1497 1006 Quae

838 1032 918 1055 cum
952 1018 1003 1054 ita
1031 1019 1121 1065 sint,
1151 1019 1274 1056 malim
1310 1032 1391 1056 cum
1417 1017 1494 1054 Au—

836 1078 945 1124 gusto
973 1074 1152 1112 Matthiae
1191 1080 1374 1123 statuere,
1421 1075 1494 1112 duo

834 1131 1007 1167 orationis
1035 1131 1200 1168 membra
1231 1133 1289 1168 hic
1318 1132 1353 1168 in
1380 1144 1494 1169 unum

833 1187 1030 1224 coaluisse:
1083 1182 1174 1225 ἄλλ’
1214 1183 1288 1227 ὅσα
1320 1185 1392 1238 μὲν
1424 1184 1493 1239 029-

832 1239 958 1296 γύρου
994 1239 1240 1295 ἀναθήματα
1270 1243 1350 1283 ἔστι
1382 1240 1491 1293 (τού-

831 1299 950 1349 των),
988 1296 1113 1339 ταῦτά
1143 1300 1186 1340 οἵ
1209 1303 1371 1340 πλεῖστα
1411 1299 1492 1340 ἔστι

833 1356 876 1397 ἐν
922 1358 1130 1406 Δελφοῖσι.
1200 1358 1285 1395 Vid.
1331 1357 1490 1395 eundem

831 1427 980 1464 quoque
998 1414 1036 1450 in
1058 1414 1221 1453 Gramm.
1246 1414 1312 1452 Gr.
1335 1412 1371 1465 §
1392 1412 1490 1461 445,

831 1471 858 1512 4
895 1483 984 1522 pag.
1029 1472 1124 1513 832.
1173 1471 1256 1509 Nec
1282 1470 1386 1508 aliter
1411 1473 1489 1509 sere

829 1528 901 1564 iarn
948 1528 1085 1565 dudum
1128 1527 1314 1566 Larchero
1361 1527 1488 1579 placu-

830 1589 920 1623 erat.

883 1649 1028 1705 χρυσὸν
1069 1650 1240 1693 ἄπλετον
1283 1647 1489 1704 α’νὲθηκεν

828 1706 950 1749 ἄλλον
976 1724 1017 1748 τε
1045 1709 1137 1759 καὶ,
1185 1712 1259 1750 τοῦ
1286 1724 1324 1749 κ.
1358 1724 1390 1748 τ.
1419 1707 1484 1760 λ.]

827 1767 849 1803 i.
863 1780 893 1804 e.
916 1769 1025 1814 „auri
1044 1769 1246 1805 immensam
1260 1766 1398 1816 pomlzcs
1408 1769 1484 1803 tum.

826 1823 930 1860 aliud
961 1826 1019 1872 (S..
1051 1824 1202 1861 aliarum
1232 1822 1372 1872 rerum)
1408 1826 1482 1860 tum

824 1893 904 1917 vero
931 1882 1056 1928 ettam,
1089 1880 1184 1931 quod
1196 1882 1385 1931 praecipue
1409 1891 1479 1916 me-

825 1940 963 1974 moratu
984 1937 1130 1986 (lignum
1149 1941 1221 1985 est,
1250 1940 1401 1974 crateres
1418 1948 1480 1973 sex

823 2007 962 2031 numero
984 1997 1086 2031 aurei
1113 1994 1157 2031 ab
1189 1994 1303 2031 eodem
1324 1993 1483 2030 dedicati

823 2052 1014 2088 e.rstant.“
1060 2051 1220 2100 Reliqua
1262 2052 1480 2101 interpreta—

820 2109 921 2145 tione
957 2120 1033 2144 non
1070 2112 1193 2157 egent.
1251 2106 1311 2144 Ad
1331 2107 1478 2158 pondus

819 2169 1020 2211 craterum,
1061 2164 1163 2213 quod
1186 2164 1337 2213 triginta
1360 2163 1478 2200 talen-

818 2226 938 2258 torum
964 2234 1155 2258 aureorum
1190 2221 1305 2258 fuisse
1337 2219 1478 2266 dieitur,

820 2279 906 2316 facit
926 2277 1017 2315 alter
1034 2277 1164 2315 Nostri
1181 2277 1282 2315 locus
1304 2276 1376 2324 ΠΙ,
1407 2275 1476 2323 95,

820 2335 882 2371 ubi
916 2334 993 2372 auri
1018 2334 1194 2372 talentum
1221 2346 1335 2371 unum
1351 2333 1476 2371 trede-

820 2391 888 2428 cim
926 2395 1103 2440 argentea
1142 2390 1288 2429 talenta..
1318 2401 1478 2439 aequare

821 2448 956 2485 scribit.
1013 2448 1105 2485 Inde
1122 2460 1298 2484 summam
1315 2446 1476 2483 Larche-

819 2517 880 2541 rus
905 2504 1048 2541 conficit
1081 2507 1302 2552 2,106‚Ooo
1332 2503 1475 2542 Livres.

818 2560 864 2597 In
892 2560 1011 2598 verbis
1041 2557 1225 2612 σταθμόν
1246 2558 1477 2612 ἔχοντες-

819 2613 993 2656 τάλαντα
1011 2622 1181 2655 notamus
1196 2617 1343 2667 linguae
1356 2628 1476 2663 usum,

821 2688 865 2713 ex
906 2687 980 2724 quo
1012 2674 1162 2724 genitivi
1191 2674 1272 2712 loco
1307 2667 1475 2724 (ταλάν-

819 2733 920 2780 των)
959 2744 1031 2769 vox
1060 2728 1235 2770 τάλαντα
1267 2730 1347 2768 voci
1384 2741 1473 2769 στοι-

820 2785 928 2840 θμόν
954 2788 1183 2826 adscribitur.
1206 2786 1319 2825 Plura
1336 2786 1472 2825 Matth.

821 2844 860 2898 §-
881 2844 977 2891 428,
997 2845 1028 2887 5·
1041 2860 1080 2897 p.
1103 2844 1198 2887 794-

877 2896 1025 2954 dine&
1056 2899 1100 2943 δὲ
1129 2897 1231 2957 λόγῳ
1250 2896 1471 2954 χρεωμένῳ]
