<?xml version="1.0" encoding="UTF-8"?>
<!DOCTYPE html PUBLIC "-//W3C//DTD XHTML 1.0 Transitional//EN"
    "http://www.w3.org/TR/xhtml1/DTD/xhtml1-transitional.dtd">
<html xmlns="http://www.w3.org/1999/xhtml" xml:lang="en" lang="en">
 <head>
  <title>
</title>
<meta http-equiv="Content-Type" content="text/html;charset=utf-8" />
  <meta name='ocr-system' content='tesseract 3.04.00' />
  <meta name='ocr-capabilities' content='ocr_page ocr_carea ocr_par ocr_line ocrx_word'/>
</head>
<body>
  <div class='ocr_page' id='page_1' title='image "./musaeher01hero/musaeher01hero_0572.png"; bbox 0 0 1759 3324; ppageno 0'>
   <div class='ocr_carea' id='block_1_1' title="bbox 224 735 290 782">
    <p class='ocr_par' dir='ltr' id='par_1_1' title="bbox 224 735 290 782">
     <span class='ocr_line' id='line_1_1' title="bbox 224 735 290 782; baseline 0 0"><span class='ocrx_word' id='word_1_1' title='bbox 224 735 290 782; x_wconf 81' lang='lat'>35</span> 
     </span>
    </p>
   </div>
   <div class='ocr_carea' id='block_1_2' title="bbox 19 801 298 963">
    <p class='ocr_par' dir='ltr' id='par_1_2' title="bbox 20 801 236 842">
     <span class='ocr_line' id='line_1_2' title="bbox 20 801 236 842; baseline -0.005 -13"><span class='ocrx_word' id='word_1_2' title='bbox 20 801 148 842; x_wconf 75' lang='lat' dir='ltr'>Aegyipt</span> <span class='ocrx_word' id='word_1_3' title='bbox 152 809 205 828; x_wconf 89' lang='lat' dir='ltr'>our</span> <span class='ocrx_word' id='word_1_4' title='bbox 208 809 236 828; x_wconf 92' lang='lat' dir='ltr'>m</span> 
     </span>
    </p>

    <p class='ocr_par' dir='ltr' id='par_1_3' title="bbox 19 840 297 963">
     <span class='ocr_line' id='line_1_3' title="bbox 19 840 297 894; baseline -0.007 -32"><span class='ocrx_word' id='word_1_5' title='bbox 19 840 175 894; x_wconf 75' lang='lat' dir='ltr'>utriusque</span> <span class='ocrx_word' id='word_1_6' title='bbox 162 842 297 894; x_wconf 58' lang='grc' dir='ltr'>εηῖεεῗιιεῃ,</span> 
     </span>
     <span class='ocr_line' id='line_1_4' title="bbox 21 876 297 936; baseline -0.007 -7"><span class='ocrx_word' id='word_1_7' title='bbox 21 910 79 936; x_wconf 85' lang='lat' dir='ltr'>apu</span> <span class='ocrx_word' id='word_1_8' title='bbox 63 876 121 928; x_wconf 64' lang='grc' dir='ltr'>ιιι]εἰ</span> <span class='ocrx_word' id='word_1_9' title='bbox 121 909 297 928; x_wconf 75' lang='lat' dir='ltr'>eeeeeeeee</span> 
     </span>
     <span class='ocr_line' id='line_1_5' title="bbox 20 935 298 963; baseline 0 -1"><span class='ocrx_word' id='word_1_10' title='bbox 20 940 51 963; x_wconf 76' lang='lat' dir='ltr'>et</span> <span class='ocrx_word' id='word_1_11' title='bbox 68 944 97 963; x_wconf 82' lang='lat' dir='ltr'>Vl</span> <span class='ocrx_word' id='word_1_12' title='bbox 88 935 162 962; x_wconf 72' lang='lat' dir='ltr'>iuctn</span> <span class='ocrx_word' id='word_1_13' title='bbox 173 940 226 963; x_wconf 84' lang='lat' dir='ltr'>etr</span> <span class='ocrx_word' id='word_1_14' title='bbox 212 935 272 962; x_wconf 74' lang='lat' dir='ltr'>ritu</span> <span class='ocrx_word' id='word_1_15' title='bbox 255 943 298 963; x_wconf 80' lang='lat' dir='ltr'>u.S</span> 
     </span>
    </p>
   </div>
   <div class='ocr_carea' id='block_1_3' title="bbox 351 227 436 268">
    <p class='ocr_par' dir='ltr' id='par_1_4' title="bbox 351 227 436 268">
     <span class='ocr_line' id='line_1_6' title="bbox 351 227 436 268; baseline 0 0"><span class='ocrx_word' id='word_1_16' title='bbox 351 227 436 268; x_wconf 73' lang='lat'>554</span> 
     </span>
    </p>
   </div>
   <div class='ocr_carea' id='block_1_4' title="bbox 744 224 1217 265">
    <p class='ocr_par' dir='ltr' id='par_1_5' title="bbox 744 224 1217 265">
     <span class='ocr_line' id='line_1_7' title="bbox 744 224 1217 265; baseline -0.004 0"><span class='ocrx_word' id='word_1_17' title='bbox 744 224 1217 265; x_wconf 89' lang='lat' dir='ltr'>HERODOTI</span> 
     </span>
    </p>
   </div>
   <div class='ocr_carea' id='block_1_5' title="bbox 352 330 1615 395">
    <p class='ocr_par' dir='ltr' id='par_1_6' title="bbox 352 330 1615 395">
     <span class='ocr_line' id='line_1_8' title="bbox 352 330 1615 395; baseline -0.002 -17"><span class='ocrx_word' id='word_1_18' title='bbox 352 352 416 393; x_wconf 85' lang='grc' dir='ltr'>νῳ</span> <span class='ocrx_word' id='word_1_19' title='bbox 447 333 591 395; x_wconf 85' lang='grc' dir='ltr'>πόντῳ</span> <span class='ocrx_word' id='word_1_20' title='bbox 620 335 744 378; x_wconf 79' lang='grc' dir='ltr'>πέντε</span> <span class='ocrx_word' id='word_1_21' title='bbox 761 334 956 391; x_wconf 80' lang='grc' dir='ltr'><em>ἡμερέων</em></span> <span class='ocrx_word' id='word_1_22' title='bbox 984 337 1100 378; x_wconf 80' lang='grc' dir='ltr'><em>ἰθεῖα</em></span> <span class='ocrx_word' id='word_1_23' title='bbox 1131 334 1233 385; x_wconf 82' lang='grc' dir='ltr'>ὁδὸς</span> <span class='ocrx_word' id='word_1_24' title='bbox 1263 332 1435 388; x_wconf 73' lang='grc' dir='ltr'><em>εὐζώνῳ</em></span> <span class='ocrx_word' id='word_1_25' title='bbox 1467 330 1615 386; x_wconf 77' lang='grc' dir='ltr'><em>ἀνδρί·</em></span> 
     </span>
    </p>
   </div>
   <div class='ocr_carea' id='block_1_6' title="bbox 349 411 1616 473">
    <p class='ocr_par' dir='ltr' id='par_1_7' title="bbox 349 411 1616 473">
     <span class='ocr_line' id='line_1_9' title="bbox 349 411 1616 473; baseline -0.004 -15"><span class='ocrx_word' id='word_1_26' title='bbox 349 413 377 472; x_wconf 83' lang='grc' dir='ltr'><strong><em>ἡ</em></strong></span> <span class='ocrx_word' id='word_1_27' title='bbox 406 416 451 458; x_wconf 86' lang='grc' dir='ltr'>δὲ</span> <span class='ocrx_word' id='word_1_28' title='bbox 480 414 664 471; x_wconf 80' lang='grc' dir='ltr'>Σινώπη</span> <span class='ocrx_word' id='word_1_29' title='bbox 695 419 755 470; x_wconf 76' lang='grc' dir='ltr'>τῷ</span> <span class='ocrx_word' id='word_1_30' title='bbox 773 414 926 473; x_wconf 83' lang='grc' dir='ltr'>Ἴστρῳ</span> <span class='ocrx_word' id='word_1_31' title='bbox 958 414 1172 457; x_wconf 80' lang='grc' dir='ltr'>ἐκδιδόντι</span> <span class='ocrx_word' id='word_1_32' title='bbox 1202 414 1244 464; x_wconf 76' lang='grc' dir='ltr'>ἐς</span> <span class='ocrx_word' id='word_1_33' title='bbox 1273 414 1505 456; x_wconf 77' lang='grc' dir='ltr'><em>θάλασσαν</em></span> <span class='ocrx_word' id='word_1_34' title='bbox 1536 411 1616 454; x_wconf 77' lang='grc' dir='ltr'><em>οἷν-</em></span> 
     </span>
    </p>
   </div>
   <div class='ocr_carea' id='block_1_7' title="bbox 322 490 1616 546">
    <p class='ocr_par' dir='ltr' id='par_1_8' title="bbox 322 490 1616 546">
     <span class='ocr_line' id='line_1_10' title="bbox 322 490 1616 546; baseline -0.001 -12"><span class='ocrx_word' id='word_1_35' title='bbox 322 495 449 536; x_wconf 82' lang='grc' dir='ltr'>4τίον</span> <span class='ocrx_word' id='word_1_36' title='bbox 486 492 634 537; x_wconf 79' lang='grc' dir='ltr'>κέεται.</span> <span class='ocrx_word' id='word_1_37' title='bbox 695 494 810 537; x_wconf 79' lang='grc' dir='ltr'>οὕτω</span> <span class='ocrx_word' id='word_1_38' title='bbox 852 495 928 537; x_wconf 80' lang='grc' dir='ltr'>τὸν</span> <span class='ocrx_word' id='word_1_39' title='bbox 974 497 1139 537; x_wconf 83' lang='grc' dir='ltr'><em>Νεῖλον</em></span> <span class='ocrx_word' id='word_1_40' title='bbox 1188 492 1324 536; x_wconf 73' lang='grc' dir='ltr'><em>δοκέω</em></span> <span class='ocrx_word' id='word_1_41' title='bbox 1366 492 1436 535; x_wconf 76' lang='grc' dir='ltr'>διὰ</span> <span class='ocrx_word' id='word_1_42' title='bbox 1476 490 1616 546; x_wconf 81' lang='grc' dir='ltr'><em>πάσης</em></span> 
     </span>
    </p>
   </div>
   <div class='ocr_carea' id='block_1_8' title="bbox 351 571 1674 630">
    <p class='ocr_par' dir='ltr' id='par_1_9' title="bbox 351 571 1674 630">
     <span class='ocr_line' id='line_1_11' title="bbox 351 571 1674 630; baseline -0.005 -14"><span class='ocrx_word' id='word_1_43' title='bbox 351 577 426 630; x_wconf 87' lang='grc' dir='ltr'>τῆς</span> <span class='ocrx_word' id='word_1_44' title='bbox 458 572 626 628; x_wconf 87' lang='grc' dir='ltr'>Λιβύης</span> <span class='ocrx_word' id='word_1_45' title='bbox 656 573 869 624; x_wconf 81' lang='grc' dir='ltr'>διεξιόντα</span> <span class='ocrx_word' id='word_1_46' title='bbox 900 574 1152 624; x_wconf 79' lang='grc' dir='ltr'>ἐξισοῦσθαι</span> <span class='ocrx_word' id='word_1_47' title='bbox 1171 577 1230 630; x_wconf 77' lang='grc' dir='ltr'>τῷ</span> <span class='ocrx_word' id='word_1_48' title='bbox 1251 571 1415 630; x_wconf 82' lang='grc' dir='ltr'>Ἴστρῳ.</span> <span class='ocrx_word' id='word_1_49' title='bbox 1450 572 1618 614; x_wconf 76' lang='grc' dir='ltr'><em>Νείλου</em></span> <span class='ocrx_word' id='word_1_50' title='bbox 1631 577 1674 610; x_wconf 90' lang='grc'>70</span> 
     </span>
    </p>
   </div>
   <div class='ocr_carea' id='block_1_9' title="bbox 350 650 1120 708">
    <p class='ocr_par' dir='ltr' id='par_1_10' title="bbox 350 650 1120 708">
     <span class='ocr_line' id='line_1_12' title="bbox 350 650 1120 708; baseline -0.003 -13"><span class='ocrx_word' id='word_1_51' title='bbox 350 652 429 708; x_wconf 85' lang='grc' dir='ltr'>μέν</span> <span class='ocrx_word' id='word_1_52' title='bbox 454 668 538 694; x_wconf 88' lang='grc' dir='ltr'>νυν</span> <span class='ocrx_word' id='word_1_53' title='bbox 568 650 668 706; x_wconf 85' lang='grc' dir='ltr'>πέρι</span> <span class='ocrx_word' id='word_1_54' title='bbox 696 655 887 694; x_wconf 86' lang='grc' dir='ltr'>τοσαῦτα</span> <span class='ocrx_word' id='word_1_55' title='bbox 917 651 1120 706; x_wconf 77' lang='grc' dir='ltr'><em>εἰρήσθω.</em></span> 
     </span>
    </p>
   </div>
   <div class='ocr_carea' id='block_1_10' title="bbox 451 727 1616 785">
    <p class='ocr_par' dir='ltr' id='par_1_11' title="bbox 451 727 1616 785">
     <span class='ocr_line' id='line_1_13' title="bbox 451 727 1616 785; baseline -0.001 -13"><span class='ocrx_word' id='word_1_56' title='bbox 451 731 662 785; x_wconf 85' lang='grc' dir='ltr'>’Έρχομαι</span> <span class='ocrx_word' id='word_1_57' title='bbox 692 730 737 772; x_wconf 79' lang='grc' dir='ltr'>δὲ</span> <span class='ocrx_word' id='word_1_58' title='bbox 767 729 866 784; x_wconf 82' lang='grc' dir='ltr'><em>περὶ</em></span> <span class='ocrx_word' id='word_1_59' title='bbox 903 729 1131 784; x_wconf 75' lang='grc' dir='ltr'>Αἰγύπτου</span> <span class='ocrx_word' id='word_1_60' title='bbox 1165 729 1396 785; x_wconf 81' lang='grc' dir='ltr'>μηκυνέων</span> <span class='ocrx_word' id='word_1_61' title='bbox 1433 729 1512 772; x_wconf 86' lang='grc' dir='ltr'>τὸν</span> <span class='ocrx_word' id='word_1_62' title='bbox 1540 727 1616 771; x_wconf 84' lang='grc' dir='ltr'>λό-</span> 
     </span>
    </p>
   </div>
   <div class='ocr_carea' id='block_1_11' title="bbox 299 1009 565 1015">
    <p class='ocr_par' dir='ltr' id='par_1_12' title="bbox 299 1009 565 1015">
     <span class='ocr_line' id='line_1_14' title="bbox 299 1009 565 1015; baseline 0 0"><span class='ocrx_word' id='word_1_63' title='bbox 299 1009 565 1015; x_wconf 95' lang='lat' dir='ltr'> </span> 
     </span>
    </p>
   </div>
   <div class='ocr_carea' id='block_1_12' title="bbox 295 1072 956 2924">
    <p class='ocr_par' dir='ltr' id='par_1_13' title="bbox 295 1072 956 2924">
     <span class='ocr_line' id='line_1_15' title="bbox 298 1072 953 1124; baseline -0.008 -11"><span class='ocrx_word' id='word_1_64' title='bbox 298 1077 388 1113; x_wconf 85' lang='lat' dir='ltr'>erat.</span> <span class='ocrx_word' id='word_1_65' title='bbox 435 1072 512 1110; x_wconf 88' lang='lat' dir='ltr'>Sed</span> <span class='ocrx_word' id='word_1_66' title='bbox 537 1072 673 1124; x_wconf 89' lang='lat' dir='ltr'>optime</span> <span class='ocrx_word' id='word_1_67' title='bbox 689 1074 953 1109; x_wconf 89' lang='lat' dir='ltr'>commonstra-</span> 
     </span>
     <span class='ocr_line' id='line_1_16' title="bbox 297 1128 952 1178; baseline -0.005 -10"><span class='ocrx_word' id='word_1_68' title='bbox 297 1131 350 1168; x_wconf 80' lang='lat' dir='ltr'>vit</span> <span class='ocrx_word' id='word_1_69' title='bbox 379 1129 556 1167; x_wconf 82' lang='lat' dir='ltr'>Valcken.</span> <span class='ocrx_word' id='word_1_70' title='bbox 591 1129 682 1166; x_wconf 87' lang='lat' dir='ltr'>haec</span> <span class='ocrx_word' id='word_1_71' title='bbox 717 1128 830 1166; x_wconf 81' lang='lat' dir='ltr'>verba</span> <span class='ocrx_word' id='word_1_72' title='bbox 868 1141 952 1178; x_wconf 90' lang='lat' dir='ltr'>per-</span> 
     </span>
     <span class='ocr_line' id='line_1_17' title="bbox 297 1183 950 1238; baseline -0.002 -15"><span class='ocrx_word' id='word_1_73' title='bbox 297 1199 408 1238; x_wconf 82' lang='lat' dir='ltr'>quam</span> <span class='ocrx_word' id='word_1_74' title='bbox 426 1186 632 1224; x_wconf 89' lang='lat' dir='ltr'>necessaria</span> <span class='ocrx_word' id='word_1_75' title='bbox 650 1185 706 1222; x_wconf 88' lang='lat' dir='ltr'>hic</span> <span class='ocrx_word' id='word_1_76' title='bbox 720 1198 811 1222; x_wconf 87' lang='lat' dir='ltr'>esse.</span> <span class='ocrx_word' id='word_1_77' title='bbox 833 1183 950 1222; x_wconf 87' lang='lat' dir='ltr'>Nam-</span> 
     </span>
     <span class='ocr_line' id='line_1_18' title="bbox 299 1242 950 1293; baseline -0.006 -12"><span class='ocrx_word' id='word_1_78' title='bbox 299 1256 372 1293; x_wconf 86' lang='lat' dir='ltr'>que</span> <span class='ocrx_word' id='word_1_79' title='bbox 389 1242 600 1280; x_wconf 83' lang='lat' dir='ltr'>Herodotus</span> <span class='ocrx_word' id='word_1_80' title='bbox 621 1245 774 1279; x_wconf 86' lang='lat' dir='ltr'>tractum</span> <span class='ocrx_word' id='word_1_81' title='bbox 791 1254 950 1278; x_wconf 89' lang='lat' dir='ltr'>cursum-</span> 
     </span>
     <span class='ocr_line' id='line_1_19' title="bbox 299 1297 953 1350; baseline -0.003 -14"><span class='ocrx_word' id='word_1_82' title='bbox 299 1313 372 1350; x_wconf 88' lang='lat' dir='ltr'>que</span> <span class='ocrx_word' id='word_1_83' title='bbox 402 1298 479 1337; x_wconf 84' lang='lat' dir='ltr'>Nili</span> <span class='ocrx_word' id='word_1_84' title='bbox 514 1303 624 1348; x_wconf 86' lang='lat' dir='ltr'>atque</span> <span class='ocrx_word' id='word_1_85' title='bbox 652 1297 735 1335; x_wconf 83' lang='lat' dir='ltr'>Istri</span> <span class='ocrx_word' id='word_1_86' title='bbox 765 1301 953 1348; x_wconf 88' lang='lat' dir='ltr'>comparat</span> 
     </span>
     <span class='ocr_line' id='line_1_20' title="bbox 298 1355 950 1394; baseline -0.005 0"><span class='ocrx_word' id='word_1_87' title='bbox 298 1356 346 1394; x_wconf 87' lang='lat' dir='ltr'>ab</span> <span class='ocrx_word' id='word_1_88' title='bbox 386 1355 574 1394; x_wconf 88' lang='lat' dir='ltr'>occidente</span> <span class='ocrx_word' id='word_1_89' title='bbox 610 1367 734 1392; x_wconf 76' lang='lat' dir='ltr'>versus</span> <span class='ocrx_word' id='word_1_90' title='bbox 774 1355 950 1392; x_wconf 83' lang='lat' dir='ltr'>orientem</span> 
     </span>
     <span class='ocr_line' id='line_1_21' title="bbox 295 1410 951 1455; baseline -0.005 -5"><span class='ocrx_word' id='word_1_91' title='bbox 295 1412 496 1450; x_wconf 87' lang='lat' dir='ltr'>fluentium.</span> <span class='ocrx_word' id='word_1_92' title='bbox 553 1410 872 1455; x_wconf 85' lang='lat' dir='ltr'>Quemadmodum</span> <span class='ocrx_word' id='word_1_93' title='bbox 892 1410 951 1448; x_wconf 90' lang='lat' dir='ltr'>ille</span> 
     </span>
     <span class='ocr_line' id='line_1_22' title="bbox 295 1467 953 1517; baseline -0.002 -12"><span class='ocrx_word' id='word_1_94' title='bbox 295 1468 452 1517; x_wconf 84' lang='lat' dir='ltr'>Libyam</span> <span class='ocrx_word' id='word_1_95' title='bbox 492 1468 647 1506; x_wconf 88' lang='lat' dir='ltr'>mediam</span> <span class='ocrx_word' id='word_1_96' title='bbox 689 1467 864 1514; x_wconf 85' lang='lat' dir='ltr'>dissecat,</span> <span class='ocrx_word' id='word_1_97' title='bbox 902 1467 953 1504; x_wconf 89' lang='lat' dir='ltr'>ita</span> 
     </span>
     <span class='ocr_line' id='line_1_23' title="bbox 295 1522 953 1574; baseline -0.002 -12"><span class='ocrx_word' id='word_1_98' title='bbox 295 1525 395 1563; x_wconf 90' lang='lat' dir='ltr'>hicce</span> <span class='ocrx_word' id='word_1_99' title='bbox 413 1524 620 1574; x_wconf 79' lang='lat' dir='ltr'>Europam3</span> <span class='ocrx_word' id='word_1_100' title='bbox 640 1522 699 1561; x_wconf 90' lang='lat' dir='ltr'>ille</span> <span class='ocrx_word' id='word_1_101' title='bbox 725 1524 805 1560; x_wconf 84' lang='lat' dir='ltr'>fluit</span> <span class='ocrx_word' id='word_1_102' title='bbox 825 1524 871 1561; x_wconf 91' lang='lat' dir='ltr'>ab</span> <span class='ocrx_word' id='word_1_103' title='bbox 893 1537 953 1561; x_wconf 91' lang='lat' dir='ltr'>oc-</span> 
     </span>
     <span class='ocr_line' id='line_1_24' title="bbox 297 1580 952 1629; baseline -0.003 -10"><span class='ocrx_word' id='word_1_104' title='bbox 297 1581 602 1629; x_wconf 81' lang='lat' dir='ltr'>cidentiLibyae‚</span> <span class='ocrx_word' id='word_1_105' title='bbox 627 1580 685 1617; x_wconf 82' lang='lat' dir='ltr'>hie</span> <span class='ocrx_word' id='word_1_106' title='bbox 705 1580 750 1616; x_wconf 88' lang='lat' dir='ltr'>ab</span> <span class='ocrx_word' id='word_1_107' title='bbox 773 1580 952 1617; x_wconf 80' lang='lat' dir='ltr'>occidenti</span> 
     </span>
     <span class='ocr_line' id='line_1_25' title="bbox 295 1635 950 1688; baseline -0.003 -13"><span class='ocrx_word' id='word_1_108' title='bbox 295 1637 470 1687; x_wconf 85' lang='lat' dir='ltr'>Europae</span> <span class='ocrx_word' id='word_1_109' title='bbox 495 1641 620 1688; x_wconf 83' lang='lat' dir='ltr'>parte3</span> <span class='ocrx_word' id='word_1_110' title='bbox 657 1636 715 1674; x_wconf 90' lang='lat' dir='ltr'>ille</span> <span class='ocrx_word' id='word_1_111' title='bbox 740 1635 950 1686; x_wconf 86' lang='lat' dir='ltr'>Aegyptum</span> 
     </span>
     <span class='ocr_line' id='line_1_26' title="bbox 296 1692 951 1746; baseline -0.003 -14"><span class='ocrx_word' id='word_1_112' title='bbox 296 1694 390 1746; x_wconf 88' lang='lat' dir='ltr'>petit</span> <span class='ocrx_word' id='word_1_113' title='bbox 409 1694 519 1743; x_wconf 87' lang='lat' dir='ltr'>inque</span> <span class='ocrx_word' id='word_1_114' title='bbox 531 1705 629 1730; x_wconf 85' lang='lat' dir='ltr'>mare</span> <span class='ocrx_word' id='word_1_115' title='bbox 646 1706 685 1730; x_wconf 87' lang='lat' dir='ltr'>se</span> <span class='ocrx_word' id='word_1_116' title='bbox 706 1692 873 1739; x_wconf 85' lang='lat' dir='ltr'>effundit,</span> <span class='ocrx_word' id='word_1_117' title='bbox 895 1692 951 1730; x_wconf 86' lang='lat' dir='ltr'>hie</span> 
     </span>
     <span class='ocr_line' id='line_1_27' title="bbox 297 1749 949 1788; baseline -0.003 -1"><span class='ocrx_word' id='word_1_118' title='bbox 297 1751 335 1787; x_wconf 90' lang='lat' dir='ltr'>in</span> <span class='ocrx_word' id='word_1_119' title='bbox 384 1749 542 1788; x_wconf 86' lang='lat' dir='ltr'>Pontum</span> <span class='ocrx_word' id='word_1_120' title='bbox 590 1749 771 1787; x_wconf 83' lang='lat' dir='ltr'>Euxinum</span> <span class='ocrx_word' id='word_1_121' title='bbox 822 1750 949 1787; x_wconf 88' lang='lat' dir='ltr'>effluit.</span> 
     </span>
     <span class='ocr_line' id='line_1_28' title="bbox 299 1806 951 1855; baseline -0.005 -10"><span class='ocrx_word' id='word_1_122' title='bbox 299 1806 496 1845; x_wconf 88' lang='lat' dir='ltr'>Terminus</span> <span class='ocrx_word' id='word_1_123' title='bbox 528 1806 735 1854; x_wconf 84' lang='lat' dir='ltr'>orientalis,</span> <span class='ocrx_word' id='word_1_124' title='bbox 767 1806 816 1843; x_wconf 89' lang='lat' dir='ltr'>ad</span> <span class='ocrx_word' id='word_1_125' title='bbox 842 1818 951 1855; x_wconf 83' lang='lat' dir='ltr'>quem</span> 
     </span>
     <span class='ocr_line' id='line_1_29' title="bbox 297 1835 952 1912; baseline -0.003 -12"><span class='ocrx_word' id='word_1_126' title='bbox 297 1876 340 1900; x_wconf 87' lang='lat' dir='ltr'>us</span> <span class='ocrx_word' id='word_1_127' title='bbox 325 1876 415 1912; x_wconf 79' lang='lat' dir='ltr'>sque</span> <span class='ocrx_word' id='word_1_128' title='bbox 434 1861 540 1900; x_wconf 90' lang='lat' dir='ltr'>Nilus</span> <span class='ocrx_word' id='word_1_129' title='bbox 563 1875 608 1900; x_wconf 85' lang='lat' dir='ltr'>ex</span> <span class='ocrx_word' id='word_1_130' title='bbox 634 1835 812 1900; x_wconf 87' lang='lat' dir='ltr'>occidenti</span> <span class='ocrx_word' id='word_1_131' title='bbox 833 1863 952 1899; x_wconf 90' lang='lat' dir='ltr'>fluens</span> 
     </span>
     <span class='ocr_line' id='line_1_30' title="bbox 299 1917 953 1971; baseline -0.006 -14"><span class='ocrx_word' id='word_1_132' title='bbox 299 1919 486 1971; x_wconf 84' lang='lat' dir='ltr'>pervenit,</span> <span class='ocrx_word' id='word_1_133' title='bbox 497 1917 688 1969; x_wconf 87' lang='lat' dir='ltr'>Aegyptus</span> <span class='ocrx_word' id='word_1_134' title='bbox 706 1923 777 1964; x_wconf 82' lang='lat' dir='ltr'>est3</span> <span class='ocrx_word' id='word_1_135' title='bbox 806 1918 865 1955; x_wconf 91' lang='lat' dir='ltr'>cui</span> <span class='ocrx_word' id='word_1_136' title='bbox 884 1931 953 1967; x_wconf 93' lang='lat' dir='ltr'>op-</span> 
     </span>
     <span class='ocr_line' id='line_1_31' title="bbox 298 1974 952 2027; baseline -0.003 -15"><span class='ocrx_word' id='word_1_137' title='bbox 298 1975 421 2027; x_wconf 84' lang='lat' dir='ltr'>posita</span> <span class='ocrx_word' id='word_1_138' title='bbox 449 1978 506 2012; x_wconf 90' lang='lat' dir='ltr'>est</span> <span class='ocrx_word' id='word_1_139' title='bbox 536 1974 652 2022; x_wconf 91' lang='lat' dir='ltr'>(nam</span> <span class='ocrx_word' id='word_1_140' title='bbox 676 1974 952 2012; x_wconf 87' lang='lat' dir='ltr'>monstrandum</span> 
     </span>
     <span class='ocr_line' id='line_1_32' title="bbox 296 2030 951 2080; baseline -0.003 -12"><span class='ocrx_word' id='word_1_141' title='bbox 296 2035 392 2078; x_wconf 88' lang='lat' dir='ltr'>erat,</span> <span class='ocrx_word' id='word_1_142' title='bbox 413 2030 584 2080; x_wconf 86' lang='lat' dir='ltr'>Aegypto</span> <span class='ocrx_word' id='word_1_143' title='bbox 604 2030 782 2068; x_wconf 89' lang='lat' dir='ltr'>obiectum</span> <span class='ocrx_word' id='word_1_144' title='bbox 800 2042 951 2080; x_wconf 89' lang='lat' dir='ltr'>respon-</span> 
     </span>
     <span class='ocr_line' id='line_1_33' title="bbox 297 2085 952 2136; baseline 0 -12"><span class='ocrx_word' id='word_1_145' title='bbox 297 2087 386 2125; x_wconf 84' lang='lat' dir='ltr'>dere</span> <span class='ocrx_word' id='word_1_146' title='bbox 405 2085 524 2124; x_wconf 86' lang='lat' dir='ltr'>locum</span> <span class='ocrx_word' id='word_1_147' title='bbox 537 2115 548 2134; x_wconf 93' lang='lat'>,</span> <span class='ocrx_word' id='word_1_148' title='bbox 577 2099 649 2136; x_wconf 89' lang='lat' dir='ltr'>quo</span> <span class='ocrx_word' id='word_1_149' title='bbox 673 2086 768 2124; x_wconf 89' lang='lat' dir='ltr'>Ister</span> <span class='ocrx_word' id='word_1_150' title='bbox 796 2086 832 2123; x_wconf 88' lang='lat' dir='ltr'>in</span> <span class='ocrx_word' id='word_1_151' title='bbox 851 2098 952 2124; x_wconf 87' lang='lat' dir='ltr'>mare</span> 
     </span>
     <span class='ocr_line' id='line_1_34' title="bbox 298 2142 950 2191; baseline 0 -11"><span class='ocrx_word' id='word_1_152' title='bbox 298 2143 389 2191; x_wconf 84' lang='lat' dir='ltr'>exit)</span> <span class='ocrx_word' id='word_1_153' title='bbox 415 2142 541 2179; x_wconf 86' lang='lat' dir='ltr'>Cilicia</span> <span class='ocrx_word' id='word_1_154' title='bbox 560 2146 753 2189; x_wconf 86' lang='lat' dir='ltr'>montana,</span> <span class='ocrx_word' id='word_1_155' title='bbox 771 2142 870 2180; x_wconf 91' lang='lat' dir='ltr'>unde</span> <span class='ocrx_word' id='word_1_156' title='bbox 888 2155 950 2180; x_wconf 86' lang='lat' dir='ltr'>re-</span> 
     </span>
     <span class='ocr_line' id='line_1_35' title="bbox 297 2198 953 2248; baseline 0 -12"><span class='ocrx_word' id='word_1_157' title='bbox 297 2203 357 2236; x_wconf 88' lang='lat' dir='ltr'>cta</span> <span class='ocrx_word' id='word_1_158' title='bbox 384 2198 443 2235; x_wconf 89' lang='lat' dir='ltr'>via</span> <span class='ocrx_word' id='word_1_159' title='bbox 473 2198 664 2248; x_wconf 89' lang='lat' dir='ltr'>pergendo</span> <span class='ocrx_word' id='word_1_160' title='bbox 687 2199 849 2248; x_wconf 89' lang='lat' dir='ltr'>quinque</span> <span class='ocrx_word' id='word_1_161' title='bbox 874 2198 953 2236; x_wconf 83' lang='lat' dir='ltr'>die·</span> 
     </span>
     <span class='ocr_line' id='line_1_36' title="bbox 296 2255 951 2305; baseline -0.002 -12"><span class='ocrx_word' id='word_1_162' title='bbox 296 2255 365 2293; x_wconf 92' lang='lat' dir='ltr'>bus</span> <span class='ocrx_word' id='word_1_163' title='bbox 400 2255 583 2305; x_wconf 89' lang='lat' dir='ltr'>perveniri</span> <span class='ocrx_word' id='word_1_164' title='bbox 611 2259 737 2305; x_wconf 88' lang='lat' dir='ltr'>potest</span> <span class='ocrx_word' id='word_1_165' title='bbox 774 2255 951 2305; x_wconf 89' lang='lat' dir='ltr'>Sinopem</span> 
     </span>
     <span class='ocr_line' id='line_1_37' title="bbox 297 2310 952 2349; baseline -0.003 0"><span class='ocrx_word' id='word_1_166' title='bbox 297 2311 347 2349; x_wconf 84' lang='lat' dir='ltr'>ad</span> <span class='ocrx_word' id='word_1_167' title='bbox 365 2310 522 2348; x_wconf 88' lang='lat' dir='ltr'>Pontum</span> <span class='ocrx_word' id='word_1_168' title='bbox 543 2311 647 2347; x_wconf 88' lang='lat' dir='ltr'>sitam</span> <span class='ocrx_word' id='word_1_169' title='bbox 669 2315 707 2349; x_wconf 87' lang='lat' dir='ltr'>et</span> <span class='ocrx_word' id='word_1_170' title='bbox 726 2311 952 2349; x_wconf 85' lang='lat' dir='ltr'>obiacentem</span> 
     </span>
     <span class='ocr_line' id='line_1_38' title="bbox 298 2367 952 2406; baseline -0.002 -1"><span class='ocrx_word' id='word_1_171' title='bbox 298 2367 392 2405; x_wconf 86' lang='lat' dir='ltr'>Istro</span> <span class='ocrx_word' id='word_1_172' title='bbox 409 2367 446 2403; x_wconf 90' lang='lat' dir='ltr'>in</span> <span class='ocrx_word' id='word_1_173' title='bbox 466 2367 560 2404; x_wconf 90' lang='lat' dir='ltr'>idem</span> <span class='ocrx_word' id='word_1_174' title='bbox 571 2379 670 2405; x_wconf 84' lang='lat' dir='ltr'>mare</span> <span class='ocrx_word' id='word_1_175' title='bbox 681 2381 720 2406; x_wconf 90' lang='lat' dir='ltr'>se</span> <span class='ocrx_word' id='word_1_176' title='bbox 730 2368 952 2405; x_wconf 82' lang='lat' dir='ltr'>exoneranti.</span> 
     </span>
     <span class='ocr_line' id='line_1_39' title="bbox 298 2422 954 2473; baseline 0.002 -12"><span class='ocrx_word' id='word_1_177' title='bbox 298 2422 332 2461; x_wconf 92' lang='lat' dir='ltr'>E</span> <span class='ocrx_word' id='word_1_178' title='bbox 353 2423 483 2473; x_wconf 89' lang='lat' dir='ltr'>quibus</span> <span class='ocrx_word' id='word_1_179' title='bbox 512 2424 677 2461; x_wconf 89' lang='lat' dir='ltr'>omnibus</span> <span class='ocrx_word' id='word_1_180' title='bbox 702 2423 794 2462; x_wconf 88' lang='lat' dir='ltr'>hanc</span> <span class='ocrx_word' id='word_1_181' title='bbox 816 2423 954 2462; x_wconf 87' lang='lat' dir='ltr'>Noster</span> 
     </span>
     <span class='ocr_line' id='line_1_40' title="bbox 298 2479 954 2531; baseline 0.002 -14"><span class='ocrx_word' id='word_1_182' title='bbox 298 2479 479 2517; x_wconf 85' lang='lat' dir='ltr'>concludit</span> <span class='ocrx_word' id='word_1_183' title='bbox 499 2492 694 2518; x_wconf 84' lang='lat' dir='ltr'>summam:</span> <span class='ocrx_word' id='word_1_184' title='bbox 723 2479 848 2518; x_wconf 84' lang='lat' dir='ltr'>Nilum</span> <span class='ocrx_word' id='word_1_185' title='bbox 867 2480 954 2531; x_wconf 86' lang='lat' dir='ltr'>(per</span> 
     </span>
     <span class='ocr_line' id='line_1_41' title="bbox 301 2535 954 2587; baseline 0.002 -14"><span class='ocrx_word' id='word_1_186' title='bbox 301 2540 416 2573; x_wconf 87' lang='lat' dir='ltr'>totam</span> <span class='ocrx_word' id='word_1_187' title='bbox 436 2535 594 2573; x_wconf 80' lang='lat' dir='ltr'>Africam</span> <span class='ocrx_word' id='word_1_188' title='bbox 607 2565 618 2583; x_wconf 86' lang='lat'>,</span> <span class='ocrx_word' id='word_1_189' title='bbox 648 2541 688 2573; x_wconf 92' lang='lat' dir='ltr'>ut</span> <span class='ocrx_word' id='word_1_190' title='bbox 707 2536 797 2574; x_wconf 90' lang='lat' dir='ltr'>Ister</span> <span class='ocrx_word' id='word_1_191' title='bbox 810 2550 878 2587; x_wconf 88' lang='lat' dir='ltr'>per</span> <span class='ocrx_word' id='word_1_192' title='bbox 896 2542 954 2574; x_wconf 91' lang='lat' dir='ltr'>to-</span> 
     </span>
     <span class='ocr_line' id='line_1_42' title="bbox 301 2591 953 2642; baseline 0.002 -13"><span class='ocrx_word' id='word_1_193' title='bbox 301 2595 379 2629; x_wconf 92' lang='lat' dir='ltr'>tam</span> <span class='ocrx_word' id='word_1_194' title='bbox 407 2591 626 2642; x_wconf 87' lang='lat' dir='ltr'>Europam)</span> <span class='ocrx_word' id='word_1_195' title='bbox 659 2594 832 2631; x_wconf 87' lang='lat' dir='ltr'>fluentem</span> <span class='ocrx_word' id='word_1_196' title='bbox 859 2593 953 2630; x_wconf 89' lang='lat' dir='ltr'>Istro</span> 
     </span>
     <span class='ocr_line' id='line_1_43' title="bbox 304 2647 951 2699; baseline 0.002 -14"><span class='ocrx_word' id='word_1_197' title='bbox 304 2647 456 2686; x_wconf 84' lang='lat' dir='ltr'>similem</span> <span class='ocrx_word' id='word_1_198' title='bbox 479 2660 561 2686; x_wconf 88' lang='lat' dir='ltr'>esse</span> <span class='ocrx_word' id='word_1_199' title='bbox 602 2648 768 2699; x_wconf 90' lang='lat' dir='ltr'>beneque</span> <span class='ocrx_word' id='word_1_200' title='bbox 798 2662 878 2687; x_wconf 91' lang='lat' dir='ltr'>cum</span> <span class='ocrx_word' id='word_1_201' title='bbox 906 2662 951 2687; x_wconf 91' lang='lat' dir='ltr'>eo</span> 
     </span>
     <span class='ocr_line' id='line_1_44' title="bbox 303 2704 954 2755; baseline 0 -12"><span class='ocrx_word' id='word_1_202' title='bbox 303 2704 504 2755; x_wconf 85' lang='lat' dir='ltr'>comparari</span> <span class='ocrx_word' id='word_1_203' title='bbox 523 2716 642 2754; x_wconf 90' lang='lat' dir='ltr'>posse.</span> <span class='ocrx_word' id='word_1_204' title='bbox 674 2727 729 2732; x_wconf 92' lang='lat'>—-</span> <span class='ocrx_word' id='word_1_205' title='bbox 756 2704 812 2743; x_wconf 89' lang='lat' dir='ltr'>Ad</span> <span class='ocrx_word' id='word_1_206' title='bbox 842 2706 954 2743; x_wconf 86' lang='lat' dir='ltr'>verba</span> 
     </span>
     <span class='ocr_line' id='line_1_45' title="bbox 305 2757 953 2812; baseline 0.005 -14"><span class='ocrx_word' id='word_1_207' title='bbox 305 2773 410 2810; x_wconf 86' lang='lat' dir='ltr'>seqq.</span> <span class='ocrx_word' id='word_1_208' title='bbox 429 2758 543 2799; x_wconf 83' lang='grc' dir='ltr'>πέντε</span> <span class='ocrx_word' id='word_1_209' title='bbox 563 2757 742 2812; x_wconf 74' lang='grc' dir='ltr'><em>ἡμερέων</em></span> <span class='ocrx_word' id='word_1_210' title='bbox 764 2783 811 2789; x_wconf 87' lang='grc'><strong>-</strong></span> <span class='ocrx_word' id='word_1_211' title='bbox 835 2757 953 2808; x_wconf 72' lang='grc' dir='ltr'><em>εὐζώ-</em></span> 
     </span>
     <span class='ocr_line' id='line_1_46' title="bbox 305 2815 954 2870; baseline 0 -15"><span class='ocrx_word' id='word_1_212' title='bbox 305 2831 364 2870; x_wconf 80' lang='grc' dir='ltr'>νῳ</span> <span class='ocrx_word' id='word_1_213' title='bbox 384 2831 431 2854; x_wconf 83' lang='grc' dir='ltr'>αι</span> <span class='ocrx_word' id='word_1_214' title='bbox 435 2815 498 2868; x_wconf 89' lang='grc' dir='ltr'>δρι</span> <span class='ocrx_word' id='word_1_215' title='bbox 516 2818 611 2854; x_wconf 87' lang='lat' dir='ltr'>conf.</span> <span class='ocrx_word' id='word_1_216' title='bbox 634 2817 669 2863; x_wconf 85' lang='grc' dir='ltr'>Ι,</span> <span class='ocrx_word' id='word_1_217' title='bbox 689 2821 744 2859; x_wconf 80' lang='lat'>72</span> <span class='ocrx_word' id='word_1_218' title='bbox 767 2818 852 2868; x_wconf 86' lang='lat' dir='ltr'>ibiq</span> <span class='ocrx_word' id='word_1_219' title='bbox 863 2822 954 2856; x_wconf 89' lang='lat' dir='ltr'>nott.</span> 
     </span>
     <span class='ocr_line' id='line_1_47' title="bbox 367 2868 956 2924; baseline 0 -13"><span class='ocrx_word' id='word_1_220' title='bbox 367 2868 502 2913; x_wconf 70' lang='grc' dir='ltr'>ἀντίον</span> <span class='ocrx_word' id='word_1_221' title='bbox 523 2870 674 2924; x_wconf 80' lang='grc' dir='ltr'>κέεται]</span> <span class='ocrx_word' id='word_1_222' title='bbox 706 2873 764 2911; x_wconf 86' lang='lat' dir='ltr'>De</span> <span class='ocrx_word' id='word_1_223' title='bbox 779 2874 901 2912; x_wconf 83' lang='lat' dir='ltr'>dativo</span> <span class='ocrx_word' id='word_1_224' title='bbox 919 2879 956 2913; x_wconf 86' lang='lat' dir='ltr'>et</span> 
     </span>
    </p>
   </div>
   <div class='ocr_carea' id='block_1_13' title="bbox 354 806 1618 945">
    <p class='ocr_par' dir='ltr' id='par_1_14' title="bbox 354 806 1618 945">
     <span class='ocr_line' id='line_1_48' title="bbox 354 806 1617 865; baseline -0.002 -14"><span class='ocrx_word' id='word_1_225' title='bbox 354 825 457 865; x_wconf 77' lang='grc' dir='ltr'><em>γον,</em></span> <span class='ocrx_word' id='word_1_226' title='bbox 501 808 568 851; x_wconf 85' lang='grc' dir='ltr'>ὅτι</span> <span class='ocrx_word' id='word_1_227' title='bbox 596 813 772 851; x_wconf 83' lang='grc' dir='ltr'>πλεῖστα</span> <span class='ocrx_word' id='word_1_228' title='bbox 809 807 1045 863; x_wconf 79' lang='grc' dir='ltr'>θωυμάσια</span> <span class='ocrx_word' id='word_1_229' title='bbox 1085 808 1165 863; x_wconf 71' lang='grc' dir='ltr'>ἔχει</span> <span class='ocrx_word' id='word_1_230' title='bbox 1196 807 1223 862; x_wconf 82' lang='grc' dir='ltr'><strong><em>ἢ</em></strong></span> <span class='ocrx_word' id='word_1_231' title='bbox 1251 808 1357 863; x_wconf 77' lang='grc' dir='ltr'><em>ἄλλη</em></span> <span class='ocrx_word' id='word_1_232' title='bbox 1387 812 1504 850; x_wconf 85' lang='grc' dir='ltr'><em>πᾶσα</em></span> <span class='ocrx_word' id='word_1_233' title='bbox 1533 806 1617 862; x_wconf 81' lang='grc' dir='ltr'>χώ-</span> 
     </span>
     <span class='ocr_line' id='line_1_49' title="bbox 357 884 1618 945; baseline -0.002 -15"><span class='ocrx_word' id='word_1_234' title='bbox 357 905 435 945; x_wconf 83' lang='grc' dir='ltr'>ρη,</span> <span class='ocrx_word' id='word_1_235' title='bbox 475 887 549 930; x_wconf 82' lang='grc' dir='ltr'>καὶ</span> <span class='ocrx_word' id='word_1_236' title='bbox 591 887 691 943; x_wconf 75' lang='grc' dir='ltr'><em>ἔργα</em></span> <span class='ocrx_word' id='word_1_237' title='bbox 731 884 867 942; x_wconf 82' lang='grc' dir='ltr'><em>λόγου</em></span> <span class='ocrx_word' id='word_1_238' title='bbox 904 886 1014 942; x_wconf 80' lang='grc' dir='ltr'><em>μέζω</em></span> <span class='ocrx_word' id='word_1_239' title='bbox 1054 885 1284 942; x_wconf 82' lang='grc' dir='ltr'>παρέχεται</span> <span class='ocrx_word' id='word_1_240' title='bbox 1323 886 1432 943; x_wconf 85' lang='grc' dir='ltr'><em>πρὸς</em></span> <span class='ocrx_word' id='word_1_241' title='bbox 1473 890 1618 929; x_wconf 84' lang='grc' dir='ltr'><em>πᾶσαν</em></span> 
     </span>
    </p>
   </div>
   <div class='ocr_carea' id='block_1_14' title="bbox 1019 1064 1676 1234">
    <p class='ocr_par' dir='ltr' id='par_1_15' title="bbox 1019 1064 1676 1234">
     <span class='ocr_line' id='line_1_50' title="bbox 1020 1064 1676 1121; baseline -0.002 -12"><span class='ocrx_word' id='word_1_242' title='bbox 1020 1071 1204 1120; x_wconf 82' lang='lat' dir='ltr'>genitivo,</span> <span class='ocrx_word' id='word_1_243' title='bbox 1253 1071 1317 1121; x_wconf 91' lang='lat' dir='ltr'>qui</span> <span class='ocrx_word' id='word_1_244' title='bbox 1351 1070 1500 1109; x_wconf 87' lang='lat' dir='ltr'>voculae</span> <span class='ocrx_word' id='word_1_245' title='bbox 1538 1064 1676 1109; x_wconf 71' lang='grc' dir='ltr'><em>ἅντίον</em></span> 
     </span>
     <span class='ocr_line' id='line_1_51' title="bbox 1019 1126 1674 1176; baseline -0.002 -12"><span class='ocrx_word' id='word_1_246' title='bbox 1019 1128 1239 1176; x_wconf 85' lang='lat' dir='ltr'>adstruitur,</span> <span class='ocrx_word' id='word_1_247' title='bbox 1268 1128 1409 1166; x_wconf 87' lang='lat' dir='ltr'>monuit</span> <span class='ocrx_word' id='word_1_248' title='bbox 1439 1126 1674 1176; x_wconf 84' lang='lat' dir='ltr'>VVesseling.‚</span> 
     </span>
     <span class='ocr_line' id='line_1_52' title="bbox 1019 1185 1220 1234; baseline -0.005 -11"><span class='ocrx_word' id='word_1_249' title='bbox 1019 1197 1128 1234; x_wconf 91' lang='lat' dir='ltr'>quem</span> <span class='ocrx_word' id='word_1_250' title='bbox 1148 1185 1220 1222; x_wconf 84' lang='lat' dir='ltr'>vid.</span> 
     </span>
    </p>
   </div>
   <div class='ocr_carea' id='block_1_15' title="bbox 1190 1323 1506 1377">
    <p class='ocr_par' dir='ltr' id='par_1_16' title="bbox 1190 1323 1506 1377">
     <span class='ocr_line' id='line_1_53' title="bbox 1190 1323 1506 1377; baseline 0 -15"><span class='ocrx_word' id='word_1_251' title='bbox 1190 1324 1222 1362; x_wconf 94' lang='lat' dir='ltr'>C</span> <span class='ocrx_word' id='word_1_252' title='bbox 1242 1338 1264 1364; x_wconf 82' lang='lat' dir='ltr'>a</span> <span class='ocrx_word' id='word_1_253' title='bbox 1282 1339 1319 1377; x_wconf 89' lang='lat' dir='ltr'>p.</span> <span class='ocrx_word' id='word_1_254' title='bbox 1349 1323 1506 1363; x_wconf 88' lang='lat' dir='ltr'><strong>XXXV.</strong></span> 
     </span>
    </p>
   </div>
   <div class='ocr_carea' id='block_1_16' title="bbox 1019 1405 1676 1898">
    <p class='ocr_par' dir='ltr' id='par_1_17' title="bbox 1019 1405 1676 1898">
     <span class='ocr_line' id='line_1_54' title="bbox 1078 1405 1675 1461; baseline -0.003 -13"><span class='ocrx_word' id='word_1_255' title='bbox 1078 1407 1239 1461; x_wconf 72' lang='grc' dir='ltr'>ἔρχομαι</span> <span class='ocrx_word' id='word_1_256' title='bbox 1277 1407 1320 1449; x_wconf 82' lang='grc' dir='ltr'>δὲ</span> <span class='ocrx_word' id='word_1_257' title='bbox 1366 1430 1422 1438; x_wconf 85' lang='lat'>-—</span> <span class='ocrx_word' id='word_1_258' title='bbox 1464 1405 1675 1460; x_wconf 79' lang='grc' dir='ltr'><em>μηκυνέων</em></span> 
     </span>
     <span class='ocr_line' id='line_1_55' title="bbox 1019 1461 1674 1519; baseline -0.006 -14"><span class='ocrx_word' id='word_1_259' title='bbox 1019 1461 1091 1505; x_wconf 73' lang='grc' dir='ltr'>τόν</span> <span class='ocrx_word' id='word_1_260' title='bbox 1110 1461 1245 1519; x_wconf 79' lang='grc' dir='ltr'><em>λόγον]</em></span> <span class='ocrx_word' id='word_1_261' title='bbox 1274 1465 1332 1503; x_wconf 89' lang='lat' dir='ltr'>Ad</span> <span class='ocrx_word' id='word_1_262' title='bbox 1356 1466 1583 1516; x_wconf 85' lang='lat' dir='ltr'>participium</span> <span class='ocrx_word' id='word_1_263' title='bbox 1603 1479 1674 1515; x_wconf 82' lang='grc' dir='ltr'>μη-</span> 
     </span>
     <span class='ocr_line' id='line_1_56' title="bbox 1021 1520 1674 1568; baseline -0.005 -8"><span class='ocrx_word' id='word_1_264' title='bbox 1021 1520 1175 1561; x_wconf 79' lang='grc' dir='ltr'><em>κυνέων</em></span> <span class='ocrx_word' id='word_1_265' title='bbox 1204 1524 1297 1559; x_wconf 90' lang='lat' dir='ltr'>conf.</span> <span class='ocrx_word' id='word_1_266' title='bbox 1329 1527 1419 1558; x_wconf 87' lang='lat' dir='ltr'>nott.</span> <span class='ocrx_word' id='word_1_267' title='bbox 1449 1523 1497 1559; x_wconf 92' lang='lat' dir='ltr'>ad</span> <span class='ocrx_word' id='word_1_268' title='bbox 1527 1522 1566 1568; x_wconf 84' lang='lat' dir='ltr'>l,</span> <span class='ocrx_word' id='word_1_269' title='bbox 1593 1520 1674 1562; x_wconf 84' lang='lat'>194</span> 
     </span>
     <span class='ocr_line' id='line_1_57' title="bbox 1020 1577 1674 1627; baseline -0.005 -11"><span class='ocrx_word' id='word_1_270' title='bbox 1020 1583 1058 1617; x_wconf 86' lang='lat' dir='ltr'>et</span> <span class='ocrx_word' id='word_1_271' title='bbox 1078 1579 1163 1616; x_wconf 81' lang='lat' dir='ltr'>add.</span> <span class='ocrx_word' id='word_1_272' title='bbox 1192 1578 1406 1615; x_wconf 83' lang='lat' dir='ltr'>Valckenar.</span> <span class='ocrx_word' id='word_1_273' title='bbox 1437 1578 1485 1614; x_wconf 84' lang='lat' dir='ltr'>ad</span> <span class='ocrx_word' id='word_1_274' title='bbox 1509 1577 1674 1627; x_wconf 86' lang='lat' dir='ltr'>Euripid.</span> 
     </span>
     <span class='ocr_line' id='line_1_58' title="bbox 1019 1633 1676 1683; baseline -0.002 -12"><span class='ocrx_word' id='word_1_275' title='bbox 1019 1635 1210 1672; x_wconf 86' lang='lat' dir='ltr'>Phoeniss.</span> <span class='ocrx_word' id='word_1_276' title='bbox 1247 1638 1339 1676; x_wconf 81' lang='grc'>713.</span> <span class='ocrx_word' id='word_1_277' title='bbox 1374 1635 1493 1675; x_wconf 76' lang='grc'><strong>1032.</strong></span> <span class='ocrx_word' id='word_1_278' title='bbox 1551 1633 1676 1683; x_wconf 85' lang='lat' dir='ltr'>Ipsam</span> 
     </span>
     <span class='ocr_line' id='line_1_59' title="bbox 1019 1685 1675 1742; baseline -0.002 -14"><span class='ocrx_word' id='word_1_279' title='bbox 1019 1690 1236 1729; x_wconf 90' lang='lat' dir='ltr'>locutionem</span> <span class='ocrx_word' id='word_1_280' title='bbox 1257 1686 1453 1742; x_wconf 80' lang='grc' dir='ltr'>μηκύνειν</span> <span class='ocrx_word' id='word_1_281' title='bbox 1470 1686 1540 1730; x_wconf 74' lang='grc' dir='ltr'>τόν</span> <span class='ocrx_word' id='word_1_282' title='bbox 1559 1685 1675 1741; x_wconf 76' lang='grc' dir='ltr'><em>λόγον</em></span> 
     </span>
     <span class='ocr_line' id='line_1_60' title="bbox 1019 1746 1674 1799; baseline -0.003 -16"><span class='ocrx_word' id='word_1_283' title='bbox 1019 1747 1205 1797; x_wconf 77' lang='lat' dir='ltr'>(pluribus</span> <span class='ocrx_word' id='word_1_284' title='bbox 1237 1761 1266 1785; x_wconf 92' lang='grc'>5.</span> <span class='ocrx_word' id='word_1_285' title='bbox 1284 1746 1463 1799; x_wconf 75' lang='lat' dir='ltr'>prolixius</span> <span class='ocrx_word' id='word_1_286' title='bbox 1491 1746 1674 1794; x_wconf 75' lang='lat' dir='ltr'>disserere)</span> 
     </span>
     <span class='ocr_line' id='line_1_61' title="bbox 1020 1802 1676 1853; baseline -0.003 -13"><span class='ocrx_word' id='word_1_287' title='bbox 1020 1803 1202 1841; x_wconf 86' lang='lat' dir='ltr'>illustrant</span> <span class='ocrx_word' id='word_1_288' title='bbox 1256 1817 1301 1842; x_wconf 90' lang='lat' dir='ltr'>ea</span> <span class='ocrx_word' id='word_1_289' title='bbox 1319 1834 1330 1853; x_wconf 91' lang='lat'>,</span> <span class='ocrx_word' id='word_1_290' title='bbox 1386 1815 1481 1853; x_wconf 90' lang='lat' dir='ltr'>quae</span> <span class='ocrx_word' id='word_1_291' title='bbox 1530 1802 1676 1852; x_wconf 85' lang='lat' dir='ltr'>collegit</span> 
     </span>
     <span class='ocr_line' id='line_1_62' title="bbox 1019 1858 1676 1898; baseline -0.002 -1"><span class='ocrx_word' id='word_1_292' title='bbox 1019 1860 1205 1898; x_wconf 85' lang='lat' dir='ltr'>Schaefer.</span> <span class='ocrx_word' id='word_1_293' title='bbox 1228 1861 1276 1898; x_wconf 89' lang='lat' dir='ltr'>ad</span> <span class='ocrx_word' id='word_1_294' title='bbox 1302 1859 1490 1898; x_wconf 88' lang='lat' dir='ltr'>Lambert.</span> <span class='ocrx_word' id='word_1_295' title='bbox 1517 1858 1605 1897; x_wconf 89' lang='lat' dir='ltr'>Bos.</span> <span class='ocrx_word' id='word_1_296' title='bbox 1628 1859 1676 1897; x_wconf 87' lang='lat' dir='ltr'>de</span> 
     </span>
    </p>
   </div>
   <div class='ocr_carea' id='block_1_17' title="bbox 1020 1916 1367 1968">
    <p class='ocr_par' dir='ltr' id='par_1_18' title="bbox 1020 1916 1367 1968">
     <span class='ocr_line' id='line_1_63' title="bbox 1020 1916 1367 1968; baseline -0.003 -14"><span class='ocrx_word' id='word_1_297' title='bbox 1020 1916 1138 1968; x_wconf 89' lang='lat' dir='ltr'>ellips.</span> <span class='ocrx_word' id='word_1_298' title='bbox 1163 1929 1250 1968; x_wconf 86' lang='lat' dir='ltr'>pag</span> <span class='ocrx_word' id='word_1_299' title='bbox 1271 1917 1367 1960; x_wconf 81' lang='lat'>255.</span> 
     </span>
    </p>
   </div>
   <div class='ocr_carea' id='block_1_18' title="bbox 1017 2023 1677 2925">
    <p class='ocr_par' dir='ltr' id='par_1_19' title="bbox 1017 2023 1677 2925">
     <span class='ocr_line' id='line_1_64' title="bbox 1076 2023 1676 2080; baseline -0.002 -11"><span class='ocrx_word' id='word_1_300' title='bbox 1076 2043 1134 2069; x_wconf 85' lang='grc' dir='ltr'>οτι</span> <span class='ocrx_word' id='word_1_301' title='bbox 1164 2031 1327 2067; x_wconf 78' lang='grc' dir='ltr'>πλεῖστα</span> <span class='ocrx_word' id='word_1_302' title='bbox 1352 2023 1573 2080; x_wconf 73' lang='grc' dir='ltr'>θωυμᾶσια</span> <span class='ocrx_word' id='word_1_303' title='bbox 1597 2026 1676 2079; x_wconf 72' lang='grc' dir='ltr'>ἔχει</span> 
     </span>
     <span class='ocr_line' id='line_1_65' title="bbox 1019 2079 1675 2136; baseline -0.005 -12"><span class='ocrx_word' id='word_1_304' title='bbox 1019 2079 1048 2136; x_wconf 73' lang='grc' dir='ltr'><em>ἢ</em></span> <span class='ocrx_word' id='word_1_305' title='bbox 1073 2100 1108 2124; x_wconf 82' lang='grc' dir='ltr'>κ.</span> <span class='ocrx_word' id='word_1_306' title='bbox 1127 2100 1160 2124; x_wconf 93' lang='grc' dir='ltr'>τ.</span> <span class='ocrx_word' id='word_1_307' title='bbox 1182 2083 1232 2136; x_wconf 85' lang='grc' dir='ltr'>λ.]</span> <span class='ocrx_word' id='word_1_308' title='bbox 1274 2085 1373 2122; x_wconf 91' lang='lat' dir='ltr'>Olim</span> <span class='ocrx_word' id='word_1_309' title='bbox 1401 2084 1530 2134; x_wconf 79' lang='grc' dir='ltr'><em>πλέω,</em></span> <span class='ocrx_word' id='word_1_310' title='bbox 1575 2085 1675 2135; x_wconf 90' lang='lat' dir='ltr'>quod</span> 
     </span>
     <span class='ocr_line' id='line_1_66' title="bbox 1019 2140 1676 2180; baseline 0 -2"><span class='ocrx_word' id='word_1_311' title='bbox 1019 2154 1115 2178; x_wconf 90' lang='lat' dir='ltr'>nunc</span> <span class='ocrx_word' id='word_1_312' title='bbox 1135 2155 1155 2180; x_wconf 92' lang='lat' dir='ltr'>e</span> <span class='ocrx_word' id='word_1_313' title='bbox 1184 2140 1394 2180; x_wconf 86' lang='lat' dir='ltr'>melioribus</span> <span class='ocrx_word' id='word_1_314' title='bbox 1425 2141 1524 2180; x_wconf 89' lang='lat' dir='ltr'>libris</span> <span class='ocrx_word' id='word_1_315' title='bbox 1555 2146 1676 2179; x_wconf 88' lang='lat' dir='ltr'>muta-</span> 
     </span>
     <span class='ocr_line' id='line_1_67' title="bbox 1017 2196 1677 2246; baseline 0 -11"><span class='ocrx_word' id='word_1_316' title='bbox 1017 2201 1095 2235; x_wconf 90' lang='lat' dir='ltr'>tum</span> <span class='ocrx_word' id='word_1_317' title='bbox 1136 2202 1193 2236; x_wconf 90' lang='lat' dir='ltr'>est</span> <span class='ocrx_word' id='word_1_318' title='bbox 1225 2198 1263 2235; x_wconf 90' lang='lat' dir='ltr'>in</span> <span class='ocrx_word' id='word_1_319' title='bbox 1303 2200 1475 2237; x_wconf 80' lang='grc' dir='ltr'>πλεῖστα.</span> <span class='ocrx_word' id='word_1_320' title='bbox 1542 2196 1677 2246; x_wconf 90' lang='lat' dir='ltr'>Neque</span> 
     </span>
     <span class='ocr_line' id='line_1_68' title="bbox 1020 2249 1677 2305; baseline -0.002 -14"><span class='ocrx_word' id='word_1_321' title='bbox 1020 2255 1116 2292; x_wconf 86' lang='lat' dir='ltr'>enim</span> <span class='ocrx_word' id='word_1_322' title='bbox 1135 2258 1317 2305; x_wconf 80' lang='lat' dir='ltr'>repugnat</span> <span class='ocrx_word' id='word_1_323' title='bbox 1340 2266 1496 2304; x_wconf 88' lang='lat' dir='ltr'>sequens</span> <span class='ocrx_word' id='word_1_324' title='bbox 1520 2249 1562 2305; x_wconf 79' lang='grc' dir='ltr'>ἤ.</span> <span class='ocrx_word' id='word_1_325' title='bbox 1592 2253 1677 2291; x_wconf 90' lang='lat' dir='ltr'>Vid.</span> 
     </span>
     <span class='ocr_line' id='line_1_69' title="bbox 1019 2309 1675 2361; baseline -0.003 -13"><span class='ocrx_word' id='word_1_326' title='bbox 1019 2310 1152 2348; x_wconf 78' lang='lat' dir='ltr'>Matth.</span> <span class='ocrx_word' id='word_1_327' title='bbox 1184 2311 1250 2348; x_wconf 90' lang='lat' dir='ltr'>Gr.</span> <span class='ocrx_word' id='word_1_328' title='bbox 1281 2311 1347 2348; x_wconf 92' lang='lat' dir='ltr'>Gr.</span> <span class='ocrx_word' id='word_1_329' title='bbox 1378 2323 1465 2361; x_wconf 87' lang='lat' dir='ltr'>pag.</span> <span class='ocrx_word' id='word_1_330' title='bbox 1485 2312 1559 2352; x_wconf 87' lang='lat'>461</span> <span class='ocrx_word' id='word_1_331' title='bbox 1597 2309 1675 2347; x_wconf 87' lang='lat' dir='ltr'>coll.</span> 
     </span>
     <span class='ocr_line' id='line_1_70' title="bbox 1020 2367 1674 2418; baseline -0.002 -15"><span class='ocrx_word' id='word_1_332' title='bbox 1020 2367 1223 2404; x_wconf 86' lang='lat' dir='ltr'>Hermann.</span> <span class='ocrx_word' id='word_1_333' title='bbox 1255 2367 1302 2404; x_wconf 88' lang='lat' dir='ltr'>ad</span> <span class='ocrx_word' id='word_1_334' title='bbox 1321 2367 1444 2416; x_wconf 87' lang='lat' dir='ltr'>Viget.</span> <span class='ocrx_word' id='word_1_335' title='bbox 1474 2380 1559 2418; x_wconf 86' lang='lat' dir='ltr'>pag.</span> <span class='ocrx_word' id='word_1_336' title='bbox 1580 2367 1674 2408; x_wconf 88' lang='lat'>718.</span> 
     </span>
     <span class='ocr_line' id='line_1_71' title="bbox 1021 2421 1674 2474; baseline -0.003 -13"><span class='ocrx_word' id='word_1_337' title='bbox 1021 2423 1125 2461; x_wconf 86' lang='lat' dir='ltr'>Idem</span> <span class='ocrx_word' id='word_1_338' title='bbox 1142 2423 1320 2461; x_wconf 87' lang='lat' dir='ltr'>Matthiae</span> <span class='ocrx_word' id='word_1_339' title='bbox 1338 2423 1361 2460; x_wconf 95' lang='lat' dir='ltr'>l.</span> <span class='ocrx_word' id='word_1_340' title='bbox 1385 2423 1406 2460; x_wconf 86' lang='lat'>1.</span> <span class='ocrx_word' id='word_1_341' title='bbox 1428 2421 1466 2474; x_wconf 62' lang='grc' dir='ltr'>ἓ.</span> <span class='ocrx_word' id='word_1_342' title='bbox 1487 2425 1570 2465; x_wconf 88' lang='lat'>451</span> <span class='ocrx_word' id='word_1_343' title='bbox 1596 2423 1674 2460; x_wconf 87' lang='lat' dir='ltr'>init.</span> 
     </span>
     <span class='ocr_line' id='line_1_72' title="bbox 1021 2474 1674 2531; baseline 0.002 -14"><span class='ocrx_word' id='word_1_344' title='bbox 1021 2480 1131 2517; x_wconf 86' lang='lat' dir='ltr'>verba</span> <span class='ocrx_word' id='word_1_345' title='bbox 1160 2493 1284 2529; x_wconf 84' lang='lat' dir='ltr'>seqq.:</span> <span class='ocrx_word' id='word_1_346' title='bbox 1335 2477 1402 2518; x_wconf 80' lang='grc' dir='ltr'>καὶ</span> <span class='ocrx_word' id='word_1_347' title='bbox 1435 2478 1528 2531; x_wconf 73' lang='grc' dir='ltr'><em>ἔργα</em></span> <span class='ocrx_word' id='word_1_348' title='bbox 1556 2474 1674 2531; x_wconf 84' lang='grc' dir='ltr'><em>λόγου</em></span> 
     </span>
     <span class='ocr_line' id='line_1_73' title="bbox 1021 2533 1676 2587; baseline 0.002 -13"><span class='ocrx_word' id='word_1_349' title='bbox 1021 2533 1122 2587; x_wconf 80' lang='grc' dir='ltr'><em>μέζω</em></span> <span class='ocrx_word' id='word_1_350' title='bbox 1151 2541 1248 2574; x_wconf 90' lang='lat' dir='ltr'>reete</span> <span class='ocrx_word' id='word_1_351' title='bbox 1284 2535 1336 2573; x_wconf 90' lang='lat' dir='ltr'>sic</span> <span class='ocrx_word' id='word_1_352' title='bbox 1366 2536 1541 2587; x_wconf 83' lang='lat' dir='ltr'>exponit:</span> <span class='ocrx_word' id='word_1_353' title='bbox 1582 2534 1676 2587; x_wconf 73' lang='grc' dir='ltr'><em>ἔργα</em></span> 
     </span>
     <span class='ocr_line' id='line_1_74' title="bbox 1021 2588 1674 2644; baseline 0 -14"><span class='ocrx_word' id='word_1_354' title='bbox 1021 2590 1122 2644; x_wconf 83' lang='grc' dir='ltr'><strong><em>μέζω</em></strong></span> <span class='ocrx_word' id='word_1_355' title='bbox 1143 2588 1172 2644; x_wconf 78' lang='grc' dir='ltr'><em>ἢ</em></span> <span class='ocrx_word' id='word_1_356' title='bbox 1191 2590 1318 2642; x_wconf 80' lang='grc' dir='ltr'>λέγειν</span> <span class='ocrx_word' id='word_1_357' title='bbox 1346 2589 1475 2640; x_wconf 73' lang='grc' dir='ltr'>ἔστιν,</span> <span class='ocrx_word' id='word_1_358' title='bbox 1506 2591 1674 2640; x_wconf 71' lang='grc' dir='ltr'>ἔξεστινε</span> 
     </span>
     <span class='ocr_line' id='line_1_75' title="bbox 1018 2647 1675 2698; baseline 0 -13"><span class='ocrx_word' id='word_1_359' title='bbox 1018 2651 1173 2698; x_wconf 62' lang='lat' dir='ltr'>gro-§sere</span> <span class='ocrx_word' id='word_1_360' title='bbox 1201 2647 1560 2697; x_wconf 75' lang='lat' dir='ltr'>IlIerlcwiirdz&#39;gkeiten</span> <span class='ocrx_word' id='word_1_361' title='bbox 1579 2677 1591 2697; x_wconf 90' lang='lat'>,</span> <span class='ocrx_word' id='word_1_362' title='bbox 1619 2648 1675 2685; x_wconf 79' lang='lat' dir='ltr'>als</span> 
     </span>
     <span class='ocr_line' id='line_1_76' title="bbox 1019 2701 1675 2755; baseline 0.003 -13"><span class='ocrx_word' id='word_1_363' title='bbox 1019 2705 1095 2742; x_wconf 77' lang='lat' dir='ltr'>sich</span> <span class='ocrx_word' id='word_1_364' title='bbox 1109 2718 1219 2754; x_wconf 78' lang='lat' dir='ltr'>sagen</span> <span class='ocrx_word' id='word_1_365' title='bbox 1240 2704 1339 2741; x_wconf 77' lang='lat' dir='ltr'>lc&#39;isst.</span> <span class='ocrx_word' id='word_1_366' title='bbox 1368 2705 1427 2741; x_wconf 92' lang='lat' dir='ltr'>Ad</span> <span class='ocrx_word' id='word_1_367' title='bbox 1444 2705 1556 2743; x_wconf 90' lang='lat' dir='ltr'>verba</span> <span class='ocrx_word' id='word_1_368' title='bbox 1574 2701 1675 2755; x_wconf 81' lang='grc' dir='ltr'><em>πρὸς</em></span> 
     </span>
     <span class='ocr_line' id='line_1_77' title="bbox 1021 2756 1673 2813; baseline -0.005 -13"><span class='ocrx_word' id='word_1_369' title='bbox 1021 2763 1156 2801; x_wconf 77' lang='grc' dir='ltr'><em>πᾶσαν</em></span> <span class='ocrx_word' id='word_1_370' title='bbox 1173 2756 1310 2813; x_wconf 74' lang='grc' dir='ltr'><em>χώρην</em></span> <span class='ocrx_word' id='word_1_371' title='bbox 1327 2760 1399 2797; x_wconf 83' lang='lat' dir='ltr'>vid.</span> <span class='ocrx_word' id='word_1_372' title='bbox 1420 2761 1506 2798; x_wconf 91' lang='lat' dir='ltr'>ibid.</span> <span class='ocrx_word' id='word_1_373' title='bbox 1527 2758 1564 2812; x_wconf 61' lang='grc' dir='ltr'>ἓ.</span> <span class='ocrx_word' id='word_1_374' title='bbox 1576 2760 1673 2808; x_wconf 83' lang='grc'><em>455,</em></span> 
     </span>
     <span class='ocr_line' id='line_1_78' title="bbox 1022 2814 1673 2866; baseline -0.003 -10"><span class='ocrx_word' id='word_1_375' title='bbox 1022 2820 1071 2866; x_wconf 86' lang='grc'>3,</span> <span class='ocrx_word' id='word_1_376' title='bbox 1102 2823 1139 2856; x_wconf 85' lang='lat' dir='ltr'>et</span> <span class='ocrx_word' id='word_1_377' title='bbox 1164 2819 1212 2855; x_wconf 88' lang='lat' dir='ltr'>ad</span> <span class='ocrx_word' id='word_1_378' title='bbox 1239 2814 1287 2855; x_wconf 73' lang='grc' dir='ltr'>τὰ</span> <span class='ocrx_word' id='word_1_379' title='bbox 1328 2814 1455 2855; x_wconf 76' lang='grc' dir='ltr'><em>πολλοὶ</em></span> <span class='ocrx_word' id='word_1_380' title='bbox 1484 2814 1616 2857; x_wconf 76' lang='grc' dir='ltr'>πάντα</span> <span class='ocrx_word' id='word_1_381' title='bbox 1635 2818 1673 2855; x_wconf 86' lang='lat' dir='ltr'>in</span> 
     </span>
     <span class='ocr_line' id='line_1_79' title="bbox 1025 2873 1421 2925; baseline -0.005 -13"><span class='ocrx_word' id='word_1_382' title='bbox 1025 2887 1128 2925; x_wconf 85' lang='lat' dir='ltr'>seqq.</span> <span class='ocrx_word' id='word_1_383' title='bbox 1149 2875 1244 2912; x_wconf 89' lang='lat' dir='ltr'>conf.</span> <span class='ocrx_word' id='word_1_384' title='bbox 1265 2873 1306 2922; x_wconf 89' lang='grc' dir='ltr'>Ι,</span> <span class='ocrx_word' id='word_1_385' title='bbox 1327 2875 1421 2915; x_wconf 83' lang='grc'><strong>203.</strong></span> 
     </span>
    </p>
   </div>
  </div>
 </body>
</html>
