1759 3324
543 250 967 290 EUTERPE.
1011 251 1057 290 11.

1334 253 1418 294 595

130 363 265 414 3τούς
294 356 343 412 ὗς
369 359 607 411 θύσαντες,
653 358 887 402 πατέονται
914 376 1003 403 των
1032 363 1183 415 κρεῶν.
1232 360 1342 405 διότι
1372 361 1417 405 δὲ

157 442 260 492 τούς
285 434 339 490 ὗς
367 438 414 481 ἓν
446 438 526 494 μὲν
564 441 662 495 τῇσι
699 436 853 494 α’λλησι
889 436 1043 495 ὁρτῇσι
1082 436 1473 496 οἷπεστυγήκασι,30

157 518 205 563 ἐν
245 517 290 561 δὲ
327 514 466 573 ταύτῃ
498 516 688 569 θύουσι,
746 516 836 560 ε’στι
874 517 954 572 μὲν
991 515 1122 572 λόγος
1150 517 1247 572 περὶ
1277 517 1417 563 αὐτοῦ

154 594 235 640 ὑπ’
265 595 516 650 Αἰγυπτίων
546 594 798 653 λεγόμενος·
843 595 941 652 ἐμοὶ
969 595 1118 651 μέντοι
1147 596 1413 657 ἐπισταμένῳ

127 673 242 718 4ούκ
289 671 628 730 εὐπρεπέστερός
667 675 757 719 ἐστι
806 675 1022 730 λέγεσθαι.
1079 677 1215 732 θυσίη
1254 676 1300 720 δὲ
1338 676 1416 734 ἥδε

150 756 241 796 τῶν
275 750 373 796 ύιόν
410 755 464 810 τῇ
500 752 674 810 Σελήνῃ
715 754 926 798 ποιέεται·
978 753 1109 798 ἐπεὰν
1148 754 1287 812 θύσῃ,
1333 754 1414 813 τὴν

151 830 290 888 οὐρὴν
319 830 457 889 ἄκρην
485 833 557 875 καὶ
586 831 664 875 τὸν
694 837 861 888 σπλῆνα
890 833 961 876 καὶ
989 833 1068 877 τὸν
1084 833 1291 878 ἐπίπλοον
1309 842 1468 878 συν-35

148 910 243 961 θεὶς
276 909 415 966 ὁμοῦ,
447 910 548 955 κατ’
586 907 648 955 ὧν
678 910 863 965 ἐκάλυψε
893 912 1012 969 πάσῃ
1041 915 1124 956 τοῦ
1152 911 1330 969 κτήνεος
1357 916 1412 970 τῇ

149 993 306 1045 πιμελῇ
334 993 388 1047 τῇ
427 992 526 1046 περὶ
563 991 643 1047 τὴν
681 990 823 1046 νηδύν
859 990 1091 1048 γινομένῃ·

1151 991 1224 1035 καὶ
1267 992 1412 1035 ἔπειτα

120 1069 365 1122 5καταγίζει
404 1071 522 1124 πυρί.
581 1068 633 1112 τὰ
664 1070 709 1113 δὲ
747 1070 855 1113 ἄλλα
895 1071 1001 1125 κρέα
1038 1069 1251 1114 σιτέονται
1282 1070 1329 1114 ἓν
1357 1074 1411 1128 τῇ

150 1146 424 1205 πανσελήνῳ,
468 1148 515 1192 ἐν
544 1152 596 1205 τῇ
628 1147 682 1191 ἂν
720 1148 771 1191 τὰ
804 1147 874 1203 ἱροὶ
906 1148 1097 1192 θύσωσι·
1139 1148 1188 1192 ἐν
1224 1149 1332 1205 ἄλλῃ
1363 1149 1410 1193 δὲ

120 1222 290 1284 δὴμέρῃ
320 1225 403 1270 οὐκ
434 1226 490 1270 ἂν
519 1228 579 1271 ἔτι
606 1228 850 1283 γευσαίατο.
899 1229 944 1270 οἱ
981 1228 1025 1271 δὲ
1054 1228 1230 1284 πένητες
1260 1226 1408 1271 αὐτῶν

145 1301 225 1348 ὑπ’
270 1302 496 1364 ἀσθενείης
532 1307 634 1363 βίον
672 1306 889 1357 σταιτίνας
927 1304 1167 1358 πλάσαντες
1215 1300 1287 1360 ὗς,
1334 1307 1464 1350 namo

88 1488 126 1526 in
145 1488 291 1528 Cereris
307 1490 487 1540 mysteriis
511 1490 663 1538 usitata,
693 1492 741 1529 de

87 1545 220 1595 quibus
239 1545 346 1597 plura
373 1546 470 1584 idem
495 1547 560 1585 Cr.
591 1547 614 1585 l.
637 1547 660 1584 l.
689 1547 741 1585 IV

87 1615 124 1653 p-
148 1604 239 1643 178-
264 1605 355 1645 182.
375 1602 458 1644 473
489 1617 580 1653 seq„
610 1604 671 1653 qui
691 1604 739 1641 ad

87 1657 123 1696 h.
153 1658 335 1696 Herodoti
363 1658 481 1696 locum
506 1660 597 1697 haec
631 1672 740 1710 prae-

87 1718 191 1752 terea
220 1715 435 1764 adscripsit:
489 1716 737 1763 „Eustathius

88 1771 136 1807 ad
150 1771 283 1819 Odyss.
301 1771 386 1819 XX,
400 1771 479 1813 156
502 1785 581 1822 sqq.
594 1786 630 1822 p.
642 1775 738 1820 727,

88 1825 143 1868 42
162 1827 220 1864 ed.
232 1828 319 1865 Bas.
341 1829 532 1866 attendere
551 1841 617 1865 nos
640 1829 739 1866 iubet

85 1882 124 1919 in
143 1884 238 1920 festo
269 1896 386 1921 novae
414 1884 545 1922 Lunae
573 1889 640 1921 tres
661 1898 738 1922 sues

88 1938 209 1991 (τρεῖς
230 1935 411 1989 σιάλους)
434 1941 479 1978 ab
492 1941 738 1978 Ithacensibus

86 1995 273 2034 immolari.
330 1996 451 2046 Atque
468 1997 601 2035 Veneri
623 1998 738 2047 (quae

86 2051 168 2102 ipsa
198 2065 265 2103 pro
300 2051 430 2090 Lunae
463 2054 532 2091 dea
561 2053 737 2103 habetur)

85 2107 209 2157 Argivi
230 2122 330 2147 suem
359 2113 537 2147 mactasse
560 2110 737 2148 dicuntur.

84 2163 167 2202 Vid.
203 2164 388 2203 lablonsk.
423 2165 534 2204 Voce.
562 2165 739 2218 Aegyptt.

83 2233 170 2272 pag.
194 2223 292 2263 37.“
312 2243 370 2251 -—·

138 2330 349 2373 πατέονται
377 2335 458 2373 τῶν
483 2332 640 2386 κρεῶν]
694 2334 737 2372 In

83 2390 247 2439 margine
268 2391 420 2442 exempl.
440 2391 615 2441 Stephan.
636 2391 737 2440 quod

83 2459 197 2497 penes
221 2446 286 2484 Cr.
308 2448 507 2495 est‚docta
526 2459 653 2484 manus
671 2460 738 2498 ap-

83 2502 201 2553 pinxit
234 2502 488 2544 δατέονται
546 2504 623 2541 Sed
650 2504 736 2542 vide

85 2559 134 2595 ad
149 2558 196 2606 II,
218 2560 285 2600 37.
305 2581 361 2588 —
380 2559 439 2597 Ad
454 2559 564 2598 verba
584 2555 657 2599 ούκ
674 2555 736 2599 εὕ-

85 2611 344 2682 πρεπέστερός
372 2615 453 2656 ἐστι
483 2616 579 2663 (scil.
597 2613 735 2670 λόγος)

85 2668 269 2721 λέγεσθαι
289 2674 382 2710 conf.
404 2673 452 2721 ΙΙ,
470 2671 538 2714 46

143 2777 185 2819 ἐν
206 2778 248 2820 δὲ
265 2778 388 2837 ταύτῃ
415 2779 590 2834 θύουσι]
620 2782 734 2832 „Eu

87 2835 236 2873 stathius
265 2839 312 2876 ad
346 2840 483 2888 Odyss.
511 2840 622 2888 XIX,
651 2842 734 2882 439

87 2904 125 2943 p.
144 2893 225 2934 705
243 2892 336 2932 infra
347 2895 456 2934 Basil.
478 2898 591 2941 (conf.
602 2896 733 2934 Athen.

809 1504 845 1542 p.
858 1489 982 1538 402):
1013 1487 1056 1529 οἵ
1077 1485 1120 1528 δέ
1139 1499 1264 1539 φασιν
1276 1487 1464 1542 εἰρῆσθαι

809 1550 925 1595 σῦν,
957 1544 1011 1593 ὥς
1039 1544 1163 1585 οἱονεὶ
1193 1548 1293 1585 θῦν
1316 1543 1383 1586 τὸν
1407 1547 1463 1594 εἰς

807 1605 959 1643 θυσίαν
989 1597 1254 1651 εὐθετοῦντας
1283 1607 1324 1640 ut
1352 1604 1462 1652 igitur

808 1662 880 1707 σῦς
900 1661 1001 1709 (sus)
1028 1671 1050 1696 a
1068 1654 1190 1698 θύειν
1206 1672 1342 1698 nomen
1360 1660 1462 1698 inve-

805 1717 911 1755 nerit.
915 1718 941 1738 “
964 1715 1030 1753 Cr.

864 1822 987 1867 ἒπεαν
1009 1822 1145 1882 θύσῃ]
1184 1825 1267 1865 Scil.
1290 1823 1350 1873 τις
1377 1839 1407 1864 ε.
1436 1841 1457 1866 ο

806 1878 938 1923 θύων.
967 1883 1049 1920 Vid.
1070 1883 1104 1930 Ι,
1129 1884 1208 1924 132
1229 1882 1316 1932 ibiq.
1334 1882 1460 1920 laudd.

808 1940 876 1978 Cr.
902 1940 959 1976 hic
983 1940 1123 1977 confert
1158 1939 1236 1977 Ast.
1275 1939 1324 1976 ad
1365 1938 1458 1976 Plat.

804 1996 913 2034 Polit.
940 1995 973 2032 11
999 2009 1035 2045 p.
1056 1995 1151 2036 430.
1179 1991 1247 2034 τὸν
1266 1993 1459 2034 ἐπίπλοον

803 2052 971 2102 intelligit
988 2051 1203 2090 Latinorum
1222 2054 1402 2088 omentum.

861 2158 935 2203 ούκ
963 2159 1014 2202 ὄῖν
1037 2161 1091 2202 ἔτι
1115 2159 1347 2215 γευσαίατο]
1378 2161 1458 2199 Ob·-

806 2233 911 2258 serva
929 2220 1080 2270 optativi
1100 2220 1192 2267 vim,
1214 2219 1261 2256 de
1277 2231 1349 2268 qua
1359 2217 1457 2255 Mat-

802 2277 901 2314 thiae
920 2277 986 2313 Gr.
1004 2276 1069 2312 Gr.
1088 2288 1174 2326 pag.
1194 2278 1288 2317 977.
1334 2274 1457 2312 Verba

803 2328 881 2372 ’ὑπ’
898 2328 1111 2381 ἀσθενείης
1132 2331 1222 2383 βίον
1241 2332 1334 2368 bene
1347 2329 1456 2368 Wes-

804 2389 979 2438 selingius
1000 2388 1138 2426 reddit:
1160 2391 1301 2437 propter
1317 2391 1454 2435 egesta-

803 2449 870 2483 tem
891 2450 923 2483 et
941 2448 1056 2483 victus
1076 2446 1278 2482 tenuitatem
1291 2472 1302 2491 ,
1331 2446 1370 2480 ut
1389 2442 1453 2489 IV,

806 2502 898 2544 135.
944 2501 1050 2548 VIII,
1084 2501 1150 2542 51.
1214 2499 1316 2537 Idem
1352 2498 1455 2536 addit

805 2557 1003 2604 σταιτίνας
1025 2551 1073 2603 ὗς
1104 2556 1323 2605 (farinaceas
1350 2555 1453 2604 sues)

802 2615 859 2652 hic
876 2615 964 2665 poni
984 2612 1224 2651 sicutibovem
1235 2612 1454 2648 farinaceam

801 2671 839 2708 in
857 2671 1121 2720 Cyzicenorum
1145 2667 1255 2705 sacris
1284 2680 1343 2718 ap.
1366 2666 1454 2704 Plu-

802 2727 914 2765 tarch.
942 2725 1079 2764 Lucull.
1105 2724 1269 2775 (cp.‹10)
1300 2736 1337 2774 p.
1356 2721 1453 2770 498,

801 2781 847 2820 A.
876 2784 930 2820 Ac
947 2781 1098 2820 similem
1114 2793 1252 2818 morem
1268 2778 1453 2827 Schweig-

802 2838 978 2877 haeusero
1001 2841 1100 2875 teste
1118 2836 1239 2886 tangit
1258 2836 1391 2873 Suidas
1415 2834 1452 2871 in

791 2891 994 2947 ρ’λὶῧβδομος
1013 2895 1123 2946 βοῦς.

1092 2947 1180 2989 38*
