1759 3324
611 278 918 321 cL10.1.

1317 283 1403 324 353

142 396 375 452 „eremas-
421 390 477 435 σύ
503 390 654 446 μέντοι
681 389 741 446 μὴ
769 387 912 433 πάντα
949 392 1083 448 θυμῷ
1110 389 1244 448 κρέων
1295 390 1404 447 μηδὲ

142 473 306 528 »πόλιν
334 468 520 526 ἀρχαίην
546 467 866 525 ἐξαναστήσῃς,
906 466 1216 527 ἀναμάρτητον
1240 469 1459 514 ἐοῦσανἹΟ

113 557 169 606 4,,
180 553 252 597 καὶ
279 553 368 594 τῶν
393 548 632 606 πρότερον,
662 548 736 591 καὶ
765 551 853 592 τῶν
882 552 967 592 νῦν
988 547 1223 593 ἑστεώτων.
1250 549 1304 592 τὰ
1323 548 1402 605 μὲν

1008 627 1247 644 55555

137 713 229 767 ,,λῇ
256 706 477 764 ἀναμάξας
507 707 641 764 φέρω.
667 707 719 751 τα
743 709 789 751 δε
815 710 901 751 νῦν
920 705 1165 764 παρεόντα,
1196 706 1402 764 Πακτύης

133 788 250 846 »γάρ
279 787 368 832 ἐστι
406 784 431 830 ὁ
468 785 679 840 ἀδικέων,
731 791 793 845 τῷ
839 787 894 831 σὺ
933 786 1168 843 ἐπέτρεψας
1207 786 1399 842 Σάρδις,

110 862 310 921 5,,οὗτος
358 865 471 911 δότω
512 882 579 911 τοι
622 867 760 924 δίκην.
818 868 1006 931 Λνδοῖσι
1055 867 1101 911 δὲ
1141 863 1456 924 συγγνώμην75

134 947 302 1004 ,,ἐ’χων,
332 945 436 992 τάδε
465 943 638 991 αὐτοῖσι
667 945 889 999 ἐπίταξον,
923 945 982 999 ὣς
1006 945 1112 1004 μήτε
1135 944 1392 999 ἀποστέωσι,

137 1129 186 1172 συ
208 1130 342 1184 μέντοι
373 1128 428 1184 μὴ
457 1146 588 1172 παντα
612 1135 734 1188 θυμῷ

78 1188 200 1241 χρὲω,
249 1186 350 1240 μηδὲ
395 1184 515 1228 πόλιν
563 1184 731 1241 οἷοχαίην

78 1242 372 1315 ἐξαναστήσῃς]
403 1245 463 1282 Ad
479 1246 589 1283 verba
606 1247 732 1299 θυμω

79 1301 178 1354 χρὲω
206 1304 300 1340 conf.
327 1314 421 1351 quae
440 1302 592 1339 diximus
622 1304 670 1339 ad
700 1303 730 1349 Ι,

80 1361 162 1400 137
189 1371 232 1396 ac
255 1359 302 1396 de
331 1361 509 1396 structura
533 1358 732 1408 particulae

77 1412 136 1466 μή
171 1415 209 1452 in
236 1414 440 1452 huiusmodi
478 1414 567 1452 locis
596 1415 730 1452 Matth.

78 1472 144 1508 Gr.
166 1472 230 1508 Gr.
261 1469 297 1522 §.
320 1470 400 1512 511
433 1483 521 1522 pag.
537 1473 633 1513 972.
675 1492 732 1499 —

74 1526 212 1566 Verba:
242 1525 311 1566 καὶ
331 1541 413 1566 των
437 1524 640 1580 ποὸτερον,
662 1525 730 1567 καὶ

74 1598 156 1624 των
176 1599 252 1623 νυν
272 1583 470 1623 εστεωτων
492 1589 611 1623 verte:
639 1583 732 1635 quod

76 1642 204 1678 attinet
232 1640 280 1677 ad
303 1653 364 1689 ea,
396 1654 485 1691 quae
512 1643 616 1691 prius
646 1645 731 1678 acta

75 1701 157 1734 sunt
178 1700 210 1734 et
232 1710 319 1746 quae
339 1710 428 1734 nunc
449 1701 617 1747 aguntur.
645 1697 730 1736 Vid.

75 1752 209 1792 Matth.
229 1752 267 1803 §
286 1755 368 1795 339
386 1766 475 1804 pag
496 1753 590 1796 647.

130 1808 199 1848 καὶ
228 1807 303 1861 ἐγώ
328 1809 405 1864 ἐμῇ
431 1813 589 1866 κεφαλῇ
614 1803 734 1850 α’να-

76 1861 175 1918 μαξ
194 1881 249 1912 ας
289 1865 424 1917 φέρω]
473 1868 496 1904 i.
537 1881 568 1906 e.
607 1870 640 1904 et
670 1881 734 1917 ego

76 1935 149 1960 meo
173 1925 288 1973 capzte
303 1923 382 1972 cul]
385 1935 442 1961 am
459 1924 527 1961 luo.
566 1923 732 1961 Imitatus

74 1978 214 2017 Noster
246 1979 389 2017 videtur
421 1980 644 2028 Homerum,
690 1985 732 2018 ut

79 2035 144 2073 Cr.
163 2040 307 2084 monet,
333 2036 370 2073 in
390 2036 528 2085 odyss.
546 2037 658 2084 XIX,
674 2039 730 2079 92

76 2088 195 2141 (-ὃ
213 2094 266 2147 σῇ
290 2095 454 2160 κεφαλῃ
479 2088 728 2144 ἅναμεὲξεις).

73 2145 157 2186 Alia
172 2149 219 2187 de
238 2150 349 2187 verbo
376 2144 616 2200 οἷναματτειν
648 2150 727 2187 lau—

75 2205 140 2243 dat
169 2205 375 2244 Creuzerus
402 2207 451 2244 ad
477 2206 595 2244 Procli
616 2207 727 2244 Com

73 2265 198 2300 mentt.
220 2262 256 2299 in
272 2261 434 2300 Platonis
450 2261 630 2302 Alcibiad.
651 2263 699 2302 Τ.
712 2262 730 2302 Ι

72 2329 159 2369 pag.
177 2319 273 2360 300

129 2369 177 2413 τοὶ
204 2372 247 2414 δὲ
275 2376 353 2414 νῦν
380 2369 603 2428 παρεόντα,
644 2377 731 2415 Πα-

75 2443 197 2481 κτνης
217 2446 293 2483 γαρ
311 2431 390 2471 ἐστι
407 2431 432 2472 ό
452 2429 645 2481 ἀδικέων,
674 2433 731 2485 τῷ

79 2482 130 2525 συ
145 2501 181 2526 κ.
203 2501 234 2525 τ.
257 2490 289 2527 λ.
304 2490 318 2534 ]
363 2488 423 2527 De
447 2489 627 2539 particula
651 2504 728 2542 γαρ

77 2541 230 2581 vidimus
248 2545 297 2582 ad
312 2543 351 2592 Ι,
371 2547 411 2586 2.
440 2545 510 2584 Est
528 2546 624 2585 enim
643 2559 729 2584 sen-

79 2610 160 2636 sus:
189 2599 377 2649 „Pactyas
393 2614 534 2666 poenas
559 2603 627 2640 tibi
644 2603 728 2650 det3

79 2666 161 2692 nam
186 2655 246 2692 ille
277 2661 355 2705 est,
383 2658 446 2707 qui
471 2659 604 2697 iniuste
641 2659 730 2708 egit,

79 2710 143 2758 qui
165 2723 337 2760 praesens
364 2714 482 2752 scelus
512 2715 703 2753 commisit
705 2716 731 2735 ‘⁶

79 2766 158 2803 Sed
174 2767 286 2805 maior
307 2769 501 2809 difficultas
528 2772 568 2808 in
589 2786 635 2810 eo
659 2784 730 2822 po-

79 2821 152 2858 sita
171 2825 251 2869 est,
279 2826 378 2873 quod
390 2826 545 2876 Pactyas
562 2827 632 2865 hoc
649 2827 730 2865 loco

79 2877 305 2927 nominetur,
339 2882 395 2918 cui
420 2895 444 2920 a
462 2883 562 2932 Cyro
592 2884 731 2922 Sardes

80 2932 214 2970 suerint
242 2937 460 2989 permissae,
489 2939 599 2993 plane
627 2940 732 2980 aliter

125 2987 334 3032 Her-onor.
364 2991 393 3033 Ι.

800 1137 911 1183 atque
930 1132 968 1180 Ι,
992 1130 1096 1180 154,
1119 1132 1184 1170 ubi
1203 1131 1239 1170 T
1241 1131 1367 1170 abalus
1386 1135 1455 1179 est,

800 1203 910 1239 quem
953 1189 1130 1226 Sardibus
1168 1201 1234 1227 rex
1267 1188 1456 1238 praefecit,

799 1246 960 1295 Pactyae
994 1246 1079 1283 cura
1105 1245 1357 1283 thesaurorum
1388 1245 1453 1282 de-

798 1302 984 1340 mandata.
1050 1301 1206 1350 Itaque,
1247 1314 1295 1338 ne
1333 1300 1456 1338 Hero-

800 1359 909 1396 dotus
939 1358 1010 1395 sibi
1041 1357 1123 1408 ipse
1153 1356 1334 1395 contraria
1367 1369 1456 1407 pro-

799 1415 968 1452 nuntiare
992 1418 1204 1462 censeatur,
1253 1412 1457 1451 wesselin-

799 1472 882 1520 gius
906 1471 943 1507 in
962 1483 1042 1508 eam
1053 1471 1178 1508 incidit
1197 1469 1454 1520 suspicionem,

797 1532 839 1565 ut
865 1527 914 1564 ad
937 1522 1109 1566 οἷδικέων
1138 1528 1350 1564 adsumatur
1364 1527 1456 1565 τοῦ-

799 1599 869 1624 τον
889 1598 919 1621 s.
939 1583 1093 1624 ἐκεῖνον
1115 1583 1210 1633 (scil.
1231 1579 1302 1623 τόν
1328 1577 1456 1634 Τάβα-

797 1642 902 1689 λον),
929 1641 999 1678 hoc
1027 1642 1105 1678 sere
1137 1653 1266 1678 sensu:
1297 1638 1457 1690 Pactyas

797 1699 830 1735 is
853 1700 915 1746 est,
946 1699 1008 1748 qui
1027 1696 1175 1746 offendit
1195 1707 1272 1733 eum
1291 1695 1361 1745 (sc.
1375 1696 1412 1734 T
1413 1709 1456 1733 a-

796 1754 963 1804 balum)‚
992 1755 1053 1790 cui
1079 1757 1121 1790 tu.
1151 1752 1284 1790 Sardes
1313 1754 1456 1789 commi-

798 1812 889 1848 sisti.
957 1810 1065 1854 Quae
1100 1809 1285 1847 sententia
1325 1809 1456 1847 merito

797 1865 1456 1916 frigidavideturSchweighaeusero,-

799 1925 863 1974 qui
884 1924 964 1973 ipse
980 1922 1080 1960 malit
1100 1922 1227 1971 fateri,
1256 1922 1374 1959 minus
1394 1934 1457 1959 ac-

798 1985 923 2018 curate
951 1980 1009 2016 hic
1033 1979 1244 2028 loquentem
1273 1979 1455 2016 Croesum

796 2037 927 2075 fecisse
957 2036 1210 2083 Herodotum,
1256 2035 1327 2072 nisi
1358 2036 1455 2072 forte

796 2092 962 2131 consulto
991 2092 1042 2129 ita
1075 2093 1254 2130 dicentem
1273 2091 1454 2129 Croesum

795 2149 938 2188 Noster
965 2148 1160 2186 induxerit.

854 2202 950 2245 τάδε
977 2200 1133 2244 αὐτοῖσι
1164 2202 1369 2252 ἐπίταξον,
1400 2202 1456 2252 ὦς

799 2257 899 2314 μήτε
919 2257 1142 2302 οἷποστέωσι
1159 2276 1194 2300 κ.
1209 2275 1244 2301 τ.
1265 2261 1315 2312 λ.]
1348 2261 1455 2305 Quae

798 2319 856 2357 hic
882 2320 929 2357 de
957 2318 1076 2368 Lydis
1105 2324 1379 2369 proponuntur,
1408 2318 1453 2355 iis

797 2376 928 2414 men‘to
945 2376 1083 2413 attendi
1106 2375 1208 2412 iubet
1225 2375 1386 2412 Heeren.
1417 2374 1456 2412 in

797 2433 912 2471 Ideen
930 2432 969 2479 Ι,
989 2434 1011 2473 1
1032 2444 1119 2482 pag.
1143 2431 1239 2472 407.
1269 2431 1338 2468 Est
1358 2431 1455 2468 enim

796 2489 867 2527 hoc
903 2488 1049 2525 omnino
1088 2501 1215 2526 eorum
1254 2487 1454 2535 consilium,

799 2546 883 2595 qui,
912 2545 1107 2595 imperium
1133 2556 1241 2582 suum
1261 2543 1373 2593 longe
1400 2543 1456 2582 la.-

796 2605 907 2652 teque
936 2605 1182 2652 propagatum
1213 2613 1286 2650 quo
1327 2599 1455 2638 melius

796 2662 967 2696 tueantur
978 2687 989 2705 ,
1018 2657 1184 2695 subditas
1205 2661 1335 2706 gentes
1352 2656 1456 2693 luxu-

796 2715 852 2752 ria
893 2715 1124 2761 diffluentes,
1165 2717 1356 2752 enervatas
1371 2742 1383 2761 ‚
1415 2726 1457 2751 e-

797 2770 955 2808 mollitas
987 2770 1169 2818 reddunt,
1216 2782 1264 2808 ne
1294 2781 1455 2819 unquam

796 2828 924 2876 iugum
950 2826 1160 2877 impositum
1193 2826 1351 2863 abiicere
1374 2829 1455 2863 ten-

796 2887 897 2931 tent,
925 2895 1020 2920 neve
1044 2882 1157 2919 ullum
1182 2895 1334 2932 prorsus
1356 2881 1456 2931 peri-

798 2939 916 2979 culum
935 2939 1022 2978 inde
1036 2938 1178 3033 victo2ri3
1185 2938 1232 2976 sit
1241 2938 1452 2977 timendum.
