1805 3315
326 253 357 292 6
732 245 1198 287 HERODOTI

327 359 538 415 Ἐρυθρῆς
557 355 819 413 καλεομένης
838 353 1065 411 θαλάσσης
1086 352 1378 411 ἀπικομένους
1395 354 1465 399 ἐπὶ
1483 353 1612 412 τήνδε

330 438 411 496 τὴν
427 436 675 487 θάλασσαν,
704 436 776 479 καὶ
799 433 1058 490 οἰκήσαντας
1070 435 1230 476 τοῦτον
1257 433 1334 476 τὸν
1361 438 1507 491 χῶρον
1535 434 1612 479 τὸν

333 517 408 562 καὶ
433 519 516 560 νῦν
542 513 757 566 οἰκέουσι,
787 511 942 558 αὐτίκα
969 513 1217 568 ναυτιλίῃσι
1243 517 1435 568 μακρῇσι
1472 513 1614 557 ἐπιθέ-

335 601 465 640 σθαι·
502 591 813 650 ἀπαγινέοντας
848 593 894 638 6²0-
924 594 1085 650 φορτία
1112 589 1328 647 Αἰγύπτιά
1357 607 1401 635 τε
1427 593 1501 636 καὶ
1523 591 1615 636 Ἀσ-

311 672 488 728 3σύρια,
527 675 581 729 τῇ
608 688 654 716 τε
682 671 791 730 ἄλλῃ
818 672 934 729 χώρῃ
964 671 1318 724 ἐσαπικνέεσθαι,
1347 670 1422 714 καὶ
1451 670 1504 727 δὴ
1539 671 1660 717 καὶ15

333 753 377 804 ἐς
391 750 560 808 Ἄργος.

626 751 685 796 Τὸ
715 751 762 796 δὲ
778 750 934 808 ’Ἁργος
961 755 1121 796 τοῦτον
1149 750 1227 794 τὸν
1256 748 1418 806 χρόνον
1446 755 1616 806 προεῖχε

333 831 469 876 ἅπασι
501 833 591 876 τῶν
618 830 667 876 ἐν
693 834 748 888 τῇ
773 835 858 876 νῦν
881 829 1051 875 Ἑλλάδι
1079 828 1316 887 καλεομένῃ
1342 827 1476 886 χώρῃ.
1504 827 1617 872 ’Λπι-

289 982 412 1020 Juillet
439 995 475 1032 p.
509 980 590 1022 405
619 993 696 1030 seq.
723 980 810 1029 ibiq.
845 980 944 1018 laud

291 1039 383 1077 Plin.
403 1038 452 1075 H.
471 1037 519 1075 N.
538 1037 601 1085 VI,
631 1039 685 1080 23
707 1050 744 1087 p.
764 1037 944 1085 327ibiq.

292 1095 469 1134 Harduin.
506 1093 683 1132 Videlicet
712 1093 749 1130 in
779 1093 838 1130 illo
861 1092 945 1130 Ale-

291 1151 429 1193 xandri
464 1150 650 1202 itinerario
691 1149 778 1186 illud
813 1162 947 1186 nomen

292 1208 451 1259 primum
489 1206 625 1244 diserte
670 1206 822 1243 inditum
856 1206 948 1243 mari

294 1263 508 1312 Erythraeo·
512 1263 537 1282 ‘⁶

350 1313 618 1369 ἀπικομένους
643 1314 708 1357 ἐπὶ
732 1311 852 1367 τήνδε
876 1313 951 1367 τήν

293 1371 527 1420 θαλασσαν]
575 1373 695 1412 Hocce
740 1385 833 1410 mare
870 1373 951 1410 No-

294 1436 372 1469 stro
392 1432 521 1468 dicitur
536 1443 636 1468 mare
654 1428 949 1467 mediterraneam.

294 1488 552 1539 Exposuerlmt
618 1486 949 1535 Schweighaeuser.

295 1546 344 1582 ad
366 1543 522 1594 Appian.
541 1542 710 1580 Prooem.
742 1542 770 1579 Ι.
798 1541 878 1579 Vol.
903 1541 954 1579 ΠΙ

294 1614 332 1652 p
364 1603 465 1647 110,
504 1603 540 1637 et
576 1598 659 1646 alii,
702 1611 794 1647 quos
829 1598 954 1635 laudat

295 1655 551 1705 Wyttenbach.
608 1654 753 1692 Selectt.
810 1654 952 1692 Histor.

294 1712 446 1778 1).345.

352 1762 495 1806 αὐτίκα
534 1765 757 1819 ναυτιλίῃσι
791 1767 951 1820 μακρῇ-

299 1837 364 1864 σιν
385 1820 706 1868 επιθεσθαι]
737 1823 759 1859 i.
780 1835 811 1859 e.
850 1835 953 1869 ,-con

298 1884 398 1919 tinuo
425 1879 714 1928 navigationibus
753 1851 954 1929 longinquis

301 1949 436 1988 opewm
462 1935 642 1983 dedissef‘
666 1939 706 1972 ut
725 1939 822 1972 recte
842 1935 954 1972 inter-

299 1997 462 2045 pretatur
501 1991 703 2040 Schweigh.
753 1991 859 2034 Quae
895 2004 954 2028 se-

301 2052 459 2100 quuntur
475 2049 587 2086 verba
615 2043 899 2115 απαγινέοντας
916 2044 958 2086 δὲ

303 2105 449 2171 φορτία
469 2099 675 2156 Αἰγυπτια
700 2117 741 2143 τε
774 2103 841 2143 καὶ
873 2099 958 2142 Ἀσ-

304 2157 447 2213 σύρια,
487 2160 575 2197 satis
608 2160 812 2207 declarant,
851 2172 961 2209 quam

304 2222 444 2256 mature
460 2217 532 2253 iam
561 2215 760 2254 Phoenices
790 2220 826 2253 et
846 2215 961 2264 Assy-

305 2274 394 2310 riam
422 2277 457 2310 et
485 2271 695 2322 Aegyptum
724 2272 959 2321 cognoverint

305 2335 415 2378 atque
433 2329 684 2368 commercium
705 2342 786 2365 cum
806 2329 860 2365 his
884 2332 959 2365 ter-

305 2386 354 2423 ris
380 2385 609 2422 instituerint.
679 2385 820 2429 Quibus
851 2384 960 2423 etiam

306 2441 529 2489 Babylonem
565 2441 873 2479 adnumerandam
903 2453 961 2477 es-

308 2511 373 2543 se,
412 2500 566 2533 testatur
596 2501 674 2534 tum
713 2497 828 2547 ipsius
864 2496 962 2533 vocis

308 2566 396 2589 usus
438 2552 493 2589 vel
533 2553 654 2602 potius
681 2553 845 2590 confusio
888 2552 963 2600 (de

311 2621 383 2657 qua
400 2609 443 2645 cf.
462 2611 536 2644 not.
555 2609 603 2645 ad
619 2608 658 2656 Ι,
687 2610 785 2657 192)
802 2614 879 2646 tum
906 2621 964 2645 sa-

315 2676 375 2700 cra
417 2663 612 2712 scriptura,
658 2664 711 2701 ita
744 2669 782 2701 ut
822 2665 966 2714 praeci-

315 2732 426 2770 puum
459 2718 678 2757 Phoenicum
712 2721 966 2758 commercium

317 2787 396 2812 cum
429 2774 615 2823 Babylone
639 2775 755 2814 fuisse
788 2776 864 2814 iure
896 2789 966 2826 po-

317 2835 380 2867 nat
398 2831 554 2868 Heeren.
582 2830 693 2869 ldeen
714 2831 743 2879 Ι,
769 2835 796 2873 2
820 2845 857 2882 p.
886 2830 966 2873 125

317 2899 398 2936 sqq.
415 2886 490 2925 coll.
519 2887 609 2928 118.

1055 993 1099 1019 το
1143 976 1187 1019 δὲ
1215 975 1364 1031 ’Ἄργος
1408 1000 1465 1008 -
1501 982 1659 1031 προεῖχε

1002 1047 1128 1075 απασι
1153 1037 1233 1074 τῶν
1262 1035 1305 1075 ἐν
1335 1037 1386 1090 τῇ
1404 1037 1482 1074 νῦν
1502 1033 1660 1076 Ἑλλάδι

1001 1090 1219 1146 καλεομένῃ
1246 1087 1370 1143 χώρῃ]
1402 1092 1426 1128 i.
1445 1106 1477 1130 e.
1506 1093 1659 1141 „Argos

1002 1162 1083 1186 vero
1116 1169 1172 1176 —-
1200 1148 1354 1184 omnibus
1388 1147 1489 1184 rebus
1514 1151 1660 1186 eminuit

1002 1208 1095 1244 inter
1133 1205 1233 1241 urbes
1277 1217 1352 1240 eius
1395 1207 1526 1252 terrae,
1573 1218 1662 1256 quae

1006 1274 1098 1299 nunc
1126 1262 1278 1299 Gsraecza
1305 1260 1512 1310 appellatur.
1522 1262 1547 1281 “
1584 1262 1661 1300 Ubi

1007 1319 1056 1355 ad
1072 1332 1153 1356 των
1174 1329 1218 1355 ex
1235 1317 1439 1354 sententiae
1454 1330 1550 1355 nexu
1572 1331 1662 1369 sup-

1005 1375 1179 1426 plendum
1203 1368 1380 1420 πόλεων,
1417 1373 1550 1422 quod
1540 1387 1662 1424 ipsum

1006 1431 1148 1468 addidit
1166 1429 1331 1467 Eustath.
1356 1429 1405 1466 ad
1419 1430 1575 1478 Dionys.
1590 1429 1663 1467 Pe-

1005 1487 1096 1535 rieg.
1132 1500 1169 1537 p.
1197 1488 1273 1533 76,
1311 1486 1333 1525 1
1371 1489 1408 1522 et
1443 1481 1568 1524 απασι
1593 1498 1662 1537 pro

1010 1544 1132 1580 dativo
1173 1542 1225 1580 rei
1270 1541 1543 1591 accipiendum,
1589 1540 1664 1592 qua

1009 1599 1146 1636 scilicet
1168 1598 1300 1634 haecce
1326 1598 1413 1634 urbs
1448 1598 1664 1636 excelluerit.

1007 1654 1091 1692 Vid.
1109 1654 1239 1691 Matth.
1258 1654 1323 1689 Gr.
1349 1653 1415 1690 Gr.
1434 1653 1471 1705 ς.
1493 1653 1597 1702 400,
1622 1656 1663 1695 7.

1007 1723 1044 1762 p.
1088 1712 1171 1751 732
1221 1713 1277 1756 et,
1321 1721 1430 1757 quem
1478 1709 1542 1747 Cr.
1587 1710 1666 1748 lau-

1008 1768 1094 1814 dat,
1156 1765 1400 1803 Wunderlich.
1455 1766 1666 1805 observatt.

1008 1821 1186 1870 Aeschy.ll
1212 1835 1252 1891 p
1279 1820 1344 1862 75.
1375 1822 1450 1865 Qui
1471 1823 1570 1860 idem
1599 1822 1665 1860 Cr.

1009 1880 1059 1917 ad
1078 1877 1223 1916 verba’
1206 1892 1248 1917 εν
1260 1880 1310 1944 τῇ
1330 1880 1404 1917 νῦν
1423 1874 1581 1918 Ἑλλαδι
1597 1893 1665 1917 κα-

1010 1933 1176 1989 λεομένῃ
1215 1929 1322 1988 χώρῃ
1355 1939 1543 1986 comparat
1562 1934 1668 1972 Thu-

1012 1992 1091 2040 cyd.
1118 1991 1155 2039 Ι,
1186 1994 1212 2032 2
1243 1991 1425 2039 φαίνεται
1444 2005 1519 2044 γαρ
1537 1988 1567 2044 ἦ
1590 1992 1668 2030 νῦν

1011 2044 1147 2094 Ἑλλας
1166 2045 1398 2099 καλεομένη.

1067 2161 1117 2228 τῇ
1164 2173 1206 2198 τε
1243 2156 1340 2212 &mn
1383 2154 1496 2214 χώρη
1535 2157 1676 2198 ε’σαπιέ

1013 2213 1224 2262 κνέεσθαι]
1263 2216 1380 2252 Hoc
1371 2228 1410 2251 in
1435 2216 1516 2252 loco
1543 2215 1670 2253 vocula

1014 2268 1123 2325 χώρῃ
1150 2285 1196 2308 au
1199 2272 1364 2308 ctoritate
1387 2273 1469 2309 cod.-
1493 2271 1577 2308 Par.
1604 2272 1671 2309 de-

1015 2329 1124 2366 lenda
1140 2329 1282 2366 videtur
1308 2327 1504 2366 Schaefero
1531 2328 1580 2364 ad
1593 2328 1672 2366 De-

1015 2384 1148 2422 mosth.
1174 2384 1223 2422 T.
1246 2384 1281 2421 II
1317 2397 1353 2433 p.
1375 2384 1454 2426 165
1481 2384 1528 2421 ob
1553 2384 1671 2421 locum

1017 2441 1173 2478 similem
1198 2440 1270 2487 Ill,
1297 2441 1362 2481 61.
1400 2441 1516 2477 Addit
1539 2439 1672 2477 Matth.

1016 2497 1071 2544 II,
1099 2499 1200 2544 116,
1237 2497 1298 2545 qui
1332 2496 1431 2534 idem
1466 2497 1504 2533 in
1539 2496 1672 2533 Gram-

1019 2556 1104 2590 mat.
1131 2551 1168 2604 §.
1196 2551 1300 2599 402,
1336 2565 1365 2588 c.
1390 2566 1427 2602 p.
1461 2553 1544 2592 736
1579 2552 1674 2589 hunc

1018 2609 1136 2646 locum
1174 2608 1300 2645 laudat
1339 2607 1388 2644 ob
1422 2607 1533 2645 dativi
1568 2620 1671 2645 usum

1020 2669 1107 2716 post
1128 2665 1239 2702 verba
1265 2677 1344 2702 cum
1372 2663 1430 2712 εἷς
1458 2664 1672 2714 composita.

1021 2720 1102 2759 Nos
1138 2720 1240 2758 libris
1273 2719 1395 2757 invitis
1430 2719 1519 2757 nihil
1554 2723 1674 2758 muta-

1022 2777 1150 2815 vimus.

1079 2881 1344 2939 ἀπικομένους
1381 2883 1424 2926 δὲ
1454 2883 1546 2934 τοῦς
1580 2885 1673 2927 Φοί-
