1796 3315
628 275 935 316 cL10.1.

1333 277 1419 318 323

156 408 228 437 ται
257 386 551 436 τοῖσιὸἷλλοισι
573 387 794 443 Πέρσῃσι·
826 384 936 441 φασὶ
965 384 1012 428 δέ
1045 400 1122 440 μιν
1151 384 1195 436 ἐς
1221 383 1301 429 τόν
1327 384 1418 443 ἤλι.

127 477 216 515 3ον
246 466 494 526 ἁμαρτόντα
528 482 593 518 τι,
649 469 788 509 ταῦτα
826 464 947 521 ἔχειν.
1005 463 1150 517 ξεῖνον
1187 463 1234 508 δὲ
1262 461 1418 516 πάντα,

155 549 234 594 τόν
261 545 592 604 λαμβανόμενον
619 542 709 589 ὑπὸ
749 541 942 597 τούτων,
991 543 1146 587 πολλοὶ
1184 543 1259 588 καὶ
1298 541 1419 588 έλαύ-

157 639 280 671 νουσι
310 625 356 670 ἐκ
385 629 461 682 τῆς
494 622 661 682 χώρης·

719 624 796 670 καὶ
830 622 909 675 τὰς
945 621 1103 675 λευκάς
1137 621 1475 680 περιστερὰς,30

127 704 238 763 4τήν
264 702 405 762 αὐτήν
435 706 576 761 αἰτίην
604 702 894 760 ἐπιφέροντες.
925 701 993 754 Ἐς
1021 702 1220 759 ποταμὸν
1249 703 1296 746 δὲ
1325 701 1421 747 οὔτε

153 783 432 839 ἐνουρέουσι,
465 783 565 828 οὔτε
595 782 857 840 ἐμπτύουσι,
887 781 941 826 οὐ
967 788 1112 839 χεῖρας
1142 783 1419 835 ἐναπονίζον-

152 880 246 915 ται,
278 861 382 908 οὐδὲ
412 862 548 907 ἄλλον
575 861 736 908 οὐδένα
764 862 1044 917 περιορέωσι,
1077 860 1186 905 ἄλλα
1217 862 1419 918 σέβονται

32 946 129 995 139
151 942 378 999 ποταμούς
406 941 605 999 μάλιστα.
662 943 751 987 Καὶ
786 941 885 987 τόδε
925 941 1151 997 ἄλλο,σφι
1189 935 1273 985 ὦδε
1311 952 1415 998 συμ-

149 1022 344 1067 πέπτωκε
370 1024 594 1079 γίνεσθαι,
639 1023 689 1070 τό
721 1022 893 1078 Πέρσας
929 1020 1010 1078 μὲν
1050 1019 1212 1073 αὐτούς
1247 1014 1538 1078 λέληθε,35“’“

97 1187 307 1238 perhibetur
329 1184 482 1236 epistola
510 1185 638 1236 prima.
674 1184 751 1223 De-

97 1243 163 1280 lios
194 1243 316 1280 scribit
340 1242 401 1280 ille
431 1246 583 1293 propter
611 1240 752 1292 Apolli-

95 1300 151 1338 nis
167 1299 257 1337 iram
276 1299 426 1337 affectos
445 1311 526 1336 esse
546 1298 674 1335 morbo
686 1311 754 1363 pe-

99 1356 257 1402 stilenti,
287 1355 325 1392 in
345 1367 417 1404 quo
447 1350 530 1403 „w'
549 1351 621 1405 μὲν
643 1349 748 1407 πρό-

95 1423 211 1452 σωπα
238 1383 480 1462 ἐπίμπλαντο
508 1406 651 1461 λεύκης
681 1408 750 1449 καὶ

95 1483 168 1516 τας
190 1468 324 1520 τρίχας
346 1465 479 1506 λευκοὶ
500 1465 719 1519 gylvovvof‘

152 1523 219 1563 καὶ
250 1540 320 1571 τας
337 1521 479 1570 λευκας
501 1519 745 1576 περιστερας]

94 1581 199 1620 Haec
218 1581 327 1630 vulgo
356 1582 403 1619 de
431 1580 521 1617 albas
540 1580 748 1630 intelligunt

95 1638 282 1684 columbis,
309 1650 399 1686 quas
417 1641 569 1688 propter
589 1636 660 1674 albi
686 1650 748 1674 co-

95 1692 182 1732 loris
202 1692 469 1731 similitudinem
482 1707 560 1731 cum
573 1693 750 1741 vitiligine

96 1750 362 1797 laborantibus,
418 1762 571 1799 quorum
614 1750 752 1800 pallida.

97 1807 206 1844 facies
223 1810 332 1855 atque
348 1805 533 1844 albescens
547 1836 557 1854 ,
570 1805 750 1844 eiecerint.

96 1860 229 1900 Album
256 1863 351 1900 enim
379 1862 535 1900 colorem
551 1862 670 1900 Persis
695 1863 751 1900 in-

96 1920 211 1956 visum
227 1918 403 1955 dictitant.
416 1940 472 1946 -
487 1919 564 1956 Sed
588 1919 750 1956 omnium

97 1975 361 2012 sanctissimum
371 1974 493 2012 Persis
510 1975 636 2013 haberi
655 1975 750 2013 hunc

96 2031 274 2079 colorem,
315 2031 377 2081 qui
409 2031 662 2080 innocentiae,
693 2031 750 2069 in-

96 2088 275 2137 tegritatis
295 2088 463 2137 adeoque
488 2088 635 2139 pietatis
654 2088 749 2125 indi-

96 2144 192 2182 cium
219 2144 289 2192 sit,
321 2145 458 2196 optime
487 2149 749 2183 commonstra-

97 2200 148 2238 vit
165 2200 352 2239 Hammer.
377 2201 416 2239 in
431 2201 582 2240 Wiener
596 2201 748 2239 Jahrbb.

97 2255 151 2294 IX
171 2268 256 2308 pag.
280 2259 344 2299 17.
367 2260 431 2300 18.
487 2257 600 2296 Unde
621 2270 751 2296 conse-

98 2325 214 2363 quens
231 2318 307 2362 est,
335 2313 395 2352 hic
410 2327 486 2352 non
509 2315 557 2353 de
583 2314 675 2352 albis
690 2327 752 2353 co-

99 2366 226 2407 lumbis
253 2382 457 2409 sermonem
479 2371 658 2419 institui2,-
685 2371 754 2409 sed

100 2424 149 2462 de
184 2425 348 2464 columbis
393 2431 427 2465 et
460 2429 548 2478 ipsis
588 2427 754 2479 leprosis,

105 2492 195 2531 quas
214 2483 350 2533 pariter
374 2488 484 2534 atque
508 2484 675 2522 homines
701 2483 754 2522 le-

101 2548 229 2587 prosos
260 2551 282 2577 a
309 2552 349 2577 se
385 2544 542 2579 remotas
573 2539 755 2578 voluerint

102 2590 247 2633 Persae.
302 2595 412 2633 Plura
431 2597 618 2635 Hammer.
639 2595 662 2633 l.
679 2596 703 2634 l.

159 2645 234 2700 τὴν
257 2646 382 2702 αὐτην
397 2652 560 2704 αἰτίην’
543 2651 753 2704 ἐπιφέρον-

105 2702 190 2755 τες]
219 2705 326 2745 conf.
345 2708 467 2756 1,26
493 2710 541 2747 de
561 2709 756 2748 locutione.

106 2779 164 2788 --
191 2760 235 2798 In
259 2765 421 2813 proxime
458 2766 756 2804 antecedentibus

106 2815 237 2853 retinui
272 2820 465 2861 πολλοὶ
498 2820 583 2861 καὶ
615 2817 758 2861 ἐλαύ-

108 2884 134 2910 ν
146 2884 203 2910 ου
216 2882 239 2911 o·
251 2887 266 2912 ι
291 2887 358 2925 pro
381 2877 529 2926 vulgata
539 2876 679 2918 πολλοὶ
694 2877 757 2925 ἐξ·

111 2922 346 2981 ελαύνουσι,
367 2933 464 2971 cuius
479 2933 560 2972 loco
584 2934 656 2972 alia
673 2947 761 2986 pro-

819 1183 942 1235 posuit
957 1182 1130 1222 Reiskius
1142 1213 1154 1231 ‚
1176 1183 1235 1221 vix
1252 1196 1474 1221 commemo-

818 1241 946 1278 randa.
1004 1239 1084 1278 Nec
1100 1240 1251 1277 aliorum
1270 1245 1475 1279 commenta

818 1299 955 1335 referre
975 1296 1115 1347 placet,
1144 1297 1205 1334 ubi
1222 1296 1395 1335 librorum
1410 1310 1474 1335 ve·-

817 1358 997 1390 tustorum
1018 1352 1211 1390 lectionem
1229 1365 1288 1391 me
1311 1358 1475 1391 secutum

818 1423 920 1457 esse,
949 1409 1127 1448 indicasse
1145 1410 1233 1447 satis
1254 1409 1333 1447 erit.
1364 1409 1475 1448 Conf.

816 1467 990 1504 Creuzer.
1027 1466 1076 1504 ad
1120 1466 1265 1503 historr.
1303 1467 1476 1515 fragmm.

815 1536 901 1574 pag.
936 1524 1029 1564 106.
1103 1520 1235 1573 Nuper
1275 1523 1474 1561 admodum

814 1581 989 1629 Stegerus
1018 1578 1199 1627 (Praesat.
1223 1579 1272 1616 ad
1291 1579 1474 1617 Herodot.

815 1649 902 1687 pag.
920 1637 975 1685 X)
1005 1636 1177 1674 coniecit:
1207 1637 1336 1689 πολλῇ
1356 1650 1476 1688 κραυ-

815 1695 870 1747 γῇ
897 1692 951 1740 (i.
981 1705 1013 1730 e.
1052 1692 1161 1729 multo
1190 1692 1358 1739 clamore,
1401 1705 1476 1742 quo

817 1749 891 1786 scil.
932 1752 1141 1786 occurentes
1175 1749 1352 1786 admoniti
1406 1749 1476 1786 sibi

817 1809 970 1843 caveant
998 1817 1020 1841 a
1047 1806 1222 1855 pestifero
1249 1805 1391 1842 illorum
1420 1808 1477 1842 ta-

818 1863 896 1911 ctu)
923 1855 1135 1902 ἐλαύνουσι
1165 1860 1209 1901 ἐκ
1237 1863 1309 1912 τῆς
1329 1856 1475 1913 χώρης.

873 1917 915 1965 ἐς
934 1914 1117 1969 ποταμόν
1140 1915 1185 1957 δὲ
1210 1915 1300 1958 οὔτε
1319 1915 1476 1970 ἐνουρέ-

819 1986 931 2022 ουσι,
963 1971 1056 2014 οὔτε
1077 1970 1296 2026 ἐμπτύουσι
1312 1989 1349 2013 κ.
1368 1990 1401 2013 τ.
1421 1977 1473 2021 λ.]

814 2029 1024 2069 Admodum
1047 2035 1225 2080 negantes
1252 2030 1311 2068 hic
1335 2032 1478 2068 variant

815 2088 1033 2139 particulae:
1065 2085 1222 2127 οὕτε-
1242 2084 1333 2126 οὔτε
1351 2108 1403 2115 -—-
1427 2082 1478 2127 οὔ

815 2166 872 2172 --
894 2139 1008 2192 ου’δὲ,
1049 2145 1151 2194 quod
1196 2144 1317 2194 ipsum
1347 2143 1478 2182 fortius

818 2205 944 2251 negat.
974 2200 1036 2238 Tu
1049 2200 1184 2238 consul.
1196 2200 1328 2238 Matth.
1344 2198 1381 2251 §-
1392 2203 1477 2242 609

817 2270 904 2310 pag.
948 2257 1070 2299 1225.
1109 2279 1166 2309 ——,
1198 2257 1295 2295 Cum
1328 2261 1480 2295 recentt.

820 2315 906 2353 edd.
949 2313 1076 2365 scripsi
1109 2312 1365 2366 περιορέωσι,
1402 2317 1481 2351 tum

823 2370 923 2408 libris
958 2371 1101 2421 scriptis
1133 2371 1204 2408 hoc
1241 2370 1320 2408 loco
1344 2370 1482 2420 proba-

820 2431 920 2474 tum,
968 2431 1047 2464 tum
1087 2427 1254 2465 similium
1281 2427 1480 2464 formarum

822 2482 1019 2534 exemplis,
1050 2487 1090 2520 ut
1108 2483 1147 2532 Ι,
1167 2486 1223 2526 99
1254 2480 1418 2534 ὁρέωσι,·
1446 2482 1480 2529 Ι,

824 2539 906 2582 124
940 2537 1155 2591 ἐπορέωσι,·
1195 2539 1233 2588 I,
1262 2542 1317 2581 96
1355 2535 1482 2591 μνεῶ-

823 2610 954 2648 μενος.
976 2616 1026 2623 —-
1046 2595 1106 2633 Ad
1124 2600 1380 2646 argumentum
1409 2595 1480 2633 loci

822 2653 958 2691 faciunt
992 2652 1144 2691 aliorum
1180 2652 1391 2691 testimonia
1433 2653 1482 2691 de

823 2710 1011 2747 fluminum
1036 2709 1133 2748 cultu
1153 2708 1305 2759 aliisque
1331 2721 1376 2747 eo
1395 2722 1481 2759 spe-

823 2766 1027 2813 ctantibus,
1069 2767 1170 2817 apud
1204 2765 1368 2803 Brisson.
1398 2764 1423 2802 l.
1457 2764 1481 2801 l.

824 2821 860 2860 ΙΙ
889 2820 928 2873 §.
950 2825 1007 2865 22
1028 2834 1132 2872 seqq.

971 2878 1088 2928 Cap.
1120 2877 1331 2915 CXXXIX.

881 2930 928 2975 vd
955 2932 1114 2986 Πέρσας
1142 2930 1214 2983 μὲν
1247 2928 1394 2980 αὐτούς
1422 2929 1482 2972 λέ-

1116 2990 1171 3030 21
1192 2989 1211 3011 ⁸

1472 938 1601 967 Nomina
1652 940 1752 968 omnia

1471 972 1614 1003 desinere
1630 973 1663 1002 in
1671 974 1753 1003 litto-
