1759 3324
361 248 445 289 592

752 245 1235 288 HERODOTI

331 357 565 414 4σὲβονται
595 358 641 402 δὲ
676 356 841 410 πάντας
875 356 977 408 τούς
1012 354 1137 412 αἶγας
1167 357 1210 400 οῖ
1249 354 1520 412 Μενδήσιοι,
1547 352 1622 398 καὶ

360 442 528 493 μᾶλλον
555 436 661 487 τούς
702 437 879 492 ἔρσενας
916 439 1005 479 τῶν
1035 435 1231 491 θηλέων,
1280 435 1353 478 καὶ
1381 432 1549 476 τούτων
1579 432 1622 474 οἰ

362 515 535 560 αἰπόλοι
562 514 687 570 τιμὰς
716 514 895 568 μέζονας
924 514 1091 570 ἔχουσι·
1122 514 1169 558 ἐκ
1199 515 1244 558 δὲ
1263 512 1434 558 τούτων
1459 509 1519 562 εἷς
1538 508 1622 566 μοί-

360 599 510 646 λιστα,
553 594 669 644 ὅστις
707 592 838 636 ἐπεάν
878 590 1109 648 ἀποθάνῃ,
1167 593 1333 643 πένθος
1361 591 1469 649 μέγα
1496 589 1624 633 παντὶ

333 677 425 730 5τςό
459 673 692 727 Μενδησίῳ
721 674 844 730 νομῷ
873 672 1051 715 τίθεται.
1090 670 1285 715 καλέεται
1315 671 1361 715 δὲ
1391 669 1416 714 ὅ
1444 685 1489 713 τε
1517 667 1622 723 τρά-
1634 674 1678 709 15

360 768 439 807 γος
468 751 542 794 καὶ
571 749 594 793 ὁ
627 747 729 792 Πάν
758 749 1034 805 Αἰγυπτιστὶ,
1064 749 1255 806 Μένδης.
1302 749 1468 805 ἐγένετο
1500 745 1540 791 δ’
1575 746 1622 790 ἐν

359 833 420 885 τῷ
448 832 572 885 νομῷ
600 826 741 885 τούτῳ
771 825 842 871 ἐπ’

358 1030 512 1080 πάντας
520 1030 614 1082 τούς
626 1029 755 1086 αἶγας]
783 1032 846 1072 Cr.
864 1034 959 1071 conf.

304 1091 492 1129 Villoison.
502 1092 550 1128 ad
563 1091 728 1142 Apollon.
744 1090 832 1128 Lex.
846 1091 956 1127 Hom.

303 1160 390 1199 pag.
410 1150 492 1189 468
506 1147 689 1195 Toll.,ubi
707 1148 754 1185 de
773 1160 859 1185 voce
880 1146 957 1194 αἲξ,

304 1217 400 1254 quae
414 1204 611 1242 masculino
632 1216 768 1253 genere
784 1203 958 1241 adhibea-

303 1265 374 1298 tur.

361 1314 429 1356 καὶ
442 1318 592 1368 μᾶλλον
603 1312 696 1364 τούς
709 1314 956 1368 ἕρσεναςτῶν

304 1371 488 1425 θηλέων]
533 1375 672 1424 Capros
702 1374 865 1410 hireosve
895 1384 957 1409 cur

304 1431 421 1479 magis
449 1430 684 1477 honorarint,
713 1429 808 1466 haud
833 1428 959 1466 latebit

306 1501 399 1534 eum,
429 1487 505 1536 qui,
526 1499 620 1536 quae
638 1487 685 1523 de
701 1485 811 1522 Panis
829 1489 959 1522 natura

304 1556 416 1594 supra
443 1543 595 1580 diximus
622 1542 802 1593 prolifica,
842 1541 959 1578 omni-

304 1613 438 1649 umque
466 1612 585 1637 rerum
614 1598 786 1647 genitrice
811 1602 959 1648 reputa·

304 1656 406 1694 verit.
436 1655 478 1692 In
489 1656 605 1694 verbis
620 1654 854 1703 sequentibus
871 1653 958 1691 hae-

304 1717 428 1750 serunt
447 1713 662 1762 interpretes
682 1711 852 1760 variaque
874 1713 959 1747 ten-

304 1773 437 1806 tarunt.
475 1769 564 1806 Sine
584 1779 711 1814 causa,
743 1772 784 1803 ut
802 1766 888 1804 mihi
906 1765 960 1802 vi-

305 1825 423 1863 detur.
470 1824 569 1862 Nam
591 1824 748 1874 primum
777 1822 814 1860 in
840 1822 958 1859 verbis

303 1880 373 1920 καὶ
406 1875 557 1919 τούτων
586 1880 627 1920 οἷ
658 1875 816 1918 αἰπόλοι
843 1875 959 1929 τιμιὶς

306 1936 471 1988 μέζονας
510 1935 663 1987 έχουσι,
682 1939 841 2005 “aperte
869 1930 958 1973 τού-

304 2009 383 2032 των
401 1993 559 2043 pertinet
587 1993 635 2030 ad
653 1996 694 2030 αι
697 2007 766 2044 [ας
787 1990 959 2042 ἔρσενας,

304 2054 345 2086 ut
378 2049 557 2086 hircorum
591 2052 757 2099 pastores
787 2048 960 2084 maiorem

305 2117 414 2154 quam
436 2117 625 2155 caprarum
642 2105 817 2141 honorem
835 2108 960 2141 tenere

305 2161 483 2198 dicantur.
522 2159 676 2197 Locutio
706 2155 871 2205 αἰπόλος
901 2158 959 2197 αι’-

304 2219 390 2269 γεὸν
409 2215 495 2253 nihil
521 2215 631 2252 habet
661 2216 809 2261 absoni,
849 2227 959 2264 quum

304 2272 493 2322 aliquoties
521 2271 565 2308 ea
585 2285 671 2308 usus
691 2271 799 2309 fuerit
819 2271 958 2308 Home-

305 2342 389 2375 rus,
419 2341 452 2365 v.
473 2341 503 2364 c.
525 2327 661 2376 Odyss.
683 2322 728 2378 ρ’,
748 2327 842 2369 246.
859 2328 954 2368 269.

304 2385 409 2422 Haec
426 2384 537 2433 igitur
558 2385 670 2421 verba
696 2383 783 2431 (καὶ
803 2379 955 2422 τούτων

304 2461 361 2468 -
381 2439 537 2490 ἔχουσι)
572 2440 601 2476 si
628 2453 696 2490 per
722 2439 955 2489 parenthesin

305 2497 409 2545 quasi
437 2496 624 2534 interiecta
652 2496 829 2545 accipias,
865 2494 955 2532 nihil

305 2553 342 2589 in
360 2565 403 2590 eo
431 2552 618 2599 offendes,
647 2552 745 2601 quod
765 2551 877 2589 verba
897 2564 954 2589 se-

305 2608 452 2657 quentia
469 2607 511 2648 ἐκ
529 2605 572 2647 δὲ
593 2603 744 2646 τούτων
767 2603 824 2654 εἷς
843 2604 954 2658 μάλι-

306 2676 376 2703 στα
398 2679 432 2703 κ.
451 2678 482 2703 τ.
500 2666 532 2702 λ.
560 2664 608 2700 ad
626 2664 743 2701 hircos
764 2664 956 2701 referenda

306 2724 402 2769 sunt,
432 2733 453 2758 e
470 2720 598 2770 quibus
611 2733 719 2757 unum
730 2721 956 2770 potissimum

306 2789 386 2814 esse
415 2777 465 2813 ait
490 2776 644 2824 Noster,
682 2777 766 2825 qui,
808 2776 954 2825 quando

304 2832 414 2870 suerit
441 2836 627 2879 mortuus,
657 2832 805 2869 multum
829 2831 955 2880 lugea-

304 2893 364 2926 tur
381 2901 404 2926 a
415 2887 625 2926 Mendesiis.
647 2887 774 2939 Itaque
787 2888 955 2939 equidem

873 828 975 884 ἐμεῦ
1005 832 1136 872 τοῦτο
1168 829 1218 872 τό
1246 828 1395 882 τέρας·

1443 826 1620 883 γυναικὶ

1026 1034 1076 1071 nil
1112 1035 1150 1073 in
1178 1033 1393 1082 Herodoto,
1431 1034 1529 1071 cuius
1561 1032 1677 1070 oratio

1027 1092 1247 1141 quibusdam
1270 1091 1368 1128 haud
1397 1091 1484 1128 satis
1508 1090 1677 1140 expedita

1026 1153 1138 1198 atque
1157 1148 1314 1185 dilucida
1333 1150 1391 1185 est
1407 1147 1505 1193 visa,
1533 1150 1677 1182 mutan-

1025 1205 1113 1242 dum
1134 1217 1288 1250 censeo3
1316 1204 1470 1241 maxime
1487 1214 1574 1240 vero
1601 1202 1678 1239 dis-

1022 1261 1155 1312 plicet,
1202 1261 1302 1310 quod
1340 1273 1407 1312 pro
1446 1258 1488 1299 οἷ
1522 1253 1678 1298 αἰπόλοι

1022 1318 1238 1356 Schaeferus
1258 1316 1342 1353 olim
1363 1314 1525 1366 reposuit
1553 1313 1594 1353 οἷ
1615 1310 1677 1354 κό-

1023 1375 1105 1421 λοι,
1133 1378 1173 1410 ut
1203 1373 1452 1422 intelligantur
1479 1372 1571 1408 larci
1598 1384 1675 1408 cor-

1025 1443 1098 1467 mm
1123 1443 1189 1466 non
1219 1430 1404 1476 habentes,
1443 1428 1523 1466 coll.
1552 1427 1678 1466 Theo-

1027 1487 1102 1524 crit.
1122 1486 1151 1522 V
1158 1486 1218 1533 lll,
1238 1486 1290 1528 51
1313 1498 1394 1523 cum
1412 1484 1522 1522 schol.

1082 1540 1256 1581 καλέεται
1276 1539 1588 1592 (δὲ-Μένδης]
1618 1540 1676 1578 De

1025 1611 1066 1636 re
1082 1599 1162 1650 ipsa
1177 1600 1246 1635 iam
1260 1610 1369 1649 supra
1377 1598 1562 1635 monitum.
1581 1598 1676 1634 Sunt

1024 1668 1132 1702 vers),
1164 1655 1225 1704 qui
1244 1653 1390 1692 Thmui-3
1417 1653 1510 1703 (quo
1529 1654 1677 1691 nomine

1026 1712 1205 1749 invenitur
1231 1712 1319 1749 urbs
1348 1713 1386 1748 in
1412 1710 1572 1748 inferiori
1596 1709 1675 1747 Ae-

1029 1773 1143 1818 gypto
1186 1771 1296 1817 atque
1323 1779 1477 1813 nomus,
1522 1779 1629 1816 quem
1653 1778 1675 1803 a

1026 1823 1218 1862 Mendesio
1250 1823 1390 1861 Noster
1417 1822 1612 1871 distinguit
1629 1821 1676 1869 ll,

1030 1882 1128 1929 166)
1161 1880 1423 1930 Aegyptiorum
1449 1879 1574 1928 lingua
1600 1879 1674 1916 hir-

1027 1950 1104 1974 cum
1122 1937 1346 1986 significasse
1356 1935 1586 1983 arbitrentur,
1595 1947 1675 1972 cum

1027 1993 1086 2031 alii
1107 1993 1213 2029 leonzs
1232 1993 1348 2029 urbem
1366 1993 1436 2030 hoc
1448 1991 1595 2029 nomine
1610 1991 1676 2028 de-

1028 2050 1164 2097 signari
1207 2049 1429 2087 contendant
1447 2076 1459 2096 ,
1523 2048 1676 2098 ipseque

1026 2105 1254 2155 Champollio
1282 2105 1418 2142 insulae
1444 2104 1676 2153 significatio-

1025 2174 1109 2198 nem
1130 2162 1166 2197 in
1184 2161 1256 2198 hac
1269 2174 1357 2198 voce
1385 2161 1506 2198 inesse
1525 2163 1674 2201 statuat.

1025 2218 1085 2254 Cf.
1103 2216 1275 2254 Creuzer.
1294 2216 1458 2266 Symbol.
1480 2216 1496 2253 I
1523 2229 1560 2266 p.
1576 2214 1673 2257 477.

1065 2271 1224 2324 γυναικὶ
1235 2268 1378 2323 τράγος
1388 2270 1563 2324 ἐμίσγετο
1577 2266 1674 2310 α’να-

1025 2324 1204 2378 φανδόν]
1234 2328 1417 2366 Mendetis
1437 2328 1474 2365 in
1491 2329 1580 2366 urbe
1597 2328 1672 2365 hir-

1022 2398 1084 2422 cos
1101 2384 1307 2422 mulieribus
1335 2397 1374 2422 se
1406 2385 1557 2422 miscere
1586 2384 1673 2422 Pin-

1023 2441 1133 2477 darus
1168 2453 1314 2490 quoque
1343 2441 1522 2478 cecinerat
1562 2440 1674 2489 (vide

1020 2497 1143 2533 Strab.
1166 2496 1269 2534 xvll
1295 2510 1332 2547 p.
1354 2496 1495 2544 1154),
1525 2509 1570 2535 ex
1599 2510 1674 2547 quo

1022 2552 1082 2590 alii
1101 2553 1322 2602 repetierunt
1341 2551 1509 2590 laudatia
1521 2553 1673 2591 Schnei-

1022 2609 1111 2646 dero
1133 2609 1181 2645 ad
1199 2608 1348 2645 Pindari
1370 2610 1498 2658 fragm.
1527 2622 1565 2660 p.
1590 2611 1671 2652 122

1023 2664 1080 2701 ed.
1100 2664 1220 2712 Heyn.
1244 2668 1331 2701 tom.
1354 2664 1403 2702 ΙΙΙ
1429 2670 1466 2704 et
1498 2665 1670 2703 Bochart.

1022 2721 1171 2758 Hieroz.
1202 2720 1256 2767 ΙΙ,
1282 2721 1347 2762 53.
1404 2721 1507 2758 Idem
1531 2721 1671 2758 facinus

1023 2777 1070 2813 de
1082 2776 1263 2813 Thmuitis
1284 2776 1342 2814 alii
1363 2777 1582 2824 retulerunt;
1597 2778 1669 2815 vid.

1023 2832 1137 2869 Clem.
1158 2832 1351 2870 Alexandr.
1369 2847 1406 2885 p.
1431 2836 1496 2876 27.
1526 2834 1580 2872 Ac
1595 2837 1671 2871 tur-

1020 2888 1159 2939 pissimi
1185 2888 1291 2926 huius
1310 2890 1442 2927 amoris
1471 2902 1617 2927 causam
1647 2901 1670 2926 a
