1786 3324
192 457 292 504 149
343 451 474 507 Ἰάδες
500 453 646 506 πόλιές
675 457 770 500 εἰσι.

348 267 433 308 344
761 266 1233 307 HERODOTI

349 374 484 430 τάπερ
521 378 610 420 τῶν
650 374 855 432 Περσέων
893 375 947 420 vc?
987 374 1223 433 οὐνόματα.
1283 370 1412 419 αὗται
1451 374 1530 431 μὲν
1559 376 1606 419 αἱ

24 520 163 561 Aeolicae
194 523 297 562 urbes,

24 563 54 582 in
88 560 172 585 terra
203 563 297 586 conu-

23 589 114 617 uenti.

295 661 380 699 olim
399 660 584 710 vulgatum
602 665 691 699 erat.
748 659 819 699 Est
848 662 945 701 enim

294 718 384 756 hacc
399 717 578 754 Herodoti
596 716 797 764 sententia,
825 718 946 755 omnia

294 775 471 811 festorum
493 773 716 810 Graecorum
743 773 892 810 nomina
908 774 945 811 in

296 830 450 868 eandem
468 828 636 866 desinere
653 828 805 876 literam,
817 841 943 877 quem-

295 885 493 922 admodum
538 883 733 921 Persarum
787 884 948 931 nomina,

296 953 392 988 quae
409 938 528 977 omnia
539 939 577 976 in
594 952 703 976 unam
720 940 949 988 eandemque

286 995 436 1033 -literam
469 999 490 1034 ὃ
519 996 616 1034 exire
647 1007 760 1046 supra
796 995 836 1044 I,
868 997 948 1038 139

297 1052 481 1089 docuerat.

465 1134 497 1173 C
510 1148 531 1172 a
540 1148 577 1187 p.
609 1133 779 1173 CXLIX.

357 1219 455 1259 Αἵδε
476 1215 520 1259 δὲ
543 1218 587 1258 αἱ
607 1218 793 1266 Αἰολίδες
809 1234 844 1258 κ.
858 1217 950 1270 τ.λ.]

299 1275 360 1316 De
376 1275 533 1315 Aeolicis
553 1275 725 1325 coloniis,
755 1289 845 1326 quas
865 1276 952 1314 bre-

299 1333 392 1372 viter
421 1336 587 1371 recenset
610 1332 847 1382 Herodotus,
878 1333 952 1370 dis-

301 1402 424 1428 serere
448 1388 600 1438 longum
633 1393 712 1435 est·‚
750 1390 836 1427 inde
861 1401 951 1439 pau-

302 1446 384 1494 cis,
421 1457 517 1497 quae
553 1444 602 1482 ad
641 1445 787 1494 singula
824 1444 954 1483 Nostri

302 1502 416 1540 verba
451 1501 520 1539 rite
545 1500 779 1550 intelligenda
806 1501 954 1548 faciant,

303 1571 372 1594 nos
409 1557 687 1595 continebimus.
754 1556 865 1596 Plura
892 1557 954 1606 qui

303 1613 502 1664 discupiat,
536 1612 636 1662 legat
663 1613 851 1664 copiosam
879 1614 955 1650 dis-

303 1671 530 1722 putationem
561 1668 659 1706 Galli
691 1670 789 1708 docti
816 1668 956 1706 Raoul-

304 1724 506 1773 Rochette‚
521 1724 670 1763 histoire
691 1726 739 1764 de
758 1725 954 1763 l‘Etabliss.

307 1783 346 1820 d.
366 1781 481 1820 colon.
501 1782 633 1831 Grecq.
654 1780 704 1819 T.
721 1782 771 1819 ΙΙΙ
795 1795 881 1832 pag.
900 1781 955 1822 34

304 1851 411 1888 seqq.
435 1837 513 1876 coll.
533 1837 703 1875 Larcher.
731 1838 768 1875 in
788 1839 955 1876 Chrono-

305 1895 380 1943 log.
398 1894 578 1931 Herodot.
609 1906 695 1944 pag.
722 1893 816 1936 449.
863 1894 959 1931 Sunt

306 1963 394 1989 vero
422 1950 651 2001 potissimum
671 1949 816 1987 Lesbus
839 1948 959 1987 insula

309 2010 348 2047 et
368 2006 485 2054 Cyme
515 2019 544 2042 s,
571 2005 689 2043 Cuma
719 2006 827 2053 urbs,
861 2006 958 2042 unde

308 2061 472 2110 reliquae
504 2061 613 2099 urbes
641 2061 810 2099 conditae
845 2061 959 2098 fuisse

308 2117 498 2162 videntur3
544 2129 657 2165 quare
686 2121 840 2166 utraque
869 2116 959 2154 reli-

310 2184 462 2223 quarum
480 2172 620 2209 urbium
637 2172 850 2223 metropolis
868 2173 958 2219 fere,

312 2233 350 2265 et
389 2227 506 2277 Cyme
547 2228 725 2275 omnium,
781 2231 962 2279 quotquot

311 2285 414 2321 suere
439 2283 600 2322 civitates
628 2282 821 2331 Aeolicae,
849 2285 963 2322 maxi-

312 2350 373 2378 ma
410 2338 599 2377 celebrata.
666 2340 782 2388 Cyme
817 2341 963 2378 condita

313 2398 395 2434 erat
413 2407 435 2432 a
462 2395 612 2433 Graecis
627 2425 638 2444 ,
668 2396 760 2434 duce
781 2395 904 2433 Malao
925 2401 962 2435 et

315 2449 449 2498 Cleva,
467 2451 529 2500 qui
546 2464 662 2500 genus
682 2465 785 2489 suum
805 2453 851 2490 ab
860 2453 961 2502 Aga-

315 2519 510 2544 memnone
524 2508 759 2558 repetebant,
772 2513 808 2546 et
824 2521 960 2558 magno

316 2562 474 2601 exercitu
501 2568 708 2614 comparato
744 2565 805 2602 ubi
828 2566 962 2602 diutius

314 2619 355 2655 in
378 2617 537 2656 Locride
571 2623 666 2657 terra
699 2621 749 2658 ad
782 2621 963 2659 Phricium

317 2678 479 2711 montem
513 2676 725 2712 commorati
766 2682 887 2724 erant,
924 2678 963 2715 in

317 2729 442 2768 Asiam
481 2731 566 2768 dein
595 2732 811 2769 traiecerunt
843 2734 964 2782 ibique

315 2785 446 2836 Cymen
482 2787 741 2835 condiderunt,
791 2800 886 2837 quae
915 2790 961 2827 ob

313 2842 445 2893 prioris
456 2843 556 2880 sedis
575 2844 786 2881 memoriam
803 2846 851 2881 ad
860 2844 963 2882 Phri-

315 2898 407 2937 cium
444 2903 605 2938 montem
649 2899 735 2938 olim
770 2901 963 2940 vocabatur

830 457 936 499 Αἵδε
975 456 1021 501 δὲ
1060 457 1106 500 αἱ
1137 456 1361 507 Αἰολίδες,
1392 452 1545 510 Κύμη,
1576 453 1605 510 ἦ

1015 662 1231 713 Plarycom's,
1286 675 1406 710 nunc,
1453 662 1506 701 ufi
1539 660 1666 699 volunt

1014 718 1137 756 Calate
1156 719 1214 756 vel
1234 718 1414 757 Sanderli.
1470 719 1579 756 Conf.
1597 731 1668 768 po-

1012 775 1190 812 tissimum
1217 775 1386 813 Strabon.
1409 774 1499 812 XIII
1522 788 1560 826 p.
1583 776 1666 816 582

1015 843 1045 867 s.
1076 831 1180 878 873,
1215 828 1258 867 A.
1297 831 1344 868 B.
1411 831 1497 875 Quo
1536 831 1667 869 eodem

1015 887 1162 923 nomine
1179 885 1378 923 invenimus
1391 887 1491 936 apud
1509 888 1667 925 eundem

1017 942 1236 978 Strabonem
1260 940 1348 977 XIII
1366 955 1404 991 p.
1433 945 1514 983 621
1531 946 1667 990 S.922,

1017 997 1048 1034 B
1078 996 1266 1034 Larissam
1295 998 1368 1045 (sic
1386 998 1483 1035 enim
1499 997 1568 1034 illic
1582 999 1669 1035 scri-

1017 1058 1119 1105 ptum
1138 1052 1294 1101 legimus
1319 1066 1387 1104 pro
1418 1065 1486 1101 eo,
1516 1055 1616 1102 quod
1633 1055 1671 1091 in

1018 1110 1210 1148 Herodoto
1242 1112 1300 1147 est
1323 1103 1547 1160 An'owoat)
1575 1122 1670 1148 nun-

1019 1170 1188 1216 cupatam
1219 1178 1324 1212 esse,
1367 1166 1505 1216 quippe
1545 1167 1672 1204 urbem

1019 1221 1246 1271 Pelasgicam
1256 1250 1269 1269 ,
1296 1225 1338 1259 ut
1351 1221 1409 1259 vel
1425 1234 1561 1261 nomen
1577 1223 1674 1259 indi-

1020 1283 1100 1326 cat,
1128 1291 1225 1315 nunc
1250 1290 1337 1315 vero
1366 1278 1562 1316 desertam.
1603 1279 1673 1317 Se-

1020 1335 1212 1386 ptuaginta
1240 1334 1360 1371 stadia
1383 1335 1626 1373 fuit‚rem0ta
1650 1347 1674 1374 a

1021 1391 1148 1440 Cyme.
1163 1389 1351 1428 Neoticlaos
1362 1391 1472 1429 iidem
1491 1391 1541 1429 illi
1558 1392 1675 1430 Grae-

1019 1447 1052 1484 ci
1079 1451 1204 1484 contra
1232 1446 1300 1484 hos
1336 1446 1513 1495 Pelasgos
1547 1447 1675 1485 Laris-

1021 1516 1127 1541 saeos
1159 1502 1379 1540 exstruxisse
1405 1504 1589 1552 seruntur,
1616 1503 1674 1542 vel

1022 1566 1239 1608 antequam,
1281 1564 1400 1596 terrae
1433 1560 1584 1611 imperio
1613 1572 1676 1597 ac-

1021 1615 1155 1665 quisito
1168 1644 1180 1663 ,
1206 1615 1347 1663 Cymen
1364 1615 1482 1665 ipsam
1501 1616 1677 1653 condide-

1022 1673 1116 1718 rint,
1165 1683 1385 1720 quamquam
1421 1676 1546 1709 auctor
1583 1673 1677 1710 vitae

1022 1727 1241 1765 Homericae
1258 1727 1328 1764 hoc
1345 1728 1521 1778 oppidum
1541 1728 1676 1777 Cymes

1024 1784 1204 1821 coloniam
1223 1784 1327 1831 dicit,
1356 1785 1456 1834 quod
1474 1785 1521 1822 de
1537 1785 1679 1822 colonia

1025 1841 1141 1878 serius
1162 1840 1200 1876 in
1229 1841 1331 1891 prius
1357 1841 1617 1878 munimentum
1635 1854 1679 1878 ac

1025 1896 1342 1947 propugnaculum
1360 1897 1515 1934 deducta
1526 1897 1678 1945 intelligi

1024 1951 1101 1988 vult
1119 1951 1453 1989 Raoul-Rochette
1474 1951 1498 1989 l.
1519 1952 1542 1989 l.
1561 1967 1597 2004 p.
1609 1952 1676 1995 40.

1025 2008 1151 2046 Distat
1176 2019 1199 2043 a
1226 2006 1378 2045 Larissa
1405 2008 1557 2058 triginta
1595 2014 1679 2046 tan-

1026 2068 1101 2100 tum
1122 2063 1251 2100 stadia.

1082 2119 1260 2167 Reliquae
1291 2119 1400 2157 urbes
1435 2118 1606 2158 Aeolicae
1631 2122 1677 2158 ab

1026 2174 1219 2212 Herodoto
1239 2176 1441 2214 recensitae
1469 2177 1526 2214 vix
1543 2177 1589 2214 ab
1608 2177 1681 2215 alia

1027 2231 1189 2278 colonia,
1202 2244 1311 2280 quam
1329 2244 1424 2282 quae
1439 2232 1580 2282 Cymen
1590 2246 1678 2271 con-

1030 2288 1144 2334 didit,
1171 2300 1239 2325 nec
1273 2288 1344 2325 alio
1376 2292 1543 2340 tempore
1571 2289 1680 2328 valde

1030 2349 1168 2381 remoto
1185 2345 1353 2382 conditae
1368 2346 1482 2383 fuisse
1500 2346 1679 2384 videntur.

1034 2398 1183 2437 Temnus
1203 2401 1251 2437 ad
1270 2400 1398 2439 Hermi
1418 2402 1514 2438 ostia
1542 2403 1680 2440 sinum-

1029 2469 1102 2506 que
1120 2457 1360 2505 Smyrnaeum
1387 2461 1569 2495 exstructa
1590 2462 1680 2506 erat,

1028 2511 1097 2550 sed
1129 2511 1235 2549 Plinii
1261 2516 1427 2563 tempore
1452 2513 1525 2550 iam
1551 2514 1681 2552 diruta.

1028 2567 1111 2606 Nec
1140 2568 1293 2605 meliora
1334 2570 1411 2606 fata
1451 2570 1682 2619 contigerunt

1031 2623 1165 2671 cinae,
1195 2636 1289 2672 quae
1306 2625 1393 2662 urbs
1408 2623 1587 2675 Apollinis
1606 2626 1682 2664 Cil-

1031 2680 1101 2717 laei
1139 2679 1276 2729 templo
1319 2684 1356 2719 et
1395 2681 1492 2719 cultu
1526 2682 1682 2732 insignis

1027 2736 1106 2774 fuit.
1164 2735 1273 2772 Conf.
1299 2736 1432 2786 Heyne
1457 2739 1505 2776 ad
1529 2739 1681 2776 Homer.

1029 2791 1132 2829 lliad.
1153 2791 1192 2838 I,
1211 2793 1277 2833 38.
1299 2792 1346 2830 T.
1370 2794 1490 2844 lpag.
1512 2797 1577 2837 13.
1600 2793 1680 2833 No*

1028 2850 1117 2884 tium
1145 2848 1235 2884 mari
1262 2850 1474 2898 imminens,
1514 2865 1537 2889 a
1559 2856 1682 2890 vetere

1031 2904 1247 2956 Colophone
1259 2907 1331 2945 duo
1348 2909 1463 2947 ferme
1473 2909 1582 2948 millia
1593 2922 1682 2961 pas·-
