1805 3315
631 243 848 282 CLIO.
907 245 935 281 I.

1378 250 1430 290 19

147 355 223 400 ἐόν
250 352 567 410 πρεσβύτερον,
607 351 663 397 οὐ
703 354 985 410 καταστροφή
1026 353 1193 410 ἐγένετο
1230 357 1319 397 τῶν
1354 370 1433 400 πο-

69 428 101 472 7
147 436 275 486 λίων,
318 430 418 477 ἄλλ’
462 432 505 485 ἐξ
543 433 782 490 ἐπιδρομῆς
811 430 997 489 ἁρπαγή.

105 641 211 684 Quae
231 639 313 690 ipsa
332 639 430 677 haud
450 640 524 677 scio
552 653 599 678 an
628 640 754 679 melius

104 697 153 734 ad
192 709 302 733 unam
341 697 569 747 eandemque
598 697 756 735 invasio-

105 766 190 791 nem
219 753 480 801 continuatam,
509 754 642 803 Ardyis
674 754 757 804 (qui

106 813 189 851 677
221 822 254 847 a.
289 810 376 847 Chr.
410 823 567 859 regnare
607 812 754 862 coepit)

105 871 272 916 tempore
292 866 471 917 inceptam
485 871 521 904 et
538 866 650 904 multo
670 872 756 917 post

107 923 253 961 demum
280 923 346 960 sub
370 922 519 971 Alyatte
545 937 633 972 rege
653 924 755 972 (616

107 992 141 1017 a.
173 978 281 1027 Chr.)
325 979 461 1016 finitam
503 981 652 1030 expulsa
687 981 757 1017 ista

107 1040 219 1086 gente
259 1037 370 1083 (613
404 1049 437 1075 a.
474 1037 589 1085 Chr.)
631 1037 758 1074 referri

108 1096 256 1142 queant.
298 1092 448 1130 Exstitit
483 1098 615 1143 postea
642 1093 760 1130 Fran-

108 1149 199 1196 cke,
229 1148 290 1197 qui
309 1148 447 1196 (locum
465 1150 647 1187 indicante
669 1149 758 1197 Cr.)

109 1204 231 1242 subtili
260 1205 530 1255 disputatione,
561 1218 655 1254 quae
673 1205 759 1242 Cal-

109 1261 182 1298 lino
201 1262 338 1298 inserta
357 1261 489 1309 legitur
506 1275 542 1311 p.
558 1264 651 1302 109.
675 1274 757 1310 sqq.

109 1319 234 1356 itidem
254 1317 434 1367 duplicem
453 1318 610 1368 probare
636 1319 760 1355 studet

110 1374 384 1412 cimmeriorum
400 1374 622 1412 invasionem
632 1404 643 1422 ,
673 1375 759 1410 Sar-

109 1432 282 1479 ‹liumqne
310 1431 628 1480 expugnationem.
657 1430 758 1468 Alte-

107 1500 184 1525 ram
208 1486 313 1536 ponit
329 1487 509 1536 priorem,
539 1489 586 1525 ad
605 1487 758 1525 Homeri

108 1548 265 1582 aetatem
290 1544 519 1581 recedentem
550 1549 585 1582 et
617 1543 759 1581 Callino

49 1614 56 1623 ²
107 1604 258 1652 poetae,
298 1600 360 1649 qui
405 1605 440 1637 et
479 1601 559 1651 ipse
593 1601 757 1638 Homero

107 1657 293 1710 proximus
330 1657 456 1704 fuerit,
509 1661 757 1703 memoratam,

108 1714 164 1751 cui
199 1713 397 1763 praefuerit
439 1713 678 1763 Lygdamus,
722 1714 760 1750 in

109 1770 237 1807 Cilicia
282 1773 369 1819 post
410 1771 540 1808 acerbo
581 1771 657 1807 sato
692 1783 759 1820 op-

106 1839 277 1878 pressus3
324 1825 475 1863 alteram
524 1827 636 1864 multo
676 1830 761 1877 post

106 1884 284 1920 accidisse
319 1882 413 1930 vult,
453 1896 565 1932 quam
601 1884 760 1921 Cimme-

106 1940 168 1976 riis
222 1939 458 1986 Herodotus,
517 1940 758 1978 Callisthenes

107 1996 285 2034 Treribus
313 2008 356 2032 ac
379 1995 501 2044 Lyciis
520 1997 665 2034 tribuat.
694 1996 760 2032 At-

107 2066 179 2102 que
207 2053 370 2089 nituntur
398 2053 468 2089 ista
497 2066 540 2090 eo
567 2066 761 2102 argumen-

105 2113 163 2156 to,
193 2122 266 2158 quo
288 2108 469 2145 Callinum
503 2122 577 2146 non
597 2109 761 2147 Archilo-

108 2166 164 2203 chi
184 2171 220 2203 et
240 2166 359 2214 Gygis
378 2170 498 2203 aetate
517 2168 633 2216 (quae
653 2166 761 2215 vulgo

107 2227 256 2273 recepta
272 2227 328 2259 est
350 2224 550 2272 sententia)
581 2224 649 2261 sed
666 2223 761 2260 mul-

106 2282 145 2316 to
183 2283 292 2316 antea
329 2279 483 2316 Homem‘
520 2281 598 2317 sere
641 2283 761 2317 aetate

106 2335 239 2373 vixisse
257 2348 481 2374 censeamus
510 2336 570 2374 De
582 2349 654 2386 quo
665 2349 761 2373 nunc

107 2392 227 2430 dicere
244 2391 407 2441 longum.
439 2393 497 2430 Cf.
517 2392 546 2440 I,
574 2393 638 2434 14.
668 2393 761 2430 Utut

109 2453 186 2497 est,
214 2449 467 2497 Herodotum,
497 2463 605 2498 quem
626 2451 663 2486 in
684 2448 762 2498 Ly-

109 2506 238 2542 dorum
271 2506 424 2542 historia
451 2507 542 2543 satis
579 2510 761 2544 versatum

109 2560 206 2599 haud
229 2575 346 2612 pauca
374 2566 676 2610 commonstrant,
714 2563 762 2599 de

111 2629 184 2654 una
216 2619 430 2668 posterioris
476 2620 606 2657 aetatis
644 2619 763 2656 incur-

113 2672 214 2711 sione
256 2676 368 2713 verba
404 2676 557 2723 fecisse,
595 2676 764 2726 equidem

114 2726 211 2766 haud
243 2731 324 2769 sine
364 2744 501 2781 magna
528 2733 604 2770 veri
640 2733 764 2783 specie

116 2783 200 2820 mihi
230 2790 448 2827 contendere
487 2802 608 2853 posse·
627 2789 764 2827 videor.

117 2837 228 2888 Atqui
264 2842 362 2881 haud
398 2858 478 2882 sum
512 2846 677 2893 nescius,
717 2846 765 2883 de

120 2894 374 2938 cimmeriorum
426 2906 537 2950 gente
585 2902 766 2954 permulta

1051 431 1112 475 ‘H
1144 432 1190 477 δὲ
1229 432 1456 492 ἦγεμονίη1

822 641 938 688 tradi,
968 653 1063 691 quae
1090 642 1139 679 ad
1159 645 1353 692 poetarum
1371 642 1474 681 fabu-

821 696 876 734 las
907 701 1017 746 atque
1041 704 1244 736 commenta
1267 699 1388 748 potius
1414 712 1472 737 re-

821 754 975 791 iicienda
994 756 1196 802 videantur,
1227 767 1335 803 quam
1355 756 1404 792 ad
1421 756 1477 792 hi-

824 810 960 848 storiae
1005 811 1114 849 fidem
1161 811 1392 859 excutienda,
1437 816 1477 849 ut

823 880 973 918 prorsus
995 867 1131 905 incerta
1161 868 1207 904 sit
1226 868 1344 916 gentis
1370 868 1475 917 origo

824 937 867 961 ac
896 923 1003 961 sedes
1032 925 1213 974 primitiva
1239 925 1277 960 in
1316 925 1476 974 regioni-

824 980 892 1016 bus
935 980 1107 1031 Europae
1145 981 1352 1018 borealibus
1397 983 1474 1020 fere

825 1037 1045 1085 quaerenda.
1102 1037 1218 1084 Vide,
1267 1050 1315 1075 ne
1357 1037 1476 1088 plura,

825 1092 957 1129 Ukert.
988 1093 1025 1129 in
1045 1093 1185 1142 Geogr.
1207 1094 1272 1130 Gr.
1305 1098 1342 1131 et
1367 1095 1475 1132 Rom.

823 1148 841 1184 I
878 1161 915 1197 p.
946 1151 1000 1189 26
1029 1153 1105 1186 not.
1143 1149 1224 1186 Nec
1259 1151 1355 1186 enim
1375 1154 1476 1188 vete-

824 1217 903 1241 rum
922 1206 1149 1243 narrationes
1174 1205 1380 1253 fabulosas,
1408 1219 1476 1244 nec

824 1261 1064 1298 recentiorum
1107 1262 1380 1310 disquisitiones
1418 1275 1476 1300 re-

824 1310 919 1354 ferre
938 1322 1054 1354 vacat.
1113 1318 1187 1361 Qui
1206 1318 1325 1368 ipsum
1354 1319 1474 1366 gentis

824 1386 957 1411 nomen
983 1374 1082 1411 vario
1112 1375 1223 1411 modo
1258 1380 1295 1412 et
1317 1375 1476 1412 scriben-

824 1434 880 1467 tes
927 1435 962 1468 et
999 1431 1280 1481 interpretantes
1317 1444 1360 1469 ex
1397 1431 1476 1469 He-

1493 435 1643 470 Lydorum
1661 448 1706 475 pn
1697 441 1746 468 imi

1490 472 1645 532 {ffffii‘ffb
1672 476 1748 534 “350⁸

1493 536 1581 563 cundi
1652 539 1715 567 Her
1702 549 1748 568 1-.a

1494 570 1533 596 cli
1538 558 1609 605 dae,
1651 574 1687 600 ab
1718 582 1748 602 a.

1491 603 1559 663 {²231
1601 592 1642 632 'ad
1685 607 1744 634 716.

1491 635 1542 663 Pir
1534 645 1609 664 imus
1635 647 1670 665 ex
1689 640 1750 667 He-

1492 670 1611 698 raclidis
1629 672 1728 706 Agron

1490 704 1632 740 ultimus,
1670 682 1747 734 Can]

1494 737 1608 767 daules.

825 1487 1017 1524 braeorum
1041 1488 1198 1536 denique
1219 1492 1388 1538 repetunt
1410 1487 1478 1524 lin-
1499 1532 1504 1538 ι

826 1556 919 1592 gua,
957 1545 1018 1581 ubi
1042 1543 1181 1581 Kamar
1211 1545 1362 1582 denotet
1384 1548 1478 1581 tene-

825 1600 984 1648 brosum,
1024 1601 1205 1638 obscurum
1244 1601 1315 1648 (cf.
1347 1601 1478 1638 Ukert.

825 1657 850 1694 l.
881 1657 922 1706 l.)
953 1662 1015 1693 aut
1036 1671 1056 1694 e
1077 1657 1223 1705 celtico,
1247 1658 1278 1693 si
1303 1657 1373 1694 diis
1399 1657 1479 1708 pla-

827 1718 901 1760 cet,
930 1714 1114 1761 idiomate,
1144 1714 1204 1751 ubi
1224 1713 1327 1751 Kz'mr
1345 1727 1479 1751 nomen

830 1770 1017 1806 Gallorum
1058 1783 1150 1819 gens
1197 1770 1267 1807 sibi
1311 1770 1479 1817 vindicet,

828 1827 927 1864 unde
947 1839 1094 1875 quoque
1118 1826 1261 1864 Cimbri.
1299 1825 1355 1862 Ita
1384 1830 1481 1864 certe

829 1882 981 1931 Volney.
1013 1883 1036 1920 l.
1066 1883 1088 1920 l.
1124 1897 1160 1933 p.
1191 1883 1244 1924 75
1293 1883 1348 1919 cui
1382 1883 1480 1919 addo

828 1939 923 1976 Plut.
941 1944 1075 1977 narrat.
1105 1939 1141 1975 in
1169 1940 1255 1976 Vita
1292 1938 1385 1975 Mar.
1416 1940 1481 1986 11,

827 1996 889 2033 ubi
917 2000 1063 2046 praeter
1083 1995 1152 2032 alia
1176 1996 1267 2034 haec
1292 1995 1481 2044 leguntur:

829 2049 943 2091 ἄλλοι
966 2051 1007 2091 δέ
1029 2064 1149 2101 φασι,
1182 2052 1415 2103 Κιμμεοίων
1434 2066 1478 2090 το

830 2106 902 2160 μὲν
923 2112 1080 2161 πρῶτον
1099 2107 1158 2158 ὑφ
1161 2105 1386 2175 ’Ἑλλήνων
1401 2109 1480 2146 τῶν

829 2163 954 2205 παλαι
989 2165 1278 2234 γνωσθέντων
1297 2160 1345 2204 ου’
1383 2162 1482 2216 μέγα

826 2221 1016 2275 γενέσθαι
1049 2219 1116 2262 τὸν
1152 2237 1300 2268 παντος
1330 2217 1481 2274 μόοιον,

828 2276 925 2318 ἄλλα
974 2294 1110 2331 φυγην
1153 2275 1182 2329 ἢ
1216 2274 1354 2317 στάσιν
1393 2292 1483 2317 τινα

829 2337 1069 2387 βιασθεῖσαν
1104 2332 1186 2375 ὕπο
1218 2336 1397 2374 Σκυθῶν
1427 2333 1484 2380 εἷς

825 2389 961 2432 Ἀσίαν
1008 2388 1086 2432 ἀπὸ
1130 2395 1202 2443 τῆς
1247 2387 1484 2437 Μαιωτιδος

828 2444 1085 2501 διαπερᾶσαι,
1115 2445 1349 2501 Λυγδαμιος
1365 2446 1485 2499 ἡγου-

830 2505 952 2558 μένου
971 2521 1006 2545 κ.
1027 2521 1059 2545 τ.
1085 2509 1118 2544 λ.
1151 2506 1200 2542 ad
1223 2518 1318 2554 quae
1338 2505 1485 2541 doctum

830 2563 997 2601 consulas
1040 2563 1276 2613 interpretem
1324 2560 1488 2610 Leopol-

830 2621 917 2657 dum
946 2634 984 2671 p.
1012 2621 1067 2661 39
1088 2641 1145 2645 —
1165 2618 1231 2660 41.
1289 2618 1367 2655 Sed
1395 2617 1486 2654 haec

829 2690 926 2713 nunc
943 2676 1137 2722 sufficiant,
1167 2675 1237 2713 alia
1253 2675 1302 2712 ad
1323 2673 1388 2721 IV,
1420 2675 1485 2715 11.

833 2736 886 2776 12
905 2732 986 2771 coll.
1016 2732 1055 2780 I,
1087 2733 1183 2773 103

1045 2762 1159 2839 'Cap.
1187 2786 1269 2825 VH.
1472 2816 1478 2823 x

887 2843 916 2896 ἦ
959 2842 1002 2885 δὲ
1041 2843 1236 2898 ’ἡγεμονίη
1276 2839 1382 2882 ου’τω
1417 2853 1483 2880 πε-

831 2904 977 2954 ριῆλθε
1003 2916 1041 2941 κ.
1063 2916 1096 2942 τ.
1122 2899 1182 2951 λ.]
1218 2899 1338 2977 *Ante
1375 2897 1487 2935 verba
