<?xml version="1.0" encoding="UTF-8"?>
<!DOCTYPE html PUBLIC "-//W3C//DTD XHTML 1.0 Transitional//EN"
    "http://www.w3.org/TR/xhtml1/DTD/xhtml1-transitional.dtd">
<html xmlns="http://www.w3.org/1999/xhtml" xml:lang="en" lang="en">
 <head>
  <title>
</title>
<meta http-equiv="Content-Type" content="text/html;charset=utf-8" />
  <meta name='ocr-system' content='tesseract 3.04.00' />
  <meta name='ocr-capabilities' content='ocr_page ocr_carea ocr_par ocr_line ocrx_word'/>
</head>
<body>
  <div class='ocr_page' id='page_1' title='image "./musaeher01hero/musaeher01hero_0316.png"; bbox 0 0 1759 3324; ppageno 0'>
   <div class='ocr_carea' id='block_1_1' title="bbox 350 247 1236 292">
    <p class='ocr_par' dir='ltr' id='par_1_1' title="bbox 350 247 1236 292">
     <span class='ocr_line' id='line_1_1' title="bbox 350 247 1236 292; baseline -0.008 0"><span class='ocrx_word' id='word_1_1' title='bbox 350 250 435 292; x_wconf 75' lang='lat'><em>3⁰2</em></span> <span class='ocrx_word' id='word_1_2' title='bbox 767 247 1236 288; x_wconf 84' lang='lat' dir='ltr'>HERODOTI</span> 
     </span>
    </p>
   </div>
   <div class='ocr_carea' id='block_1_2' title="bbox 58 355 1681 1129">
    <p class='ocr_par' dir='ltr' id='par_1_2' title="bbox 58 355 1681 1129">
     <span class='ocr_line' id='line_1_2' title="bbox 352 355 1621 416; baseline -0.002 -12"><span class='ocrx_word' id='word_1_3' title='bbox 352 361 481 414; x_wconf 85' lang='grc' dir='ltr'><em>,,δων</em></span> <span class='ocrx_word' id='word_1_4' title='bbox 509 357 624 404; x_wconf 81' lang='grc' dir='ltr'><em>εἶναι</em></span> <span class='ocrx_word' id='word_1_5' title='bbox 653 356 710 404; x_wconf 88' lang='grc' dir='ltr'><em>ου’</em></span> <span class='ocrx_word' id='word_1_6' title='bbox 739 356 1061 416; x_wconf 84' lang='grc' dir='ltr'><em>φαυλοτέρους,</em></span> <span class='ocrx_word' id='word_1_7' title='bbox 1113 356 1214 402; x_wconf 82' lang='grc' dir='ltr'><em>οὕτε</em></span> <span class='ocrx_word' id='word_1_8' title='bbox 1252 355 1307 401; x_wconf 79' lang='grc' dir='ltr'><em>τὰ</em></span> <span class='ocrx_word' id='word_1_9' title='bbox 1333 355 1466 411; x_wconf 79' lang='grc' dir='ltr'><em>ἄλλα,</em></span> <span class='ocrx_word' id='word_1_10' title='bbox 1519 357 1621 402; x_wconf 85' lang='grc' dir='ltr'><em>οὔτε</em></span> 
     </span>
     <span class='ocr_line' id='line_1_3' title="bbox 353 432 1619 496; baseline -0.002 -12"><span class='ocrx_word' id='word_1_11' title='bbox 353 439 445 493; x_wconf 83' lang='grc' dir='ltr'><em>,,τά</em></span> <span class='ocrx_word' id='word_1_12' title='bbox 475 438 675 495; x_wconf 84' lang='grc' dir='ltr'><em>πολέμια.</em></span> <span class='ocrx_word' id='word_1_13' title='bbox 734 437 794 490; x_wconf 74' lang='grc' dir='ltr'><em>ὥς</em></span> <span class='ocrx_word' id='word_1_14' title='bbox 824 433 887 482; x_wconf 71' lang='grc' dir='ltr'><em>ὦν</em></span> <span class='ocrx_word' id='word_1_15' title='bbox 915 438 1103 495; x_wconf 80' lang='grc' dir='ltr'><em>ἐχόντων</em></span> <span class='ocrx_word' id='word_1_16' title='bbox 1133 432 1237 496; x_wconf 75' lang='grc' dir='ltr'><em>ᾦδε,</em></span> <span class='ocrx_word' id='word_1_17' title='bbox 1272 435 1514 481; x_wconf 80' lang='grc' dir='ltr'><em>ἀπίστασθε</em></span> <span class='ocrx_word' id='word_1_18' title='bbox 1543 435 1619 481; x_wconf 73' lang='grc' dir='ltr'><em>ἀπ’</em></span> 
     </span>
     <span class='ocr_line' id='line_1_4' title="bbox 355 516 1033 574; baseline -0.004 -11"><span class='ocrx_word' id='word_1_19' title='bbox 355 517 646 574; x_wconf 81' lang='grc' dir='ltr'><em>,,Ἀστυοὶγεος</em></span> <span class='ocrx_word' id='word_1_20' title='bbox 675 516 757 573; x_wconf 84' lang='grc' dir='ltr'><em>τὴν</em></span> <span class='ocrx_word' id='word_1_21' title='bbox 785 520 1033 574; x_wconf 85' lang='grc' dir='ltr'><em>ταχίστην.“</em></span> 
     </span>
     <span class='ocr_line' id='line_1_5' title="bbox 196 592 1622 663; baseline -0.002 -22"><span class='ocrx_word' id='word_1_22' title='bbox 196 616 296 663; x_wconf 71' lang='lat'><em>127</em></span> <span class='ocrx_word' id='word_1_23' title='bbox 468 597 638 651; x_wconf 80' lang='grc' dir='ltr'><em>Πέρσαι</em></span> <span class='ocrx_word' id='word_1_24' title='bbox 662 595 743 651; x_wconf 84' lang='grc' dir='ltr'><em>μέν</em></span> <span class='ocrx_word' id='word_1_25' title='bbox 765 612 850 639; x_wconf 88' lang='grc' dir='ltr'><em>νυν</em></span> <span class='ocrx_word' id='word_1_26' title='bbox 864 594 1115 650; x_wconf 77' lang='grc' dir='ltr'><em>προστάτεω</em></span> <span class='ocrx_word' id='word_1_27' title='bbox 1137 593 1465 652; x_wconf 77' lang='grc' dir='ltr'><em>ἐπιλαβόμενοι,</em></span> <span class='ocrx_word' id='word_1_28' title='bbox 1497 592 1622 651; x_wconf 75' lang='grc' dir='ltr'><em>ἄσμε-</em></span> 
     </span>
     <span class='ocr_line' id='line_1_6' title="bbox 58 673 1621 745; baseline -0.001 -25"><span class='ocrx_word' id='word_1_29' title='bbox 58 682 142 745; x_wconf 50' lang='grc' dir='ltr'><strong>[Μῃξξί</strong></span> <span class='ocrx_word' id='word_1_30' title='bbox 186 682 302 719; x_wconf 74' lang='lat' dir='ltr'>praeno</span> <span class='ocrx_word' id='word_1_31' title='bbox 358 693 430 720; x_wconf 87' lang='grc' dir='ltr'><em>νοι</em></span> <span class='ocrx_word' id='word_1_32' title='bbox 459 675 794 729; x_wconf 79' lang='grc' dir='ltr'><em>ἐλευθεροῦντο,</em></span> <span class='ocrx_word' id='word_1_33' title='bbox 824 675 898 718; x_wconf 81' lang='grc' dir='ltr'><em>καὶ</em></span> <span class='ocrx_word' id='word_1_34' title='bbox 927 674 1063 719; x_wconf 84' lang='grc' dir='ltr'><em>πάλαι</em></span> <span class='ocrx_word' id='word_1_35' title='bbox 1092 673 1239 719; x_wconf 84' lang='grc' dir='ltr'><em>δεινὸν</em></span> <span class='ocrx_word' id='word_1_36' title='bbox 1263 673 1517 731; x_wconf 87' lang='grc' dir='ltr'><em>ποιεύμενοι</em></span> <span class='ocrx_word' id='word_1_37' title='bbox 1532 673 1621 718; x_wconf 77' lang='grc' dir='ltr'><em>ὑπό</em></span> 
     </span>
     <span class='ocr_line' id='line_1_7' title="bbox 331 751 1681 811; baseline -0.001 -14"><span class='ocrx_word' id='word_1_38' title='bbox 331 753 540 810; x_wconf 72' lang='grc' dir='ltr'><em>ΞΜήδων</em></span> <span class='ocrx_word' id='word_1_39' title='bbox 569 752 791 809; x_wconf 76' lang='grc' dir='ltr'><em>ἄρχεσθαι.</em></span> <span class='ocrx_word' id='word_1_40' title='bbox 829 751 1062 811; x_wconf 79' lang='grc' dir='ltr'><em>Ἀστυάγης</em></span> <span class='ocrx_word' id='word_1_41' title='bbox 1092 755 1137 798; x_wconf 79' lang='grc' dir='ltr'><em>δὲ</em></span> <span class='ocrx_word' id='word_1_42' title='bbox 1168 753 1226 805; x_wconf 81' lang='grc' dir='ltr'><em>ὠς</em></span> <span class='ocrx_word' id='word_1_43' title='bbox 1255 753 1440 798; x_wconf 80' lang='grc' dir='ltr'><em>ἐπύθετο</em></span> <span class='ocrx_word' id='word_1_44' title='bbox 1469 757 1681 810; x_wconf 80' lang='grc' dir='ltr'><em>ΚῦρονῚο</em></span> 
     </span>
     <span class='ocr_line' id='line_1_8' title="bbox 353 831 1619 889; baseline 0 -11"><span class='ocrx_word' id='word_1_45' title='bbox 353 832 609 888; x_wconf 77' lang='grc' dir='ltr'><strong><em>πρήσσοντα</em></strong></span> <span class='ocrx_word' id='word_1_46' title='bbox 637 835 797 884; x_wconf 84' lang='grc' dir='ltr'><em>ταῦτα,</em></span> <span class='ocrx_word' id='word_1_47' title='bbox 828 831 1001 888; x_wconf 80' lang='grc' dir='ltr'><em>πέμψας</em></span> <span class='ocrx_word' id='word_1_48' title='bbox 1038 832 1246 889; x_wconf 81' lang='grc' dir='ltr'><em>ἄγγελον,</em></span> <span class='ocrx_word' id='word_1_49' title='bbox 1286 832 1433 877; x_wconf 80' lang='grc' dir='ltr'><em>ἐκάλεε</em></span> <span class='ocrx_word' id='word_1_50' title='bbox 1469 832 1619 878; x_wconf 84' lang='grc' dir='ltr'><em>αὐτόν.</em></span> 
     </span>
     <span class='ocr_line' id='line_1_9' title="bbox 357 909 1628 968; baseline 0.002 -12"><span class='ocrx_word' id='word_1_51' title='bbox 357 909 382 956; x_wconf 87' lang='grc' dir='ltr'>ὁ</span> <span class='ocrx_word' id='word_1_52' title='bbox 414 911 460 955; x_wconf 80' lang='grc' dir='ltr'><em>δὲ</em></span> <span class='ocrx_word' id='word_1_53' title='bbox 489 914 641 967; x_wconf 83' lang='grc' dir='ltr'><em>Κῦρος</em></span> <span class='ocrx_word' id='word_1_54' title='bbox 668 909 836 955; x_wconf 81' lang='grc' dir='ltr'><em>ἐκέλευε</em></span> <span class='ocrx_word' id='word_1_55' title='bbox 865 911 944 955; x_wconf 80' lang='grc' dir='ltr'><em>τόν</em></span> <span class='ocrx_word' id='word_1_56' title='bbox 983 911 1165 968; x_wconf 76' lang='grc' dir='ltr'><em>ἄγγελον</em></span> <span class='ocrx_word' id='word_1_57' title='bbox 1205 911 1512 968; x_wconf 80' lang='grc' dir='ltr'><em>ἀπαγγέλλειν,</em></span> <span class='ocrx_word' id='word_1_58' title='bbox 1558 912 1628 958; x_wconf 79' lang='grc' dir='ltr'><em>ὅτι</em></span> 
     </span>
     <span class='ocr_line' id='line_1_10' title="bbox 359 988 1628 1049; baseline 0.001 -14"><span class='ocrx_word' id='word_1_59' title='bbox 359 990 580 1046; x_wconf 85' lang='grc' dir='ltr'><em>πρότερον</em></span> <span class='ocrx_word' id='word_1_60' title='bbox 606 988 705 1046; x_wconf 74' lang='grc' dir='ltr'><em>ἥξοι</em></span> <span class='ocrx_word' id='word_1_61' title='bbox 732 988 839 1046; x_wconf 82' lang='grc' dir='ltr'><em>παρ’</em></span> <span class='ocrx_word' id='word_1_62' title='bbox 870 990 1039 1036; x_wconf 78' lang='grc' dir='ltr'><em>ἐκεῖνον</em></span> <span class='ocrx_word' id='word_1_63' title='bbox 1056 990 1087 1049; x_wconf 74' lang='grc' dir='ltr'><em>ἢ</em></span> <span class='ocrx_word' id='word_1_64' title='bbox 1108 990 1241 1043; x_wconf 80' lang='grc' dir='ltr'><em>αὐτὸς</em></span> <span class='ocrx_word' id='word_1_65' title='bbox 1265 989 1500 1048; x_wconf 79' lang='grc' dir='ltr'><em>Ἀστυάγης</em></span> <span class='ocrx_word' id='word_1_66' title='bbox 1521 993 1628 1048; x_wconf 87' lang='grc' dir='ltr'><em>βου-</em></span> 
     </span>
     <span class='ocr_line' id='line_1_11' title="bbox 332 1068 1630 1129; baseline 0.003 -17"><span class='ocrx_word' id='word_1_67' title='bbox 332 1069 549 1128; x_wconf 83' lang='grc' dir='ltr'><em>3λήσεται.</em></span> <span class='ocrx_word' id='word_1_68' title='bbox 615 1068 811 1122; x_wconf 79' lang='grc' dir='ltr'><em>ἀκούσας</em></span> <span class='ocrx_word' id='word_1_69' title='bbox 850 1070 897 1115; x_wconf 81' lang='grc' dir='ltr'><em>δὲ</em></span> <span class='ocrx_word' id='word_1_70' title='bbox 937 1074 1077 1115; x_wconf 86' lang='grc' dir='ltr'><em>ταῦτα</em></span> <span class='ocrx_word' id='word_1_71' title='bbox 1115 1069 1138 1115; x_wconf 88' lang='grc' dir='ltr'>ὁ</span> <span class='ocrx_word' id='word_1_72' title='bbox 1177 1069 1415 1128; x_wconf 83' lang='grc' dir='ltr'><em>Ἀστνάγης</em></span> <span class='ocrx_word' id='word_1_73' title='bbox 1442 1070 1630 1129; x_wconf 84' lang='grc' dir='ltr'><strong><em>Μήδους</em></strong></span> 
     </span>
    </p>
   </div>
   <div class='ocr_carea' id='block_1_3' title="bbox 1694 829 1749 873">
    <p class='ocr_par' dir='ltr' id='par_1_3' title="bbox 1694 829 1749 873">
     <span class='ocr_line' id='line_1_12' title="bbox 1694 829 1749 873; baseline -0.036 0"><span class='ocrx_word' id='word_1_74' title='bbox 1694 829 1749 873; x_wconf 84' lang='grc'><em>64</em></span> 
     </span>
    </p>
   </div>
   <div class='ocr_carea' id='block_1_4' title="bbox 205 1148 1689 1695">
    <p class='ocr_par' dir='ltr' id='par_1_4' title="bbox 205 1148 1689 1695">
     <span class='ocr_line' id='line_1_13' title="bbox 361 1148 1630 1208; baseline 0.001 -14"><span class='ocrx_word' id='word_1_75' title='bbox 361 1166 407 1194; x_wconf 89' lang='grc' dir='ltr'><em>τε</em></span> <span class='ocrx_word' id='word_1_76' title='bbox 446 1149 605 1194; x_wconf 75' lang='grc' dir='ltr'><em>ὥπλισε</em></span> <span class='ocrx_word' id='word_1_77' title='bbox 643 1149 834 1204; x_wconf 79' lang='grc' dir='ltr'><strong><em>πάντας,</em></strong></span> <span class='ocrx_word' id='word_1_78' title='bbox 892 1150 967 1194; x_wconf 84' lang='grc' dir='ltr'><em>καὶ</em></span> <span class='ocrx_word' id='word_1_79' title='bbox 1005 1151 1247 1208; x_wconf 86' lang='grc' dir='ltr'><em>στρατηγὸν</em></span> <span class='ocrx_word' id='word_1_80' title='bbox 1292 1148 1460 1205; x_wconf 77' lang='grc' dir='ltr'><em>αὐτῶν,</em></span> <span class='ocrx_word' id='word_1_81' title='bbox 1521 1149 1630 1195; x_wconf 76' lang='grc' dir='ltr'><em>ὥστε</em></span> 
     </span>
     <span class='ocr_line' id='line_1_14' title="bbox 361 1228 1685 1288; baseline -0.003 -14"><span class='ocrx_word' id='word_1_82' title='bbox 361 1230 610 1287; x_wconf 80' lang='grc' dir='ltr'><em>θεοβλαβὴς</em></span> <span class='ocrx_word' id='word_1_83' title='bbox 640 1229 748 1283; x_wconf 80' lang='grc' dir='ltr'><em>ἐών,</em></span> <span class='ocrx_word' id='word_1_84' title='bbox 798 1228 971 1283; x_wconf 78' lang='grc' dir='ltr'><em>ἀπέδεξε</em></span> <span class='ocrx_word' id='word_1_85' title='bbox 998 1230 1250 1287; x_wconf 70' lang='grc' dir='ltr'><em>Ἅρπαγον,</em></span> <span class='ocrx_word' id='word_1_86' title='bbox 1299 1231 1444 1288; x_wconf 83' lang='grc' dir='ltr'><em>λήθην</em></span> <span class='ocrx_word' id='word_1_87' title='bbox 1482 1229 1685 1274; x_wconf 86' lang='grc' dir='ltr'><em>ποιεύ-75</em></span> 
     </span>
     <span class='ocr_line' id='line_1_15' title="bbox 333 1307 1630 1367; baseline 0.002 -15"><span class='ocrx_word' id='word_1_88' title='bbox 333 1313 495 1365; x_wconf 84' lang='grc' dir='ltr'><em>4μενος</em></span> <span class='ocrx_word' id='word_1_89' title='bbox 518 1307 572 1353; x_wconf 79' lang='grc' dir='ltr'><em>τά</em></span> <span class='ocrx_word' id='word_1_90' title='bbox 601 1326 678 1366; x_wconf 88' lang='grc' dir='ltr'><em>μιν</em></span> <span class='ocrx_word' id='word_1_91' title='bbox 706 1307 864 1366; x_wconf 78' lang='grc' dir='ltr'><em>ἐόργεε.</em></span> <span class='ocrx_word' id='word_1_92' title='bbox 924 1309 985 1362; x_wconf 77' lang='grc' dir='ltr'><em>ὥς</em></span> <span class='ocrx_word' id='word_1_93' title='bbox 1026 1308 1069 1356; x_wconf 87' lang='grc' dir='ltr'><em>δ’</em></span> <span class='ocrx_word' id='word_1_94' title='bbox 1112 1313 1155 1355; x_wconf 85' lang='grc' dir='ltr'><em>οἱ</em></span> <span class='ocrx_word' id='word_1_95' title='bbox 1185 1313 1338 1367; x_wconf 83' lang='grc' dir='ltr'><em>Μῆδοι</em></span> <span class='ocrx_word' id='word_1_96' title='bbox 1370 1309 1630 1367; x_wconf 78' lang='grc' dir='ltr'><em>στρατευσά-</em></span> 
     </span>
     <span class='ocr_line' id='line_1_16' title="bbox 360 1387 1630 1448; baseline 0.001 -15"><span class='ocrx_word' id='word_1_97' title='bbox 360 1405 485 1446; x_wconf 89' lang='grc' dir='ltr'><em>μενοι</em></span> <span class='ocrx_word' id='word_1_98' title='bbox 512 1394 628 1433; x_wconf 88' lang='grc' dir='ltr'><em>τοῖσι</em></span> <span class='ocrx_word' id='word_1_99' title='bbox 659 1389 856 1447; x_wconf 82' lang='grc' dir='ltr'><em>Πέρσῃσι</em></span> <span class='ocrx_word' id='word_1_100' title='bbox 887 1390 1173 1448; x_wconf 81' lang='grc' dir='ltr'><em>συνέμισγον,</em></span> <span class='ocrx_word' id='word_1_101' title='bbox 1223 1393 1267 1434; x_wconf 85' lang='grc' dir='ltr'><em>οἱ</em></span> <span class='ocrx_word' id='word_1_102' title='bbox 1296 1390 1376 1447; x_wconf 87' lang='grc' dir='ltr'><em>μέν</em></span> <span class='ocrx_word' id='word_1_103' title='bbox 1406 1406 1522 1441; x_wconf 87' lang='grc' dir='ltr'><em>τινες</em></span> <span class='ocrx_word' id='word_1_104' title='bbox 1552 1387 1630 1434; x_wconf 79' lang='grc' dir='ltr'><em>αὖ·</em></span> 
     </span>
     <span class='ocr_line' id='line_1_17' title="bbox 358 1466 1630 1527; baseline 0.001 -15"><span class='ocrx_word' id='word_1_105' title='bbox 358 1472 449 1513; x_wconf 76' lang='grc' dir='ltr'><em>τῶν</em></span> <span class='ocrx_word' id='word_1_106' title='bbox 477 1466 688 1525; x_wconf 79' lang='grc' dir='ltr'><em>ἐμάχοντο</em></span> <span class='ocrx_word' id='word_1_107' title='bbox 698 1502 710 1522; x_wconf 97' lang='grc'><em>,</em></span> <span class='ocrx_word' id='word_1_108' title='bbox 759 1468 860 1514; x_wconf 85' lang='grc' dir='ltr'><em>ὅσοι</em></span> <span class='ocrx_word' id='word_1_109' title='bbox 888 1470 946 1527; x_wconf 84' lang='grc' dir='ltr'><em>μή</em></span> <span class='ocrx_word' id='word_1_110' title='bbox 976 1474 1057 1515; x_wconf 87' lang='grc' dir='ltr'><em>τοῦ</em></span> <span class='ocrx_word' id='word_1_111' title='bbox 1086 1471 1223 1527; x_wconf 88' lang='grc' dir='ltr'><em>λόγου</em></span> <span class='ocrx_word' id='word_1_112' title='bbox 1248 1470 1477 1526; x_wconf 82' lang='grc' dir='ltr'><em>μετέσχον·</em></span> <span class='ocrx_word' id='word_1_113' title='bbox 1509 1470 1554 1513; x_wconf 80' lang='grc' dir='ltr'><em>οἱ</em></span> <span class='ocrx_word' id='word_1_114' title='bbox 1583 1469 1630 1513; x_wconf 80' lang='grc' dir='ltr'><em>δὲ</em></span> 
     </span>
     <span class='ocr_line' id='line_1_18' title="bbox 362 1546 1631 1605; baseline 0 -13"><span class='ocrx_word' id='word_1_115' title='bbox 362 1546 634 1605; x_wconf 83' lang='grc' dir='ltr'><em>αὐτομόλεον</em></span> <span class='ocrx_word' id='word_1_116' title='bbox 661 1550 771 1604; x_wconf 85' lang='grc' dir='ltr'><em>πρὸς</em></span> <span class='ocrx_word' id='word_1_117' title='bbox 799 1548 903 1601; x_wconf 84' lang='grc' dir='ltr'><em>τοὺς</em></span> <span class='ocrx_word' id='word_1_118' title='bbox 934 1550 1132 1604; x_wconf 81' lang='grc' dir='ltr'><em>Πέρσας·</em></span> <span class='ocrx_word' id='word_1_119' title='bbox 1164 1552 1207 1594; x_wconf 86' lang='grc' dir='ltr'><em>οἱ</em></span> <span class='ocrx_word' id='word_1_120' title='bbox 1237 1550 1283 1594; x_wconf 81' lang='grc' dir='ltr'><em>δὲ</em></span> <span class='ocrx_word' id='word_1_121' title='bbox 1312 1554 1503 1594; x_wconf 89' lang='grc' dir='ltr'><em>πλεῖστοι</em></span> <span class='ocrx_word' id='word_1_122' title='bbox 1532 1547 1631 1592; x_wconf 75' lang='grc' dir='ltr'><em>ἐθε-</em></span> 
     </span>
     <span class='ocr_line' id='line_1_19' title="bbox 205 1627 1689 1695; baseline -0.004 -21"><span class='ocrx_word' id='word_1_123' title='bbox 205 1650 302 1695; x_wconf 72' lang='grc'><em>128</em></span> <span class='ocrx_word' id='word_1_124' title='bbox 359 1627 575 1674; x_wconf 77' lang='grc' dir='ltr'><em>λοκοὲκεόν</em></span> <span class='ocrx_word' id='word_1_125' title='bbox 604 1644 648 1672; x_wconf 87' lang='grc' dir='ltr'><em>τε</em></span> <span class='ocrx_word' id='word_1_126' title='bbox 678 1629 752 1673; x_wconf 85' lang='grc' dir='ltr'><em>καὶ</em></span> <span class='ocrx_word' id='word_1_127' title='bbox 782 1628 983 1685; x_wconf 74' lang='grc' dir='ltr'><em>ἔφευγον.</em></span> <span class='ocrx_word' id='word_1_128' title='bbox 1022 1628 1324 1680; x_wconf 83' lang='grc' dir='ltr'><em>Διαλυθέντος</em></span> <span class='ocrx_word' id='word_1_129' title='bbox 1355 1628 1400 1672; x_wconf 83' lang='grc' dir='ltr'><em>δὲ</em></span> <span class='ocrx_word' id='word_1_130' title='bbox 1429 1631 1511 1672; x_wconf 85' lang='grc' dir='ltr'><em>τοῦ</em></span> <span class='ocrx_word' id='word_1_131' title='bbox 1531 1631 1628 1685; x_wconf 87' lang='grc' dir='ltr'><em>Μη-</em></span> <span class='ocrx_word' id='word_1_132' title='bbox 1643 1634 1689 1668; x_wconf 89' lang='grc'><em>80</em></span> 
     </span>
    </p>
   </div>
   <div class='ocr_carea' id='block_1_5' title="bbox 31 1715 310 1855">
    <p class='ocr_par' dir='ltr' id='par_1_5' title="bbox 31 1715 310 1855">
     <span class='ocr_line' id='line_1_20' title="bbox 31 1715 310 1750; baseline -0.014 -5"><span class='ocrx_word' id='word_1_133' title='bbox 31 1717 133 1745; x_wconf 76' lang='lat' dir='ltr'>Altero</span> <span class='ocrx_word' id='word_1_134' title='bbox 194 1715 310 1750; x_wconf 67' lang='lat' dir='ltr'>praeno</span> 
     </span>
     <span class='ocr_line' id='line_1_21' title="bbox 31 1748 310 1790; baseline -0.011 -11"><span class='ocrx_word' id='word_1_135' title='bbox 31 1750 254 1790; x_wconf 68' lang='lat' dir='ltr'>Astyagesjpse</span> <span class='ocrx_word' id='word_1_136' title='bbox 265 1748 310 1775; x_wconf 77' lang='lat' dir='ltr'><em>vi-</em></span> 
     </span>
     <span class='ocr_line' id='line_1_22' title="bbox 31 1790 310 1812; baseline -0.007 0"><span class='ocrx_word' id='word_1_137' title='bbox 31 1790 97 1812; x_wconf 77' lang='lat' dir='ltr'><em>ctus</em></span> <span class='ocrx_word' id='word_1_138' title='bbox 114 1790 146 1812; x_wconf 81' lang='lat' dir='ltr'><em>ct</em></span> <span class='ocrx_word' id='word_1_139' title='bbox 162 1791 248 1811; x_wconf 72' lang='lat' dir='ltr'>vuvus</span> <span class='ocrx_word' id='word_1_140' title='bbox 260 1790 310 1810; x_wconf 81' lang='lat' dir='ltr'><em>ca-</em></span> 
     </span>
     <span class='ocr_line' id='line_1_23' title="bbox 32 1817 224 1855; baseline -0.005 -8"><span class='ocrx_word' id='word_1_141' title='bbox 32 1823 100 1855; x_wconf 72' lang='lat' dir='ltr'><em>ptus</em></span> <span class='ocrx_word' id='word_1_142' title='bbox 117 1826 145 1846; x_wconf 87' lang='lat' dir='ltr'><em>a.</em></span> <span class='ocrx_word' id='word_1_143' title='bbox 163 1817 224 1846; x_wconf 73' lang='lat'>55⁰.</span> 
     </span>
    </p>
   </div>
   <div class='ocr_carea' id='block_1_6' title="bbox 336 1706 1635 2004">
    <p class='ocr_par' dir='ltr' id='par_1_6' title="bbox 336 1706 1635 2004">
     <span class='ocr_line' id='line_1_24' title="bbox 369 1706 1635 1765; baseline -0.001 -13"><span class='ocrx_word' id='word_1_144' title='bbox 369 1710 496 1753; x_wconf 82' lang='grc' dir='ltr'><em>δικοῦ</em></span> <span class='ocrx_word' id='word_1_145' title='bbox 527 1706 848 1765; x_wconf 78' lang='grc' dir='ltr'><em>στρατεύματος</em></span> <span class='ocrx_word' id='word_1_146' title='bbox 875 1710 1084 1765; x_wconf 76' lang='grc' dir='ltr'><em>αἰσχρῶς,</em></span> <span class='ocrx_word' id='word_1_147' title='bbox 1136 1707 1192 1760; x_wconf 77' lang='grc' dir='ltr'><em>ὥς</em></span> <span class='ocrx_word' id='word_1_148' title='bbox 1232 1707 1419 1752; x_wconf 79' lang='grc' dir='ltr'><em>ἐπύθετο</em></span> <span class='ocrx_word' id='word_1_149' title='bbox 1457 1707 1635 1765; x_wconf 85' lang='grc' dir='ltr'><em>τάχιστα</em></span> 
     </span>
     <span class='ocr_line' id='line_1_25' title="bbox 367 1784 1632 1848; baseline 0 -17"><span class='ocrx_word' id='word_1_150' title='bbox 367 1786 392 1832; x_wconf 89' lang='grc' dir='ltr'>ὁ</span> <span class='ocrx_word' id='word_1_151' title='bbox 418 1785 681 1844; x_wconf 80' lang='grc' dir='ltr'><em>Ἀστυάγης,</em></span> <span class='ocrx_word' id='word_1_152' title='bbox 709 1788 819 1846; x_wconf 73' lang='grc' dir='ltr'><em>ἔφη,</em></span> <span class='ocrx_word' id='word_1_153' title='bbox 852 1787 1064 1832; x_wconf 76' lang='grc' dir='ltr'><em>ἀπειλέων</em></span> <span class='ocrx_word' id='word_1_154' title='bbox 1080 1792 1142 1846; x_wconf 78' lang='grc' dir='ltr'><em>τῷ</em></span> <span class='ocrx_word' id='word_1_155' title='bbox 1162 1787 1320 1848; x_wconf 82' lang='grc' dir='ltr'><em>Κύρῳ·</em></span> <span class='ocrx_word' id='word_1_156' title='bbox 1352 1787 1499 1840; x_wconf 82' lang='grc' dir='ltr'><em>,,Ἀλλ’</em></span> <span class='ocrx_word' id='word_1_157' title='bbox 1529 1784 1632 1832; x_wconf 75' lang='grc' dir='ltr'><em>οὐδ’</em></span> 
     </span>
     <span class='ocr_line' id='line_1_26' title="bbox 336 1864 1634 1925; baseline -0.002 -13"><span class='ocrx_word' id='word_1_158' title='bbox 336 1867 466 1921; x_wconf 70' lang='grc' dir='ltr'><em>2,,ὢς</em></span> <span class='ocrx_word' id='word_1_159' title='bbox 497 1867 520 1912; x_wconf 89' lang='grc' dir='ltr'>ὁ</span> <span class='ocrx_word' id='word_1_160' title='bbox 552 1864 701 1923; x_wconf 85' lang='grc' dir='ltr'><em>Κῦρός</em></span> <span class='ocrx_word' id='word_1_161' title='bbox 730 1883 778 1924; x_wconf 87' lang='grc' dir='ltr'><em>γε</em></span> <span class='ocrx_word' id='word_1_162' title='bbox 807 1866 1043 1925; x_wconf 83' lang='grc' dir='ltr'><em>χαιρήσει.“</em></span> <span class='ocrx_word' id='word_1_163' title='bbox 1106 1871 1306 1911; x_wconf 86' lang='grc' dir='ltr'><em>Τοσαῦτα</em></span> <span class='ocrx_word' id='word_1_164' title='bbox 1343 1869 1487 1919; x_wconf 81' lang='grc' dir='ltr'><em>εἴπας,</em></span> <span class='ocrx_word' id='word_1_165' title='bbox 1517 1868 1634 1919; x_wconf 78' lang='grc' dir='ltr'><em>πρῶ-</em></span> 
     </span>
     <span class='ocr_line' id='line_1_27' title="bbox 366 1943 1634 2004; baseline -0.002 -14"><span class='ocrx_word' id='word_1_166' title='bbox 366 1962 446 1991; x_wconf 89' lang='grc' dir='ltr'><em>τον</em></span> <span class='ocrx_word' id='word_1_167' title='bbox 474 1946 553 2003; x_wconf 75' lang='grc' dir='ltr'><em>μὲν</em></span> <span class='ocrx_word' id='word_1_168' title='bbox 580 1949 671 1990; x_wconf 75' lang='grc' dir='ltr'><em>τῶν</em></span> <span class='ocrx_word' id='word_1_169' title='bbox 703 1945 855 2004; x_wconf 79' lang='grc' dir='ltr'><em>μάγων</em></span> <span class='ocrx_word' id='word_1_170' title='bbox 882 1947 986 1998; x_wconf 80' lang='grc' dir='ltr'><em>τοὺς</em></span> <span class='ocrx_word' id='word_1_171' title='bbox 1014 1946 1350 2001; x_wconf 82' lang='grc' dir='ltr'><em>ὀνειροπόλους,</em></span> <span class='ocrx_word' id='word_1_172' title='bbox 1383 1946 1431 1990; x_wconf 84' lang='grc' dir='ltr'><em>οἳ</em></span> <span class='ocrx_word' id='word_1_173' title='bbox 1446 1961 1521 2001; x_wconf 88' lang='grc' dir='ltr'><em>μιν</em></span> <span class='ocrx_word' id='word_1_174' title='bbox 1540 1943 1634 1988; x_wconf 80' lang='grc' dir='ltr'><em>ἀνέ-</em></span> 
     </span>
    </p>
   </div>
   <div class='ocr_carea' id='block_1_7' title="bbox 367 2022 1692 2083">
    <p class='ocr_par' dir='ltr' id='par_1_7' title="bbox 367 2022 1692 2083">
     <span class='ocr_line' id='line_1_28' title="bbox 367 2022 1692 2083; baseline -0.002 -15"><span class='ocrx_word' id='word_1_175' title='bbox 367 2036 545 2082; x_wconf 85' lang='grc' dir='ltr'><em>γνωσαν</em></span> <span class='ocrx_word' id='word_1_176' title='bbox 573 2030 765 2082; x_wconf 88' lang='grc' dir='ltr'><em>μετεῖναι</em></span> <span class='ocrx_word' id='word_1_177' title='bbox 793 2026 873 2070; x_wconf 83' lang='grc' dir='ltr'><em>τόν</em></span> <span class='ocrx_word' id='word_1_178' title='bbox 900 2029 1078 2083; x_wconf 86' lang='grc' dir='ltr'><em>Κῦρον,</em></span> <span class='ocrx_word' id='word_1_179' title='bbox 1107 2025 1294 2078; x_wconf 77' lang='grc' dir='ltr'><em>τούτους</em></span> <span class='ocrx_word' id='word_1_180' title='bbox 1311 2022 1692 2070; x_wconf 77' lang='grc' dir='ltr'><em>ἄνεσκολόπισε.85</em></span> 
     </span>
    </p>
   </div>
   <div class='ocr_carea' id='block_1_8' title="bbox 314 2125 590 2131">
    <p class='ocr_par' dir='ltr' id='par_1_8' title="bbox 314 2125 590 2131">
     <span class='ocr_line' id='line_1_29' title="bbox 314 2125 590 2131; baseline 0 0"><span class='ocrx_word' id='word_1_181' title='bbox 314 2125 590 2131; x_wconf 95' lang='lat' dir='ltr'><em> </em></span> 
     </span>
    </p>
   </div>
   <div class='ocr_carea' id='block_1_9' title="bbox 480 2170 809 2222">
    <p class='ocr_par' dir='ltr' id='par_1_9' title="bbox 480 2170 809 2222">
     <span class='ocr_line' id='line_1_30' title="bbox 480 2170 809 2222; baseline 0 -14"><span class='ocrx_word' id='word_1_182' title='bbox 480 2172 592 2222; x_wconf 77' lang='lat' dir='ltr'><em>Cap.</em></span> <span class='ocrx_word' id='word_1_183' title='bbox 624 2170 809 2209; x_wconf 82' lang='lat' dir='ltr'><strong>cxxvn.</strong></span> 
     </span>
    </p>
   </div>
   <div class='ocr_carea' id='block_1_10' title="bbox 365 2168 1693 2279">
    <p class='ocr_par' dir='ltr' id='par_1_10' title="bbox 365 2168 1693 2279">
     <span class='ocr_line' id='line_1_31' title="bbox 1035 2168 1693 2222; baseline -0.002 -14"><span class='ocrx_word' id='word_1_184' title='bbox 1035 2171 1096 2209; x_wconf 90' lang='lat' dir='ltr'><em>ubi</em></span> <span class='ocrx_word' id='word_1_185' title='bbox 1135 2170 1315 2222; x_wconf 86' lang='lat' dir='ltr'>duplicem</span> <span class='ocrx_word' id='word_1_186' title='bbox 1350 2169 1592 2208; x_wconf 69' lang='lat' dir='ltr'>aecusativum</span> <span class='ocrx_word' id='word_1_187' title='bbox 1623 2168 1693 2207; x_wconf 89' lang='lat' dir='ltr'><em>ad-</em></span> 
     </span>
     <span class='ocr_line' id='line_1_32' title="bbox 365 2222 968 2279; baseline 0 -12"><span class='ocrx_word' id='word_1_188' title='bbox 365 2225 435 2267; x_wconf 79' lang='grc' dir='ltr'><em>καὶ</em></span> <span class='ocrx_word' id='word_1_189' title='bbox 455 2223 669 2279; x_wconf 80' lang='grc' dir='ltr'><em>στρατηγὸν</em></span> <span class='ocrx_word' id='word_1_190' title='bbox 691 2222 848 2277; x_wconf 69' lang='grc' dir='ltr'><em>αὐτῶν,</em></span> <span class='ocrx_word' id='word_1_191' title='bbox 870 2223 968 2268; x_wconf 69' lang='grc' dir='ltr'><em>ὥστε</em></span> 
     </span>
    </p>
   </div>
   <div class='ocr_carea' id='block_1_11' title="bbox 1035 2225 1694 2276">
    <p class='ocr_par' dir='ltr' id='par_1_11' title="bbox 1035 2225 1694 2276">
     <span class='ocr_line' id='line_1_33' title="bbox 1035 2225 1694 2276; baseline -0.003 -12"><span class='ocrx_word' id='word_1_192' title='bbox 1035 2228 1149 2276; x_wconf 76' lang='lat' dir='ltr'>scivit,</span> <span class='ocrx_word' id='word_1_193' title='bbox 1162 2228 1365 2265; x_wconf 85' lang='lat' dir='ltr'>monuimus</span> <span class='ocrx_word' id='word_1_194' title='bbox 1386 2227 1434 2264; x_wconf 86' lang='lat' dir='ltr'><em>ad</em></span> <span class='ocrx_word' id='word_1_195' title='bbox 1450 2226 1489 2274; x_wconf 86' lang='grc' dir='ltr'><em>Ι,</em></span> <span class='ocrx_word' id='word_1_196' title='bbox 1511 2227 1577 2267; x_wconf 91' lang='lat'><em>68.</em></span> <span class='ocrx_word' id='word_1_197' title='bbox 1598 2225 1694 2263; x_wconf 85' lang='lat' dir='ltr'><strong>For-</strong></span> 
     </span>
    </p>
   </div>
   <div class='ocr_carea' id='block_1_12' title="bbox 309 2281 970 2957">
    <p class='ocr_par' dir='ltr' id='par_1_12' title="bbox 309 2281 970 2841">
     <span class='ocr_line' id='line_1_34' title="bbox 310 2281 968 2336; baseline -0.003 -12"><span class='ocrx_word' id='word_1_198' title='bbox 310 2282 541 2336; x_wconf 83' lang='grc' dir='ltr'><em>θεοβλαβής</em></span> <span class='ocrx_word' id='word_1_199' title='bbox 560 2281 635 2323; x_wconf 81' lang='grc' dir='ltr'><em>ἒών</em></span> <span class='ocrx_word' id='word_1_200' title='bbox 651 2298 687 2322; x_wconf 82' lang='grc' dir='ltr'><em>κ.</em></span> <span class='ocrx_word' id='word_1_201' title='bbox 708 2299 739 2322; x_wconf 89' lang='grc' dir='ltr'><em>τ.</em></span> <span class='ocrx_word' id='word_1_202' title='bbox 762 2283 810 2335; x_wconf 90' lang='grc' dir='ltr'><em>λ.]</em></span> <span class='ocrx_word' id='word_1_203' title='bbox 841 2285 890 2322; x_wconf 86' lang='lat' dir='ltr'><em>Et</em></span> <span class='ocrx_word' id='word_1_204' title='bbox 910 2285 968 2322; x_wconf 85' lang='lat' dir='ltr'><em>hic</em></span> 
     </span>
     <span class='ocr_line' id='line_1_35' title="bbox 311 2336 966 2392; baseline -0.003 -13"><span class='ocrx_word' id='word_1_205' title='bbox 311 2346 349 2380; x_wconf 86' lang='lat' dir='ltr'>et</span> <span class='ocrx_word' id='word_1_206' title='bbox 372 2340 480 2392; x_wconf 87' lang='lat' dir='ltr'>paulo</span> <span class='ocrx_word' id='word_1_207' title='bbox 501 2341 595 2378; x_wconf 88' lang='lat' dir='ltr'>infra</span> <span class='ocrx_word' id='word_1_208' title='bbox 615 2336 749 2380; x_wconf 71' lang='grc' dir='ltr'><em>αὐτῶν</em></span> <span class='ocrx_word' id='word_1_209' title='bbox 771 2340 966 2392; x_wconf 86' lang='lat' dir='ltr'>epluribus</span> 
     </span>
     <span class='ocr_line' id='line_1_36' title="bbox 309 2397 967 2446; baseline 0.002 -12"><span class='ocrx_word' id='word_1_210' title='bbox 309 2397 418 2435; x_wconf 86' lang='lat' dir='ltr'><strong>codd.</strong></span> <span class='ocrx_word' id='word_1_211' title='bbox 460 2397 690 2434; x_wconf 71' lang='lat' dir='ltr'>adscivimus,</span> <span class='ocrx_word' id='word_1_212' title='bbox 756 2397 878 2446; x_wconf 84' lang='lat' dir='ltr'>Vulgo</span> <span class='ocrx_word' id='word_1_213' title='bbox 923 2410 967 2435; x_wconf 81' lang='lat' dir='ltr'>ex</span> 
     </span>
     <span class='ocr_line' id='line_1_37' title="bbox 312 2450 967 2504; baseline 0 -13"><span class='ocrx_word' id='word_1_214' title='bbox 312 2453 409 2491; x_wconf 89' lang='lat' dir='ltr'><strong>Aldo</strong></span> <span class='ocrx_word' id='word_1_215' title='bbox 419 2458 667 2504; x_wconf 85' lang='lat' dir='ltr'>propagatum</span> <span class='ocrx_word' id='word_1_216' title='bbox 686 2458 764 2492; x_wconf 91' lang='lat' dir='ltr'>erat</span> <span class='ocrx_word' id='word_1_217' title='bbox 785 2450 967 2493; x_wconf 83' lang='grc' dir='ltr'><em>αύτέων.</em></span> 
     </span>
     <span class='ocr_line' id='line_1_38' title="bbox 311 2507 968 2561; baseline -0.003 -12"><span class='ocrx_word' id='word_1_218' title='bbox 311 2530 370 2539; x_wconf 92' lang='lat'>—</span> <span class='ocrx_word' id='word_1_219' title='bbox 397 2507 629 2561; x_wconf 78' lang='grc' dir='ltr'><em>θεοβλαβής</em></span> <span class='ocrx_word' id='word_1_220' title='bbox 664 2511 792 2548; x_wconf 86' lang='lat' dir='ltr'>dicitur</span> <span class='ocrx_word' id='word_1_221' title='bbox 817 2512 869 2559; x_wconf 86' lang='lat' dir='ltr'><em>is,</em></span> <span class='ocrx_word' id='word_1_222' title='bbox 906 2511 968 2561; x_wconf 84' lang='lat' dir='ltr'><em>qui</em></span> 
     </span>
     <span class='ocr_line' id='line_1_39' title="bbox 312 2566 970 2618; baseline 0.002 -14"><span class='ocrx_word' id='word_1_223' title='bbox 312 2579 338 2604; x_wconf 87' lang='lat' dir='ltr'>a</span> <span class='ocrx_word' id='word_1_224' title='bbox 356 2566 426 2604; x_wconf 87' lang='lat' dir='ltr'>diis</span> <span class='ocrx_word' id='word_1_225' title='bbox 444 2571 564 2604; x_wconf 78' lang='lat' dir='ltr'>mente</span> <span class='ocrx_word' id='word_1_226' title='bbox 596 2567 700 2616; x_wconf 83' lang='lat' dir='ltr'>quasi</span> <span class='ocrx_word' id='word_1_227' title='bbox 724 2572 852 2618; x_wconf 87' lang='lat' dir='ltr'>captus</span> <span class='ocrx_word' id='word_1_228' title='bbox 884 2567 970 2605; x_wconf 86' lang='lat' dir='ltr'>red-</span> 
     </span>
     <span class='ocr_line' id='line_1_40' title="bbox 313 2620 970 2674; baseline 0.005 -14"><span class='ocrx_word' id='word_1_229' title='bbox 313 2623 412 2660; x_wconf 82' lang='lat' dir='ltr'>ditur</span> <span class='ocrx_word' id='word_1_230' title='bbox 439 2621 630 2674; x_wconf 86' lang='grc' dir='ltr'><em>(βλαβεὶς</em></span> <span class='ocrx_word' id='word_1_231' title='bbox 661 2620 742 2662; x_wconf 78' lang='grc' dir='ltr'><em>ύπό</em></span> <span class='ocrx_word' id='word_1_232' title='bbox 770 2626 844 2663; x_wconf 87' lang='grc' dir='ltr'><em>τοῦ</em></span> <span class='ocrx_word' id='word_1_233' title='bbox 865 2625 970 2663; x_wconf 80' lang='grc' dir='ltr'><em>θεοῦ</em></span> 
     </span>
     <span class='ocr_line' id='line_1_41' title="bbox 313 2676 967 2731; baseline -0.002 -12"><span class='ocrx_word' id='word_1_234' title='bbox 313 2676 390 2731; x_wconf 78' lang='grc' dir='ltr'><em>τήν</em></span> <span class='ocrx_word' id='word_1_235' title='bbox 413 2678 593 2731; x_wconf 85' lang='grc' dir='ltr'><em>φρένα),</em></span> <span class='ocrx_word' id='word_1_236' title='bbox 622 2684 663 2716; x_wconf 89' lang='lat' dir='ltr'><em>ut</em></span> <span class='ocrx_word' id='word_1_237' title='bbox 680 2692 805 2717; x_wconf 85' lang='lat' dir='ltr'>amens</span> <span class='ocrx_word' id='word_1_238' title='bbox 834 2680 967 2718; x_wconf 84' lang='lat' dir='ltr'>stolida</span> 
     </span>
     <span class='ocr_line' id='line_1_42' title="bbox 313 2735 967 2787; baseline -0.002 -13"><span class='ocrx_word' id='word_1_239' title='bbox 313 2735 436 2787; x_wconf 63' lang='lat' dir='ltr'>capim</span> <span class='ocrx_word' id='word_1_240' title='bbox 455 2736 603 2774; x_wconf 75' lang='lat' dir='ltr'>consilia</span> <span class='ocrx_word' id='word_1_241' title='bbox 613 2749 860 2786; x_wconf 83' lang='lat' dir='ltr'>perverseque</span> <span class='ocrx_word' id='word_1_242' title='bbox 869 2741 967 2786; x_wconf 85' lang='lat' dir='ltr'>agat.</span> 
     </span>
     <span class='ocr_line' id='line_1_43' title="bbox 313 2792 663 2841; baseline -0.003 -11"><span class='ocrx_word' id='word_1_243' title='bbox 313 2793 425 2830; x_wconf 84' lang='lat' dir='ltr'><strong>conf.</strong></span> <span class='ocrx_word' id='word_1_244' title='bbox 443 2792 551 2841; x_wconf 89' lang='lat' dir='ltr'>VIII,</span> <span class='ocrx_word' id='word_1_245' title='bbox 571 2794 663 2834; x_wconf 84' lang='lat'><strong>137.</strong></span> 
     </span>
    </p>

    <p class='ocr_par' dir='ltr' id='par_1_13' title="bbox 317 2843 970 2957">
     <span class='ocr_line' id='line_1_44' title="bbox 371 2843 970 2900; baseline -0.002 -12"><span class='ocrx_word' id='word_1_246' title='bbox 371 2844 506 2900; x_wconf 80' lang='grc' dir='ltr'><em>λήθην</em></span> <span class='ocrx_word' id='word_1_247' title='bbox 536 2843 773 2900; x_wconf 84' lang='grc' dir='ltr'><em>ποιεύμενος</em></span> <span class='ocrx_word' id='word_1_248' title='bbox 807 2843 855 2887; x_wconf 77' lang='grc' dir='ltr'><em>τά</em></span> <span class='ocrx_word' id='word_1_249' title='bbox 900 2862 970 2899; x_wconf 88' lang='grc' dir='ltr'><em>μιν</em></span> 
     </span>
     <span class='ocr_line' id='line_1_45' title="bbox 317 2899 968 2957; baseline 0 -13"><span class='ocrx_word' id='word_1_250' title='bbox 317 2899 468 2957; x_wconf 78' lang='grc' dir='ltr'><em>ἐόργεε]</em></span> <span class='ocrx_word' id='word_1_251' title='bbox 515 2904 575 2944; x_wconf 88' lang='lat' dir='ltr'>De</span> <span class='ocrx_word' id='word_1_252' title='bbox 612 2906 722 2945; x_wconf 84' lang='lat' dir='ltr'>verbo</span> <span class='ocrx_word' id='word_1_253' title='bbox 748 2908 968 2955; x_wconf 80' lang='grc' dir='ltr'><em>ποιεῖσθαι,</em></span> 
     </span>
    </p>
   </div>
   <div class='ocr_carea' id='block_1_13' title="bbox 1035 2279 1699 2898">
    <p class='ocr_par' dir='ltr' id='par_1_14' title="bbox 1035 2279 1699 2898">
     <span class='ocr_line' id='line_1_46' title="bbox 1035 2279 1695 2336; baseline -0.005 -14"><span class='ocrx_word' id='word_1_254' title='bbox 1035 2297 1131 2322; x_wconf 89' lang='lat' dir='ltr'><em>mam</em></span> <span class='ocrx_word' id='word_1_255' title='bbox 1153 2279 1280 2336; x_wconf 79' lang='grc' dir='ltr'><em>ἐόργεε</em></span> <span class='ocrx_word' id='word_1_256' title='bbox 1301 2288 1453 2334; x_wconf 88' lang='lat' dir='ltr'>propter</span> <span class='ocrx_word' id='word_1_257' title='bbox 1471 2295 1592 2320; x_wconf 85' lang='lat' dir='ltr'>rarum</span> <span class='ocrx_word' id='word_1_258' title='bbox 1603 2295 1695 2332; x_wconf 86' lang='lat' dir='ltr'>aug-</span> 
     </span>
     <span class='ocr_line' id='line_1_47' title="bbox 1035 2338 1695 2391; baseline -0.005 -13"><span class='ocrx_word' id='word_1_259' title='bbox 1035 2341 1149 2378; x_wconf 85' lang='lat' dir='ltr'>menti</span> <span class='ocrx_word' id='word_1_260' title='bbox 1188 2354 1305 2391; x_wconf 86' lang='lat' dir='ltr'>genus</span> <span class='ocrx_word' id='word_1_261' title='bbox 1351 2339 1476 2377; x_wconf 85' lang='lat' dir='ltr'>laudat</span> <span class='ocrx_word' id='word_1_262' title='bbox 1512 2338 1695 2376; x_wconf 82' lang='lat' dir='ltr'>Matthiae</span> 
     </span>
     <span class='ocr_line' id='line_1_48' title="bbox 1037 2394 1694 2448; baseline -0.003 -10"><span class='ocrx_word' id='word_1_263' title='bbox 1037 2396 1074 2448; x_wconf 81' lang='lat'><em>§.</em></span> <span class='ocrx_word' id='word_1_264' title='bbox 1092 2400 1168 2438; x_wconf 88' lang='lat'><em>161</em></span> <span class='ocrx_word' id='word_1_265' title='bbox 1194 2411 1281 2448; x_wconf 85' lang='lat' dir='ltr'>pag.</span> <span class='ocrx_word' id='word_1_266' title='bbox 1294 2398 1376 2438; x_wconf 82' lang='lat'><em>297</em></span> <span class='ocrx_word' id='word_1_267' title='bbox 1400 2395 1481 2433; x_wconf 86' lang='lat' dir='ltr'><strong>coll·</strong></span> <span class='ocrx_word' id='word_1_268' title='bbox 1498 2408 1585 2446; x_wconf 86' lang='lat' dir='ltr'>pag.</span> <span class='ocrx_word' id='word_1_269' title='bbox 1597 2394 1694 2442; x_wconf 87' lang='lat'><strong>458,</strong></span> 
     </span>
     <span class='ocr_line' id='line_1_49' title="bbox 1036 2451 1695 2506; baseline -0.003 -16"><span class='ocrx_word' id='word_1_270' title='bbox 1036 2454 1099 2490; x_wconf 87' lang='lat' dir='ltr'><em>ubi</em></span> <span class='ocrx_word' id='word_1_271' title='bbox 1120 2455 1168 2492; x_wconf 87' lang='lat' dir='ltr'>de</span> <span class='ocrx_word' id='word_1_272' title='bbox 1194 2454 1317 2491; x_wconf 87' lang='lat' dir='ltr'>radice</span> <span class='ocrx_word' id='word_1_273' title='bbox 1338 2451 1459 2506; x_wconf 73' lang='grc' dir='ltr'><em>ἔργω,</em></span> <span class='ocrx_word' id='word_1_274' title='bbox 1485 2452 1588 2490; x_wconf 86' lang='lat' dir='ltr'>unde</span> <span class='ocrx_word' id='word_1_275' title='bbox 1609 2464 1695 2502; x_wconf 91' lang='lat' dir='ltr'>per-</span> 
     </span>
     <span class='ocr_line' id='line_1_50' title="bbox 1036 2507 1694 2560; baseline -0.006 -12"><span class='ocrx_word' id='word_1_276' title='bbox 1036 2511 1172 2548; x_wconf 84' lang='lat' dir='ltr'>fectum</span> <span class='ocrx_word' id='word_1_277' title='bbox 1210 2510 1410 2548; x_wconf 88' lang='lat' dir='ltr'>secundum</span> <span class='ocrx_word' id='word_1_278' title='bbox 1442 2507 1560 2560; x_wconf 73' lang='grc' dir='ltr'><em>ἔοργα</em></span> <span class='ocrx_word' id='word_1_279' title='bbox 1595 2507 1694 2559; x_wconf 84' lang='lat' dir='ltr'>apud</span> 
     </span>
     <span class='ocr_line' id='line_1_51' title="bbox 1036 2562 1696 2618; baseline 0 -16"><span class='ocrx_word' id='word_1_280' title='bbox 1036 2565 1184 2618; x_wconf 75' lang='lat' dir='ltr'>EpicOS.</span> <span class='ocrx_word' id='word_1_281' title='bbox 1202 2566 1246 2603; x_wconf 83' lang='lat' dir='ltr'><em>In</em></span> <span class='ocrx_word' id='word_1_282' title='bbox 1256 2578 1361 2615; x_wconf 86' lang='lat' dir='ltr'>seqq.</span> <span class='ocrx_word' id='word_1_283' title='bbox 1375 2578 1444 2615; x_wconf 90' lang='lat' dir='ltr'><em>pro</em></span> <span class='ocrx_word' id='word_1_284' title='bbox 1455 2562 1696 2616; x_wconf 80' lang='grc' dir='ltr'><em>συνέμισγον</em></span> 
     </span>
     <span class='ocr_line' id='line_1_52' title="bbox 1037 2619 1696 2673; baseline -0.003 -13"><span class='ocrx_word' id='word_1_285' title='bbox 1037 2636 1131 2660; x_wconf 89' lang='lat' dir='ltr'>unus</span> <span class='ocrx_word' id='word_1_286' title='bbox 1151 2623 1232 2660; x_wconf 84' lang='lat' dir='ltr'>eod.</span> <span class='ocrx_word' id='word_1_287' title='bbox 1245 2621 1419 2673; x_wconf 76' lang='grc' dir='ltr'><em>ἔμισγον,</em></span> <span class='ocrx_word' id='word_1_288' title='bbox 1437 2620 1496 2657; x_wconf 82' lang='lat' dir='ltr'>alii</span> <span class='ocrx_word' id='word_1_289' title='bbox 1514 2619 1696 2671; x_wconf 83' lang='grc' dir='ltr'><em>συνέσμι-</em></span> 
     </span>
     <span class='ocr_line' id='line_1_53' title="bbox 1035 2677 1699 2731; baseline -0.009 -12"><span class='ocrx_word' id='word_1_290' title='bbox 1035 2693 1108 2731; x_wconf 88' lang='grc' dir='ltr'><em>γον</em></span> <span class='ocrx_word' id='word_1_291' title='bbox 1120 2708 1131 2726; x_wconf 91' lang='grc'><em>,</em></span> <span class='ocrx_word' id='word_1_292' title='bbox 1154 2691 1268 2728; x_wconf 84' lang='lat' dir='ltr'>prava</span> <span class='ocrx_word' id='word_1_293' title='bbox 1284 2678 1470 2715; x_wconf 83' lang='lat' dir='ltr'>literarum</span> <span class='ocrx_word' id='word_1_294' title='bbox 1488 2677 1699 2727; x_wconf 83' lang='lat' dir='ltr'>transposi-</span> 
     </span>
     <span class='ocr_line' id='line_1_54' title="bbox 1035 2734 1698 2784; baseline -0.005 -12"><span class='ocrx_word' id='word_1_295' title='bbox 1035 2736 1155 2782; x_wconf 85' lang='lat' dir='ltr'>tione,</span> <span class='ocrx_word' id='word_1_296' title='bbox 1186 2734 1331 2784; x_wconf 82' lang='lat' dir='ltr'>qualem</span> <span class='ocrx_word' id='word_1_297' title='bbox 1356 2734 1485 2771; x_wconf 88' lang='lat' dir='ltr'>itidem</span> <span class='ocrx_word' id='word_1_298' title='bbox 1504 2734 1698 2772; x_wconf 80' lang='lat' dir='ltr'>advertunt</span> 
     </span>
     <span class='ocr_line' id='line_1_55' title="bbox 1036 2789 1583 2840; baseline -0.002 -11"><span class='ocrx_word' id='word_1_299' title='bbox 1036 2791 1076 2840; x_wconf 90' lang='grc' dir='ltr'><em>Ι,</em></span> <span class='ocrx_word' id='word_1_300' title='bbox 1096 2790 1187 2832; x_wconf 87' lang='grc'>185.</span> <span class='ocrx_word' id='word_1_301' title='bbox 1218 2790 1290 2838; x_wconf 77' lang='grc' dir='ltr'><em>Π,</em></span> <span class='ocrx_word' id='word_1_302' title='bbox 1308 2789 1371 2831; x_wconf 82' lang='lat'><em>14.</em></span> <span class='ocrx_word' id='word_1_303' title='bbox 1402 2789 1493 2837; x_wconf 88' lang='lat' dir='ltr'>VII,</span> <span class='ocrx_word' id='word_1_304' title='bbox 1515 2789 1583 2832; x_wconf 84' lang='lat'><em>40.</em></span> 
     </span>
     <span class='ocr_line' id='line_1_56' title="bbox 1195 2846 1546 2898; baseline -0.003 -14"><span class='ocrx_word' id='word_1_305' title='bbox 1195 2846 1227 2884; x_wconf 93' lang='lat' dir='ltr'>C</span> <span class='ocrx_word' id='word_1_306' title='bbox 1238 2859 1259 2884; x_wconf 91' lang='lat' dir='ltr'>a</span> <span class='ocrx_word' id='word_1_307' title='bbox 1270 2860 1307 2898; x_wconf 89' lang='lat' dir='ltr'><em>p.</em></span> <span class='ocrx_word' id='word_1_308' title='bbox 1339 2846 1546 2884; x_wconf 89' lang='lat' dir='ltr'>CXXVIII.</span> 
     </span>
    </p>
   </div>
   <div class='ocr_carea' id='block_1_14' title="bbox 1095 2898 1695 2954">
    <p class='ocr_par' dir='ltr' id='par_1_15' title="bbox 1095 2898 1695 2954">
     <span class='ocr_line' id='line_1_57' title="bbox 1095 2898 1695 2954; baseline -0.008 -10"><span class='ocrx_word' id='word_1_309' title='bbox 1095 2899 1262 2952; x_wconf 84' lang='grc' dir='ltr'><em>τούτους</em></span> <span class='ocrx_word' id='word_1_310' title='bbox 1279 2898 1587 2954; x_wconf 69' lang='grc' dir='ltr'><em>ἀνεσκολόπισε]</em></span> <span class='ocrx_word' id='word_1_311' title='bbox 1616 2903 1640 2940; x_wconf 88' lang='grc' dir='ltr'><em>ἰ.</em></span> <span class='ocrx_word' id='word_1_312' title='bbox 1661 2914 1695 2940; x_wconf 88' lang='lat' dir='ltr'>e.</span> 
     </span>
    </p>
   </div>
  </div>
 </body>
</html>
