1759 3324
348 249 435 290 598
743 241 1218 286 HERODOTI

23 365 296 428 ἓιέιέὼιίιιῐξὸὸἒιιιῃπὲ
352 357 510 413 θυσίης
544 354 702 412 ταύτης
750 353 832 400 οὐκ
882 353 995 399 εἶναι
1033 352 1197 409 α’δαὴς,
1255 349 1351 395 ἀλλ’
1396 350 1606 406 ἔμπειρος.

24 442 94 461 8008

23 433 299 496 docul'issefmm
328 434 525 492 ΞἘλλησι
565 434 649 490 γὰρ
688 433 741 490 δή
788 433 1058 489 Μελάμπους
1096 432 1184 476 ἐστὶ
1222 430 1246 475 ὁ
1294 429 1605 486 ἐξηγησάμενος
1619 435 1664 470 55

350 518 433 559 τοῦ
460 511 688 558 Διονύσου
716 510 765 555 τό
795 528 839 555 τε
869 511 1067 567 οὔνομα,
1102 511 1176 554 καὶ
1203 509 1283 566 τὴν
1311 510 1496 566 θυσίην,
1534 507 1609 553 καὶ

325 592 435 649 3τὴν
462 590 639 647 πομπὴν
666 593 749 634 τοῦ
775 594 959 646 φαλλοῦ.
1009 588 1218 645 ἀτρεκέως
1255 590 1336 645 μὲν
1377 587 1433 633 οὐ
1467 586 1610 633 πάντα

297 807 403 859 gypti
431 806 535 845 terris
570 805 644 843 sole
672 804 867 842 combustis
900 804 947 842 ab

297 876 423 902 earum
445 861 569 899 incolis
594 866 631 899 et
660 861 748 911 ipsis
776 860 890 910 nigris
911 861 950 897 in

300 918 492 957 Graeciam
508 918 690 955 advectas.
738 916 821 955 Nec
838 917 951 954 inter-

300 976 449 1022 cedam,
486 974 516 1010 si
554 974 634 1023 quis
678 972 950 1023 Melampodem

297 1030 512 1070 intellexerit
537 1030 716 1067 coloniam
743 1043 770 1066 s.
791 1028 952 1079 discipli-

298 1100 384 1126 nam
412 1086 675 1124 sacerdotalem
698 1086 755 1123 vel
789 1086 951 1123 Graeco-

299 1156 402 1191 rum,
439 1143 502 1193 qui
543 1143 589 1180 ab
615 1142 807 1192 Aegyptiis
848 1153 952 1179 sacra

298 1201 433 1241 fuerint
450 1199 590 1246 edocti,
618 1199 674 1237 vel
702 1199 863 1249 ipsorum
878 1197 952 1236 Ae-

299 1256 508 1307 gyptiorum
519 1283 531 1302 ,
561 1255 623 1305 qui
637 1255 771 1292 Bacchi
788 1267 890 1292 sacra
908 1266 952 1291 ac

299 1313 492 1362 religiones
511 1312 550 1348 in
580 1311 773 1349 Graeciam
800 1312 953 1348 induxe-

301 1370 375 1422 rint
425 1368 748 1419 propagarintque.
818 1366 953 1416 Neque

302 1425 399 1464 enim
416 1424 486 1462 hoc
505 1423 713 1462 abhorrebit
728 1424 773 1461 ab
794 1423 954 1472 antiqui-

299 1483 387 1520 tatis
411 1480 555 1528 indole,
586 1493 682 1530 quae
710 1479 816 1517 simili
842 1479 953 1517 modo

302 1537 492 1589 Orpheum
506 1537 608 1584 dixit,
620 1536 839 1583 Daedalum,
851 1535 953 1572 alios.

301 1594 427 1633 Potuit
443 1593 551 1631 etiam
571 1605 664 1629 unus
679 1606 762 1630 esse
783 1593 953 1629 sacerdos

303 1651 343 1689 in
362 1650 490 1687 horum
517 1662 687 1695 numero,
717 1661 807 1700 prae
827 1647 955 1686 ceteris

303 1706 454 1755 insignis
473 1709 510 1743 et
527 1705 564 1742 in
582 1705 716 1742 Bacchi
737 1704 845 1742 sacris
870 1717 959 1755 pro-

305 1761 488 1815 pagandis
521 1760 711 1799 excellens.
768 1761 861 1798 Utut
889 1764 958 1808 est,

304 1819 487 1857 Herodoti
498 1817 656 1854 narratio
667 1818 714 1855 de
725 1816 960 1867 Melampode

305 1874 571 1925 Aegyptiacam
599 1874 776 1922 originem
809 1873 961 1910 Bacchi-

306 1944 430 1969 corum
452 1942 634 1967 sacrorum
658 1930 696 1966 in
716 1930 872 1966 Graecia
896 1942 958 1966 sa-

305 1987 351 2025 tis
371 1987 529 2037 prodere
549 1982 702 2023 videtur.
756 1985 816 2022 Ad
835 1984 959 2034 Aegy-

305 2047 409 2094 ptum
444 2041 719 2091 Aegyptiosque
749 2041 959 2078 sacerdotes

308 2101 478 2148 spectant
516 2097 625 2134 etiam
641 2126 652 2144 ‚
690 2109 785 2146 quae
821 2095 960 2145 reliqua

310 2154 358 2191 de
388 2151 623 2202 Melampode
649 2156 761 2202 atque
785 2152 961 2201 Amytha-

311 2209 430 2247 onidis
457 2208 674 2256 traduntur,
703 2208 766 2256 qui
792 2221 865 2245 non
893 2208 961 2244 mi-

312 2278 381 2303 nus
412 2264 612 2314 sapientia,
652 2276 761 2313 quam
791 2263 962 2301 medendi

311 2325 350 2360 et
360 2320 577 2358 vaticinandi
592 2324 670 2357 arte
679 2320 841 2368 insignes
850 2319 962 2356 fuisse

313 2378 497 2423 feruntur,
525 2380 565 2412 ut
580 2374 636 2413 vel
653 2375 765 2413 multo
783 2380 869 2426 post
882 2374 963 2412 libri

313 2432 499 2471 cuiusdam
517 2435 643 2469 auctor
671 2431 894 2479 (inscribitur
921 2430 965 2467 li-

314 2488 429 2527 bellus
457 2486 547 2538 περὶ
575 2489 744 2537 παλμῶν
772 2482 964 2538 μαντική)

316 2544 556 2595 Melampodis
569 2573 580 2592 ‚
609 2548 649 2580 ut
665 2543 886 2592 inclytissimi
901 2555 965 2580 va-

317 2601 386 2648 tis,
415 2613 548 2638 nomen
575 2599 747 2650 opusculo
774 2612 838 2637 suo
859 2612 966 2650 prae-

315 2656 490 2708 posuerit.
547 2655 606 2694 De
625 2668 697 2705 quo
719 2654 785 2694 Cr.
813 2656 968 2693 conferri

316 2712 393 2750 vult
411 2712 554 2750 Fabric.
575 2711 619 2749 B.
642 2711 742 2749 Gr.I
767 2724 852 2763 pag.
874 2713 968 2759 116,

317 2768 381 2818 qui
397 2769 495 2806 idem
514 2768 552 2805 in
572 2767 733 2817 Symbol.
751 2767 803 2805 111
822 2782 858 2819 p.
875 2769 967 2808 141.

324 2826 406 2865 162
426 2837 529 2873 seqq.
551 2823 629 2861 coll.
648 2823 729 2866 508
744 2824 903 2875 pluribus
921 2824 970 2861 de

321 2879 556 2931 Melampode
577 2880 756 2918 disseruit.
813 2880 845 2918 E
870 2884 969 2919 vete-

1014 805 1112 842 ribus
1140 818 1220 841 cum
1247 805 1439 842 Herodoto
1467 805 1668 856 comparari

1014 864 1138 912 potest
1162 860 1315 898 Diodor.
1343 861 1382 909 1,
1407 863 1461 903 97
1488 866 1525 899 et
1551 861 1668 900 Clem.

1015 916 1211 954 Alexandr.
1232 916 1415 967 Protrept.
1435 929 1520 967 pag.
1537 920 1600 958 12.

1062 969 1228 1023 ΓΈλλησι,
1246 970 1320 1025 γάρ
1350 969 1402 1023 δή
1421 969 1672 1024 Μελάμπους

1017 1050 1074 1059 —-
1103 1031 1176 1068 τοῦ
1209 1027 1389 1080 φαλλοῦ]
1439 1027 1671 1081 ἐξηγεῖσθαι

1018 1085 1076 1123 hic
1094 1085 1189 1123 valet
1209 1085 1350 1132 docere,
1379 1089 1582 1132 monstrare,
1615 1086 1672 1124 die

1017 1141 1209 1190 Anteitung
1234 1142 1341 1191 geben
1372 1155 1419 1178 zu
1448 1142 1508 1179 der
1532 1141 1672 1180 Benen-

1018 1211 1116 1248 nung
1141 1199 1214 1235 und
1251 1211 1298 1235 zu
1328 1197 1405 1236 dem
1442 1198 1587 1236 Dienste
1614 1199 1672 1236 des

1019 1254 1215 1306 Dionysus,
1229 1258 1270 1291 ut
1290 1254 1549 1305 interpretatur
1557 1255 1675 1294 Creu-

1020 1325 1094 1350 zer.
1122 1313 1159 1348 in
1179 1310 1342 1360 Symbol.
1362 1311 1379 1348 I
1406 1324 1491 1362 pag.
1511 1312 1583 1360 13,
1611 1312 1673 1349 ubi

1019 1368 1144 1406 laudat
1177 1367 1317 1405 Herod.
1353 1367 1419 1415 VI,
1457 1367 1549 1409 135.
1591 1367 1674 1416 Vll,

1023 1426 1103 1465 183
1136 1423 1278 1472 aliaque
1316 1424 1463 1472 attingit
1499 1424 1675 1462 vocabula

1021 1480 1089 1518 hac
1105 1480 1142 1517 in
1162 1493 1202 1518 re
1220 1481 1362 1516 usitata.
1419 1478 1564 1518 Nomen
1583 1480 1675 1517 Dio-

1021 1539 1123 1587 nysi,
1162 1536 1263 1585 quod
1298 1536 1461 1574 Graecos
1487 1536 1676 1574 edocuisse

1021 1595 1137 1631 fertur
1158 1591 1362 1643 Melampus
1377 1621 1389 1640 ,
1428 1604 1509 1629 cum
1539 1605 1584 1631 eo
1620 1596 1678 1631 est

1024 1649 1270 1695 coniunctum,
1301 1649 1401 1697 quod
1420 1648 1523 1686 initio
1547 1649 1677 1700 capitis

1025 1705 1208 1754 sequentis
1238 1704 1411 1753 legimus:
1447 1705 1568 1742 omnia
1588 1717 1678 1756 pro-

1024 1761 1220 1813 pemodum
1257 1761 1407 1798 deorum
1448 1762 1596 1798 nomina
1634 1772 1680 1799 ex

1025 1818 1196 1868 Aegypto
1223 1818 1262 1853 in
1283 1816 1474 1854 Graeciam
1492 1817 1681 1868 pervenis-

1027 1887 1078 1911 se.
1137 1874 1242 1917 Quae
1260 1886 1346 1910 vero
1375 1873 1507 1911 Graeci
1527 1874 1576 1912 de
1597 1874 1679 1924 ipso

1025 1930 1180 1978 Dionysi
1197 1930 1344 1967 nomine
1365 1929 1484 1978 deque
1496 1929 1600 1978 Nysa
1619 1942 1681 1966 ur-

1025 1987 1074 2024 be
1094 1986 1158 2034 (cf.
1182 1985 1229 2033 II,
1252 1985 1364 2030 146),
1398 1986 1498 2024 unde
1514 1986 1601 2023 illud
1620 1998 1681 2024 re-

1026 2046 1177 2093 petunt,
1209 2041 1358 2079 fabulati
1387 2042 1476 2090 sint,
1514 2046 1681 2093 repetere

1027 2098 1151 2135 nolim.
1208 2097 1293 2134 Vid.
1317 2097 1453 2136 Moser.
1485 2099 1534 2135 ad
1554 2097 1681 2136 Nonni

1027 2153 1180 2202 Dionys.
1222 2165 1309 2203 pag.
1338 2156 1418 2194 201
1457 2167 1561 2203 seqq.
1600 2152 1679 2191 coll.

1029 2210 1200 2247 Creuzer.
1222 2208 1385 2257 Symbol.
1412 2209 1464 2247 ΠΙ
1486 2222 1575 2261 pag.
1600 2213 1681 2252 122

1028 2278 1131 2315 seqq.
1164 2265 1255 2305 136.

1085 2316 1275 2371 ἀτρεκέως
1293 2316 1365 2370 μὲν
1385 2314 1435 2359 οὕ
1452 2340 1509 2348 --
1532 2318 1679 2372 ἔφηνε]

1031 2377 1055 2414 i.
1067 2390 1099 2414 e.
1111 2380 1275 2414 accurate
1288 2376 1433 2425 quidem
1452 2376 1549 2413 haud
1560 2377 1682 2414 omnia

1031 2432 1342 2483 comprehendens
1352 2433 1550 2470 doctrinam
1563 2434 1684 2471 Grae-

1031 2489 1081 2526 cis
1111 2489 1273 2538 aperuit,
1302 2489 1396 2536 sive,
1436 2493 1476 2525 ut
1509 2489 1683 2527 Creuzeri

1031 2549 1112 2581 utar
1134 2544 1252 2582 verbis
1272 2544 1453 2593 (Symbol.
1472 2544 1489 2581 1
1509 2557 1594 2595 pag.
1618 2547 1683 2587 13.

1032 2600 1083 2638 ΙΙΙ
1105 2614 1141 2650 p.
1171 2602 1288 2647 163):
1320 2600 1557 2650 „Melampus
1582 2601 1684 2639 hatte

1029 2656 1161 2706 jedoch
1188 2656 1287 2693 nicht
1323 2657 1383 2694 die
1413 2669 1532 2706 ganze
1563 2657 1686 2695 Lehre

1033 2713 1082 2749 im
1105 2712 1424 2761 Zusammenhang
1439 2713 1634 2762 gewiesen‚
1645 2725 1686 2750 er

1034 2768 1134 2806 hatte
1165 2769 1238 2805 den
1261 2767 1444 2817 Dionysus
1473 2769 1548 2806 und
1585 2769 1685 2807 seine

1036 2824 1250 2862 Gebriiuche
1269 2824 1367 2861 nicht
1381 2838 1447 2862 aus
1467 2825 1551 2862 dem
1563 2825 1686 2862 Grun-

1036 2881 1085 2918 de
1103 2880 1278 2928 erklart‚“
1290 2884 1469 2930 quatenus
1479 2881 1684 2931 Melampus
