1759 3324
478 273 900 315 EUTERPE.
958 273 1005 311 II.

1295 275 1380 316 477

119 389 201 433 οὐκ
238 386 419 433 ἐδύνατο
457 382 792 439 πυνθανόμενος
827 381 970 437 πόρον
1007 381 1168 427 οὐδένα
1215 383 1378 428 τούτου

118 468 339 522 ἀνευρεῖν,
369 468 410 508 οἳ
436 465 637 520 γενοίατο
664 467 829 517 πρῶτοι
854 461 1125 518 ἀνθρώπων,
1155 462 1375 519 ἐπιτεχνᾶ-
1389 471 1436 504 ΞΟ

90 552 186 590 4ται
222 543 404 588 τοιόνδε.

465 544 628 586 Παιδία
669 541 750 585 δύο
799 541 960 598 νεογνὰ
997 540 1246 597 ἀνθρώπων
1290 546 1380 586 τῶν

115 621 403 678 ἐπιτυχόντων
441 624 559 666 διδοῖ
595 622 767 677 ποιμένι
810 622 987 676 τρέφειν
1027 621 1069 673 ές
1105 621 1158 664 τά
1196 623 1379 678 ποίμνια

114 701 286 758 τροφήν
322 718 422 744 τινα
451 701 645 758 τοιήνδε·
689 699 984 757 ἐντειλάμενος
1023 702 1186 757 μηδένα
1225 700 1377 746 ἀντίον

115 779 263 825 αὐτῶν
298 782 512 837 μηδεμίαν
549 780 702 837 φωνήν
744 781 874 832 ἱέναι,
923 781 970 824 ἐν
999 781 1124 838 στέγῃ
1165 782 1210 825 δὲ
1235 781 1376 840 ἐρήμῃ

111 860 185 904 ἐπ’
213 859 389 903 ἑωυτῶν
417 860 593 905 κέεσθαι
623 859 752 911 αὐτοὶ,
785 859 857 903 καὶ
886 859 964 916 τήν
994 860 1113 917 ὥρην
1134 862 1374 917 ἐπαγινέειν
1434 873 1514 915 104

114 951 194 996 σφι
224 938 372 996 αἶγας·
413 939 637 996 πλήσαντα
668 941 713 982 δὲ
742 942 823 982 τοῦ
852 939 1084 994 γάλακτος,
1116 941 1251 985 τᾶλλα
1282 945 1376 986 δια-
1388 951 1434 986 25

86 1024 108 1059 5
119 1018 404 1076 πρήσσεσθαι.

532 1024 549 1031 ,υ
641 1016 684 1062 δ’
731 1018 742 1031 Ί
814 1019 822 1033 Ι
853 1018 862 1031 Ι
1043 1022 1052 1036 ι
1093 1021 1104 1034 7
1189 1020 1196 1034 Ι
1362 1022 1373 1038 r

467 1037 604 1062 ταυτα
726 1034 863 1061 εποιεε
902 1035 947 1062 τε
983 1036 1057 1062 και
1087 1026 1321 1066 ενετελλετο
1350 1040 1373 1067 ο

121 1100 406 1155 Ψαμμίτιχος,
456 1098 599 1141 θέλων
638 1096 826 1141 ἀκοῦσαι
860 1101 947 1140 τῶν
976 1100 1187 1149 παιδίων,
1236 1100 1374 1145 ἀπαλ-

114 1177 361 1234 λαχθέντων
388 1183 477 1221 τῶν
497 1175 678 1233 ἀσήμων
700 1176 1007 1234 κνυζημάτων,
1039 1178 1192 1235 ἥντινα
1219 1180 1376 1239 φωνήν

112 1352 253 1392 παιδία
269 1347 340 1391 δύο
356 1367 378 1391 ν
393 1366 410 1391 ε
423 1366 477 1405 ογ
490 1367 511 1391 ν
523 1348 547 1390 ἀ
568 1366 602 1390 κ.
614 1350 703 1401 τ.λ.]

57 1409 185 1447 Pollux
200 1410 236 1445 in
249 1410 438 1446 Onomast.
452 1409 506 1456 11,
527 1412 552 1451 8
573 1422 615 1447 ex
627 1409 705 1445 He-

56 1466 186 1502 rodoto
217 1466 325 1503 affert
353 1461 568 1517 vso'yovov3
606 1466 706 1514 quod

57 1526 177 1560 tamen
197 1535 375 1572 reponere
394 1522 545 1559 noli.——-
565 1520 606 1560 οἱ
624 1520 705 1560 ἐπι-

55 1573 238 1629 τυχόντες
256 1582 339 1615 sunt
359 1579 522 1616 homines
534 1578 632 1625 viles,
649 1580 705 1615 in-

48 1636 160 1685 fimae
177 1635 386 1672 conditionis
406 1648 449 1672 ac
470 1638 585 1672 sortis.
624 1633 709 1671 Mo-

56 1691 118 1728 nui
143 1690 212 1727 hoc
244 1691 292 1727 ad
319 1690 497 1728 Plutarch.
531 1690 708 1728 Alcibiad.

55 1748 244 1798 pag-137
267 1760 342 1796 seq.
399 1746 459 1784 Ad
484 1748 594 1785 verba
626 1744 707 1798 τρέ-

57 1818 217 1852 ‹psov——
246 1798 405 1855 τροφήν
430 1819 519 1842 τινα
549 1800 709 1852 τοιήνδε

56 1860 80 1897 ἱ.
99 1873 130 1897 e.
164 1859 240 1898 ώδε
270 1859 429 1910 τρέφειν
450 1861 544 1897 conf.
575 1859 706 1896 Matth.

58 1915 96 1967 §-
115 1918 197 1957 423
218 1921 294 1953 not
315 1919 340 1957 3
361 1929 447 1966 pag
469 1917 563 1958 775

99 1968 383 2040 ἐντειλάμενος
402 1971 551 2023 μηδένα
568 1967 705 2011 ἀντίον

56 2023 190 2068 αυτῶν
208 2029 402 2081 μηδεμίαν
419 2044 562 2080 φωνην
589 2027 706 2079 ἱέναι]

58 2100 190 2124 αυτων
208 2090 244 2123 et
263 2086 459 2137 μηδεμίαν
489 2099 569 2122 cum
587 2085 704 2122 Gaisf.

57 2142 222 2179 dedimus
250 2156 318 2193 pro
341 2142 438 2191 vulg.
462 2136 613 2181 αὐτέων
633 2157 705 2192 μη-

58 2198 205 2249 δεμὶην
217 2196 428 2250 -φωνήν
453 2197 526 2237 ἷέν
541 2214 565 2237 α
579 2214 592 2237 ι
611 2199 706 2246 (uon

0 2265 1 2286 1
60 2251 217 2302 ἰέναι,
249 2260 289 2292 ut
310 2268 422 2306 prave
451 2255 562 2292 olim
553 2268 706 2304 impres-

59 2323 137 2348 sum
152 2311 358 2360 legebatur)
376 2325 384 2349 :
411 2324 526 2349 vocem
543 2314 706 2358 emittere,

0 2357 2 2372 '
57 2367 206 2405 recurrit
233 2367 329 2405 infra
352 2368 427 2415 IX,
466 2371 517 2409 16
546 2368 627 2406 coll.
656 2368 703 2414 Π,

60 2425 136 2470 15,
177 2424 239 2460 ubi
271 2424 536 2473 VVesselingius
580 2425 704 2461 laudat

57 2477 188 2516 Aeseh.
213 2479 251 2516 S.
283 2494 312 2518 c.
345 2480 416 2518 Th.
445 2483 537 2522 871.
576 2480 702 2530 Eurip.

58 2534 159 2571 Med
193 2537 320 2583 1176,
349 2536 430 2573 alia.
498 2537 590 2574 Item
618 2537 705 2573 Plu-

58 2589 182 2626 tarcho
193 2565 407 2654 freque’ns’
382 2609 406 2631 α
421 2608 450 2642 φ
464 2592 535 2632 ιέν
546 2608 570 2632 α
583 2608 596 2632 ι
613 2608 643 2642 φ
657 2608 704 2631 ω-

60 2641 174 2695 νήνς
203 2647 429 2686 utinPericl.
446 2651 484 2690 8.
501 2651 568 2691 33.
594 2650 703 2687 Conf.

5 2702 7 2707 ’
61 2702 217 2737 Coraem
238 2703 284 2739 ad
303 2703 491 2742 Heliodor.
509 2719 597 2756 pag.
607 2708 703 2748 368.

60 2756 136 2793 Et
128 2769 244 2806 ipsum
262 2761 387 2798 confer
409 2761 457 2798 sis
473 2761 704 2800 Herodotum

117 2865 159 2905 ἐν
179 2866 288 2922 στέγῃ
309 2868 351 2910 δὲ
369 2868 533 2942 ἐρήμῃ’
515 2870 584 2912 επ’
610 2873 704 2913 ἑωυ-

60 2924 140 2961 τῶν
158 2922 342 2976 κέεσθαι]
367 2924 434 2967 ἐπ’
455 2928 613 2968 έωυτων
638 2944 703 2968 eo-

775 1352 858 1389 dem
892 1353 1002 1389 modo
1047 1353 1318 1403 accipiendum,
1358 1369 1430 1405 quo

776 1408 949 1477 ευΡῐῆΗΙ
983 1408 1074 1450 143.
1103 1412 1298 1451 203-111
1324 1425 1428 1462 seqq.

773 1479 847 1515 την
874 1460 982 1516 ὥρην
1019 1470 1092 1503 est:
1136 1471 1247 1514 certo,
1286 1468 1430 1519 clefinzto

774 1526 939 1571 tempore,
968 1535 1033 1559 zur
1061 1523 1290 1572 ὸεείιηηητεη,
1320 1526 1430 1574 gele&-

780 1581 881 1627 rigen
893 1578 1000 1625 Zeit,
1030 1583 1070 1616 ut
1090 1584 1188 1618 recte
1207 1581 1428 1631 interpreta—

775 1639 833 1671 tur
868 1634 1000 1671 Matth.
1032 1636 1098 1672 Gr.
1131 1637 1196 1674 Gr.
1223 1651 1308 1688 pag.
1333 1641 1429 1679 786.

776 1689 999 1744 ἐπαγινέειν
1011 1691 1133 1729 Ionica
1145 1695 1260 1730 forma
1283 1694 1332 1732 sic
1344 1697 1431 1731 scri-

774 1752 878 1798 ptum
920 1747 1084 1798 plerique
1123 1748 1203 1786 libri
1237 1751 1428 1798 exhibent3

776 1804 876 1852 quod
908 1805 1069 1852 sequitur
1101 1817 1196 1854 σφι,
1224 1819 1267 1844 ex
1297 1808 1428 1845 iisdem

776 1860 875 1897 libris
904 1873 1000 1897 nunc
1036 1862 1239 1900 restitutum
1272 1877 1340 1914 pro
1370 1877 1428 1912 e0,

774 1917 875 1966 quod
916 1916 951 1953 in
988 1916 1243 1967 VVesselingii‚
1295 1920 1428 1968 Reizii,

775 1973 999 2021 aliorumque
1028 1974 1246 2013 editionibus
1278 1976 1430 2025 legeba-

773 2033 832 2066 tur
867 2029 992 2078 σφίσι.
1062 2030 1258 2069 Caeterum
1297 2035 1334 2070 in
1372 2034 1427 2070 his

775 2086 892 2124 verbis
912 2086 1066 2123 subitum
1084 2088 1233 2125 subiecti
1247 2091 1347 2138 quod
1363 2103 1430 2126 vo·-

774 2146 882 2190 cant,
918 2144 1108 2180 transitum
1150 2149 1280 2183 notare
1316 2147 1428 2194 iuvat,

773 2198 830 2235 vel
868 2199 990 2249 potius
1026 2200 1222 2248 defectum,
1264 2216 1342 2240 cum
1379 2204 1427 2240 ad

774 2253 993 2306 ἐπαγινέειν
1012 2257 1053 2304 (i.
1068 2271 1102 2307 q.
1125 2255 1305 2310 ἐπάγειν)
1324 2273 1427 2297 men-

773 2316 810 2349 te
844 2312 889 2348 sit
928 2315 1187 2362 repetendum:
1225 2315 1426 2366 (ποιμένι)

774 2363 1054 2419 έντειλάμενος.
1112 2370 1193 2408 Nec
1221 2371 1324 2410 aliter
1343 2387 1426 2410 ver-

772 2425 820 2461 ba
850 2426 1038 2474 sequentia
1064 2427 1267 2477 supplenda
1302 2434 1425 2468 exunt:

771 2478 975 2532 πλήσαντα
999 2479 1041 2520 δὲ
1060 2484 1128 2530 (sc.
1147 2481 1214 2523 τὸν
1234 2485 1425 2536 ποιμένα)

773 2560 829 2564 -—-
852 2534 1175 2590 διαπρήσσεσθαι
1205 2542 1277 2579 scil.
1308 2542 1426 2582 ἐντει-

772 2589 955 2644 λαμενος.
1016 2595 1139 2639 Quare
1155 2611 1268 2648 prave
1288 2599 1325 2635 in
1346 2601 1429 2649 qui-

772 2651 926 2688 busdam
951 2652 1117 2688 scribitur
1135 2649 1215 2705 πλή
1221 2666 1317 2694 σαντ
1328 2672 1351 2694 α
1366 2672 1396 2704 ς.

827 2709 949 2746 ταῦτα
973 2703 1006 2746 δ’
1033 2707 1242 2750 ἐποίεέ
1269 2712 1424 2764 τεκαὶ]

770 2763 831 2801 Sic
859 2763 940 2801 libri
967 2765 1115 2803 dabant.
1154 2766 1315 2817 Vulgo’
1298 2770 1424 2809 εποιέ-

771 2834 845 2859 ετο.

825 2877 906 2914 τῶν
937 2871 1105 2927 ἀσήμων
1138 2875 1421 2931 κνυζημάτων]

769 2931 881 2969 Haud
897 2932 990 2970 male
1005 2932 1231 2971 Larcherus:
1261 2935 1320 2972 des
1342 2950 1421 2973 sons
