1759 3324
296 281 381 323 470

709 275 1177 318 HERODOTI

299 389 522 445 ἐγένοντο,
552 389 689 443 κρίνω
720 386 1006 443 ἰσχυροτάτην
1032 384 1257 441 γενέσθαι·
1299 386 1373 428 καὶ
1403 385 1457 442 δή
1488 386 1564 430 καὶ

272 467 590 524 3πυνθάνομαι
620 466 737 511 οὕτω
765 471 895 510 τοῦτο
925 464 1175 521 γενόμενον.
1206 468 1356 519 πρῶτα
1380 465 1459 522 μὲν
1477 467 1561 521 γὰρ

300 547 467 604 λέγεται
505 546 666 597 αὐτούς
704 545 960 597 διαστάντας
1001 544 1043 596 ές
1091 543 1304 600 ἀλλήλους
1351 544 1565 597 τοξεύειν·

304 626 409 683 μετὰ
440 627 507 677 δὲ,
551 625 609 676 ὥς
640 636 720 679 σφι
747 624 802 668 τοὶ
832 625 959 682 βέλεα
988 624 1294 676 ἐξετετόξευτο,
1326 622 1566 681 συμπεσόν-

303 722 380 757 τας
407 709 507 763 τῇσι
537 704 711 760 αἰχμῇσί
749 719 794 747 τε
829 703 905 747 καὶ
940 707 1054 746 τοῖσι
1082 703 1370 759 ἐγχειριδίοισι
1398 704 1567 760 συνέχε-

305 790 431 828 σθαι·
478 781 640 839 χρόνον
678 798 723 824 τε
763 780 815 837 δή
848 781 913 824 ἐπὶ
945 780 1111 824 πολλὸν
1150 783 1411 826 συνεστάναι
1439 792 1625 839 μαχο-65

305 862 486 918 μένους,
526 861 600 905 καὶ
630 859 889 914 οὐδετέρους
917 859 1084 903 ἐθέλειν
1112 858 1312 915 φεύγειν·
1356 860 1478 912 τέλος
1508 862 1567 914 δὲ,
1613 867 1690 906 101

279 943 354 985 405
392 938 677 996 Μασσαγέται
710 937 1022 994 περιεγενέατο.
1081 938 1110 996 ἥ
1145 956 1191 983 τε
1230 938 1283 994 δή
1323 939 1460 997 πολλή
1497 944 1572 996 τῆς

311 1023 530 1076 Περσικῆς
559 1022 762 1075 στρατιῆς
792 1016 934 1062 αὐτοῦ
967 1016 1105 1075 ταύτῃ
1135 1017 1374 1075 διεφθάρη,
1413 1019 1486 1063 καὶ
1516 1018 1570 1076 δὴ

309 1099 384 1144 καὶ
419 1098 552 1151 αὐτὸς
589 1101 741 1153 Κῦρος
784 1100 959 1155 τελευτᾷ
970 1131 1008 1151 ,,
1039 1097 1300 1155 βασιλεύσας
1337 1098 1390 1141 τοὶ
1430 1097 1574 1142 πάντα

281 1178 413 1230 5ἓνὸς
442 1178 597 1223 δέοντα
625 1177 860 1234 τριήκοντα
890 1177 996 1221 ἔτεα.
1042 1174 1179 1221 ἀσκὸν
1209 1178 1255 1220 δὲ
1284 1176 1482 1233 πλήσασα
1512 1178 1631 1220 αἶ’-70

310 1275 446 1315 ματος
481 1256 772 1314 ἀνθρωπηίου
816 1256 1029 1314 Τόμυρις,
1080 1256 1244 1313 ἐδίζητο
1285 1257 1332 1300 ἐν
1370 1261 1485 1301 τοῖσι
1510 1273 1576 1301 τε-

283 1342 479 1382 6θνεῶσι
517 1340 608 1381 τῶν
658 1336 864 1392 Περσέων
909 1335 989 1381 τὸν
1031 1335 1189 1392 Κύρου
1223 1336 1371 1380 νέκυν.

314 1518 588 1575 συμπεσόντας
623 1523 715 1576 τῇσι
747 1521 912 1576 αἰχμῇσί

259 1594 299 1619 τε
317 1603 373 1608 ——
403 1578 660 1631 συνέχεσθαι]
710 1578 817 1617 Facit
842 1579 913 1617 huc

259 1637 433 1686 Hesychii
452 1637 575 1687 glossa
605 1636 651 1684 (t.
673 1635 708 1674 II
723 1649 761 1687 p.
782 1635 911 1685 1305)

261 1692 481 1744 συνέχεται·
532 1691 913 1744 συμπλέκεταις

262 1748 559 1802 συμπλέκεσθαι
610 1753 731 1789 autem
771 1753 916 1787 constat

261 1820 363 1846 esse:
393 1820 518 1844 manus
546 1819 716 1844 conserere
741 1819 818 1843 cum
844 1805 916 1843 ali-

262 1878 349 1914 quo,
378 1868 420 1901 ut
456 1863 612 1901 diximus
653 1864 704 1901 ad
731 1862 914 1901 Plutarch.

260 1920 416 1959 Flamin.
437 1919 489 1957 IV
514 1933 552 1970 p.
571 1921 638 1962 88.
650 1940 707 1948 -
724 1918 786 1956 Ad
805 1929 916 1957 συνε-

264 1972 408 2016 στάναι
422 1976 460 2013 in
481 1989 584 2025 seqq.
608 1977 703 2013 conf.
723 1975 764 2024 I,
782 1977 876 2016 208.

321 2032 362 2071 οἷ
385 2030 645 2085 Μασσαγέται
658 2045 836 2084 περιεγεν
848 2029 916 2069 ἑα-

263 2087 331 2139 το]
362 2088 435 2125 Pro
455 2086 776 2139 περιεγένοντο
790 2087 918 2124 Ionum

264 2157 387 2190 more3
427 2145 523 2181 conf.
553 2143 731 2181 Matthiae
761 2144 827 2181 Gr.
850 2144 917 2180 Gr.

265 2213 351 2250 pag.
374 2199 469 2240 384.
528 2199 682 2237 Transit
712 2200 770 2237 hic
798 2200 917 2237 subito

265 2256 407 2294 Noster
437 2267 482 2293 ex
510 2257 675 2293 oratione
707 2256 853 2305 obliqua
880 2256 917 2292 in

266 2317 399 2350 rectam
428 2313 629 2349 orationem
641 2341 651 2359 ‚
669 2312 800 2350 oblitus
817 2312 918 2361 quod

265 2372 376 2406 antea
395 2367 534 2406 dixerat
552 2366 710 2421 λέγεται.
760 2368 842 2407 Nec
860 2375 917 2405 ta-

265 2437 351 2462 men
380 2423 465 2460 talia
491 2425 591 2475 apud
623 2426 780 2475 optimos
811 2437 921 2474 quos-

267 2493 341 2547 que
382 2480 574 2530 scriptores
603 2481 747 2519 desunt.
774 2501 831 2510 --
860 2480 920 2518 Ad

269 2531 395 2576 αὐτοῦ
413 2533 535 2592 ταύτῃ
562 2537 600 2574 in
632 2551 735 2588 seqq.
768 2538 862 2576 conf.
890 2537 921 2586 Ι,

270 2594 352 2635 189
371 2592 434 2630 fin.

325 2645 558 2700 βασιλεύσας
590 2664 638 2688 τα
671 2664 803 2689 παντα
834 2647 921 2697 ἕνὸς

269 2702 410 2744 δέοντα
434 2702 669 2756 τριήκοντα]
714 2707 857 2745 Ctesias
882 2708 921 2745 in

269 2761 425 2800 Persice.
444 2762 628 2814 Excerptt.
649 2761 686 2814 §.
712 2765 737 2804 8
768 2765 922 2812 triginta

269 2830 387 2856 annos
416 2818 552 2867 Cyrum
578 2832 753 2868 regnasse
777 2821 922 2867 scribit3

271 2887 380 2923 quem
399 2874 563 2924 plerique
581 2875 640 2912 alii
652 2876 844 2927 scriptores
865 2890 923 2914 se-

273 2930 345 2968 cuti
386 2935 488 2980 sunt,
537 2935 577 2970 ut
612 2931 682 2971 illic
719 2932 922 2971 notavimus

1431 1333 1490 1388 ὥς
1530 1335 1577 1381 δὲ

977 1535 1065 1575 pag.
1108 1524 1200 1564 116.
1269 1521 1351 1560 Nec
1388 1521 1539 1559 multum
1573 1521 1633 1558 alii

977 1579 1162 1618 recedunt.
1203 1579 1328 1623 Quare
1343 1578 1546 1617 Larcherus
1566 1591 1634 1628 op-

977 1640 1134 1688 portune
1162 1636 1251 1684 Cyri
1275 1639 1428 1673 mortem
1446 1634 1568 1673 retulit
1584 1634 1634 1671 ad

979 1705 1114 1731 annum
1132 1695 1216 1734 530
1238 1704 1270 1729 a.
1295 1692 1382 1729 Chr.
1401 1705 1437 1729 n.

1037 1748 1212 1800 ἐδίζητο]
1243 1747 1342 1786 Male
1373 1748 1458 1785 olim
1479 1746 1634 1794 ἕδίζετο.

980 1805 1065 1843 Vid.
1084 1806 1100 1843 I
1116 1835 1127 1853 ‚
1147 1808 1213 1848 96.
1244 1826 1300 1833 -—
1327 1804 1370 1841 In
1402 1817 1503 1854 seqq.
1525 1803 1638 1842 Wes-

982 1857 1124 1912 seling.'
1131 1866 1251 1899 tuetur
1261 1860 1434 1912 ἐναπῆκε
1445 1861 1636 1909 (demisit),

981 1919 1082 1969 quod
1108 1930 1131 1955 a
1154 1918 1361 1965 Gronovio,
1392 1918 1492 1965 aliis,
1520 1916 1638 1967 pluri-

981 1988 1122 2013 morum
1149 1974 1353 2011 librorum
1344 1987 1443 2011 iussu
1460 1977 1639 2010 mutatum

984 2035 1063 2069 erat
1080 2031 1117 2067 in
1134 2029 1335 2082 ε’ναπηπτε
1356 2030 1399 2078 (a
1414 2030 1525 2068 verbo
1549 2028 1638 2069 s’voc-

983 2083 1155 2126 πάπτειν
1175 2087 1250 2125 sive
1269 2081 1533 2135 ἐναφαπτειν)
1568 2086 1640 2124 hoc

984 2145 1062 2182 fere
1084 2157 1212 2181 sensu:
1240 2173 1265 2192 ,‚
1279 2143 1460 2192 adlegavit
1480 2155 1637 2193 superto-

983 2203 1019 2238 τι·
1036 2202 1128 2237 utrzs
1146 2202 1219 2248 ori,
1249 2204 1289 2237 ut
1310 2200 1409 2236 modo
1433 2202 1550 2250 posset
1577 2199 1639 2237 de·-

982 2258 1119 2294 mz'ttere
1136 2258 1240 2307 quasi
1258 2256 1306 2294 ad
1326 2256 1541 2306 potandum,
1566 2269 1640 2294 mo-

985 2313 1029 2350 do
1049 2327 1172 2350 rursus
1191 2313 1389 2361 attrahere,
1409 2317 1450 2350 ut
1467 2315 1641 2350 intermit-

985 2374 1083 2407 teret.
1134 2370 1336 2419 Schweigh.
1365 2369 1641 2419 interpretatur:

985 2430 1119 2477 „caput
1139 2428 1178 2464 in
1196 2440 1298 2463 sacco
1318 2426 1538 2476 suspendit.“
1564 2426 1643 2464 Sed

987 2483 1075 2521 mihi
1085 2482 1284 2534 ἐναπῆπτε
1295 2483 1520 2520 librariorum
1539 2496 1643 2520 men-

989 2540 1077 2577 dum
1095 2541 1238 2578 videtur
1249 2569 1260 2587 ‚
1276 2540 1377 2589 quod
1394 2540 1491 2577 idem
1508 2539 1644 2576 iudicat

988 2609 1119 2634 censor
1137 2596 1174 2632 in
1193 2595 1347 2646 Ephem.
1360 2595 1521 2634 Ienenss.
1535 2597 1643 2637 1817

988 2665 1044 2690 nr.
1067 2652 1147 2694 165
1176 2664 1265 2702 pag.
1281 2651 1376 2693 384.
1434 2651 1560 2695 Quare
1584 2664 1644 2690 re-

985 2709 1112 2747 vocavi
1142 2707 1325 2758 ἐναπῆκε.
1361 2729 1419 2736 —
1458 2707 1518 2745 Ad
1548 2712 1645 2745 stru-

988 2770 1126 2803 cturam
1143 2765 1244 2802 verbi
1260 2764 1527 2814 λυμαίνεσθαι
1547 2765 1643 2801 conf.

988 2821 1065 2871 111,
1086 2823 1138 2863 16
1170 2825 1207 2859 et
1234 2820 1367 2858 Matth.
1389 2821 1553 2858 Gramm.
1575 2820 1642 2858 Gr.

988 2891 1077 2930 pag.
1101 2879 1196 2920 718.
1227 2898 1284 2905 —
1321 2878 1451 2924 ζῶσαν
1475 2890 1556 2915 cum
1585 2889 1645 2915 re·

989 2938 1098 2973 centt.
1123 2934 1292 2986 rescripsi
1314 2946 1384 2986 pro
1406 2930 1600 2982 ζώουσαν.
