1759 3324
524 257 941 300 EUTERPE.
1000 258 1046 296 ΙΙ.

1324 258 1408 298 765

143 373 376 431 γινόμενον
419 368 637 415 ἐσδύεται·
687 366 818 411 ἐπεάν
853 366 900 411 δὲ
939 364 1149 422 περιέλθῃ
1181 364 1326 409 πάντα
1353 367 1408 408 τὰ

143 458 321 510 χερσαῖα
349 450 422 495 καὶ
451 450 503 493 τὰ
532 447 752 493 θαλάσσια
781 446 854 491 καὶ
882 445 935 490 τὰ
964 446 1161 497 πετεινὰ,
1207 439 1330 496 αὖτις
1365 445 1407 496 ἐς

87 673 167 698 eam
197 659 265 696 sibi
304 658 523 696 sententiam
561 658 741 710 παλιγγε-

85 716 218 761 νεσίας
236 715 385 751 notione
413 715 647 759 informasse,
679 727 741 751 ve-

84 773 115 809 ri
136 771 249 809 simile
278 772 363 809 inde
383 771 443 817 fit,
473 771 739 820 Aegyptiorum

84 829 296 866 sacerdotes
331 840 536 866 reservasse
573 828 640 864 sibi
665 842 740 866 πα·

85 885 324 936 λιγγενεσίας
362 883 583 921 subtiliorem
624 888 737 933 atque

84 942 317 979 eruditiorem
369 940 551 990 quandam
602 940 737 978 doctri-

84 1010 191 1045 nam,
231 999 279 1034 ad
309 999 471 1035 Graecos
497 996 736 1048 philosophos

84 1067 179 1103 quae
196 1059 279 1105 post
292 1053 539 1105 permanavit3
560 1067 640 1091 cum
658 1053 736 1104 ple-

85 1111 130 1148 be
163 1116 284 1148 autem
311 1111 594 1148 communicasse
625 1111 737 1161 placi-

82 1171 159 1204 tum
177 1167 506 1217 transmigrationis
535 1167 736 1204 animarum

82 1224 157 1261 sive
173 1220 569 1275 μετενσωματώσεως.
628 1224 737 1261 Hanc

82 1293 169 1318 vero
188 1281 416 1331 disciplinam
428 1281 577 1317 mixtam
595 1285 737 1331 tempe-

83 1342 274 1387 ratamque
283 1338 470 1387 pastoritia
479 1338 737 1386 superstitione

82 1398 119 1432 et
144 1394 359 1432 sacerdotali
388 1393 589 1432 eruditione
613 1394 736 1432 Hero-

82 1450 189 1488 dotus
214 1450 270 1488 hic
290 1452 447 1501 prodere
469 1454 532 1487 aut
557 1455 653 1488 certe
673 1463 736 1488 ex-

81 1508 206 1545 tremis
233 1507 335 1545 lineis
357 1507 561 1545 describere
579 1508 733 1554 videtur,

81 1564 131 1602 ita
152 1569 191 1601 ut
210 1564 279 1602 loci
310 1568 562 1613 argumentum
590 1576 634 1601 eo
658 1566 735 1602 fere

79 1622 225 1658 redeat:
263 1620 457 1668 „Primum
486 1624 643 1658 mortuus
672 1621 734 1658 ho-

81 1689 135 1714 mo
164 1680 296 1727 riteque
322 1678 482 1714 conditus
511 1678 734 1728 sepultusque

81 1733 255 1771 descendit
275 1736 313 1770 in
341 1734 552 1783 Amentlien,
582 1734 616 1771 h.
637 1748 667 1772 e.
696 1737 735 1772 in

82 1803 225 1839 regnum
261 1790 371 1827 Isidis
410 1795 514 1841 atque
567 1790 733 1828 Osiridis

81 1847 235 1895 Deinde,
266 1849 469 1885 intereunte
486 1861 639 1898 corpore
660 1849 735 1896 (ni-

80 1905 209 1941 mirum
228 1917 272 1941 eo
301 1905 401 1953 quod
426 1905 610 1942 conditum
626 1906 734 1942 fuerit

81 1962 355 1998 medicamentis
381 1965 416 1998 et
442 1962 510 1998 rite
534 1961 733 1998 involutum

80 2039 136 2045 ——
147 2019 314 2067 adeoque
332 2018 504 2055 caelavere
521 2018 658 2067 dilapso
674 2020 731 2054 in-

81 2087 144 2125 que
162 2077 290 2112 cineres
311 2074 488 2121 converso)
507 2075 642 2112 excedit
652 2078 732 2112 ani—

79 2144 136 2168 ma
156 2135 189 2168 et
208 2134 340 2180 migrat
353 2145 415 2181 per
432 2133 617 2169 bestiarum
640 2145 734 2169 omne

77 2201 198 2237 genus.
261 2188 352 2225 Tum
381 2191 569 2226 revertitur
589 2191 627 2225 in
659 2202 734 2225 cor-

73 2258 143 2296 pus
162 2258 305 2282 nascens
325 2245 482 2283 hominis.
543 2246 658 2296 Atque
677 2246 734 2283 hic

81 2304 250 2339 circuitus
295 2305 478 2339 universus
539 2303 734 2340 absolvitur

77 2358 189 2396 tribus
214 2372 383 2396 annorum
402 2360 594 2398 millibusf‘
624 2360 734 2398 Unde

81 2417 263 2464 sequitur,
277 2415 370 2453 hane
391 2417 593 2454 doctrinam
613 2420 733 2453 trans-

79 2472 305 2520 migrationis
344 2474 547 2512 animarum
584 2474 731 2511 minime

81 2528 234 2565 solorum
269 2530 498 2567 sacerdotum
523 2531 653 2577 fuisse,
690 2534 731 2567 ut

81 2583 263 2622 Heerenio
290 2586 436 2623 videtur
460 2587 483 2623 l.
511 2587 533 2623 l.
568 2601 605 2637 p.
633 2588 727 2635 193,

82 2652 150 2678 nec
173 2641 322 2691 Zo'egae
346 2643 584 2690 sententiam,
615 2655 727 2692 quam

83 2709 192 2746 supra
210 2698 420 2747 protulimus
434 2729 445 2748 ,
461 2711 728 2749 usquequaque

80 2753 305 2802 probandam
323 2768 413 2794 esse.
451 2755 550 2793 Alias
576 2756 728 2793 aliorum

83 2810 282 2848 sententias
301 2812 348 2848 de
375 2812 731 2864 metempsychoseos

83 2864 248 2903 doctrina
281 2867 428 2916 collegit
445 2868 557 2906 Beck.
584 2868 622 2906 in
652 2867 729 2906 An-

82 2919 155 2958 leit.
175 2933 207 2959 z.
228 2920 451 2973 Weltgesch.
470 2924 488 2961 I
500 2938 538 2975 p.
549 2925 643 2966 759-

866 658 939 695 τοῦ
965 651 1147 705 σώματος
1181 651 1224 694 δὲ
1262 653 1463 703 καταφθί-

809 712 978 763 νοντος]
1006 713 1111 750 Haec
1137 713 1185 749 de
1211 724 1347 762 corpore
1369 711 1462 748 dila-

802 784 868 820 pso
895 774 927 807 et
956 774 993 807 in
1013 772 1141 806 cineres
1163 769 1332 806 dissoluto
1357 767 1463 805 intel-

806 827 954 877 ligenda
977 840 1057 864 esse
1083 828 1154 863 iam
1183 839 1293 876 supra
1321 825 1462 862 monui-

805 897 897 921 mus.
956 883 1067 921 Plura
1094 883 1167 920 vid.
1189 883 1226 919 in
1252 895 1389 920 excurs.
1413 882 1462 918 ad

806 941 841 979 h.
863 940 885 977 l.

861 994 983 1036 ἐπεεέν
1001 994 1043 1035 δὲ
1061 994 1253 1049 περιέλθῃ
1272 989 1402 1033 πάντα
1413 990 1460 1032 ro?

805 1058 966 1105 χερσαῖα
988 1069 1021 1092 κ.
1045 1068 1075 1091 τ.
1099 1051 1148 1103 t]
1178 1053 1236 1090 De
1264 1065 1374 1088 sensu
1393 1051 1461 1087 ho-

803 1125 883 1148 rum
910 1111 1100 1149 verborum
1128 1110 1201 1146 vid.
1240 1121 1348 1158 supra
1386 1108 1460 1144 dis-

803 1172 937 1218 putatt.
1011 1167 1081 1203 Hic
1119 1167 1317 1203 admonere
1356 1164 1460 1202 liceat

803 1225 1023 1273 imaginem,
1053 1223 1184 1272 quibus
1202 1222 1292 1258 haec
1318 1222 1459 1258 anima-

804 1295 882 1319 rum
910 1279 1079 1330 migratio
1099 1280 1147 1316 ad
1173 1278 1357 1316 oculorum
1374 1291 1458 1316 sen-

804 1351 863 1374 sus
901 1339 1070 1374 traducta
1111 1340 1147 1373 et
1185 1339 1459 1385 repraesentata

802 1395 983 1431 invenitur
1005 1394 1043 1429 in
1066 1396 1122 1429 tot
1141 1391 1357 1444 anaglyphis
1381 1404 1459 1428 mo-

802 1455 1058 1488 numentorum
1074 1449 1351 1499 Aegyptiorum.
1375 1448 1459 1485 Plu-

802 1508 892 1545 rima
908 1508 1032 1545 laudat
1043 1507 1173 1544 Creuz.
1190 1507 1227 1542 in
1249 1509 1456 1543 commentt.

801 1564 968 1602 Herodd.
998 1578 1033 1615 p.
1053 1565 1135 1604 339
1155 1575 1231 1612 seq.
1252 1562 1374 1612 ibique
1391 1576 1458 1612 po-

800 1622 980 1659 tissimum
998 1621 1155 1658 lomard.
1174 1621 1210 1656 in
1231 1620 1398 1669 descript.
1410 1620 1458 1656 de

801 1678 895 1727 l'Eg.
914 1678 984 1714 vol.
1000 1678 1033 1714 ll
1054 1677 1194 1726 antiqq.
1217 1690 1252 1726 p.
1277 1677 1356 1717 165
1375 1689 1455 1725 sqq.

801 1735 925 1772 Unam
955 1734 1184 1785 potissimum
1221 1733 1346 1769 laudat
1381 1733 1458 1769 ico-

801 1805 908 1838 nem,
941 1803 1095 1840 eamque
1125 1790 1251 1827 lineari
1281 1793 1362 1826 arte
1395 1802 1457 1826 ex-

800 1861 966 1899 pressam
996 1848 1075 1897 ipse
1105 1847 1275 1893 subiecit,
1314 1850 1457 1895 protra—

801 1910 895 1942 ctam
926 1918 946 1942 e
971 1904 1105 1953 cryptis
1131 1903 1353 1940 Thebarum.
1413 1903 1457 1939 In

799 1962 866 1999 hac
881 1962 1122 2010 conspicimus
1141 1960 1338 2006 osiridem,
1360 1972 1458 1996 mor-

798 2023 942 2055 tuorum
971 2018 1124 2055 iudicem
1152 2017 1188 2052 in
1216 2016 1304 2053 solio
1325 2017 1456 2053 seden-

799 2079 895 2121 tem,
935 2075 967 2111 ei
1010 2074 1197 2110 admotum
1222 2086 1322 2109 reum
1344 2102 1355 2120 ,
1393 2073 1456 2121 qui

798 2132 919 2168 iudicii
948 2131 1001 2168 sui
1025 2135 1201 2168 tesseram
1220 2129 1399 2166 bilancem
1417 2130 1456 2165 in

799 2188 949 2226 humero
979 2192 1104 2237 gerat3
1142 2187 1236 2223 infra
1264 2186 1300 2222 in
1331 2186 1456 2235 gradi-

800 2245 867 2282 bus
885 2250 1024 2283 stantes
1051 2257 1183 2281 novem
1212 2243 1332 2279 iudicii
1351 2243 1456 2292 quasi

786 2314 1023 2347 rassessores3
1063 2313 1173 2351 porro
1199 2299 1363 2348 cymbam
1388 2300 1455 2336 im-

800 2360 921 2410 posito
948 2371 1060 2408 porco
1088 2356 1146 2395 vel
1174 2356 1454 2406 hippopotamo,

801 2428 874 2465 quo
897 2416 1028 2452 iudicio
1047 2414 1249 2451 constituta
1268 2426 1388 2462 poena
1407 2413 1455 2450 si-

799 2472 1015 2522 gnificetur,
1054 2471 1221 2508 nimirum
1250 2469 1454 2507 maleficum

797 2529 1004 2575 hominem,
1035 2528 1098 2577 qui
1126 2526 1241 2564 securi
1262 2539 1453 2576 percussus

798 2586 866 2633 sit,
881 2598 977 2622 nunc
996 2597 1041 2623 ex
1060 2584 1215 2621 Osiridis
1235 2583 1367 2620 iudicio
1388 2583 1454 2619 ab-

794 2642 847 2679 ire
866 2642 904 2678 in
933 2642 1081 2678 foedum
1105 2639 1248 2678 animal.
1304 2639 1453 2676 Etenim

792 2698 1093 2748 hippopotamum
1132 2709 1215 2735 esse
1252 2695 1453 2745 symbolum

794 2754 930 2804 ingrati
949 2755 1082 2801 animi,
1103 2752 1300 2790 iniustitiae
1317 2765 1357 2789 ac
1375 2752 1453 2789 vio-

793 2810 927 2849 lentiae
963 2811 1076 2848 tradit
1113 2808 1304 2859 Horapoll.
1333 2808 1453 2845 hiero-

795 2867 920 2918 glyph.
938 2867 976 2914 I,
1000 2867 1065 2908 56.
1094 2866 1150 2913 ΙΙ,
1171 2868 1238 2906 37.
1284 2864 1452 2913 Abigitur

797 2928 919 2962 autem
947 2937 1030 2962 reus
1059 2924 1097 2960 in
1126 2923 1281 2960 bestiam
1299 2933 1451 2958 conver-
