1759 3324
637 249 943 290 CL10.1.

1340 255 1425 295 :315

157 366 428 417 ,,πεινῶντας
454 357 703 411 παύεσθαι,
747 359 814 404 ὅτι
845 371 924 416 σφι
954 358 1041 404 ἀπὸ
1073 361 1256 404 δείπνου
1286 375 1424 416 παρα-

158 441 393 498 ,,φορέεται
422 435 555 482 οὐδὲν
582 438 720 494 λόγου
753 439 897 491 ἄξιον·
943 441 980 482 εἰ
1011 437 1058 483 δέ
1087 456 1128 483 τι
1153 439 1423 496 παραφέροι-

127 526 268 573 4,,το,
307 518 537 569 ἐσθίοντας
574 517 629 562 ἂν
667 516 722 562 οὗ
750 517 1011 562 παύεσθαι.“

1070 521 1178 577 οἴνῳ
1210 519 1256 563 δὲ
1285 519 1424 576 κάρτα

154 596 439 655 προσκέαται·
470 599 545 641 καί
574 609 655 655 σφι
685 596 768 643 οὐκ
802 599 951 655 ἐμέσαι
981 598 1133 651 ἔξεστι,
1165 596 1265 642 οὐκὶ
1287 596 1419 655 οὐρῆ-
1434 606 1479 641 65

155 690 226 722 σαι
257 676 412 721 οἷντίον
442 676 588 722 ἄλλον.
621 682 759 722 ταῦτα
788 677 868 734 μέν
896 693 982 721 νυν
1000 677 1115 722 οὕτω
1139 676 1420 734 φυλάσσεται.

128 755 477 815 ὅμεθυσκόμευοι
517 758 563 802 δὲ
590 757 754 802 ἐώθασι
793 757 1082 815 βουλεύεσθαι
1111 757 1165 801 τὰ
1195 758 1422 802 σπουδαιέ-

149 848 283 881 στατα
311 841 401 880 τῶν
430 837 716 894 πρηγμάτων·
745 837 794 881 τὸ
827 835 870 883 δ’
902 836 957 881 ἂν
987 836 1074 895 ἅδῃ
1105 848 1185 894 σφι
1207 840 1420 894 βουλευο-

149 915 343 973 μένοισι,
404 921 536 961 τοῦτο
572 923 626 974 τῇ
666 916 872 976 ὑστεραίῃ
916 916 1113 973 νήφουσι
1165 923 1370 974 προτιθεῖ
1396 917 1419 962 ὁ

123 996 410 1053 ὅστέγαρχος,
451 997 500 1041 ἐν
527 1000 608 1041 τοῦ
637 995 692 1041 ἂν
722 997 864 1049 ἐόντες
891 995 1205 1054 βουλεύωνται.
1260 997 1336 1042 καὶ
1364 996 1421 1054 ἢν

152 1217 250 1273 οι’νφ
277 1215 321 1258 δὲ
345 1232 470 1270 καρτα
499 1215 750 1270 προσκέα-

95 1274 200 1326 ται]
224 1260 468 1327 προσκέαται
494 1275 645 1324 perfecti
674 1275 750 1311 for-

95 1345 154 1369 ma
181 1332 327 1380 Ionica,
367 1333 415 1370 de
461 1344 534 1380 qua
571 1330 749 1368 Matthiae

95 1387 132 1439 ᾗ.
153 1388 235 1430 240
253 1401 339 1439 pag.
360 1391 454 1430 468.
484 1390 749 1439 προσκεῖσθαι

94 1445 224 1483 eodem
240 1458 347 1483 sensu
366 1443 566 1494 (addictum
586 1457 656 1481 esse
675 1444 747 1481 ali-

94 1503 154 1538 cui
180 1503 252 1550 rei,
291 1504 388 1552 sequi
414 1514 510 1549 eam,
541 1501 639 1550 etc.)
682 1501 747 1549 III,

92 1557 149 1600 34
168 1561 205 1595 et
224 1559 324 1610 apud
343 1558 500 1596 Pausan.
519 1558 559 1607 Ι,
577 1560 632 1600 34
656 1556 692 1609 ξ.
705 1559 746 1605 3,

94 1614 154 1652 ubi
174 1616 315 1652 notavit
333 1615 498 1654 Siebelis.
556 1614 616 1653 De
636 1628 745 1664 argu-

94 1674 218 1709 mento
246 1672 341 1709 conf.
361 1685 473 1723 supra
499 1671 537 1719 I,
566 1675 641 1719 71,
685 1671 747 1708 ubi

94 1727 305 1765 Sandanem
327 1728 413 1765 facit
432 1728 641 1778 loquentem
657 1727 748 1765 Per-

95 1795 154 1821 sas
171 1796 303 1833 aquam
326 1784 441 1822 solam
468 1785 591 1823 bibere
608 1798 676 1823 nec
694 1784 746 1821 vi-

93 1852 142 1877 no
162 1840 224 1877 uti.
281 1841 356 1879 Sed
378 1841 494 1892 probe
518 1841 746 1891 distinguen-

93 1897 179 1934 dum
199 1896 293 1934 inter
314 1897 446 1936 Persas
467 1898 619 1949 priscos,
638 1897 745 1936 valde

92 1952 270 2004 simplices
292 1954 330 1991 in
350 1955 449 1991 omni
476 1956 588 1992 victus
610 1967 746 2004 genere

93 2013 131 2047 et
150 2010 243 2048 inter
261 2010 393 2049 Persas
424 2012 570 2050 serioris
604 2012 746 2059 aetatis,

93 2067 153 2103 ubi
182 2079 359 2105 summum
396 2068 507 2106 totius
533 2070 612 2106 sere
635 2067 746 2105 Asiae

92 2123 281 2173 imperium
328 2125 476 2175 adepti,
527 2125 567 2162 in
600 2137 746 2162 omnem

91 2180 168 2217 fere
214 2179 389 2219 luxuriam
429 2181 590 2232 prolapsi
629 2185 744 2219 erant.

91 2235 173 2273 Hos
208 2236 293 2274 vino
331 2237 437 2276 valde
466 2239 610 2277 deditos
639 2237 744 2275 Plato

93 2302 238 2342 quoque
267 2299 526 2332 commemorat
552 2296 601 2334 de
623 2293 745 2344 Legg.

93 2346 111 2384 l
136 2361 173 2399 p-
197 2351 301 2398 637,
327 2350 360 2388 F
399 2351 543 2402 aliaque
578 2351 748 2390 evincunt

95 2405 297 2444 testimonia
324 2411 485 2446 veterum
512 2409 611 2459 apud
647 2408 748 2445 Bris-

96 2472 172 2498 son.
203 2463 250 2500 de
277 2476 355 2513 reg.
387 2463 489 2503 Pers.
512 2465 665 2516 princip.
697 2464 743 2512 ΙΙ,

99 2519 188 2558 126.
244 2518 326 2557 Nec
357 2521 575 2560 recentiores
611 2522 743 2559 Persas

97 2573 285 2612 maximam
314 2581 456 2626 partem
487 2578 534 2616 ab
562 2579 632 2616 hoc
657 2578 743 2615 vitio

98 2626 270 2668 immunes
307 2645 388 2670 esse
426 2638 606 2672 testantur
637 2647 745 2686 pere-

99 2683 308 2731 grinatores.
347 2689 455 2727 Conf-
489 2690 676 2729 Hammer.
707 2692 745 2728 in

99 2738 246 2779 Wiener
266 2743 456 2783 Jahrbiich.
477 2747 563 2785 VIII
591 2762 628 2799 p.
649 2749 744 2789 384.

153 2796 220 2836 καί
241 2810 313 2848 σφι
343 2796 416 2840 οὐκ
429 2801 581 2869 ἐμέσαι
610 2804 669 2852 ε’ξε
674 2817 747 2852 στι,

101 2846 190 2891 ουκὶ
219 2850 386 2907 ουρῆσαι
414 2852 551 2900 οῗντίον
597 2857 745 2912 ἄλλον]

99 2906 206 2946 Conf.
228 2922 323 2961 quae
351 2913 480 2953 similia
497 2918 595 2968 apud
613 2916 748 2956 Medos

818 1217 973 1256 Deioces
994 1217 1216 1265 instituerat,
1236 1230 1348 1269 supra
1366 1217 1393 1264 Ι,
1408 1221 1474 1260 99.

818 1273 917 1311 Nam
947 1287 966 1312 e
993 1273 1113 1311 Medis
1151 1274 1278 1323 utique
1309 1274 1399 1311 haec
1427 1275 1476 1311 ad

816 1330 948 1368 Persas
976 1331 1131 1367 transire
1168 1334 1386 1380 potuerunt,
1426 1331 1474 1368 de

817 1387 947 1436 quibus
969 1387 1065 1424 idem
1076 1390 1258 1424 testantur
1267 1387 1477 1437 Xenophon

816 1450 926 1492 atque
971 1442 1182 1480 Ammianus
1228 1443 1474 1481 Marcellinus.

816 1500 878 1538 Tu
906 1500 978 1537 vid.
1005 1500 1168 1538 Brisson.
1191 1499 1214 1537 l.
1236 1500 1260 1538 l.
1280 1500 1335 1548 11,
1368 1502 1421 1542 89
1440 1504 1477 1538 et

817 1559 1165 1665 12μιιεθυσκόμενοι
1216 1608 1260 1652 δὲ
1317 1607 1475 1652 ἐώθασι

815 1666 1082 1723 βουλεύεσθαι
1111 1667 1158 1709 τὰ
1193 1667 1476 1709 σπουδαιέστα-

814 1743 862 1766 τα
887 1729 967 1766 τῶν
992 1722 1240 1780 πρηγμάτων
1265 1741 1300 1764 κ.
1319 1740 1352 1764 τ.
1369 1729 1418 1772 L]
1441 1724 1477 1765 ἕ-

815 1779 949 1823 ώθασι
987 1783 1116 1821 Ionum
1154 1796 1198 1821 ex
1233 1795 1336 1820 more
1363 1788 1475 1832 atque

812 1840 954 1879 Dorum
985 1840 1054 1877 dici
1084 1843 1209 1877 monet
1238 1839 1370 1876 Matth.
1409 1839 1475 1876 Gr.

815 1898 881 1935 Gr.
918 1896 955 1949 ἓ.
990 1895 1070 1938 194
1098 1901 1174 1934 not.
1205 1898 1232 1937 3
1261 1908 1349 1947 pag.
1379 1895 1474 1937 345.

813 1953 887 1992 Pro
947 1952 1261 1992 σπουδαιέστατα
1319 1953 1476 2001 quidam

815 2005 1132 2057 σπουδαιότατα,
1173 2010 1273 2059 quod
1299 2009 1409 2047 etiam
1439 2009 1476 2045 in

815 2066 995 2105 Athenaei
1024 2066 1046 2104 l.
1081 2067 1104 2105 l.
1134 2066 1324 2104 invenitur.
1397 2065 1476 2102 Sed

814 2125 898 2162 vide
918 2123 1096 2161 Nostrum
1120 2136 1229 2173 supra
1251 2122 1291 2171 I,
1315 2125 1341 2164 8
1373 2125 1410 2160 et
1427 2122 1471 2159 cf.

814 2180 945 2218 Matth.
972 2180 994 2217 l.
1022 2180 1046 2218 l.
1080 2179 1118 2232 ξ.
1152 2180 1232 2221 128
1270 2191 1356 2230 pag.
1377 2178 1472 2220 251.

813 2237 874 2276 De
893 2250 932 2275 re
951 2237 1033 2288 ipsa
1055 2236 1210 2274 conferri
1241 2240 1416 2287 poterunt
1436 2247 1477 2271 a-

814 2293 861 2332 lia
879 2293 1030 2330 aliorum
1050 2293 1271 2340 testimonia,
1293 2291 1475 2330 Herodoti

815 2350 1058 2388 narrationem
1074 2349 1364 2401 comprobantia,
1376 2347 1476 2399 apud

814 2407 978 2445 Brisson.
1009 2406 1031 2445 l.
1061 2407 1084 2444 l.
1117 2406 1151 2443 II
1185 2404 1222 2456 ἓ.
1256 2407 1336 2447 131
1370 2417 1474 2453 seqq.

813 2493 837 2512 ,‚
848 2464 1012 2501 Pertinet
1021 2464 1090 2501 huc
1107 2463 1282 2514 imprimis
1295 2461 1476 2498 Ammiani

812 2519 1014 2558 Marcellini
1051 2519 1300 2558 testimonium
1340 2517 1476 2565 XVIII,

813 2577 839 2618 5
868 2575 905 2628 ὃ.
921 2578 945 2617 8
966 2577 1052 2626 ibiq.
1068 2576 1322 2624 Lindenbrog.
1341 2589 1380 2626 p
1391 2575 1476 2616 312

814 2633 873 2672 ed.
893 2633 990 2682 wag
969 2636 1044 2670 0·.‘n
1048 2633 1120 2671 C
1128 2645 1157 2670 r

869 2692 986 2729 τοῦτο
1009 2692 1060 2744 τῇ
1083 2687 1272 2743 ὑστεραίῃ
1292 2681 1476 2738 νήφουσι

814 2751 1003 2798 προτιθεῖ
1026 2746 1047 2787 ὁ
1077 2744 1284 2798 στέγαρχος
1316 2759 1352 2783 κ.
1369 2758 1402 2782 τ.
1422 2741 1472 2792 λ.]

814 2807 1005 2856 προτιθεῖ
1032 2804 1162 2842 Ionum
1181 2815 1285 2839 more
1313 2814 1335 2838 a
1361 2799 1474 2837 verbo

818 2858 1020 2912 προτιθέω
1063 2862 1270 2897 formatum.
1356 2854 1474 2893 Multa

815 2918 919 2955 huius
947 2916 1093 2967 generis
1127 2913 1273 2963 collegit
1296 2909 1475 2950 Matthiae
