1786 3324
597 265 1119 305 EUTERPE.II.
1336 270 1421 309 833

162 378 349 435 ἰχθύων·
406 375 535 419 ἐπεὰν
572 375 617 418 δὲ
655 374 747 430 ἐσίῃ
776 373 825 417 τό
856 374 975 428 ὕδωρ
1006 374 1049 426 ἐς
1077 372 1241 430 αὐτὴν,
1281 378 1419 421 εἴκοσι

36 456 137 506 150
159 458 302 513 μνέας.

158 535 326 589 Σύρτιν
360 531 443 589 τήν
482 532 523 582 ἐς
562 531 735 588 Λιβύην
774 533 943 577 ἐκδιδοῖ
968 529 995 587 ἡ
1027 532 1157 587 λίμνη
1185 532 1294 589 αὕτη
1327 534 1414 578 find

378 454 555 509 ’Ἑλεγον
595 453 640 496 δὲ
679 453 723 495 οἱ
759 450 982 508 ἐπιχώριοι
1033 454 1106 496 καὶ
1155 451 1214 503 ὣς
1258 454 1299 505 ἐς
1338 454 1745 527 τῆν7Οῐῐιιὲξιιυῐιῃειξιιῖῑεημ-

1603 511 1627 527 (Ἰ
1655 512 1671 529 u
1714 513 1744 531 Π]

1471 532 1573 566 Syrtin
1585 535 1675 562 exire:
1685 541 1743 563 ter>

1470 573 1534 591 ram
1545 567 1692 603 effossam,
1701 571 1740 596 iar

1472 601 1549 626 ctam
1568 608 1634 627 esse
1651 603 1682 628 iu
1693 603 1742 630 Ni?

1470 632 1549 662 lum3
1584 633 1667 660 fures
1693 638 1743 671 qui

1468 665 1679 702 Sardanapalli

1468 698 1626 726 thesauros
1672 702 1741 730 Nini

1467 733 1686 768 compilassent,

154 617 255 670 γῆν,
283 610 546 666 τετραμμένη
575 610 623 653 τό
654 609 765 665 πρός
795 610 979 667 ἕσπέρην
1008 610 1050 661 ἐς
1081 609 1158 667 τὴν
1176 611 1414 668 μεσόγαιαν

127 689 278 746 Ξπαροὶ
307 691 355 734 τὸ
387 688 489 745 ὅρος
518 689 565 733 τὸ
591 688 700 744 ὑπὲρ
737 688 956 745 Μέμφιος.
1013 686 1128 732 Ἐπεί
1165 706 1210 733 τε
1255 693 1299 734 δὲ
1333 695 1412 735 τοῦ

156 768 405 826 ὀρύγματος
442 769 603 813 τούτου
646 767 727 812 οὐκ
772 766 912 823 ὤρεον
949 768 1028 812 τόν
1065 772 1176 824 χοῦν
1216 765 1685 825 ozidocu0137.5³‘¹²¹¹¹f‘³⁰³⁸⁵¹⁹·

96 1002 196 1038 docti
223 1001 319 1038 Galli
344 1001 590 1046 contendunt,
630 999 746 1037 nullos

95 1059 225 1108 pisces,
256 1058 317 1106 qui
337 1057 422 1093 olim
442 1060 515 1093 tam
537 1057 745 1104 frequentes

94 1114 249 1161 fuerint,
278 1114 394 1150 adhuc
421 1113 457 1149 in
486 1112 566 1149 lacu
594 1112 744 1160 versari,

95 1172 142 1208 ob
171 1170 300 1206 salsam
326 1170 455 1219 opinor
484 1168 580 1205 lacus
613 1181 744 1218 aquam

95 1231 132 1264 et
159 1226 234 1263 Nili
259 1227 375 1262 vivam
402 1237 533 1274 aquam
562 1237 636 1261 non
665 1238 742 1262 am-

93 1283 187 1334 plius
222 1283 259 1318 in
287 1281 403 1319 lacum
435 1281 654 1328 immissam,
692 1282 742 1318 ita

94 1344 134 1376 ut
151 1340 266 1389 pisces
289 1339 325 1374 in
342 1337 426 1375 Nilo
450 1339 685 1385 retineantur,
704 1338 740 1374 in

92 1408 137 1433 eo
157 1395 306 1443 egregie
323 1394 415 1444 lapsi
436 1398 539 1440 sunt,
569 1398 740 1431 monente

91 1451 336 1489 recentissimo
354 1451 648 1500 peregrfflatore,
679 1450 742 1499 qui

90 1508 171 1558 ipse
200 1508 318 1558 pisces
345 1507 501 1555 gustavit
526 1507 562 1542 in
583 1506 661 1542 lacu
681 1520 740 1543 ca-

88 1568 172 1615 ptos
209 1563 405 1614 pluresque
439 1564 655 1613 piscatorum
686 1564 740 1599 fa-

89 1620 205 1657 milias
242 1633 285 1657 ex
314 1620 463 1669 piscium
494 1624 642 1668 captura
675 1619 740 1655 ali-

90 1681 250 1714 mentum
294 1676 362 1713 sibi
401 1688 575 1724 quaerere
618 1677 737 1712 refert.

90 1731 254 1781 Vectigal
286 1745 444 1768 annuum
465 1761 475 1778 ‚
514 1733 613 1780 quod
642 1745 738 1769 nunc

90 1789 175 1825 inde
194 1788 342 1825 solvitur
360 1788 448 1825 fisco
461 1817 471 1835 ‚
488 1788 663 1825 tredecim
682 1792 740 1825 est

87 1845 353 1895 marsupiorum
365 1872 375 1891 ,
394 1857 547 1893 quorum
565 1845 739 1893 quodque

87 1902 246 1938 continet
284 1901 365 1941 164
402 1901 520 1938 francs
569 1905 739 1938 monetae

88 1957 260 1994 Gallicae.
327 1957 410 1995 Vid.
435 1956 480 1994 L.
499 1958 545 1994 de
563 1956 739 1994 Laborde

86 2013 108 2050 l.
128 2013 151 2051 1.
176 2026 262 2065 pag.
279 2015 344 2055 67.

303 2154 334 2190 C
348 2166 369 2190 a
379 2167 415 2204 p.
446 2153 524 2192 CL.

141 2236 203 2276 καὶ
238 2235 293 2284 ὥς
317 2236 356 2284 ἐς
386 2234 462 2288 τήν
483 2234 633 2289 Σύρτιν
661 2236 736 2289 τήν

87 2291 127 2339 ἐς
144 2290 304 2344 Λιβύην
325 2309 360 2332 κ.
377 2308 408 2332 τ.
429 2292 480 2346 λ.]
512 2295 657 2344 Reliqui
687 2295 736 2342 ἐς

86 2345 262 2400 Λιβύην,
280 2351 378 2388 cuius
401 2350 480 2388 loeo
499 2365 518 2389 e
537 2352 634 2388 libris
656 2353 735 2400 qui-

85 2405 235 2443 busdam
261 2407 463 2456 Schweigh.
491 2411 527 2445 et
549 2409 734 2446 Gaisford.

87 2461 274 2499 ediderunt
293 2462 342 2502 ἐν
362 2459 514 2518 Λιβύῃ,
535 2466 636 2513 quod
654 2478 734 2501 cor-

86 2519 230 2555 rectoris
259 2532 404 2556 manum
442 2521 548 2557 nobis
575 2521 733 2570 prodere

86 2572 286 2611 videbatur.
344 2576 425 2614 Vid.
456 2576 634 2614 Matthiae
665 2578 731 2614 Gr.

88 2628 153 2665 Gr.
178 2642 261 2679 pag.
284 2634 400 2673 1193.
460 2633 580 2683 Ipsam
608 2634 730 2670 Hero-

87 2685 163 2721 doti
180 2688 420 2725 narrationem
447 2690 493 2726 de
518 2701 611 2738 aqua
631 2689 730 2726 lacus

87 2740 151 2776 sub
174 2745 270 2778 terra
298 2744 469 2782 effluente
508 2746 556 2781 ad
588 2745 730 2782 fabulas

86 2802 287 2835 revocatam
321 2799 396 2836 vult
432 2800 613 2838 Mannert.
652 2801 675 2837 l.
705 2801 729 2838 l.

86 2863 169 2900 pag·
188 2852 279 2893 427.
337 2856 421 2899 Quo
450 2857 584 2893 cautius
607 2856 731 2894 Minu·-

86 2906 148 2942 toli
169 2908 296 2954 (Reise
314 2911 405 2947 nach
424 2912 459 2948 d.
479 2911 514 2949 Τ
517 2912 634 2962 empel
665 2914 730 2950 des

110 2960 315 3003 HERono'r.
346 2967 374 3003 l.

813 1001 923 1049 Jupp.
944 999 1059 1036 Amm.
1084 1013 1168 1050 pag.
1192 1002 1290 1048 191)
1318 1001 1364 1037 ‹le
1379 1002 1464 1038 artis

814 1057 973 1105 quodam
1011 1069 1123 1106 opere
1160 1058 1272 1093 rarius
1302 1057 1463 1094 adhibito

814 1112 1169 1161 (Scltleussemverlc)‚
1200 1127 1274 1162 quo
1301 1126 1398 1162 aqua
1426 1115 1464 1150 in

811 1168 888 1206 Nili
917 1168 1060 1207 alveum
1088 1168 1264 1217 Libycum
1294 1183 1322 1206 s.
1346 1170 1463 1206 Bahr-

810 1225 996 1263 Bela-ma
1021 1225 1113 1272 (vid.
1140 1229 1218 1261 not.
1245 1226 1293 1262 ad
1323 1226 1374 1271 II,
1399 1229 1461 1267 10.

813 1282 921 1330 149)
957 1282 1115 1319 deducta
1142 1282 1269 1328 fuerit,
1308 1283 1461 1330 cogitari

807 1351 917 1388 posse
937 1338 1081 1375 iudicat.
1112 1337 1234 1374 Verba
1251 1338 1459 1387 sequentia:

807 1392 1049 1444 τετραμμένη
1080 1390 1124 1433 τὸ
1154 1390 1254 1445 πρός
1289 1392 1459 1446 ἕσπέρην

808 1449 847 1497 ἐς
858 1447 933 1501 τήν
953 1445 1168 1501 μεσόγαιαν
1187 1447 1294 1501 παροέ
1310 1447 1352 1489 τὸ
1367 1448 1459 1502 ὅρος

806 1503 850 1546 τό
864 1504 965 1559 ὑπὲρ
979 1505 1172 1557 Μέμφιος
1193 1512 1358 1544 accurate
1373 1520 1460 1544 con-

807 1564 929 1601 venire
955 1563 992 1599 in
1018 1563 1155 1611 locum,
1187 1564 1249 1611 qui
1281 1576 1378 1600 nunc
1404 1564 1460 1600 di-

808 1620 900 1656 citur
935 1619 1090 1669 Tamyeh
1124 1620 1247 1656 scribit
1270 1619 1457 1656 Iomardus

807 1676 828 1712 l.
852 1676 874 1712 l.
902 1689 986 1727 pag.
1010 1678 1074 1716 87,
1134 1676 1245 1719 Quod
1280 1676 1308 1712 si
1334 1689 1457 1713 verum

808 1737 884 1780 est,
913 1745 1027 1781 aquas
1048 1745 1114 1782 per
1134 1733 1281 1769 eosdem
1302 1732 1458 1780 canales,

806 1789 936 1837 quibus
964 1789 1001 1824 in
1025 1787 1140 1824 lacum
1166 1788 1458 1835 immitterentur,

805 1845 992 1882 refluxisse
1009 1845 1240 1881 statuendum
1252 1844 1329 1881 erit.
1356 1845 1458 1888 Qua—

806 1914 846 1938 re
865 1900 910 1938 L.
926 1895 973 1938 de
998 1900 1172 1937 Laborde
1195 1900 1215 1936 l.
1240 1900 1262 1936 l.
1292 1913 1378 1950 pag.
1401 1903 1455 1941 66

805 1958 841 1993 in
852 1957 1035 1994 Herodoti
1049 1956 1129 1994 loco
1150 1969 1230 1994 eam
1256 1956 1455 1994 convallem

805 2014 959 2050 indicari
985 2013 1190 2059 existimat,
1230 2025 1324 2061 quae
1350 2026 1372 2049 a
1398 2026 1454 2049 se—

806 2071 1014 2120 ptentrione
1054 2069 1150 2106 lacus
1187 2069 1275 2115 sita,
1321 2069 1454 2106 canalis

807 2139 873 2176 per
900 2127 1016 2176 ipsam
1037 2125 1136 2162 ducti
1164 2126 1317 2174 vestigia
1335 2125 1455 2161 adhuc

804 2183 982 2232 praebeat
1005 2186 1041 2220 et
1060 2181 1215 2219 breviori
1235 2186 1347 2230 atque
1366 2181 1455 2217 faci-

803 2238 882 2275 liori
920 2239 976 2275 via
1021 2250 1135 2287 aquas
1183 2238 1221 2274 in
1265 2237 1453 2288 planitiem

801 2294 1072 2345 Memphiticam
1088 2295 1220 2331 ducere
1237 2294 1410 2344 potuerit.

860 2348 933 2390 οὐκ
955 2347 1080 2402 ὥρεον
1098 2347 1163 2389 τὸν
1181 2348 1293 2400 χοῦν]
1315 2346 1452 2400 ὤρεον,

801 2413 977 2457 quantum
994 2408 1080 2454 scio,
1102 2406 1332 2443 omueslibri.
1355 2405 1451 2443 Alibi

798 2464 979 2501 iuvenitur
995 2459 1130 2516 ὅρεον,
1164 2463 1216 2509 ll,
1246 2465 1337 2503 106.
1362 2462 1453 2503 148-

799 2521 861 2568 IV,
883 2520 962 2561 134
983 2524 1048 2557 etc.
1088 2519 1230 2556 Eodem
1254 2522 1375 2555 autem
1394 2530 1453 2555 ar-

799 2581 973 2625 gumento
993 2577 1039 2613 de
1056 2576 1231 2613 immensa
1253 2578 1372 2612 terrae
1399 2574 1451 2612 ef—

798 2634 922 2670 fossae
943 2632 1059 2683 copia,
1083 2644 1176 2680 quae
1194 2643 1354 2680 quonam
1371 2630 1451 2668 eiici

798 2689 978 2739 potuerit,
1016 2688 1168 2736 intelligi
1184 2690 1365 2735 nequeat,
1394 2699 1453 2723 re-

798 2746 978 2782 centiores
1001 2757 1148 2793 quoque
1173 2744 1227 2780 usi
1249 2746 1353 2789 sunt,
1377 2754 1450 2790 quo

798 2800 914 2838 lacum
947 2801 1107 2837 humana
1136 2804 1217 2837 arte
1245 2798 1322 2835 sola
1355 2798 1449 2834 effici

796 2858 960 2906 potuisse
979 2860 1170 2904 negarent.
1218 2855 1301 2892 Vid.
1318 2854 1449 2891 Ritter.

798 2913 820 2948 l.
843 2913 866 2949 l.
888 2925 974 2963 pag.
997 2914 1089 2952 800.
