1759 3324
190 555 289 600 201

102 622 151 646 net
197 620 220 647 C

16 652 209 689 Massagetis.

14 618 97 646 lmmi

16 1091 128 1117 Araxes
163 1089 290 1116 fluvius:

16 1124 43 1150 ei
48 1132 80 1150 us
95 1123 228 1151 insulae:

17 1157 122 1184 aulana
107 1165 190 1184 nrum
242 1154 293 1191 qui

15 1198 77 1218 mos
95 1188 223 1219 vivendi.

341 276 425 318 45⁰

735 271 1206 312 HERODOTI

342 385 416 431 διά
447 383 669 435 σινδόνος·
710 385 784 427 καὶ
815 383 863 435 ὃς
893 383 970 439 μὲν
1001 380 1056 425 ἂν
1084 380 1296 438 βούληται
1329 377 1503 432 αὐτῶν,
1537 378 1610 423 ἅτε

346 464 489 523 μάζαν
518 463 763 521 μαξάμενος
785 464 885 519 ἔχει·
918 461 941 506 ὁ
961 460 1030 512 δὲ,
1061 459 1200 515 ἄρτου
1217 459 1383 514 τρόπον
1407 457 1610 516 ὀπτήσας.

457 542 536 595 Ὡς
561 543 608 587 δὲ
636 547 697 600 τῷ
733 541 867 598 Κύρῳ
897 541 971 584 καὶ
999 544 1131 584 τοῦτο
1160 538 1207 583 τὸ
1240 540 1371 589 ἔθνος
1399 539 1613 596 κατέργα-

222 627 294 655 5¹⁰⁸
351 634 449 676 στο,
508 620 753 676 ἐπεθύμησε
791 620 1083 674 Μασσαγέτας
1128 617 1208 663 ὑπ’
1249 618 1396 677 ἑωυτῷ
1432 617 1612 674 ποιήσα-

347 708 464 746 σθαι.
521 699 570 743 τὸ
601 699 647 743 δὲ
688 700 817 750 ἔθνος
854 702 1008 749 τοῦτο,
1049 699 1121 741 καὶ
1151 696 1260 753 μέγα
1303 697 1466 752 λέγεται
1499 695 1668 741 εἶναι60

345 781 419 825 καὶ
447 778 650 834 ἄλκιμον,
699 778 932 833 οἰκημένον
972 777 1017 819 δὲ
1053 777 1164 830 πρὸς
1205 775 1271 831 ηὀἶ
1309 791 1354 818 τε
1381 776 1456 819 καὶ
1484 774 1612 832 ἡλίου

349 857 585 908 ἀνατολάς,
636 856 771 911 πέρην
800 859 881 898 τοῦ
905 852 1090 910 Ἀράξεω
1119 858 1341 910 ποταμοῦ,
1386 853 1537 898 ἀντίον
1566 854 1613 898 δὲ

320 933 610 992 2Ἰσσηδόνων
639 933 823 989 ἀνδρῶν.
881 934 963 977 εἰσὶ
993 935 1038 978 δὲ
1069 935 1116 977 οἵ
1139 950 1250 985 τινες
1280 933 1354 977 καὶ
1382 932 1613 977 Σκυθικὸν

193 1025 291 1070 202
350 1016 524 1072 λέγουσι
551 1018 681 1058 τοῦτο
711 1013 759 1057 τό
801 1014 932 1065 ἔθνος
960 1011 1082 1058 εἶναι.

1134 1011 1185 1056 ‘O
1212 1013 1258 1057 δὲ
1291 1009 1472 1070 Ἀράξης
1499 1012 1613 1069 λέγε-

259 1131 291 1148 ..-
345 1111 418 1139 ται
444 1095 518 1138 καὶ
547 1093 686 1150 μέζων
715 1093 787 1137 καὶ
821 1091 1015 1137 ἐλάσσων
1043 1090 1157 1138 εἶναι
1193 1097 1272 1138 τοῦ
1300 1091 1494 1147 Ἴστρου·
1539 1091 1614 1150 νή-

291 1290 368 1336 41,
394 1289 528 1326 dictum
569 1303 636 1340 pro
672 1285 867 1340 σήθουσι,
904 1294 945 1327 ut

289 1348 417 1386 νώσιν
434 1359 500 1396 pro
522 1344 736 1395 νήθουσιν.

348 1399 601 1453 ἅτε-ἕχει]
646 1401 722 1454 ἔχει
755 1401 866 1440 habet
895 1415 943 1439 sc.

292 1459 410 1510 pisces
427 1458 601 1506 siccatos,
631 1460 713 1497 dein
745 1459 782 1495 in
810 1464 946 1496 morta—

285 1516 340 1552 rio
362 1519 531 1552 contusos
562 1521 672 1566 atque
707 1515 811 1552 sicin
835 1528 946 1552 unam

286 1584 444 1609 massam
468 1572 660 1619 redactos3
697 1572 827 1621 quibus
857 1571 945 1608 alius

287 1629 338 1665 sic
353 1628 502 1675 fruitur,
532 1632 573 1664 ut
599 1634 771 1677 tanquam
790 1640 947 1665 massam

288 1684 497 1733 subegerit,
525 1684 614 1722 alius
643 1690 682 1721 ut
699 1685 805 1733 panis
826 1685 875 1721 ad
892 1684 948 1720 in-

289 1745 365 1777 star
386 1741 534 1777 coxerit.
571 1740 668 1779 Ante
687 1736 757 1780 ἇ’τε
785 1740 948 1792 suppleri

291 1800 413 1848 potest
446 1793 469 1835 ὁ
497 1795 582 1848 μέν.

495 1880 602 1931 Cap.
645 1880 742 1919 CCI.

349 1959 582 2014 ἐπεθύμησε
597 1963 860 2016 ῙῑἸασσαγέτας
879 1959 947 2004 υπ’

293 2017 426 2072 ἑωυτῷ
451 2015 721 2070 ποιησασθαι]
762 2021 821 2058 De
840 2021 944 2057 Mas-

294 2061 429 2123 sagetis
447 2075 552 2126 plura
585 2076 731 2120 1‚204
748 2078 853 2123 215,
883 2077 944 2114 Ub¹

293 2131 435 2179 singula
455 2131 719 2169 illustrabimus.
757 2132 946 2170 Pertinere

292 2200 378 2223 vero
408 2188 548 2224 videtur
575 2188 665 2225 haec
696 2201 787 2237 gens
813 2189 860 2225 ad
878 2201 947 2225 no-

292 2243 419 2280 mades
444 2243 543 2290 illos,
581 2245 643 2292 qui
677 2249 777 2281 extra
810 2244 948 2282 Persici

293 2298 399 2348 regni
419 2299 509 2336 fines
537 2299 559 2336 i.
588 2312 619 2336 e.
655 2299 748 2337 ultra
768 2299 946 2339 Iaxartem

295 2354 542 2404 vagabantur,
573 2355 708 2405 quique
735 2358 845 2393 modo
874 2358 945 2394 Sa-

296 2423 360 2448 cae
371 2439 381 2457 ‚
403 2411 510 2448 modo
527 2411 706 2460 Scythae,
723 2413 833 2450 modo
849 2413 946 2451 Tar-

293 2467 383 2513 tari,
402 2479 468 2504 nec
484 2467 593 2505 hodie
614 2469 690 2506 fere
708 2481 780 2506 una
801 2471 948 2507 eadem-

293 2535 367 2571 qne
386 2522 631 2573 appellatione
647 2529 832 2562 vocantur.
857 2527 948 2575 Scy-

292 2578 374 2616 thas
414 2578 528 2616 fuisse
561 2579 792 2629 Massagetas
831 2595 947 2631 aeque

292 2637 405 2684 atque
440 2634 652 2683 Issedones,
690 2636 829 2674 illorum
860 2638 946 2675 vici-

296 2702 384 2738 nos,
421 2693 457 2727 et
490 2695 681 2741 utramque
709 2699 856 2741 gentem
898 2695 947 2732 ad

293 2744 552 2795 Mongolorum
595 2749 743 2799 stirpem
763 2778 774 2796 ‚
839 2763 948 2800 quam

294 2814 391 2839 nunc
420 2802 591 2850 dicimus,
620 2805 858 2854 pertinuisse,
888 2807 946 2844 vix

292 2858 452 2895 dubium.
491 2858 572 2896 Vid.
601 2860 827 2910 potissimum
845 2862 946 2900 Hee-

294 2927 371 2953 ren.
393 2913 507 2953 Ideen
524 2914 561 2963 I,
579 2919 606 2957 2
631 2929 719 2967 pag.
737 2919 818 2959 291
839 2931 942 2968 seqq.

1012 1289 1090 1328 coll.
1120 1289 1274 1327 Rennel.
1317 1289 1457 1337 Geogr.
1486 1288 1668 1327 Herodot.

1011 1360 1097 1397 pag.
1117 1348 1196 1388 411
1232 1360 1308 1395 seq.
1347 1349 1430 1388 470
1453 1359 1556 1396 seqq.
1586 1345 1667 1387 473

1013 1417 1116 1453 seqq.
1146 1424 1202 1430 -—
1230 1403 1289 1440 De
1311 1402 1542 1440 Issedonibus
1571 1403 1667 1440 cons.

1014 1460 1108 1498 infra
1136 1458 1210 1506 IV,
1238 1461 1291 1500 26
1321 1459 1401 1497 coll.
1432 1463 1471 1497 et
1487 1459 1665 1496 Ammian.

1013 1515 1177 1553 Marcell.
1197 1514 1323 1552 XXlII
1337 1545 1346 1563 ,
1365 1518 1402 1556 6.
1432 1514 1586 1553 Rennel.
1615 1515 1666 1563 (l.

1014 1572 1037 1610 l.
1055 1585 1141 1624 pag.
1165 1572 1246 1613 435
1268 1573 1365 1620 seq.)
1396 1571 1467 1608 illie
1484 1584 1547 1610 eos
1564 1571 1668 1609 habi-

1014 1634 1113 1667 tasse
1142 1632 1286 1675 censet,
1315 1628 1377 1665 ubi
1406 1641 1503 1665 nunc
1529 1627 1671 1678 praeci-

1016 1698 1090 1736 pua
1113 1690 1169 1722 est
1187 1684 1294 1721 sedes
1324 1686 1442 1734 gentis
1464 1683 1668 1721 Calmucco-

1017 1754 1116 1789 rum,
1146 1753 1188 1778 ae
1210 1741 1299 1777 ditio
1317 1753 1412 1790 quae
1437 1741 1570 1779 dicitur
1586 1741 1665 1779 τῶν

1019 1798 1176 1847 Ot'guren
1203 1810 1231 1834 s.
1252 1796 1413 1847 Juguren
1429 1810 1458 1834 s.
1483 1796 1612 1835 Elath.

1073 1852 1288 1903 οἰκημένον
1326 1851 1368 1894 δὲ
1395 1849 1493 1903 πρὸς
1529 1849 1590 1904 ἠῶ
1628 1868 1669 1892 τε

1022 1909 1089 1949 καὶ
1138 1908 1256 1960 «ἡλίου
1302 1904 1528 1956 οἷνατολᾶς]
1585 1909 1669 1947 Hoc

1015 1965 1217 2014 Schweigh.
1230 1970 1403 2004 monente
1421 1966 1471 2003 ita
1489 1965 1670 2017 accipien-

1012 2023 1117 2059 dum:
1138 2026 1284 2071 gentem
1303 2021 1596 2071 Massagetarum
1613 2022 1670 2059 in-

1012 2078 1130 2116 colere
1159 2081 1316 2127 regiones
1348 2079 1396 2115 ad
1424 2080 1587 2116 orientem
1603 2079 1669 2128 (in

1011 2134 1176 2186 partibus
1202 2135 1457 2185 orientalibus)
1483 2137 1584 2174 sitas.

1198 2219 1230 2256 c
1249 2219 1481 2270 ap.c‹311.

1071 2300 1092 2342 ὁ
1108 2299 1150 2342 δὲ
1164 2297 1332 2373 Ἀράξης
1351 2301 1498 2356 λέγεται
1518 2302 1585 2345 καὶ
1603 2303 1668 2357 μὲ-

1017 2360 1092 2406 ζων
1128 2358 1197 2398 καὶ
1240 2357 1419 2400 ἐλάσσων
1456 2364 1560 2400 εἰναι
1594 2363 1670 2402 τοῦ

1002 2413 1181 2466 Ἴστρου]
1212 2416 1316 2455 Haec
1337 2417 1387 2454 ita
1415 2416 1668 2466 intelligenda,

1016 2477 1055 2509 ut
1076 2473 1302 2521 Herodotus,
1324 2474 1385 2523 qui
1405 2473 1496 2512 haec
1512 2487 1557 2512 ex
1575 2473 1667 2512 alio-

1015 2541 1092 2565 rum
1111 2529 1296 2567 auditione
1307 2530 1446 2580 accepit
1462 2529 1670 2580 retulitque,

1015 2585 1177 2623 diversas
1196 2597 1239 2622 ac
1259 2586 1508 2636 discrepantes
1524 2591 1670 2638 specta-

1014 2641 1105 2679 verit
1123 2641 1314 2692 opiniones
1344 2642 1592 2691 (Graecorum
1617 2655 1669 2680 sc.

1015 2709 1105 2735 suae
1120 2698 1283 2746 aetatis),
1309 2710 1461 2747 quarum
1476 2697 1568 2737 aliae
1575 2697 1670 2736 Ara-

1013 2765 1095 2791 xem
1123 2753 1216 2791 Istro
1235 2754 1409 2792 maiorem
1421 2783 1432 2801 ,
1445 2753 1537 2793 aliae
1551 2755 1670 2792 mino-

1013 2822 1089 2847 rem
1106 2809 1350 2860 perhiberent.
1406 2809 1529 2859 Magis
1555 2823 1669 2860 quae-

1013 2866 1121 2902 situm
1141 2865 1305 2913 videtur,
1323 2866 1353 2902 si
1379 2864 1581 2904 Niebuhrio
1600 2879 1668 2903 au-

1012 2927 1111 2960 ctore
1155 2922 1232 2972 (de
1256 2922 1457 2974 geograph.
1485 2922 1666 2961 Herodot.
