1759 3324
501 251 1024 293 EUTERPE.11.

1301 255 1385 294 811

119 365 259 421 γενεαὶ
290 363 493 408 δυνέαται
532 360 669 418 μύρια
710 361 822 404 ἔτεα·
875 361 1020 418 γενεαὶ
1048 361 1133 418 γάρ
1162 363 1277 415 τρεῖς
1308 359 1386 404 οἷν-

91 446 267 497 3δροῖν,
297 441 452 486 ἑκατὸν
481 440 574 484 ἔτεα
604 440 706 484 ἐστι.
764 444 862 498 μιῆς
893 440 940 485 δὲ
970 440 1044 484 καὶ
1073 440 1388 495 τεσσεράκοντα

120 523 181 566 ἔτι
209 525 297 565 τῶν
329 521 565 563 ἐπιλοίπων
593 520 800 576 γενεέων,
851 522 897 563 αἳ
933 520 1097 576 ἐπῆσαν
1133 523 1233 577 τῇσι
1264 536 1384 575 τριη-

118 601 314 655 κοσίῃσι,
347 599 434 642 ἔστι
463 598 778 654 τεσσεράκοντα
807 599 879 642 καὶ
908 598 1136 656 τριηκόσια
1165 599 1234 642 καὶ
1267 599 1381 654 χίλια

90 678 226 721 4ἔτεα.
283 676 400 721 οὕτω
430 677 479 721 έν
509 679 705 734 μυρίοισί
746 694 790 721 τε
821 677 930 721 ἔτεσι
959 679 1034 722 καὶ
1072 680 1272 735 χιλίοισι,
1311 677 1443 720 uedeo

116 756 240 810 πρὸς,
268 759 556 813 τριηκοσίοισί
585 773 630 801 τε
654 757 727 801 καὶ
749 756 1079 811 τεσσεράκοντα,
1109 758 1257 814 ἔλεγον
1277 755 1386 800 θεόν

115 833 448 892 ἀνθρωποειδέα
485 835 648 881 οὐδένα
684 836 912 892 γενέσθαι·

976 836 1031 880 οὐ
1073 838 1151 892 μέν
1183 854 1251 879 τοι
1282 835 1386 880 οὐδὲ

115 914 354 969 πρότερον,
387 914 491 960 οὐδὲ
520 915 708 970 ὕστερον
738 917 784 959 έν
804 921 916 959 τοῖσι
937 914 1221 960 ὑπολοίποισι
1245 914 1384 971 Αίγύ-

114 1009 228 1038 πτου
257 997 481 1050 βασιλεῦσι
510 994 783 1052 γενομένοισι
806 1027 818 1047 ,
869 995 1017 1051 ἔλεγον
1056 999 1264 1039 τοιοῦτον
1305 993 1385 1038 οὕ-

87 1075 206 1117 5δέν.
258 1071 333 1117 Ἐν
361 1076 515 1118 τοίνυν
544 1073 685 1131 τούτῳ
714 1077 776 1130 τῷ
814 1073 962 1132 χρόνῳ
1002 1075 1197 1129 τετράκις
1237 1075 1386 1130 ἔλεγον

116 1152 158 1204 ἐξ
187 1150 336 1208 ἠθέων
365 1153 441 1199 τὸν
469 1153 596 1210 ἥλιον
627 1152 868 1198 ἀνατεῖλαι·
916 1154 1027 1198 ἔνθα
1055 1170 1101 1198 τε
1130 1157 1215 1198 νῦν
1244 1170 1378 1198 κατα-
1395 1161 1441 1195 25

115 1404 170 1411 -
186 1381 369 1424 δυνέαται
383 1380 505 1435 μύρια
523 1382 624 1435 ἔτεα]
646 1379 714 1423 δυ’-

58 1444 211 1480 νασθαι
241 1441 358 1479 valere
377 1470 389 1489 ,
434 1442 599 1492 conficere
636 1441 714 1477 illu-

59 1497 185 1535 stravit
220 1498 472 1536 Hemsterhus.
509 1499 556 1535 ad
589 1498 714 1547 Viger.

60 1555 107 1592 de
128 1554 300 1593 idiotism.
318 1568 402 1606 pag.
423 1554 516 1595 234.
539 1554 599 1592 Tu
616 1555 712 1591 conf.

58 1610 199 1648 Herod.
219 1611 293 1660 111,
310 1614 376 1652 89.
405 1611 451 1658 V,
475 1611 540 1652 53.
601 1611 714 1655 Quod

60 1667 95 1704 h.
115 1667 137 1703 l.
167 1681 274 1717 reges
297 1681 339 1705 ac
363 1668 553 1718 pontifices
575 1667 715 1705 Noster

59 1729 226 1762 recenset
268 1729 435 1762 trecentos
472 1724 715 1773 quadraginta

59 1793 186 1828 unum,
216 1781 254 1818 id
282 1794 358 1818 non
375 1793 522 1831 prorsus
546 1781 715 1830 congruit

61 1850 141 1874 eum
164 1849 244 1888 cap.
265 1851 356 1887 seq.,
385 1838 446 1874 ubi
468 1843 714 1874 memorantur

59 1896 204 1930 trecenti
232 1895 471 1944 quadraginta
497 1907 569 1931 sex.
637 1893 715 1931 Sed

61 1950 131 1987 hoc
156 1949 290 1999 levius,
320 1952 383 1988 ubi
408 1955 463 1988 tot
483 1951 554 1988 alia
578 1950 717 1987 inveni-

59 2011 190 2054 untur,
220 2020 316 2057 quae
335 2009 383 2045 ad
406 2007 579 2044 historiae
605 2007 717 2044 fidem

59 2064 119 2100 vix
137 2076 299 2113 unquam
323 2064 419 2113 exigi
436 2067 619 2114 poterunt.
656 2063 717 2101 De

61 2120 310 2158 sacerdotibus
342 2134 541 2170 eorumque
566 2133 716 2158 munere

61 2188 105 2213 ac
140 2177 322 2225 dignitate
356 2177 530 2216 disseruit
556 2177 715 2215 Heeren.

60 2232 173 2271 Ideen
197 2233 252 2282 ΙΙ,
280 2238 306 2276 2
335 2248 371 2285 p.
393 2237 473 2276 127
499 2246 602 2283 seqq.

117 2286 216 2329 θεὸν
252 2286 580 2343 ἅνθρωποειὸέα]
620 2290 643 2326 i.
683 2303 716 2329 e.

61 2345 162 2384 deum
186 2347 341 2386 humamt
358 2348 483 2399 Ῑωιηὸι
500 2347 712 2414 praeditum.

65 2403 172 2440 Conf.
191 2403 237 2452 ΙΙ,
255 2407 328 2446 86:
367 2401 495 2444 τύπον
518 2398 713 2472 ἅνθρω-

64 2459 280 2500 ποειδέα
299 2466 334 2500 et
357 2462 393 2509 I
417 2463 495 2503 131
520 2455 714 2513 ἅνθρω-

64 2530 94 2554 π
107 2515 294 2565 οφυέας
310 2541 366 2547 --
385 2533 479 2565 τους
495 2514 632 2564 θεους,
654 2518 716 2555 ubi

64 2571 136 2609 vid.
157 2577 247 2611 nott.

122 2626 253 2681 ε’λεγον
277 2629 317 2678 ἐξ
341 2626 481 2682 ἠθέων
504 2627 574 2671 τόν
595 2626 715 2682 ἣλιον

67 2678 282 2737 ἀνατεῖλαι]
311 2686 350 2736 ἐξ
372 2683 549 2739 η’θέωνί.
564 2701 596 2726 e.
613 2692 716 2726 extra

66 2740 176 2777 sedem
211 2756 337 2791 suam,
380 2749 601 2792 consuetam,
642 2744 715 2792 ἔξω

66 2797 138 2845 τῆς
160 2800 395 2849 συνηθείας,
427 2806 465 2839 ut
484 2803 536 2838 ait
550 2801 715 2839 Thomas

66 2851 167 2902 Mag.
204 2868 289 2904 pag.
315 2858 408 2898 319.
468 2857 529 2895 Tu
555 2859 628 2895 vid.
654 2858 718 2895 Fi-

69 2908 180 2947 scher.
198 2912 246 2948 ad
266 2912 507 2962 Wener.111‚
529 2914 552 2952 b
576 2928 613 2966 p.
636 2917 716 2956 127

783 1386 818 1421 et
835 1395 930 1432 quae
960 1383 1030 1421 alia
1058 1383 1179 1421 attulit
1197 1382 1372 1421 Valcken.
1393 1383 1442 1421 ad

781 1439 815 1477 h.
836 1440 858 1476 l.
916 1441 1080 1478 Imitatus
1114 1445 1169 1478 est
1185 1441 1441 1478 Herodoteam

781 1496 974 1535 lectionem
1022 1497 1223 1535 Pausanias
1271 1497 1346 1545 111,
1388 1496 1441 1538 14

781 1552 818 1604 ἓ.
843 1556 889 1602 9,
928 1555 990 1591 ubi
1022 1555 1094 1592 vid.
1132 1554 1266 1592 Siebel.
1296 1574 1352 1581 —
1382 1553 1441 1590 Ad

781 1616 1036 1659 argumentum
1094 1611 1163 1649 loci
1222 1612 1440 1660 interpretes

781 1667 920 1704 dudum
961 1668 1160 1705 attulerunt
1189 1667 1350 1705 Platonis
1386 1666 1441 1703 lo-

783 1737 862 1760 cum
884 1726 920 1761 in
941 1724 1046 1774 polit.
1076 1738 1112 1775 p.
1133 1727 1236 1771 269,
1257 1723 1290 1761 A
1308 1754 1318 1772 ,
1349 1736 1442 1773 quo-

782 1793 864 1817 cum
898 1780 927 1818 C
937 1793 965 1817 r.
996 1793 1040 1818 ea
1063 1783 1227 1828 confert,
1268 1793 1364 1830 quae
1393 1780 1441 1817 de

782 1837 986 1887 Hipparchi
1011 1838 1191 1875 sententia
1210 1838 1308 1874 haud
1333 1837 1441 1873 dissi-
1471 1885 1473 1887 ι

784 1893 856 1930 mili
874 1894 1045 1942 leguntur
1062 1895 1161 1945 apud
1185 1895 1313 1931 Senec.
1333 1894 1440 1943 epist.

785 1951 833 1987 ad
860 1950 974 1987 Lucil.
997 1954 1074 1998 71,
1105 1951 1167 1987 ubi
1194 1951 1266 1987 vid.
1304 1950 1439 1987 Muret.

784 2010 810 2044 t.
831 2006 882 2043 Ill
911 2021 948 2058 p.
967 2009 1018 2047 61
1047 2020 1133 2058 opp.
1163 2008 1220 2045 ed.
1242 2007 1438 2044 Ruhnken.

784 2061 1050 2114 Aegyptiorum
1062 2064 1320 2111 narrationem,
1331 2075 1440 2112 quam

784 2119 999 2158 Herodotus
1025 2121 1216 2170 prodidit,
1256 2120 1382 2168 attigit
1410 2119 1438 2156 Ι.

783 2176 979 2226 Scaliger.‚
1024 2178 1072 2215 de
1117 2178 1260 2215 emend.
1302 2183 1439 2226 tempp.

783 2247 820 2284 p.
844 2235 945 2280 1983
976 2237 1013 2271 et
1037 2238 1123 2284 post
1150 2234 1247 2271 illum
1279 2234 1440 2281 Goguet.

783 2290 903 2339 origg.
922 2290 993 2339 leg.
1014 2295 1051 2327 et
1073 2295 1141 2328 art.
1163 2292 1248 2328 diss.
1272 2290 1321 2327 IV
1346 2294 1371 2326 t.
1389 2289 1440 2327 ΙΙΙ

781 2360 819 2398 p.
841 2349 924 2388 300
947 2348 1005 2385 ed.
1022 2346 1153 2395 Paris.‚
1187 2348 1249 2397 qui
1275 2347 1344 2384 hoc
1371 2360 1442 2397 po-

781 2404 852 2441 nit:
867 2403 1069 2454 Aegyptios
1090 2405 1244 2442 obscure
1260 2405 1441 2441 indicasse

782 2461 897 2498 videri
950 2465 1126 2498 mutatum
1165 2461 1250 2498 solis
1297 2473 1440 2498 cursum

780 2521 949 2567 tempore
984 2517 1117 2555 Iosuae
1145 2517 1372 2568 imperatoris
1402 2520 1441 2554 et

783 2574 961 2622 Hiskiae,
998 2574 1216 2612 Iudaeorum
1241 2575 1361 2623 regis,
1393 2574 1441 2610 de

784 2644 856 2680 quo
880 2635 1035 2680 utroque
1060 2631 1097 2668 in
1119 2631 1251 2668 Iosuae
1269 2631 1360 2667 libro
1390 2629 1440 2676 X,

786 2691 851 2735 12,
873 2689 925 2728 13
948 2692 983 2724 et
1006 2688 1037 2724 ΙΙ
1057 2701 1149 2737 reg,
1172 2690 1289 2735 20‚9.
1320 2685 1441 2724 Aliam

782 2744 836 2780 his
855 2744 978 2781 adiicit
998 2744 1264 2793 VVesselingius
1293 2748 1440 2781 senten-

784 2802 873 2837 tiam
899 2801 966 2837 viri
995 2802 1096 2838 docti
1121 2803 1158 2838 in
1185 2813 1334 2838 memor.
1353 2799 1438 2836 Tri-

783 2857 909 2895 vultin.
943 2857 1103 2905 (janvier
1131 2858 1260 2906 1762)
1286 2861 1314 2894 t.
1333 2855 1438 2893 LXV

785 2927 871 2964 pag.
888 2913 970 2955 409
998 2915 1056 2952 ed.
1074 2912 1298 2961 Amstelod.‚
1329 2924 1439 2962 quam
