1759 3324
629 274 846 315 CLIO.
903 274 932 312 1.
1323 275 1406 317 347

117 386 418 446 4ποιησάντων
436 384 482 430 δὲ
499 387 636 428 ταῦτα
652 383 943 440 Σμυρναίων,
965 381 1252 427 ἓπιδιείλοντό
1268 393 1407 438 σφεας

145 470 192 512 αἱ
227 467 379 511 ἕνδεκα
416 463 582 517 πόλιες,
630 462 704 507 καὶ
741 461 1002 522 ἐποιήσαντο
1051 460 1199 519 σφέων
1238 461 1432 507 αὐτέωνΙ

1456 546 1554 576 Urbes
1598 549 1737 577 Aeolieae

1456 581 1487 609 in
1508 581 1572 617 111³,
1591 591 1656 623 cum
1674 585 1736 610 iuis

1458 623 1518 642 non
1552 622 1737 645 coniunctae.

1459 648 1611 677 eaeterae
1637 651 1737 684 urbes,

1458 682 1490 709 in
1509 683 1540 710 in
1543 684 1626 711 sulis.
1662 684 1737 711 Aco-

1458 715 1506 743 len
1491 725 1559 744 usse
1616 721 1738 758 propter

1459 749 1518 784 Cyn·
1506 759 1570 778 rum
1633 750 1681 777 adi
1687 758 1722 778 uu
1726 768 1736 771 -

139 798 258 840 pava
245 780 390 833 πόλιες
421 779 504 837 τήν
521 779 693 837 Λέσβον
721 779 948 838 νέμονται·
978 779 1058 837 τὴν
1085 797 1168 837 γαρ
1198 780 1326 837 ε’κτην
1351 781 1430 825 έν5
1460 788 1535 820 gunt
1553 793 1588 813 se
1607 783 1735 813 Ionibus.

22 559 118 607 151
143 544 362 602 πολιήτας.
421 538 563 588 Λῧται
591 542 670 597 μέν
698 558 784 585 νυν
814 544 860 586 αἱ
886 538 1167 599 ἠπειρώτιδες
1197 543 1399 594 Αἰολίδες

141 623 310 677 πόλιες,
353 623 430 675 ἔξω
459 625 548 666 τῶν
576 621 624 665 ἐν
651 624 706 678 τῇ
723 619 818 678 Ἴδῃ
850 621 1117 678 οἰκημένων·
1163 623 1400 679 κεχωρίδα-

114 710 214 748 Ξται
246 701 332 759 γὰρ
371 696 511 746 αὗται.
571 702 618 744 αἱ
646 700 693 745 δὲ
731 698 809 752 τας
836 700 1002 757 νήσους
1030 699 1227 757 ἔχουσαι,
1277 701 1403 746 πέντε

139 864 193 918 τῇ
223 861 376 919 Λέσβῳ
419 859 675 917 οἰκεομένην
709 858 911 917 Ἀρίσβαν
947 857 1276 917 ηνδραπόδισαν
1304 864 1408 917 Mn·-

138 945 374 996 θυμναῖοι,
404 940 556 993 ἐόντας
585 941 812 999 ὁμαίμους.
870 940 916 984 ἐν
955 940 1122 997 Τενέδῳ
1164 939 1210 983 δὲ
1240 941 1319 996 μία
1349 942 1409 984 οἰ-

137 1019 279 1064 κέεται
307 1020 463 1075 πόλις,
511 1021 582 1066 καὶ
612 1021 660 1065 ἐν
687 1025 786 1079 τῇσι
820 1018 1001 1064 Ἑκατὸν
1029 1016 1223 1076 Νήσοισι
1261 1024 1410 1064 καλεο-

110 1099 298 1157 3μένῃσι
329 1098 436 1158 ἄλλη
465 1103 555 1157 μία.
613 1103 841 1157 Λεσβίοισι
869 1099 947 1156 μέν
975 1115 1061 1142 νυν
1089 1098 1164 1142 καὶ
1190 1100 1405 1143 Τενεδίοι-

142 1189 207 1231 σι,
256 1179 449 1238 κατάπερ
483 1178 645 1226 Ἰώνων
673 1185 789 1226 τοῖσι
823 1178 900 1230 τὰς
936 1177 1101 1235 νήσους
1130 1177 1303 1235 ἔχουσι,
1349 1173 1408 1236 ἦν

291 1381 400 1434 Cap.
430 1381 527 1421 CLI.

140 1464 213 1514 ε’ξω
232 1468 313 1506 τῶν
341 1466 384 1507 ἐν
403 1469 456 1523 τῇ
469 1464 556 1523 Ἴδῃ
579 1464 738 1519 οἰκημέ-

83 1520 190 1574 νων]
229 1522 402 1573 Triginta
431 1538 583 1563 numero
614 1525 736 1575 suspi-

82 1580 174 1617 ceris
205 1580 321 1619 fuisse
349 1581 438 1619 haec
469 1582 607 1633 oppida
641 1582 735 1619 circa

82 1636 185 1673 Idam
205 1641 366 1675 montem
388 1637 480 1686 sita,
508 1638 736 1687 maximaque

85 1705 128 1730 ex
146 1696 250 1743 parte
281 1705 303 1730 a
322 1694 492 1742 Cymaeis
517 1693 737 1744 Lesbiisque

83 1748 240 1786 condita.
270 1749 328 1786 Cf.
348 1750 469 1788 Strab.
497 1751 584 1789 XIII
605 1765 642 1802 p.
654 1753 738 1793 622

86 1805 143 1843 ed.
163 1805 323 1843 Casaub.
341 1819 370 1843 s.
391 1820 429 1858 p.
450 1806 558 1855 924,
579 1807 623 1844 A.

138 1855 214 1912 ’Λρ
227 1861 311 1912 ίσβ
324 1877 347 1901 α
362 1877 385 1902 ν
431 1858 738 1915 η’νδοαπόὸισαν

84 1918 372 1969 Μεθυμναῖοι]
431 1919 600 1958 Meminit
633 1920 738 1957 huius

82 1974 201 2023 urbis,
219 1987 314 2024 quae
335 1976 380 2013 ab
400 1977 470 2013 alia
489 1977 652 2015 eiusdem
671 1989 740 2013 no-

82 2030 189 2067 minis
215 2031 253 2069 in
273 2031 424 2071 Troade
447 2037 546 2071 terra
571 2034 738 2082 dignosci

84 2087 216 2136 debet,
244 2092 280 2126 et
300 2088 406 2126 huius
425 2090 539 2140 ipsius
560 2089 628 2127 loci
650 2090 735 2128 Ste-

81 2143 223 2193 phanus
256 2145 411 2194 Byzant.
443 2159 474 2184 s.
499 2159 532 2184 v.
561 2141 734 2199 Ἀρίσβη,

83 2200 184 2237 cuius
217 2200 334 2239 locum
363 2203 488 2253 utique
527 2207 735 2254 corruptum

82 2259 213 2294 tractat
230 2257 348 2296 Marx.
377 2260 424 2297 ad
445 2259 585 2310 Ephori
604 2261 736 2308 fragm.

83 2325 168 2362 pag.
188 2316 269 2356 116
286 2328 365 2365 seq.
401 2315 549 2354 Nomen
569 2317 656 2354 urbs
672 2329 734 2354 ae-

84 2370 225 2432 cepisse
243 2372 358 2409 fertur
375 2373 421 2410 ab
433 2371 588 2421 Arisba,
609 2372 735 2411 Mero-

85 2424 142 2474 pis
171 2426 255 2465 filia.
313 2427 389 2465 Ubi
418 2429 488 2466 sita
520 2431 648 2477 suerit,
676 2429 735 2467 vix

88 2484 186 2519 certo
203 2495 299 2522 nunc
315 2484 467 2524 definire
483 2485 588 2533 licet,
607 2498 737 2537 quam-

87 2536 142 2573 vis
164 2540 350 2589 probabile
378 2542 448 2590 sit,
478 2555 558 2581 eam
588 2543 625 2579 in
654 2541 738 2580 Me-

86 2592 256 2641 thymnae
297 2596 425 2635 vicinia
463 2599 571 2636 sitam
609 2599 737 2637 fuisse.

88 2647 197 2688 Conf.
215 2650 340 2690 Plehn.
368 2654 406 2691 in
429 2654 618 2693 Lesbiace.
644 2655 737 2693 libro

88 2716 174 2754 Pag-
196 2709 262 2749 21
319 2709 422 2754 Quas
446 2715 638 2775 praeterea
663 2711 740 2750 Le-

89 2759 156 2797 sbo
167 2761 306 2802 Noster
321 2767 486 2815 assignat
506 2768 667 2818 quinque
689 2770 740 2806 ei-

88 2814 215 2855 vitates
250 2819 439 2872 Aeolieas‚
488 2837 568 2861 cum
607 2825 739 2862 eodem

88 2870 239 2911 Plehnio
259 2889 344 2926 pag.
356 2877 410 2919 43
434 2881 547 2917 fuisse
558 2881 741 2918 existimes

89 2926 313 2980 Mytilenen,
348 2934 618 2986 Methymnam,
664 2937 741 2974 An-
769 2933 777 2939 ’

804 1354 931 1392 tissam
941 1382 952 1401 ‚
963 1351 1118 1390 Eresum
1129 1381 1140 1399 ‚
1150 1350 1341 1400 Pyrrham,
1352 1351 1461 1402 quip-

804 1423 852 1461 pe
881 1410 1047 1447 omnibus
1071 1422 1191 1447 rerum
1222 1408 1460 1460 scriptoribus

805 1469 1116 1505 commemoratas.

860 1521 928 1562 καὶ
951 1521 995 1562 ἐν
1013 1524 1102 1576 τῇσι
1120 1516 1286 1560 Ἑκατὸν
1308 1515 1460 1571 Νήσοι-

804 1590 842 1620 σι
870 1577 1158 1633 καλεομένῃσι]
1198 1577 1368 1615 Meminit
1396 1577 1463 1614 ha-

802 1649 883 1673 rum
910 1636 1106 1673 insularum
1140 1635 1325 1673 Diodorus
1361 1633 1462 1681 XIII,

803 1696 858 1734 77
878 1697 987 1742 atque
1007 1692 1140 1729 Strabo
1157 1690 1245 1728 XHI
1266 1703 1352 1740 pag.
1365 1693 1461 1737 919,

807 1750 869 1798 qui
899 1761 1032 1787 nornen
1060 1748 1200 1785 illarum
1231 1746 1379 1784 deducit
1414 1747 1461 1784 ab

793 1801 990 1853 “Enavog,
1034 1805 1096 1854 qui
1127 1805 1176 1842 sit
1208 1802 1390 1854 Apollinis
1424 1802 1463 1839 in

806 1861 917 1900 Asiae
940 1863 1007 1900 hae
1026 1874 1090 1899 ora
1119 1860 1276 1897 maxime
1305 1859 1388 1896 culti
1417 1859 1463 1896 ti-

807 1918 922 1966 tulus,
958 1919 1008 1956 ita
1037 1922 1077 1956 nt
1112 1916 1292 1968 Apollinis
1321 1915 1462 1953 insulae

807 1975 879 2012 sint
902 1975 1032 2012 dictae.
1086 1973 1200 2018 Quod
1220 1973 1328 2010 nimis
1349 1985 1464 2022 quae—

808 2032 916 2069 situm
944 2044 1034 2069 sane
1069 2031 1185 2068 videri
1216 2029 1352 2076 debet,
1383 2041 1464 2066 cum

806 2101 829 2126 a
855 2101 992 2137 magna
1024 2088 1234 2136 exiguarum
1264 2085 1463 2122 insularum

805 2146 911 2196 copia
926 2157 1059 2182 nomen
1079 2144 1147 2181 hoc
1164 2143 1359 2181 deductum
1378 2155 1461 2179 esse

805 2205 939 2252 sponte
964 2200 1197 2250 intelligatur.
1254 2199 1357 2236 Sitae
1376 2202 1462 2234 sunt

804 2258 897 2297 istae
918 2257 1058 2295 insulae
1072 2286 1082 2304 ‚
1103 2269 1255 2307 quarum
1270 2268 1462 2293 numerum

804 2328 844 2353 re
876 2327 963 2352 vera
987 2314 1117 2363 viginti
1153 2317 1216 2350 aut
1245 2317 1343 2351 certe
1369 2324 1461 2361 qua-

804 2372 976 2421 draginta
996 2370 1110 2408 suisse
1129 2370 1313 2416 scribrmt,
1332 2368 1369 2405 in
1384 2369 1458 2405 fre-

803 2432 867 2476 to,
896 2428 997 2478 quod
1028 2431 1086 2466 est
1110 2427 1205 2463 inter
1221 2425 1385 2464 Lesbum
1406 2428 1462 2462 at-

805 2497 878 2534 que
909 2483 1047 2521 Asiam.
1115 2483 1225 2522 Nunc
1253 2483 1298 2520 iis
1331 2493 1466 2520 nomen

806 2540 1088 2579 Moschoaemesia.

862 2597 1076 2649 Λεσβίοισι
1098 2593 1170 2648 μέν
1201 2609 1276 2635 νυν
1306 2592 1375 2634 καὶ
1399 2596 1467 2633 Τε-

806 2654 974 2694 νεδίοισι
993 2669 1028 2692 κ.
1048 2669 1080 2693 τ.
1099 2652 1149 2704 λ.]
1187 2653 1259 2691 His
1287 2651 1408 2690 verbis
1443 2663 1466 2688 a

806 2712 1036 2761 digressione
1078 2711 1127 2748 de
1166 2709 1392 2747 Graecorum
1427 2707 1466 2744 in

795 2767 896 2805 Asia
917 2767 1069 2806 coloniis
1091 2780 1170 2817 cap.
1197 2765 1276 2807 141
1299 2765 1468 2802 instituta

806 2824 948 2863 Noster
967 2824 1063 2863 redit
1081 2824 1130 2861 ad
1148 2822 1395 2860 narrationem
1419 2821 1467 2857 de

808 2882 921 2930 Cyro.
978 2879 1032 2918 Ac
1051 2879 1200 2929 respicit
1223 2878 1389 2929 inprimis
1411 2889 1467 2923 ea,

809 2950 905 2987 quae
933 2949 1012 2988 cap.
1042 2935 1123 2977 143
1154 2935 1257 2972 initio
1285 2934 1466 2983 leguntur.
