1759 3324
545 264 1064 303 EUTERPE.II.
1344 268 1429 309 519

1479 391 1510 417 et
1531 399 1618 426 quam
1630 393 1679 421 diu
1695 403 1759 424 cre-

1477 430 1543 451 scat
1554 430 1583 452 et
1593 426 1759 458 decrescat:

1479 458 1576 485 nullas
1595 461 1632 487 ab
1653 470 1688 490 eo
1706 472 1758 492 au-

1478 498 1529 519 ras
1547 493 1664 524 efflare.

165 392 248 418 νου
275 374 421 431 χώρου
449 373 579 426 εἶναι,
611 373 684 417 καὶ
711 377 792 416 τοῦ
820 371 1044 429 Ἀραβίου,
1075 374 1221 431 ἐνιαχῆ
1252 376 1325 418 καὶ
1354 375 1422 420 ἐπὶ

165 454 244 497 δύο
274 453 465 509 ἡμερέων
494 453 729 507 ἑκατέρωθι
760 451 887 504 ὁδόν,
935 453 1008 495 καὶ
1046 457 1184 497 πλεῦν
1220 454 1282 498 ἔτι,
1318 453 1422 498 τού-

160 548 261 582 του,
293 532 365 574 καὶ
398 532 594 574 ἔλασσον.

131 616 153 649 2
299 613 388 653 Τοῦ
423 614 624 667 ποταμοῦ
663 612 708 654 δὲ
749 609 906 665 φύσιος
940 610 1064 665 πέρι,
1116 611 1215 657 οὔτε
1254 612 1294 656 τὶ
1334 616 1425 657 τῶν

158 688 304 743 ἱρέων,
350 687 449 732 οὔτε
480 690 615 733 ἄλλου
647 688 828 740 οὐδενὸς
858 695 1127 747 παραλαβεῖν
1156 691 1422 749 ἐδυνάσθην.

128 767 387 823 3πρόθυμος
417 769 462 812 δὲ
493 769 541 813 ἔα
569 768 670 813 τάδε
699 768 805 823 παρ’
846 767 993 812 αὐτῶν
1032 770 1277 824 πυθέσθαι,
1327 771 1353 816 ὅ
1382 789 1423 816 τι
1436 778 1479 814 15

155 846 403 903 κατέρχεται
438 850 518 905 μὲν
557 848 581 893 ὁ
622 852 780 900 Νεῖλος
814 848 1049 905 πληθύων,
1099 850 1184 894 ἀπὸ
1223 851 1421 907 τροπέων
1474 862 1477 866 ’

98 1057 172 1094 τοῦ
190 1056 377 1106 Λιβυκοῦ
393 1071 432 1095 τε
455 1055 666 1108 λεγομένου
678 1056 751 1109 χῶ-

100 1126 173 1163 ρου
202 1115 304 1151 εἰναι
325 1128 359 1151 κ.
379 1128 409 1151 τ.
430 1112 483 1163 λ.]
516 1113 752 1165 ἐπέρχεσθαι

97 1169 244 1219 proprie
257 1172 371 1206 venire
381 1183 444 1219 sup
436 1183 483 1206 er
493 1171 650 1220 alequa&
670 1172 752 1209 hinc

97 1225 144 1262 de
155 1226 263 1261 fluvio
273 1227 479 1273 inundante,
509 1228 751 1277 regionesque

97 1282 303 1320 adiacentes
332 1283 436 1320 undis
467 1287 620 1332 tegente,
668 1298 748 1321 cum

96 1337 437 1386 Schweighaeusero
448 1339 647 1389 intelligere
663 1341 748 1378 lice-

95 1393 158 1430 bit.
187 1394 298 1431 Haud
318 1395 446 1432 iniuria
461 1401 647 1446 comparat
672 1397 744 1445 ille,

94 1451 193 1498 quod
208 1451 371 1500 proxime
392 1454 573 1490 antecedit
603 1454 641 1500 Ι,
672 1456 742 1494 18·

92 1526 148 1534 —
164 1502 315 1557 ταύτην
329 1523 402 1559 την
415 1507 439 1547 ο““
451 1511 594 1555 Νεῖλος
618 1507 744 1549 ἐπιων

93 1558 216 1613 α’ρδει.
252 1563 348 1601 Add.
370 1564 425 1611 ΙΙ,
450 1567 514 1606 97.
556 1566 743 1604 Accusati-

91 1631 197 1666 vum‚
228 1621 290 1669 qui
316 1620 374 1657 hic
395 1622 614 1660 adiunctus
606 1624 744 1661 1nveni-

92 1678 150 1711 tur
169 1676 279 1713 verbo
297 1675 541 1728 ἐπέρχεσθαι,
572 1680 743 1729 equidem

92 1732 209 1768 refero
230 1733 277 1769 ad
298 1746 375 1780 eos,
407 1735 453 1772 de
471 1735 598 1784 quibus
612 1736 741 1773 Matth.

92 1787 157 1824 Gr.
175 1788 239 1825 Gr.
264 1787 301 1839 ὃ.
324 1789 418 1831 426.
477 1792 535 1828 Ad
563 1793 742 1840 genitivos

90 1844 350 1893 subsequentes
361 1847 500 1897 supple,
514 1849 543 1884 si
557 1861 648 1898 opus
662 1849 741 1896 erit,

88 1900 146 1938 τί.-
182 1900 349 1951 intelligit
378 1905 473 1941 enim
493 1904 630 1942 Noster
652 1918 742 1954 par-

89 1959 156 1993 tem
181 1960 255 1994 eius
276 1961 429 2007 regionis
443 1989 453 2007 ,
495 1974 583 2010 quae
603 1961 743 2011 Libyae

87 2017 120 2050 et
139 2014 291 2052 Arabiae
318 2028 389 2052 esse
415 2016 557 2054 dicitur.
586 2038 640 2045 —-
670 2014 742 2068 χώ-

89 2084 160 2120 ρου
177 2083 244 2120 pro
261 2071 358 2120 vulg.
379 2073 525 2123 χωρίου
546 2074 618 2111 iam
636 2088 740 2112 revo-

87 2131 229 2164 caverat
242 2128 617 2178 Schweighaeuserus.

141 2181 210 2221 καὶ
231 2182 296 2222 ἐπὶ
315 2182 387 2224 δύο
407 2184 585 2237 ἡμερέων
609 2185 737 2226 ἑκατέ-

87 2243 192 2288 ρωθι
217 2237 336 2288 ὁδὸν]
364 2241 429 2281 ἐπὶ
449 2243 486 2279 in
503 2243 558 2281 his
580 2244 737 2294 spatium

86 2296 162 2333 fere
198 2297 332 2335 indicat
367 2300 612 2337 continuatum
649 2300 737 2348 (‚‚et

88 2351 222 2400 quidem
248 2356 286 2391 in
313 2354 382 2392 duo
418 2356 553 2394 dierum
580 2371 609 2394 s.
637 2357 738 2394 bidui

86 2409 213 2458 iter“),
240 2414 280 2447 ut
294 2425 379 2449 mox
396 2413 433 2449 in
441 2414 560 2451 verbis
572 2411 634 2453 ἐπὶ
650 2411 735 2452 ἕκα-

87 2459 154 2502 τὸν
175 2463 336 2532 ᾖμέρας.
393 2468 450 2507 De
478 2482 550 2518 quo
580 2474 736 2519 utroque

88 2521 259 2559 monitum
291 2524 328 2560 in
362 2524 523 2563 Fischeri
560 2525 737 2563 Animad-

87 2587 197 2614 verss.
208 2578 255 2614 ad
265 2579 411 2619 Weller.
424 2581 486 2626 ΙΙΙ,
503 2585 541 2630 6,
561 2582 642 2625 243
655 2583 734 2620 coil.

87 2629 218 2670 Matth.
242 2634 264 2671 l.
285 2635 308 2672 l.
333 2650 418 2687 pag.
444 2641 548 2680 1169
590 2660 646 2666 —
675 2639 734 2676 Ad

89 2688 264 2735 genitivos
289 2698 483 2742 sequentes
512 2710 593 2734 των
615 2694 733 2746 ἷρέων

89 2746 128 2779 et
156 2741 274 2785 ἄλλον
313 2745 477 2796 ουδενός
512 2752 606 2788 conf.
643 2752 731 2789 ibid.

89 2795 126 2848 ἓ-
141 2801 232 2841 373.
259 2803 398 2843 Eodem
410 2820 517 2844 sensu
528 2807 636 2858 paulo
649 2812 735 2857 post

88 2855 230 2893 addidit
244 2863 546 2910 praepositionem
565 2860 654 2915 παρ’
665 2860 734 2903 ocv'-

89 2912 170 2950 τῶν
187 2913 411 2967 πυθέσθαι,
443 2919 503 2956 ubi
528 2933 608 2957 cum
627 2921 737 2958 Gais-

817 1058 936 1095 fordio
976 1058 1159 1096 abiicimus
1187 1059 1374 1109 vulgatum
1403 1055 1473 1098 av’-

817 1112 927 1152 τέων.
957 1115 1014 1151 Ad
1027 1117 1179 1153 formam
1191 1115 1234 1154 ἔα
1246 1116 1379 1164 confil,
1390 1120 1472 1159 187

818 1176 854 1209 et
877 1172 924 1209 de
954 1172 1120 1210 universo
1157 1172 1224 1209 loci
1256 1177 1472 1222 argumento

817 1202 1365 1297 Strab.XV1[p.1137,D{³p
1376 1231 1472 1271 789

873 1279 897 1323 0'
908 1299 943 1322 τι
963 1283 1185 1335 κατέρχεται
1207 1282 1278 1349 μὲν
1293 1283 1314 1325 ὁ
1328 1287 1473 1333 Νεῖλος

815 1336 1016 1390 πληθύων
1041 1356 1075 1379 κ.
1097 1355 1128 1379 τ
1151 1344 1182 1380 λ.
1193 1336 1255 1392 ]
1241 1337 1313 1380 ότι
1330 1345 1472 1391 estcur,

815 1409 932 1446 quare.
973 1397 1081 1435 Conf.
1100 1397 1230 1435 Matth.
1251 1396 1287 1448 ὃ.
1307 1398 1388 1439 477
1408 1399 1472 1436 fin.

812 1465 897 1502 pag.
921 1455 1013 1495 893.
1044 1454 1104 1492 De
1128 1455 1296 1491 un1verso
1319 1454 1392 1491 hoc
1412 1467 1472 1491 ar-

813 1515 986 1558 gumento
1024 1510 1090 1548 Cr.
1122 1511 1314 1561 adscripsit
1352 1510 1470 1549 locum

811 1566 1012 1614 Ciceronis,
1043 1568 1089 1605 de
1105 1576 1178 1604 nat.
1200 1568 1319 1605 deorr.
1333 1566 1377 1614 ΙΙ,
1392 1568 1466 1610 52:

809 1621 1044 1673 „Aegyptum
1061 1623 1164 1661 Nilus
1175 1624 1315 1673 irrigat,
1327 1630 1374 1672 et,
1385 1637 1467 1662 cum

811 1682 888 1714 tota
918 1684 1055 1717 aestate
1077 1680 1244 1717 obrutam
1263 1680 1468 1730 oppletam-

811 1747 883 1783 que
907 1737 1045 1782 tenuit,
1075 1740 1152 1773 tum
1181 1737 1318 1774 recedit
1342 1736 1467 1773 molli-

809 1795 942 1840 tosque
955 1797 990 1830 et
1007 1792 1197 1829 oblimatos
1215 1805 1325 1841 agros
1342 1794 1390 1830 ad
1408 1807 1466 1831 se-

809 1849 962 1885 rendum
983 1848 1190 1898 relinquit.“
1199 1870 1255 1877 ——
1266 1849 1361 1886 Add.
1372 1848 1466 1886 Dio-

811 1904 889 1940 dor.
914 1904 935 1940 l.
957 1904 979 1941 l.
1020 1906 1096 1941 Iam
1128 1906 1223 1943 enim
1253 1918 1360 1943 nemo
1387 1918 1465 1943 am-

808 1960 903 2010 plius
920 1961 1082 2008 dubitat,
1113 1963 1202 2011 quin
1222 1975 1308 2000 vere
1325 1961 1463 2000 Noster

807 2016 978 2054 retulerit.
1000 2017 1097 2055 Nam
1108 2018 1233 2068 primis
1247 2018 1463 2068 plerumque

807 2074 934 2110 diebus
966 2074 1100 2111 mensis
1129 2074 1208 2111 Iulii
1236 2074 1343 2112 Nilus
1383 2088 1462 2113 cre-

806 2142 907 2167 scere
927 2130 1068 2182 incipit,
1100 2130 1151 2167 ita
1172 2135 1213 2168 ut
1241 2131 1362 2168 medio
1383 2130 1460 2168 Au-

805 2190 913 2234 gusto
951 2187 997 2224 ad
1026 2188 1237 2225 incrementi
1273 2188 1460 2225 dimidium

804 2244 882 2280 fere
898 2243 1102 2289 devenerit3
1132 2244 1179 2280 ad
1198 2257 1374 2281 summam
1395 2257 1460 2281 au-

803 2303 876 2336 tem
891 2299 1116 2337 altitudinem
1133 2300 1228 2338 intra
1253 2301 1459 2338 vicesimum

804 2360 842 2393 et
867 2355 1083 2394 tricesimum
1110 2357 1337 2407 Septembris
1363 2358 1459 2395 diem

803 2413 980 2461 assurgit,
1010 2426 1082 2463 quo
1106 2414 1143 2450 in
1166 2418 1263 2451 statu
1283 2418 1458 2463 quatuor-

803 2469 920 2506 decim
947 2471 1061 2508 ferme
1081 2470 1158 2507 dies
1180 2475 1314 2507 manet.
1373 2470 1458 2514 Quo

801 2527 1050 2577 praeterlapso
1064 2530 1229 2577 tempore
1247 2527 1458 2564 decrescere

801 2581 948 2632 incipit,
978 2584 1042 2621 sed
1061 2584 1211 2631 tardius,
1241 2596 1349 2632 quam
1372 2588 1457 2620 ante

803 2644 986 2687 creverat,
1021 2652 1138 2689 usque
1165 2640 1214 2677 ad
1243 2639 1456 2688 vigesimum

800 2695 878 2732 fere
902 2694 1040 2733 Maium
1066 2696 1151 2732 anni
1178 2696 1352 2746 proximi3
1391 2695 1454 2732 ubi

801 2750 888 2788 nihil
912 2756 1072 2789 mutatur
1098 2753 1174 2790 eius
1208 2752 1368 2789 conditio
1393 2765 1455 2788 us-

802 2820 875 2856 que
893 2809 941 2845 ad
963 2809 1163 2846 solstitium.
1195 2809 1303 2845 Conf.
1320 2807 1453 2844 Strabo

802 2863 907 2901 XVll
925 2878 963 2915 p.
985 2867 1106 2912 1137,
1131 2864 1163 2902 C
1183 2878 1211 2902 s.
1242 2878 1279 2915 p.
1301 2865 1383 2905 789
1404 2867 1453 2910 et,

803 2924 844 2956 ut
867 2920 956 2958 alios
971 2925 1132 2969 taceam,
1162 2921 1225 2970 qui
1244 2923 1370 2957 nostra
1390 2931 1453 2957 ae-
