1777 3324
434 296 531 343 ET
589 292 1199 331 CORRIGENDA.
1494 294 1588 333 929·

278 409 318 450 (3
336 407 482 449 livrais.)
503 417 579 450 pag.
597 407 665 439 680
687 403 804 448 seqq.)
830 402 881 437 his
908 402 1045 436 verbis:
1080 427 1102 443 „
1115 402 1182 435 Les
1201 401 1270 436 480
1291 400 1406 434 stades
1426 401 1576 435 d'Hero-

276 452 649 496 dote-——proviennent
674 450 719 483 du
741 454 873 493 compte
903 450 945 482 de
963 449 1030 483 360
1050 448 1187 488 stades,
1223 447 1306 480 mais
1333 447 1433 490 qu'on
1463 460 1482 479 a
1506 449 1577 490 pris

276 510 355 532 sans
374 499 478 531 doute
501 508 586 542 pour
602 497 662 530 des
686 496 804 529 stades
832 495 875 528 de
904 494 988 528 trois
1010 499 1089 528 cent
1117 494 1208 527 mille
1230 493 1250 526 a
1271 494 1303 526 121
1322 493 1578 526 circonserence

274 544 318 576 du
342 544 441 587 globe
466 548 500 576 et
521 543 744 576 transforme's
767 553 808 574 en
831 544 1084 585 conseqilence3
1118 551 1177 573 car
1197 541 1266 574 360
1285 539 1402 572 stades
1421 540 1464 571 (le
1486 544 1578 572 cette

277 589 433 623 derniere
462 590 638 633 grandeur
663 589 737 621 font
772 587 1000 631 precisement
1028 585 1096 621 480
1117 586 1221 630 petits
1246 586 1363 618 stades
1387 584 1577 628 d'Egypte,

276 637 400 680 espece
419 636 460 668 de
479 647 609 668 mesure
629 634 709 679 qu'a
729 634 910 677 Herodote
939 645 959 666 a
977 637 1222 666 constamment
1241 631 1434 675 employee:
1462 631 1577 663 Hero-

275 682 355 715 dote
372 687 406 714 et
426 681 560 714 Ctesias
580 686 639 714 ont
658 681 746 713 donc
775 681 905 713 chacun
930 679 994 712 fait
1012 690 1136 721 usage,
1163 689 1287 711 comme
1306 677 1347 709 ils
1372 676 1532 710 devoient
1547 677 1578 709 le

274 727 361 760 faire
382 727 688 767 necessairement,
714 725 793 759 d'uu
813 726 937 769 espece
958 720 1177 769 particuliere
1197 725 1241 756 de
1260 723 1396 757 stade.“
1420 742 1464 746 -

56 775 108 808 Ad
127 774 165 815 I,
186 775 251 809 173
275 784 354 817 pag.
374 775 440 807 381
467 773 526 806 lin.
542 775 582 807 5ἦ
623 769 759 815 Αἰγέως
788 772 914 804 Struve
947 770 1111 815 (specim.
1135 770 1272 803 secund.
1292 768 1428 801 dialect.
1445 768 1578 802 Herod.

276 831 356 863 pag.
379 820 420 862 7)
445 824 608 852 mutatum
631 819 707 851 vult
735 818 769 851 in
790 814 969 860 Αἰγέος,
997 829 1086 861 quae
1112 821 1275 850 constans
1301 820 1354 848 est
1379 815 1496 847 horum
1519 825 1578 846 no-

273 864 393 898 minum
413 866 504 909 apud
530 865 741 898 Herodotum
760 864 881 896 forma.

53 911 105 945 Ad
126 911 164 952 Ι,
183 912 248 946 186
275 922 354 954 pag.
376 912 454 946 416.
511 911 651 944 Monent
682 910 893 954 interpretes
923 907 1136 953 Thucydidis
1166 908 1208 941 ad
1230 907 1266 948 I,
1286 908 1331 942 93
1365 919 1398 951 p.
1427 908 1490 941 198
1523 906 1576 938 ed.

275 956 441 998 Gervin.,
465 953 645 1001 μόλιβδον
671 957 763 1001 apud
788 962 922 989 veteres
943 956 979 988 in
1006 966 1176 988 murorum
1202 958 1372 987 structura
1391 954 1481 986 haud
1500 964 1577 985 raro

275 1013 540 1037 commemorarl.

53 1045 105 1080 Ad
129 1046 157 1086 Ι,
174 1048 239 1081 187
256 1059 291 1092 p.
313 1048 382 1082 418
408 1049 451 1081 de
478 1048 605 1092 duplici
637 1058 675 1091 γε
705 1047 795 1081 conf.
818 1047 874 1079 W.
889 1047 1033 1080 Schorn.
1058 1046 1253 1089 Anaxagor.
1274 1045 1426 1089 fragmm.
1450 1044 1576 1086 (Bonn.

274 1094 362 1128 1829
433 1106 449 1126 a
481 1120 488 1126 .
507 1096 563 1129 58.

54 1137 107 1171 Ad
124 1137 159 1179 I,
179 1138 248 1173 215
274 1095 443 1183 pag.)47p.2‚
455 1106 503 1172 {in
526 1145 596 1173 not.
622 1151 642 1172 a
668 1138 724 1171 lin.
743 1140 764 1172 3
791 1149 852 1182 pro
875 1139 960 1171 loco
983 1137 1118 1181 legend.
1144 1139 1242 1170 loro.
1284 1154 1330 1161 —
1363 1135 1415 1169 Ad
1441 1145 1577 1178 μασχα-

273 1185 445 1228 λιστῆρας
481 1187 572 1218 conf.
605 1184 793 1217 Blomfield.
828 1184 862 1215 in
892 1184 1039 1226 glossar.
1074 1184 1116 1216 ad
1147 1182 1306 1226 Aeschyl.
1329 1182 1578 1222 Prometh.7l,

273 1242 371 1274 quem
391 1232 480 1264 haud
501 1232 589 1274 sugit
611 1231 764 1263 Thomae
786 1229 947 1273 Magistri
967 1230 1060 1262 locus
1081 1240 1161 1273 pag.
1182 1231 1249 1263 595
1270 1241 1295 1261 s.
1314 1239 1347 1260 v.
1372 1225 1485 1269 Μάλη
1499 1253 1507 1267 ‚
1521 1228 1577 1259 ubi

271 1276 480 1320 interpretes
503 1277 674 1310 Herodoti
696 1275 929 1309 meminerunt.
977 1275 1133 1318 Namque
1160 1273 1448 1317 μασχαλιστῆρξς
1474 1273 1578 1316 vulgo

269 1328 484 1367 exponuntur
503 1323 575 1356 lora
588 1348 597 1363 ,
621 1334 708 1366 quae
727 1333 889 1366 equorum
908 1321 1058 1365 scapulis
1075 1322 1335 1354 subtenduntur.
1384 1320 1460 1352 Nec
1478 1319 1579 1352 aliter

273 1369 348 1402 fere
371 1370 461 1413 apud
483 1369 686 1413 Aeschylum
706 1368 895 1404 Blomfleld.
915 1367 939 1400 l.
959 1367 981 1400 l.
1002 1367 1257 1412 interpretatur
1283 1368 1393 1399 lorum
1422 1367 1498 1409 equi
1514 1377 1579 1409 pe-

275 1417 419 1448 ctorale.
1478 1417 1482 1420 “

54 1458 108 1492 Ad
135 1459 187 1501 II,
209 1462 232 1495 2
257 1472 338 1505 pag.
358 1461 437 1495 476.
486 1459 588 1500 Quod
614 1459 695 1493 dedi
733 1458 986 1502 Ψαμμίτιχον,
1020 1458 1110 1491 idem
1140 1457 1174 1490 in
1204 1457 1411 1502 Thucydide
1443 1463 1578 1500 quoque

275 1507 445 1551 praebent
471 1506 549 1540 libri
578 1506 709 1551 optimi.
757 1506 813 1539 Tu
840 1506 931 1539 conf.
961 1505 1156 1550 interprett.
1186 1504 1229 1537 ad
1257 1504 1295 1545 Ι,
1315 1502 1381 1538 104
1404 1514 1484 1548 pag.
1508 1504 1576 1537 211

275 1553 328 1586 ed.
350 1553 495 1586 Gervin.

55 1596 107 1630 Ad
123 1596 176 1638 Π,
193 1599 215 1632 2
240 1610 321 1644 pag.
340 1597 420 1633 478.
470 1598 591 1631 Monet
607 1597 767 1641 Kopitar.
787 1596 824 1630 in
845 1596 968 1629 annall.
988 1595 1188 1629 Viennenss.
1208 1599 1233 1628 t.
1256 1593 1369 1627 XLVI
1398 1605 1478 1638 pag.
1498 1595 1576 1635 105,

277 1645 371 1689 apud
389 1645 598 1678 Albanenses
625 1643 684 1687 qui
711 1655 799 1676 nunc
824 1648 1012 1683 vocantur,
1044 1654 1171 1686 panem
1199 1640 1268 1674 dici
1296 1642 1381 1681 bule,
1410 1641 1579 1684 valdeque

272 1691 353 1723 inde
383 1690 524 1734 probari
551 1689 721 1722 Herodoti
746 1688 998 1729 narrationem,
1041 1700 1114 1721 cum
1142 1687 1352 1720 Albanenses
1377 1686 1579 1719 recentioris

274 1736 420 1775 aetatis,
447 1736 504 1780 qui
522 1735 711 1779 Illyriorum
733 1735 801 1768 sint
822 1735 970 1779 posteri,
1005 1734 1050 1767 ad
1069 1734 1211 1766 eandem
1233 1732 1416 1765 Thraciam
1435 1732 1577 1776 stirpem

272 1782 489 1826 pertineant,
515 1783 559 1814 ad
592 1792 690 1824 quam
709 1781 865 1825 Phryges
894 1792 1026 1824 quoque
1052 1781 1256 1812 reserantur.
1305 1780 1350 1810 At
1371 1777 1577 1822 Phrygicum

274 1827 303 1860 si
323 1828 490 1860 habeatur
510 1827 708 1860 vocabulum
721 1853 730 1869 ,
754 1827 849 1870 ipsos
867 1826 1027 1869 Phryges
1055 1837 1097 1858 ex
1124 1825 1266 1868 antiqua
1283 1824 1467 1857 Persarum
1495 1823 1576 1857 sede

273 1874 450 1918 profectos
468 1885 581 1906 secum
605 1872 741 1906 duxisse
756 1872 953 1905 vocabulum
971 1872 1094 1905 statuit
1112 1872 1282 1905 Hammer.
1302 1870 1385 1904 ibid.
1405 1881 1484 1914 pag.
1498 1872 1575 1910 119,

274 1931 348 1952 cum
368 1919 568 1952 Herodotea
592 1930 659 1951 vox
681 1915 809 1962 βὲκκος
826 1929 907 1951 vere
933 1919 1114 1951 Persarum
1135 1916 1348 1950 orientalium
1372 1915 1508 1959 linguae
1531 1916 1578 1949 sit

276 1965 527 2005 adscribenda,
552 1964 609 1997 ubi
631 1964 800 2008 hodieque
818 1965 920 2007 panis
948 1963 1081 1996 dicatur
1098 1964 1248 2006 pekand.
1295 1961 1421 1994 Incidit
1443 1973 1577 2006 quoque

275 2010 363 2043 hunc
382 2010 416 2042 in
436 2010 543 2043 locum
565 2010 697 2044 Osann.
723 2009 756 2043 in
784 2010 871 2042 libro
900 2009 1056 2042 laudato:
1092 2009 1206 2041 Midas
1232 2012 1297 2041 etc.
1327 2019 1406 2051 pag.
1427 2008 1472 2041 55
1501 2007 1576 2040 coll.

275 2067 358 2100 pag.
381 2056 426 2090 43
445 2082 455 2097 ,
498 2055 556 2088 ubi
587 2055 851 2100 antiquissimam
879 2056 1053 2099 Phrygum
1087 2054 1234 2097 linguam
1274 2052 1381 2086 fuisse
1407 2054 1577 2087 Graecam
1617 2094 1619 2097 .

274 2101 455 2135 dialectum
475 2103 671 2142 contendit,
706 2107 827 2146 postea
851 2102 980 2134 demum
1004 2100 1105 2133 valde
1129 2104 1291 2133 mutatam
1316 2104 1350 2132 et
1381 2104 1576 2143 corruptam

277 2147 419 2181 adscitis
445 2148 533 2181 haud
564 2148 686 2192 paucis
710 2147 901 2192 peregrinis
928 2147 1069 2180 vocibus
1095 2159 1113 2179 e
1131 2146 1312 2179 Persarum
1331 2144 1578 2189 Medorumque

274 2193 486 2227 commercio.
534 2194 643 2234 Quam
666 2205 740 2226 cum
762 2205 827 2227 non
846 2193 1056 2226 intellexerit
1073 2192 1287 2231 Herodotus,
1312 2191 1419 2224 tacite
1442 2202 1578 2234 quoque

276 2240 465 2273 concedere
485 2238 622 2273 videtur
642 2239 807 2281 Osanno,
841 2240 930 2272 hanc
957 2238 1120 2272 seriorem
1148 2249 1209 2283 pro
1237 2236 1472 2282 antiquissima
1502 2248 1578 2270 esse
1645 2257 1648 2261 ·

276 2285 478 2319 habendam.

58 2330 111 2364 Ad
129 2330 184 2373 II,
204 2330 227 2366 4
251 2343 329 2377 pag.
353 2333 432 2367 483.
480 2331 533 2364 Ad
553 2331 630 2372 ζῶα
652 2331 694 2375 (i.
714 2342 744 2364 e.
766 2328 930 2375 figuras)
951 2330 1042 2362 conf.
1065 2329 1242 2362 Schaefer.
1261 2327 1305 2361 ad
1333 2328 1475 2371 Dionys,
1501 2328 1576 2361 Ha-

277 2377 454 2412 licarnass.
479 2388 560 2421 pag.
582 2379 650 2412 289
677 2389 772 2421 seqq.
808 2380 842 2409 et
869 2376 963 2409 Hase
991 2375 1025 2408 in
1057 2375 1240 2409 Schaeferi
1269 2374 1512 2408 animadverss.
1541 2373 1577 2407 in

275 2423 451 2457 Plutarch.
477 2424 544 2457 vol.
568 2423 617 2455 IV
641 2435 676 2468 p.
697 2424 766 2457 352
791 2422 844 2455 ed.
864 2422 1038 2454 Teubner.

58 2467 111 2501 Ad
126 2468 182 2510 II,
204 2470 249 2503 10
273 2480 352 2513 pag.
373 2468 453 2504 498.
502 2469 665 2514 Campum
686 2469 930 2502 Maeandrium
950 2466 1052 2500 maris
1068 2465 1176 2499 sinum
1201 2465 1279 2499 olim
1296 2464 1403 2498 fuisse
1423 2464 1576 2510 pluribus

236 2528 262 2552 q
275 2515 452 2548 contendit
468 2515 607 2548 Soldan.
625 2515 661 2547 in
678 2526 795 2549 comm.
818 2515 861 2547 de
878 2513 950 2546 reb.
971 2512 1100 2546 Miless.
1120 2513 1136 2545 Ι
1165 2523 1245 2555 pag.
1267 2513 1310 2545 16
1326 2523 1421 2555 seqq.
1459 2533 1462 2535 —

58 2558 110 2592 Ad
127 2559 184 2601 II,
206 2561 252 2596 30
276 2572 356 2605 pag.
375 2560 444 2595 544
468 2561 513 2594 ad
542 2561 649 2594 verba
676 2561 752 2593 τῶν
777 2557 819 2593 δέ
840 2571 923 2592 τινα
948 2556 1089 2602 λέγεται
1109 2557 1284 2599 δείξαντα
1302 2554 1345 2590 τὸ
1372 2556 1520 2590 αἰδοῖον
1544 2568 1574 2589 κ.

274 2619 305 2639 τ.
330 2608 359 2639 λ.
395 2606 528 2640 Similia
546 2607 712 2651 quaedam
731 2607 774 2639 de
795 2607 957 2638 Lacaena
973 2605 1112 2638 muliere
1136 2604 1325 2636 traduntur
1342 2602 1377 2635 in
1397 2603 1576 2636 Plutarch.

275 2652 446 2686 Lacaenn.
466 2653 710 2697 Apophthegg.
730 2665 764 2697 p.
780 2653 868 2692 241,
886 2651 913 2683 B
940 2650 1016 2693 (ubi
1044 2651 1132 2683 conf.
1154 2649 1401 2693 WVyttenbach.
1423 2648 1578 2681 animad-

277 2709 386 2731 verss.
407 2704 488 2731 tom.
505 2698 538 2731 ΙΙ
565 2709 598 2742 p.
618 2698 728 2740 1219)
762 2703 867 2741 atque
888 2697 932 2730 de
955 2697 1135 2730 Persarum
1162 2694 1296 2729 feminis
1323 2694 1417 2739 apud
1436 2694 1577 2728 eundem

275 2743 447 2777 Plutarch.
466 2756 498 2788 p.
521 2745 609 2785 246,
631 2746 658 2778 A
682 2743 829 2786 (morall.
851 2754 932 2786 opp.
951 2742 984 2775 ΙΙ
996 2743 1026 2785 J.

60 2785 110 2819 Ad
128 2787 183 2828 Π,
199 2788 245 2822 32
268 2800 348 2834 pag.
366 2791 444 2825 550.
493 2790 549 2823 Ex
569 2789 681 2823 Iahnii
698 2789 820 2822 annall.
839 2788 1027 2832 philologg.
1048 2791 1086 2820 et
1107 2786 1326 2831 paedagogg.
1349 2784 1395 2826 X,
1416 2786 1438 2820 3
1463 2784 1510 2827 (S.
1530 2784 1576 2824 II,

274 2836 297 2870 3
323 2836 533 2879 anni-1829)
560 2847 638 2880 pag.
654 2837 721 2870 365
746 2833 920 2875 intellexi,
956 2833 1098 2877 Anglum
1119 2832 1228 2865 virum
1248 2831 1461 2874 („General
1484 2830 1578 2863 Don-

275 2881 334 2914 kin
347 2881 401 2923 “)
428 2881 576 2915 edidisse
594 2880 885 2914 dissertationem:
910 2891 987 2920 „on
1008 2880 1066 2912 the
1088 2889 1212 2912 course
1231 2878 1298 2910 and
1322 2876 1487 2920 probable
1505 2882 1577 2909 ter-

274 2927 437 2961 mination
465 2928 504 2961 of
523 2928 582 2961 the
600 2927 762 2970 Niger,“
796 2926 832 2959 in
855 2937 924 2970 qua
952 2924 1186 2964 contenderit,
1219 2923 1335 2957 Nilum
1364 2922 1431 2956 τοῦ
1462 2922 1577 2955 Bornu

114 2982 328 3022 HERono'r.
360 2985 387 3023 1.
1247 2983 1302 3021 59
