1759 3324
373 272 456 313 522

39 444 205 476 opiniones
217 443 319 471 dcxiii
382 461 394 475 ‚
436 462 446 476 Ι
733 459 742 471 ι
980 459 988 473 ι
1226 462 1234 476 a
1364 460 1382 474 ‚r
1617 459 1626 474 s

37 478 320 513 adscensutres‚ab
377 473 575 516 επισημοι
605 463 866 516 βουλομενοι
895 465 1098 515 γενεσθαι
1129 473 1311 516 σοφιήν,
1361 461 1505 510 ελεξαν
1535 475 1632 513 περι

37 511 192 539 Herodoto
204 511 314 547 impro-

37 545 138 573 barae.

764 270 1243 310 HERODOTI

243 381 310 425 20
366 385 462 438 μῶν
482 379 658 424 πάντων
682 379 737 425 ου’
758 380 998 437 παρέχεται.
1029 379 1151 423 Ἀλλὰ
1167 377 1386 434 Ἑλλήνων
1411 380 1489 434 μέν
1508 393 1634 430 τινες,
1644 384 1688 420 Ξ6

370 543 450 583 τοῦ
478 539 639 591 ὕδατος
665 538 827 583 τούτου
869 541 1099 594 τριφασίας
1127 539 1281 590 ὁδούς·
1333 543 1421 582 τῶν
1449 539 1525 589 τιὶς
1553 539 1633 593 μὲν

370 618 451 662 δύο
481 622 568 661 τῶν
608 617 725 661 ὁδῶν
764 616 860 661 οὐδ’
899 616 1002 669 ἀξιῶ
1042 623 1311 674 μνησθῆναι,
1363 617 1484 674 εἰμὴ
1526 617 1631 661 ὅσον

341 701 563 753 Ξσημῆυαι
592 695 861 752 βουλόμενος
889 700 1068 750 μοῦνον.
1099 701 1188 739 τῶν
1219 698 1246 753 ἡ
1279 697 1398 753 ἑτέρη
1422 699 1500 753 μὲν
1520 698 1631 754 λέγει

370 775 474 826 τούς
514 775 683 830 ἐτησίας
722 773 908 830 ἀνέμους
947 773 1059 817 εἶναι
1096 777 1261 826 αἰτίους
1305 776 1518 832 πληθύειν
1553 779 1686 820 τόν30

370 853 590 909 ποταμόν,
620 853 871 904 κωλύοντας
900 853 942 904 ἐς
969 852 1197 896 θάλασσαν
1226 853 1386 907 ἐκρέειν
1416 854 1494 898 τόν
1525 859 1627 900 Νεῖ-

342 936 464 976 3λον.
496 931 704 984 πολλάκις
742 933 787 975 δὲ
823 932 988 989 ἐτησίαι
1015 932 1093 987 μὲν
1124 930 1206 975 οὐκ
1236 927 1296 974 ὧν
1324 933 1560 987 ἔπνευσαν,
1604 932 1629 977 ὁ

342 1013 421 1056 4δὲ
451 1015 606 1063 Νεῖλος
635 1010 774 1055 τώυτό
807 1009 1040 1066 ἐργάζεται.
1073 1009 1183 1065 πρός
1213 1012 1279 1063 δὲ,
1313 1014 1347 1054 εἰ
1379 1013 1540 1069 ἐτησίαι
1563 1015 1629 1056 α’ί-

367 1108 454 1136 τιοι
482 1086 619 1148 ἦσαν,
667 1094 774 1147 χρῆν
812 1092 885 1135 καὶ
918 1089 1020 1142 τούς
1052 1088 1210 1141 ἄλλους
1239 1091 1483 1147 ποταμούς,
1532 1091 1630 1136 ὅσοι

367 1175 481 1215 τοῖσι
510 1171 702 1236 ἐτησίῃσι
740 1169 881 1214 ἀντίοι
921 1171 1092 1226 ῥέουσι,
1141 1168 1300 1227 ὁμοίως
1338 1170 1519 1228 πάσχειν
1555 1172 1685 1215 καὶ35

529 1375 560 1412 C
573 1387 638 1425 ap.
669 1372 753 1411 XX.

365 1462 448 1499 τοῖν
470 1457 499 1510 ἦ
519 1457 629 1510 ἓτέρη
653 1455 725 1509 μὲν
744 1454 844 1509 λέγει
871 1452 964 1502 τούς

310 1515 468 1567 ἐτησίας
489 1511 660 1566 οἷνέμονς
684 1511 786 1553 εἶναι
812 1513 963 1558 αἰτίους

308 1569 513 1623 πληθύειν
535 1569 603 1611 τὸν
630 1568 828 1621 ποταμὸν]
860 1570 963 1607 Haec

309 1630 488 1667 sententia
499 1628 691 1667 Thaletem
707 1632 888 1664 auctorem
898 1626 962 1662 ha-

307 1687 392 1733 bet,
414 1690 454 1722 ut
484 1699 527 1723 ex
554 1686 683 1722 Senec.
703 1683 789 1721 Nat.
809 1684 960 1727 Quaest.

306 1742 378 1790 IV,
405 1745 455 1783 11
483 1746 520 1779 et
545 1741 657 1779 Diod.
691 1740 798 1777 Sicul.
830 1740 865 1787 Ι,
894 1740 961 1786 38,

308 1799 370 1848 qui
386 1811 466 1836 eam
485 1798 614 1835 iisdem
634 1801 742 1846 atque
751 1797 961 1833 Herodotus

307 1856 532 1904 argumentis
550 1847 753 1905 impugnat,
781 1853 960 1889 discimus.

306 1910 417 1962 Apud
426 1911 477 1948 Io.
489 1911 597 1948 Laur.
609 1911 752 1960 Lydum
765 1909 786 1945 l.
796 1908 818 1944 l.
830 1922 865 1958 p.
879 1909 960 1949 263

307 1971 345 2004 et
370 1967 616 2016 Euthymenes
655 1965 891 2002 Massiliensis
925 1968 962 2000 et

307 2022 546 2072 Thrasyalces
595 2022 752 2060 Thasius
799 2021 961 2058 eiusdem

307 2079 486 2129 opinionis
508 2079 618 2115 fuisse
641 2078 816 2114 dicuntur.
850 2077 961 2119 Quod

305 2135 453 2182 mirum,
502 2147 580 2171 cum
611 2134 872 2182 Euthymenem
903 2145 961 2169 se-

306 2191 446 2228 cundae
464 2190 665 2227 sententiae
685 2190 784 2238 (cap.
807 2189 880 2237 21)
894 2188 960 2224 ad-

305 2247 440 2284 dictum
458 2247 568 2284 fuisse
588 2246 646 2283 alii
667 2246 825 2282 tradant.
866 2245 961 2281 Hinc

305 2302 402 2340 idem
430 2302 570 2339 dulcem
595 2303 672 2340 sere
689 2301 858 2338 Atlantici
878 2313 956 2337 ma-

304 2359 353 2396 ris
381 2371 462 2396 esse
490 2371 622 2407 aquam
653 2362 690 2396 et
718 2358 850 2394 similes
879 2357 955 2394 eius

305 2415 429 2453 beluas
447 2414 614 2452 Niloticis
640 2418 827 2451 statuerat.
859 2413 957 2450 Cau-

305 2471 375 2509 tius
389 2472 435 2509 de
452 2471 570 2509 etesiis
581 2471 830 2521 pronuntiarat
841 2470 956 2507 Chre-

306 2531 384 2565 stus
412 2527 622 2575 Romanus,
652 2532 691 2563 ut
709 2526 777 2563 illic
804 2526 955 2575 legimus

305 2597 342 2635 p.
355 2586 449 2625 266.
479 2584 518 2619 Si
529 2596 614 2620 vero
627 2595 854 2632 quaeramus,
870 2582 956 2631 quid

304 2640 357 2677 rei
374 2640 431 2687 sit,
459 2639 606 2677 minime
618 2639 761 2688 quidem
779 2639 863 2675 solis
881 2643 957 2676 ete-

305 2696 366 2733 siis
397 2696 491 2733 effici
521 2707 735 2746 persuasum
771 2695 955 2742 habemus,

302 2756 345 2789 ut
363 2752 466 2789 Nilus
483 2756 636 2798 crescat3
666 2751 954 2789 nonnihiltamen

304 2809 453 2846 easdem
473 2808 593 2845 facere
605 2808 653 2844 ad
663 2807 737 2845 Nili
755 2808 954 2845 incremen-

307 2869 382 2901 tum
406 2865 642 2902 observarunt
665 2863 955 2914 peregrinatores

307 2921 535 2959 recentiores.
564 2919 673 2958 Venti
699 2921 793 2957 enim
823 2921 956 2958 etesiae

1035 1357 1056 1381 a
1073 1345 1319 1393 septentrione
1330 1345 1433 1392 flant,
1453 1345 1540 1382 inde
1551 1357 1572 1382 a
1582 1357 1684 1381 men-

1033 1414 1072 1438 se
1099 1400 1200 1437 Maio
1230 1401 1338 1451 paulo
1369 1406 1454 1439 ante
1474 1401 1598 1438 Nilum
1625 1414 1685 1438 ac-

1032 1462 1254 1496 crescentem
1286 1470 1401 1506 usque
1437 1458 1485 1494 ad
1519 1457 1683 1494 Novem-

1033 1514 1153 1560 boem,
1182 1518 1219 1550 et
1237 1513 1383 1562 quidem
1408 1518 1482 1550 tam
1509 1513 1682 1560 continui,

1031 1574 1070 1606 ut
1087 1581 1132 1606 ne
1159 1570 1248 1606 ullus
1277 1570 1366 1606 alius
1386 1576 1514 1608 ventus
1532 1582 1598 1619 per
1614 1570 1684 1606 hoc

1030 1631 1173 1675 tempus
1201 1627 1404 1663 inveniatur
1423 1630 1459 1663 et
1477 1627 1547 1662 hoc
1573 1627 1684 1662 modo

1030 1683 1247 1732 impediatur
1260 1682 1353 1719 celer
1368 1695 1541 1730 aquarum
1559 1682 1684 1732 lapsus

1030 1741 1069 1776 in
1086 1751 1199 1785 mare,
1225 1739 1360 1789 quippe
1371 1739 1446 1775 ΝΗ
1463 1739 1565 1775 ostiis
1575 1742 1683 1776 vento

1030 1795 1133 1845 quasi
1151 1795 1353 1832 obstructis.
1392 1795 1452 1832 Tu
1471 1796 1545 1832 vid.
1570 1795 1684 1832 Hart-

1030 1865 1152 1889 mann.
1193 1850 1412 1888 Erdbeschr.
1449 1864 1481 1888 v.
1520 1850 1682 1900 Aegypt.

1029 1922 1066 1958 p.
1093 1907 1288 1948 43-46-
1314 1910 1379 1948 96.
1411 1909 1465 1948 97
1491 1907 1571 1944 coll.
1601 1907 1684 1943 Sal-

1029 1977 1116 2000 mas.
1130 1964 1300 2000 Exercitt.
1320 1963 1437 1999 Plinn.
1455 1976 1492 2014 p.
1510 1962 1605 2010 304,
1620 1963 1683 2012 qui

1028 2024 1187 2057 veterum
1206 2019 1306 2056 locos
1329 2020 1460 2067 attigit,
1490 2019 1527 2056 in
1550 2020 1681 2068 quibus

1028 2076 1222 2126 praecipue
1261 2075 1450 2113 Philonem
1500 2080 1682 2124 notamus,

1028 2133 1089 2181 qui
1107 2132 1178 2169 tale
1200 2132 1288 2181 quid
1305 2132 1551 2182 pronuntiavit
1566 2132 1604 2168 in
1618 2132 1680 2169 vit.

1027 2188 1125 2225 Mos.
1148 2189 1215 2238 lp.
1235 2191 1316 2230 620
1336 2192 1381 2225 A.

1085 2245 1236 2290 αἰτίους
1258 2241 1481 2295 πληθύειν]
1511 2244 1571 2282 De
1593 2244 1680 2281 arti-

1027 2301 1105 2338 culo
1128 2303 1200 2339 τοῦ
1225 2306 1309 2338 ante
1334 2301 1548 2338 infinitivum
1571 2301 1682 2337 omis-

1027 2371 1067 2395 so
1088 2359 1183 2394 conf.
1204 2357 1335 2394 Matth.
1358 2371 1394 2408 p.
1418 2359 1537 2398 1064.
1564 2356 1679 2394 Paulo

1024 2419 1109 2465 post
1127 2427 1206 2450 cum
1219 2413 1404 2451 Gaisford.
1416 2414 1584 2464 rescripsi
1604 2408 1680 2451 οὐκ

1027 2465 1085 2509 οἷν
1105 2483 1172 2520 pro
1195 2470 1291 2519 vulg.
1319 2466 1450 2508 οὔκων
1471 2473 1508 2507 et
1523 2470 1598 2507 fine
1616 2481 1681 2506 cas-

1024 2527 1111 2578 pitis
1132 2529 1286 2565 τοιοῦτο
1309 2539 1376 2576 pro
1397 2527 1594 2564 τοιοῦτον.

1081 2585 1181 2634 χρῆν
1201 2581 1268 2621 καὶ
1287 2579 1380 2628 τούς
1392 2579 1536 2628 ἅλλους
1556 2596 1676 2620 ποτα-

1025 2636 1144 2691 μούς]
1172 2639 1233 2676 De
1260 2639 1456 2676 omissione
1481 2638 1680 2688 particulae

1025 2692 1088 2742 ἂν,
1119 2708 1213 2744 quae
1230 2695 1342 2732 verbo
1357 2696 1457 2745 χρῆν
1473 2694 1542 2731 hac
1563 2694 1679 2743 signi-

1024 2751 1193 2789 ficatione
1210 2751 1296 2787 addi
1309 2751 1432 2797 debet,
1463 2750 1530 2787 Cr.
1551 2750 1677 2787 laudat

1024 2808 1206 2845 Schaeser.
1223 2806 1361 2844 Melett.
1384 2806 1518 2844 critice.
1531 2820 1569 2856 p.
1583 2807 1674 2848 130.

1027 2865 1119 2910 131,
1136 2863 1196 2900 ubi
1219 2863 1323 2913 plura
1346 2863 1502 2900 omissae
1517 2862 1675 2913 particu-

1023 2920 1079 2958 lae
1097 2919 1261 2970 exempla
1274 2918 1511 2956 inveniuntur.

1750 2708 1752 2748 Ι

1747 2813 1749 2859 l

1757 2365 1759 2397 1

1756 2435 1758 2468 l

1754 2515 1756 2546 Ι

1754 2551 1755 2568 ι
