1814 3315
314 259 397 300 172

705 256 1185 298 HERODOTI

395 363 474 403 ἕνθ’
500 365 804 412 Ἀγαμεμνονίδην
831 366 972 413 κατέχει
994 370 1171 414 φυσίζοος
1198 368 1285 404 αἶα·

391 425 458 460 τὸν
483 424 527 460 σύ
553 421 840 468 κομισσάμενος,
870 425 1001 471 Τεγέης
1026 425 1282 472 ἐπιτάῤῥοθος
1312 426 1408 472 ἔσσῃ.

283 473 796 536 susm-22
1013 496 1134 520 ο.
1293 493 1302 507 ’
1465 492 1553 507 ›-

316 521 334 537 .,
363 510 383 545 ς
440 509 458 536 ε
487 510 560 536 aaz.
589 510 726 537 ταυτα
754 504 953 550 ηκουσαν
982 511 1025 538 οι
1053 497 1414 551 Λαιιεδαιμονιοι,
1449 508 1575 537 απει-
1643 516 1697 555 33

311 589 390 628 χον
425 575 499 628 τῆς
541 571 779 627 ἐξευρέσιος
817 571 950 617 οὐδὲν
979 574 1186 627 ἔλασσον,
1228 573 1370 618 πάντα
1401 574 1572 629 διζήμε-
1586 581 1631 614 80

310 664 401 693 νοι·
433 651 474 701 ἐς
505 645 558 693 οὗ
588 650 642 707 δή
671 652 829 708 Λίχης,
858 656 948 697 τῶν
978 651 1267 710 ἀγαθοεργῶν
1297 653 1573 708 καλεομένων

282 738 303 770 6
313 729 623 786 Σπαρτιητέων
633 763 645 783 ,
694 728 862 787 ἀνεῦρε.

253 938 330 976 coll.
357 937 530 988 Antigon.
561 937 641 980 134
669 942 706 977 et
725 938 808 981 590
828 937 909 986 (ubi

252 990 414 1045 πήματα
440 994 504 1034 ἐπὶ
536 990 692 1045 πήμασι
725 996 834 1047 plane
869 1000 909 1032 ut

252 1052 286 1088 h.
307 1051 349 1099 l.)
376 1056 411 1089 et
432 1051 571 1089 Aelian.
595 1052 638 1089 V.
671 1052 721 1089 H.
748 1052 811 1098 m,
839 1051 905 1092 43.

314 1107 456 1159 Τεγέης
490 1105 756 1159 ἒπιτάρᾇθος
789 1108 906 1161 ἔσσῃ]

251 1162 541 1214 ε’πιταρῤοθος,
590 1170 631 1201 ut
675 1164 908 1213 ἐπίρῤοθος,

250 1225 443 1272 poetarum
477 1222 709 1272 potissimum
747 1226 803 1259 est
846 1221 908 1258 ubi

252 1277 468 1327 explicatur:
505 1278 658 1314 adiutor.
708 1278 820 1321 Quod
852 1281 908 1314 ta-

250 1346 336 1371 men
366 1334 448 1370 huic
480 1333 559 1371 loco
604 1347 679 1371 non
715 1334 908 1372 convenire

251 1402 359 1427 nemo
385 1403 460 1426 non
488 1391 606 1438 videt,
636 1391 673 1427 in
699 1404 770 1440 quo
794 1393 907 1426 victo-

250 1446 321 1483 τὲνη
355 1445 464 1494 vulgo
494 1447 662 1484 reddunt.
718 1446 788 1483 Est
810 1447 906 1484 enim

250 1502 392 1540 mediae
413 1504 686 1552 significationis
705 1503 844 1550 vocula,
866 1506 906 1540 ut

250 1559 397 1596 verbum
411 1560 555 1609 ipsum,
584 1561 681 1597 unde
711 1561 905 1597 deductum

250 1619 308 1653 est
343 1614 598 1668 ἔπιῤῥοθεῖν,
659 1617 760 1665 quod
795 1628 905 1665 quum

250 1672 396 1709 omnino
424 1673 491 1710 sit:
528 1685 606 1709 cum
632 1675 779 1722 strepitu
808 1684 907 1709 acce-

254 1728 345 1775 dere,
374 1741 450 1765 non
468 1729 586 1766 minus
605 1730 652 1766 de
670 1730 783 1765 amieo
799 1741 907 1778 quam

250 1785 297 1823 de
329 1785 435 1823 hoste
470 1786 707 1836 adstrepente
735 1785 804 1822 dici
823 1788 908 1835 pot·

248 1842 328 1880 erit.
372 1841 455 1879 Hoc
484 1841 563 1879 loco
602 1843 648 1879 de
675 1842 782 1879 hoste
811 1841 904 1878 acci-

247 1899 350 1949 pias,
408 1899 456 1936 ad
493 1887 660 1947 Tegeam
708 1899 904 1936 accedente

249 1967 403 2004 eamque
442 1955 582 2004 impetu
614 1968 680 1991 suo
728 1955 904 1992 obruente

249 2011 272 2047 i.
299 2024 331 2048 e.
359 2015 567 2060 superante.
608 2011 678 2048 Est
703 2010 802 2048 locus
831 2008 905 2047 Ae-

249 2066 362 2115 schyli
393 2067 431 2103 in
461 2067 500 2103 S.
534 2080 563 2103 e.
595 2067 668 2104 Th.
711 2067 817 2114 364,
844 2067 904 2103 ubi

249 2123 395 2159 Chorus
428 2127 554 2173 sperat
583 2128 738 2160 mortem
767 2124 904 2160 adveu-

248 2183 391 2225 turam,
441 2175 704 2230 παγκλαύτων
754 2174 906 2230 ἀλγέων

249 2233 566 2284 ἐπίρροθον,
623 2248 718 2284 quae
772 2235 906 2273 scilicet

248 2291 352 2329 malis
378 2291 524 2337 liberet3
551 2292 614 2328 ubi
637 2291 904 2340 Blomfieldius,

249 2347 305 2384 cui
326 2348 453 2385 merito
465 2348 647 2397 displicuit
662 2347 822 2396 vulgaris
839 2348 906 2385 acl-

247 2406 389 2442 z'utrz‘cis
413 2404 653 2453 significatis),
691 2417 800 2454 quum
825 2405 907 2442 huic

248 2460 327 2497 voci
343 2460 529 2507 tribuunt,
557 2460 693 2497 max-ult
708 2460 904 2510 explicare:

254 2516 448 2564 „obruens,
477 2517 575 2553 velut
603 2519 736 2565 aqua.“
795 2518 902 2554 Cous.

251 2574 406 2611 eundem
426 2573 474 2610 ad
490 2586 542 2609 vs.
558 2575 583 2613 7
597 2573 682 2610 ibid.
701 2573 833 2623 Neque
844 2587 906 2610 ve-

248 2642 291 2665 ro
313 2629 690 2679 istainterpretatione
710 2643 803 2680 opus
826 2630 904 2676 erit,

251 2685 280 2722 si
309 2686 408 2722 vocis
441 2685 626 2723 notionem
652 2687 747 2723 bene
779 2699 906 2736 perce-

250 2743 358 2792 peris.
387 2740 469 2780 Nec
499 2742 607 2779 etiam
632 2743 670 2779 in
690 2742 905 2779 Herodoteo

251 2798 330 2836 loco
351 2799 549 2848 quidquam
573 2799 808 2845 mutandum,
844 2799 906 2835 ubi

251 2853 418 2903 Schwgh.
447 2856 564 2904 magis
590 2855 711 2906 placet
738 2858 809 2907 Τεγ
825 2854 841 2893 ε’
850 2869 907 2908 ῃς

252 2911 288 2948 in
307 2911 442 2959 dativo,
470 2913 686 2963 praesertim
707 2925 786 2950 cum
808 2911 907 2963 apud

922 734 966 777 οἱ
996 732 1042 777 δὲ
1070 732 1335 789 ἀγαθοεργοὶ
1373 733 1456 776 εἰσὶ
1483 736 1573 776 τῶν

976 939 1201 990 Stephanum
1218 939 1308 988 Byz.
1334 939 1355 975 l.
1377 938 1400 975 l.
1424 941 1542 975 exstet
1567 941 1632 976 Τε-

976 994 1019 1048 γέ
1032 1012 1056 1034 α
1069 1011 1123 1042 ις.
1153 996 1341 1033 Diodorus
1362 994 1450 1031 nihil
1470 998 1595 1031 mutat.

1034 1047 1198 1103 ἀπεῖχον
1229 1054 1300 1103 τῆς
1328 1049 1544 1103 ἐξευρέσιος
1567 1046 1630 1090 ού-

978 1105 1046 1148 δὲν
1075 1109 1261 1158 ἔλασσον,
1306 1103 1439 1147 πάντα
1477 1103 1631 1158 διζήμε-

975 1167 1054 1212 νοι]
1097 1166 1119 1202 i.
1145 1179 1175 1203 e.
1211 1164 1354 1213 „nihilo
1391 1166 1507 1213 magis
1537 1176 1633 1214 repe-

975 1225 1045 1259 rire
1076 1226 1267 1272 potuerunt
1306 1224 1421 1259 omnia
1473 1222 1634 1270 quamvis

975 1280 1241 1329 disquirente-5⁶⁶
1273 1292 1302 1313 s.
1329 1279 1377 1315 ad
1394 1278 1543 1315 verbum
1555 1290 1632 1314 ma-

976 1337 1054 1385 gis:
1085 1336 1157 1382 „ab
1173 1337 1370 1372 inventione
1385 1334 1494 1371 nihilo
1515 1335 1632 1382 magis

973 1393 1139 1439 aberant,
1171 1393 1291 1429 omnia
1313 1393 1474 1441 quamvis
1495 1390 1630 1439 disqui-

974 1450 1123 1486 rentesf‘
1152 1449 1332 1485 Videntur
1354 1447 1494 1498 priores
1520 1447 1632 1484 inter-

973 1510 1097 1556 pretes
1118 1518 1193 1541 non
1215 1504 1303 1541 satis
1324 1508 1421 1541 recte
1439 1502 1558 1541 locum
1577 1503 1631 1539 in-

972 1561 1164 1600 tellexisse.

1031 1617 1071 1663 ἐς
1099 1611 1148 1656 οὗ
1177 1614 1228 1668 δή
1249 1615 1376 1667 Λίχης
1406 1638 1445 1643 -
1472 1611 1630 1671 α’νεῧρε]

974 1673 1015 1721 ἐς
1038 1668 1086 1712 οὗ
1105 1674 1230 1722 (Ιοηεε,
1257 1674 1340 1711 <lum
1362 1673 1448 1722 (pro
1469 1670 1541 1719 ἕως
1562 1672 1631 1720 οὐ)

973 1731 1150 1782 probatur
1172 1730 1353 1767 constanti
1382 1728 1513 1766 Nosti-i
1544 1729 1632 1765 scri-

974 1788 1092 1838 ptoris
1119 1800 1210 1833 usu3
1239 1788 1334 1824 conf.
1358 1785 1432 1833 ΙΙΙ,
1463 1787 1530 1827 31.
1558 1784 1631 1832 IV,

975 1847 1040 1885 12.
1071 1845 1163 1884 160.
1197 1845 1289 1885 166.
1323 1843 1369 1889 V,
1399 1842 1465 1883 51.
1486 1844 1540 1884 86
1563 1845 1629 1879 etc.

973 1899 1086 1937 Unde
1097 1899 1183 1937 nihil
1203 1899 1480 1945 sollicitandum,
1503 1910 1630 1947 quam-

974 1969 1084 2005 quam
1117 1956 1220 1993 aliter
1240 1957 1366 1994 crebro
1393 1954 1571 2005 reperitur
1592 1953 1632 2000 ἒς

974 2009 998 2053 ὃ
1017 2013 1129 2061 idque
1146 2014 1267 2063 ipsum
1291 2025 1359 2062 pro
1383 2010 1454 2058 ἕως
1474 2004 1524 2050 οὗ
1543 2011 1631 2062 poni

974 2069 1020 2106 ab
1043 2069 1188 2106 Ionibus
1216 2073 1340 2106 monet
1359 2068 1517 2117 Gregor.
1541 2067 1629 2105 Cor.

973 2126 1020 2163 de
1059 2125 1143 2162 dial.
1175 2125 1253 2162 Ion.
1283 2124 1321 2176 ἓ.
1351 2127 1418 2172 63,
1452 2124 1514 2161 ubi
1554 2124 1628 2160 vid.

972 2181 1093 2219 Koen.
1129 2196 1165 2232 p.
1200 2182 1284 2223 472
1323 2181 1467 2219 Schaef.
1496 2179 1628 2217 Matth.

973 2236 1011 2289 ἓ·
1045 2239 1150 2285 578,
1190 2252 1210 2276 e
1248 2251 1334 2288 pag.
1374 2237 1494 2279 1146.
1553 2237 1630 2274 Sed

971 2295 1229 2343 quaesiverunt
1291 2294 1478 2342 nonnulli,
1543 2305 1630 2330 num

973 2351 1119 2387 omnino
1143 2351 1240 2401 apud
1257 2350 1488 2387 Herodotum
1508 2351 1630 2388 feren-

973 2407 1059 2443 dum
1078 2407 1126 2442 sit
1143 2405 1181 2453 ἐς
1199 2400 1261 2453 οὗ,
1292 2411 1334 2443 ut
1351 2409 1413 2456 qui
1434 2406 1521 2443 alias
1534 2419 1630 2443 sem-

972 2475 1039 2513 per
1059 2462 1243 2512 scripserit
1269 2460 1306 2507 ἐς
1329 2459 1372 2510 ὃ,
1405 2462 1505 2511 quod
1532 2462 1630 2499 idem

973 2518 1111 2567 aliquot
1144 2519 1231 2556 locis
1267 2517 1347 2554 libri
1374 2519 1500 2568 scripti
1536 2531 1630 2554 non-

971 2574 1060 2611 nulli
1088 2575 1321 2612 substituunt.
1352 2574 1461 2610 Conf.
1497 2573 1631 2612 Str-uve

973 2630 1124 2674 Quaest.
1151 2630 1292 2668 Herod.
1323 2629 1479 2680 Speciin.
1503 2643 1539 2680 p.
1563 2630 1629 2672 43.

974 2708 1028 2715 —-
1047 2686 1107 2724 De
1133 2686 1370 2735 Agathoergis
1402 2686 1481 2723 loco
1504 2686 1631 2723 classi—

974 2756 1038 2790 co,
1069 2742 1131 2792 qui
1161 2743 1414 2791 subsequitur,
1443 2743 1541 2780 adde
1566 2756 1631 2781 ve-

972 2803 1092 2837 terum
1132 2799 1445 2848 grammaticorum
1486 2799 1631 2848 glossas

974 2856 1073 2906 apud
1121 2856 1312 2893 Timaeum
1371 2856 1486 2904 (Lex.
1535 2855 1629 2893 Plat.

973 2925 1011 2964 p.
1029 2913 1073 2954 4:
1096 2907 1360 2964 α’·γαῢοεργοί·
1382 2909 1530 2965 αἱρετοὶ
1549 2908 1631 2952 κατ’
