1759 3324
35 1364 133 1392 fossis.

355 266 439 306 722
812 260 1282 301 HERODOTI

355 374 430 419 καὶ
459 372 567 429 πρὸς
594 373 715 429 αὐτῷ
744 371 850 422 τούς
869 373 1052 423 παῖδας,
1082 373 1340 427 περινηῆσαι
1362 369 1524 421 ἔξωθεν
1547 369 1626 425 τὴν

328 454 507 509 Ξοίκίην
537 451 645 509 ὕλῃ·
675 450 998 508 περινηήσαντα
1029 451 1099 502 δὲ,
1141 449 1412 506 ὑποπρῆσαι.

1473 446 1551 491 τὸν
1580 446 1627 490 δὲ

357 530 415 584 ὥς
444 536 603 588 μαθεῖν
632 534 782 582 τοῦτο,
815 529 973 574 αὐτίκα
996 528 1378 586 συμβουλεύεσθαι
1399 531 1452 584 τῇ
1473 543 1627 582 γυναι-

358 614 423 656 κί·
474 611 548 655 καὶ
586 610 670 666 γὰρ
712 609 764 665 δή
805 610 878 653 καὶ
914 608 993 666 τὴν
1023 613 1210 664 γυναῖκα
1241 607 1379 652 αὐτόν
1409 606 1496 663 ἅμα
1528 606 1627 662 ἄγε-

327 697 479 736 3σθαι.
511 689 591 746 τήν
621 690 666 732 δέ
696 691 738 732 οἱ
768 692 1116 745 συμβουλεῦσαι,
1146 692 1232 731 τῶν
1262 689 1433 731 παίδων
1462 685 1626 730 ἐόντων

355 773 423 823 ἓξ,
451 769 554 819 τοὺς
586 767 666 810 δύο
698 768 767 811 ἐπὶ
795 766 875 822 τήν
896 769 1041 823 πυρὴν
1064 767 1337 818 ἐκτείναντα,
1371 769 1628 821 γεφυρῶσαι
1642 772 1685 804 SO

357 849 406 893 τὸ
437 846 696 903 καιόμενον,
742 846 902 898 αὐτούς
934 845 974 890 6⁷
1011 844 1083 889 ἐπ’
1116 846 1294 888 ἐκείνων
1324 846 1629 901 ἐπιβαίνοντας

332 925 640 979 4ἐκσώζεσθαι.
674 928 810 967 ταῦτα
840 929 1022 981 ποιῆσαι
1050 923 1129 967 τὸν
1150 925 1422 976 Σέσωστριν·
1453 924 1526 967 καὶ
1545 921 1627 966 δύο

361 1008 439 1063 μὲν
468 1009 556 1049 τῶν
583 1006 755 1047 παίδων
786 1008 1056 1060 κατακαῆναι
1086 1002 1236 1062 τρόπῳ
1267 1002 1476 1062 τοιούτῳ·
1524 1001 1630 1053 τούς

202 1098 301 1143 108
360 1086 406 1130 δὲ
436 1083 619 1136 λοιπούς
651 1083 940 1140 ἀποσωθῆναι
977 1083 1067 1139 ἅμα
1106 1087 1166 1143 τῷ
1195 1085 1341 1138 πατρί.
1400 1081 1687 1138 Νοστήσας85

29 1162 118 1191 Punit
151 1161 306 1190 fratrem:

31 1198 216 1232 captivorum
235 1205 308 1229 ope-

30 1239 65 1257 ra
83 1230 177 1257 trahit
193 1230 309 1265 lapides

30 1264 170 1298 ingentes
188 1264 219 1291 in
237 1263 309 1290 Vul-

31 1299 98 1324 cani
117 1298 269 1332 templum,
280 1299 310 1324 et

33 1336 117 1358 secat
141 1333 309 1366 Aegyptum

363 1166 408 1210 δὲ
440 1165 463 1208 ὁ
502 1164 749 1218 Σέσωστρις
790 1163 832 1214 ἐς
869 1162 948 1219 τὴν
987 1164 1234 1218 Αἴγυπτον,
1293 1163 1366 1206 καὶ
1403 1161 1631 1218 τισάμενος

365 1244 444 1289 τόν
473 1242 714 1298 ἀδελφεὸν,
759 1247 822 1302 τῷ
851 1243 928 1299 μὲν
958 1242 1095 1301 ὁμίλῳ
1124 1242 1202 1286 τόν
1242 1241 1502 1298 ἐπηγάγετο,
1543 1244 1632 1284 τῶν

365 1323 442 1376 τοὶς
469 1322 611 1380 χώρας
640 1322 983 1379 κατεστρέψατο,
1019 1322 1160 1380 τούτῳ
1188 1321 1268 1379 μὲν
1292 1321 1394 1366 τάδε
1411 1319 1632 1378 ἐχρήσατο.

306 1509 407 1548 biad.
432 1522 469 1558 p.
495 1510 601 1556 216,
641 1510 678 1545 et
704 1507 790 1544 add.
818 1507 962 1545 Herod.
1025 1521 1154 1558 pyram
1189 1509 1365 1554 extensis,
1403 1509 1542 1557 pontem
1585 1505 1690 1555 quasi

308 1567 374 1614 IV,
395 1564 488 1606 154.
519 1564 589 1611 VI,
607 1563 674 1605 35.
705 1563 790 1611 VH,
812 1566 864 1606 29
894 1569 962 1602 etc.

308 1623 482 1661 Invitarat
499 1621 632 1658 scilicet
651 1621 762 1657 frater
780 1621 965 1658 Sesostrin

311 1680 360 1718 ad
378 1680 510 1716 festum
532 1677 717 1714 redeuntis
737 1678 772 1713 in
788 1678 965 1715 honorem

309 1736 536 1781 institutum,
557 1734 661 1782 quasi
679 1733 858 1783 hospitale
876 1747 967 1784 epu-

309 1792 405 1839 lum,
435 1804 508 1840 quo
533 1790 697 1839 hospites
715 1790 824 1839 vulgo
849 1791 967 1840 excipi

312 1848 442 1886 solent.
471 1847 569 1884 Hinc
586 1846 774 1883 Diodorus
796 1846 817 1883 l.
839 1847 861 1883 l.
878 1847 965 1884 sim-

310 1905 471 1956 pliciter:
502 1901 641 1942 ἒστιῶν
665 1898 783 1943 αὐτὸν
808 1901 830 1943 ό
857 1899 967 1942 ‹3622-

312 1958 387 2011 φὸς
405 1976 440 1999 κ.
462 1975 493 1998 τ.
516 1962 548 1998 λ.

366 2018 608 2067 περινηῆσαι
633 2014 783 2063 ἔξωθεν
809 2012 883 2066 τήν
911 2014 966 2055 οἰ-

310 2073 406 2124 κίην
421 2069 524 2127 ὕλῃ]
554 2072 614 2110 De
631 2072 713 2122 ipso
728 2073 840 2110 verbo
856 2086 966 2123 περι-

311 2132 462 2181 νηῆσαι
493 2129 588 2166 conf.
620 2128 669 2164 ad
702 2128 738 2175 Ι,
766 2128 820 2169 50
848 2133 966 2174 nott.·‚

312 2187 359 2224 de
380 2190 559 2223 structura
577 2184 653 2221 eius
676 2185 770 2221 conf.
789 2184 967 2222 Matthiae

313 2242 380 2279 Gr.
400 2242 465 2278 Gr.
488 2253 574 2290 pag.
593 2237 690 2281 754.

369 2294 436 2337 τὸν
466 2294 508 2336 δὲ
541 2293 596 2342 ὥς
624 2294 792 2346 μαθεῖν]
830 2292 896 2335 τὸν
924 2293 967 2335 δὲ

312 2354 362 2392 ad
404 2354 580 2391 Sesostrin
607 2353 720 2399 refer,
761 2352 846 2401 qui,
886 2365 967 2389 cum

316 2410 466 2448 insidias
482 2423 504 2447 a
523 2410 634 2446 fratre
654 2412 807 2445 structas
827 2408 968 2446 intelle-

313 2467 448 2514 xisset,
467 2478 547 2503 cum
567 2465 702 2502 femina
722 2466 770 2502 de
789 2465 968 2513 effugien-

317 2524 366 2560 do
386 2522 544 2574 periculo
565 2521 713 2558 consilia
736 2522 893 2570 agitarit.
922 2521 965 2558 In

314 2592 388 2629 quo
428 2579 577 2616 adverte
611 2578 683 2614 vim
720 2578 829 2615 medii
867 2578 966 2615 verbi

317 2629 770 2687 συμβουλεύεσθαι
799 2634 967 2681 (consilia

315 2694 458 2743 agitare
475 2720 486 2739 ‚
522 2690 740 2740 deliberare)
789 2696 825 2728 et
861 2691 966 2727 activi

319 2743 704 2801 συμβουλεύειν
755 2746 966 2794 (consilium

315 2805 418 2854 dare,
446 2803 649 2853 consulere).

375 2858 469 2908 τούς
504 2855 580 2900 δύο
618 2858 683 2899 ἐπὶ
726 2855 800 2909 τήν
830 2855 967 2910 πυρήν

318 2915 566 2968 ἐκτείναντα]
594 2916 615 2953 ἰ.
645 2928 677 2954 e.
706 2915 838 2953 duobus
864 2929 966 2967 super

1031 1570 1162 1602 struere
1178 1577 1279 1614 super
1302 1566 1485 1601 materiam
1504 1561 1689 1599 ardentem.

1031 1622 1090 1659 De
1111 1635 1182 1671 quo
1205 1626 1302 1658 tacet
1320 1621 1528 1665 Diodorus,
1551 1618 1612 1668 qui
1629 1631 1689 1655 re-

1034 1691 1119 1727 gem
1146 1682 1290 1724 narrat,
1331 1690 1398 1727 pro
1431 1675 1547 1713 salute
1568 1674 1690 1711 uxoris

1034 1740 1070 1772 et
1098 1734 1254 1771 filiorum
1280 1739 1366 1770 vota
1393 1733 1459 1770 diis
1491 1732 1691 1782 suscipien-

1033 1796 1128 1837 tem,
1149 1792 1199 1827 ita
1220 1790 1391 1837 evasisse,
1411 1789 1571 1838 indeque
1583 1788 1691 1826 etiam

1034 1853 1163 1898 postea
1185 1847 1273 1884 deos
1298 1851 1376 1883 tum
1402 1845 1582 1895 reliquos,
1612 1849 1690 1881 tum

1033 1904 1236 1941 Vulcanum
1271 1903 1454 1954 inprimis,
1493 1906 1533 1938 ut
1565 1914 1588 1938 a
1617 1914 1690 1950 quo

1032 1961 1263 2010 potissimum
1296 1960 1368 1997 iam
1402 1958 1589 2009 inopinato
1615 1970 1692 1994 ser-

1032 2022 1138 2054 vatus
1179 2017 1337 2065 fuisset,
1375 2015 1536 2053 donariis
1574 2014 1691 2052 hono-

1032 2086 1145 2111 rasse.

1229 2186 1337 2235 Cap.
1369 2183 1500 2221 cvm.

1091 2272 1171 2308 τῶν
1193 2266 1262 2315 τὰς
1282 2263 1410 2318 χώρας
1429 2263 1691 2317 κατεστρέψα-

1034 2324 1102 2376 το]
1134 2326 1236 2362 Haec
1253 2325 1364 2361 verba
1386 2323 1633 2373 iVesselingio
1653 2327 1690 2361 et

1035 2381 1274 2418 Valckenario
1292 2393 1335 2417 ex
1364 2392 1443 2430 cap.
1459 2381 1690 2418 antecedent.

1034 2438 1135 2474 initio
1160 2438 1228 2476 huc
1248 2450 1269 2474 a
1298 2437 1431 2474 lectore
1456 2437 1610 2487 repetita
1639 2437 1691 2473 vi-

1035 2495 1178 2531 dentur.
1216 2495 1292 2531 Sed
1312 2497 1569 2543 praeterquam
1590 2494 1690 2542 quod

1033 2551 1141 2587 codd.
1155 2563 1280 2588 omnes
1292 2550 1380 2586 haec
1397 2550 1509 2587 verba
1526 2549 1690 2587 hocloco

1034 2607 1226 2654 exhibent,
1264 2608 1383 2643 obstat
1403 2618 1551 2655 quoque
1568 2606 1692 2643 Hero-

1032 2664 1110 2700 doti
1133 2665 1248 2701 oratio
1266 2663 1450 2715 copiosior
1468 2667 1581 2712 atque
1601 2663 1692 2701 ube-

1033 2733 1117 2757 rior.

1089 2798 1218 2856 τούτῳ
1240 2800 1312 2854 μὲν
1339 2798 1460 2842 τάδε
1481 2798 1686 2854 ἐχρήσατο]

1034 2860 1143 2897 Conf.
1163 2860 1216 2907 II,
1236 2860 1289 2901 95
1318 2860 1404 2909 ibiq.
1424 2863 1515 2896 nott.
1545 2880 1602 2886 -
1628 2858 1689 2896 Ad

1033 2921 1288 2966 argumentum
1309 2918 1403 2955 conf.
1415 2915 1608 2964 Diodor.1,
1620 2915 1686 2957 56.
