1759 3324
622 287 839 330 CLIO.
895 285 924 323 Ι.

145 406 395 464 βυλωνίοισι
425 400 509 444 ὅδε.
566 400 633 443 δεῖ
659 400 805 442 πᾶσαν
833 399 1022 453 γυναῖκα
1050 393 1283 450 ἐπιχωρίην
1323 394 1457 447 Ego-25

89 585 278 632 quaestum
324 588 477 627 corpore
532 571 738 611 faciendum

88 640 260 686 adigere3
279 635 364 671 inde
383 633 526 670 demum
544 630 639 667 hunc
658 640 738 665 esse

89 699 205 731 ortum
226 704 384 737 morem,
415 702 459 726 ex
488 700 559 736 quo
587 684 738 736 pudoris

88 749 260 802 primitias
284 748 375 785 deae
397 746 446 782 ad
474 743 649 793 templum
673 741 740 777 ob-

86 806 264 844 tulissent.
330 803 423 839 Cum
470 801 564 839 enim
611 797 740 850 puellis

89 874 241 912 corpore
281 858 465 908 vulgando
510 857 578 893 dos
615 855 742 892 fuisset

89 918 276 970 paranda,
304 917 488 952 inventam
508 925 588 950 esse
604 924 741 961 oppor-

88 975 299 1019 tunitatem,
327 976 369 1008 ut
388 973 578 1020 quaestum
606 968 742 1005 maiore

91 1044 172 1068 cum
197 1030 341 1066 licentia
372 1032 408 1065 et
444 1025 620 1076 opimiore
644 1037 739 1061 mer-

91 1088 181 1125 cede
204 1087 387 1130 facerent3
425 1083 473 1120 ad
498 1080 673 1131 templum
697 1080 740 1116 il-

91 1143 145 1180 las
184 1141 413 1187 consedisse,
461 1139 624 1175 instituto
671 1137 741 1173 hoc

92 1200 228 1249 quippe
249 1199 285 1234 in
306 1196 519 1245 religionem
543 1206 648 1232 verso
662 1222 673 1241 ,
701 1196 743 1229 ut

92 1255 227 1293 Veneri
248 1267 376 1304 corpus
409 1264 511 1288 suum
533 1261 743 1287 consecrare

91 1312 298 1349 viderentur
316 1308 467 1359 puellae.
497 1308 605 1344 conf.
625 1319 661 1355 p.
674 1307 740 1346 36.

93 1370 148 1409 37
171 1367 194 1404 l.
218 1366 241 1404 l.
289 1366 395 1409 Quae
425 1368 573 1402 eatenus
602 1362 743 1399 dubitat

91 1423 295 1461 Heerenius
326 1422 462 1469 (ldeen
494 1419 534 1467 I,
555 1423 582 1461 2
603 1432 639 1469 p.
658 1416 741 1459 204

94 1480 206 1529 seq.)‚
244 1479 344 1528 quod
373 1477 421 1515 ad
453 1474 671 1513 matrimonii
700 1486 742 1510 ac

92 1536 301 1587 nuptiarum
323 1534 425 1584 quasi
443 1533 543 1570 initia
560 1531 665 1569 unice
683 1543 742 1568 re-

91 1594 229 1631 feratur
263 1592 378 1641 turpis
415 1590 484 1627 iste
526 1601 626 1634 mos3
664 1587 743 1637 ipse

93 1649 211 1697 magis
233 1648 281 1684 ad
307 1646 508 1684 commercii
525 1646 684 1681 rationes
707 1646 744 1681 et

93 1705 278 1742 hominum
310 1702 585 1754 peregrinorum
624 1699 744 1737 multi-

95 1761 277 1807 tudinem,
307 1760 367 1809 qui
392 1760 429 1796 in
460 1758 584 1795 urbem
607 1757 745 1793 conflu-

96 1818 213 1854 xerint
241 1829 321 1854 eam
349 1817 465 1866 ipsam
504 1815 551 1851 ob
585 1825 742 1859 causam,

95 1873 181 1910 illud
228 1873 355 1910 refeni
402 1885 511 1922 posse
556 1870 743 1908 existimat.

95 1929 228 1979 Neque
256 1930 403 1966 omnino
433 1942 453 1965 e
476 1927 651 1976 corruptis
671 1926 744 1961 Ba—

94 1986 321 2035 byloniorum
359 1985 519 2022 moribus
547 1994 744 2030 eorumque

95 2042 301 2079 libidinibus
331 2042 426 2079 hunc
461 2053 600 2077 morem
631 2038 745 2088 expli-

97 2099 168 2136 cari
188 2111 296 2148 posse
318 2102 381 2135 aut
411 2097 569 2145 origines
592 2096 745 2145 cepisse,

97 2156 234 2204 quivis,
264 2168 322 2192 me
349 2154 406 2192 vel
426 2166 499 2190 non
520 2153 747 2189 animadver-

97 2215 207 2258 tente,
228 2212 369 2249 sentiet.
426 2209 486 2246 Ad
513 2210 631 2259 ipsam
649 2207 746 2246 enim

99 2266 307 2316 religionem
342 2279 546 2317 pravasque
591 2266 638 2302 de
676 2264 744 2301 diis

102 2327 289 2374 conceptas
323 2324 513 2374 opiniones
549 2321 746 2371 respicien-

104 2379 187 2416 dum
205 2393 305 2427 esse,
338 2381 399 2417 ubi
421 2380 509 2417 haec
530 2382 566 2416 et
586 2378 671 2415 talia
692 2377 745 2415 le-

105 2435 238 2483 gimus,
275 2437 332 2473 vix
363 2436 622 2481 dubitandum,
651 2447 744 2481 cum,

106 2495 275 2539 quantum
294 2494 342 2530 ad
367 2494 525 2530 furorem
552 2491 640 2528 haec
664 2491 745 2540 ipsa

104 2545 266 2585 homines
309 2548 484 2586 Asiaticos
541 2547 746 2595 adegerint,

107 2614 213 2639 nemo
230 2604 366 2642 nesciat
384 2606 514 2642 rituum
539 2616 581 2641 ac
598 2603 746 2652 religio-

106 2670 189 2694 num
211 2658 314 2698 Asiae
331 2661 523 2711 superioris
545 2663 581 2697 et
599 2659 747 2697 inferio-

105 2713 155 2750 ris
183 2713 308 2763 (quam
333 2718 507 2755 minorem
531 2715 641 2764 vulgo
661 2715 751 2753 dici-

107 2770 217 2817 mus)
251 2772 357 2820 paulo
391 2774 550 2823 peritior.
608 2772 747 2809 Occur-

106 2828 191 2861 runt
214 2825 250 2862 in
265 2827 408 2865 istarum
424 2830 586 2878 gentium
599 2828 746 2877 religio-

108 2880 213 2916 nibus
239 2894 280 2919 ac
303 2885 409 2921 sacris
427 2886 497 2922 alia
514 2886 611 2922 haud
627 2885 744 2921 minus

108 2937 244 2987 turpia,
272 2951 378 2988 quam
400 2953 492 2990 quae
511 2943 558 2980 de
576 2941 744 2990 Milyttae

1323 285 1408 325 445

806 569 903 607 cultu
919 568 1058 608 Noster
1075 568 1272 608 memoriae
1286 568 1459 618 prodidit.

806 625 1107 676 Antiquissimum
1122 626 1232 664 fuisse
1247 638 1315 675 per
1335 623 1461 661 Asiam

806 687 950 734 turpem
971 684 1079 720 istum
1098 687 1208 732 atque
1240 682 1460 732 impudicum

807 753 966 788 morem,
1004 741 1106 777 testis
1138 744 1193 777 est
1222 737 1313 775 liber
1343 737 1460 775 Mosis

807 797 882 843 ΙΙΙ,
907 800 957 838 19
987 809 1040 833 vs.
1061 799 1126 838 29.
1184 796 1243 833 De
1275 794 1461 832 Phoenici-

809 854 889 900 bus,
940 853 1099 903 Cypriis,
1155 852 1234 889 aliis
1279 853 1461 901 gentibus,

809 923 899 959 quas
938 910 1113 958 religione
1149 923 1224 946 non
1263 909 1461 946 admodum

808 967 951 1004 diversa
970 980 1050 1003 cum
1075 966 1222 1015 reliquis
1241 964 1350 1002 Asiae
1369 979 1461 1014 gen-

807 1023 902 1060 tibus
943 1023 1150 1059 coniunctas
1190 1023 1461 1071 quodammodo

806 1079 1027 1126 invenimus,
1072 1078 1251 1116 simillima
1300 1080 1464 1115 instituta

809 1137 1024 1186 scriptorum
1050 1140 1211 1173 veterum
1244 1136 1460 1172 testimoniis

808 1193 952 1229 firmata
974 1192 1053 1242 ipse
1079 1192 1196 1229 attulit
1213 1192 1378 1241 Heynius
1398 1191 1420 1228 l.
1439 1191 1462 1229 l.

808 1261 895 1299 pag.
927 1250 980 1289 37
1014 1261 1112 1297 seq.,
1161 1261 1255 1297 quae
1298 1254 1466 1298 repetere

810 1318 885 1342 non
932 1305 1071 1341 attinet.
1130 1305 1269 1342 Confer
1298 1305 1462 1355 inprimis

811 1362 1033 1398 Creuzerum
1053 1361 1090 1398 in
1108 1361 1271 1409 Symbol.
1293 1361 1327 1398 Il
1346 1375 1382 1411 p.
1395 1361 1461 1402 24.

810 1420 864 1459 26
883 1430 986 1466 seqq.
1027 1417 1105 1454 Iam
1132 1430 1218 1455 vero
1238 1418 1462 1466 Babylonios

810 1487 854 1511 eo
896 1474 1013 1522 magis
1050 1473 1225 1524 proclives
1263 1474 1376 1512 fuisse
1415 1475 1463 1511 ad

810 1530 904 1567 hanc
929 1530 1134 1577 lasciviam,
1176 1543 1249 1580 quo
1279 1531 1327 1567 ad
1358 1544 1466 1568 omne

810 1586 1036 1636 voluptatum
1059 1591 1170 1636 atque
1196 1587 1382 1624 libidinum
1400 1600 1467 1636 ge-

812 1656 880 1679 nus
911 1644 1015 1680 effusi
1037 1648 1160 1691 eraut,
1190 1643 1294 1681 facile
1319 1645 1466 1681 credam

811 1700 982 1737 Mi'mtero
1002 1700 1040 1736 in
1063 1699 1155 1736 libro
1185 1701 1232 1737 de
1262 1700 1365 1749 relig.
1391 1701 1466 1737 Ba-

813 1756 935 1804 bylon.
965 1769 1000 1806 p.
1022 1757 1076 1797 73
1097 1769 1173 1806 seq.
1231 1757 1290 1794 De
1323 1757 1464 1794 luxurie

810 1812 1095 1861 Babyloniorum
1148 1813 1260 1863 vulgo
1312 1813 1464 1850 laudant

812 1869 976 1906 Curtium
1019 1870 1064 1906 de
1100 1871 1229 1920 exped.
1269 1868 1464 1907 Alexandr.

810 1926 857 1973 V,
881 1929 900 1965 1
935 1926 1057 1975 ibique
1083 1926 1310 1964 Freinshem.
1367 1926 1466 1963 Add.

810 1983 968 2019 Heeren.
993 1982 1014 2018 l.
1033 1982 1054 2018 l.
1083 1995 1120 2032 p.
1143 1986 1226 2024 202
1252 1983 1387 2020 Gesen.
1416 1983 1465 2020 ad

810 2038 914 2076 Iesai.
934 2037 1096 2086 XLVII,
1117 2042 1138 2080 1
1167 2053 1254 2090 pag.
1277 2041 1356 2081 105
1375 2039 1464 2088 ibiq.

811 2095 877 2132 hos
894 2094 1013 2132 locos:
1044 2095 1114 2133 Ies.
1140 2096 1283 2144 14,11.
1314 2096 1464 2143 Ier.51,

813 2153 879 2193 39.
916 2151 1059 2189 Daniel.
1082 2151 1126 2198 5,
1149 2155 1184 2193 1.
1224 2152 1320 2189 Add.
1344 2152 1468 2189 Palm-

814 2208 909 2244 blad.
931 2208 953 2245 l.
971 2208 995 2245 l.
1024 2222 1061 2258 p.
1084 2212 1137 2249 27
1160 2222 1264 2258 seqq.
1287 2211 1341 2250 32
1362 2222 1466 2258 seqq.

812 2264 897 2315 Ipse
912 2265 1078 2313 Heynius
1102 2264 1124 2301 l.
1154 2265 1176 2302 l.
1207 2279 1293 2316 pag.
1321 2267 1399 2313 39,
1428 2269 1468 2302 ut

811 2321 901 2358 haec
920 2322 1083 2358 instituta
1102 2323 1349 2372 reciperentur
1368 2335 1467 2372 apo-

810 2377 927 2428 pulis,
966 2379 1051 2415 bina
1077 2379 1189 2416 fuisse
1217 2383 1340 2416 censet
1372 2379 1467 2416 inter

812 2446 939 2471 causas
960 2435 1065 2471 huius
1086 2435 1195 2472 moris
1221 2435 1463 2486 respicienda,

813 2495 1034 2528 contemtum
1069 2491 1286 2540 virginitatis
1324 2491 1466 2542 puella-

812 2559 892 2583 rum
911 2551 947 2584 et
958 2549 1142 2597 profectas
1172 2548 1272 2597 vulgi
1296 2561 1317 2584 a
1343 2549 1464 2598 pravis

811 2602 1045 2651 religionibus
1067 2604 1268 2654 opiniones.
1300 2605 1465 2648 Quarum

813 2663 936 2696 tamen
964 2659 1115 2698 alterum
1153 2674 1197 2698 ex
1237 2661 1350 2698 altero
1381 2661 1463 2712 ipso

812 2720 959 2753 enatum
981 2730 1082 2765 esse,
1112 2717 1216 2755 facile
1243 2718 1378 2769 poterit
1408 2718 1464 2755 in·-

808 2771 938 2821 telligi.

867 2831 1001 2868 πᾶσαν
1039 2832 1209 2880 γυναῖκα
1249 2828 1465 2881 ἐπιχωρίην

811 2883 996 2936 ἱζομένην
1024 2884 1064 2932 ἐς
1090 2882 1179 2938 ἱρὸν
1203 2881 1464 2938 Ἀφροδίτης]

808 2940 868 2980 De
895 2944 1074 2979 structura
1107 2943 1387 2993 praepositionis
1415 2944 1466 2988 ἐς

1461 395 1522 434 tae,
1540 393 1665 425 Veneris
1686 402 1734 425 Λς-Ἴ

1460 434 1572 461 syriae.
