1759 3324
511 269 933 310 EUTERPE.
981 270 1027 307 ll.

1305 272 1390 311 845

126 382 287 425 κέουσα
316 381 362 425 δὲ
391 381 438 424 ἐν
468 383 634 423 Βουτοῖ
659 378 784 431 πόλι,
833 378 905 421 ἵνα
942 377 996 433 δή
1035 378 1078 420 οἱ
1116 376 1165 421 τὸ
1203 377 1386 435 χρηστή-

128 477 228 514 ριον
266 457 394 502 τοῦτό
428 457 540 511 ἐστι,
584 455 833 500 Ἀπόλλωνα
870 455 987 510 παρὰ
1016 454 1148 507 Ἴσιος
1187 473 1386 510 παρακα-

123 536 319 593 ταθήκην
348 535 578 591 δεξαμένη,
605 535 782 579 διέσωσε
811 533 1131 590 κατακρύψασα
1153 535 1198 578 έν
1220 539 1273 592 τῇ
1294 539 1407 579 νῦνι

121 619 269 672 πλωτῇ
297 613 504 671 λεγομένῃ
535 611 675 672 νήσῳ·
722 614 792 657 ὅτε
823 613 876 670 δὴ
906 613 954 657 τὸ
986 618 1074 657 πᾶν
1105 613 1329 670 διζήμενος
1358 615 1382 657 ὁ

124 693 287 749 Τυφών
324 693 502 748 ἐπῆλθε,
546 694 689 736 θέλων
728 693 916 747 ἐξευρεῖν
954 698 1034 737 τοῦ
1075 691 1265 749 Ὀσίριος
1302 695 1381 737 τόν

89 775 266 815 ῦπαῖδα.
323 772 570 816 Ἀπόλλωνα
601 774 668 825 δὲ,
698 773 771 816 καὶ
797 771 1023 828 ’Ἀρτεμιν,
1055 773 1282 817 Διονύσου
1306 775 1381 817 καὶ

106 851 238 902 Ἴσιος
276 853 451 908 λέγουσι
489 850 599 896 εἶναι
642 855 822 904 παῖδας·
880 856 1058 908 Λητοῦν
1098 852 1165 904 δὲ,
1210 853 1380 908 τροφὸν

87 929 294 974 7αὐτοῖσι
341 932 414 975 καὶ
466 930 679 988 σώτειραν
721 931 937 988 γενέσθαι.

1013 933 1269 986 Αἰγυπτιστὶ
1325 932 1369 975 δὲ
1382 940 1404 972 5

111 1008 327 1053 Ἀπόλλων
356 1010 457 1065 μὲν,
495 1006 652 1065 Ὦιρος·
709 1011 919 1068 Δημήτηρ
951 1012 1018 1059 δὲ,
1051 1010 1180 1062 Ἶσις·
1223 1010 1372 1066 ’Ἀρτε-

113 1106 185 1145 μις
224 1090 291 1139 δὲ,
329 1089 586 1145 Βούβαστις.
645 1090 691 1133 ἐκ
723 1090 882 1135 τούτου
924 1091 969 1134 δὲ
1005 1093 1086 1133 τοῦ
1128 1090 1263 1146 λόγου
1300 1091 1373 1134 καὶ

114 1168 296 1220 ου’δενός
333 1167 467 1212 ἄλλου
489 1203 499 1221 ,

558 1169 774 1225 Αἰσχύλος
815 1170 838 1213 ὁ
876 1169 1170 1225 Εὐφορίωνος
1207 1169 1373 1225 ἥρπασε

109 1247 157 1291 τὸ
187 1247 269 1304 ἐγώ
301 1247 482 1304 φράσω,
522 1252 689 1304 μοῦνος
717 1250 770 1305 δὴ
799 1249 1012 1306 ποιητέων
1040 1252 1128 1293 τῶν
1155 1264 1368 1305 προγενο-
1428 1257 1499 1297 18]

108 1451 330 1496 Ἀπόλλωνα
372 1480 427 1484 ——
477 1454 699 1507 δεξαμένη]

49 1513 240 1563 Apollinem
270 1514 439 1561 intelligit
467 1513 623 1561 Horum,
653 1514 701 1551 de

49 1583 122 1619 quo
137 1571 210 1608 vid.
230 1574 306 1608 not.
329 1572 377 1607 ad
394 1570 426 1607 ΙΙ
439 1599 449 1617 ,
474 1570 565 1611 144.

102 1677 164 1722 ’ὅτε
196 1679 244 1733 δὴ
271 1680 314 1722 τό
351 1684 433 1721 πᾶν
461 1678 695 1733 διζήμενος]

48 1736 121 1790 δή,
165 1741 263 1789 quod
293 1739 401 1788 vulgo
442 1741 578 1786 abest,
617 1753 698 1777 cum

48 1796 166 1833 Gaisf.
198 1796 427 1833 restituimus.
504 1796 611 1839 Quae
640 1809 698 1832 se-

46 1857 224 1901 quuntur,
245 1852 357 1889 lucem
379 1853 557 1902 accipiunt
576 1866 619 1890 ex
638 1852 695 1898 iis,

46 1921 140 1957 quae
169 1909 216 1945 de
247 1909 394 1946 Osiride
412 1932 466 1935 ——
492 1909 635 1946 Baccho
660 1913 697 1945 et

43 1964 203 2002 Iside—
215 1965 349 2003 Cerere
365 1966 628 2015 disputavimus
649 1965 697 2002 ad

44 2021 99 2069 11,
121 2021 186 2062 42.
207 2021 272 2062 50.
295 2023 386 2062 137.
408 2022 499 2063 144.

96 2129 296 2183 Αἰσχύλος
308 2132 332 2172 ὁ
342 2129 613 2185 Εὐφορίωνος
626 2130 696 2186 ἥρ-

39 2188 164 2239 πασε]
202 2190 343 2227 Eadem
372 2192 522 2228 tradunt
554 2192 694 2229 Pausa-

0 2251 1 2255 ’
39 2246 118 2282 nias
147 2246 250 2294 VIII,
280 2248 336 2287 37
371 2245 406 2297 ἓ
425 2250 463 2288 3.
526 2248 690 2286 Macrob.

38 2302 183 2339 saturn.
216 2303 254 2350 I,
282 2305 345 2343 18.
393 2305 473 2341 Nec
501 2304 571 2341 alio
606 2318 691 2356 spe-

40 2362 160 2405 etant,
182 2372 275 2408 quae
298 2359 407 2408 vulgo
428 2366 619 2398 narrantur
642 2363 688 2399 de

38 2413 212 2463 Aeschylo
238 2417 408 2464 mysteria
442 2419 621 2467 prodente
652 2424 688 2456 et

39 2470 76 2506 in
93 2471 258 2508 iudicium
275 2473 359 2510 inde
379 2478 529 2520 vocat03
550 2475 595 2511 de
613 2488 687 2523 qua

38 2538 77 2563 re
96 2528 167 2563 vid.
196 2527 285 2565 Zell.
313 2530 361 2565 ad
388 2531 567 2567 Aristotel.
600 2530 686 2568 Eth.

37 2583 85 2618 ad
97 2582 302 2621 Nicomach.
322 2585 384 2631 lll,
404 2590 424 2626 1
450 2584 485 2636 ἓ.
503 2590 551 2626 17
570 2601 605 2637 p.
617 2589 685 2635 86,

37 2639 134 2675 cuius
159 2639 250 2677 bene
267 2653 404 2679 memor
425 2644 491 2679 suit
512 2643 683 2680 Creuzer.

35 2693 74 2729 in
98 2694 258 2743 Symbol.
288 2697 339 2734 lv
361 2712 397 2747 p.
422 2698 516 2740 517.
583 2699 680 2737 Add.

34 2749 170 2799 Haupt.
211 2752 248 2790 in
297 2759 452 2802 quaestt.
500 2754 679 2804 Aeschyll.

34 2806 177 2854 specim.
198 2807 231 2844 Π
263 2807 384 2860 (LiPS.
407 2812 534 2859 1829)
555 2824 631 2862 cap.
646 2813 679 2849 V

34 2874 70 2910 p-
93 2864 210 2902 97—-
224 2867 313 2906 100.
355 2866 477 2916 Ipsum
499 2880 585 2904 vero
605 2867 679 2905 Ae-

35 2916 144 2965 schyli
161 2919 293 2958 dictum
304 2949 315 2967 ‚
332 2922 368 2958 in
391 2935 463 2972 quo
478 2922 678 2974 Aegyptia-

770 1469 834 1494 cae
874 1457 1063 1495 doctrinae
1108 1457 1241 1495 indicia
1275 1457 1425 1505 lateant,

768 1514 954 1562 attigimus
979 1527 1089 1564 supra
1116 1515 1164 1551 ad
1184 1514 1239 1561 Π,
1262 1516 1341 1555 137
1361 1515 1425 1552 fin.

825 1573 973 1621 μοῦνος
1012 1567 1062 1621 δή
1100 1570 1298 1621 ποιητέων
1343 1573 1424 1610 τῶν

766 1625 1088 1680 προγενομένων]
1128 1628 1239 1671 Quod
1260 1627 1424 1676 Aeschy-

765 1683 839 1720 lum
870 1684 1081 1721 Herodotus
1123 1684 1282 1734 appellat
1311 1698 1422 1722 unum

764 1743 864 1778 τῶν
905 1739 1328 1792 προγενομένων,
1376 1754 1420 1777 eo

767 1797 854 1833 satis
874 1797 1049 1834 declarari
1069 1801 1177 1847 putat
1197 1796 1417 1834 Dahlmann.

766 1853 905 1890 Herod.
925 1867 1011 1904 pag.
1034 1856 1083 1894 21
1105 1867 1182 1902 seq.
1210 1854 1302 1889 salsa
1322 1867 1416 1900 esse,

766 1922 860 1958 quae
879 1911 925 1947 de
944 1910 1148 1947 Herodotei
1170 1910 1289 1959 operis
1309 1923 1417 1959 prae-

763 1965 920 2003 lectione
949 1966 1128 2016 Oljmpiis
1155 1967 1250 2002 facta
1277 1979 1308 2002 a.
1332 1966 1415 2007 456

768 2027 853 2060 ante
874 2023 960 2059 Chr.
980 2022 1088 2070 vulgo
1109 2023 1314 2070 tradantur,
1335 2036 1414 2059 cum

766 2092 810 2116 eo
836 2079 917 2129 ipso
953 2092 1048 2116 anno
1076 2083 1237 2116 mortuus
1265 2079 1310 2115 sit
1339 2078 1414 2116 Ae-

763 2135 927 2184 schylus,
959 2149 1066 2185 quem
1086 2136 1319 2181 Herodotus,
1351 2136 1413 2184 qui

761 2192 840 2242 ipse
859 2197 964 2229 natus
985 2198 1062 2230 erat
1080 2192 1161 2233 484
1193 2204 1227 2228 a.
1251 2192 1337 2228 Chr.
1360 2206 1412 2240 11.,

758 2249 904 2286 minime
920 2251 1110 2299 poetarum
1128 2250 1207 2286 τῶν
1226 2263 1413 2300 προγενο-

758 2304 888 2355 μένων
905 2319 1013 2342 unum
1033 2305 1218 2355 appellare
1239 2306 1412 2355 potuerit.

756 2362 833 2399 Sed
856 2363 1025 2411 equidem
1046 2375 1121 2398 non
1143 2362 1320 2410 intelligo,
1348 2375 1412 2398 cur

755 2418 929 2456 historiae
948 2423 1052 2469 pater
1071 2418 1300 2466 Aeschylum,
1319 2418 1411 2455 mul-

754 2479 792 2511 to
814 2480 911 2512 certe
930 2476 1102 2511 maiorem
1128 2480 1238 2522 natu,
1271 2475 1322 2511 ita
1342 2487 1409 2525 ap-

753 2531 890 2581 pellare
909 2532 1007 2568 haud
1026 2532 1208 2581 potuerit,
1238 2544 1408 2582 praeser-

753 2588 815 2624 tim
852 2588 880 2625 si
914 2592 1143 2638 reputemus,
1181 2588 1278 2625 haud
1314 2588 1408 2625 inte-

752 2657 855 2692 grum
883 2658 974 2694 opus
1004 2644 1182 2694 Olympiis
1214 2645 1406 2682 recitatum

750 2701 861 2738 fuisse
887 2701 1003 2738 videri
1025 2729 1036 2748 ,
1084 2700 1271 2749 multaque
1295 2702 1405 2737 etiam

749 2757 835 2793 addi
857 2758 1019 2807 potuisse
1029 2757 1074 2793 ab
1092 2757 1260 2793 historico
1274 2761 1403 2807 postea

749 2814 890 2863 saepius
932 2827 1023 2863 opus
1062 2826 1165 2850 suum
1202 2813 1401 2862 relegente.

747 2868 808 2906 Tu
836 2870 909 2906 vid.
944 2870 1070 2918 Heyse
1107 2874 1262 2918 quaestt.
1291 2870 1399 2907 Herr.

743 2937 829 2975 pag.
848 2925 915 2966 42.
