1805 3315
328 241 387 281 74
738 233 1203 275 HERODOTI

329 353 411 394 τοῦ
444 349 666 404 Κροίσου·
698 344 800 401 μετά
833 343 905 398 δε,
916 359 1075 434 ,ημερη
1101 343 1222 399 τρίτῃ
1253 340 1281 399 ἢ
1314 340 1515 398 τετάρτῃ,
1551 355 1664 394 oce-30

330 426 564 478 λεύσαντος
595 426 817 479 Κροίσου,
857 423 936 466 τὸν
963 421 1152 466 Σόλωνα
1178 420 1445 476 θεράποντες
1472 422 1618 474 περιῆ-

330 524 411 564 γον
440 504 548 549 κατά
573 505 680 555 τούς
715 501 996 560 θησαυρούς,
1037 502 1111 545 καὶ
1140 500 1447 544 ἐπεδείκνυσαν
1476 497 1619 542 πάντα

309 585 461 632 3ἐόντα
487 583 651 640 μεγάλα
681 599 725 627 τε
757 582 828 626 καὶ
865 581 1004 638 ὄλβια.
1063 579 1347 637 θηησάμενον
1388 578 1434 622 δέ
1467 594 1542 634 μιν
1567 576 1620 620 τὰ

332 663 475 708 πάντα
496 663 570 707 καὶ
591 661 863 719 σκεψάμενον
886 661 945 713 ὥς
971 662 1015 705 οἱ
1031 659 1140 704 κατὰ
1158 659 1314 715 καιρόν
1332 655 1406 716 ἦν,
1438 659 1573 712 εἴρετο
1594 654 1618 699 ὁ

309 746 528 798 4Κροῖσος
542 740 645 786 τάδε
660 759 670 769 ·
703 742 861 794 „Seiva
879 740 1103 797 Ἀθηναῖε,
1135 737 1240 795 παρ’
1263 737 1395 796 ἡμέας
1414 738 1498 794 γὰρ
1520 735 1663 792 nsok-35

334 856 359 876 „
371 824 443 867 σέο
482 821 612 878 λόγος
639 819 819 865 ἀπῖκται
847 819 1027 871 πολλὸς,
1063 820 1138 863 καὶ
1164 821 1322 875 σοφίης
1354 818 1516 861 εἵνεκεν
1542 819 1619 872 τῆς
1679 823 1732 867 14

334 906 448 959 »σῆς
467 903 542 945 καὶ
562 900 740 957 πλάνης,
770 900 830 951 ὥς
849 897 1131 956 φιλοσοφέων
1148 902 1231 955 γῆν
1247 896 1412 954 πολλήν
1432 897 1621 952 θεωρίης

311 984 530 1034 5,,εἴνεκεν
554 980 835 1038 ἐπελήλυθας.
876 983 960 1024 νῦν
987 973 1050 1022 ὧν
1082 979 1230 1034 ἵμερος
1266 977 1514 1033 ἐπείρεσθαί
1546 991 1621 1031 μοι

291 1172 418 1214 decem
439 1173 698 1224 Olympiadum
716 1183 866 1208 numero
878 1169 942 1206 ab-

293 1243 437 1269 errasse
448 1231 669 1268 Niebuhrius
690 1231 824 1265 statuat
835 1227 942 1263 Roin.

293 1288 431 1325 Gesch.
449 1287 466 1324 I
486 1300 522 1337 p.
544 1288 626 1328 579
647 1285 704 1322 ed.
726 1297 821 1332 sec.,
837 1295 945 1332 quem

293 1344 410 1382 locum
444 1343 508 1382 Cr.
539 1343 669 1381 debeo.

349 1440 409 1479 De
436 1440 581 1486 Amasi,
618 1436 825 1486 Aegyptiae
849 1448 949 1484 rege,

294 1498 412 1535 minor
438 1494 651 1541 difficultas,
682 1494 818 1543 quippe
841 1505 949 1542 quem

298 1566 395 1592 anno
423 1553 505 1593 570
543 1564 576 1588 a.
605 1551 692 1587 Chr.
721 1549 769 1586 ad
795 1561 949 1597 regnum

299 1616 460 1648 evectum
482 1621 586 1656 esse,
615 1610 786 1643 constans
804 1607 880 1642 sere
892 1608 948 1642 est

296 1679 392 1704 nunc
413 1666 603 1702 doctorum
621 1663 777 1699 virorum
801 1665 947 1699 senten-

297 1724 360 1761 tia.
416 1722 510 1759 Vide
530 1719 612 1766 Tu,
633 1722 780 1769 praeter
790 1717 949 1755 Larche-

299 1792 378 1816 rum
423 1790 465 1815 ac
517 1775 731 1822 Volneium,
787 1774 949 1824 inprimis

297 1834 456 1873 Schultz.
475 1833 499 1870 l.
522 1832 547 1871 l.
572 1847 609 1883 p.
633 1835 687 1873 27
708 1834 785 1869 not.
813 1830 879 1871 48.
895 1852 949 1857 -—

297 1892 341 1930 In
379 1890 538 1928 clausula
575 1889 731 1935 addam,
770 1887 864 1924 hanc
904 1887 951 1924 de

298 1948 446 1986 Solonis
475 1958 557 1984 cum
584 1946 725 1983 Croeso
751 1956 950 1992 congressu

299 2004 542 2042 narrationem
576 2000 767 2039 memorari
804 2013 952 2049 quoque

301 2075 324 2098 a
353 2058 507 2098 Diodor.
540 2059 578 2095 in
614 2059 798 2107 Excerptt.
835 2068 951 2106 nuper

299 2116 474 2163 detectis3
512 2116 585 2153 vid.
614 2114 711 2163 Ang.
743 2112 833 2151 Mai.
866 2126 950 2150 nov.

301 2174 441 2223 scriptt.
463 2172 600 2210 collect.
628 2170 669 2208 T
672 2184 744 2207 om.
773 2169 808 2206 II
835 2183 871 2220 p.
897 2170 949 2211 14

303 2228 342 2281 ᾗ.
366 2232 417 2271 17
439 2228 520 2266 coll.
543 2227 580 2280 ἓ.
595 2231 660 2270 26.
685 2230 735 2269 27
759 2241 795 2278 p.
809 2228 862 2269 23
873 2240 952 2276 seq.

348 2329 414 2376 θη
425 2340 450 2375 η
467 2334 489 2363 σ
499 2319 647 2375 άμενον
660 2321 702 2362 δέ
713 2337 782 2375 μιν
793 2319 840 2361 τά
852 2318 955 2362 πάν-

305 2380 376 2431 τα]
415 2376 679 2432 θηησάμενον
721 2380 848 2430 scripsi
888 2393 956 2430 pro

305 2433 562 2489 θεησάμενον
601 2451 680 2474 cum
718 2437 887 2486 Schwgh.
921 2440 957 2473 et

308 2494 429 2532 Gaisf.
456 2494 673 2543 optimorum
690 2493 889 2530 librorum
881 2505 956 2529 lus-

307 2563 362 2589 su.
417 2549 501 2586 Vid.
529 2550 578 2586 ad
603 2550 724 2596 I,1O
756 2553 870 2586 notat.
899 2570 955 2576 ——

309 2607 369 2645 De
388 2606 563 2656 particula
579 2602 652 2657 γάρ
678 2605 716 2642 in
726 2618 853 2654 seqq.
845 2599 956 2653 ·παρ’

309 2661 420 2715 ἡμᾶς
440 2658 514 2714 γάρ
535 2660 626 2714 περὶ
647 2659 712 2700 σέο
736 2657 846 2711 λόγος
864 2656 953 2698 ‹int-

309 2733 399 2759 κται
433 2719 527 2756 conf.
568 2731 680 2768 supra
707 2717 754 2754 ad
773 2717 811 2765 l,
839 2719 877 2757 8.
900 2715 953 2758 24

311 2777 507 2826 disputata.
563 2775 655 2812 Post
672 2778 791 2811 autem
808 2773 957 2810 retInui-

312 2846 415 2871 mus:
443 2829 694 2882 φιλοσοφέων
716 2832 791 2883 γῆν
807 2826 958 2880 πολλὴν

312 2889 392 2928 loco
410 2891 481 2942 τῆς
499 2889 666 2940 πολλῆς,
683 2888 783 2939 quod
795 2887 957 2925 Gronov.

1011 1171 1090 1207 iure
1121 1169 1192 1205 iam
1223 1168 1416 1218 expunxit,
1446 1167 1560 1205 edens
1592 1161 1667 1217 τήν

1012 1221 1176 1276 πολλήν.
1233 1224 1283 1262 At
1305 1226 1382 1276 γῆν
1412 1220 1563 1273 πολλήν
1592 1236 1668 1262 me-

1014 1283 1123 1320 liores
1155 1282 1245 1318 dant
1276 1281 1369 1319 libri.
1428 1281 1536 1316 Conf.
1557 1279 1666 1319 Wes-

1016 1339 1147 1387 seling.
1176 1338 1225 1374 ad
1254 1338 1290 1375 h.
1313 1336 1335 1373 l.
1365 1340 1402 1374 et
1428 1336 1598 1385 Schwgh.
1629 1337 1668 1374 in

1018 1396 1104 1434 Var.
1124 1394 1227 1433 Lect.
1284 1393 1344 1430 De
1362 1406 1402 1430 re
1422 1393 1503 1442 ipsa
1533 1393 1581 1431 ad
1603 1407 1667 1430 vo-

1017 1465 1095 1491 cem
1126 1448 1380 1499 φιλοσοφέων
1423 1448 1489 1486 Cr.
1529 1450 1669 1487 confert

1017 1521 1112 1560 quae
1120 1507 1335 1545 Plutarchus
1348 1506 1510 1555 disputat
1517 1504 1666 1543 Morall.

1015 1580 1053 1617 p.
1080 1568 1147 1611 77,
1174 1564 1224 1601 D.
1256 1563 1301 1600 E.
1358 1562 1428 1598 Est
1458 1562 1555 1599 enim
1579 1562 1669 1599 haec

1016 1635 1085 1659 vox
1107 1625 1233 1657 nostro
1255 1620 1293 1656 in
1313 1618 1392 1655 loco
1417 1617 1535 1655 latiori
1557 1631 1667 1655 sensu

1016 1678 1228 1728 accipienda
1255 1676 1301 1713 de
1323 1674 1420 1712 omni
1441 1675 1550 1712 animi
1566 1687 1667 1713 men-

1017 1736 1138 1784 tisque
1161 1745 1246 1771 cura
1264 1745 1307 1769 ac
1329 1731 1450 1768 studio
1475 1744 1599 1769 earum
1610 1745 1668 1770 re-

1016 1804 1116 1835 rum,
1145 1802 1237 1839 quas
1249 1788 1431 1825 hominem
1451 1788 1543 1826 scire
1557 1801 1668 1837 opor-

1018 1852 1082 1886 tet.
1121 1846 1235 1883 Addit
1255 1845 1285 1882 C
1293 1858 1320 1882 r.
1338 1844 1456 1882 locum
1481 1844 1664 1882 Iamblich.

1019 1905 1066 1943 de
1095 1903 1169 1940 Vit.
1195 1902 1395 1950 Pythagor.
1423 1915 1454 1939 c.
1476 1901 1527 1938 111
1553 1899 1590 1951 ἓ.
1617 1900 1668 1941 14

1017 1975 1055 2011 p.
1077 1962 1126 2001 11
1149 1959 1208 1997 ed.
1230 1958 1388 2005 Kiister,
1417 1957 1479 1993 ubi
1497 1957 1610 1994 multa
1625 1956 1668 1993 il-

1018 2017 1052 2055 le
1089 2015 1226 2066 templa
1262 2014 1386 2052 scribit
1421 2013 1669 2063 Pythagoram

1018 2071 1186 2111 adiisse'
1173 2070 1286 2124 ε’ρωτι
1306 2069 1374 2110 καὶ
1396 2065 1519 2122 ορὲξει
1547 2074 1608 2110 θε
1621 2084 1669 2109 ω·

1019 2130 1148 2183 ρίας.

1078 2211 1156 2249 νῦν
1184 2201 1240 2247 ὦν
1274 2206 1410 2259 ἵμερος
1439 2204 1671 2258 ἔπείρεσθαί

1025 2281 1093 2318 μοι
1112 2265 1282 2316 ἐπῆλθε]
1315 2264 1551 2313 Plerumque:
1571 2261 1670 2302 ἐπεί·

1026 2322 1168 2377 ρεσθαί
1188 2336 1234 2373 με
1265 2318 1417 2372 ἐπῆλθέ
1449 2332 1500 2360 σε.
1560 2320 1672 2362 Quod

1025 2394 1093 2418 nos
1114 2380 1302 2425 dedimus,
1329 2377 1496 2415 meliores
1514 2376 1672 2414 offerunt

1021 2437 1122 2484 libri,
1151 2435 1399 2472 consentiente
1427 2432 1600 2470 Valcken.
1622 2433 1672 2469 ad

1021 2493 1107 2539 VII,
1126 2492 1178 2534 46
1202 2505 1244 2529 ac
1272 2490 1529 2528 recentioribus
1555 2489 1671 2527 edito-

1020 2550 1118 2586 ribus
1131 2577 1142 2594 ‚
1181 2548 1312 2596 quibus
1349 2547 1447 2584 addo
1479 2544 1670 2593 W'yttenb.

1023 2607 1060 2642 in
1080 2604 1229 2641 Selectt.
1252 2604 1396 2640 historr.
1418 2616 1455 2652 p.
1475 2600 1581 2648 346,
1609 2601 1671 2650 qui

1021 2660 1137 2697 simile
1156 2659 1342 2708 Euripidis
1360 2658 1467 2704 illud,
1483 2656 1584 2695 Med.
1596 2659 1672 2699 56:

1024 2711 1124 2755 ὥσθ’
1143 2710 1278 2766 ἵμερός
1298 2710 1334 2766 μ’
1351 2712 1511 2764 ’ὑπῆλθε
1532 2729 1568 2752 κ.
1585 2728 1619 2752 τ.
1637 2717 1670 2753 λ..

1023 2773 1166 2819 laudat,
1197 2777 1366 2821 recteque
1390 2771 1515 2808 vertit:
1546 2783 1673 2817 „nunc

1024 2831 1138 2877 igitur
1155 2841 1206 2865 me
1237 2828 1414 2878 cupiditas
1443 2828 1604 2874 incessit,
1633 2832 1674 2865 ut

1026 2890 1061 2923 te
1079 2888 1294 2935 interrogem.
1302 2886 1327 2906 “
1354 2885 1415 2924 De
1425 2885 1546 2923 dativo
1566 2896 1674 2937 prae-
