1768 3315
273 368 293 382 Π

235 370 302 415 80

28 432 132 461 Croesi
150 431 230 460 filius
243 442 307 462 mu-

27 472 87 500 tus,
95 466 191 500 idemq
197 475 233 494 ue
243 477 307 495 sur-

29 500 84 540 dus
105 501 146 535 [l‚
162 501 304 541 34-et383,

27 539 164 562 irritante
195 543 226 562 m

28 573 106 595 trem
121 567 214 596 Persa
225 589 234 603 ‚

29 603 79 637 qui
99 602 208 638 coepit.

274 543 304 562 a„

274 577 304 595 ο-

356 260 440 299 214

756 253 1226 294 HERODOTI

472 362 573 408 Κατ’
607 362 741 408 αὐτὸν
779 365 825 407 δὲ
867 367 1061 418 Κροῖσον
1099 365 1201 409 τάδε
1239 363 1416 421 ἐγένετο.
1475 358 1532 420 ἦν
1574 364 1618 408 οἱ

365 451 482 497 παῖς,
524 447 605 486 τοῦ
634 444 708 487 καὶ
736 443 951 499 πρότερον
981 443 1278 500 ἐπεμνήσθην,
1318 445 1371 487 τὰ
1401 443 1479 499 μὲν
1509 441 1617 486 ἄλλα

331 522 572 579 Ξέπιεικὴς,
601 521 780 579 ἄφωνος
808 523 867 568 δέ.
897 523 944 567 ἐν
972 527 1024 580 τῇ
1054 519 1117 566 ὦν
1135 523 1418 582 παρελθούσῃ
1450 521 1621 567 εὐεστοῖ

366 602 389 647 ὁ
431 606 617 657 Κροῖσος
643 603 693 647 τὸ
730 606 819 646 πᾶν
863 602 905 654 ἐς
942 601 1076 646 αὐτὸν
1118 601 1388 659 ἐπεποιήκεε,
1429 600 1539 646 ἄλλα
1575 605 1675 645 τε45

528 822 637 861 Conf.
658 827 790 860 notatt.
811 823 860 860 ad
870 822 957 860 Cte-

307 882 383 918 siae
403 880 426 917 l.
443 879 464 916 l.
497 892 584 930 pag.
607 883 699 921 100.
731 879 842 926 Quid,
860 879 960 928 quod

305 937 486 990 Nfflfidss,
514 949 609 985 quae
637 937 766 973 Croesi
791 936 900 973 suerit
919 935 961 971 fi-

306 993 377 1040 lia,
394 991 540 1043 opera,
571 993 686 1043 pactis
713 992 800 1041 Cyri
824 991 961 1041 nuptiis

305 1049 496 1098 legitimis,
532 1049 656 1086 Persis
688 1062 807 1086 arcem
838 1048 964 1098 prodi-

307 1111 384 1143 tam
412 1106 546 1153 fuisse,
575 1110 708 1156 poetae
735 1104 867 1142 Graeci
905 1117 963 1142 ce-

308 1163 492 1208 cinerant,
514 1162 567 1198 uti
585 1166 711 1199 auctor
733 1166 789 1199 est
809 1160 962 1198 Parthe-

308 1219 390 1256 nius
426 1218 560 1254 Erotio.
601 1217 687 1259 22?
742 1217 846 1254 Arcis
879 1229 964 1254 vero

311 1276 425 1326 ipsius
456 1274 681 1311 historiolam
706 1274 813 1323 quasi
839 1279 963 1311 conte-

310 1331 387 1368 xuit
417 1330 712 1368 Heinsterhusius
740 1330 788 1366 ad
811 1329 961 1366 Lucian.

313 1386 519 1436 Contempl.
552 1386 599 1423 Τ.
629 1386 683 1423 Ill
718 1400 755 1437 p.
776 1386 878 1433 385,
907 1386 963 1432 iis,

313 1456 409 1492 quae
427 1443 602 1490 diximus,
632 1455 707 1479 non
733 1442 965 1493 praetermis-

313 1500 386 1547 sis,
415 1499 587 1548 aliisque,
624 1511 719 1548 quae
749 1499 797 1535 ad
828 1499 965 1535 seriora

310 1555 496 1606 pertinent
517 1560 704 1606 tempora,
733 1555 894 1592 adiectis.

483 1639 593 1690 Cap.
626 1638 816 1676 LXXXV.

371 1726 444 1763 τοῦ
479 1723 547 1762 καὶ
582 1719 770 1775 πρότερον
800 1717 970 1773 ἐπεμνή-

317 1783 449 1831 σθην]
481 1781 564 1817 vid.
584 1780 622 1828 l,
643 1780 708 1820 34.
734 1780 786 1820 38
820 1784 857 1816 et
878 1792 971 1828 quae

317 1838 366 1874 ad
404 1842 595 1886 utrumque
628 1836 745 1872 locum
784 1837 973 1872 adnotavi-

318 1890 532 1932 mus—7:02
555 1890 625 1944 μὲν
648 1890 746 1930 ἄλλοι
771 1889 970 1942 ἐπιεικῆς;

320 1951 368 1986 ad
400 1954 539 1987 caetera
574 1949 710 2000 quidem
742 1953 847 1998 aptus
875 1962 904 1985 s.
932 1953 974 1986 ut

320 2006 429 2054 vulgo
448 2007 622 2044 reddunt:
664 2009 802 2043 caetera
838 2004 975 2056 quidem

322 2077 390 2100 uon
408 2065 555 2114 ineptus.

380 2119 422 2158 ἐν
445 2122 494 2174 τῇ
515 2113 572 2159 οἷν
597 2113 856 2171 παρελθούσῃ
886 2113 974 2156 εὕε-

326 2175 433 2226 στοῑ]
481 2171 624 2215 εὕεστώ
672 2175 788 2212 rarius
827 2175 975 2223 quidem

328 2232 558 2281 vocabulum,
616 2232 685 2269 sed
735 2231 977 2280 grammaticis

329 2290 519 2338 aliquoties
548 2288 773 2339 explicatum.
813 2287 980 2325 Occurrit

331 2345 432 2396 apud
465 2345 622 2394 Diogen.
650 2344 775 2382 Laert.
802 2343 875 2390 IX,
912 2343 978 2383 45.

332 2401 498 2450 Aeschyl.
525 2402 740 2450 Agamemn.
771 2400 863 2443 649.
886 2401 980 2440 938.

333 2459 437 2509 Sept.
469 2471 498 2494 c.
525 2458 597 2495 Th.
618 2460 721 2505 171,
759 2457 820 2494 ubi
836 2455 983 2493 Scholia

335 2519 521 2564 exponunt
552 2509 807 2565 εὐδαιμονία,
859 2507 982 2562 εὔθη-

336 2570 425 2618 νία,
454 2583 562 2619 quam
584 2571 702 2621 ipsam
723 2569 885 2607 voculam
904 2569 982 2606 He-

335 2627 511 2664 rodoteae
531 2640 678 2676 quoque
702 2627 782 2664 voci
799 2625 981 2675 explican-

337 2684 408 2720 dae
428 2682 513 2719 olim
533 2683 569 2719 in
584 2683 748 2732 margine
765 2682 985 2732 adscriptam

338 2739 503 2788 maleque
524 2739 608 2776 dein
622 2740 661 2775 in
678 2740 797 2789 ipsum
814 2738 986 2775 librorum

337 2799 474 2833 textum
531 2795 721 2845 irrepsisse
772 2795 985 2832 invenimus.

340 2851 439 2889 Nam
470 2852 507 2888 in
539 2850 621 2888 Aldi
662 2852 822 2889 editione
854 2851 986 2900 legitur

341 2908 399 2946 hic
417 2903 588 2962 εὕθηνίςι
607 2908 776 2958 idemque
796 2909 833 2945 in
853 2906 987 2945 Parisi-

306 837 385 862 sum
411 824 469 860 sit.

1026 824 1083 859 nis
1133 821 1315 859 nonnulhs
1352 822 1535 860 codicibus
1575 826 1614 861 et
1639 822 1678 860 in

1027 879 1190 927 margine
1216 878 1575 926 Schellershemiani,
1615 880 1678 928 qui

1027 939 1150 972 tamen
1166 935 1204 971 in
1221 935 1304 985 ipso
1320 938 1421 971 textu
1431 935 1539 971 offert
1556 947 1680 972 veram

1030 991 1219 1028 lectionem
1258 987 1432 1038 εὐεστοῖ,
1470 991 1571 1039 quod
1615 991 1681 1028 de-

1031 1048 1173 1084 scendit
1201 1047 1247 1083 ab
1278 1041 1421 1085 εὕεστώ
1452 1049 1679 1096 prosperitas.

1032 1103 1094 1142 Tu
1114 1104 1184 1141 vid.
1215 1102 1418 1140 Blomfield.
1451 1103 1490 1140 in
1517 1103 1680 1140 Glossar.

1033 1161 1080 1197 ad
1109 1160 1239 1197 Aesch.
1271 1160 1309 1196 S.
1333 1173 1362 1197 c.
1387 1159 1460 1197 Th.
1490 1162 1590 1208 171,
1621 1159 1683 1209 qui

1032 1230 1100 1254 nec
1132 1221 1296 1253 nostrum
1332 1217 1520 1265 praeteriit
1553 1216 1684 1264 locum,

1033 1287 1101 1311 nec
1124 1273 1212 1309 alios
1243 1272 1478 1310 Herodoteos
1498 1272 1570 1319 VI,
1603 1274 1684 1313 128

1033 1334 1070 1367 et
1104 1329 1158 1377 X,
1180 1329 1256 1376 85,
1292 1329 1355 1366 ubi
1369 1329 1572 1367 invenimus
1589 1329 1684 1367 eius-

1034 1387 1116 1422 dem
1156 1386 1280 1436 stirpis
1325 1385 1472 1422 nomina
1512 1381 1686 1424 6vv56vt13

1034 1442 1198 1491 (epulae)
1234 1446 1271 1480 et
1298 1436 1452 1480 ἄπεστῶ
1483 1441 1684 1490 (exilium).

1039 1498 1068 1536 C
1079 1511 1105 1535 r.
1139 1498 1242 1535 addit
1257 1498 1407 1535 Kuster.
1435 1498 1483 1535 ad
1502 1499 1686 1535 Iamblich.

1036 1567 1122 1606 pag.
1147 1556 1236 1595 138.
1294 1554 1448 1601 Restat,
1472 1560 1511 1591 ut
1530 1554 1686 1592 Valcke-

1037 1613 1210 1649 narianae
1246 1610 1512 1647 emendationis
1534 1611 1690 1648 mentio-

1037 1680 1121 1704 nem
1155 1667 1340 1704 faciamus.
1400 1667 1493 1703 Cum
1528 1668 1624 1706 enim
1651 1667 1690 1704 in

1037 1723 1207 1761 Mediceo
1237 1723 1294 1760 hic
1324 1723 1528 1761 inveniatur
1551 1720 1692 1771 εὕετοῖ,

1038 1780 1290 1818 Herodoteum
1329 1792 1412 1817 esse
1441 1781 1693 1831 suspicabatur

1039 1837 1093 1874 vir
1111 1836 1341 1873 doctissimus
1371 1830 1424 1876 εὖ
1439 1833 1550 1877 ετύϊ
1578 1850 1601 1874 a
1624 1849 1692 1874 no-

1040 1894 1139 1931 mine
1178 1887 1330 1939 εὕετῦς,
1368 1894 1506 1940 forma,
1545 1898 1586 1930 ut
1613 1894 1693 1944 ipse

1042 1950 1252 1996 confitetur,
1296 1948 1445 1986 multum
1481 1951 1607 1999 utique
1634 1962 1694 1986 ra-

1044 2008 1137 2043 riore
1155 2018 1263 2055 quam
1286 2001 1443 2044 εὕεστώ.
1499 2006 1549 2043 Et
1563 2006 1633 2043 alia
1655 2006 1694 2042 in

1043 2063 1203 2100 medium
1220 2061 1371 2112 protulit
1391 2063 1557 2113 exempla
1575 2062 1694 2099 nomi-

1043 2133 1130 2156 num
1148 2120 1186 2155 in
1207 2114 1257 2164 ’ύς
1274 2120 1479 2156 exeuntium
1491 2148 1501 2166 ,
1520 2120 1696 2156 rariorum

1043 2176 1171 2224 utique
1190 2188 1232 2212 ac
1250 2175 1370 2225 poetis
1390 2176 1508 2224 magis
1526 2177 1697 2224 frequen-

1043 2237 1211 2269 tatorum.
1284 2231 1500 2269 Herodotea
1531 2231 1698 2281 exempla

1046 2287 1164 2324 attulit
1188 2288 1266 2335 lx,
1292 2290 1358 2329 96.
1389 2288 1436 2335 V,
1467 2291 1505 2330 6.
1544 2288 1609 2336 IV,
1629 2289 1696 2328 75.

1046 2343 1117 2380 Est
1137 2344 1284 2392 quidem
1303 2344 1394 2381 haec
1413 2345 1600 2382 annotatio
1632 2345 1698 2381 bo-

1049 2412 1119 2437 nae
1150 2401 1264 2448 frugis
1296 2400 1506 2449 plenissima
1530 2401 1599 2448 iis,
1636 2400 1699 2449 qui

1048 2455 1210 2503 singulas
1246 2457 1430 2493 nominum
1474 2457 1699 2495 Graecorum

1048 2513 1184 2549 formas
1223 2525 1441 2561 pernoscere
1478 2512 1612 2560 velint,
1652 2513 1701 2549 ad

1050 2568 1302 2606 Herodoteam
1311 2581 1397 2605 vero
1416 2568 1607 2606 lectionem
1622 2568 1701 2605 vul-

1050 2630 1172 2673 gatam
1182 2623 1443 2662 sollicitandam
1454 2630 1517 2662 aut
1534 2624 1614 2662 loco
1622 2637 1701 2663 mo-

1052 2681 1207 2719 vendam
1230 2680 1316 2717 nihil
1332 2680 1452 2719 valere
1471 2682 1617 2732 poterit.

1107 2734 1150 2775 τὸ
1162 2738 1244 2776 πᾶν
1257 2735 1297 2783 ἐς
1318 2731 1438 2777 αὐτὸν
1456 2733 1701 2789 ἐπεποιήκεε]

1051 2792 1207 2831 Locutio
1227 2795 1328 2832 πᾶν
1356 2807 1384 2830 S.
1407 2790 1574 2833 πάντα
1597 2809 1703 2833 ποι-

1054 2853 1152 2898 εῖν,
1182 2849 1318 2887 omisso
1335 2850 1548 2900 plerumque
1573 2851 1703 2888 articu-

1053 2905 1111 2954 lo,
1167 2920 1186 2944 e
1221 2907 1521 2957 frequentissimis
1561 2907 1705 2959 ipsique
1767 2922 1768 2930 ¹
