1832 3315
406 244 489 286 144

797 243 1267 284 HERODOTI

403 354 474 399 καὶ
502 357 592 398 τῶν
619 355 698 410 μὲν
735 357 1029 408 προεστεῶτος
1068 353 1321 409 Μεγακλέος
1351 354 1431 395 τοῦ
1465 349 1662 407 Ἀλκμαί-

406 450 540 487 ωνος,
591 437 679 478 τῶν
714 433 760 477 δὲ
799 433 846 477 ἐκ
884 437 964 476 τοῦ
1001 435 1155 476 πεδίου
1184 432 1447 489 Λυκούργου
1472 429 1717 486 Ἀριστο-95

406 514 588 566 λα’ίδεω,
627 511 967 568 καταφρονήσας
996 512 1076 570 τήν
1107 513 1369 567 τυραννίδα,
1405 509 1546 567 ἤγειρε
1573 511 1661 567 τρί-

350 698 413 735 tio.
471 697 584 735 Unde
606 695 801 734 admodum
830 696 999 734 credibile

351 755 414 801 fit,
444 767 508 791 eos
538 755 639 804 ipsos
667 753 779 789 fuisse
801 751 1000 802 locupletes

351 810 511 858 indeque
537 808 679 845 nobiles
718 808 812 844 inter
860 808 1002 845 Atticae

350 865 508 912 incolas,
557 865 825 914 optimatesque
862 862 1004 900 Atticae

350 921 429 958 iure
456 920 525 957 dici
543 933 663 970 posse.
723 918 866 961 Quibus
886 932 1004 968 oppo-

351 976 410 1013 siti
434 977 600 1012 dicuntur
616 975 760 1012 Diacm·
787 988 839 1021 s.,
862 979 902 1011 ut
926 975 1004 1012 He-

352 1033 502 1068 rodotus
516 1032 666 1069 eosdem
676 1030 845 1082 appellat,
857 1029 1004 1082 ιῖπερα-

351 1088 512 1140 κρίους,
542 1101 634 1137 quos
662 1087 837 1125 montium
865 1087 1002 1124 incolas

351 1145 466 1182 fuisse
486 1145 605 1194 ipsum
633 1157 768 1181 nomen
798 1144 886 1180 satis
906 1144 1002 1180 indi-

352 1205 420 1238 cat.
476 1200 628 1238 Accedit
654 1200 852 1249 Dionysius
883 1200 1000 1238 Halic.

351 1256 501 1306 Antiqq.
527 1257 671 1294 Romm.
704 1256 743 1304 I,
786 1258 856 1297 13:
897 1252 1001 1309 „029-

351 1310 488 1364 χαϊκὸν
516 1309 560 1352 τὸ
579 1315 816 1365 φιλοχωρεῖν
840 1309 996 1365 ὄρεσιν·

354 1385 410 1417 ως
440 1367 811 1436 ὑπερακρίους
851 1384 1001 1417 τινας

350 1421 556 1481 Ἀθήνῃσι.
559 1427 584 1446 “
615 1426 738 1469 Quare
758 1425 926 1463 Palmerii
943 1439 1003 1463 ra-

352 1483 471 1520 tiones
499 1482 657 1533 probare
672 1495 828 1546 nequeo,
856 1496 1003 1534 υπερα-

352 1539 489 1591 κρίους
526 1551 662 1576 nomen
701 1539 886 1589 accepisse
926 1543 1002 1575 sta-

352 1596 508 1643 tuentis,
555 1607 629 1631 non
670 1607 692 1631 a
724 1595 926 1642 montibus,
963 1595 1002 1632 in

353 1652 483 1702 quibus
506 1650 768 1698 habitaverint,
807 1664 916 1700 quam
954 1651 999 1688 ab

353 1721 419 1755 εο,
449 1707 548 1756 quod
567 1704 667 1758 ’ὑπὲρ
689 1704 818 1757 ἔῖκραν
845 1708 868 1744 i.
885 1720 916 1745 e.
937 1720 1000 1744 su-

352 1776 421 1815 pra
445 1764 593 1800 Sunium
615 1764 913 1813 promontorium,
943 1776 1002 1800 se-

353 1821 420 1857 des
438 1820 640 1857 habuerint.
669 1819 752 1857 Vid.
771 1819 939 1858 Exercitt.
963 1819 1000 1856 in

352 1880 438 1913 vett.
462 1880 569 1913 auctt.
596 1888 683 1926 pag.
702 1878 726 1916 3
749 1889 852 1926 seqq.
882 1876 999 1913 Sedes

351 1945 439 1970 vero
487 1932 711 1970 Diacriorum
751 1945 773 1969 a
809 1933 999 1969 Braurone

352 2001 469 2037 usque
504 1988 553 2024 ad
602 1988 802 2026 Parnesum
837 1992 999 2025 montem

352 2044 570 2096 pertinuisse
587 2048 712 2081 monet
735 2045 939 2093 Hesychius
968 2057 999 2082 s.

353 2113 411 2146 v.;
440 2112 534 2149 quae
563 2100 644 2150 ipsa
673 2104 730 2137 est
762 2104 881 2138 terrae
903 2098 1000 2137 Atti-

353 2169 417 2193 cae
443 2168 529 2206 pars
557 2156 684 2205 utique
708 2157 891 2193 montibus
921 2169 999 2193 ma-

353 2212 410 2261 gis
441 2212 581 2260 obsita,
619 2224 727 2261 quam
752 2212 884 2248 Strabo
914 2212 1000 2249 dicit

354 2263 525 2319 ὀρεινήν.
582 2268 676 2305 Utut
702 2271 779 2315 est,
808 2266 845 2304 hi
864 2267 999 2305 Diacrii

353 2327 458 2362 erant
515 2336 715 2374 pauperes,
757 2323 874 2372 iisque
921 2325 998 2361 sere

353 2380 593 2427 conveniunt,
623 2381 684 2429 qui
717 2382 840 2431 θῆτες
865 2391 999 2417 vocan-

352 2441 432 2483 tur,
469 2435 649 2473 inferioris
678 2435 727 2472 illi
764 2436 909 2485 quidem
939 2449 998 2472 or-

353 2492 470 2540 dinis,
499 2492 738 2542 divitibusque
765 2505 848 2530 aere
879 2491 997 2529 alieno

353 2548 501 2586 obnoxii
546 2547 759 2598 plerumque
814 2561 856 2585 ac
903 2548 996 2585 servi

351 2605 630 2657 propemodum.
687 2603 798 2641 Unde
825 2615 900 2640 non
928 2603 995 2640 mi-

353 2674 432 2698 rum
459 2660 700 2697 democratiae
735 2659 815 2696 illos
843 2659 996 2706 favisse3

354 2730 445 2767 quos
472 2716 557 2754 inde
594 2730 697 2763 eum,
738 2716 800 2765 qui
833 2715 996 2763 tyranni-

353 2774 439 2810 dem
494 2773 702 2819 affectmet,
770 2772 997 2822 potissimum

353 2828 482 2867 sectari
492 2841 558 2878 par
575 2832 662 2866 erat.
689 2827 787 2865 Nam
802 2841 821 2865 e
833 2827 997 2865 huiusce—

353 2886 453 2924 modi
480 2885 581 2924 liberi
602 2884 728 2937 populi
753 2888 849 2923 statu
874 2888 997 2933 tyran-

1066 697 1187 735 nidem
1207 697 1360 735 existere
1379 694 1509 743 solere,
1537 700 1625 733 nota
1645 708 1716 733 res,

1066 754 1161 791 vide
1180 759 1322 800 tamen,
1353 754 1452 803 quod
1474 754 1521 789 ad
1547 752 1718 788 Pisistra-

1067 814 1144 846 tum
1170 811 1319 856 attinet,
1371 810 1573 845 'sittmanm
1620 807 1716 845 Dar-

1070 865 1163 902 stell.
1214 866 1250 901 d.
1299 866 1442 902 Griech.
1504 865 1717 902 Staatsverf.

1072 933 1159 970 pag.
1203 923 1286 962 530
1326 934 1403 969 seq.
1433 921 1512 958 coll.
1556 934 1592 971 p.
1624 920 1717 961 349.

1071 976 1148 1012 Iam
1176 978 1282 1013 tertio
1308 976 1387 1013 loco
1416 981 1554 1014 restant
1576 976 1719 1023 Paralz‘,

1071 1033 1219 1069 mixtam
1260 1032 1312 1069 rei
1354 1033 1519 1082 publicae
1564 1034 1718 1070 sormam

1069 1089 1339 1138 praeferentes,
1383 1089 1518 1125 neutris
1560 1090 1719 1135 addicti3

1070 1145 1107 1181 id
1128 1145 1229 1193 quod
1258 1156 1301 1181 ex
1333 1144 1428 1181 witae
1452 1157 1587 1193 genere
1616 1144 1720 1192 (nam

1066 1201 1288 1249 navigationi
1317 1204 1353 1237 et
1392 1201 1603 1237 commercio
1639 1200 1720 1237 illos

1047 1231 1212 1295 ‘deditos
1248 1257 1361 1294 fuisse
1387 1256 1444 1294 vel
1481 1257 1568 1294 inde
1604 1260 1719 1308 patet,

1067 1314 1168 1362 quod
1206 1325 1306 1350 oram
1341 1313 1556 1350 maritimam
1597 1314 1719 1361 regio-

1069 1383 1208 1418 nesque
1252 1369 1341 1406 mari
1385 1370 1566 1419 proximas
1613 1374 1718 1407 tene-

1068 1426 1185 1472 bant)
1221 1426 1355 1476 optime
1394 1425 1563 1476 explicari
1603 1438 1717 1476 posse

1068 1495 1174 1519 nemo
1197 1494 1271 1518 non
1295 1482 1404 1519 videt.
1443 1482 1540 1518 Hinc
1570 1494 1716 1531 quoque

1067 1538 1176 1575 iidem
1197 1538 1374 1575 coniuncti
1400 1538 1436 1574 in
1455 1538 1635 1574 Pisistrati
1656 1551 1714 1576 re-

1068 1594 1135 1631 bus
1155 1594 1379 1644 reperiuntur
1405 1594 1565 1631 eiusdem
1588 1595 1716 1631 adver-

1068 1650 1154 1687 sarii
1171 1663 1250 1687 cum
1268 1649 1459 1696 Pediaeis3
1487 1651 1625 1700 quippe
1657 1663 1716 1687 re-

1068 1706 1136 1743 bus
1172 1707 1247 1742 suis
1285 1706 1487 1756 opibusque
1531 1707 1624 1744 adeo
1659 1710 1715 1743 at-

1068 1775 1140 1812 que
1161 1763 1291 1799 divitiis
1323 1763 1490 1800 timentes
1515 1775 1537 1799 a
1559 1762 1714 1800 Diacriis

1069 1832 1098 1855 s.
1131 1818 1237 1869 plebe
1261 1832 1423 1870 paupere
1453 1823 1564 1868 atque
1590 1821 1713 1868 inope.

1070 1875 1191 1918 Quam
1219 1876 1257 1911 in
1287 1888 1363 1912 rem
1384 1875 1452 1913 Cr.
1482 1875 1619 1912 consuli
1638 1874 1715 1912 vult

1068 1932 1286 1968 Schomann.
1337 1931 1384 1969 de
1432 1931 1562 1969 Comit.
1597 1930 1712 1969 Athe-

1066 1988 1201 2025 nienss.
1221 2001 1256 2038 p.
1277 1986 1358 2029 343
1380 2001 1457 2037 seq.
1477 1991 1514 2025 et
1533 1986 1713 2024 Platner.:

1065 2043 1250 2092 Beytriige
1288 2058 1320 2081 z.
1360 2044 1563 2082 Kenntniss
1594 2044 1629 2080 d.
1658 2047 1714 2080 at-

1065 2100 1168 2137 tisch.
1196 2100 1344 2138 Rechts,
1365 2114 1401 2165 p.
1425 2102 1451 2141 3
1477 2113 1533 2149 sq.
1554 2099 1608 2141 53
1629 2112 1710 2149 sqq.

1121 2151 1608 2208 καταφρόνησας
1637 2153 1712 2206 τὴν

1064 2211 1296 2264 τυραννίδα]
1318 2216 1597 2265 καταφρονεῖν,
1610 2213 1710 2261 quod

1064 2268 1172 2317 xulgo
1198 2274 1254 2307 est
1280 2273 1508 2317 contemmere,
1537 2269 1711 2318 quodque

1065 2324 1158 2360 binis
1187 2325 1265 2361 aliis
1293 2325 1421 2362 Nostri
1450 2325 1635 2376 scriptoris
1656 2324 1712 2361 lo-

1066 2381 1115 2416 cis
1147 2380 1208 2428 (I,
1236 2384 1301 2423 66.
1320 2382 1418 2429 VIII,
1449 2382 1520 2430 10)
1545 2380 1711 2431 putandi,

1064 2437 1292 2474 existimandi
1341 2438 1525 2474 notionem
1587 2436 1710 2484 habet,

1064 2493 1227 2540 quamvis
1255 2505 1330 2529 non
1357 2493 1436 2529 sine
1467 2492 1593 2529 addita
1618 2504 1708 2540 qua-

1063 2549 1148 2584 dam
1168 2548 1399 2597 arrogantiae
1426 2548 1485 2585 vel
1505 2551 1706 2585 contemtus

1061 2604 1346 2652 significatione,
1400 2604 1470 2640 hoc
1499 2603 1580 2640 loco
1614 2603 1707 2653 affe-

1063 2660 1187 2697 ctamh·
1216 2673 1257 2698 ac
1277 2660 1470 2697 meditandi
1489 2661 1638 2698 notione
1649 2673 1710 2698 ac-

1063 2716 1133 2766 cipi
1166 2729 1278 2766 posse
1315 2716 1546 2754 contendunt.
1596 2716 1707 2760 Quod

1063 2785 1143 2809 cum
1195 2772 1288 2809 male
1327 2773 1476 2810 haberet
1502 2771 1706 2809 Valckena-

1062 2828 1173 2876 rium,
1203 2829 1353 2866 coniecit
1387 2832 1474 2879 (pro
1498 2842 1705 2880 καταφρο-

1063 2879 1236 2936 νησας).“
1283 2883 1349 2925 καὶ
1382 2882 1589 2938 φρονήσας
1620 2897 1642 2922 l.
1669 2897 1702 2922 e
