<?xml version="1.0" encoding="UTF-8"?>
<!DOCTYPE html PUBLIC "-//W3C//DTD XHTML 1.0 Transitional//EN"
    "http://www.w3.org/TR/xhtml1/DTD/xhtml1-transitional.dtd">
<html xmlns="http://www.w3.org/1999/xhtml" xml:lang="en" lang="en">
 <head>
  <title>
</title>
<meta http-equiv="Content-Type" content="text/html;charset=utf-8" />
  <meta name='ocr-system' content='tesseract 3.04.00' />
  <meta name='ocr-capabilities' content='ocr_page ocr_carea ocr_par ocr_line ocrx_word'/>
</head>
<body>
  <div class='ocr_page' id='page_1' title='image "./musaeher01hero/musaeher01hero_0089.png"; bbox 0 0 1805 3315; ppageno 0'>
   <div class='ocr_carea' id='block_1_1' title="bbox 0 2663 3 3196">
    <p class='ocr_par' dir='ltr' id='par_1_1' title="bbox 0 2663 3 3196">
     <span class='ocr_line' id='line_1_1' title="bbox 0 2663 3 3196; baseline 0 0"><span class='ocrx_word' id='word_1_1' title='bbox 0 2663 3 3196; x_wconf 95' lang='lat' dir='ltr'> </span> 
     </span>
    </p>
   </div>
   <div class='ocr_carea' id='block_1_2' title="bbox 643 243 1443 288">
    <p class='ocr_par' dir='ltr' id='par_1_2' title="bbox 643 243 1443 288">
     <span class='ocr_line' id='line_1_2' title="bbox 643 243 1443 288; baseline 0.01 -8"><span class='ocrx_word' id='word_1_2' title='bbox 643 243 949 282; x_wconf 87' lang='lat' dir='ltr'>CLIO.I.</span> <span class='ocrx_word' id='word_1_3' title='bbox 1387 249 1443 288; x_wconf 73' lang='lat'>75</span> 
     </span>
    </p>
   </div>
   <div class='ocr_carea' id='block_1_3' title="bbox 163 348 1444 414">
    <p class='ocr_par' dir='ltr' id='par_1_3' title="bbox 163 348 1444 414">
     <span class='ocr_line' id='line_1_3' title="bbox 163 348 1444 414; baseline -0.008 -11"><span class='ocrx_word' id='word_1_4' title='bbox 163 359 377 414; x_wconf 80' lang='grc' dir='ltr'><strong><em>,,ἐπῆλθε,</em></strong></span> <span class='ocrx_word' id='word_1_5' title='bbox 408 355 448 397; x_wconf 76' lang='grc' dir='ltr'>εἴ</span> <span class='ocrx_word' id='word_1_6' title='bbox 471 369 569 396; x_wconf 85' lang='grc' dir='ltr'><em>τινα</em></span> <span class='ocrx_word' id='word_1_7' title='bbox 599 350 683 408; x_wconf 79' lang='grc' dir='ltr'>ἤδη</span> <span class='ocrx_word' id='word_1_8' title='bbox 714 349 892 396; x_wconf 78' lang='grc' dir='ltr'><em>πάντων</em></span> <span class='ocrx_word' id='word_1_9' title='bbox 921 349 1029 403; x_wconf 76' lang='grc' dir='ltr'><strong><em>εἶδες</em></strong></span> <span class='ocrx_word' id='word_1_10' title='bbox 1051 348 1370 408; x_wconf 68' lang='grc' dir='ltr'>ὀλβιώτατονςα</span> <span class='ocrx_word' id='word_1_11' title='bbox 1394 353 1444 397; x_wconf 87' lang='grc' dir='ltr'>Ὁ</span> 
     </span>
    </p>
   </div>
   <div class='ocr_carea' id='block_1_4' title="bbox 164 428 1489 493">
    <p class='ocr_par' dir='ltr' id='par_1_4' title="bbox 164 428 1489 493">
     <span class='ocr_line' id='line_1_4' title="bbox 164 428 1489 493; baseline -0.003 -13"><span class='ocrx_word' id='word_1_12' title='bbox 164 438 263 493; x_wconf 82' lang='grc' dir='ltr'><strong>μὲν,</strong></span> <span class='ocrx_word' id='word_1_13' title='bbox 312 433 492 485; x_wconf 77' lang='grc' dir='ltr'><strong><em>ἐλπίζων</em></strong></span> <span class='ocrx_word' id='word_1_14' title='bbox 529 430 642 475; x_wconf 81' lang='grc' dir='ltr'><em>εἶναι</em></span> <span class='ocrx_word' id='word_1_15' title='bbox 681 428 934 485; x_wconf 71' lang='grc' dir='ltr'>ἀνθρώπων</span> <span class='ocrx_word' id='word_1_16' title='bbox 970 428 1256 487; x_wconf 76' lang='grc' dir='ltr'><em>ὀλβιώτατος,</em></span> <span class='ocrx_word' id='word_1_17' title='bbox 1305 436 1489 485; x_wconf 57' lang='lat' dir='ltr'>raficam</span> 
     </span>
    </p>
   </div>
   <div class='ocr_carea' id='block_1_5' title="bbox 140 507 1443 570">
    <p class='ocr_par' dir='ltr' id='par_1_5' title="bbox 140 507 1443 570">
     <span class='ocr_line' id='line_1_5' title="bbox 140 507 1443 570; baseline -0.002 -13"><span class='ocrx_word' id='word_1_18' title='bbox 140 511 377 566; x_wconf 80' lang='grc' dir='ltr'><em>6ἐπειρώτα.</em></span> <span class='ocrx_word' id='word_1_19' title='bbox 408 509 568 554; x_wconf 86' lang='grc' dir='ltr'><strong><em>Σόλων</em></strong></span> <span class='ocrx_word' id='word_1_20' title='bbox 593 509 660 561; x_wconf 80' lang='grc' dir='ltr'>δὲ,</span> <span class='ocrx_word' id='word_1_21' title='bbox 692 507 824 554; x_wconf 79' lang='grc' dir='ltr'><strong>οὐδὲν</strong></span> <span class='ocrx_word' id='word_1_22' title='bbox 854 509 1200 564; x_wconf 75' lang='grc' dir='ltr'><em>ὑποθωπεύσας,</em></span> <span class='ocrx_word' id='word_1_23' title='bbox 1240 509 1350 555; x_wconf 77' lang='grc' dir='ltr'><strong><em>ἀλλὰ</em></strong></span> <span class='ocrx_word' id='word_1_24' title='bbox 1383 517 1443 570; x_wconf 80' lang='grc' dir='ltr'>τῷ</span> 
     </span>
    </p>
   </div>
   <div class='ocr_carea' id='block_1_6' title="bbox 139 584 1441 648">
    <p class='ocr_par' dir='ltr' id='par_1_6' title="bbox 139 584 1441 648">
     <span class='ocr_line' id='line_1_6' title="bbox 139 584 1441 648; baseline -0.001 -12"><span class='ocrx_word' id='word_1_25' title='bbox 139 593 272 636; x_wconf 83' lang='grc' dir='ltr'><em>7ἐόντι</em></span> <span class='ocrx_word' id='word_1_26' title='bbox 297 588 588 646; x_wconf 80' lang='grc' dir='ltr'><em>χρησάμενος,</em></span> <span class='ocrx_word' id='word_1_27' title='bbox 620 589 754 646; x_wconf 78' lang='grc' dir='ltr'>λέγει·</span> <span class='ocrx_word' id='word_1_28' title='bbox 795 584 869 641; x_wconf 59' lang='grc' dir='ltr'>»Ὦ</span> <span class='ocrx_word' id='word_1_29' title='bbox 896 592 1096 645; x_wconf 83' lang='grc' dir='ltr'>βασιλεῦ,</span> <span class='ocrx_word' id='word_1_30' title='bbox 1130 589 1291 634; x_wconf 84' lang='grc' dir='ltr'><strong><em>Τέλλον</em></strong></span> <span class='ocrx_word' id='word_1_31' title='bbox 1313 589 1441 648; x_wconf 81' lang='grc' dir='ltr'><em>Ἀθη-</em></span> 
     </span>
    </p>
   </div>
   <div class='ocr_carea' id='block_1_7' title="bbox 161 675 343 723">
    <p class='ocr_par' dir='ltr' id='par_1_7' title="bbox 161 675 343 723">
     <span class='ocr_line' id='line_1_7' title="bbox 161 675 343 723; baseline 0 -10"><span class='ocrx_word' id='word_1_32' title='bbox 161 705 184 723; x_wconf 88' lang='grc'>,,</span> <span class='ocrx_word' id='word_1_33' title='bbox 196 675 321 713; x_wconf 81' lang='grc' dir='ltr'><em>ναῖον</em></span> <span class='ocrx_word' id='word_1_34' title='bbox 335 683 343 691; x_wconf 91' lang='grc'><em>·</em></span> 
     </span>
    </p>
   </div>
   <div class='ocr_carea' id='block_1_8' title="bbox 355 667 1443 726">
    <p class='ocr_par' dir='ltr' id='par_1_8' title="bbox 355 667 1443 726">
     <span class='ocr_line' id='line_1_8' title="bbox 355 667 1443 726; baseline 0.003 -15"><span class='ocrx_word' id='word_1_35' title='bbox 355 675 378 692; x_wconf 82' lang='lat'>“</span> <span class='ocrx_word' id='word_1_36' title='bbox 401 667 747 724; x_wconf 77' lang='grc' dir='ltr'><em>Ἀποθωυμάσας</em></span> <span class='ocrx_word' id='word_1_37' title='bbox 770 669 816 712; x_wconf 83' lang='grc' dir='ltr'>δὲ</span> <span class='ocrx_word' id='word_1_38' title='bbox 835 671 1030 724; x_wconf 82' lang='grc' dir='ltr'><em>Κροῖσος</em></span> <span class='ocrx_word' id='word_1_39' title='bbox 1047 668 1097 712; x_wconf 77' lang='grc' dir='ltr'>τό</span> <span class='ocrx_word' id='word_1_40' title='bbox 1116 669 1278 725; x_wconf 77' lang='grc' dir='ltr'><strong><em>λεχθὲν,</em></strong></span> <span class='ocrx_word' id='word_1_41' title='bbox 1308 672 1443 726; x_wconf 78' lang='grc' dir='ltr'><em>εἴρετο</em></span> 
     </span>
    </p>
   </div>
   <div class='ocr_carea' id='block_1_9' title="bbox 159 746 1442 807">
    <p class='ocr_par' dir='ltr' id='par_1_9' title="bbox 159 746 1442 807">
     <span class='ocr_line' id='line_1_9' title="bbox 159 746 1442 807; baseline 0.002 -15"><span class='ocrx_word' id='word_1_42' title='bbox 159 748 465 805; x_wconf 76' lang='grc' dir='ltr'><em>ἐπιστρεφέως·</em></span> <span class='ocrx_word' id='word_1_43' title='bbox 506 749 658 806; x_wconf 81' lang='grc' dir='ltr'>,,Κοι’ῃ</span> <span class='ocrx_word' id='word_1_44' title='bbox 687 746 740 805; x_wconf 79' lang='grc' dir='ltr'>δὴ</span> <span class='ocrx_word' id='word_1_45' title='bbox 770 749 933 804; x_wconf 83' lang='grc' dir='ltr'><em>κρίνεις</em></span> <span class='ocrx_word' id='word_1_46' title='bbox 965 749 1127 793; x_wconf 83' lang='grc' dir='ltr'><strong><em>Τέλλον</em></strong></span> <span class='ocrx_word' id='word_1_47' title='bbox 1149 746 1261 793; x_wconf 81' lang='grc' dir='ltr'><em>εἶναι</em></span> <span class='ocrx_word' id='word_1_48' title='bbox 1288 748 1442 807; x_wconf 74' lang='grc' dir='ltr'><strong><em>ὀλβιώ-</em></strong></span> 
     </span>
    </p>
   </div>
   <div class='ocr_carea' id='block_1_10' title="bbox 135 833 374 882">
    <p class='ocr_par' dir='ltr' id='par_1_10' title="bbox 135 833 374 882">
     <span class='ocr_line' id='line_1_10' title="bbox 135 833 374 882; baseline -0.008 -8"><span class='ocrx_word' id='word_1_49' title='bbox 135 840 182 881; x_wconf 86' lang='grc'>8,,</span> <span class='ocrx_word' id='word_1_50' title='bbox 191 844 323 872; x_wconf 82' lang='grc' dir='ltr'><em>τατον</em></span> <span class='ocrx_word' id='word_1_51' title='bbox 333 833 374 882; x_wconf 74' lang='grc'>;“</span> 
     </span>
    </p>
   </div>
   <div class='ocr_carea' id='block_1_11' title="bbox 112 951 385 957">
    <p class='ocr_par' dir='ltr' id='par_1_11' title="bbox 112 951 385 957">
     <span class='ocr_line' id='line_1_11' title="bbox 112 951 385 957; baseline 0 0"><span class='ocrx_word' id='word_1_52' title='bbox 112 951 385 957; x_wconf 95' lang='lat' dir='ltr'> </span> 
     </span>
    </p>
   </div>
   <div class='ocr_carea' id='block_1_12' title="bbox 111 1023 765 1132">
    <p class='ocr_par' dir='ltr' id='par_1_12' title="bbox 111 1023 765 1132">
     <span class='ocr_line' id='line_1_12' title="bbox 111 1023 765 1063; baseline 0.002 -2"><span class='ocrx_word' id='word_1_53' title='bbox 111 1029 166 1062; x_wconf 85' lang='lat' dir='ltr'>ter</span> <span class='ocrx_word' id='word_1_54' title='bbox 186 1024 218 1061; x_wconf 86' lang='lat' dir='ltr'>V</span> <span class='ocrx_word' id='word_1_55' title='bbox 222 1025 361 1062; x_wconf 74' lang='lat' dir='ltr'>alcken</span> <span class='ocrx_word' id='word_1_56' title='bbox 391 1025 413 1062; x_wconf 89' lang='lat' dir='ltr'>l.</span> <span class='ocrx_word' id='word_1_57' title='bbox 434 1024 457 1063; x_wconf 92' lang='lat' dir='ltr'>l.</span> <span class='ocrx_word' id='word_1_58' title='bbox 483 1024 620 1062; x_wconf 84' lang='lat' dir='ltr'>consul.</span> <span class='ocrx_word' id='word_1_59' title='bbox 633 1023 765 1062; x_wconf 85' lang='lat' dir='ltr'>Matth.</span> 
     </span>
     <span class='ocr_line' id='line_1_13' title="bbox 112 1079 643 1132; baseline -0.004 -11"><span class='ocrx_word' id='word_1_60' title='bbox 112 1079 149 1132; x_wconf 62' lang='grc' dir='ltr'>ἓ.</span> <span class='ocrx_word' id='word_1_61' title='bbox 170 1080 265 1128; x_wconf 78' lang='lat'><strong>402,</strong></span> <span class='ocrx_word' id='word_1_62' title='bbox 286 1082 335 1128; x_wconf 88' lang='grc'>5,</span> <span class='ocrx_word' id='word_1_63' title='bbox 355 1094 435 1132; x_wconf 82' lang='lat' dir='ltr'>ap.</span> <span class='ocrx_word' id='word_1_64' title='bbox 461 1081 544 1122; x_wconf 85' lang='lat'>734</span> <span class='ocrx_word' id='word_1_65' title='bbox 564 1095 643 1131; x_wconf 83' lang='lat' dir='ltr'>seq.</span> 
     </span>
    </p>
   </div>
   <div class='ocr_carea' id='block_1_13' title="bbox 112 1132 769 2821">
    <p class='ocr_par' dir='ltr' id='par_1_13' title="bbox 112 1132 765 1750">
     <span class='ocr_line' id='line_1_14' title="bbox 168 1132 764 1189; baseline 0 -14"><span class='ocrx_word' id='word_1_66' title='bbox 168 1139 290 1175; x_wconf 82' lang='grc' dir='ltr'><em>ταῦτα</em></span> <span class='ocrx_word' id='word_1_67' title='bbox 311 1132 525 1189; x_wconf 80' lang='grc' dir='ltr'><em>ἐπειρώτα]</em></span> <span class='ocrx_word' id='word_1_68' title='bbox 559 1133 764 1189; x_wconf 80' lang='grc' dir='ltr'><em>ἐπειρωτα,</em></span> 
     </span>
     <span class='ocr_line' id='line_1_15' title="bbox 113 1194 765 1242; baseline 0.002 -13"><span class='ocrx_word' id='word_1_69' title='bbox 113 1194 213 1242; x_wconf 90' lang='lat' dir='ltr'>quod</span> <span class='ocrx_word' id='word_1_70' title='bbox 232 1207 311 1230; x_wconf 84' lang='lat' dir='ltr'>cum</span> <span class='ocrx_word' id='word_1_71' title='bbox 333 1195 499 1242; x_wconf 67' lang='lat' dir='ltr'>Schwgh.</span> <span class='ocrx_word' id='word_1_72' title='bbox 525 1195 689 1231; x_wconf 82' lang='lat' dir='ltr'>etGaisf.</span> <span class='ocrx_word' id='word_1_73' title='bbox 701 1195 765 1230; x_wconf 89' lang='lat' dir='ltr'>de-</span> 
     </span>
     <span class='ocr_line' id='line_1_16' title="bbox 113 1249 765 1297; baseline 0 -12"><span class='ocrx_word' id='word_1_74' title='bbox 113 1250 230 1286; x_wconf 87' lang='lat' dir='ltr'>dimus</span> <span class='ocrx_word' id='word_1_75' title='bbox 243 1279 253 1297; x_wconf 90' lang='lat'><em>‚</em></span> <span class='ocrx_word' id='word_1_76' title='bbox 283 1262 304 1286; x_wconf 89' lang='lat' dir='ltr'>a</span> <span class='ocrx_word' id='word_1_77' title='bbox 323 1250 464 1288; x_wconf 77' lang='lat' dir='ltr'>dialecti</span> <span class='ocrx_word' id='word_1_78' title='bbox 482 1251 622 1288; x_wconf 84' lang='lat' dir='ltr'>ratione</span> <span class='ocrx_word' id='word_1_79' title='bbox 640 1249 765 1287; x_wconf 90' lang='lat' dir='ltr'>melio-</span> 
     </span>
     <span class='ocr_line' id='line_1_17' title="bbox 113 1306 765 1354; baseline 0 -11"><span class='ocrx_word' id='word_1_80' title='bbox 113 1318 268 1354; x_wconf 88' lang='lat' dir='ltr'>rumque</span> <span class='ocrx_word' id='word_1_81' title='bbox 325 1306 495 1343; x_wconf 88' lang='lat' dir='ltr'>librorum</span> <span class='ocrx_word' id='word_1_82' title='bbox 551 1307 765 1344; x_wconf 84' lang='lat' dir='ltr'>auctoritate</span> 
     </span>
     <span class='ocr_line' id='line_1_18' title="bbox 113 1362 763 1410; baseline 0.003 -12"><span class='ocrx_word' id='word_1_83' title='bbox 113 1362 392 1400; x_wconf 83' lang='lat' dir='ltr'>commendatur.</span> <span class='ocrx_word' id='word_1_84' title='bbox 444 1363 552 1400; x_wconf 88' lang='lat' dir='ltr'>Conf.</span> <span class='ocrx_word' id='word_1_85' title='bbox 581 1362 620 1410; x_wconf 82' lang='grc' dir='ltr'>Ι,</span> <span class='ocrx_word' id='word_1_86' title='bbox 641 1364 694 1403; x_wconf 83' lang='lat'>31</span> <span class='ocrx_word' id='word_1_87' title='bbox 717 1363 763 1400; x_wconf 90' lang='lat' dir='ltr'>in.</span> 
     </span>
     <span class='ocr_line' id='line_1_19' title="bbox 113 1415 765 1469; baseline 0.002 -13"><span class='ocrx_word' id='word_1_88' title='bbox 113 1418 156 1456; x_wconf 88' lang='lat' dir='ltr'>In</span> <span class='ocrx_word' id='word_1_89' title='bbox 177 1419 340 1469; x_wconf 85' lang='lat' dir='ltr'>proxime</span> <span class='ocrx_word' id='word_1_90' title='bbox 368 1431 448 1468; x_wconf 86' lang='lat' dir='ltr'>seq.</span> <span class='ocrx_word' id='word_1_91' title='bbox 477 1415 765 1459; x_wconf 75' lang='grc' dir='ltr'><em>’ὑποθωπεύειν</em></span> 
     </span>
     <span class='ocr_line' id='line_1_20' title="bbox 113 1474 763 1524; baseline 0 -12"><span class='ocrx_word' id='word_1_92' title='bbox 113 1478 170 1512; x_wconf 82' lang='lat' dir='ltr'>est</span> <span class='ocrx_word' id='word_1_93' title='bbox 201 1474 333 1513; x_wconf 84' lang='lat' dir='ltr'>blande</span> <span class='ocrx_word' id='word_1_94' title='bbox 365 1475 530 1524; x_wconf 73' lang='lat' dir='ltr'>adulari,</span> <span class='ocrx_word' id='word_1_95' title='bbox 567 1478 744 1513; x_wconf 78' lang='lat' dir='ltr'>assentari</span> <span class='ocrx_word' id='word_1_96' title='bbox 751 1490 763 1521; x_wconf 89' lang='grc'>,-</span> 
     </span>
     <span class='ocr_line' id='line_1_21' title="bbox 112 1528 764 1582; baseline 0 -13"><span class='ocrx_word' id='word_1_97' title='bbox 112 1532 306 1569; x_wconf 87' lang='lat' dir='ltr'>deductum</span> <span class='ocrx_word' id='word_1_98' title='bbox 346 1545 367 1569; x_wconf 83' lang='lat' dir='ltr'>a</span> <span class='ocrx_word' id='word_1_99' title='bbox 394 1528 494 1582; x_wconf 80' lang='grc' dir='ltr'>θώψ</span> <span class='ocrx_word' id='word_1_100' title='bbox 528 1532 764 1582; x_wconf 73' lang='lat' dir='ltr'>(assentator)</span> 
     </span>
     <span class='ocr_line' id='line_1_22' title="bbox 113 1587 765 1636; baseline 0 -11"><span class='ocrx_word' id='word_1_101' title='bbox 113 1591 151 1625; x_wconf 87' lang='lat' dir='ltr'>et</span> <span class='ocrx_word' id='word_1_102' title='bbox 170 1588 256 1624; x_wconf 83' lang='lat' dir='ltr'>satis</span> <span class='ocrx_word' id='word_1_103' title='bbox 277 1587 490 1626; x_wconf 81' lang='lat' dir='ltr'>illustratum</span> <span class='ocrx_word' id='word_1_104' title='bbox 503 1619 512 1636; x_wconf 88' lang='lat'><em>‚</em></span> <span class='ocrx_word' id='word_1_105' title='bbox 540 1593 580 1626; x_wconf 91' lang='lat' dir='ltr'>ut</span> <span class='ocrx_word' id='word_1_106' title='bbox 602 1589 666 1626; x_wconf 84' lang='lat' dir='ltr'>Cr.</span> <span class='ocrx_word' id='word_1_107' title='bbox 686 1602 765 1626; x_wconf 91' lang='lat' dir='ltr'>mo-</span> 
     </span>
     <span class='ocr_line' id='line_1_23' title="bbox 114 1644 762 1691; baseline 0.003 -11"><span class='ocrx_word' id='word_1_108' title='bbox 114 1644 212 1691; x_wconf 89' lang='lat' dir='ltr'>nuit,</span> <span class='ocrx_word' id='word_1_109' title='bbox 239 1656 262 1681; x_wconf 86' lang='lat' dir='ltr'>a</span> <span class='ocrx_word' id='word_1_110' title='bbox 279 1644 428 1683; x_wconf 87' lang='lat' dir='ltr'>Ruhnk.</span> <span class='ocrx_word' id='word_1_111' title='bbox 451 1646 500 1682; x_wconf 83' lang='lat' dir='ltr'>ad</span> <span class='ocrx_word' id='word_1_112' title='bbox 519 1644 762 1684; x_wconf 82' lang='lat' dir='ltr'>TimaeiLex</span> 
     </span>
     <span class='ocr_line' id='line_1_24' title="bbox 113 1699 433 1750; baseline 0.006 -14"><span class='ocrx_word' id='word_1_113' title='bbox 113 1699 255 1737; x_wconf 88' lang='lat' dir='ltr'>Platon.</span> <span class='ocrx_word' id='word_1_114' title='bbox 281 1714 318 1750; x_wconf 87' lang='lat' dir='ltr'>p.</span> <span class='ocrx_word' id='word_1_115' title='bbox 343 1701 433 1742; x_wconf 84' lang='lat'><strong>145.</strong></span> 
     </span>
    </p>

    <p class='ocr_par' dir='ltr' id='par_1_14' title="bbox 114 1753 766 2090">
     <span class='ocr_line' id='line_1_25' title="bbox 171 1753 764 1809; baseline 0.005 -15"><span class='ocrx_word' id='word_1_116' title='bbox 171 1758 225 1808; x_wconf 80' lang='grc' dir='ltr'>τῷ</span> <span class='ocrx_word' id='word_1_117' title='bbox 246 1754 351 1796; x_wconf 85' lang='grc' dir='ltr'><em>ἐόντι</em></span> <span class='ocrx_word' id='word_1_118' title='bbox 379 1753 647 1809; x_wconf 72' lang='grc' dir='ltr'><em>χρησάμενος]</em></span> <span class='ocrx_word' id='word_1_119' title='bbox 679 1758 704 1796; x_wconf 87' lang='lat' dir='ltr'>i.</span> <span class='ocrx_word' id='word_1_120' title='bbox 732 1771 764 1795; x_wconf 85' lang='lat' dir='ltr'>e.</span> 
     </span>
     <span class='ocr_line' id='line_1_26' title="bbox 115 1814 766 1864; baseline 0.005 -15"><span class='ocrx_word' id='word_1_121' title='bbox 115 1826 198 1850; x_wconf 81' lang='lat' dir='ltr'><strong><em>usus</em></strong></span> <span class='ocrx_word' id='word_1_122' title='bbox 226 1826 285 1862; x_wconf 77' lang='lat' dir='ltr'>eo,</span> <span class='ocrx_word' id='word_1_123' title='bbox 324 1814 413 1864; x_wconf 76' lang='lat' dir='ltr'>quod</span> <span class='ocrx_word' id='word_1_124' title='bbox 440 1827 559 1864; x_wconf 79' lang='lat' dir='ltr'><em>reapse</em></span> <span class='ocrx_word' id='word_1_125' title='bbox 589 1829 617 1852; x_wconf 81' lang='lat' dir='ltr'>s,</span> <span class='ocrx_word' id='word_1_126' title='bbox 646 1827 766 1852; x_wconf 77' lang='lat' dir='ltr'>verum</span> 
     </span>
     <span class='ocr_line' id='line_1_27' title="bbox 114 1871 764 1921; baseline 0.002 -14"><span class='ocrx_word' id='word_1_127' title='bbox 114 1873 190 1907; x_wconf 79' lang='lat' dir='ltr'>erat</span> <span class='ocrx_word' id='word_1_128' title='bbox 214 1884 240 1906; x_wconf 77' lang='lat' dir='ltr'>s,</span> <span class='ocrx_word' id='word_1_129' title='bbox 265 1883 383 1907; x_wconf 80' lang='lat' dir='ltr'>verum</span> <span class='ocrx_word' id='word_1_130' title='bbox 402 1871 625 1921; x_wconf 76' lang='lat' dir='ltr'>respondens,·</span> <span class='ocrx_word' id='word_1_131' title='bbox 664 1871 715 1908; x_wconf 84' lang='lat' dir='ltr'>uti</span> <span class='ocrx_word' id='word_1_132' title='bbox 735 1871 764 1919; x_wconf 89' lang='lat' dir='ltr'>I,</span> 
     </span>
     <span class='ocr_line' id='line_1_28' title="bbox 115 1921 763 1982; baseline -0.002 -15"><span class='ocrx_word' id='word_1_133' title='bbox 115 1926 187 1968; x_wconf 87' lang='lat'>14:</span> <span class='ocrx_word' id='word_1_134' title='bbox 219 1921 367 1977; x_wconf 74' lang='grc' dir='ltr'><strong><em>ἆληθέϊ</em></strong></span> <span class='ocrx_word' id='word_1_135' title='bbox 395 1924 498 1982; x_wconf 80' lang='grc' dir='ltr'><strong><em>λόγῳ</em></strong></span> <span class='ocrx_word' id='word_1_136' title='bbox 529 1924 763 1978; x_wconf 78' lang='grc' dir='ltr'><strong><em>χρεώμενος.</em></strong></span> 
     </span>
     <span class='ocr_line' id='line_1_29' title="bbox 115 1983 763 2032; baseline 0.005 -14"><span class='ocrx_word' id='word_1_137' title='bbox 115 1983 225 2020; x_wconf 85' lang='lat' dir='ltr'>conf.</span> <span class='ocrx_word' id='word_1_138' title='bbox 245 1983 283 2030; x_wconf 91' lang='lat' dir='ltr'>I,</span> <span class='ocrx_word' id='word_1_139' title='bbox 304 1986 394 2024; x_wconf 83' lang='lat'><strong>116.</strong></span> <span class='ocrx_word' id='word_1_140' title='bbox 418 1984 464 2032; x_wconf 89' lang='lat' dir='ltr'>V,</span> <span class='ocrx_word' id='word_1_141' title='bbox 486 1987 578 2025; x_wconf 85' lang='lat'><strong>106.</strong></span> <span class='ocrx_word' id='word_1_142' title='bbox 607 1984 763 2021; x_wconf 82' lang='lat' dir='ltr'>Pausan.</span> 
     </span>
     <span class='ocr_line' id='line_1_30' title="bbox 114 2038 604 2090; baseline 0.004 -14"><span class='ocrx_word' id='word_1_143' title='bbox 114 2038 153 2087; x_wconf 92' lang='lat' dir='ltr'>I,</span> <span class='ocrx_word' id='word_1_144' title='bbox 177 2040 230 2079; x_wconf 84' lang='lat'>35</span> <span class='ocrx_word' id='word_1_145' title='bbox 260 2038 338 2090; x_wconf 77' lang='lat'>§.6</span> <span class='ocrx_word' id='word_1_146' title='bbox 363 2040 448 2090; x_wconf 84' lang='lat' dir='ltr'>ibiq.</span> <span class='ocrx_word' id='word_1_147' title='bbox 469 2040 604 2079; x_wconf 89' lang='lat' dir='ltr'>Siebel.</span> 
     </span>
    </p>

    <p class='ocr_par' dir='ltr' id='par_1_15' title="bbox 116 2094 769 2821">
     <span class='ocr_line' id='line_1_31' title="bbox 172 2094 764 2150; baseline 0.007 -17"><span class='ocrx_word' id='word_1_148' title='bbox 172 2094 294 2146; x_wconf 77' lang='grc' dir='ltr'><em>εἴρετο</em></span> <span class='ocrx_word' id='word_1_149' title='bbox 334 2095 620 2150; x_wconf 78' lang='grc' dir='ltr'><em>ἐπιστρεφέως]</em></span> <span class='ocrx_word' id='word_1_150' title='bbox 670 2096 764 2137; x_wconf 82' lang='grc' dir='ltr'><em>ἐπι-</em></span> 
     </span>
     <span class='ocr_line' id='line_1_32' title="bbox 116 2150 764 2204; baseline 0.002 -14"><span class='ocrx_word' id='word_1_151' title='bbox 116 2150 313 2204; x_wconf 81' lang='grc' dir='ltr'><em>στρεφέως</em></span> <span class='ocrx_word' id='word_1_152' title='bbox 328 2157 384 2190; x_wconf 86' lang='lat' dir='ltr'>est</span> <span class='ocrx_word' id='word_1_153' title='bbox 404 2157 590 2202; x_wconf 83' lang='lat' dir='ltr'>accurate,</span> <span class='ocrx_word' id='word_1_154' title='bbox 612 2154 764 2203; x_wconf 67' lang='lat' dir='ltr'>diligen-</span> 
     </span>
     <span class='ocr_line' id='line_1_33' title="bbox 116 2208 762 2258; baseline 0.005 -13"><span class='ocrx_word' id='word_1_155' title='bbox 116 2212 179 2246; x_wconf 77' lang='lat' dir='ltr'>ter.</span> <span class='ocrx_word' id='word_1_156' title='bbox 234 2208 439 2246; x_wconf 83' lang='lat' dir='ltr'>Larcherus</span> <span class='ocrx_word' id='word_1_157' title='bbox 459 2211 566 2248; x_wconf 87' lang='lat' dir='ltr'>vertit</span> <span class='ocrx_word' id='word_1_158' title='bbox 586 2224 696 2258; x_wconf 83' lang='lat' dir='ltr'>„avec</span> <span class='ocrx_word' id='word_1_159' title='bbox 707 2213 762 2248; x_wconf 79' lang='lat' dir='ltr'>vi-</span> 
     </span>
     <span class='ocr_line' id='line_1_34' title="bbox 116 2264 765 2317; baseline 0.003 -16"><span class='ocrx_word' id='word_1_160' title='bbox 116 2264 259 2302; x_wconf 48' lang='lat' dir='ltr'>vacite‘</span> <span class='ocrx_word' id='word_1_161' title='bbox 279 2278 494 2317; x_wconf 86' lang='lat' dir='ltr'>comparans</span> <span class='ocrx_word' id='word_1_162' title='bbox 517 2267 668 2305; x_wconf 81' lang='lat' dir='ltr'>similem</span> <span class='ocrx_word' id='word_1_163' title='bbox 684 2267 765 2304; x_wconf 82' lang='lat' dir='ltr'>No-</span> 
     </span>
     <span class='ocr_line' id='line_1_35' title="bbox 117 2320 767 2375; baseline 0.008 -17"><span class='ocrx_word' id='word_1_164' title='bbox 117 2322 182 2358; x_wconf 86' lang='lat' dir='ltr'><strong>stri</strong></span> <span class='ocrx_word' id='word_1_165' title='bbox 213 2320 329 2359; x_wconf 86' lang='lat' dir='ltr'>locum</span> <span class='ocrx_word' id='word_1_166' title='bbox 368 2322 474 2371; x_wconf 85' lang='lat' dir='ltr'>VIII,</span> <span class='ocrx_word' id='word_1_167' title='bbox 518 2326 591 2366; x_wconf 79' lang='lat'>62:</span> <span class='ocrx_word' id='word_1_168' title='bbox 642 2322 767 2375; x_wconf 79' lang='grc' dir='ltr'><strong><em>λέγων</em></strong></span> 
     </span>
     <span class='ocr_line' id='line_1_36' title="bbox 118 2377 767 2432; baseline 0.003 -16"><span class='ocrx_word' id='word_1_169' title='bbox 118 2379 267 2428; x_wconf 76' lang='grc' dir='ltr'><strong><em>μᾶλλον</em></strong></span> <span class='ocrx_word' id='word_1_170' title='bbox 310 2377 616 2432; x_wconf 80' lang='grc' dir='ltr'><em>ἐπεστραμμένα.</em></span> <span class='ocrx_word' id='word_1_171' title='bbox 674 2381 767 2418; x_wconf 89' lang='lat' dir='ltr'>Inde</span> 
     </span>
     <span class='ocr_line' id='line_1_37' title="bbox 117 2432 767 2487; baseline 0.003 -15"><span class='ocrx_word' id='word_1_172' title='bbox 117 2432 421 2473; x_wconf 54' lang='lat' dir='ltr'>Iabobsxerterat</span> <span class='ocrx_word' id='word_1_173' title='bbox 431 2450 439 2472; x_wconf 91' lang='lat'>:</span> <span class='ocrx_word' id='word_1_174' title='bbox 451 2439 541 2484; x_wconf 81' lang='lat' dir='ltr'>„mit</span> <span class='ocrx_word' id='word_1_175' title='bbox 549 2436 767 2487; x_wconf 71' lang='lat' dir='ltr'>Empltasef‘</span> 
     </span>
     <span class='ocr_line' id='line_1_38' title="bbox 118 2488 768 2544; baseline 0.005 -17"><span class='ocrx_word' id='word_1_176' title='bbox 118 2488 200 2528; x_wconf 88' lang='lat' dir='ltr'>Nec</span> <span class='ocrx_word' id='word_1_177' title='bbox 219 2490 324 2528; x_wconf 83' lang='lat' dir='ltr'>aliam</span> <span class='ocrx_word' id='word_1_178' title='bbox 351 2491 389 2528; x_wconf 84' lang='lat' dir='ltr'>iu</span> <span class='ocrx_word' id='word_1_179' title='bbox 419 2494 636 2530; x_wconf 87' lang='lat' dir='ltr'>sententiam</span> <span class='ocrx_word' id='word_1_180' title='bbox 654 2493 768 2544; x_wconf 84' lang='lat' dir='ltr'>accipi</span> 
     </span>
     <span class='ocr_line' id='line_1_39' title="bbox 119 2546 766 2596; baseline 0.008 -14"><span class='ocrx_word' id='word_1_181' title='bbox 119 2546 194 2583; x_wconf 89' lang='lat' dir='ltr'>vult</span> <span class='ocrx_word' id='word_1_182' title='bbox 217 2547 385 2596; x_wconf 84' lang='lat' dir='ltr'><strong>Schwgh.</strong></span> <span class='ocrx_word' id='word_1_183' title='bbox 415 2549 454 2586; x_wconf 86' lang='lat' dir='ltr'>in</span> <span class='ocrx_word' id='word_1_184' title='bbox 482 2549 575 2588; x_wconf 91' lang='lat' dir='ltr'>Lex.</span> <span class='ocrx_word' id='word_1_185' title='bbox 605 2549 766 2588; x_wconf 88' lang='lat' dir='ltr'>Herod.:</span> 
     </span>
     <span class='ocr_line' id='line_1_40' title="bbox 121 2604 766 2650; baseline 0.009 -12"><span class='ocrx_word' id='word_1_186' title='bbox 121 2604 317 2650; x_wconf 81' lang='lat' dir='ltr'>„concitate</span> <span class='ocrx_word' id='word_1_187' title='bbox 344 2605 370 2642; x_wconf 89' lang='lat' dir='ltr'>i.</span> <span class='ocrx_word' id='word_1_188' title='bbox 390 2618 411 2643; x_wconf 92' lang='lat' dir='ltr'>e</span> <span class='ocrx_word' id='word_1_189' title='bbox 455 2606 631 2643; x_wconf 81' lang='lat' dir='ltr'>concitata</span> <span class='ocrx_word' id='word_1_190' title='bbox 659 2610 697 2644; x_wconf 92' lang='lat' dir='ltr'>et</span> <span class='ocrx_word' id='word_1_191' title='bbox 727 2619 766 2644; x_wconf 87' lang='lat' dir='ltr'>a—</span> 
     </span>
     <span class='ocr_line' id='line_1_41' title="bbox 123 2659 767 2707; baseline 0.009 -14"><span class='ocrx_word' id='word_1_192' title='bbox 123 2659 283 2707; x_wconf 85' lang='lat' dir='ltr'>speriore</span> <span class='ocrx_word' id='word_1_193' title='bbox 302 2673 392 2698; x_wconf 90' lang='lat' dir='ltr'>voce</span> <span class='ocrx_word' id='word_1_194' title='bbox 409 2664 446 2699; x_wconf 90' lang='lat' dir='ltr'>et</span> <span class='ocrx_word' id='word_1_195' title='bbox 467 2663 646 2700; x_wconf 88' lang='lat' dir='ltr'>concitato</span> <span class='ocrx_word' id='word_1_196' title='bbox 659 2663 767 2699; x_wconf 85' lang='lat' dir='ltr'>animi</span> 
     </span>
     <span class='ocr_line' id='line_1_42' title="bbox 124 2712 769 2771; baseline 0.011 -21"><span class='ocrx_word' id='word_1_197' title='bbox 124 2712 271 2762; x_wconf 75' lang='lat' dir='ltr'>affeetu,</span> <span class='ocrx_word' id='word_1_198' title='bbox 300 2717 360 2766; x_wconf 84' lang='lat' dir='ltr'>qui</span> <span class='ocrx_word' id='word_1_199' title='bbox 378 2718 486 2756; x_wconf 85' lang='lat' dir='ltr'>etiam</span> <span class='ocrx_word' id='word_1_200' title='bbox 495 2719 657 2771; x_wconf 86' lang='lat' dir='ltr'>corporis</span> <span class='ocrx_word' id='word_1_201' title='bbox 668 2722 769 2757; x_wconf 87' lang='lat' dir='ltr'>motu</span> 
     </span>
     <span class='ocr_line' id='line_1_43' title="bbox 125 2773 439 2821; baseline 0.025 -18"><span class='ocrx_word' id='word_1_202' title='bbox 125 2780 207 2807; x_wconf 80' lang='lat' dir='ltr'>sese</span> <span class='ocrx_word' id='word_1_203' title='bbox 223 2773 411 2821; x_wconf 84' lang='lat' dir='ltr'>prodebat.</span> <span class='ocrx_word' id='word_1_204' title='bbox 415 2775 439 2794; x_wconf 88' lang='lat'>“</span> 
     </span>
    </p>
   </div>
   <div class='ocr_carea' id='block_1_14' title="bbox 128 2837 775 2949">
    <p class='ocr_par' dir='ltr' id='par_1_16' title="bbox 128 2837 775 2949">
     <span class='ocr_line' id='line_1_44' title="bbox 180 2837 774 2894; baseline 0.02 -20"><span class='ocrx_word' id='word_1_205' title='bbox 180 2850 237 2876; x_wconf 88' lang='grc' dir='ltr'>κο</span> <span class='ocrx_word' id='word_1_206' title='bbox 252 2838 299 2893; x_wconf 80' lang='grc' dir='ltr'>ἰῃ</span> <span class='ocrx_word' id='word_1_207' title='bbox 322 2837 370 2890; x_wconf 83' lang='grc' dir='ltr'>δὴ</span> <span class='ocrx_word' id='word_1_208' title='bbox 394 2841 564 2894; x_wconf 82' lang='grc' dir='ltr'>κρίνεις]</span> <span class='ocrx_word' id='word_1_209' title='bbox 594 2843 774 2891; x_wconf 72' lang='lat' dir='ltr'>i·e-„11uoe</span> 
     </span>
     <span class='ocr_line' id='line_1_45' title="bbox 128 2892 775 2949; baseline 0.014 -21"><span class='ocrx_word' id='word_1_210' title='bbox 128 2892 265 2932; x_wconf 76' lang='lat' dir='ltr'>tandem</span> <span class='ocrx_word' id='word_1_211' title='bbox 283 2898 414 2936; x_wconf 80' lang='lat' dir='ltr'>ratione</span> <span class='ocrx_word' id='word_1_212' title='bbox 433 2899 775 2949; x_wconf 76' lang='lat' dir='ltr'>(duetus)iudicas“</span> 
     </span>
    </p>
   </div>
   <div class='ocr_carea' id='block_1_15' title="bbox 398 825 1487 887">
    <p class='ocr_par' dir='ltr' id='par_1_17' title="bbox 398 825 1487 887">
     <span class='ocr_line' id='line_1_46' title="bbox 398 825 1487 887; baseline 0.003 -15"><span class='ocrx_word' id='word_1_213' title='bbox 398 825 448 872; x_wconf 64' lang='grc' dir='ltr'>Ὀ</span> <span class='ocrx_word' id='word_1_214' title='bbox 469 827 516 871; x_wconf 78' lang='grc' dir='ltr'>δὲ</span> <span class='ocrx_word' id='word_1_215' title='bbox 537 825 647 872; x_wconf 83' lang='grc' dir='ltr'><strong>εἶπε·</strong></span> <span class='ocrx_word' id='word_1_216' title='bbox 678 859 702 879; x_wconf 86' lang='lat'>„</span> <span class='ocrx_word' id='word_1_217' title='bbox 719 826 882 886; x_wconf 82' lang='grc' dir='ltr'><strong><em>Τέλλῳ,</em></strong></span> <span class='ocrx_word' id='word_1_218' title='bbox 913 831 1044 872; x_wconf 83' lang='grc' dir='ltr'><em>τοῦτο</em></span> <span class='ocrx_word' id='word_1_219' title='bbox 1066 827 1158 884; x_wconf 81' lang='grc' dir='ltr'>μὲν,</span> <span class='ocrx_word' id='word_1_220' title='bbox 1188 832 1265 887; x_wconf 78' lang='grc' dir='ltr'>τῆς</span> <span class='ocrx_word' id='word_1_221' title='bbox 1287 829 1487 882; x_wconf 68' lang='grc' dir='ltr'>πόλιος-15</span> 
     </span>
    </p>
   </div>
   <div class='ocr_carea' id='block_1_16' title="bbox 831 1023 1486 1629">
    <p class='ocr_par' dir='ltr' id='par_1_18' title="bbox 831 1023 1486 1628">
     <span class='ocr_line' id='line_1_47' title="bbox 835 1023 1483 1078; baseline 0.002 -16"><span class='ocrx_word' id='word_1_222' title='bbox 835 1027 903 1063; x_wconf 89' lang='lat' dir='ltr'>etc.</span> <span class='ocrx_word' id='word_1_223' title='bbox 935 1023 993 1062; x_wconf 84' lang='lat' dir='ltr'>Ad</span> <span class='ocrx_word' id='word_1_224' title='bbox 1015 1024 1105 1078; x_wconf 84' lang='grc' dir='ltr'><em>κοίῃ</em></span> <span class='ocrx_word' id='word_1_225' title='bbox 1125 1025 1267 1063; x_wconf 84' lang='lat' dir='ltr'>Iacobs.</span> <span class='ocrx_word' id='word_1_226' title='bbox 1293 1026 1359 1075; x_wconf 89' lang='lat' dir='ltr'>(in</span> <span class='ocrx_word' id='word_1_227' title='bbox 1376 1024 1483 1064; x_wconf 85' lang='lat' dir='ltr'>Attic.</span> 
     </span>
     <span class='ocr_line' id='line_1_48' title="bbox 833 1079 1486 1138; baseline 0.005 -21"><span class='ocrx_word' id='word_1_228' title='bbox 833 1095 870 1132; x_wconf 89' lang='lat' dir='ltr'>p.</span> <span class='ocrx_word' id='word_1_229' title='bbox 893 1095 941 1119; x_wconf 80' lang='lat' dir='ltr'>in.</span> <span class='ocrx_word' id='word_1_230' title='bbox 968 1083 1071 1130; x_wconf 79' lang='lat'>315)</span> <span class='ocrx_word' id='word_1_231' title='bbox 1093 1082 1237 1132; x_wconf 85' lang='lat' dir='ltr'>supplet</span> <span class='ocrx_word' id='word_1_232' title='bbox 1251 1079 1404 1138; x_wconf 75' lang='grc' dir='ltr'><strong>γνώμῃ.</strong></span> <span class='ocrx_word' id='word_1_233' title='bbox 1434 1083 1486 1120; x_wconf 91' lang='grc' dir='ltr'>Ε-</span> 
     </span>
     <span class='ocr_line' id='line_1_49' title="bbox 833 1137 1484 1194; baseline 0.008 -22"><span class='ocrx_word' id='word_1_234' title='bbox 833 1137 981 1186; x_wconf 89' lang='lat' dir='ltr'>quidem</span> <span class='ocrx_word' id='word_1_235' title='bbox 1012 1139 1140 1175; x_wconf 86' lang='lat' dir='ltr'>eodem</span> <span class='ocrx_word' id='word_1_236' title='bbox 1171 1140 1304 1188; x_wconf 89' lang='lat' dir='ltr'>modo,</span> <span class='ocrx_word' id='word_1_237' title='bbox 1343 1154 1416 1189; x_wconf 86' lang='lat' dir='ltr'>quo</span> <span class='ocrx_word' id='word_1_238' title='bbox 1443 1156 1484 1194; x_wconf 73' lang='grc' dir='ltr'>η,</span> 
     </span>
     <span class='ocr_line' id='line_1_50' title="bbox 833 1190 1485 1247; baseline 0.005 -17"><span class='ocrx_word' id='word_1_239' title='bbox 833 1190 980 1247; x_wconf 82' lang='grc' dir='ltr'><em>ταύτῃ,</em></span> <span class='ocrx_word' id='word_1_240' title='bbox 1009 1194 1079 1231; x_wconf 81' lang='lat' dir='ltr'>alia</span> <span class='ocrx_word' id='word_1_241' title='bbox 1111 1195 1149 1230; x_wconf 91' lang='lat' dir='ltr'>id</span> <span class='ocrx_word' id='word_1_242' title='bbox 1181 1208 1298 1243; x_wconf 83' lang='lat' dir='ltr'>genus</span> <span class='ocrx_word' id='word_1_243' title='bbox 1329 1197 1485 1246; x_wconf 85' lang='lat' dir='ltr'>explicu-</span> 
     </span>
     <span class='ocr_line' id='line_1_51' title="bbox 834 1249 1484 1303; baseline 0.005 -16"><span class='ocrx_word' id='word_1_244' title='bbox 834 1250 934 1287; x_wconf 82' lang='lat' dir='ltr'>en‘m.</span> <span class='ocrx_word' id='word_1_245' title='bbox 992 1249 1052 1288; x_wconf 90' lang='lat' dir='ltr'>De</span> <span class='ocrx_word' id='word_1_246' title='bbox 1077 1253 1285 1290; x_wconf 80' lang='lat' dir='ltr'>narratione</span> <span class='ocrx_word' id='word_1_247' title='bbox 1315 1253 1397 1303; x_wconf 85' lang='lat' dir='ltr'>ipsa</span> <span class='ocrx_word' id='word_1_248' title='bbox 1420 1253 1484 1290; x_wconf 83' lang='lat' dir='ltr'>Cr.</span> 
     </span>
     <span class='ocr_line' id='line_1_52' title="bbox 832 1305 1483 1360; baseline 0.008 -18"><span class='ocrx_word' id='word_1_249' title='bbox 832 1307 973 1343; x_wconf 85' lang='lat' dir='ltr'>confert</span> <span class='ocrx_word' id='word_1_250' title='bbox 988 1305 1190 1345; x_wconf 86' lang='lat' dir='ltr'>Lucianum</span> <span class='ocrx_word' id='word_1_251' title='bbox 1224 1309 1260 1345; x_wconf 86' lang='lat' dir='ltr'>in</span> <span class='ocrx_word' id='word_1_252' title='bbox 1278 1307 1483 1360; x_wconf 84' lang='lat' dir='ltr'>Contempl.</span> 
     </span>
     <span class='ocr_line' id='line_1_53' title="bbox 832 1361 1486 1416; baseline 0.011 -18"><span class='ocrx_word' id='word_1_253' title='bbox 832 1361 870 1413; x_wconf 55' lang='grc' dir='ltr'>ᾗ.</span> <span class='ocrx_word' id='word_1_254' title='bbox 892 1366 943 1404; x_wconf 83' lang='grc'>10</span> <span class='ocrx_word' id='word_1_255' title='bbox 963 1363 1049 1412; x_wconf 86' lang='lat' dir='ltr'>ibiq.</span> <span class='ocrx_word' id='word_1_256' title='bbox 1090 1363 1302 1403; x_wconf 86' lang='lat' dir='ltr'>Hemsterh.</span> <span class='ocrx_word' id='word_1_257' title='bbox 1339 1379 1376 1416; x_wconf 87' lang='lat' dir='ltr'>p.</span> <span class='ocrx_word' id='word_1_258' title='bbox 1402 1368 1486 1408; x_wconf 83' lang='lat'>386</span> 
     </span>
     <span class='ocr_line' id='line_1_54' title="bbox 833 1419 1486 1471; baseline 0.006 -15"><span class='ocrx_word' id='word_1_259' title='bbox 833 1419 869 1456; x_wconf 87' lang='lat' dir='ltr'>T</span> <span class='ocrx_word' id='word_1_260' title='bbox 871 1432 941 1458; x_wconf 84' lang='lat' dir='ltr'>om.</span> <span class='ocrx_word' id='word_1_261' title='bbox 965 1419 1027 1456; x_wconf 89' lang='lat' dir='ltr'>III.</span> <span class='ocrx_word' id='word_1_262' title='bbox 1049 1421 1108 1458; x_wconf 87' lang='lat' dir='ltr'>ed.</span> <span class='ocrx_word' id='word_1_263' title='bbox 1135 1421 1283 1471; x_wconf 85' lang='lat' dir='ltr'>Bipont.</span> <span class='ocrx_word' id='word_1_264' title='bbox 1316 1435 1358 1460; x_wconf 85' lang='lat' dir='ltr'>ae</span> <span class='ocrx_word' id='word_1_265' title='bbox 1379 1422 1486 1460; x_wconf 92' lang='lat' dir='ltr'>Non-</span> 
     </span>
     <span class='ocr_line' id='line_1_55' title="bbox 831 1476 1486 1530; baseline 0.008 -18"><span class='ocrx_word' id='word_1_266' title='bbox 831 1489 918 1513; x_wconf 88' lang='lat' dir='ltr'>num</span> <span class='ocrx_word' id='word_1_267' title='bbox 950 1476 999 1512; x_wconf 91' lang='lat' dir='ltr'>ad</span> <span class='ocrx_word' id='word_1_268' title='bbox 1019 1476 1175 1525; x_wconf 80' lang='lat' dir='ltr'>Gregor.</span> <span class='ocrx_word' id='word_1_269' title='bbox 1206 1477 1301 1516; x_wconf 85' lang='lat' dir='ltr'>Naz.</span> <span class='ocrx_word' id='word_1_270' title='bbox 1342 1493 1379 1530; x_wconf 91' lang='lat' dir='ltr'>p.</span> <span class='ocrx_word' id='word_1_271' title='bbox 1405 1481 1486 1521; x_wconf 81' lang='lat'>132</span> 
     </span>
     <span class='ocr_line' id='line_1_56' title="bbox 832 1532 1486 1585; baseline 0.005 -14"><span class='ocrx_word' id='word_1_272' title='bbox 832 1534 891 1571; x_wconf 89' lang='lat' dir='ltr'>ed.</span> <span class='ocrx_word' id='word_1_273' title='bbox 911 1532 1035 1580; x_wconf 90' lang='lat' dir='ltr'>Eton.‚</span> <span class='ocrx_word' id='word_1_274' title='bbox 1065 1533 1128 1582; x_wconf 87' lang='lat' dir='ltr'>qui</span> <span class='ocrx_word' id='word_1_275' title='bbox 1159 1538 1195 1571; x_wconf 81' lang='lat' dir='ltr'>et</span> <span class='ocrx_word' id='word_1_276' title='bbox 1218 1535 1298 1585; x_wconf 88' lang='lat' dir='ltr'>ipse</span> <span class='ocrx_word' id='word_1_277' title='bbox 1316 1535 1486 1574; x_wconf 81' lang='lat' dir='ltr'>historio-</span> 
     </span>
     <span class='ocr_line' id='line_1_57' title="bbox 832 1589 1288 1629; baseline 0.005 -3"><span class='ocrx_word' id='word_1_278' title='bbox 832 1589 903 1626; x_wconf 87' lang='lat' dir='ltr'>lam</span> <span class='ocrx_word' id='word_1_279' title='bbox 926 1589 974 1626; x_wconf 93' lang='lat' dir='ltr'>de</span> <span class='ocrx_word' id='word_1_280' title='bbox 993 1589 1029 1626; x_wconf 82' lang='grc' dir='ltr'><strong>Γ</strong></span> <span class='ocrx_word' id='word_1_281' title='bbox 1031 1590 1101 1627; x_wconf 88' lang='lat' dir='ltr'>ello</span> <span class='ocrx_word' id='word_1_282' title='bbox 1121 1592 1288 1629; x_wconf 82' lang='lat' dir='ltr'>servavit.</span> 
     </span>
    </p>
   </div>
   <div class='ocr_carea' id='block_1_17' title="bbox 828 1653 1488 2953">
    <p class='ocr_par' dir='ltr' id='par_1_19' title="bbox 828 1653 1488 2953">
     <span class='ocr_line' id='line_1_58' title="bbox 887 1653 1485 1710; baseline 0.007 -14"><span class='ocrx_word' id='word_1_283' title='bbox 887 1659 1003 1696; x_wconf 83' lang='grc' dir='ltr'><em>τοῦτο</em></span> <span class='ocrx_word' id='word_1_284' title='bbox 1017 1655 1102 1709; x_wconf 82' lang='grc' dir='ltr'>μὲν,</span> <span class='ocrx_word' id='word_1_285' title='bbox 1124 1660 1196 1709; x_wconf 80' lang='grc' dir='ltr'>τῆς</span> <span class='ocrx_word' id='word_1_286' title='bbox 1221 1655 1360 1706; x_wconf 82' lang='grc' dir='ltr'>πόλιος</span> <span class='ocrx_word' id='word_1_287' title='bbox 1378 1653 1425 1699; x_wconf 73' lang='grc' dir='ltr'>εὖ</span> <span class='ocrx_word' id='word_1_288' title='bbox 1440 1658 1485 1710; x_wconf 79' lang='grc' dir='ltr'>ἦ-</span> 
     </span>
     <span class='ocr_line' id='line_1_59' title="bbox 831 1712 1484 1764; baseline 0.005 -12"><span class='ocrx_word' id='word_1_289' title='bbox 831 1726 1001 1764; x_wconf 81' lang='grc' dir='ltr'><strong><em>κουσης,</em></strong></span> <span class='ocrx_word' id='word_1_290' title='bbox 1031 1715 1170 1761; x_wconf 81' lang='grc' dir='ltr'><em>παῖδες</em></span> <span class='ocrx_word' id='word_1_291' title='bbox 1202 1716 1317 1755; x_wconf 80' lang='grc' dir='ltr'><strong><em>καλοί</em></strong></span> <span class='ocrx_word' id='word_1_292' title='bbox 1342 1731 1383 1755; x_wconf 83' lang='grc' dir='ltr'>τε</span> <span class='ocrx_word' id='word_1_293' title='bbox 1413 1712 1484 1755; x_wconf 67' lang='lat' dir='ltr'>xo?-</span> 
     </span>
     <span class='ocr_line' id='line_1_60' title="bbox 832 1769 1484 1821; baseline 0.005 -14"><span class='ocrx_word' id='word_1_294' title='bbox 832 1769 980 1821; x_wconf 77' lang='grc' dir='ltr'>γαθοὶ]</span> <span class='ocrx_word' id='word_1_295' title='bbox 1011 1771 1268 1820; x_wconf 85' lang='lat' dir='ltr'>Wy.ttenbach</span> <span class='ocrx_word' id='word_1_296' title='bbox 1288 1772 1327 1809; x_wconf 87' lang='grc' dir='ltr'>ἰιι</span> <span class='ocrx_word' id='word_1_297' title='bbox 1347 1772 1484 1811; x_wconf 88' lang='lat' dir='ltr'>selectt.</span> 
     </span>
     <span class='ocr_line' id='line_1_61' title="bbox 831 1827 1486 1879; baseline 0.008 -17"><span class='ocrx_word' id='word_1_298' title='bbox 831 1827 932 1863; x_wconf 86' lang='lat' dir='ltr'>histt.</span> <span class='ocrx_word' id='word_1_299' title='bbox 964 1840 1000 1877; x_wconf 88' lang='lat' dir='ltr'>p.</span> <span class='ocrx_word' id='word_1_300' title='bbox 1011 1827 1094 1868; x_wconf 81' lang='grc'>346</span> <span class='ocrx_word' id='word_1_301' title='bbox 1111 1828 1338 1879; x_wconf 80' lang='lat' dir='ltr'>suspicatur,</span> <span class='ocrx_word' id='word_1_302' title='bbox 1358 1829 1486 1879; x_wconf 85' lang='lat' dir='ltr'>legen-</span> 
     </span>
     <span class='ocr_line' id='line_1_62' title="bbox 833 1880 1486 1936; baseline 0.003 -15"><span class='ocrx_word' id='word_1_303' title='bbox 833 1884 919 1921; x_wconf 88' lang='lat' dir='ltr'>dum</span> <span class='ocrx_word' id='word_1_304' title='bbox 942 1896 1025 1922; x_wconf 86' lang='lat' dir='ltr'>esse</span> <span class='ocrx_word' id='word_1_305' title='bbox 1042 1880 1205 1934; x_wconf 72' lang='grc' dir='ltr'><em>ἥκοντι,</em></span> <span class='ocrx_word' id='word_1_306' title='bbox 1241 1890 1283 1922; x_wconf 84' lang='lat' dir='ltr'>ut</span> <span class='ocrx_word' id='word_1_307' title='bbox 1301 1885 1438 1936; x_wconf 88' lang='lat' dir='ltr'>paulo</span> <span class='ocrx_word' id='word_1_308' title='bbox 1430 1899 1486 1923; x_wconf 88' lang='lat' dir='ltr'>m-</span> 
     </span>
     <span class='ocr_line' id='line_1_63' title="bbox 831 1937 1485 1998; baseline 0.003 -20"><span class='ocrx_word' id='word_1_309' title='bbox 831 1941 907 1978; x_wconf 86' lang='lat' dir='ltr'>fra:</span> <span class='ocrx_word' id='word_1_310' title='bbox 937 1942 1010 1979; x_wconf 82' lang='grc' dir='ltr'><strong><em>τοῦ</em></strong></span> <span class='ocrx_word' id='word_1_311' title='bbox 1032 1941 1123 1992; x_wconf 85' lang='grc' dir='ltr'>βίου</span> <span class='ocrx_word' id='word_1_312' title='bbox 1146 1955 1190 1979; x_wconf 82' lang='grc' dir='ltr'>ευ</span> <span class='ocrx_word' id='word_1_313' title='bbox 1213 1937 1374 1998; x_wconf 78' lang='grc' dir='ltr'><em>ἥκοντι,</em></span> <span class='ocrx_word' id='word_1_314' title='bbox 1404 1956 1485 1980; x_wconf 90' lang='lat' dir='ltr'>cum</span> 
     </span>
     <span class='ocr_line' id='line_1_64' title="bbox 830 1994 1486 2049; baseline 0.009 -17"><span class='ocrx_word' id='word_1_315' title='bbox 830 1996 1004 2034; x_wconf 81' lang='lat' dir='ltr'>solemnis</span> <span class='ocrx_word' id='word_1_316' title='bbox 1034 1998 1082 2034; x_wconf 88' lang='lat' dir='ltr'>sit</span> <span class='ocrx_word' id='word_1_317' title='bbox 1111 1998 1229 2035; x_wconf 83' lang='lat' dir='ltr'>forma</span> <span class='ocrx_word' id='word_1_318' title='bbox 1259 2012 1301 2037; x_wconf 85' lang='grc' dir='ltr'>ευ</span> <span class='ocrx_word' id='word_1_319' title='bbox 1324 1994 1413 2049; x_wconf 79' lang='grc' dir='ltr'>ἥκω</span> <span class='ocrx_word' id='word_1_320' title='bbox 1431 2014 1486 2038; x_wconf 82' lang='grc' dir='ltr'>τι-</span> 
     </span>
     <span class='ocr_line' id='line_1_65' title="bbox 832 2047 1482 2106; baseline 0.008 -17"><span class='ocrx_word' id='word_1_321' title='bbox 832 2049 923 2102; x_wconf 79' lang='grc' dir='ltr'><strong><em>νὸς,</em></strong></span> <span class='ocrx_word' id='word_1_322' title='bbox 954 2066 1028 2091; x_wconf 88' lang='lat' dir='ltr'>non</span> <span class='ocrx_word' id='word_1_323' title='bbox 1060 2054 1148 2091; x_wconf 88' lang='lat' dir='ltr'>item</span> <span class='ocrx_word' id='word_1_324' title='bbox 1170 2047 1217 2093; x_wconf 80' lang='grc' dir='ltr'>εὐ</span> <span class='ocrx_word' id='word_1_325' title='bbox 1238 2050 1328 2106; x_wconf 76' lang='grc' dir='ltr'>ἥκει</span> <span class='ocrx_word' id='word_1_326' title='bbox 1349 2056 1416 2106; x_wconf 77' lang='grc' dir='ltr'>μοί</span> <span class='ocrx_word' id='word_1_327' title='bbox 1434 2068 1482 2103; x_wconf 85' lang='grc' dir='ltr'>τι,</span> 
     </span>
     <span class='ocr_line' id='line_1_66' title="bbox 831 2109 1483 2150; baseline 0.005 -4"><span class='ocrx_word' id='word_1_328' title='bbox 831 2110 987 2147; x_wconf 85' lang='lat' dir='ltr'>docente</span> <span class='ocrx_word' id='word_1_329' title='bbox 1033 2109 1209 2149; x_wconf 85' lang='lat' dir='ltr'>Valcken.</span> <span class='ocrx_word' id='word_1_330' title='bbox 1259 2112 1309 2148; x_wconf 87' lang='lat' dir='ltr'>ad</span> <span class='ocrx_word' id='word_1_331' title='bbox 1342 2112 1483 2150; x_wconf 87' lang='lat' dir='ltr'>Herod</span> 
     </span>
     <span class='ocr_line' id='line_1_67' title="bbox 831 2165 1482 2219; baseline 0.002 -15"><span class='ocrx_word' id='word_1_332' title='bbox 831 2166 922 2214; x_wconf 75' lang='lat' dir='ltr'>VH,</span> <span class='ocrx_word' id='word_1_333' title='bbox 941 2165 1020 2208; x_wconf 86' lang='lat'>157</span> <span class='ocrx_word' id='word_1_334' title='bbox 1052 2170 1089 2205; x_wconf 88' lang='lat' dir='ltr'>et</span> <span class='ocrx_word' id='word_1_335' title='bbox 1116 2167 1247 2204; x_wconf 82' lang='lat' dir='ltr'>Matth.</span> <span class='ocrx_word' id='word_1_336' title='bbox 1266 2166 1304 2219; x_wconf 63' lang='grc' dir='ltr'>ἓ.</span> <span class='ocrx_word' id='word_1_337' title='bbox 1323 2170 1406 2210; x_wconf 82' lang='grc'>337</span> <span class='ocrx_word' id='word_1_338' title='bbox 1419 2170 1482 2206; x_wconf 88' lang='lat' dir='ltr'>fin.</span> 
     </span>
     <span class='ocr_line' id='line_1_68' title="bbox 832 2222 1486 2276; baseline 0.008 -18"><span class='ocrx_word' id='word_1_339' title='bbox 832 2237 870 2276; x_wconf 91' lang='lat' dir='ltr'>p.</span> <span class='ocrx_word' id='word_1_340' title='bbox 892 2222 985 2264; x_wconf 84' lang='lat'><strong>664.</strong></span> <span class='ocrx_word' id='word_1_341' title='bbox 1043 2223 1156 2262; x_wconf 92' lang='lat' dir='ltr'>Unde</span> <span class='ocrx_word' id='word_1_342' title='bbox 1187 2224 1238 2261; x_wconf 81' lang='lat' dir='ltr'>sic</span> <span class='ocrx_word' id='word_1_343' title='bbox 1268 2224 1486 2276; x_wconf 84' lang='lat' dir='ltr'>interpreta-</span> 
     </span>
     <span class='ocr_line' id='line_1_69' title="bbox 832 2278 1488 2331; baseline 0.003 -14"><span class='ocrx_word' id='word_1_344' title='bbox 832 2284 909 2317; x_wconf 84' lang='lat' dir='ltr'>tur:</span> <span class='ocrx_word' id='word_1_345' title='bbox 949 2278 1106 2328; x_wconf 83' lang='lat' dir='ltr'>„Tello‚</span> <span class='ocrx_word' id='word_1_346' title='bbox 1140 2281 1322 2331; x_wconf 79' lang='lat' dir='ltr'>florentem</span> <span class='ocrx_word' id='word_1_347' title='bbox 1345 2282 1488 2319; x_wconf 73' lang='lat' dir='ltr'>habenti</span> 
     </span>
     <span class='ocr_line' id='line_1_70' title="bbox 828 2337 1484 2389; baseline 0.003 -16"><span class='ocrx_word' id='word_1_348' title='bbox 828 2338 1009 2387; x_wconf 78' lang='lat' dir='ltr'>patriam,</span> <span class='ocrx_word' id='word_1_349' title='bbox 1038 2350 1068 2375; x_wconf 74' lang='lat' dir='ltr'>s,</span> <span class='ocrx_word' id='word_1_350' title='bbox 1092 2350 1198 2388; x_wconf 81' lang='lat' dir='ltr'>quum</span> <span class='ocrx_word' id='word_1_351' title='bbox 1211 2337 1396 2388; x_wconf 76' lang='lat' dir='ltr'>frueretur</span> <span class='ocrx_word' id='word_1_352' title='bbox 1408 2339 1484 2389; x_wconf 89' lang='lat' dir='ltr'>flo-</span> 
     </span>
     <span class='ocr_line' id='line_1_71' title="bbox 832 2394 1488 2445; baseline 0.005 -16"><span class='ocrx_word' id='word_1_353' title='bbox 832 2397 925 2430; x_wconf 79' lang='lat' dir='ltr'>rente</span> <span class='ocrx_word' id='word_1_354' title='bbox 947 2395 1094 2442; x_wconf 79' lang='lat' dir='ltr'>patria,</span> <span class='ocrx_word' id='word_1_355' title='bbox 1125 2394 1206 2444; x_wconf 66' lang='lat' dir='ltr'>filii</span> <span class='ocrx_word' id='word_1_356' title='bbox 1234 2399 1331 2432; x_wconf 75' lang='lat' dir='ltr'>erant</span> <span class='ocrx_word' id='word_1_357' title='bbox 1366 2395 1488 2445; x_wconf 81' lang='lat' dir='ltr'>pulcri</span> 
     </span>
     <span class='ocr_line' id='line_1_72' title="bbox 834 2450 1485 2500; baseline 0.005 -13"><span class='ocrx_word' id='word_1_358' title='bbox 834 2450 1024 2500; x_wconf 79' lang='lat' dir='ltr'>bonique.“</span> <span class='ocrx_word' id='word_1_359' title='bbox 1071 2451 1149 2488; x_wconf 90' lang='lat' dir='ltr'>Sed</span> <span class='ocrx_word' id='word_1_360' title='bbox 1169 2455 1315 2500; x_wconf 84' lang='lat' dir='ltr'>praeter</span> <span class='ocrx_word' id='word_1_361' title='bbox 1333 2452 1485 2490; x_wconf 85' lang='lat' dir='ltr'>Suidam</span> 
     </span>
     <span class='ocr_line' id='line_1_73' title="bbox 834 2506 1486 2559; baseline 0.002 -15"><span class='ocrx_word' id='word_1_362' title='bbox 834 2511 870 2544; x_wconf 86' lang='lat' dir='ltr'>et</span> <span class='ocrx_word' id='word_1_363' title='bbox 891 2507 1110 2555; x_wconf 83' lang='lat' dir='ltr'>Gregorium</span> <span class='ocrx_word' id='word_1_364' title='bbox 1128 2507 1354 2545; x_wconf 88' lang='lat' dir='ltr'>Corinthium</span> <span class='ocrx_word' id='word_1_365' title='bbox 1374 2506 1410 2559; x_wconf 82' lang='lat'>§.</span> <span class='ocrx_word' id='word_1_366' title='bbox 1430 2511 1486 2550; x_wconf 83' lang='lat'>87</span> 
     </span>
     <span class='ocr_line' id='line_1_74' title="bbox 835 2563 1485 2615; baseline 0.012 -15"><span class='ocrx_word' id='word_1_367' title='bbox 835 2564 883 2600; x_wconf 88' lang='lat' dir='ltr'>de</span> <span class='ocrx_word' id='word_1_368' title='bbox 900 2563 984 2600; x_wconf 88' lang='lat' dir='ltr'>dial.</span> <span class='ocrx_word' id='word_1_369' title='bbox 1003 2563 1112 2600; x_wconf 90' lang='lat' dir='ltr'>Ionic.</span> <span class='ocrx_word' id='word_1_370' title='bbox 1141 2577 1179 2615; x_wconf 88' lang='lat' dir='ltr'>p.</span> <span class='ocrx_word' id='word_1_371' title='bbox 1198 2563 1296 2606; x_wconf 83' lang='lat'><strong>497.</strong></span> <span class='ocrx_word' id='word_1_372' title='bbox 1315 2564 1397 2606; x_wconf 84' lang='lat'>498</span> <span class='ocrx_word' id='word_1_373' title='bbox 1427 2566 1485 2603; x_wconf 78' lang='lat' dir='ltr'>ed·</span> 
     </span>
     <span class='ocr_line' id='line_1_75' title="bbox 834 2615 1486 2672; baseline 0.003 -16"><span class='ocrx_word' id='word_1_374' title='bbox 834 2619 979 2657; x_wconf 89' lang='lat' dir='ltr'>Schaef.</span> <span class='ocrx_word' id='word_1_375' title='bbox 1012 2615 1192 2672; x_wconf 73' lang='grc' dir='ltr'><em>ἡκούσης</em></span> <span class='ocrx_word' id='word_1_376' title='bbox 1221 2633 1242 2658; x_wconf 92' lang='lat' dir='ltr'>e</span> <span class='ocrx_word' id='word_1_377' title='bbox 1260 2625 1386 2658; x_wconf 87' lang='lat' dir='ltr'>nostro</span> <span class='ocrx_word' id='word_1_378' title='bbox 1405 2621 1486 2659; x_wconf 84' lang='lat' dir='ltr'>loco</span> 
     </span>
     <span class='ocr_line' id='line_1_76' title="bbox 835 2675 1486 2725; baseline 0.003 -13"><span class='ocrx_word' id='word_1_379' title='bbox 835 2675 1046 2725; x_wconf 82' lang='lat' dir='ltr'>laudantes,</span> <span class='ocrx_word' id='word_1_380' title='bbox 1089 2689 1214 2715; x_wconf 81' lang='lat' dir='ltr'>omnes</span> <span class='ocrx_word' id='word_1_381' title='bbox 1253 2677 1360 2715; x_wconf 87' lang='lat' dir='ltr'>etiam</span> <span class='ocrx_word' id='word_1_382' title='bbox 1406 2677 1486 2715; x_wconf 88' lang='lat' dir='ltr'>libri</span> 
     </span>
     <span class='ocr_line' id='line_1_77' title="bbox 837 2732 1487 2783; baseline 0.003 -14"><span class='ocrx_word' id='word_1_383' title='bbox 837 2732 962 2782; x_wconf 85' lang='lat' dir='ltr'>scripti</span> <span class='ocrx_word' id='word_1_384' title='bbox 977 2733 1207 2771; x_wconf 85' lang='lat' dir='ltr'>consentiunt</span> <span class='ocrx_word' id='word_1_385' title='bbox 1225 2734 1262 2771; x_wconf 88' lang='lat' dir='ltr'>in</span> <span class='ocrx_word' id='word_1_386' title='bbox 1282 2734 1487 2783; x_wconf 82' lang='lat' dir='ltr'>vulgatale-</span> 
     </span>
     <span class='ocr_line' id='line_1_78' title="bbox 839 2789 1487 2840; baseline 0.005 -15"><span class='ocrx_word' id='word_1_387' title='bbox 839 2789 979 2837; x_wconf 86' lang='lat' dir='ltr'>ctione,</span> <span class='ocrx_word' id='word_1_388' title='bbox 1009 2802 1032 2827; x_wconf 83' lang='lat' dir='ltr'>a</span> <span class='ocrx_word' id='word_1_389' title='bbox 1050 2790 1218 2838; x_wconf 83' lang='lat' dir='ltr'>Sehwgh.</span> <span class='ocrx_word' id='word_1_390' title='bbox 1238 2789 1393 2840; x_wconf 86' lang='lat' dir='ltr'>aliisque</span> <span class='ocrx_word' id='word_1_391' title='bbox 1410 2790 1487 2828; x_wconf 88' lang='lat' dir='ltr'>iure</span> 
     </span>
     <span class='ocr_line' id='line_1_79' title="bbox 841 2845 1486 2896; baseline 0 -14"><span class='ocrx_word' id='word_1_392' title='bbox 841 2857 917 2882; x_wconf 85' lang='lat' dir='ltr'>non</span> <span class='ocrx_word' id='word_1_393' title='bbox 936 2849 1084 2883; x_wconf 86' lang='lat' dir='ltr'>mutata.</span> <span class='ocrx_word' id='word_1_394' title='bbox 1140 2846 1274 2896; x_wconf 89' lang='lat' dir='ltr'>Neque</span> <span class='ocrx_word' id='word_1_395' title='bbox 1291 2845 1486 2894; x_wconf 82' lang='lat' dir='ltr'>enim‚vul-</span> 
     </span>
     <span class='ocr_line' id='line_1_80' title="bbox 842 2902 1486 2953; baseline -0.002 -13"><span class='ocrx_word' id='word_1_396' title='bbox 842 2906 929 2953; x_wconf 83' lang='lat' dir='ltr'>gata</span> <span class='ocrx_word' id='word_1_397' title='bbox 953 2902 1107 2943; x_wconf 86' lang='lat' dir='ltr'>lectione</span> <span class='ocrx_word' id='word_1_398' title='bbox 1133 2907 1270 2942; x_wconf 80' lang='lat' dir='ltr'>mutata</span> <span class='ocrx_word' id='word_1_399' title='bbox 1306 2902 1486 2941; x_wconf 83' lang='lat' dir='ltr'>sententia</span> 
     </span>
    </p>
   </div>
  </div>
 </body>
</html>
