1759 3324
373 230 458 270 526

377 338 461 382 λέει
499 337 633 382 ἐοῦσα
644 350 653 360 ·

766 226 1235 266 HERODOTI

711 335 780 380 ἐπὶ
819 337 864 380 δὲ
902 336 1016 392 χιόνι
1053 335 1265 392 πεσούσῃ,
1307 338 1424 378 πᾶσα
1466 333 1687 392 ἀνάγκηὸὅ

375 417 394 461 ἐ
450 417 458 433 ι
505 411 523 431 ἐ’
628 415 639 430 ³
742 415 750 429 ι
869 414 879 427 e·
924 416 931 429 ι
982 433 988 436 Δ
1053 430 1062 439 ·
1111 415 1131 428 et
1259 416 1269 430 ‚
1305 414 1315 427 ν
1378 413 1387 427 e
1539 413 1560 427 ev

399 429 464 461 στι
493 428 596 460 υσαι
624 432 670 459 εν
699 431 823 458 πεντε
854 427 1037 472 ημερῃσι
1096 428 1202 459 ωστε
1234 432 1269 458 ει
1300 417 1500 470 εχιονιζε,
1531 430 1631 457 υετο

348 495 436 540 δᾶν
464 499 600 539 ταῦτα
640 494 692 538 τα
733 497 881 550 χωρία.

938 497 1060 548 τρίτα
1099 495 1163 546 δὲ,
1213 496 1255 537 οἱ
1285 492 1514 548 ἄνθρωποι
1542 490 1631 536 ὑπὸ

348 579 458 618 6τοῦ
487 573 709 629 καύματος
738 574 916 628 μέλανες
948 572 1101 625 ἐόντες.
1132 575 1288 616 ἰκτῖνοι
1329 574 1373 617 δὲ
1415 574 1488 616 καὶ
1521 577 1632 628 χελι-

377 653 502 703 δόνες
533 650 584 695 δι’
617 651 731 701 ἔτεος
762 651 902 702 ἐόντες
933 651 1014 695 οὐκ
1045 651 1345 695 ἀπολείπουσι·
1384 651 1561 708 γέρανοι
1591 651 1636 695 δὲ

378 731 623 788 φεύγουσαι
659 729 735 772 τὸν
771 734 959 785 χειμῶνα
998 730 1075 773 τὸν
1105 729 1151 772 ἐν
1180 735 1233 786 τῇ
1274 735 1473 787 Σκυθικῇ
1516 729 1634 788 χώρῃ

377 809 634 866 γινόμενον,
679 807 883 863 φοιτέωσι
920 807 963 859 ἐς
1000 810 1221 863 χειμασίην
1262 807 1302 858 ἐς
1343 808 1446 858 τοὺς
1473 809 1692 860 τόπουςδο

351 886 593 938 7τούτους·
625 887 661 929 εἰ
690 887 840 929 τοίνυν
869 886 1046 942 ἐχιόνιζε
1077 887 1148 929 καὶ
1178 884 1346 929 ὁσονῶν
1375 885 1538 943 ταύτην
1558 887 1638 943 τὴν

377 967 547 1024 χώρην,
598 963 650 1008 δι’
680 960 731 1022 ἧς
759 982 803 1009 τε
833 966 918 1020 ῥέει
954 967 1028 1009 καὶ
1066 965 1113 1008 ἐκ
1151 969 1225 1021 τῆς
1263 964 1437 1020 ἄρχεται
1475 964 1584 1020 ῥέων
1614 964 1638 1009 ὁ

379 1049 558 1097 Νεῖλος,
604 1040 662 1101 ἦν
690 1044 746 1088 ἂν
774 1044 944 1089 τούτων
974 1042 1123 1096 οὐδὲν,
1177 1042 1235 1095 ὦς
1263 1043 1290 1100 ἡ
1326 1043 1491 1101 ἀνάγκη
1522 1045 1637 1101 ἐλέγ-

323 1245 453 1293 fragm.
481 1255 566 1293 pag.
599 1239 682 1284 214
712 1253 815 1291 seqq.
855 1239 977 1289 Aegy-

324 1305 427 1352 ptum
455 1299 514 1337 ille
535 1300 692 1345 dixerat,
723 1302 850 1349 utpote
876 1298 977 1334 fluvii

325 1357 410 1394 limo
428 1361 563 1403 ortam,
591 1356 750 1392 humoris
776 1355 916 1404 copiam
937 1355 976 1391 in

327 1427 366 1451 se
387 1413 547 1463 recipere
569 1415 606 1449 et
627 1424 694 1462 per
711 1411 864 1448 hiemem
881 1410 918 1447 in
937 1424 976 1448 se

326 1470 592 1517 constringere,
610 1471 751 1505 aestate
765 1472 885 1504 autem
897 1472 977 1504 tan-

327 1539 437 1575 quam
468 1526 620 1562 sudores
647 1537 693 1561 ex
723 1537 763 1561 se
792 1524 977 1569 emittere3

326 1582 425 1620 unde
445 1582 535 1629 fieri,
564 1585 605 1619 ut
618 1580 724 1618 Nilus
747 1584 927 1630 augeatur
944 1585 981 1618 et

326 1638 490 1676 inundet.

385 1747 451 1790 ἐπὶ
468 1745 511 1789 δὲ
542 1743 648 1805 χιόνι
664 1743 853 1801 πεσούσῃ,
870 1747 981 1784 πᾶσα

329 1802 485 1859 ανάγκη
499 1804 578 1845 ἐστὶ
594 1806 688 1844 ὐσαι
700 1804 740 1844 ἐν
753 1802 867 1843 πέντε
886 1799 980 1853 ἦμέ-

329 1866 439 1929 ρῃσι]
470 1863 529 1900 De
559 1860 716 1899 verbis⁷
700 1860 764 1900 επὶ
792 1855 894 1911 χιόνι
914 1872 979 1897 πε-

330 1915 457 1973 σούσῃ
482 1919 664 1966 (contenuo
679 1921 759 1967 post
780 1920 892 1954 nivem
905 1927 978 1951 coe-

330 1977 415 2013 litus
442 1975 646 2025 delapsam)
683 1973 819 2011 consul.
847 1971 978 2008 Matth

331 2033 397 2069 Gr.
426 2032 491 2068 Gr.
520 2043 606 2080 pag.
640 2032 759 2071 1113.
802 2050 850 2056 —
891 2027 981 2064 Mox

329 2088 442 2125 verba
460 2085 502 2126 ἐν
530 2085 644 2125 πέντε
666 2084 836 2137 ημέρῃσι
856 2082 980 2133 displi-

329 2146 481 2182 cuerunt
495 2142 616 2179 Fabro
631 2145 668 2179 et
688 2141 888 2186 Gronovio,
919 2138 982 2188 qui

330 2199 401 2237 alia
440 2211 567 2236 eorum
602 2198 682 2235 loco
720 2200 981 2247 proponerent.

331 2256 408 2293 Sed
425 2255 531 2292 Gellii
550 2254 803 2291 auctoritatem
819 2255 895 2290 iure
914 2265 981 2301 op-

331 2310 435 2362 ponit
451 2310 730 2359 )Vesselingius,
761 2309 887 2347 Noctt.
903 2308 981 2344 Att.

330 2366 476 2414 V111‚4.
505 2365 586 2403 Nec
601 2367 719 2403 minus
733 2366 901 2403 credibile
915 2368 981 2410 est,

331 2424 577 2468 Herodotum,
607 2435 700 2471 quae
719 2422 866 2459 Thuriis
886 2421 983 2458 aliis-

332 2492 377 2517 ve
396 2479 483 2516 locis
501 2479 580 2528 ipse
596 2479 760 2516 accidere
771 2479 909 2516 viderat
921 2482 984 2514 aut

333 2537 380 2573 ab
400 2535 476 2572 aliis
497 2535 608 2572 fando
635 2535 817 2582 audierat,
847 2536 895 2571 ad
912 2533 983 2571 Ae-

333 2592 491 2642 thiopiae
535 2590 703 2640 regiones
742 2591 981 2628 transtulisse.

334 2669 391 2676 -—
419 2642 543 2684 Mox
525 2642 616 2685 ύετο
636 2647 814 2684 edidimus
826 2660 893 2696 pro
906 2641 983 2684 ὕπ’

334 2703 431 2741 utin
452 2703 567 2741 Reizii
587 2703 747 2740 editione
765 2706 894 2740 exstat.
925 2702 983 2739 De

334 2761 415 2812 ipso
435 2760 544 2796 verbo
565 2759 715 2808 eiusque
736 2772 803 2796 usu
823 2760 915 2795 conf.
937 2758 983 2805 Il,

337 2819 402 2858 16.
433 2816 538 2860 Quae
564 2820 756 2865 praeterea
780 2815 883 2852 addit
902 2814 983 2851 No-

337 2876 413 2910 ster
440 2872 487 2910 de
507 2872 640 2909 adusto
658 2871 844 2909 hominum
864 2871 985 2908 colore

1044 1245 1082 1279 et
1103 1241 1149 1278 de
1181 1239 1352 1290 gruibus»,
1383 1253 1445 1288 ea,
1476 1244 1571 1278 teste
1587 1240 1696 1278 Wes-

1043 1298 1209 1346 selingio,
1239 1297 1337 1333 haud
1355 1298 1543 1346 praeteriit
1556 1297 1699 1334 Seneca

1044 1355 1197 1398 Quaest.
1220 1353 1325 1389 Natt.
1345 1353 1395 1389 lv
1408 1381 1419 1400 ‚
1441 1357 1469 1395 2
1491 1353 1570 1391 coll.
1590 1354 1699 1391 Euri-

1042 1411 1116 1461 pid.
1133 1409 1264 1447 Helen.
1285 1409 1402 1450 1497.

1102 1517 1150 1561 δι’
1167 1520 1271 1567 ἔτεος
1288 1517 1418 1569 ἐόντες
1447 1516 1519 1561 οὔκ
1540 1515 1696 1561 οἷπολεί-

1047 1577 1189 1628 πουσι]
1213 1573 1259 1617 δι’
1281 1577 1383 1624 ἔτεος
1407 1583 1480 1616 est:
1505 1591 1568 1628 per
1587 1582 1698 1616 totum

1047 1648 1175 1671 annum
1185 1648 1198 1679 ,·
1228 1635 1299 1671 vid.
1315 1635 1474 1672 Fischer.
1485 1636 1534 1671 ad
1551 1635 1698 1673 WVeller.

1048 1691 1121 1738 Ill,
1148 1692 1170 1728 b
1202 1703 1288 1741 pag.
1316 1693 1394 1733 169
1423 1687 1651 1730 ἆπολείπειν
1679 1704 1701 1728 a
1748 1697 1749 1712 ³

1048 1747 1215 1785 W‘ersero
1242 1748 1303 1795 (in
1320 1748 1399 1784 Act.
1417 1747 1515 1798 phill.
1535 1747 1701 1785 Monacc.

1047 1803 1076 1851 I,
1093 1808 1120 1845 2
1136 1818 1172 1854 p.
1190 1804 1300 1851 272)
1322 1804 1535 1854 exponitur:
1567 1804 1699 1854 aushb‘-

1046 1873 1123 1907 ren,
1153 1860 1336 1908 aus-gehen.
1383 1860 1426 1896 In
1453 1873 1556 1910 seqq.
1584 1861 1703 1898 adsci-

1047 1917 1163 1953 vimus
1192 1931 1213 1967 γ
1226 1931 1272 1954 ιν
1285 1912 1430 1966 όμενον
1454 1916 1540 1965 (pro
1563 1932 1584 1968 y
1598 1913 1700 1956 ενό-

1047 1972 1187 2023 μενον)
1214 1977 1251 2009 et
1281 1970 1437 2021 φοιτέω
1450 1984 1488 2010 σι
1518 1986 1584 2022 pro
1613 1988 1702 2024 φοι·
1745 1988 1747 1995 ’

1046 2031 1107 2067 τῶ
1118 2040 1155 2067 σι
1176 2041 1257 2065 cum
1278 2032 1429 2065 recentt.
1451 2029 1556 2066 editt.

1106 2138 1141 2178 εἰ
1163 2139 1300 2179 τοίνυν
1329 2135 1493 2190 ἐχιόνιζε
1515 2137 1584 2179 καὶ
1615 2137 1701 2180 ὅσο-
1743 2156 1745 2186 ς

1048 2198 1130 2235 νῶν
1153 2192 1300 2246 ταύτην
1318 2194 1392 2247 τήν
1409 2193 1544 2248 χώρην
1562 2212 1597 2235 κ.
1609 2211 1640 2235 τ.
1652 2198 1700 2243 λ.]

1049 2253 1213 2300 „Quodsi
1232 2256 1346 2301 igitur
1366 2254 1420 2290 vel
1447 2253 1703 2303 quantulacun-
1742 2276 1744 2301 t

1051 2322 1113 2359 que
1133 2312 1195 2346 mle
1215 2310 1352 2346 caderet
1374 2313 1480 2348 istam
1504 2312 1542 2347 in
1562 2313 1702 2356 terram,

1050 2369 1165 2402 tamen
1194 2367 1283 2403 nihil
1311 2379 1426 2404 eorum
1464 2366 1588 2416 (quae
1616 2366 1703 2403 inde
1742 2367 1743 2388 ³

1053 2423 1126 2459 scil.
1149 2423 1344 2472 colligunt,
1373 2423 1499 2462 Nilum
1528 2424 1610 2460 nive
1635 2434 1702 2473 po·
1740 2442 1742 2450 ·

1050 2479 1228 2516 tissimum
1239 2509 1249 2526 ‚
1266 2492 1362 2528 quae
1379 2480 1417 2516 in
1426 2478 1623 2529 Aethiopia
1642 2491 1704 2515 ca-
1740 2490 1741 2496 ¹
1758 2499 1759 2502 ¹

1052 2536 1130 2582 dat,
1160 2537 1312 2584 augeri)
1335 2536 1448 2573 locum
1467 2536 1590 2573 habere
1604 2547 1704 2585 posse
1757 2550 1759 2574 l

1051 2591 1180 2638 (censet
1204 2591 1365 2641 Noster),
1394 2595 1473 2642 ipsa
1492 2594 1628 2629 ratione
1647 2604 1704 2628 co-
1758 2588 1759 2598 ¹

1050 2649 1188 2695 ,ςιίιΐεές
1218 2649 1303 2685 Hoc
1326 2649 1438 2686 modo
1463 2650 1492 2686 si
1509 2649 1629 2685 locum
1645 2648 1704 2684 in·-
1738 2684 1739 2691 ,

1050 2705 1277 2752 terpreteris‚
1296 2705 1393 2742 nulla
1407 2707 1534 2754 utique
1552 2717 1610 2741 me
1621 2716 1704 2741 sen-

1052 2760 1168 2796 tiente
1189 2761 1257 2796 erit
1277 2773 1398 2808 causa,
1415 2774 1510 2810 quae
1522 2761 1568 2798 ad
1581 2771 1704 2797 emen-

1053 2815 1214 2852 dandiun
1225 2829 1292 2853 nos
1315 2821 1436 2867 cogat.
1465 2817 1526 2854 Ad
1544 2815 1702 2857 ὅσονόν
1735 2825 1738 2865 g

1053 2872 1148 2908 conf.
1174 2871 1202 2920 I,
1226 2875 1316 2914 199.
