1759 3324
606 269 911 309 cL10.1.

1310 271 1395 312 463

105 395 159 439 8,,
171 387 266 443 ἐλᾷς
295 382 372 426 ἰθύ
402 384 478 437 τῆς
508 378 642 435 ἀρχῆς
672 383 746 435 τῆς
783 377 1015 434 Τομύριος.
1068 379 1215 431 Χωρίς
1242 395 1286 422 τε
1315 383 1397 422 τοῦ

132 499 157 518 ,,
171 461 471 520 ἀπηγημένου,
509 458 691 516 αἰσχρόν
719 459 794 502 καὶ
824 457 909 503 οὐκ
939 456 1198 513 ἀνασχετὸν,
1238 456 1395 514 Κῦρόν

130 559 211 600 „ys
239 541 315 585 τὸν
343 536 588 595 Καμβύσεω
618 538 795 594 γυναικὶ
816 539 987 591 εἴξαντα
1009 536 1298 595 ὑποχωρῆσαι
1320 542 1396 595 τῆς
1406 544 1451 580 65

101 620 314 677 9,,χώρης.
370 621 474 662 Νῦν
504 613 568 661 ὧν
596 634 670 674 μοι
701 618 861 670 δοκέει,
893 616 1130 674 διαβάντας
1158 622 1393 671 προελθεῖν

125 701 267 754 ,,ὅσον
297 698 353 743 ἂν
377 698 534 743 ἐκεῖνοι
565 698 772 750 διεξίωσι·

831 696 1040 741 ἐνθεῦτεν
1080 697 1125 741 δὲ
1164 696 1267 741 τάδε
1296 712 1392 741 ποι-

124 784 336 832 ,,εῦντας,
376 781 612 833 πειρᾶσθαι
643 778 821 822 ἐκείνων
849 776 1163 834 περιγενέσθαι.
1222 774 1281 828 ὡς
1307 776 1392 834 γάρ

123 893 148 912 ,,
159 859 241 915 ἐγώ
279 857 568 914 πυνθάνομαι
579 889 591 908 ,

654 857 940 913 Μασσαγέται
988 857 1070 900 εἶσὶ
1115 853 1299 912 ἀγαθῶν
1346 873 1392 901 τε

123 972 147 991 ,,
161 941 389 993 Περσικῶν
418 937 613 992 ἄπειροι,
661 937 735 980 καὶ
771 940 922 980 καλῶν
960 934 1161 993 μεγάλων
1191 934 1448 990 ἀπαθέες.70

69 1017 350 1071 10,,τούτοισι
387 1012 451 1061 ὦν
479 1022 593 1060 τοῖσι
629 1014 840 1070 ἀνδράσι,
877 1020 967 1059 τῶν
1005 1015 1242 1071 προβάτων
1270 1014 1392 1073 ἀφει-

123 1098 268 1151 ,,δέως
296 1096 438 1141 πολλοὶ
468 1094 822 1147 κατακόψαντας,
853 1096 926 1139 καὶ
942 1094 1259 1148 σκευάσαντας,
1280 1112 1389 1151 προ-

122 1183 303 1229 ,,θεῖναι
333 1177 380 1221 ἐν
409 1181 470 1234 τῷ
501 1174 775 1233 στρατοπέδῳ
807 1179 867 1234 τῷ
897 1173 1088 1232 ἡμετέρῳ
1109 1177 1252 1219 δαῖτα·
1281 1176 1391 1232 πρὸς

124 1258 227 1310 ,,δὲ,
267 1257 341 1301 καὶ
374 1259 592 1314 κρητῆρας
629 1254 841 1311 ἀφειδέως
879 1256 1006 1298 οἴνου
1043 1252 1259 1311 ἀκρήτου,
1316 1258 1389 1300 καὶ

67 1344 146 1389 11,,
159 1337 273 1380 σιτία
301 1341 498 1380 παντοῖα.
538 1334 805 1391 ποιήσαντας
837 1334 882 1378 δὲ
910 1338 1069 1387 ταῦτα,
1106 1331 1445 1392 &nomenogii-75

121 1432 264 1468 ,,νους
291 1419 367 1472 τῆς
396 1419 597 1472 στρατιῆς
625 1414 674 1458 τό
705 1412 1034 1470 φλαυρότατον,
1074 1412 1177 1465 τοὺς
1208 1416 1389 1468 λοιπούς

67 1502 111 1535 12
126 1528 150 1547 ,,
164 1489 286 1546 αὖτις
315 1495 621 1551 ἐξαναχωρέειν
650 1493 719 1538 ἐπὶ
748 1493 828 1537 τόν
857 1492 1067 1550 ποταμόν.
1105 1493 1160 1550 ἢν
1188 1494 1272 1551 γὰρ
1302 1495 1387 1552 ἐγώ

120 1572 331 1631 »γνώμης
362 1575 420 1632 μὴ
452 1573 652 1631 ἁμάρτω,
701 1578 841 1618 κεῖνοι
871 1572 1068 1630 ἰδόμενοι
1105 1571 1254 1630 ἀγαθοὶ
1283 1580 1387 1619 πολ·

120 1652 232 1705 ,,λά,
273 1653 508 1707 τρέψονταί
536 1671 580 1698 τε
612 1652 722 1709 πρὸς
753 1652 884 1707 αὐτὰ,
922 1655 995 1697 καὶ
1026 1653 1129 1711 ἡμῖν
1155 1655 1206 1698 τὸ
1235 1654 1388 1700 ἐνθεῦ-

118 1749 226 1784 ,,τεν
253 1735 442 1779 λείπεται
472 1733 672 1786 ἀπόδεξις
703 1733 844 1790 ἔργων
873 1732 1115 1791 μεγάλων.“

61 1988 157 2020 νους
179 1972 271 2029 ἐλᾷς
291 1971 364 2014 ἰθύ
382 1977 453 2025 τῆς
469 1971 618 2027 ἀρχῆς]
645 1973 714 2016 α’ν·

59 2029 293 2081 τιουμένους
321 2033 458 2070 dabant
481 2034 607 2083 optimi
634 2035 715 2083 qui-

60 2099 131 2136 que
161 2089 324 2137 codices,
351 2089 497 2127 minime
522 2090 580 2127 hic
611 2090 714 2140 sp'er-

59 2144 182 2180 neudi.
240 2145 336 2183 Olim
368 2144 712 2197 ἐναντιουμένους,

61 2201 160 2248 quod
179 2200 444 2251 wesselingius
475 2204 643 2252 retinuit,
671 2208 714 2241 ut

60 2251 128 2293 vll
142 2285 153 2304 ‚
176 2260 236 2299 10.
253 2258 318 2301 49.
342 2258 431 2296 Mox
453 2273 532 2298 cum
544 2260 712 2310 Schwgh.

62 2312 266 2364 scripsimus
286 2312 359 2354 ἰθύ
381 2329 449 2367 pro
469 2313 586 2364 ἰθύς,
618 2322 653 2354 et
674 2317 712 2354 in

60 2381 164 2418 seqq.
195 2373 353 2423 Κῦρον,
385 2373 526 2411 abiecto
559 2373 710 2411 articulo

59 2421 155 2472 τὸν,
183 2428 245 2476 qui
271 2428 378 2478 vulgo
408 2430 638 2481 praepositus
659 2429 712 2468 le-

60 2479 169 2528 gitur.
195 2503 250 2511 ·—
278 2484 319 2521 ln
346 2486 537 2536 participio
559 2482 712 2539 ἀπηγη-

61 2533 181 2585 μένου
221 2537 278 2577 hic
312 2542 492 2591 passivam
542 2548 712 2581 notamus

60 2591 152 2640 vim,
182 2594 228 2632 de
257 2608 329 2645 qua
348 2597 478 2636 Matth.
502 2612 588 2650 pag.
615 2603 710 2642 931.

61 2645 162 2686 Idem
187 2661 272 2699 pag.
296 2655 378 2695 667
406 2660 636 2706 comparetur
662 2658 711 2694 ad

59 2704 170 2767 vefba
189 2705 340 2754 εἴξαντα
361 2708 620 2766 ’ὑποχωρῆσαι
638 2715 711 2766 τῆς

60 2771 203 2812 χωρης-

115 2875 329 2922 πειρᾶσθαι
365 2877 529 2919 ἐκείνων
553 2895 708 2933 περιγε-

59 2923 222 2979 νέσθαι]
259 2931 376 2983 Vulgo
416 2937 705 2990 περιγίνεσθαι.

783 1977 897 2021 Quod
929 1978 1178 2029 reposuimus,
1208 1979 1288 2017 libri
1315 1979 1442 2031 optimi

782 2035 932 2072 dabant.

836 2114 1014 2159 τούτοισι
1043 2112 1101 2158 οἷν
1131 2124 1232 2160 τοῖσι
1267 2115 1443 2169 ἀνδράσι

781 2177 860 2214 τῶν
886 2171 1103 2228 προβάτων
1133 2192 1168 2217 κ.
1191 2192 1223 2216 τ.
1246 2174 1305 2228 λ.]
1344 2178 1443 2215 Pen-

782 2233 871 2270 dent
882 2232 972 2271 haec
989 2234 1033 2270 ab
1045 2235 1361 2282 antecedentibus,
1384 2234 1442 2272 hic

780 2294 903 2327 mente
921 2291 1151 2340 repetendis:
1185 2294 1260 2330 νῦν
1286 2285 1343 2330 ὦν
1373 2305 1441 2342 μοι

781 2345 920 2385 δοκέει.
938 2369 994 2374 —
1019 2343 1203 2398 πρόβατα
1220 2361 1316 2398 quae
1340 2353 1440 2396 sunt,

778 2403 983 2440 monuimus
1011 2404 1059 2441 ad
1082 2403 1121 2451 Ι,
1144 2406 1235 2446 133.
1268 2404 1335 2442 Cr.
1353 2417 1442 2443 con-

780 2460 851 2496 sert
871 2459 1038 2497 Eustath.
1061 2461 1109 2497 ad
1130 2462 1268 2510 Odyss.
1298 2461 1358 2510 X,
1384 2462 1441 2504 82

779 2537 836 2543 —-
849 2517 903 2557 85
923 2530 1011 2567 pag.
1030 2519 1115 2559 384
1133 2518 1248 2556 Basil.

838 2600 1014 2640 λείπεται
1035 2596 1225 2650 ἀπόδεξις
1237 2600 1362 2656 ἔργων
1374 2616 1440 2654 με-

779 2654 939 2709 γάλων]
981 2659 1005 2695 ἰ.
1043 2672 1074 2697 e.
1122 2658 1266 2697 dabitur
1303 2662 1440 2697 occasio

778 2726 911 2764 magna
925 2715 1099 2766 facinora
1116 2715 1248 2754 edendi.
1267 2715 1327 2755 De
1341 2711 1440 2756 ἀπό-

779 2771 884 2819 δεξις
913 2772 1066 2809 vidimus
1093 2773 1140 2810 ad
1171 2774 1293 2824 operis
1316 2773 1440 2811 Hero-

779 2828 879 2866 dotei
906 2829 1058 2866 initium.
1087 2851 1144 2856 —
1171 2829 1232 2867 Ad
1259 2826 1439 2880 ἰδόμενοι

778 2883 814 2920 in
835 2885 999 2934 proxime
1019 2886 1320 2924 antecedentibus
1341 2887 1436 2923 conf.

777 2938 909 2978 Matth.
931 2954 1020 2992 pag.
1042 2941 1138 2983 450.
