1814 3315
324 242 406 283 150
734 234 1201 275 HERODOTI

328 365 432 403 ρον,
476 346 547 390 καὶ
595 343 774 402 εὐηθίης
810 346 988 404 ἠλιθίου
1022 343 1352 401 ἀπηλλαγμένον
1392 345 1640 400 μᾶλλον·25

327 430 363 471 εἰ
392 427 463 471 καὶ
492 424 588 468 τότε
615 441 662 481 γε
693 420 816 469 οὗτοι
844 425 891 468 ἐν
916 423 1212 480 Ἀθηναίοισι,
1241 428 1356 466 τοῖσι
1373 421 1586 477 πρώτοισι

330 504 598 561 λεγομένοισι
646 501 758 548 εἶναι
797 502 1014 561 Ἑλλήνων
1065 504 1253 558 σοφίην,
1311 506 1587 559 μηχανῶνται

300 582 493 627 5τοια’ὁ“ε.

330 663 498 718 οὔνομα
537 655 594 717 ἦν
639 661 736 719 Φύη
746 695 756 714 ,

551 581 620 626 Ἐν
655 587 716 641 τῷ
756 582 876 640 δήμῳ
917 586 977 639 τῷ
1017 580 1220 625 Παιανιέι·
1256 576 1313 637 ἦν
1350 580 1484 637 γυνὴ,
1533 585 1586 638 τῇ

814 661 1006 718 μέγαθος
1046 659 1131 704 ἀπὸ
1172 659 1384 716 τεσσέρων
1418 661 1588 717 πηχέων

329 739 626 785 ἀπολείπουσα
664 745 776 796 τρεῖς
815 739 1078 791 δακτύλους,
1118 740 1192 783 καὶ
1231 739 1370 790 ἄλλως
1407 737 1585 796 εὐειδής.
1600 746 1646 781 30

303 828 325 862 6
334 819 496 876 ταύτην
514 819 599 875 τὴν.
615 824 802 874 γυναῖκα
824 818 1111 869 σκευάσαντες
1130 820 1372 874 πανοπλίῃ,
1407 818 1450 869 ἐς
1473 817 1591 874 ἅρμα

331 897 658 955 ἐσβιβάσαντες,
688 898 762 941 καὶ
789 896 1072 952 προδέξαντες
1101 899 1240 952 σχῆμα
1264 893 1360 939 οἷόν
1385 913 1425 939 τι
1450 896 1592 952 ἔμελλε

279 1096 431 1148 ρουσιν,
461 1084 653 1122 τοσοῦτον
670 1083 752 1121 τῶν
773 1082 926 1122 λοιπων

277 1136 433 1180 πόλεων
457 1137 487 1190 ’ἡ
502 1141 582 1178 τῶν
604 1133 829 1189 Ἀθηναίων
856 1153 929 1177 πα-

280 1192 469 1250 ραλάττει.
539 1194 669 1243 „.Add
719 1195 930 1245 ΟΙ)ιηῙ)ἰο<1.

281 1253 366 1302 „ad
405 1252 546 1290 Platon.
579 1251 714 1288 Alcib.:
762 1248 932 1303 πάτριον

281 1305 388 1361 ,,γοῖρ
415 1303 647 1358 Ἀθηναίοις
674 1309 800 1362 σοφιςῖ
816 1309 934 1361 νικᾷν

282 1395 307 1414 ,,
319 1366 374 1415 (p.
399 1368 462 1406 12.
485 1364 575 1404 144.
600 1365 699 1411 168)
722 1368 758 1401 et
775 1377 869 1413 quae
886 1363 934 1400 ad

283 1421 469 1470 „Homen
523 1420 659 1467 odyss.
710 1420 811 1465 XXI,
853 1421 932 1461 107

283 1476 404 1526 ,‚(ubi
442 1475 681 1514 Telemachus
725 1476 935 1526 Penelopen

284 1536 472 1583 „matrem
521 1532 673 1569 Graecis
726 1533 935 1570 mulieribus

285 1589 470 1639 „omnino
494 1592 682 1639 praestare
708 1589 823 1637 dicit)
859 1593 936 1625 tum

285 1645 388 1695 „alia
425 1645 617 1695 adscripsit
643 1643 810 1681 Eustath.
848 1657 935 1695 pag.

286 1701 415 1750 „752,
429 1703 479 1742 16
496 1700 582 1737 Bas.
596 1729 607 1748 ‚
627 1704 703 1737 tum
721 1714 808 1738 vero
828 1702 936 1738 etiam

287 1757 429 1806 „haecx
480 1755 517 1795 εἰ
557 1757 695 1796 τοίνυν
727 1753 828 1808 πρός
866 1754 938 1808 μὲν

288 1808 390 1863 »τοὶς
430 1808 658 1865 βαρβάρους
707 1808 940 1866 ἀσύγκριτος

289 1883 376 1919 ,,ως
401 1866 578 1920 Ἑλληνὶς
610 1866 730 1920 αὕτη,
778 1872 858 1908 τῶν
897 1868 940 1909 δὲ

289 1923 560 1975 ,,Ἑλληνίδων
574 1921 774 1976 ου’δεμία’
757 1924 837 1965 εστὶ
858 1921 940 1965 κατ’

291 2010 318 2029 ,,
307 1976 469 2031 ,αυτήν,
491 1983 631 2020 πασῶν
653 1984 803 2021 λοιπῶν
821 1997 942 2033 υπερ-

291 2040 486 2087 »κεῖσθαι
505 2033 638 2089 λέγοι
622 2034 672 2076 οἶν
688 2036 708 2078 ὃ
727 2039 845 2085 παῖς(
849 2039 942 2076 ‘Cr.

348 2091 416 2131 καὶ
440 2088 611 2144 εὖηθίης
635 2089 800 2144 ἠλιθίου
822 2089 942 2145 απηλ-

293 2147 488 2201 λαγμένον
507 2148 670 2200 μᾶλλον]
704 2150 764 2187 Ad
793 2150 944 2189 locutio-

293 2218 376 2243 nem
401 2205 496 2242 conf.
531 2204 710 2242 Plutarch.
741 2206 884 2244 Cimon
917 2209 944 2248 4

293 2275 331 2312 p
371 2262 471 2302 110:
518 2256 744 2312 δεινότητός
791 2276 832 2301 τε
877 2277 946 2302 και

296 2316 515 2367 στωμυλίας
530 2313 702 2368 Ἀττικῆς
714 2313 814 2365 όλως
825 2313 945 2370 οἷπηλ-

297 2368 456 2423 λαχθαι.
502 2371 562 2409 Ad
592 2376 807 2411 structuram
826 2388 947 2424 gram-

296 2429 465 2466 maticam
500 2427 566 2466 Cr.
604 2428 729 2467 laudat
762 2431 948 2468 Schaeferi

297 2484 583 2523 observationem
659 2485 709 2522 ad
780 2485 948 2538 Apollon.

298 2540 419 2578 Rhod.
450 2540 558 2577 schol.
597 2554 633 2591 p.
665 2541 743 2583 165
775 2543 824 2580 de
861 2555 948 2580 con-

300 2595 480 2635 iunctione
496 2596 672 2647 participii
696 2594 754 2637 ὢν
775 2611 855 2636 cum
879 2599 950 2636 alio

299 2651 501 2702 participio.
562 2651 702 2690 Nostro
744 2658 866 2692 tamen
909 2655 947 2691 in

301 2708 380 2745 loco
397 2707 489 2744 hanc
509 2711 721 2746 structuram
748 2710 866 2747 minus
881 2710 946 2747 ha-

302 2764 389 2801 bere
418 2762 651 2812 offensionis,
680 2777 788 2814 quam
811 2767 848 2803 in
869 2766 947 2803 aliis

303 2818 372 2855 illic
380 2818 546 2866 laudatis,
564 2820 709 2860 minime
721 2822 814 2872 sugit
830 2822 948 2874 ipsum

303 2874 416 2912 virum
437 2875 592 2913 doctum.

1051 1073 1105 1131 ἦν
1121 1076 1238 1131 γυνή,
1251 1081 1303 1135 τῇ
1312 1076 1467 1132 οὕνομα
1475 1073 1526 1133 ἧν
1541 1076 1649 1131 Φύη]

996 1138 1091 1174 Sunt
1116 1137 1192 1174 bini
1217 1136 1275 1174 alii
1294 1138 1385 1185 loci,
1415 1138 1476 1186 qui
1502 1138 1571 1174 huc
1596 1139 1654 1175 sa-

998 1194 1117 1241 ciunt,
1155 1193 1247 1231 alter
1274 1193 1452 1231 Athenaei
1479 1193 1588 1241 XIII,
1625 1196 1653 1236 9

999 1263 1085 1302 pag.
1113 1251 1216 1298 609,
1245 1249 1334 1288 alter
1354 1250 1580 1299 Hermogen.
1606 1250 1654 1287 de

1001 1307 1135 1344 invent.
1173 1306 1212 1353 I,
1248 1306 1316 1354 42,
1346 1306 1408 1342 ubi
1432 1306 1656 1355 Phylarchus

1003 1367 1040 1401 et
1077 1362 1264 1400 Clidemus
1303 1363 1459 1400 citantur
1490 1366 1656 1399 auctores

1003 1419 1069 1467 (cf.
1091 1418 1246 1456 Clidemi
1273 1419 1417 1467 frgmm.
1450 1432 1487 1469 p.
1508 1418 1562 1459 46
1595 1418 1654 1455 ed.

1002 1474 1118 1513 LenZ.
1148 1480 1185 1512 et
1213 1474 1379 1523 Siebel.).
1417 1473 1518 1511 Alios
1557 1474 1656 1511 locos

1001 1545 1081 1569 cum
1102 1531 1201 1568 hisce
1228 1543 1301 1567 una
1324 1531 1511 1580 congessit
1531 1529 1656 1568 Meur-

1002 1588 1076 1624 sius
1105 1587 1143 1624 in
1167 1587 1348 1624 Pisistrat.
1377 1600 1433 1637 cp.
1464 1586 1502 1628 4.
1560 1587 1657 1624 Hinc

1003 1644 1100 1682 enim
1119 1643 1289 1680 discimus
1309 1643 1403 1680 hanc
1419 1643 1604 1681 mulierem
1622 1646 1659 1680 et

1003 1699 1231 1751 perpulcram
1248 1699 1375 1747 fuisse,
1406 1704 1443 1737 et
1458 1700 1566 1736 filiam
1588 1699 1659 1736 So-

1004 1756 1112 1793 cratis
1142 1756 1349 1804 cuiusdam,
1378 1769 1549 1794 coronam
1569 1768 1660 1793 ven-

1007 1813 1178 1859 dentem,
1247 1817 1452 1863 posteaque
1507 1816 1659 1863 nuptam

1006 1868 1220 1919 Hipparcho
1258 1868 1440 1906 Pisistrati
1483 1869 1570 1906 filio.
1602 1888 1660 1895 —

1006 1924 1096 1962 Mox
1119 1924 1327 1976 scripsimus
1355 1938 1434 1962 cum
1449 1924 1529 1962 aliis
1547 1922 1661 1976 μέγα-

1008 1985 1087 2027 θος
1115 1994 1182 2031 pro
1209 1979 1378 2033 μέγεθος
1404 1982 1504 2031 quod
1533 1993 1662 2019 omnes

1007 2036 1089 2074 libri
1112 2050 1185 2074 uno
1207 2042 1359 2089 excepto
1380 2038 1549 2075 offerunt.

1065 2092 1324 2144 προδέξαντες
1355 2093 1485 2145 σχῆμα
1511 2089 1597 2133 οἷόν
1625 2108 1663 2132 τι

1011 2164 1047 2189 κ.
1067 2164 1099 2188 τ.
1119 2151 1168 2196 λ.]
1196 2151 1266 2188 Vix
1292 2164 1386 2201 opus
1402 2150 1664 2189 emendationi-

1012 2206 1099 2253 bus,
1130 2206 1255 2255 quales
1281 2211 1368 2244 sunt
1383 2203 1664 2257 προσάψαντες

1012 2275 1043 2299 S.
1062 2258 1357 2312 προσδήσαντες
1380 2263 1464 2312 (IV,
1484 2264 1574 2305 195.
1598 2263 1663 2310 VI,

1016 2319 1138 2365 119)·,
1187 2324 1357 2368 recteque
1383 2321 1533 2357 verbum
1560 2334 1666 2371 προ-

1014 2372 1193 2421 δέξαντες
1225 2375 1320 2425 (pro
1364 2375 1503 2424 vulgari
1548 2378 1666 2413 forma

1014 2429 1313 2480 προδείξαντες)
1341 2432 1452 2468 tuitus
1472 2436 1529 2469 est
1556 2432 1666 2470 lVes-

1015 2486 1190 2534 selingius
1231 2487 1434 2537 explicans:
1475 2491 1664 2534 „ostenta-

1015 2545 1097 2578 runt
1115 2554 1197 2591 ergo
1216 2543 1442 2592 magnificam
1469 2542 1572 2581 illam
1588 2557 1664 2594 spe-

1017 2599 1123 2645 ciem,
1170 2601 1211 2635 ut
1266 2601 1426 2635 incautos
1457 2599 1666 2650 sallerent.“

1013 2653 1180 2703 Schwgh.
1210 2654 1271 2703 qui
1303 2659 1341 2692 et
1376 2655 1458 2705 ipse
1482 2657 1666 2706 vulgatam

1014 2713 1135 2757 tenet,
1163 2710 1265 2747 aliter
1284 2722 1364 2748 eam
1387 2711 1425 2747 in
1450 2711 1667 2764 interpreta-

1015 2765 1115 2803 tione
1129 2767 1323 2816 expressit:
1354 2795 1379 2814 ‚,
1391 2769 1430 2804 in
1451 2781 1592 2807 currum
1606 2783 1666 2807 su-

1017 2821 1193 2858 stulissent
1238 2822 1393 2860 edoctam
1436 2828 1541 2875 prius
1590 2838 1668 2864 eum

1019 2877 1196 2916 adsumere
1221 2878 1342 2917 vultus
1368 2885 1584 2934 corporisque
1599 2883 1665 2921 lm-
