1759 3324
610 273 830 312 CLIO.
888 273 916 310 1.
1316 272 1402 312 425

137 466 367 521 ἀπορέοντι
404 461 656 519 υπεθήκατο
672 497 682 515 ,

15 392 111 438 191
138 387 400 445 πρηγματων
438 384 820 439 προκοπτομένων.
882 383 986 426 Εἴτε
1013 381 1068 438 δή
1099 375 1162 425 ὠν
1192 380 1322 432 ἄλλος
1351 383 1396 424 οι
1408 386 1608 427 5oss1mhmte
1632 403 1661 421 u·
1689 395 1731 423 ia

1454 435 1560 453 cuii-'un
1585 428 1669 455 uleriv
1672 433 1732 463 am,

742 464 784 505 εἴ
819 477 864 505 τε
903 462 976 505 καὶ
1010 460 1141 513 αὐτὸς
1180 461 1316 517 ἔμαθε
1344 477 1393 504 ‘⁸⁰
1452 461 1569 526 ἷῗὲιῖῗιῗῗ
1597 450 1733 522 ÷¹.‘.‘{{....³.}.{

1455 531 1484 553 ct
1496 527 1531 553 ob
1541 527 1584 553 ses
1587 530 1647 554 tum
1657 529 1683 553 (ἰΙ
1678 538 1733 555 :mn

109 543 341 602 Ξποιητέον
371 544 415 587 οἱ
441 538 521 600 ἦν,
553 542 692 586 ἐποίεε
727 542 780 598 δὴ
808 540 992 585 τοιόνδε.
1022 538 1152 593 τάξας
1172 540 1254 597 τὴν
1272 552 1396 597 στρα-
1454 560 1592 587 laetitiae
1617 562 1716 588 dedito
1702 571 1734 588 ωε

135 623 231 680 τιὴν
260 622 432 666 ἅπασαν
462 622 504 675 ἐξ
533 623 716 679 ἐμβολῆς

745 624 828 665 τοῦ
863 624 1088 677 ποταμοῦ,
1145 624 1200 678 τῇ
1237 620 1280 672 ἐς
1318 619 1397 676 τὴν
1453 597 1612 656 ἓξίῖἑῖἷιιὲιῖ
1639 596 1734 623 θ’ὃῧῦ

134 702 262 747 πόλιν
290 700 508 758 ἐσβάλλει,
538 702 612 745 καὶ
643 701 799 745 ὄπισθε
831 695 952 751 αὖτις
980 703 1057 756 τῆς
1084 697 1237 750 πόλιος
1266 699 1396 752 τάξας

134 781 328 836 ἑτέρους,
357 784 410 837 τῇ
441 781 540 833 ἐξίει
570 781 616 824 ἐκ
645 784 720 837 τῆς

749 781 902 831 πόλιος
930 778 953 823 ὁ
973 777 1190 835 ποταμός·
1219 783 1401 834 προεῖπε

135 864 196 918 τῷ
226 863 418 918 στρατῷ,
450 859 557 903 ὅταν
588 859 799 916 διαβατὸν
829 859 877 902 τὸ
909 858 1094 915 ῥέεθρον
1124 860 1305 902 ἴδωνται
1334 875 1402 915 γε-
1414 867 1458 901 55

107 938 352 995 3νόμενον,
393 939 553 983 ἐσιέναι
581 940 717 998 ταύτῃ

747 940 790 992 ἐς
822 939 901 996 τὴν
930 938 1069 983 πόλιν.
1129 937 1244 982 οὕτω
1273 955 1318 982 τε
1348 939 1401 994 δὴ

136 1018 289 1073 τάξας,
337 1019 410 1063 καὶ
439 1020 549 1064 κατα
578 1024 714 1065 ταῦτα
742 1019 1036 1075 παραινέσας,
1077 1016 1299 1074 ἀπήλαυνε
1330 1014 1418 1061 αὐέ

109 1099 215 1152 4τός
253 1099 336 1143 σὺν
373 1102 434 1156 τῷ
473 1097 637 1158 ἀχρηίῳ
677 1103 757 1143 τοῦ
796 1102 997 1154 στρατοῦ.
1049 1096 1327 1154 Ἀπικόμενος
1357 1097 1404 1140 δὲ

137 1179 207 1224 ἐπὶ
235 1178 314 1235 τὴν
343 1179 524 1235 λίμνην,
573 1177 628 1222 τά
657 1194 737 1235 περ

768 1176 795 1235 ἦ
824 1181 914 1222 τῶν
943 1178 1241 1233 Βαβυλωνίων
1271 1178 1400 1232 βασί-

138 1263 231 1302 λεια
269 1258 442 1315 ἐποίησε
482 1256 594 1301 κατά
629 1274 675 1302 τε
711 1257 790 1301 τόν
825 1256 1023 1313 ποταμὸν
1057 1257 1131 1300 καὶ
1174 1255 1284 1299 κατὰ
1321 1255 1457 1311 τὴνδο

109 1339 315 1394 5λίμνην,
347 1338 486 1381 ἐποίεε
517 1338 590 1380 καὶ
621 1337 644 1381 ὁ
675 1340 825 1391 Κῦρος
855 1337 978 1392 ἕτερα
996 1339 1192 1380 τοιαῦτα.
1224 1335 1301 1380 τὸν
1316 1335 1400 1391 γὰρ

138 1415 338 1473 ποταμόν
368 1415 549 1471 διώρυχι
587 1416 811 1472 ἐσαγαγών
851 1417 895 1468 ἐς
931 1415 1012 1472 τὴν
1050 1417 1207 1472 λίμνην
1245 1415 1407 1459 ἐοῦσαν

139 1495 260 1549 ἕλος,
300 1495 349 1540 τὸ
379 1495 564 1552 ἀρχαῖον
604 1493 788 1552 ῥέεθρον
825 1494 1038 1552 διαβατὸν
1072 1493 1184 1540 εἶναι
1214 1495 1401 1551 ἐποίησε,

273 1692 305 1730 C
318 1705 388 1744 ap.
423 1691 557 1730 CXCI

141 1778 193 1831 τῆ
225 1775 318 1824 ἐξίει
356 1775 399 1816 ἐκ
435 1778 507 1827 τῆς
550 1770 686 1822 πόλιος
721 1773 741 1815 ὅ

85 1818 284 1884 ποταμός]
314 1833 373 1871 Dc
389 1832 543 1871 forma'
526 1833 619 1882 εξίει
645 1834 739 1870 conf.

85 1889 191 1938 adl,
216 1891 307 1931 180

144 1968 264 2021 αὕτος
293 1971 369 2014 συν
397 1989 452 2027 τῳ
485 1970 635 2029 οἷχρηΐῳ
667 1975 742 2013 τοῦ

87 2028 278 2083 στρατοῦ]
330 2031 505 2081 Intelligit
536 2031 740 2070 Larcherus

86 2087 164 2136 „les
188 2091 336 2138 troupes
363 2088 415 2126 les
443 2088 560 2126 moins
584 2089 739 2136 bonnes,

88 2144 140 2182 les
166 2144 283 2181 moins
312 2145 520 2194 aguerries‚
548 2144 601 2183 les
623 2146 740 2183 moins

88 2200 423 2251 experimentee5‚“
467 2215 548 2239 cum
586 2202 680 2240 infra
708 2201 739 2249 Ι,

89 2260 168 2298 211
207 2258 337 2295 eadem
362 2258 567 2295 inveniatur
596 2259 741 2305 locutio,

90 2325 184 2362 quae
218 2313 259 2361 I,
287 2317 369 2356 207
406 2315 604 2365 explicetur
637 2315 742 2366 quasi

90 2369 227 2408 verbis:
264 2373 338 2421 τῆς
363 2374 547 2424 στρατιῆς
570 2368 613 2412 τὸ
641 2387 743 2421 φαυ-

91 2419 262 2464 λότατον.
311 2426 441 2478 Nuper
469 2429 668 2466 admodum
704 2429 742 2465 in

92 2487 362 2531 programmate
385 2485 614 2533 academico,
645 2486 746 2534 quod

93 2535 274 2586 Erlangae
292 2541 430 2590 prodiit
443 2544 550 2583 1827
571 2546 607 2579 ct
621 2541 746 2580 lectio-

96 2605 184 2630 num
193 2592 463 2634 Homericarum
484 2599 644 2636 continet
661 2612 746 2649 spe-

99 2649 214 2686 cimen
234 2650 271 2698 Ι,
298 2652 541 2691 Doederlinus
564 2656 611 2693 de
632 2655 745 2704 signi-

100 2704 267 2743 ficatione
293 2711 330 2746 et
364 2722 433 2746 usu
466 2711 564 2749 vocis
576 2707 745 2779 αχρεῖος

101 2761 277 2808 quaesivit
301 2776 387 2814 pag.
408 2768 434 2806 6
456 2780 532 2816 seq.
576 2762 746 2832 ’Λχρεῖος

102 2815 197 2852 enim
223 2818 398 2869 (inutiles)
433 2828 560 2861 monet
585 2825 632 2862 de
667 2825 747 2862 ani-

104 2872 280 2910 mantibus
310 2876 402 2924 dici,
441 2890 484 2916 ac
512 2880 666 2929 primum
699 2882 747 2918 de

106 2939 257 2977 corpore
278 2932 326 2968 ad
353 2945 444 2982 opus
462 2936 651 2984 quodlibet
667 2937 748 2974 inu-

806 1693 881 1741 tili,
903 1692 952 1731 ita
972 1695 1013 1730 ut
1027 1691 1300 1730 imbecillitatem
1324 1691 1462 1730 indicet

808 1763 934 1787 eorum
954 1750 1132 1797 maxime,
1161 1750 1223 1799 qui
1237 1748 1385 1786 militiae
1405 1752 1464 1785 to-

807 1806 981 1844 lerandae
1022 1805 1078 1843 vel
1116 1807 1225 1843 armis
1260 1805 1459 1842 tractandis

807 1864 966 1913 impares
1002 1862 1085 1899 sint.
1149 1862 1224 1900 Ubi
1250 1861 1367 1899 nostri
1391 1861 1462 1898 loci

809 1932 885 1956 non
908 1919 1038 1956 oblitus
1060 1923 1115 1956 est
1134 1920 1188 1956 vir
1208 1919 1347 1956 doctus.

866 1972 1072 2028 ἐσαγαγών
1118 1974 1158 2022 ἐς
1197 1972 1272 2026 τήν
1317 1974 1464 2025 λίμνην

807 2031 955 2073 ἐοῦσαν
992 2031 1107 2079 ἕλος]
1169 2032 1267 2070 Olim
1309 2031 1464 2082 εἰσαγα-

807 2086 912 2142 γών,
935 2089 1001 2127 sed
1013 2085 1214 2142 ἐσαγαγών
1233 2088 1316 2126 libri
1339 2088 1464 2138 scripti

809 2146 1105 2197 suppeditabant.
1168 2144 1229 2183 Ad
1266 2156 1465 2195 argumen-

808 2206 885 2240 tum
914 2202 1179 2251 wesselingius
1216 2203 1328 2240 refert
1363 2201 1464 2238 Iere-

809 2260 904 2298 miae
923 2259 1041 2297 locum
1067 2258 1144 2307 LI,
1172 2261 1248 2306 32,
1277 2258 1341 2295 ubi
1370 2270 1465 2294 non-

809 2316 911 2353 nulla
923 2316 1072 2353 Grotius
1092 2319 1130 2353 et
1150 2316 1281 2366 Camp.
1294 2314 1465 2363 Vitringa

812 2373 994 2411 Observv.
1013 2373 1134 2409 Sacrr.
1157 2371 1233 2419 VI,
1263 2372 1288 2414 5
1312 2384 1349 2422 p.
1367 2372 1464 2418 298,

812 2429 993 2467 Gcsenius
1020 2429 1148 2478 (cuius
1181 2429 1300 2466 locum
1329 2427 1467 2464 adscri-

810 2486 884 2537 psit
905 2485 972 2523 Cr.
1007 2486 1045 2522 in
1071 2485 1294 2523 Commentt.
1321 2484 1370 2521 ad
1395 2483 1466 2520 Ies.

811 2548 839 2579 t.
854 2542 887 2579 ΙΙ
904 2555 941 2593 p.
954 2543 1027 2590 88)
1046 2541 1185 2580 Iesaiae
1203 2541 1321 2579 locum
1330 2539 1467 2588 XLIV,

813 2601 887 2647 27,
916 2598 978 2635 ubi
993 2599 1065 2635 vid.
1102 2598 1215 2642 Quod
1238 2610 1324 2635 vero
1341 2597 1469 2634 discri-

811 2668 897 2693 men
924 2654 1191 2704 lVesselingius
1221 2654 1347 2692 statuit
1373 2654 1470 2691 inter

812 2711 960 2762 λίμνην
991 2715 1029 2749 et
1068 2710 1171 2759 ἕλος,
1208 2723 1365 2760 quorum
1399 2710 1468 2746 hoc

813 2768 861 2805 sit
876 2772 1040 2817 stagnum
1069 2772 1164 2805 terra
1180 2768 1333 2818 undique
1350 2765 1466 2804 inclu-

814 2838 891 2863 sum
925 2829 958 2862 et
989 2827 1089 2862 exitu
1125 2836 1300 2875 aquarum
1335 2835 1468 2870 carens,

814 2881 904 2918 illud
916 2881 1024 2931 palus
1037 2909 1047 2927 ,
1062 2883 1101 2919 in
1121 2894 1226 2931 quam
1247 2883 1312 2918 aut
1326 2880 1468 2930 fluuius

813 2939 996 2986 incurrat,
1031 2941 1097 2976 aut
1123 2937 1233 2976 ducta
1252 2936 1359 2987 fossa
1388 2947 1467 2972 cum
