1805 3315
613 232 832 272 CLIO.
890 233 917 271 1.

120 348 254 404 μῖζειν
284 346 409 399 ἔργον
445 339 557 385 εἶναι
567 355 578 368 ·

119 425 382 482 ποιήσασθαι
426 420 674 476 τιμωρέειν,
735 419 959 478 ἀνοήτων·

1347 239 1403 279 13

636 341 686 385 τό
730 342 777 386 δὲ
825 342 1158 398 ἁρπασθεισέων
1204 344 1402 402 σπουδήν

1010 422 1060 466 τὸ
1101 421 1148 466 δὲ
1189 425 1402 479 μηδεμίαν

95 501 361 560 3c1'1'97vk'2av
385 497 738 554 ἁρπασθεισέων,
768 500 1027 557 σωφρόνων.
1066 503 1175 558 δῆλα
1209 501 1294 558 γάρ
1331 502 1447 560 δή,6ο

95 583 202 632 4ὅτι,
234 581 271 623 εἰ
293 578 351 635 μὴ
373 577 501 622 αὐταὶ
521 578 766 635 ἕβουλέατο,
792 578 872 622 οὐκ
893 578 947 622 ἄν
967 579 1230 637 ἡρπάζοντο.
1263 583 1400 636 σφέας

114 659 193 716 μὲν
219 656 293 714 δὴ,
324 658 427 709 τούς
445 657 493 701 ἐκ
514 661 590 713 τῆς
616 656 771 714 Ἀσίης,
806 658 983 713 λέγουσι
1010 659 1191 713 Πέρσαι,
1216 658 1402 715 ἁρπαζο-

111 738 275 795 μενέων
292 741 381 781 τῶν
400 740 622 793 γυναικῶν
649 736 781 792 λόγον
807 735 969 781 ου’δένα
986 736 1257 794 ποιήσασθαι
1270 754 1280 765 ·
1294 738 1400 784 ’Ἑλ-

113 822 245 874 ληνας
274 817 318 860 δὲ
345 818 691 873 Λακεδαιμονίης
714 819 876 861 εἵνεκεν
906 816 1116 873 γυναικός
1146 818 1303 862 στόλον
1329 818 1399 875 με’-

114 912 196 953 γαν
228 901 503 952 συναγεῖραι,
543 897 616 940 καὶ
640 897 784 941 ἔπειτα
812 896 1019 947 ἐλθόντας
1052 896 1095 947 ἐς
1134 896 1214 953 τήν
1243 895 1445 953 Ἀσίην,65

113 975 196 1033 τήν
215 973 423 1032 Πριάμου
447 975 632 1033 δύναμιν
656 980 859 1020 κατελεῖν.
889 973 975 1020 οἷπό
999 974 1158 1021 τούτου
1182 976 1262 1021 αἰεὶ
1290 974 1398 1034 ἡγή-

76 1172 174 1209 Hinc
210 1185 355 1220 quoque
387 1170 585 1223 μηδεμίην
619 1169 730 1224 ὤρην

75 1227 176 1279 ἔχειν
195 1241 224 1264 s,
246 1231 450 1266 ποιεῖσθαι
468 1233 608 1266 vertere
627 1229 728 1266 licet:

72 1297 143 1321 rem
160 1287 268 1334 parvi
291 1298 320 1320 s.
343 1285 449 1320 m'hz'le'
466 1285 632 1333 pendere,
662 1298 728 1322 un-

73 1341 122 1378 de
154 1341 253 1378 haud
282 1340 433 1377 multum
465 1342 730 1389 significatione

73 1398 206 1443 distat,
236 1397 335 1445 quod
352 1397 444 1433 insra
458 1397 633 1446 legimus:
664 1393 727 1438 λό-

0 1455 12 1463 ’
72 1467 145 1506 γον
180 1447 327 1491 ου’δένα
358 1448 619 1504 ποιήσασθαι.
668 1455 727 1492 Cf.

75 1509 199 1547 Gloss.
238 1509 377 1546 Herod.
420 1514 456 1547 et
500 1524 592 1560 quae
627 1512 729 1548 addit

74 1567 223 1603 Creuz.:
277 1595 301 1612 „
313 1565 433 1603 Klotz.
477 1568 526 1603 ad
576 1567 612 1604 T
615 1569 728 1616 yrtaei

74 1623 235 1660 Carmm
269 1635 304 1672 p.
336 1622 398 1663 14
434 1623 592 1673 Hesych.
621 1624 657 1660 Π
689 1639 726 1675 p.

76 1680 184 1721 1593
211 1679 269 1715 ed.
295 1676 473 1716 Albertif‘
508 1680 624 1727 Hinc,
665 1694 728 1718 eo-

0 1748 7 1769 f
75 1736 160 1773 dem
187 1734 250 1772 Cr.
282 1740 472 1784 monente,
512 1731 726 1788 ω’ρεύειν

72 1793 95 1828 i.
119 1805 150 1829 e.
172 1785 404 1841 φυλασσειν,
435 1793 583 1830 verbum
601 1794 727 1841 rarius,

73 1848 165 1886 eruit
193 1847 387 1885 Ruhnken
412 1849 449 1885 in
475 1848 591 1899 Epist.
620 1851 726 1887 critic.

71 1918 109 1955 p.
135 1907 225 1946 100.
265 1902 360 1941 Add.
391 1904 433 1941 F.
462 1904 504 1942 A.
538 1905 649 1942 Wolf.
679 1907 725 1942 ad

71 1960 224 1998 Hesiod.
238 1959 274 1997 T
276 1960 382 2010 heog.
405 1975 457 1998 vs.
478 1963 559 2003 903
580 1976 617 2012 p.
634 1964 725 2004 133.

9 2060 15 2071 .,
127 2025 172 2068 τό
202 2025 245 2067 δὲ
273 2025 576 2079 ἁρπασθεισέων
595 2042 725 2069 σπου-

20 2110 27 2125 -.
71 2081 149 2137 δήν
198 2079 449 2134 ποιήσασθαι
499 2085 725 2138 τιμωρέειν]

71 2141 215 2180 Pendet
241 2142 436 2178 infinitivus
475 2142 678 2194 τιμωρέειν
705 2157 728 2182 a

75 2195 257 2249 σπουδήν
273 2194 535 2249 ποιήσασθαι,
545 2201 643 2237 cuius
662 2214 728 2249 ge-

70 2255 168 2292 neris
196 2255 359 2304 exempla
374 2259 450 2293 tum
474 2269 517 2293 ex
535 2256 728 2294 Herodoto

71 2311 128 2361 (Ῑ,
154 2312 220 2353 35·
253 2311 326 2360 59)
356 2315 432 2349 tum
463 2325 506 2349 ex
539 2313 615 2350 aliis
642 2315 730 2351 scri-

17 2408 19 2410 ,
69 2368 233 2418 ptoribus
256 2369 409 2418 adponit
430 2368 572 2406 Schaef.
595 2371 643 2407 ad
659 2371 730 2407 So-

69 2424 187 2475 phocl.
216 2424 367 2462 Electr.·
384 2425 466 2466 343
481 2455 491 2473 ,
529 2439 573 2463 ex
595 2427 732 2464 omissa

14 2503 19 2509 ·
68 2479 243 2531 particula
271 2476 368 2519 ὥστε
391 2481 487 2518 hunc
520 2495 625 2519 usum
664 2496 729 2521 ex-

69 2537 221 2587 plicanS.
277 2537 447 2585 Rectius,
486 2540 636 2588 opinor,
677 2541 725 2577 ad

71 2606 116 2630 ea
133 2595 269 2631 referes
281 2623 291 2641 ‚
321 2607 414 2642 quae
432 2596 572 2632 monuit
590 2595 721 2633 Matth.

72 2649 137 2685 Gr.
157 2650 221 2686 Gr.
238 2648 274 2700 ἓ.
299 2650 392 2692 531.
422 2647 728 2699 ἁρπασθεισέων

10 2740 12 2742 ,
69 2704 139 2741 erit
167 2707 344 2754 genitivus
370 2706 484 2743 absol.
510 2709 586 2745 eius
613 2722 728 2757 gene-

67 2761 138 2807 ris,
174 2762 317 2810 qualem
350 2764 399 2800 ad
432 2763 470 2812 I,
509 2766 547 2805 3.
585 2766 727 2803 notavi—

65 2829 157 2854 muS.

120 2883 223 2936 δῆλα
237 2881 312 2940 γοῖρ
329 2885 381 2941 δή
391 2918 403 2940 ,
436 2883 496 2930 ’ὅτι
513 2888 551 2931 εἶ
569 2886 627 2943 μή
654 2886 724 2932 αὕ-

786 1170 851 1211 ταὶ
885 1168 1095 1222 ε’βουλέατο
1129 1186 1163 1211 κ.
1195 1186 1227 1210 τ.
1259 1174 1316 1218 λ.]
1354 1173 1376 1208 i.
1410 1185 1442 1210 e.

787 1228 1044 1278 „mamfestum
1066 1230 1154 1265 enim
1185 1241 1254 1265 esse
1279 1229 1443 1276 (dieunt)

785 1299 834 1322 sc.
859 1285 1035 1333 Persae),
1073 1288 1146 1322 m'sz'
1168 1286 1264 1334 ipsae
1290 1285 1359 1333 (sc.
1387 1286 1442 1322 fe-

785 1342 904 1378 minae
930 1341 1010 1378 illae
1037 1343 1134 1391 rapi)
1161 1342 1362 1388 voluissent,
1384 1353 1443 1378 eas

783 1411 851 1434 non
873 1401 996 1448 raptas
1016 1398 1172 1448 fuisse.“
1231 1399 1341 1442 Quod
1363 1399 1444 1446 qui-

785 1455 868 1491 dem
885 1468 929 1492 ex
946 1454 1142 1492 Persarum
1159 1455 1366 1491 narratione
1383 1468 1444 1492 re-

783 1510 863 1547 tulit
886 1511 1066 1560 Scriptor‚
1105 1512 1166 1560 qui
1190 1515 1312 1548 tamen
1343 1511 1444 1548 haud

784 1568 858 1603 scio
879 1580 927 1604 an
953 1580 1055 1604 suam
1082 1569 1196 1618 ipsius
1223 1568 1442 1606 sententiam

784 1623 890 1660 simul
932 1624 1116 1661 declarare
1162 1624 1324 1662 voluerit.
1396 1623 1442 1662 In

783 1693 886 1728 seqq.
928 1680 976 1716 ad
1019 1694 1145 1718 vocem
1195 1678 1335 1720 στόλον
1378 1680 1444 1718 Cr.

783 1736 957 1773 adscribit
978 1735 1068 1774 Lex.
1091 1738 1259 1786 Xenoph.
1290 1737 1354 1785 IV,
1385 1735 1442 1778 95

786 1796 823 1829 et
849 1792 968 1829 Schol.
992 1792 1110 1844 Apoll.
1133 1794 1254 1830 Rhod.
1283 1793 1319 1841 I,
1357 1792 1442 1834 704:

789 1844 928 1895 στόλος
965 1848 1007 1888 δέ
1050 1849 1153 1889 ἐστιν
1184 1848 1248 1889 ε’πὶ
1294 1850 1442 1902 πρᾶξιν

781 1920 870 1943 τινα
889 1903 1160 1958 πορευόμενον
1185 1908 1346 1958 πλῆθος
1365 1905 1442 1945 εἴτε

781 1960 848 2001 ἐπὶ
877 1976 920 2001 νε
905 1977 1000 2011 cmv,
1038 1963 1113 2003 εἴτε
1132 1961 1200 2002 καὶ
1221 1964 1342 2033 πεζῇ·
1372 1961 1442 2002 καὶ

783 2015 922 2070 σχεδόν
958 2017 1024 2058 ἐπὶ
1051 2032 1186 2071 πασης
1219 2018 1345 2071 ὁρμῆς
1371 2017 1442 2059 καὶ

783 2076 962 2126 μείζονος
991 2078 1254 2129 παρασκευῆς

839 2140 914 2194 τὴν
942 2141 1130 2194 Πριάμου
1159 2140 1333 2196 δύναμιν
1357 2158 1441 2183 κα-

784 2203 971 2246 τελεῖν]
1009 2200 1144 2238 Nescio
1162 2214 1234 2250 quo
1260 2202 1340 2238 iure
1358 2201 1442 2238 Sie-

784 2257 876 2294 belis
905 2258 952 2294 ad
974 2257 1082 2294 Paus.
1108 2257 1136 2305 I,
1165 2257 1192 2297 4
1228 2256 1264 2308 ξ.
1298 2260 1321 2298 1
1346 2257 1443 2294 hunc

785 2313 902 2350 locum
956 2315 1089 2362 citans,
1148 2314 1278 2351 afferat
1327 2328 1443 2353 κατε-

787 2368 840 2409 λέ
860 2384 946 2410 ειν
1008 2373 1076 2416 [ex
1121 2370 1306 2407 Schaeseri
1363 2371 1443 2408 edi-

786 2427 887 2464 tione
945 2427 1085 2464 maiori.
1147 2426 1254 2472 Cr.].
1330 2426 1441 2464 Nullo

790 2484 885 2521 enim
917 2484 956 2520 in
999 2483 1109 2531 libro,
1154 2486 1329 2531 quantum
1358 2484 1447 2531 scio,

789 2540 921 2578 haecce
952 2542 1070 2578 forma
1108 2540 1297 2576 invenitur.
1353 2539 1448 2577 Ver-

792 2597 876 2633 bum
923 2597 990 2634 hac
1032 2597 1180 2634 notione
1219 2596 1445 2645 (evertendi)

785 2651 992 2691 Pausaniae
1027 2654 1114 2690 inde
1146 2664 1256 2702 quam
1290 2654 1447 2690 maxime

783 2711 1048 2758 frequentatiun
1084 2710 1182 2747 idem
1225 2713 1329 2746 notat
1360 2709 1442 2747 Sie-

783 2765 883 2804 belis.

839 2829 920 2874 οῗπό
939 2829 1082 2874 τούτου
1103 2830 1181 2872 αἰεὶ
1205 2827 1440 2901 ηγήσασθαι

778 2905 824 2932 το
858 2887 1090 2943 Ἑλληνικὸν
1127 2904 1161 2929 κ.
1190 2904 1223 2929 τ.
1251 2892 1314 2936 λ.]
1360 2884 1439 2929 οἷπό
