1759 3324
361 284 446 326 462

761 284 1228 325 HERODOTI

360 390 620 445 „a’ooivatog
664 393 828 445 δοκέεις
872 393 1008 447 εἶναι,
1068 396 1137 440 καὶ
1187 400 1388 452 στρατιῆς
1424 393 1631 450 τοιαύτης

360 470 568 528 „doxam
598 471 729 516 Οὐδὲν
759 473 814 516 ἂν
843 476 906 530 εἴη
936 478 1110 531 πρῆγμα
1138 474 1317 530 γνώμας
1335 475 1406 529 ἐμέ
1430 486 1500 517 σοι
1518 473 1623 517 α’πο-
1639 481 1687 515 50

332 554 384 602 4,,
398 553 647 607 φαίνεσθαι.

361 629 478 682 ,,εἷς,
520 630 591 673 καὶ
635 629 793 683 ἑτέραν
831 636 1013 676 τοιῶνδε
1053 633 1219 689 ἄρχεις,

708 554 746 595 εἰ
776 552 820 596 δὲ
852 553 1042 608 ἔγνωκας
1089 553 1155 597 ὅτι
1197 553 1432 609 ἅνθρωπος
1471 554 1544 597 καὶ
1574 553 1630 596 σύ

1278 633 1418 678 ἐκεῖνο
1453 636 1630 687 πρῶτον

360 709 538 764 ,,μάθε,
579 708 639 759 ὦς
665 706 825 760 κύκλος
853 715 942 753 τῶν
981 711 1276 768 ἀνθρωπηΐων
1314 713 1403 756 ἐστὶ
1436 709 1630 769 πρηγμά-

361 801 508 840 ,,των’
548 787 892 843 περιφερόμενος
919 790 985 841 δὲ,
1030 789 1111 833 οὐκ
1142 792 1190 848 ἐᾷ
1225 792 1307 834 αιέὶ
1335 791 1439 843 τούς
1469 789 1630 842 αὐτοὺς

332 865 631 921 5,,εύτυχέειν.
662 865 744 922 ἤδη
776 861 840 910 ὧν
868 866 950 923 ἐγώ
979 867 1158 925 γνώμην
1184 870 1263 925 ἔχω
1292 871 1391 924 περὶ
1418 873 1500 914 τοῦ
1524 886 1628 924 προ-

332 955 389 996 6,,
402 945 602 1000 κειμένου
631 944 882 1002 πρήγματος
921 946 973 990 τὰ
1012 948 1195 1002 ἔμπαλιν
1223 946 1252 1004 ἦ
1282 944 1419 992 οὗτοι.

1479 950 1517 993 εἰ
1544 948 1628 1005 γάρ
1641 956 1684 991 55

360 1058 385 1078 ,,
400 1024 663 1080 ἐθελήσομεν
693 1024 948 1078 ἐσδέξασθαι
977 1027 1078 1078 τοὺς
1108 1029 1344 1083 πολεμίους
1373 1028 1416 1079 ἐς
1443 1027 1522 1085 τὴν
1542 1026 1631 1085 χώ-

361 1121 500 1160 ,,ρην,
533 1103 606 1148 ὅδε
636 1122 703 1148 τοι
732 1104 779 1148 ἐν
810 1104 928 1162 αὐτῷ
957 1108 1162 1158 κίνδυνος
1191 1107 1275 1151 ἔνι·
1304 1107 1511 1160 ἑσσωθεὶς
1527 1108 1621 1164 μὲν,

363 1218 386 1236 ,,
400 1184 751 1240 προσαπολλύεις
778 1189 925 1229 πᾶσαν
959 1186 1039 1244 τὴν
1079 1184 1236 1244 ἀρχήν·

362 1298 387 1316 ,,
401 1264 468 1308 ὅτι
497 1269 703 1316 νικῶντες
738 1265 1044 1322 ιΜασσαγέται,

1295 1189 1403 1243 δῆλα
1438 1188 1521 1243 γὰρ
1561 1186 1629 1244 δὴ,

1096 1265 1151 1310 ου’
1180 1267 1230 1310 τὸ
1274 1264 1410 1310 ὀπίσω
1450 1265 1630 1322 φεύξον-

332 1350 495 1396 7,,ται,
527 1342 624 1387 ἀλλ’
658 1343 729 1388 ἐπ’
760 1343 895 1401 ἀρχάς
926 1344 1001 1396 τὰς
1031 1344 1110 1396 σὰς
1139 1346 1278 1390 ἐλῶσι.
1308 1350 1446 1390 νικῶν
1476 1345 1541 1398 δὲ,
1573 1343 1685 1389 οὐ60

360 1427 521 1481 ,,νικᾷς
550 1428 787 1476 τοσοῦτον,
838 1423 945 1468 ὅσον
987 1426 1022 1468 εἰ
1058 1426 1211 1479 διαβὰς
1249 1425 1291 1476 ἐς
1328 1424 1407 1482 τὴν
1436 1424 1626 1478 ἐκείνων,

361 1536 388 1555 ,,
401 1507 537 1547 νικῶν
567 1505 881 1560 Μάσσαγὲτας,
925 1505 1047 1548 ἕποιο
1079 1505 1312 1561 φεύγουσι·

1371 1503 1511 1548 τώυτὸ
1541 1502 1626 1560 γάρ

359 1616 384 1635 ,,
396 1582 618 1639 ἀντιθήσω
645 1583 819 1641 ἐκείνῳ,
859 1583 926 1628 ὅτι
954 1583 1134 1641 νικήσας
1171 1583 1276 1636 τούς
1305 1581 1621 1641 ἀντιουμένους

302 1816 446 1853 videtur
464 1814 694 1853 locutionem.
727 1814 838 1858 Quod
853 1814 962 1864 mlgo

303 1873 478 1910 adiiciunt
503 1869 551 1910 τὰ
584 1877 670 1910 ante
691 1866 828 1919 ἐόντα,
859 1873 961 1910 abie-

303 1929 351 1966 cit
371 1928 575 1977 Schweigh.
603 1932 644 1965 ut
674 1927 811 1964 facilius
832 1930 962 1966 flueret

303 1985 442 2032 oratio,
479 1985 576 2021 cuius
607 1984 667 2021 hic
693 1985 770 2021 sere
797 1989 853 2022 est
875 1998 960 2022 sen-

305 2055 386 2078 sus:
424 2054 512 2090 quae
528 2043 601 2090 ipse
614 2053 745 2090 passus
768 2053 862 2087 sum,
894 2043 960 2078 tn·-

303 2099 374 2134 stia
395 2100 515 2147 utique
532 2099 630 2145 (etun
645 2098 800 2144 essent),
830 2110 882 2133 me
899 2111 960 2134 sa-

303 2156 351 2190 tis
378 2153 607 2199 edocuerunt,
642 2152 846 2189 documenta
873 2153 961 2190 milei

303 2211 413 2259 fuere.
431 2230 488 2237 ·-
517 2208 576 2246 Ad
600 2208 816 2246 locutionem
837 2205 959 2249 οὐδὲν

303 2262 469 2317 πρῆγμά
497 2263 577 2305 ἔστι
605 2265 722 2312 (nihil
742 2265 880 2315 refert)
911 2267 957 2303 cf.

302 2323 427 2372 Viget.
458 2335 543 2373 pag.
566 2323 666 2368 139,
698 2334 744 2359 ne
767 2321 893 2372 plura,
922 2326 960 2360 et

301 2379 532 2417 Herodotum
552 2377 590 2424 I,
613 2381 667 2419 79
683 2378 759 2414 init.

362 2433 416 2481 ὦς
443 2431 589 2480 κύκλος
610 2436 689 2472 τῶν
718 2429 958 2484 ἄνθρωηηΐ-

305 2507 361 2530 ων
378 2489 459 2531 ἐστὶ
481 2486 736 2540 πρηγμάτων]
757 2491 857 2528 Citat
869 2491 958 2528 haec

303 2549 484 2585 Stobaeus
510 2547 587 2589 105
602 2575 612 2593 ‚
634 2547 699 2587 53.
715 2569 770 2573 —
790 2546 957 2584 Eandem

305 2605 520 2643 sententiam
535 2633 546 2650 ‚
564 2603 680 2640 iudice
701 2602 957 2652 Wesselingio‚

303 2660 462 2712 respexit
513 2659 727 2697 Aristoteles
774 2659 955 2697 Probiem.

302 2718 400 2755 sect.
435 2720 486 2758 17
515 2729 601 2766 pag.
635 2718 715 2756 129
750 2716 907 2764 itemque
935 2729 956 2754 e

302 2773 444 2812 Latinis
465 2774 607 2810 Seneca
616 2772 765 2809 consol.
780 2773 827 2809 ad
840 2771 953 2809 Marc.

306 2831 370 2871 15.
428 2829 526 2879 Apte
564 2828 633 2865 hoc
668 2828 746 2865 loco
787 2842 872 2865 usus
901 2835 957 2865 est

302 2885 442 2936 laeger.
461 2885 623 2934 Disputt.
643 2885 809 2922 H'erodd.
827 2897 863 2934 p.
886 2885 954 2930 49,

304 2943 364 2981 ubi
404 2943 566 2993 quaerit,
619 2940 733 2992 qualis
775 2941 957 2978 Herodoti

1030 1815 1138 1853 suerit
1164 1814 1343 1853 sententia
1370 1813 1412 1852 de
1430 1828 1545 1852 rerum
1563 1827 1682 1862 cursu,

1031 1885 1124 1921 quae
1155 1870 1260 1908 simul
1295 1871 1498 1910 continetur
1533 1872 1684 1909 notione
1748 1875 1750 1913 j

1029 1928 1290 1965 moderationis
1322 1928 1477 1965 divinae.
1535 1927 1684 1976 Aequa·
1748 1961 1749 1969 ,

1029 1984 1110 2021 litas
1141 1985 1209 2031 (ita
1228 1983 1287 2021 ille
1304 1982 1396 2032 ait),
1424 1996 1533 2033 quam
1561 1988 1683 2021 tuetur
1748 1976 1749 1984 ¹

1029 2053 1163 2077 numen
1179 2039 1359 2087 divinum,
1389 2040 1545 2078 cernitur
1570 2039 1630 2078 hic
1645 2040 1683 2077 in

1025 2101 1203 2146 perpetua
1242 2096 1526 2144 magnitudinis,
1567 2096 1684 2134 felici·
1746 2129 1748 2144 ‚

1025 2153 1111 2189 tatis
1139 2158 1176 2190 et
1203 2152 1465 2190 contrariorum
1502 2152 1682 2190 vicissitu-
1745 2194 1747 2200 Α

1026 2208 1123 2246 dine.
1181 2208 1285 2246 Haec
1306 2209 1514 2248 vicissitudo
1542 2214 1600 2247 est
1622 2222 1683 2247 or-

1027 2265 1075 2301 do
1104 2270 1139 2302 et
1159 2264 1237 2312 lex,
1269 2266 1342 2314 qua
1361 2279 1482 2303 rerum
1508 2266 1683 2303 mutatio·
1744 2258 1746 2286 1

1025 2333 1091 2358 nes
1127 2321 1355 2359 continentur
1383 2335 1428 2360 ex
1454 2327 1577 2360 mente
1602 2322 1683 2359 He-

1023 2378 1156 2414 rodoti.
1174 2399 1230 2405 —-
1258 2378 1300 2415 ln
1320 2391 1424 2428 seqq.
1443 2379 1491 2415 ad
1519 2377 1602 2426 ἐᾶν,
1625 2378 1682 2415 cui

1024 2434 1218 2472 infinitivus
1246 2435 1407 2483 iungitur
1425 2435 1606 2486 participii
1625 2434 1682 2471 lo·-

1025 2503 1090 2538 c0‚
1133 2492 1259 2529 confer
1297 2490 1476 2529 Matthiae
1511 2491 1578 2529 Gr.
1611 2491 1679 2528 Gr.

1025 2560 1061 2597 p-
1087 2549 1193 2588 1086
1206 2577 1216 2594 ,
1247 2548 1479 2596 eundemque
1494 2560 1581 2598 pag.
1595 2549 1681 2590 322

1742 2420 1745 2433 l

1025 2604 1073 2640 de
1092 2604 1202 2640 futuri
1230 2606 1346 2641 forma
1374 2602 1492 2643 ε’λαῖσι
1516 2604 1553 2640 in
1576 2616 1681 2654 seqq.
1740 2627 1741 2658 3

1025 2680 1082 2686 ·-—
1099 2658 1171 2695 Pro
1191 2656 1352 2711 γνώμην
1374 2658 1447 2711 ἔχω
1479 2660 1624 2709 Steger.
1642 2660 1680 2696 in
1739 2662 1741 2690 j

1025 2715 1185 2752 Praefat.
1219 2729 1305 2766 pag.
1327 2717 1380 2754 XI
1404 2720 1580 2754 mutatum
1604 2714 1682 2753 vult
1738 2720 1740 2762 ζ

1025 2766 1187 2822 γνώμης
1206 2771 1278 2822 ἔχω
1304 2778 1342 2810 et
1368 2774 1406 2810 in
1432 2785 1535 2822 seqq.
1561 2770 1681 2822 χωρὶς
1738 2774 1739 2789 ³

1027 2825 1076 2866 ὁ
1064 2842 1080 2866 ε
1103 2831 1174 2865 τοῦ
1199 2824 1456 2895 ἀπηγημένου
1473 2841 1541 2880 pro
1561 2829 1682 2880 χωρίς
1736 2881 1738 2887 ¹

1026 2900 1046 2922 τ
1062 2898 1077 2922 ε
1108 2886 1181 2922 τοῦ
1213 2880 1237 2922 α’
1226 2900 1330 2936 πηγ.

1083 2935 1140 2979 ότι
1160 2937 1327 2992 ιικήσας
1357 2956 1450 2989 τους
1474 2935 1680 2993 ἀντιουμέ-
