1805 3315
347 257 430 297 110

762 254 1235 294 HERODOTl

352 361 635 419 Τροφώνιον’
684 364 727 407 οἱ
770 363 836 416 δὲ,
888 369 964 421 τῆς
1013 365 1232 421 Μιλησίης
1284 362 1327 413 ἐς
1379 361 1637 418 Βραγχίδας.

347 446 484 487 ταῦτα
513 440 592 498 μέν
617 459 703 486 νυν
732 443 784 486 τὰ
807 443 1033 500 Ἑλληνικὰ
1061 443 1271 500 μαντήϊα,
1303 442 1344 493 ἐς
1375 441 1424 485 τὰ
1457 440 1638 498 ἀπέπεμ-

323 529 402 574 ὃψε
441 520 790 579 μαντευσόμενος
830 525 1032 578 Κροῖσος.

1100 521 1270 579 Λιβύης
1309 523 1354 565 δὲ
1392 520 1509 576 παρὰ
1539 519 1638 576 ’Ἀμ-

347 618 472 658 μωνα
511 599 731 645 ἀπέστειλε
773 600 933 651 ἄλλους
980 601 1290 658 χρησομένους.
1343 601 1546 657 διέπεμπε
1592 599 1638 643 δὲ

346 679 636 736 πειρεώμενος
675 684 764 723 τῶν
803 682 1025 735 μαντηίων
1057 680 1081 724 ὅ
1110 697 1152 722 τι
1181 680 1433 735 φρονέοιεν·
1476 679 1559 731 ὠς,
1601 680 1684 727 εἶ1ο

348 760 594 816 φρονέοντα
633 758 711 815 τὴν
748 755 964 813 ἀληθηΐην
1003 757 1226 814 εὑρεθείη,
1267 758 1485 814 ἐπείρηταί
1525 770 1637 815 σφεα

348 838 529 892 δεύτερα
553 837 759 894 πέμπων,
790 838 827 880 εί
856 837 1082 892 ἐπιχειρέοι
1110 837 1177 882 ἐπὶ
1209 838 1380 894 Πέρσας
1412 838 1637 893 στρατεύε-

302 1033 414 1069 sacris
445 1032 573 1069 colitur
590 1032 629 1069 in
655 1030 818 1083 temp10‚
855 1032 957 1081 quod

301 1089 401 1126 urbis
437 1089 576 1126 incolae
614 1093 807 1127 erexerunt
841 1089 958 1138 quod-

302 1158 375 1194 que
401 1150 581 1183 vetustum
610 1146 798 1195 praedicat
831 1145 958 1182 Livius

301 1201 430 1249 XLV,
461 1205 514 1243 27
545 1202 688 1249 (filium
714 1201 762 1238 illi
792 1202 958 1238 additum

301 1257 492 1308 appellans
511 1257 806 1308 Amphilochum)
830 1271 958 1294 oracu-

301 1314 410 1363 laque
428 1315 505 1352 edit
523 1328 589 1364 per
610 1315 752 1351 somnia
771 1316 958 1351 sciscitan-

301 1371 410 1408 tibus.
467 1370 625 1408 Exstant
643 1372 783 1408 classici
807 1372 901 1407 hanc
921 1371 958 1407 in

302 1440 381 1464 rem
410 1426 619 1465 Pausaniae
648 1428 716 1465 loci
749 1427 788 1475 I,
814 1427 878 1468 34.
908 1427 955 1474 II,

304 1485 369 1524 13.
407 1483 481 1531 VI,
528 1486 592 1524 17.
648 1483 817 1533 Aeschyli
855 1484 893 1520 S.
929 1497 958 1520 c.

302 1538 421 1577 Theb.
442 1542 525 1582 585
549 1553 627 1589 seq.
686 1540 797 1577 Plura
832 1540 958 1578 Davis.

302 1597 351 1632 ad
388 1596 556 1633 Ciceron.
585 1598 632 1634 de
670 1598 779 1634 divin.
813 1596 853 1643 I,
890 1595 956 1637 40.

302 1652 417 1689 Simili
446 1654 524 1690 fato
563 1655 774 1703 perfunctus
803 1652 960 1702 Tropho—

301 1711 403 1756 nius,
435 1713 472 1746 et
492 1709 573 1759 ipse
597 1710 664 1746 sub
691 1715 826 1747 terram
858 1709 960 1746 dela-

301 1769 359 1801 tus
374 1795 384 1812 ‚
413 1769 500 1815 post
520 1765 720 1804 Lebadeae
746 1767 784 1802 in
804 1766 960 1803 Boeotia

301 1821 448 1858 oracula
480 1822 574 1869 edit3
604 1824 652 1860 de
689 1836 760 1872 quo
798 1823 959 1859 Pausan.

301 1877 355 1914 IX
368 1907 379 1925 ,
398 1879 457 1918 34
475 1892 578 1928 seqq.
607 1883 643 1917 et
656 1879 836 1916 Herodot.
859 1878 959 1925 VIII,

303 1933 397 1974 134-
473 1934 584 1972 Plura
624 1935 878 1973 Hemsterhus.
910 1935 959 1971 ad

301 1988 453 2027 Lucian.
472 1990 506 2028 Π
533 2005 569 2041 p.
586 1990 667 2033 411
690 1992 747 2030 ed.
763 1992 845 2042 Bip.

359 2057 402 2095 οἷ
412 2054 466 2104 δὲ,
488 2060 559 2108 τῆς
573 2059 772 2109 Μιλεσίης
783 2057 822 2105 ἐς
832 2061 957 2110 Βραγ-

302 2112 442 2164 χίδας]
474 2114 573 2150 Infra
591 2115 637 2162 V,
656 2117 710 2156 36
740 2113 784 2154 τό
808 2112 895 2166 ἱρόν
916 2115 959 2154 ἐν

302 2170 546 2224 Βραγχίδῃσι
576 2175 612 2207 et
640 2171 711 2220 VI,
742 2175 805 2213 19.
836 2171 958 2208 Bran-

303 2226 485 2263 chidarum
513 2227 713 2276 templum,
762 2229 861 2277 quod
892 2229 960 2266 Di-

303 2283 447 2331 dymaei
468 2283 646 2333 Apollinis
666 2297 799 2321 nomen
827 2289 959 2334 postea

302 2338 402 2386 tulit,
431 2352 548 2389 prope
567 2339 734 2377 Miletum
755 2341 832 2387 fuit,
850 2353 958 2389 quam

302 2395 423 2445 ipsam
434 2395 560 2432 urbem
572 2396 753 2446 Orphicus
762 2402 873 2447 poeta
893 2397 958 2434 de-

302 2452 426 2500 signat
454 2447 638 2505 Βρᾶγχου
654 2450 887 2505 πολύπυρος
912 2450 956 2491 ἅ-

303 2522 472 2559 ρουραν,
523 2508 740 2558 Argonautt.
780 2523 833 2546 vs.
876 2509 956 2550 153

302 2564 382 2601 coll.
400 2564 596 2601 Plin.Hist.
608 2565 694 2602 Nat.
710 2565 756 2612 V,
777 2568 841 2606 29.
858 2564 957 2602 Nam

302 2632 324 2656 a
344 2619 511 2657 Branclm
528 2622 687 2670 quodam
701 2623 884 2658 conditum
902 2623 958 2658 fe-

301 2677 470 2724 rebatur,
514 2677 561 2714 de
590 2691 662 2726 quo
695 2679 732 2714 iu
767 2678 876 2714 schol.
908 2678 956 2714 ad

302 2733 409 2769 Statii
442 2733 560 2771 Theb.
591 2734 696 2781 vul,
735 2736 814 2775 198
851 2734 958 2783 plura

302 2788 481 2837 leguntur.
558 2790 631 2833 Qui
664 2804 744 2827 cum
780 2791 956 2839 Apollinis

302 2857 406 2881 sacra
432 2850 468 2883 et
498 2846 682 2883 oraculum
711 2848 956 2892 constitueret,

302 2900 398 2938 haud
415 2915 563 2952 prorsus
591 2915 686 2941 vana
709 2908 765 2940 est
783 2902 954 2940 Larclieri

1024 1032 1201 1083 suspicio,
1222 1031 1427 1070 Branchum
1439 1031 1593 1083 Delphis
1614 1032 1683 1070 huc

1025 1090 1175 1125 missum
1218 1089 1355 1135 fuisse,
1396 1102 1468 1138 quo
1507 1088 1681 1138 Apollinis

1025 1146 1159 1182 cultum
1210 1146 1428 1182 institueret.
1512 1144 1572 1181 Ad
1600 1158 1682 1182 eam

1028 1203 1124 1239 enim
1161 1202 1393 1238 sacerdotum
1419 1205 1567 1250 gentem
1597 1214 1683 1250 per-

1026 1259 1181 1295 tinuisse
1206 1257 1304 1305 vult,
1343 1270 1438 1307 quae
1467 1257 1683 1308 Delphicum

1026 1315 1209 1351 oraculum
1262 1315 1438 1359 tenuerit3
1474 1327 1682 1363 nomenque

1026 1371 1119 1408 illius
1136 1373 1314 1420 gurgitem
1335 1371 1544 1419 significare
1567 1371 1682 1419 (conf.

1026 1428 1184 1476 Etymol.
1213 1439 1335 1475 magn.
1373 1440 1410 1477 p.
1453 1429 1556 1474 211,
1595 1427 1682 1474 18).

1025 1485 1120 1521 Utut
1149 1488 1226 1531 est,
1255 1483 1483 1520 Branchidae
1511 1484 1684 1520 sacerdo-

1025 1545 1082 1578 tes
1113 1541 1157 1577 ab
1187 1554 1229 1578 eo
1260 1540 1438 1588 originem
1463 1540 1683 1590 repetebant

1025 1596 1276 1647 Apollinisque
1310 1609 1436 1643 sacra,
1474 1597 1520 1633 ab
1549 1595 1608 1632 illo
1641 1600 1682 1633 ut

1026 1654 1125 1690 fama
1159 1654 1300 1690 ferebat
1336 1653 1521 1700 instituta,
1569 1651 1682 1689 multa

1026 1723 1092 1760 per
1122 1708 1265 1746 saecula
1297 1709 1483 1746 tenebant.
1542 1708 1682 1752 Quam-

1027 1778 1138 1815 quam
1167 1766 1263 1803 enim
1293 1765 1426 1803 Xerxis
1455 1768 1576 1802 aetate
1605 1778 1684 1802 cre-

1026 1827 1163 1859 matum
1188 1827 1245 1859 est
1273 1821 1471 1872 templum,
1500 1825 1588 1871 post
1615 1822 1682 1859 de-

1027 1892 1100 1915 nuo
1124 1893 1141 1915 s
1170 1878 1350 1916 lendidius
1381 1882 1600 1916 exstructum
1625 1882 1682 1915 est

1027 1892 1194 1984 asyligle
1221 1936 1299 1972 iure
1328 1948 1444 1984 usque
1471 1935 1519 1970 ad
1541 1934 1681 1971 Roma-

1027 2004 1156 2028 norum
1169 1992 1424 2041 imperatorum
1440 1995 1607 2041 tempora
1625 1991 1682 2027 in-

1029 2048 1136 2096 signe
1156 2049 1235 2085 fuit.
1292 2048 1376 2084 Vid.
1398 2047 1518 2084 Tacit.
1539 2046 1682 2084 Annali.

1027 2104 1100 2152 ΙΙΙ,
1120 2106 1186 2145 63.
1216 2105 1367 2141 Sueton.
1389 2104 1425 2141 T
1428 2105 1516 2141 iber.
1528 2105 1581 2144 37
1592 2104 1679 2153 ibiq.

1026 2160 1229 2198 Excursum
1248 2160 1395 2198 Ernest.
1424 2160 1505 2197 Alia
1524 2160 1571 2197 de
1590 2164 1682 2197 tem-

1025 2216 1075 2266 pli
1094 2217 1178 2254 satis
1198 2217 1402 2254 Larcherus
1422 2218 1469 2253 ad
1485 2215 1615 2254 Nostri
1633 2216 1681 2264 V,

1025 2276 1090 2314 36.
1133 2273 1203 2321 Vl,
1236 2275 1299 2314 19.
1356 2273 1467 2310 Nunc
1497 2272 1584 2309 nihil
1610 2273 1682 2309 nisi

1024 2329 1186 2379 lapidum
1216 2329 1376 2366 cumulos
1399 2343 1595 2380 superesse
1625 2333 1682 2367 te-

1025 2390 1167 2422 stantur
1204 2387 1425 2423 recentiores
1467 2386 1683 2436 peregrina-

1021 2446 1134 2479 tores.

1081 2492 1243 2548 Λιβύης
1274 2495 1317 2536 δὲ
1345 2495 1454 2549 παροέ
1482 2495 1681 2548 ’Ἄμμωνα

1025 2548 1251 2601 ἐπέστειλε]
1271 2553 1330 2590 De
1341 2554 1519 2591 Ammonis
1539 2554 1681 2591 oraculo

1024 2610 1095 2647 vid.
1117 2609 1172 2656 11,
1195 2611 1261 2650 32.
1287 2610 1353 2651 55.
1391 2610 1466 2658 lv,
1497 2612 1577 2652 181
1600 2624 1679 2660 seq.

1081 2673 1244 2728 δεύτερα
1275 2676 1466 2728 πέμπων]
1515 2673 1680 2730 δεύτερα

1022 2746 1090 2784 pro
1120 2729 1302 2785 δεύτερον
1332 2747 1376 2771 ex
1403 2734 1532 2772 Nostri
1562 2735 1681 2771 imita-

1022 2791 1124 2828 tione
1139 2790 1342 2826 Pausanias
1365 2790 1402 2838 I,
1425 2793 1451 2832 7
1482 2789 1519 2842 ξ.
1541 2793 1587 2840 1,
1615 2791 1679 2828 ubi

1024 2847 1117 2884 cons.
1143 2846 1309 2883 Siebelis.

1081 2902 1116 2942 εἰ
1152 2901 1360 2955 ἐπιχειρέοι
1405 2901 1469 2944 ἐπὶ
1518 2901 1677 2957 Πέρσας
