1768 3315
610 231 825 270 CLIO.
886 231 913 268 Ι.

141 355 194 399 ψε
223 345 251 403 ἡ
280 344 384 396 θεὸς
421 341 605 398 θήλειαν
641 344 830 385 νοῦσον·

1318 234 1403 273 265

880 338 988 383 ὥστε
1028 339 1117 395 ἅμα
1155 339 1332 394 λέγουσί
1360 355 1404 383 τε

141 427 184 469 οἱ
212 424 388 468 Σκύθαι
417 421 489 466 διὰ
517 420 649 465 τοῦτό
680 432 816 477 σφεας
845 418 1039 472 νοσέειν,
1067 419 1143 463 καὶ
1165 416 1281 474 ὁρᾶν
1304 434 1393 473 παρ

82 633 117 669 in
153 631 362 668 muliebrem
404 630 579 676 sormam,
629 633 729 666 certo

79 688 237 737 corporis
257 687 384 723 morbo
404 687 571 724 effectam
593 686 648 736 (p.
664 689 728 727 21.

79 747 132 784 22
169 744 286 792 seq.).
361 742 482 792 Atque
523 742 729 779 huiusmodi

77 799 245 835 morbosa
291 799 526 837 conversione
575 799 728 848 Scythas

76 855 134 892 illo
152 859 316 905 tempore
338 856 546 903 laborasse,
571 868 614 893 ex
633 856 728 905 Hip-

75 913 233 962 pocratis
245 942 255 959 7
274 926 382 961 quem
396 912 578 950 Herodoti
593 925 727 961 aequa-

74 968 143 1006 lem
163 969 276 1007 fuisse
292 970 425 1006 scimus
454 973 491 1006 et
519 967 726 1005 Aristotelis

73 1025 279 1062 testimonio
330 1026 392 1076 (in
429 1025 545 1062 Ethic.
584 1024 726 1062 Nicom.

76 1081 164 1127 VII,
196 1083 222 1122 8
262 1082 338 1129 (al.
357 1085 382 1123 7
406 1080 442 1133 ἓ.
464 1082 519 1129 6)
561 1085 727 1118 accurata

72 1138 323 1187 disquisitione
342 1139 439 1176 idem
469 1137 623 1186 collegit.
646 1137 727 1175 Nec

73 1194 129 1230 his
165 1199 355 1232 contentus
399 1195 567 1245 probavit
601 1207 724 1244 porro,

72 1251 223 1288 similem
240 1252 472 1289 evirationem
490 1251 567 1288 aliis
579 1263 726 1299 quoque

72 1311 190 1345 terrae
225 1308 454 1357 regionibus,
500 1307 600 1358 apud
636 1307 723 1343 alias

74 1364 238 1401 nationes
258 1364 366 1402 etiam
387 1368 514 1401 nostra
534 1367 654 1400 aetate
663 1376 722 1400 re-

71 1421 201 1469 peri1·i·,
231 1422 318 1470 quin
338 1421 430 1458 adeo
453 1421 551 1471 apud
571 1421 721 1457 eosdem

71 1477 225 1524 Scjthas
249 1479 444 1515 etiamnum
475 1477 631 1515 eundem
664 1476 721 1513 in-

69 1533 182 1570 veniri
193 1535 357 1571 morbum
375 1534 577 1583 iisdemque
592 1533 722 1582 signis,

71 1590 201 1638 quibus
219 1594 360 1628 veteres
391 1590 489 1627 illum
517 1590 722 1639 descripse-

70 1646 153 1683 rint.
212 1646 248 1683 T
252 1651 413 1684 estantur
435 1640 513 1684 ⁷hoc
544 1647 722 1684 recentio-

71 1714 128 1739 res
147 1702 272 1740 harum
293 1704 482 1752 regionum
510 1703 722 1752 peregrina-

70 1762 187 1806 tores‚
225 1759 306 1806 alii,
338 1773 489 1809 quorum
514 1759 723 1796 testimonia

69 1816 182 1852 accita
192 1816 228 1864 *)
260 1817 472 1867 suppeditat
489 1815 592 1865 larga
611 1829 721 1853 manu

69 1870 112 1908 V.
128 1871 175 1909 D.
195 1873 257 1922 qui
274 1886 314 1911 re
331 1873 582 1924 copiosissime
605 1877 641 1910 et
662 1885 722 1909 ac-

67 1929 292 1968 curatissime
310 1934 487 1977 tractata,
506 1930 560 1966 ita
577 1929 720 1966 statuit:

67 1983 270 2032 „Nostrum
298 1991 482 2024 auctorem
507 1987 628 2024 verbis
657 1981 720 2025 νό-

68 2051 124 2094 σῳ
151 2043 296 2097 θηλείᾳ
320 2056 444 2081 verum
473 2043 635 2081 indicare
656 2055 722 2079 vo·

67 2096 178 2136 luisse
198 2101 384 2149 morbum,
413 2100 476 2149 qui
492 2099 576 2136 viris
594 2112 721 2137 omnes

67 2154 245 2193 virilitatis
277 2161 383 2194 notas
416 2157 466 2194 ita
493 2156 654 2204 adimat,
684 2160 724 2193 ut

68 2223 131 2248 eos
150 2213 199 2249 ad
227 2214 476 2263 generandum
504 2226 579 2250 non
610 2214 722 2251 modo

66 2268 243 2306 invalidos
265 2270 418 2318 reddat,
448 2271 516 2307 sed
536 2270 646 2307 etiam
672 2270 721 2307 ad

67 2325 249 2363 muliebris
280 2331 431 2364 naturae
451 2326 720 2364 similitudinem

68 2380 178 2431 plane
196 2384 383 2430 traducat,
413 2397 488 2421 non
509 2380 664 2434 amplius
682 2384 719 2420 in

68 2437 214 2476 dubium
227 2440 345 2477 vocari
364 2453 499 2490 posse,
528 2441 596 2477 sed
613 2441 660 2477 ad
676 2440 718 2476 li-

68 2494 215 2542 quidum
234 2497 447 2546 perductum
471 2510 554 2535 esse
567 2526 578 2544 ,
608 2509 718 2547 spero

69 2553 176 2599 atque
197 2553 366 2589 confido“
388 2552 443 2604 (p.
464 2552 550 2602 49).
611 2554 718 2597 Quae

70 2605 321 2655 disputationis
350 2623 437 2647 suae
467 2614 572 2660 parte
604 2610 718 2647 altera

70 2661 234 2700 starkius
260 2664 358 2702 haud
375 2666 494 2704 minus
515 2667 621 2704 docte
643 2666 717 2703 dis-

147 2761 172 2804 )
206 2764 360 2806 Inprimis
382 2766 510 2798 consul.
536 2768 561 2799 I.
591 2766 765 2810 Reineggs

205 2809 340 2843 Cauc¹s

205 2854 346 2888 Potock.
375 2857 519 2891 Histoir.

207 2901 290 2935 1801
320 2914 355 2945 p.
380 2904 455 2939 175

798 627 885 665 serit
903 627 951 664 de
983 631 1114 664 natura
1136 627 1332 676 causisque
1351 625 1458 663 huius

796 683 912 721 morbi
931 684 1136 732 muliebris,
1157 697 1201 721 ea
1214 697 1294 721 cum
1312 684 1360 720 ad
1381 696 1458 720 me-

797 741 960 778 dicorum
991 741 1112 791 potius
1150 741 1310 777 rationes
1340 740 1455 790 perti-

795 803 929 844 neant,
959 810 1070 846 quam
1095 797 1143 833 ad
1179 797 1302 847 ipsum
1335 796 1456 832 Hero-

796 854 923 890 dotum
946 853 1197 890 illustrandum
1228 852 1334 902 (qua
1359 853 1397 888 in
1418 866 1457 890 re

796 910 902 946 nimis
920 909 1071 958 longum
1088 922 1147 947 me
1167 909 1281 947 fuisse
1301 908 1456 946 forsitan

795 971 900 1004 erunt
922 967 984 1015 qui
1005 967 1170 1014 dicant),
1203 965 1326 1002 malim
1358 965 1456 1015 apud

794 1023 913 1073 ipsum
932 1022 1024 1071 legi3
1054 1035 1137 1060 nam
1164 1024 1302 1072 optime
1323 1022 1457 1058 confir-

794 1084 938 1116 mantur
954 1079 1026 1126 illa,
1045 1092 1139 1128 quae
1160 1079 1207 1116 de
1230 1079 1455 1127 signismor—

794 1136 831 1173 bi
853 1137 898 1173 ab
919 1136 1168 1186 Hippocrate5
1187 1134 1266 1170 aliis
1282 1147 1456 1172 enarran-

794 1196 852 1229 tur
870 1205 912 1229 ac
931 1192 978 1229 de
995 1193 1076 1242 ipsa
1095 1191 1214 1229 morbi
1235 1195 1369 1228 natura
1380 1195 1456 1227 sta-

792 1252 952 1285 tuuntui.

851 1301 950 1343 ὥστε
971 1300 1053 1356 α’μα
1069 1302 1234 1368 λεγουσι
1244 1317 1285 1342 τε
1298 1317 1337 1341 οι
1327 1297 1454 1341 1’Σκυ-

791 1365 866 1400 θαι
898 1357 964 1400 δια
992 1355 1110 1401 τοῦτο’
1139 1376 1174 1399 κ.
1204 1374 1236 1397 τ.
1261 1357 1322 1408 λ.]
1364 1359 1386 1396 i.
1421 1372 1452 1397 e.

791 1420 882 1465 „ita
914 1418 1051 1468 quidem
1076 1421 1116 1455 ut
1145 1419 1252 1454 etium
1295 1416 1455 1465 Scythae

791 1475 935 1523 (licant,
972 1475 1010 1512 ob
1042 1475 1133 1511 hanc
1165 1484 1310 1510 causam
1338 1472 1455 1509 morbo

792 1532 854 1568 hoc
876 1532 1033 1569 labozrcre
1055 1531 1160 1577 illos,
1193 1534 1225 1567 et
1246 1528 1343 1579 apud
1361 1542 1396 1565 se
1409 1529 1454 1566 ab

790 1588 1002 1626 adeuntibus
1050 1588 1262 1637 Scythicam
1321 1589 1450 1623 terram

791 1647 946 1696 conspici
978 1644 1204 1696 quomodo(
1185 1643 1292 1691 (illi)
1327 1642 1455 1691 affecti

789 1704 882 1750 sint,
914 1716 997 1752 quos
1019 1702 1186 1739 Enareas
1211 1699 1367 1766 Scythae
1389 1712 1454 1749 ap-

784 1759 933 1810 pellant.
946 1760 970 1778 “
1027 1759 1070 1796 In
1109 1770 1199 1794 voce
1250 1751 1453 1804 Έναοέας,

794 1817 895 1865 quod
910 1816 1059 1854 recurrit
1080 1814 1143 1861 lV,
1157 1816 1210 1854 67
1242 1812 1322 1861 (ubi
1343 1807 1452 1850 ’Evoc-

793 1871 910 1924 ρὲες),
939 1873 1091 1910 haerent
1111 1871 1341 1920 interpretes,
1378 1868 1454 1906 Le-

791 1930 861 1966 ctio
888 1930 971 1981 ipsa
999 1933 1039 1965 ut
1070 1929 1106 1964 in
1139 1939 1211 1976 qua
1239 1926 1453 1975 conspirant

790 1986 889 2033 libri,
932 1985 1023 2022 nihil
1056 1983 1253 2030 mutanda,
1305 1995 1372 2019 nec
1403 1981 1453 2018 illi

790 2043 984 2089 audiendi,
1024 2041 1085 2091 qui
1115 2037 1340 2090 ἐναγέας
1373 2038 1397 2075 i.
1418 2052 1450 2076 e.

784 2099 930 2150 piaculo
949 2099 1112 2136 obnorios
1141 2110 1170 2133 s.
1197 2097 1452 2133 contaminatos

791 2156 987 2205 corrigant.
1036 2154 1163 2192 Altero
1181 2152 1261 2189 loeo
1279 2152 1451 2189 Herodo-

790 2217 848 2250 tus
888 2213 991 2250 addit
1018 2211 1060 2251 οἱ
1104 2207 1374 2261 α’νδρόγυνοις
1402 2209 1449 2246 ab

789 2269 1020 2320 Hippocrate
1042 2269 1064 2305 l.
1084 2268 1107 2304 1.
1139 2267 1250 2304 iidem
1281 2265 1451 2303 dicuntur

790 2321 1031 2378 ἆνανόριεϊς.
1091 2324 1203 2362 Unde
1231 2323 1450 2372 interpretes

789 2396 834 2421 eo
880 2384 1145 2432 confugerunt,
1196 2384 1236 2416 ut
1269 2376 1451 2430 Ἐναρέες

787 2440 995 2488 Scythicum
1016 2439 1180 2476 dicerent
1191 2449 1274 2473 esse
1292 2436 1451 2472 vocabu-

786 2496 857 2532 lum
871 2525 881 2543 ,
911 2497 1010 2545 quod
1023 2496 1166 2532 Graeco
1179 2505 1348 2530 sermone
1363 2493 1449 2530 red-

785 2553 921 2590 diderit
940 2553 1198 2603 Hippocrates,
1230 2550 1308 2587 Sed
1328 2549 1449 2599 ipsam

786 2609 967 2646 Graecam
1006 2622 1091 2647 esse
1136 2619 1262 2643 vocem
1298 2605 1450 2642 coniecit

783 2665 908 2703 Stark.
936 2665 958 2702 1.
979 2665 1001 2702 l.
1031 2678 1121 2717 pag.
1143 2664 1222 2712 25,
1253 2675 1349 2712 quae
1377 2661 1449 2698 ori-

791 2766 826 2798 in
853 2766 932 2809 Allg
915 2778 1002 2798 “e.m
1031 2762 1388 2808 topog1.Besclneib.

352 2811 560 2856 flleiaiisge
563 2813 640 2856 gel).
671 2824 740 2844 von
773 2791 1106 2845 F1.E11.⁸'ems‹111‹·5‹lei
1133 2809 1251 2854 (1796)
1280 2762 1447 2850 1p.‘>69]

550 2857 723 2903 primitive
751 2859 812 2891 des
845 2858 991 2903 periples
1021 2858 1064 2891 de
1093 2857 1125 2890 la
1154 2853 1442 2888 Russ.Pete1-J.s}
