1805 3315
629 250 935 290 CLIO.1.
1374 259 1427 298 51

143 367 190 410 ἐν
210 369 263 424 τῇ
291 360 498 418 Μιλήτῳ,
538 361 613 405 καὶ
650 359 729 405 τὸν
757 360 870 405 λεών
898 360 1133 417 τετρύσθαι
1160 362 1204 414 ἐς
1231 363 1281 407 τὸ
1312 363 1429 421 ἔσχα-

142 462 221 490 τον
247 445 410 494 κακοῦ,
448 439 582 497 ἤκουε
610 444 692 485 τοῦ
728 440 923 497 κήρυκος
951 441 1246 498 νοστήσαντος
1276 443 1322 487 ἐκ
1351 448 1429 500 τῆς

142 521 341 577 Mhi-ccv
377 521 482 571 τούς
520 520 748 572 ἐναντίους
782 519 943 577 λόγους
980 520 1010 577 ἢ
1051 520 1110 573 ὠς
1147 521 1280 574 αὐτὸς
1308 530 1474 566 κατε-15

117 601 272 648 4δόκεε.
303 598 408 656 μετά
439 600 506 650 δὲ,
537 600 566 657 ἥ
594 617 638 645 τε
669 599 877 657 διαλλαγή
908 612 987 657 σφι
1017 601 1198 657 ἐγένετο,
1227 600 1286 644 ἐπ’
1322 596 1357 658 ᾧ
1382 617 1427 644 τε

115 682 305 735 5ξείνους
340 678 564 736 ἀλλήλοισι
604 679 716 724 εἶναι,
751 681 826 724 καὶ
857 679 1119 736 ξυμμάχους.
1158 681 1232 724 καὶ
1271 679 1353 724 δύο
1383 697 1428 724 τε

139 758 236 804 ἀντὶ
263 758 361 811 ἑνὸς
387 759 525 816 νηοὺς
559 762 612 817 τῇ
635 758 848 818 Ἀθηναίῃ
871 758 1121 820 ᾠκοδόμησε
1152 757 1176 803 ὁ
1199 758 1431 817 Ἀλυάττης

92 960 162 998 tius
189 957 275 995 talia
301 956 442 1005 retulit,
471 956 565 993 hanc
591 957 638 994 ob
666 970 751 994 cau-

93 1029 191 1062 sam,
221 1027 289 1052 nec
315 1014 423 1051 ullam
451 1014 497 1050 ob
529 1013 635 1050 aliam
670 1027 751 1051 cum

94 1070 325 1120 Thrasybulo
367 1071 405 1107 in
440 1071 595 1119 gratiam
631 1071 750 1117 rediit,

93 1140 295 1180 pacemque
319 1127 414 1175 (nec
431 1126 549 1163 solum
566 1127 750 1175 inducias)

93 1185 183 1222 iniit.
240 1183 441 1221 Declarant
482 1187 603 1220 autem
639 1183 751 1219 verba

95 1240 149 1288 ὥς
170 1237 244 1292 ἐγώ
266 1235 531 1289 πυνθάνομαι
560 1239 750 1287 egregium

93 1297 223 1337 Nostri
250 1297 409 1333 studium
439 1296 477 1332 in
506 1296 615 1332 rebus
643 1307 750 1332 enar-

92 1355 216 1392 randis
244 1354 410 1401 adeoque
436 1352 501 1399 iis,
551 1364 644 1401 quae
670 1364 750 1388 ma-

92 1412 188 1449 xime
211 1409 419 1459 disputatae
439 1409 660 1456 viderentur,
689 1421 752 1445 ea-

93 1479 246 1516 rumque
274 1466 413 1502 caussis
439 1465 681 1513 indagandis3
710 1468 751 1501 ut

92 1524 192 1561 illum
238 1521 469 1559 Milesiorum
514 1525 650 1558 terram
691 1534 751 1557 ur-

93 1582 252 1629 bemque
278 1579 398 1629 ipsam
428 1578 583 1625 adiisse,
614 1590 685 1626 quo
703 1578 751 1616 de

93 1637 150 1675 his
175 1648 260 1673 vera
290 1635 450 1682 audiret,
491 1634 665 1671 credibile
691 1634 750 1671 sit.

96 1694 180 1737 Quo
212 1692 320 1730 etiam
346 1691 433 1727 facit
472 1690 562 1728 alter
585 1690 686 1727 locus
720 1689 750 1738 I,

95 1753 174 1797 20,
220 1748 283 1785 ubi
319 1747 484 1784 Milesios
513 1747 637 1783 scribit
660 1746 751 1784 Del-

94 1806 249 1857 phorum
271 1804 491 1852 narrationi,
522 1816 633 1853 quam
659 1804 750 1854 ipsis

93 1862 250 1912 Delphis
277 1860 336 1898 ille
356 1864 543 1910 acceptam
568 1860 750 1898 referebat

96 1918 165 1956 alia
182 1918 362 1967 quaedam
380 1917 575 1962 adiecisse3
596 1917 634 1954 id
651 1917 752 1966 quod

96 1974 221 2026 procul
239 1974 349 2011 dubio
368 1974 406 2009 in
424 1974 506 2023 ipsa
528 1972 645 2011 Mileti
663 1973 753 2011 urbe

97 2032 293 2070 audiverat.
323 2029 421 2067 Add.
440 2029 469 2077 I,
500 2032 582 2071 157
604 2034 640 2068 et
657 2042 753 2079 quae

96 2089 135 2125 in
167 2088 262 2125 hanc
301 2100 379 2124 rem
414 2087 586 2123 disseruit
626 2086 755 2134 Heyse

99 2145 265 2189 Quaestt.
297 2143 464 2181 Herodd.
504 2156 541 2194 p.
576 2144 630 2183 87
674 2141 755 2180 coll.

96 2201 316 2240 Dahlmann.
335 2200 517 2238 Herodot.
543 2213 581 2250 p.
604 2198 670 2240 57.

152 2283 220 2324 καὶ
248 2281 319 2325 τὸν
345 2281 449 2325 λεών
472 2280 689 2336 τετρύσθαι
714 2280 755 2330 ἐς

98 2337 143 2381 τό
165 2341 326 2392 ἔσχατον
344 2343 488 2406 κακοῦ]
503 2337 606 2380 λεων
625 2353 753 2378 omnes

100 2399 189 2435 dant
233 2398 338 2447 libri,
384 2399 446 2448 qui
477 2398 590 2435 iidem
625 2397 662 2434 in
695 2410 755 2435 τε-

98 2449 273 2506 τρύσθαι
297 2455 449 2493 variant.
486 2454 569 2492 Nos
593 2467 673 2491 cum
695 2466 755 2491 re-

100 2516 208 2549 centt.
234 2512 337 2549 editt.
367 2511 481 2550 secuti
521 2524 645 2548 sumus
676 2523 755 2547 me-

99 2567 220 2616 liores,
249 2581 272 2606 a
286 2569 417 2618 quibus
434 2581 528 2605 unus
548 2566 753 2616 Schweigh.

103 2624 274 2673 discedit,
322 2626 484 2662 scribens
520 2625 752 2678 τετρῦσθαι.

102 2678 261 2718 Verbum
292 2681 413 2733 ipsum
445 2681 571 2729 (unde
606 2679 756 2732 potissi-

104 2745 202 2773 mum
231 2736 459 2791 τετρυμένοι
484 2752 513 2775 S.
543 2734 756 2789 ἀποτετρυ-

106 2789 218 2840 μένοι
238 2794 403 2832 dicuntur
421 2797 555 2844 attriti,
584 2792 754 2844 confecti)

106 2846 293 2886 illustravit
316 2851 510 2889 Ruhnken.
536 2852 585 2889 ad
611 2849 756 2888 Timaei

106 2901 229 2942 Lexic.
252 2904 392 2945 Platon.
418 2922 456 2959 p.
487 2907 543 2950 47
569 2911 608 2946 et
634 2907 681 2946 ab
710 2919 755 2946 eo

818 956 986 994 laudatus
1015 956 1237 1008 VVesseling.
1264 959 1315 996 ad
1348 957 1473 997 Hero-

819 1014 896 1050 dot.
942 1013 1016 1061 vl,
1065 1016 1129 1055 12.
1177 1015 1373 1053 Praeterea
1405 1015 1474 1053 Cr.

819 1069 954 1107 consuli
994 1070 1068 1107 vult
1105 1071 1222 1109 Orelli
1262 1072 1310 1109 ad
1355 1071 1476 1110 Nicol.

817 1126 1037 1164 Damascen.
1074 1139 1111 1175 p.
1149 1129 1252 1174 171,
1299 1141 1342 1165 ac
1375 1130 1474 1166 viros

818 1183 947 1219 doctos
977 1183 1025 1218 ad
1053 1182 1210 1231 Gregor.
1232 1184 1397 1221 Corinth.
1427 1185 1476 1222 de

818 1238 959 1275 dialect.
999 1237 1110 1275 Ionic.
1146 1238 1184 1290 ξ,
1215 1239 1295 1280 140
1339 1238 1477 1288 (,,τὸν

817 1293 1198 1347 καταπεπονημένον
1236 1295 1477 1348 τετρυμένον

817 1349 1038 1403 λέγουσιις)
1087 1365 1124 1401 p.
1170 1351 1264 1394 534-
1304 1353 1386 1395 535
1416 1354 1476 1391 ed·

818 1409 1004 1446 Schaefer.
1074 1409 1219 1447 Eodem
1264 1412 1376 1448 refert
1413 1410 1477 1448 Cr.

819 1464 974 1502 Homer.
1013 1465 1151 1514 Odyss.
1200 1465 1324 1514 XVII,
1372 1468 1477 1508 387:

818 1518 1293 1572 πτωχὸν-τρύξοντά
1342 1521 1360 1562 ἓ
1407 1517 1479 1562 αὖ·

818 1574 907 1626 τόν,
937 1577 999 1615 ubi
1027 1579 1100 1616 vid.
1126 1578 1294 1618 Eustath.
1328 1593 1365 1631 p.
1395 1581 1480 1621 638

821 1635 879 1673 ed.
906 1634 1020 1673 Basil.

877 1712 957 1758 ἐπ’
998 1711 1035 1772 ᾧ
1071 1733 1121 1758 τε
1159 1718 1318 1766 ξείνους
1344 1713 1480 1786 ἄλλη-

819 1777 924 1815 λοισι
968 1759 1072 1815 εἶναι
1111 1773 1181 1815 καὶ
1221 1771 1479 1827 ξυμμαχους]

820 1833 844 1871 i
859 1846 891 1870 e.
915 1844 957 1869 ea
979 1831 1172 1870 emulatione
1189 1836 1231 1869 ut
1249 1833 1397 1882 hospztes
1409 1838 1478 1871 etc.

820 1883 901 1938 ἐ’φ
940 1890 971 1941 ᾡ
1007 1903 1059 1928 τε
1096 1894 1274 1939 sequente
1299 1891 1479 1927 infinitivo

818 1959 906 1997 pro:
937 1943 1002 1985 ἐπὶ
1031 1946 1151 1998 τῷδε,
1184 1942 1302 1990 ὥστε,
1341 1951 1383 1983 ut
1412 1959 1480 1983 vo-

819 2003 918 2050 lunt,
947 2003 1035 2039 satis
1065 2007 1214 2048 notum3
1243 2003 1315 2040 vid.
1343 2002 1479 2040 Matth.

823 2059 985 2096 Gramm.
1014 2059 1080 2096 Gr.
1113 2057 1151 2110 ἓ.
1191 2059 1274 2101 479
1311 2073 1348 2110 p-
1385 2059 1481 2100 895·

821 2114 960 2153 Accivit
995 2115 1091 2152 hunc
1130 2116 1268 2163 locum,
1305 2119 1480 2153 monente

825 2172 912 2221 Cr.,
941 2171 1115 2209 Paciaudi
1140 2171 1385 2210 Monumentt.
1407 2171 1482 2209 Pe·-

822 2228 1033 2279 loponness.
1063 2228 1098 2265 II
1117 2242 1154 2279 p.
1174 2230 1253 2270 139
1265 2229 1312 2266 de
1330 2228 1482 2279 hospitii

822 2286 902 2322 iure
929 2298 972 2322 ac
1003 2288 1135 2322 natura
1164 2286 1369 2336 disputans.
1426 2284 1482 2322 Ut

822 2341 919 2380 enim
967 2354 1013 2379 eo
1056 2341 1157 2391 quod
1207 2347 1331 2380 mutuo
1375 2345 1482 2379 erant

821 2397 987 2448 hospites
1041 2398 1244 2447 (ξεῖνοι),
1299 2398 1480 2435 amicitiae

821 2455 983 2504 quodam
1006 2455 1157 2492 foedere
1184 2458 1294 2504 atque
1310 2454 1481 2491 humani-

820 2511 907 2548 tatis
932 2511 1028 2548 inter
1054 2511 1223 2548 seiuncti
1243 2514 1358 2557 erant,
1387 2509 1480 2547 invi-

822 2580 902 2605 cem
928 2580 1011 2605 sese
1037 2567 1206 2604 domibus
1235 2566 1477 2617 excipiebant,

821 2628 862 2661 ut
879 2637 1007 2661 omnes
1026 2628 1298 2661 removerentur
1315 2622 1479 2660 simulta—

820 2684 878 2717 tes
906 2684 1018 2730 atque
1044 2680 1230 2728 offensae,
1260 2680 1310 2717 ita
1323 2680 1381 2717 hic
1402 2678 1478 2729 pri-

821 2741 908 2774 vato
949 2737 1054 2786 quasi
1100 2736 1296 2774 amicorum
1335 2734 1479 2774 foederi

823 2793 978 2831 accessit
992 2793 1176 2843 publicum
1188 2794 1319 2830 foedus
1343 2805 1385 2830 ac
1400 2789 1479 2828 bel-

821 2848 929 2887 licum
957 2845 1226 2900 (ξύμμαχοι),
1263 2861 1337 2898 quo
1360 2847 1475 2884 maior

821 2906 860 2944 in
886 2910 1061 2956 utrosque
1087 2906 1310 2944 redundaret
1330 2903 1477 2941 utilitas.

1146 2961 1205 3001 4*
