1759 3324
17 415 184 453 Euphrati·
230 424 299 445 enr-

18 458 83 478 num
135 450 297 478 flexuosum

17 483 135 511 reddit:
152 491 297 519 aggerem

16 517 48 544 {n
76 522 205 552 utraque
230 519 298 554 ripa

16 551 162 578 exstruit:
215 551 297 579 lacu-

17 591 88 612 nam
104 584 135 611 in
159 584 297 613 entiam-

15 616 80 646 bitu
96 625 114 646 e
138 616 210 647 odit.

353 298 440 341 41⁰

746 296 1218 338 HERODOTI

355 405 484 469 (αὕτη
503 406 549 452 δὲ
567 407 834 464 συνετωτέρη
851 407 1062 464 γενομένη
1078 410 1154 464 τῆς
1172 405 1385 462 πρότερον
1404 402 1670 462 ἇρξάσης,)3ο

352 490 485 531 τοῦτο
515 487 615 543 μὲν,
645 485 902 544 μνημόσυνα
932 488 1097 532 ἐλίπετο
1126 486 1179 530 τὰ
1206 486 1288 542 ἐγώ
1317 483 1612 541 ἀπηγήσομαι·

353 569 486 610 τοῦτο
526 566 592 618 δὲ,
633 565 715 622 τὴν
752 564 924 622 Μήδων
975 565 1124 621 ὁρῶσα
1159 564 1299 622 ἀρχὴν
1338 564 1529 621 μεγάλην
1566 579 1612 607 τε

350 645 425 690 καὶ
454 644 537 689 οὐκ
566 643 906 700 ἀτρεμίζουσαν,
952 642 1061 688 ἄλλα
1094 661 1139 688 τε
1178 643 1446 700 ἀραιρημένα
1480 641 1611 686 ἄστεα

351 722 543 776 αὐτοῖσι,
593 722 640 766 ἐν
679 723 724 767 δὲ
753 722 806 779 δὴ
844 723 917 766 καὶ
956 722 1037 780 τήν
1069 726 1240 778 Νῖνον,
1279 721 1610 780 προεφυλάξατο

294 918 354 965 di,
383 916 444 966 qui
465 916 564 966 apud
583 914 773 954 Danielem
795 919 945 954 vocatur

289 972 491 1012 Beltzasar.
549 972 653 1015 Quos
675 971 837 1020 sequitur
851 972 946 1009 Lar-

290 1029 440 1076 «aberas,
470 1028 531 1078 qui
549 1028 696 1066 Medica
715 1028 829 1078 stirpe
847 1028 944 1066 illam

288 1085 519 1136 progenitam
547 1084 831 1133 Babyloniorum
864 1085 945 1134 regi

289 1141 372 1180 huic
389 1140 563 1180 elocatam
579 1141 684 1191 ponit
703 1143 786 1181 620
804 1153 836 1178 a.
856 1141 943 1180 Chr.

289 1211 326 1236 n.
366 1197 613 1246 wesselingio
641 1197 794 1247 aliisque
816 1196 945 1235 Nebu-

288 1254 501 1294 cadnezaris
550 1254 623 1291 filio
638 1284 649 1303 ,
707 1254 769 1303 qui
815 1254 945 1291 dicitur

287 1310 635 1358 Evilmerodachus‚
678 1314 794 1360 nupta
829 1311 943 1348 fuisse

286 1368 452 1415 videtur,
489 1380 597 1417 quem
623 1379 739 1416 regno
761 1367 943 1417 exceperit

285 1424 478 1462 Beltzasar
502 1423 843 1472 (Nebucadnezaris
875 1436 942 1461 ne-

284 1493 356 1533 pos
372 1480 541 1529 idemque
550 1479 778 1518 Nabonedus
790 1480 941 1527 dictus),

283 1537 570 1587 Babyloniorum
612 1540 805 1574 extremus.
861 1535 941 1573 Ad-

284 1594 379 1631 dunt
431 1593 662 1630 Herodotum
725 1593 844 1643 ipsum
900 1592 939 1640 I,

285 1651 391 1698 188,
428 1649 491 1686 ubi
523 1649 702 1687 Nitocrim
742 1648 939 1697 Labyneti,

283 1707 348 1756 qui
380 1719 507 1755 regum
535 1705 817 1754 Babyloniorum
855 1704 939 1741 ulti-

283 1775 365 1800 mus
388 1763 479 1810 fuit,
507 1766 658 1799 matrem
681 1762 785 1810 (non
806 1760 937 1809 aviam,

280 1823 324 1856 ut
340 1818 388 1856 illi
406 1819 617 1869 perhibent)
640 1817 817 1869 appellat,
836 1831 936 1854 com-

281 1876 515 1928 probantque
533 1874 603 1911 hoc
613 1875 753 1913 Iesaiae
769 1874 860 1911 vatis
880 1878 936 1911 te-

281 1931 454 1969 stimonio
482 1930 642 1979 XXVII,
673 1934 722 1979 7,
771 1931 933 1968 canentis

282 1986 606 2035 Nebucadnezari‚
633 1987 708 2024 filio
734 1991 772 2024 et
796 1987 934 2036 nepoti,

277 2056 354 2082 non
378 2043 472 2080 ultra
498 2044 595 2079 dicto
633 2043 823 2081 audientes
854 2043 934 2082 fore

279 2103 424 2150 gentes,
483 2099 594 2142 Quod
630 2113 716 2137 vero
754 2098 932 2147 obiicitur,

278 2155 420 2194 Ninum
437 2153 578 2192 Nitoeri
596 2158 773 2204 regnante
788 2155 858 2191 iam
873 2168 934 2192 ea-

280 2216 384 2264 ptam
410 2211 547 2258 fuisse,
575 2211 614 2247 id
641 2212 741 2260 quod
765 2211 934 2249 acciderit

281 2280 380 2306 anno
401 2269 481 2309 603
501 2279 534 2304 a.
557 2266 644 2304 Chr.
664 2280 700 2304 n.
724 2267 838 2315 (conf.
856 2272 933 2305 not.

281 2325 332 2362 ad
351 2323 389 2371 I,
411 2324 523 2371 106),
551 2323 661 2372 igitur
678 2323 829 2361 multum
848 2328 934 2374 post

282 2379 461 2419 Nitocrim
479 2392 574 2416 anno
598 2382 681 2421 620
709 2392 742 2417 a.
764 2379 851 2417 Chr.
877 2380 933 2417 lo-

282 2441 399 2474 catam
433 2435 716 2484 Babyloniorum
753 2435 854 2485 regi‚
893 2437 931 2473 id

279 2491 367 2530 nihil
392 2491 511 2529 valere
542 2496 667 2530 censet
696 2491 930 2541 wesseling„

280 2561 361 2585 cum
382 2547 478 2585 haud
500 2560 652 2586 necesse
670 2549 740 2595 sit,
759 2561 827 2586 nec
848 2549 930 2598 ipsa

281 2604 460 2642 Herodoti
485 2605 596 2642 verba
624 2605 793 2654 exigant,
823 2610 862 2642 ut
884 2605 928 2641 il-

278 2659 348 2699 lius
365 2660 515 2709 reginae
540 2665 706 2712 tempore
727 2660 814 2697 urbs
840 2661 927 2698 sub-

277 2717 404 2767 iugata
417 2721 619 2754 censeatur.
670 2715 841 2765 Namque
860 2729 927 2754 an-

277 2786 328 2812 no
345 2774 428 2815 633
447 2772 518 2810 iam
538 2785 561 2810 a
580 2773 747 2822 Cyaxare
773 2773 832 2810 illa
858 2773 925 2809 ob-

276 2829 388 2867 sideri
412 2833 544 2880 coepta
580 2832 648 2867 est.
703 2829 780 2867 Sed
813 2829 926 2867 verba

275 2885 509 2924 Herodotea:
546 2881 645 2924 ὅῖλλα
685 2899 726 2925 τε
762 2879 924 2938 ἀραιρη-

276 2939 378 2994 μένα
401 2938 520 2982 ἄστεα
537 2936 716 2990 αὐτοῖσι,
742 2939 786 2982 ἐν
807 2939 850 2982 δὲ
871 2937 922 2994 δὴ

1011 914 1078 955 καὶ
1107 913 1183 967 τήν
1201 918 1356 965 Νῖνον,
1383 916 1479 956 clare
1506 916 1668 954 indicare

1011 974 1201 1021 videntur,
1219 972 1358 1011 Ninum
1379 974 1506 1012 urbem
1527 986 1571 1011 ex
1587 973 1666 1010 He-

1010 1029 1132 1067 rodoti
1169 1033 1314 1078 mente,
1359 1041 1434 1066 non
1474 1030 1665 1067 obsessam

1010 1099 1134 1123 verum
1156 1090 1299 1136 captam
1319 1097 1361 1122 ac
1386 1085 1560 1122 domitam
1576 1096 1664 1122 cen-

1011 1143 1162 1180 sendam
1184 1155 1277 1179 esse.
1320 1141 1453 1191 Neque
1471 1154 1558 1179 vero
1576 1153 1665 1191 pro-

1010 1204 1136 1249 pterea
1165 1197 1385 1235 Bouherium
1413 1210 1569 1247 sequar,
1600 1196 1662 1246 qui

1010 1254 1146 1292 Ninum
1157 1255 1213 1292 bis
1231 1255 1267 1291 in
1278 1254 1471 1292 Medorum
1486 1253 1662 1291 ditionem

1011 1315 1047 1349 et
1075 1315 1295 1362 potestatem
1324 1310 1468 1348 venisse
1495 1304 1663 1361 ’suspica-

1009 1368 1136 1415 batur,
1172 1368 1329 1418 primum
1356 1367 1524 1416 Cyaxare
1560 1365 1663 1403 obsi-

1009 1425 1141 1472 dente,
1179 1423 1330 1462 alterum
1356 1422 1520 1472 Astyage
1552 1435 1661 1460 occu-

1007 1485 1142 1531 pante3
1169 1481 1265 1518 conf.
1295 1479 1452 1518 Dissert.
1476 1478 1659 1517 Herodot.

1007 1550 1064 1588 cp.
1092 1539 1168 1584 21,
1206 1539 1256 1578 11
1294 1548 1381 1586 pag.
1408 1535 1503 1578 240.
1558 1533 1657 1572 Nam

1006 1593 1175 1631 universa
1211 1593 1408 1641 antiquitas
1453 1591 1658 1629 huiusmodi

1006 1649 1222 1687 sententiam
1259 1649 1410 1698 respuit.
1474 1647 1657 1697 Equidem

1005 1705 1114 1742 nolim
1137 1706 1173 1742 in
1198 1705 1254 1742 his
1273 1705 1469 1754 quidquam
1493 1716 1658 1754 pronun-

1006 1762 1096 1799 tiare
1112 1762 1182 1798 nisi
1198 1761 1307 1809 illud,
1326 1761 1410 1798 mihi
1429 1760 1551 1797 omnia
1567 1759 1658 1797 haec

1002 1818 1139 1856 incerta
1168 1818 1281 1855 videri
1311 1830 1379 1855 nec
1411 1829 1570 1865 unquam
1595 1829 1658 1854 ex-

1002 1875 1186 1925 pedienda
1210 1875 1248 1911 in
1279 1878 1379 1911 tanta
1409 1877 1446 1910 et
1468 1872 1656 1910 nominum

1002 1935 1040 1969 et
1073 1935 1275 1981 temporum
1323 1928 1556 1976 confusione,
1592 1929 1655 1965 ubi

1001 1999 1109 2024 omne
1144 1986 1358 2023 conciliandi
1387 1984 1546 2022 studium
1575 1985 1655 2022 irri-

999 2047 1076 2080 tum
1103 2043 1218 2079 videri
1247 2045 1370 2092 queat.

1056 2122 1158 2177 αὕτη
1191 2123 1235 2166 δὲ
1272 2124 1513 2177 συνετωτέρη
1544 2139 1654 2178 γενο-

1001 2180 1100 2233 μένη
1121 2198 1156 2221 κ.
1182 2197 1213 2221 τ.
1236 2181 1294 2232 λ.]
1334 2182 1519 2232 Partieipii
1546 2194 1652 2219 usum

998 2239 1038 2275 in
1061 2239 1127 2276 hac
1146 2238 1372 2290 parenthesi,
1409 2238 1471 2275 ubi
1497 2239 1654 2276 refertur

1000 2295 1049 2332 ad
1077 2296 1296 2334 antecedens
1328 2295 1553 2345 participium
1586 2308 1650 2346 γε·

999 2349 1171 2402 νομὲνη,
1220 2350 1416 2389 declaravit
1470 2350 1651 2389 Matthiae

1001 2408 1066 2474 (Etr.
1089 2408 1154 2445 Gr.
1174 2420 1260 2459 pag.
1285 2407 1524 2449 1093.—-1n
1541 2420 1647 2456 seqq.

999 2461 1126 2515 αρχήν
1163 2485 1211 2492 -
1246 2461 1323 2504 οὐκ
1363 2459 1648 2515 ἀτρεμίζουσαν

997 2520 1082 2558 ‹licit
1108 2534 1281 2570 regnum,
1310 2520 1385 2558 suis
1413 2520 1545 2557 finibus
1570 2532 1647 2556 non

997 2582 1204 2614 contentum
1240 2590 1308 2615 nec
1346 2576 1505 2626 quietem
1541 2575 1646 2625 quasi

996 2646 1133 2682 agenS,
1148 2635 1217 2671 sed
1237 2633 1317 2671 loco
1333 2645 1401 2670 suo
1419 2646 1461 2671 se
1481 2644 1646 2680 movens,

994 2695 1033 2726 nt
1070 2690 1260 2740 imperium
1308 2693 1443 2738 augeat
1479 2687 1645 2738 aliasque

991 2750 1123 2795 gentes
1147 2746 1331 2798 proximas
1348 2745 1419 2782 sibi
1437 2744 1596 2794 subigat.

1047 2828 1090 2870 ἐν
1119 2827 1163 2870 δὲ
1188 2825 1240 2882 δή
1272 2827 1341 2869 καὶ
1374 2825 1450 2879 τὴν
1487 2826 1642 2879 Νῖνον]

992 2886 1051 2923 Cf.
1070 2885 1110 2934 I,
1132 2889 1225 2928 106.
1264 2885 1364 2924 Male
1382 2885 1538 2923 Pauvius
1557 2884 1643 2922 olim

990 2943 1244 2994 suspicabatur
1267 2941 1312 2984 ἔν
1340 2939 1385 2982 δὲ
1405 2938 1456 2994 δή
1474 2939 1543 2981 καὶ
1565 2936 1642 2993 τήν

1681 486 1736 526 87
