1777 3324
523 260 945 303 EUTERPE.
995 261 1042 299 Π.

1319 262 1402 302 621

120 379 245 419 5εῦσι
275 371 432 417 τοιάδε.
493 373 540 415 αἱ
575 371 654 427 μέν
691 385 803 421 τινες
833 372 923 413 τῶν
960 371 1188 426 γυναικῶν
1226 371 1403 413 ποιεῦσι

144 453 278 506 τάπερ
308 454 482 506 εἴρηκα·
515 451 560 493 αἱ
588 450 632 493 δὲ
662 448 936 502 τωθάζουσι,
965 450 1153 503 βοῶσαι,
1183 448 1260 498 τὰς
1286 447 1332 490 ἐν
1349 450 1405 504 τῇ

145 531 266 575 πόλει
295 529 428 585 ταύτῃ
457 533 690 584 γυναῖκας·
722 530 767 571 αἱ
796 526 834 571 δ’
867 527 1110 583 ὀρχέονται·
1143 529 1188 570 αἱ
1217 524 1260 570 δ’
1294 524 1403 570 ἀνα·

117 608 352 663 ὁσύρονται
400 606 691 664 ἀνιστάμεναι.
750 611 887 650 ταῦτα
923 605 1041 661 παρά
1089 610 1234 649 πᾶσαν
1274 604 1459 650 πόλιν10

142 689 474 743 παραποταμίην
509 690 691 730 ποιεῦσι.
752 685 881 729 ἐπεὰν
910 687 955 730 δὲ
985 684 1224 728 ἀπίκωνται
1254 686 1296 737 ἐς
1323 685 1402 741 τὴν

143 766 408 823 Βούβαστιν,
449 764 698 821 ὁρτάζουσι,
741 765 928 821 μεγάλας
958 763 1192 820 ἀνάγοντες
1221 767 1399 815 θυσίας·

139 846 214 889 καὶ
243 843 363 897 οἶνος
393 844 629 901 ἀμπέλινος
659 843 966 901 ἀναισιμοῦται
1004 845 1138 888 πλέον
1167 844 1214 887 ἐν
1242 848 1295 902 τῇ
1325 844 1402 900 ὁρ·-

142 928 196 982 τῇ
233 924 369 981 ταύτῃ
407 924 435 980 ἢ
482 925 528 968 ἐν
567 929 627 984 τῷ
668 923 827 967 ἅπαντι
865 924 1050 980 ἐνιαυτῷ
1085 928 1145 981 τῷ
1182 922 1402 983 ἐπιλοίπῳ.

113 1003 440 1060 7συμφοιτὲωσι
470 1006 534 1058 δὲ,
585 1004 610 1048 ὅ
639 1021 679 1047 τι
709 1002 818 1060 ἀνὴρ
862 1003 937 1046 καὶ
976 1002 1088 1059 γυνή
1132 1004 1240 1055 ἐστι,
1288 1003 1403 1059 πλὴν

141 1084 350 1135 παιδίων,
382 1085 455 1127 καὶ
487 1085 529 1136 ἐς
558 1083 854 1140 ἑβδομήκοντα
883 1083 1123 1138 μυριάδας,
1156 1081 1215 1134 ὥς
1245 1085 1289 1126 οἱ
1309 1083 1401 1126 ἐπι·
1415 1089 1458 1125 15

140 1242 186 1285 δὲ
226 1244 412 1297 Βουσίρι
444 1241 545 1287 πόλι
585 1241 644 1295 ὥς
681 1240 893 1296 ἀνάγουσι
927 1244 981 1299 τῇ
1013 1239 1096 1285 Ἴσι
1134 1241 1214 1298 τὴν
1250 1239 1400 1299 ὁρτήν,

85 1508 140 1561 γῇ
150 1505 164 1557 ]
195 1506 257 1544 Sic
279 1508 404 1558 scripsi
425 1520 504 1544 cum
532 1507 648 1544 Gaisf.
667 1519 734 1558 pro

87 1561 397 1614 ἐγχρίμψαντες
414 1592 423 1609 ,
470 1565 571 1612 quod
611 1577 737 1601 recen-

86 1619 187 1656 tioris
208 1626 263 1657 est
279 1633 377 1657 usus.
436 1620 533 1657 Olim
566 1620 659 1657 enim
679 1620 737 1656 di-

87 1675 218 1713 cebant
246 1676 420 1727 χρίπτειν
449 1681 486 1714 et
505 1675 734 1727 ε’γχρίπτειν,

87 1735 219 1781 postea
239 1733 383 1770 demum
403 1732 617 1782 χρίμπτειν.
661 1732 735 1768 Va-

87 1786 139 1825 let
174 1792 295 1825 autem
320 1788 510 1838 appellere,
548 1789 735 1838 adpropin-

88 1856 214 1894 quare,
233 1857 312 1881 cum
332 1846 494 1894 primitus
516 1845 735 1894 sitpzmgere,

86 1900 204 1936 radere
224 1906 260 1936 et
286 1902 334 1938 de
365 1902 497 1951 scorpii
524 1901 580 1938 vel
600 1914 736 1951 vespae

86 1955 158 1993 ictu
181 1957 390 2005 frequenter
406 1961 610 2007 usurpatur.
650 1958 733 1994 vid.

85 2011 280 2050 Ruhnken.
302 2014 350 2049 ad
373 2012 409 2050 Τ
411 2013 515 2052 imaei
531 2013 619 2052 Lex.
639 2013 734 2051 Plat.

85 2081 123 2118 p.
149 2068 227 2109 104
249 2081 325 2118 seq.
358 2073 394 2106 et
427 2069 516 2117 alia,
556 2083 651 2119 quae
679 2070 736 2107 hie

85 2123 237 2161 laudant
258 2125 483 2175 interpretes.
502 2147 558 2154 —
575 2126 735 2164 Verbum

86 2176 295 2228 τωθάζειν,
315 2194 388 2231 quo
407 2195 490 2219 mox
510 2182 647 2220 Noster
664 2183 737 2219 uti-

86 2239 167 2282 tur,
194 2241 289 2275 recte
303 2239 452 2288 exponit
464 2239 635 2276 Timaeus
651 2238 736 2276 Pla-

87 2293 224 2330 tonicus
256 2293 366 2344 (pag.
387 2297 491 2344 261)
521 2291 736 2346 χλευάζειν,

89 2343 304 2397 σκώπτειν,
335 2347 565 2403 διασύρειν,
594 2353 656 2390 ubi
683 2352 737 2389 vi-

90 2403 216 2441 deatur
234 2406 339 2444 docta
355 2407 562 2446 Ruhnkenii
581 2413 681 2446 nota.

146 2459 191 2498 αἱ
213 2456 253 2499 δ’
283 2457 549 2514 ἀνασύρονται
576 2460 737 2504 ἀνιστά-

91 2515 220 2572 μεναι]
250 2512 522 2571 ἀνασύρεσθαι
542 2526 599 2559 est
613 2526 734 2559 vestes

91 2573 289 2621 adducere,
327 2576 470 2624 tollere,
507 2578 560 2614 ita
585 2582 625 2615 ut
654 2591 734 2615 cor-

90 2640 158 2677 pus
179 2629 393 2679 denudetur3
405 2633 441 2669 id
458 2635 558 2683 quod
575 2634 733 2684 plerum-

90 2694 162 2732 que
192 2684 429 2726 indecentium
461 2694 518 2727 est
548 2690 732 2728 hominum

89 2739 279 2789 minusque
317 2745 537 2793 pudicorum.
594 2746 733 2785 Confer

90 2792 241 2833 Diodor.
268 2798 340 2836 Sic.
367 2800 410 2847 I,
427 2802 504 2849 85,
534 2802 595 2839 ubi
619 2802 730 2840 Wes-

92 2849 261 2900 selingius
282 2859 366 2904 apte
384 2855 510 2895 laudat
522 2859 731 2896 Casaubon.

90 2906 140 2944 ad
188 2907 224 2946 T
225 2907 429 2961 heophrast.
475 2913 643 2953 Charact.
696 2914 732 2953 II

20 1163 85 1210 61
142 1160 295 1219 χώριοι
322 1162 508 1219 λέγουσι.
537 1168 674 1208 ταῦτα
703 1162 782 1218 μὲν
819 1162 872 1218 δὴ
908 1161 1043 1219 ταύτῃ
1074 1162 1274 1206 ποιέεται.
1330 1160 1402 1206 Ἐν
1458 1168 1582 1196 Festum
1644 1169 1734 1197 Isidi-⁴³

1456 1202 1669 1230 Busiriticum:
1691 1204 1734 1238 [2‚

1457 1236 1734 1298 ‘31‘3{÷3⁰.³÷‘{·¹³ss.‡23

111 1323 306 1378 Ωεῖρηται
334 1320 546 1378 πρότερόν
574 1338 661 1378 μοι.
717 1319 955 1366 τύπτονται
983 1321 1062 1378 μὲν
1089 1320 1175 1377 γὰρ
1207 1320 1260 1378 δή
1289 1321 1394 1378 μετά
1452 1305 1734 1363 ἕ““Α8ἔ”η““”“’

1470 1338 1551 1364 olant
1559 1357 1568 1373 ,
1602 1338 1735 1373 hospites

1457 1379 1535 1400 8880·

803 1519 888 1558 pag.
905 1508 985 1548 136
1009 1509 1044 1544 et
1064 1505 1112 1543 ad
1135 1506 1285 1545 Sueton.
1302 1504 1456 1556 August.

804 1577 859 1613 cp.
881 1564 946 1604 82.
1002 1562 1045 1599 ln
1065 1562 1234 1613 Aegypto
1266 1568 1387 1601 autem
1415 1577 1460 1602 ea

803 1619 1036 1669 pertinebant
1073 1620 1120 1656 ad
1161 1620 1280 1670 ipsum
1314 1621 1459 1667 festum,

805 1688 899 1725 quae
917 1676 1003 1712 inde
1022 1688 1096 1711 non
1115 1676 1240 1713 mirum
1262 1680 1330 1722 est,
1350 1676 1459 1714 etiam

803 1732 841 1768 in
889 1732 1113 1769 Graecorum
1159 1733 1460 1783 Thesmophoriis

804 1792 951 1838 recepta
969 1788 1092 1833 fuisse,
1117 1789 1175 1825 ubi
1195 1802 1290 1837 quae
1311 1790 1359 1826 de
1371 1802 1460 1826 con-

803 1844 921 1890 viciis,
953 1845 1081 1893 quibus
1113 1844 1278 1883 mulieres
1310 1859 1349 1883 se
1368 1846 1461 1882 invi-

804 1914 881 1938 cem
900 1901 1098 1947 incessunt,
1115 1901 1192 1938 aliis
1213 1902 1372 1939 eiusdem
1393 1915 1460 1951 ge-

803 1958 900 1995 neris
932 1957 1053 1994 iocose
1079 1957 1182 1994 dictis
1228 1962 1265 1995 et
1301 1960 1457 2008 peractis

805 2018 1019 2051 enarrantur
1034 2041 1045 2059 ‚
1084 2013 1345 2063 Aegyptiacam
1369 2028 1458 2064 pro-

803 2071 894 2107 dunt
908 2070 1096 2119 originem.
1150 2070 1259 2107 Cous.
1281 2070 1459 2109 Creuzeri

803 2125 965 2175 Symbol.
996 2126 1046 2162 lv
1079 2140 1116 2177 p.
1148 2125 1231 2168 462
1251 2139 1327 2176 seq.
1360 2127 1455 2168 465.

804 2182 938 2231 „Quin
960 2182 1070 2220 hodie
1097 2181 1184 2219 talia
1212 2195 1254 2220 ac
1274 2183 1401 2220 similia
1419 2184 1458 2221 in

802 2238 973 2289 Aegypto
1003 2239 1104 2286 fieri,
1142 2239 1238 2276 docti
1265 2239 1362 2276 Galli
1392 2240 1460 2277 ob-

802 2300 957 2333 servant.
988 2295 1069 2332 Vid.
1091 2294 1273 2346 Descript.
1296 2297 1342 2333 de
1363 2296 1457 2345 l’Eg.

801 2351 835 2389 ΙΙ
855 2351 1044 2401 (Thebes)
1062 2365 1098 2402 p.
1111 2354 1164 2393 51
1184 2351 1263 2401 coll.
1283 2365 1320 2403 p.
1335 2354 1460 2394 383.“

805 2407 876 2446 Cr.

859 2463 928 2504 καὶ
947 2461 1057 2512 οἶνος
1080 2459 1295 2515 ἀμπέλινος
1308 2459 1460 2504 ἀναισι-

804 2524 947 2573 μοῦται
963 2537 996 2560 κ.
1010 2536 1042 2560 τ.
1061 2519 1111 2572 λ.]
1141 2521 1223 2558 Vid.
1244 2525 1321 2559 not.
1344 2522 1393 2559 ad
1411 2521 1459 2569 11,

801 2582 856 2622 37
877 2583 914 2617 et
930 2581 997 2620 77.

1007 2662 1119 2714 Cap.
1159 2661 1261 2701 LXI.

856 2746 1009 2798 εἴρηται
1027 2741 1215 2799 πρότερόν
1240 2744 1333 2796 μοι]
1362 2745 1457 2784 Vide

798 2803 857 2850 ΙΙ,
877 2804 932 2844 40
951 2804 1074 2853 ibique
1095 2818 1115 2840 a
1139 2803 1244 2840 nobis
1265 2806 1405 2849 notata,
1417 2806 1454 2840 et

799 2861 894 2898 conf.
928 2861 977 2898 ad
1003 2860 1058 2907 II,
1077 2860 1129 2901 59
1158 2861 1206 2897 de
1229 2859 1316 2897 urbe
1333 2858 1455 2895 Busiri

798 2920 938 2956 notata.
986 2916 1063 2955 Iam
1080 2916 1167 2954 satis
1184 2918 1312 2968 patere
1331 2914 1455 2961 credo,
