1814 3315
648 248 862 287 CLIO.
918 249 945 287 1.
1343 254 1425 294 147

49 360 115 405 60
172 360 368 416 κοσμέων
409 358 549 407 καλῶς
586 372 631 400 τε
670 357 744 400 καὶ
787 352 848 400 εὖ.
899 358 1025 402 Marc}
1072 359 1118 402 δὲ
1162 358 1215 404 οὐ
1257 360 1421 405 πολλόν
1478 362 1747 400 ffiffl‘ffl'lffll‘ffl-

171 439 330 495 χρόνον
367 434 506 479 τώυτὸ
547 433 848 491 φρονήσαντες
888 438 936 479 οἵ
960 453 1004 481 τε
1033 440 1114 481 τοῦ
1143 438 1425 494 Μεγακλέους

1478 404 1526 423 um
1551 405 1653 424 rursssfl

1481 431 1624 465 sequitur.

171 519 399 561 στασιῶται
427 513 500 558 καὶ
529 515 573 558 οἱ
600 519 681 558 τοῦ
709 514 997 570 Λυκούργου,
1027 517 1306 569 ἐξελαύνουσί
1334 535 1422 576 μιν.

113 703 345 744 κατεστεῶσι
367 699 446 749 (ubi
477 697 540 738 ἐπὶ
569 712 613 737 eo
635 712 757 746 sensu,

114 773 185 810 qno
218 771 296 809 cap.
329 772 406 806 seq.
443 754 508 794 ἐπὶ
539 757 590 810 τῇ
619 770 759 807 τυραν-

115 816 237 863 νίδι),
276 815 505 851 Pisistratum
540 811 619 849 urbi
653 825 761 862 prae-

115 873 250 918 suisse,
293 874 435 907 servata
463 881 528 914 ea,
568 881 660 918 quae
694 869 762 905 suit

115 928 330 973 constituta,
361 939 400 963 re
417 924 563 975 publica
591 938 659 962 nec
688 929 762 961 tur-

114 984 208 1021 batis
227 983 370 1031 legibus
395 985 456 1018 aut
478 981 760 1029 magistratibus.

114 1040 216 1077 Idem
233 1043 385 1077 testatur
406 1037 586 1073 Plutarch.
599 1037 670 1073 Vit.
689 1037 761 1073 So-

114 1097 190 1134 lon.
233 1109 288 1146 cp.
328 1097 406 1141 31,
434 1093 496 1129 ubi
535 1093 765 1129 Pisistratum

115 1153 234 1203 ipsum
273 1151 393 1188 caedis
432 1162 530 1186 reum
574 1149 696 1185 scribit
726 1149 764 1185 in

116 1209 313 1257 Areopago
330 1219 474 1244 causam
487 1206 632 1241 dixisse.
663 1204 761 1241 Add.

116 1263 297 1301 Aristotel.
326 1263 435 1299 Polit.
471 1260 527 1307 V,
559 1263 623 1301 12.
657 1259 764 1303 Quae

116 1333 195 1357 cum
216 1320 265 1356 ita
285 1319 377 1364 sint,
409 1318 618 1354 Pisistratus
637 1315 763 1352 Soloni

116 1376 240 1425 utique
259 1375 417 1411 scribere
435 1373 553 1423 potuit
569 1372 660 1421 (vid.
673 1373 765 1409 Dio-

116 1445 203 1481 gen.
224 1431 348 1469 Laert.
368 1429 408 1477 I,
440 1429 527 1476 53),
549 1441 608 1476 se,
638 1441 765 1477 quam-

115 1488 169 1525 vis
212 1491 388 1536 tyrannus
438 1486 634 1532 habeatur,
678 1483 764 1522 nihil

117 1548 240 1581 tamen
257 1546 398 1593 praeter
416 1542 627 1590 dignitatem
648 1544 680 1578 et
703 1540 764 1577 ho-

116 1612 250 1647 norem,
293 1612 316 1636 a
348 1599 494 1648 reliquis
531 1598 665 1635 civibus
695 1597 768 1634 ‹lif-

117 1658 226 1702 serre,
254 1655 297 1691 iis
321 1655 407 1691 solis
429 1658 650 1701 contentum,
673 1665 768 1701 quae

118 1713 279 1763 priorum
316 1711 425 1749 etiam
466 1722 594 1759 regum
636 1710 770 1746 fuerint

119 1769 240 1805 munia
269 1764 343 1815 (τοὶ
374 1763 474 1819 ῥητά
502 1764 639 1818 γέρα).
671 1765 771 1802 Nam

118 1825 216 1874 apud
253 1823 394 1873 priscos
440 1824 628 1868 Graecos,
673 1825 771 1859 teste

119 1881 335 1928 Thucydide
372 1879 410 1927 I,
460 1881 512 1920 13
552 1878 771 1915 hereditaria

119 1937 263 1974 fuerunt
283 1948 397 1984 regna
422 1933 486 1974 ἐπὶ
505 1933 639 1984 ῥητοῖς
657 1931 769 1986 γέρα-

121 2004 158 2031 σι
187 1992 211 2029 i.
237 2005 269 2029 e.
306 1994 409 2028 certis
436 1991 687 2028 conditionibus
706 1989 769 2026 lio-

119 2049 325 2097 noribusque
346 2050 426 2097 regi
444 2049 662 2091 constz'tutz'53
692 2045 771 2096 qui-

119 2105 187 2141 bus
216 2104 304 2154 ipsis
335 2104 485 2153 legitimi
504 2104 684 2154 principes
715 2103 771 2140 di·-

119 2161 389 2209 stinguerentur
420 2161 465 2197 ab
498 2161 566 2207 iis,
615 2159 676 2208 qui
704 2171 771 2209 per

120 2217 191 2253 vim
213 2216 347 2253 civibus
369 2217 502 2254 illatam
524 2216 679 2264 bellique
695 2215 772 2253 iure

121 2285 273 2320 regnum
302 2273 552 2322 acquisierint,
592 2285 685 2322 quos
713 2275 771 2319 ty-

121 2341 254 2366 rannos
284 2329 392 2377 vulgo
420 2329 553 2366 dicunt.
609 2328 652 2365 In
678 2340 772 2376 quo-

122 2397 201 2421 rum
228 2397 377 2422 numero
406 2397 453 2422 ne
484 2385 677 2421 haberetur
710 2383 772 2419 Pi-

123 2441 314 2487 sistratus,
367 2441 403 2477 in
436 2440 587 2490 imperio
617 2440 772 2477 admini-

124 2497 273 2533 strando
293 2496 345 2533 nil
371 2497 430 2535 ille
463 2497 530 2533 sibi
555 2497 684 2533 sumsit
700 2495 770 2532 nisi

124 2564 218 2599 quae
245 2552 391 2600 regibus
413 2553 605 2602 legitimis,
634 2566 673 2590 re
702 2565 770 2601 pu-

124 2607 217 2643 blica
232 2609 394 2656 integra,
425 2610 510 2646 olim
537 2620 710 2646 concessa
731 2611 769 2645 et

125 2663 257 2700 tributa
289 2666 442 2702 fuerunt.
497 2665 656 2712 „Verba
701 2661 768 2703 ἐπὶ

128 2720 229 2756 τοῖσι
272 2722 503 2759 κατεστεῶσι
548 2721 630 2757 hinc
676 2723 766 2757 vert.

129 2774 194 2808 mit
226 2773 430 2824 Erhaltung
463 2776 536 2814 und
577 2775 769 2824 Sclzonung

130 2826 189 2863 der
253 2830 466 2868 bestehenden
540 2831 769 2881 Veifassung.

131 2882 239 2920 Plura
268 2883 449 2925 Lambert.
476 2888 562 2927 Bos.
592 2889 771 2925 Observv.

828 702 920 741 critt.
948 714 1003 751 cp.
1025 703 1061 741 3.
1091 700 1241 740 Herald.
1263 703 1299 740 in
1320 702 1473 742 Salmas.

829 757 942 794 Obss.
974 757 1022 794 ad
1051 757 1112 793 Ius
1139 756 1213 795 Att.
1240 763 1277 797 et
1300 760 1408 796 Rom.
1431 760 1477 806 V,

832 813 884 854 14
922 812 958 864 §.
999 815 1037 854 9.
1085 813 1238 851 Fundus
1286 815 1477 853 locutionis

829 871 1098 918 quodaminodo
1128 870 1362 910 Homericum
1388 872 1477 909 illud

830 926 998 976 (odyss.
1028 925 1117 972 Vll,
1159 928 1240 968 150
1275 928 1362 978 ibiq.
1402 927 1479 964 Eu-

831 982 938 1019 stath.
957 995 1043 1032 pag.
1065 984 1146 1024 278
1167 983 1293 1031 Bas.):

943 1059 1000 1066 —-
1036 1036 1151 1090 γέρας
1181 1035 1223 1077 δ’
1247 1036 1320 1087 &a
1352 1040 1479 1093 δῆμος

1106 1093 1293 1134 ἓ’δωκεν.“

836 1148 904 1187 Cr.
934 1147 977 1185 In
1015 1150 1145 1198 quibus
1174 1152 1291 1188 verbis
1321 1152 1478 1202 Ulysses

832 1207 879 1243 de
907 1205 1111 1243 Phaeacum
1139 1208 1349 1256 proceribus
1365 1208 1481 1262 γέρας

831 1261 954 1298 fundis
976 1263 1054 1309 regi
1077 1274 1099 1298 a
1127 1262 1264 1313 populo
1294 1267 1481 1303 concessis

832 1316 1001 1365 intelligit
1044 1318 1246 1357 Tittmann.
1289 1319 1481 1367 (Darstell.

833 1374 868 1410 d.
882 1372 1027 1410 Griech.
1050 1373 1263 1414 Staatsverf.
1284 1388 1371 1426 pag,
1391 1379 1480 1426 73),

833 1429 895 1478 qui
916 1429 1012 1466 idem
1034 1429 1259 1479 Thucydidis
1287 1434 1399 1470 verba
1421 1447 1485 1470 su-

832 1498 900 1536 pra
922 1483 1064 1535 prolata
1084 1484 1148 1525 ἐπὶ
1172 1486 1325 1538 ῥητοῖσι
1344 1487 1483 1541 γέρασι

834 1543 883 1579 ad
901 1554 1029 1589 regum
1046 1543 1196 1591 reditus,
1217 1544 1363 1583 minime
1382 1559 1483 1592 vero,

834 1602 875 1635 ut
899 1598 1009 1646 vulgo
1033 1598 1095 1645 fit,
1136 1600 1184 1636 ad
1212 1602 1290 1638 iura
1313 1615 1486 1639 munera-

838 1666 910 1703 que
943 1667 1068 1692 eorum
1095 1657 1206 1693 refert
1236 1662 1300 1707 (p.
1331 1660 1385 1699 68
1405 1662 1483 1696 not.

836 1712 891 1751 69
911 1708 933 1748 l.
947 1709 1008 1758 1.).
1068 1710 1174 1755 Quae
1190 1713 1276 1750 mihi
1293 1718 1390 1751 certe
1410 1727 1486 1751 non

837 1766 1031 1818 persuasit.

895 1820 945 1861 ἔν
958 1837 974 1861 ε
984 1837 1010 1873 μ
1024 1835 1041 1860 ε
1065 1820 1140 1873 τήν
1156 1818 1284 1871 πόλιν]
1296 1825 1339 1862 ln
1353 1823 1486 1862 Aldina

840 1876 962 1929 ἔμενε,
994 1879 1093 1927 quod
1113 1880 1284 1917 Reiskius
1314 1883 1487 1932 praefert,

839 1936 886 1972 de
914 1934 1055 1983 legibus
1083 1936 1314 1986 intelligenS,
1354 1937 1485 1986 quibus

837 1990 1048 2027 Pisistratus
1077 1993 1239 2040 steterit,
1278 1993 1376 2030 haud
1408 2007 1488 2030 mu—

837 2047 933 2083 tatis.
950 2046 1127 2085 Plutarch.
1154 2048 1180 2086 l.
1200 2047 1222 2085 l.
1253 2050 1299 2087 de
1318 2049 1490 2086 Pisistra-

837 2107 897 2140 to:
936 2098 1126 2153 ἐφύλαττε
1157 2101 1232 2157 γὰρ
1261 2102 1354 2151 τούς
1382 2106 1487 2144 πλεί-

840 2170 955 2206 στους
1001 2155 1146 2211 νόμους
1181 2162 1254 2200 τοῦ
1288 2159 1487 2208 Σόλωνος,

839 2213 962 2266 ἒμμέ
976 2229 998 2254 ν
1013 2231 1076 2255 ων
1098 2219 1254 2264 πρῶτος
1281 2213 1401 2264 αὐτός
1420 2216 1490 2256 καὶ

837 2268 933 2318 τούς
958 2271 1100 2321 φίλους
1123 2268 1372 2325 οἷναγκοὲζων.
1401 2274 1489 2311 Plu-

839 2340 879 2364 ra
916 2329 963 2365 de
999 2329 1069 2366 hoc
1107 2330 1218 2368 verbo
1267 2330 1396 2379 collegi
1440 2330 1490 2366 ad

838 2383 1111 2434 Philopoemen.
1167 2399 1252 2436 pag.
1311 2388 1376 2427 10.
1423 2389 1489 2427 11·

839 2439 946 2482 Quae
964 2444 1085 2478 tamen
1108 2442 1255 2480 minime
1286 2455 1329 2480 eo
1356 2442 1490 2490 valent,

838 2499 878 2531 ut
905 2495 1156 2535 Herodoteam
1187 2498 1378 2536 lectionem
1411 2498 1489 2535 vul-

837 2554 961 2600 gatam
998 2552 1078 2590 loco
1109 2559 1299 2602 moveant,
1339 2555 1377 2591 in
1416 2567 1490 2603 qua

837 2605 972 2658 νέμειν
1007 2610 1056 2646 de
1092 2611 1266 2659 regimine
1301 2611 1399 2648 urbis
1433 2611 1488 2647 di—

836 2667 954 2713 ctum,
984 2668 1023 2702 ut
1042 2664 1100 2714 V,
1132 2669 1198 2708 71.
1228 2669 1295 2709 29.
1325 2669 1391 2709 92.
1422 2671 1489 2705 ete.

1054 2749 1164 2800 Cap.
1192 2748 1274 2787 LX.

897 2827 1155 2879 ἐξελαύνουσί
1174 2835 1257 2883 μιν]
1287 2833 1398 2877 Quod
1417 2845 1491 2881 quo

837 2891 1004 2939 tempore
1021 2889 1258 2941 probabiliter
1280 2890 1327 2925 sit
1337 2891 1491 2934 factiun,

1183 2947 1237 2984 10
1259 2945 1276 2963 '⁸

1682 405 1750 425 COR*
