1759 3324
342 253 426 292 74⁰

738 243 1211 287 HERODOTI

344 360 519 416 ἐποίησε
559 357 606 401 ἐν
647 355 797 401 Ἰλιάδι
854 356 956 414 (καὶ
995 353 1170 411 ου’δαμῆ
1218 352 1330 410 ἄλλῃ
1383 351 1609 396 ἀνεπόδισε

346 438 532 493 ἑωυτὸν)
571 435 741 492 πλάνην
777 434 857 491 τήν
893 432 1209 488 Ἀλεξάνδρου,
1269 432 1327 483 ὠς
1366 429 1608 488 ἀπηνείχθη

346 518 466 575 ἄγων
490 516 689 572 Ἑλένην,
725 520 777 572 τῇ
808 530 852 557 τε
883 513 936 569 δὴ
970 512 1078 569 ἄλλῃ
1108 511 1401 567 πλαζόμενος,
1449 510 1523 554 καὶ
1552 507 1611 561 ὥς

318 599 395 649 3ἐς
423 599 604 640 Σιδῶνα
634 598 709 650 τῆς
751 594 959 648 Φοινίκης
997 589 1187 635 ἀπίκετο.

293 817 315 854 l.
344 816 368 854 l.
423 812 642 852 Particulam
670 809 767 864 γᾶρ,
799 823 948 862 praece-

294 875 405 910 dente
443 871 567 920 δῆλον
605 867 678 915 δὲ,
717 868 950 905 illustrabunt

295 943 339 967 ea
353 957 363 975 ,
395 941 489 977 quae
506 930 631 963 monet
649 924 783 962 Matth.
805 924 869 960 Gr.
882 923 948 959 Gr.

294 998 381 1037 pag.
415 980 522 1024 1244
549 982 626 1019 coll.
658 984 751 1022 806.
812 981 951 1016 Confer

295 1041 434 1078 Herod.
454 1040 510 1085 ll,
536 1038 626 1079 134.
664 1037 718 1074 Ae
737 1037 948 1087 praevideO,

295 1099 394 1144 sore,
426 1096 555 1145 quibus
583 1093 640 1132 vel
668 1090 767 1132 κατὰ
795 1093 853 1130 vel
875 1088 949 1144 γάρ

296 1153 484 1191 abundare
532 1152 690 1199 indeque
737 1150 952 1187 eiiciendnm

296 1210 474 1247 videatur.
530 1208 574 1245 In
593 1220 666 1256 quo
682 1211 804 1244 tamen
825 1217 954 1243 vereor

299 1271 341 1303 ut
361 1264 527 1303 assentiri
540 1264 689 1314 possim,
707 1263 826 1300 invitis
846 1275 954 1312 prae-

300 1323 421 1360 sertim
440 1322 607 1359 omnibus
627 1320 728 1357 libris
756 1319 897 1369 scriptis
918 1321 955 1356 et

298 1383 526 1429 repugnante
547 1377 750 1415 Herodotei
775 1375 953 1413 sermonis

300 1435 536 1473 abnndanfia.

355 1489 421 1530 καὶ
446 1486 607 1540 ου’δαμῆ
625 1485 722 1542 ἄλλῃ
745 1482 953 1527 οἷνεπὸδισε

301 1544 471 1597 ἑωυτὸν]
502 1547 643 1583 Probat
659 1544 954 1594 Schweighaeus.

300 1604 426 1641 Vallae
442 1603 795 1653 interpretationem:
812 1613 872 1637 nec
893 1614 955 1637 us—

302 1673 405 1711 quam
431 1659 521 1696 alibi
547 1662 742 1705 retractat,
782 1657 811 1694 si
843 1660 957 1694 retra-

301 1721 397 1755 ctare
410 1716 592 1764 intelligas
610 1715 784 1752 diversum
803 1713 860 1751 vel
876 1726 956 1750 con-

302 1776 452 1811 trarium
469 1772 582 1810 dicere
609 1774 706 1819 eius,
737 1769 826 1820 quod
855 1769 956 1806 semel

302 1830 469 1867 diximus.
503 1828 676 1866 Budaeus
697 1829 954 1877 interpretatus

303 1891 403 1925 erat:
431 1889 464 1922 et
482 1898 655 1935 nusquam
681 1884 771 1921 alibi
791 1896 826 1919 se
841 1886 956 1933 ipsum

302 1945 480 1987 revocayit
498 1971 509 1989 ,
548 1942 587 1978 id
614 1945 691 1988 est,
718 1952 890 1990 nusquam
917 1938 956 1976 id

303 2002 430 2036 iterum
449 1998 566 2042 dz'xz't3
596 2011 663 2035 nec
677 1997 779 2034 aliter
806 1997 883 2034 fere
903 1995 953 2033 H.

305 2055 513 2104 Stephanus
540 2056 578 2091 in
595 2054 688 2090 thes.
711 2053 733 2089 l.
756 2053 821 2088 Gr.
852 2057 876 2088 t.
904 2052 956 2088 Ill

304 2124 391 2161 pag.
412 2111 513 2151 517:
545 2123 616 2157 „se
634 2111 746 2159 ipsum
767 2111 957 2155 revocavit,

305 2179 395 2217 pro:
424 2168 550 2202 iterum
565 2165 656 2202 idem
677 2165 809 2201 dixitf‘
865 2164 957 2201 Mihi

306 2222 424 2270 magis
463 2221 584 2271 placet
615 2220 819 2269 Schweigh.
851 2221 956 2257 ratio.

307 2279 415 2316 Conf.
442 2277 582 2315 Herod.
604 2277 649 2323 V,
671 2280 746 2321 923
776 2276 874 2312 cuius
903 2281 960 2312 ta-

307 2346 392 2371 men
419 2334 488 2370 loci
508 2335 602 2370 ratio
630 2331 794 2369 nonnihil
816 2333 959 2368 diversa

309 2395 375 2429 est.
422 2410 477 2417 ——-
527 2389 584 2426 Ex
620 2389 675 2425 his
712 2389 800 2439 ipsis
838 2388 957 2425 verbis

308 2445 472 2485 Nitzsch.
490 2446 714 2493 (Indagand.
730 2457 796 2494 per
808 2444 959 2482 Homeri

310 2503 446 2551 Odyss.
472 2501 679 2552 interpolat.
709 2504 916 2551 praeparat.
939 2499 956 2536 Ι

309 2559 383 2596 Kil.
405 2560 512 2599 1828
541 2570 627 2608 pag.
661 2559 711 2597 18
736 2558 832 2603 not.)
861 2556 958 2594 colli-

311 2616 392 2664 git,
442 2615 512 2650 iam
542 2614 770 2651 Herodotum
806 2613 958 2650 Homeri

310 2683 407 2721 quae
437 2671 599 2708 feruntur
635 2669 793 2706 carmina
823 2671 958 2719 scripta

309 2726 579 2778 pervolutasse3
615 2730 653 2763 et
679 2726 774 2772 iure,
811 2726 840 2762 si
870 2726 959 2774 quid

309 2784 440 2830 video,
475 2782 534 2819 hic
560 2781 659 2819 locus
681 2781 802 2819 afferri
823 2786 957 2831 potest,

309 2840 359 2876 ad
381 2839 624 2888 integritatem
654 2839 849 2875 carminum
876 2838 958 2874 Ho-

308 2896 523 2935 mericorum
537 2906 734 2944 eorumque
746 2893 957 2944 diligentem

1249 589 1531 647 ἐπιμέμνηται
1567 588 1613 633 δὲ
1622 595 1667 629 35

1014 810 1205 847 lectionem
1224 810 1407 848 Herodoti
1428 813 1527 849 certe
1550 812 1670 847 aetate

1017 868 1335 917 comprobandam.
1396 867 1563 910 Quorum
1591 878 1669 902 ma-

1018 936 1092 972 gna
1106 924 1176 959 iam
1207 923 1267 959 illo
1291 928 1456 972 tempore
1474 923 1669 960 auctoritas

1017 980 1128 1017 fuisse
1146 980 1304 1025 videtur,
1333 979 1467 1029 alioqui
1495 979 1591 1016 enim
1623 978 1670 1015 ab

1016 1036 1210 1073 Herodoto
1238 1037 1272 1073 h.
1290 1036 1313 1073 l.
1339 1049 1413 1072 non
1440 1037 1550 1073 citata
1575 1038 1612 1073 et
1633 1035 1672 1071 in

1018 1105 1169 1131 examen
1192 1098 1319 1130 vocata
1338 1092 1502 1130 fuissent.

1077 1147 1140 1195 ὥς
1173 1144 1424 1199 οἷπηνείχθη]
1455 1147 1674 1186 Particulam

1020 1205 1100 1243 loco
1135 1206 1360 1256 pronominis
1410 1205 1549 1242 relativi
1583 1204 1672 1254 poni

1023 1262 1146 1300 statuit
1163 1261 1340 1299 Matthiae
1353 1262 1417 1298 Gr.
1439 1262 1504 1298 Gr.
1524 1274 1560 1311 p.
1576 1262 1670 1302 907.

1022 1318 1315 1369 „W'yttenbacn
1346 1319 1382 1355 in
1412 1317 1548 1355 selectt.
1572 1317 1671 1354 histt.

1020 1388 1107 1426 pag.
1127 1376 1209 1417 358
1239 1376 1288 1411 ad
1314 1375 1502 1424 antiquum
1528 1373 1673 1410 dicendi

1021 1445 1136 1481 genus
1158 1432 1271 1468 refert
1289 1430 1558 1480 etThucydidis
1572 1443 1672 1467 com-

1020 1493 1127 1540 parat
1152 1488 1270 1525 locum
1304 1487 1340 1534 Ι,
1373 1490 1418 1527 1:
1456 1483 1527 1526 τόν
1553 1481 1672 1526 πόλε-

1022 1560 1164 1596 μον-
1177 1542 1229 1591 ὥς
1248 1541 1534 1595 ἒπολὲμησαν.“
1564 1542 1630 1580 Cr.

1077 1599 1336 1651 ἐπιμέμνηται
1379 1597 1422 1639 δὲ
1461 1595 1586 1638 αὕτοῦ
1628 1597 1672 1639 ἕν

1022 1653 1249 1708 Διομήδεος
1272 1652 1465 1710 ἀριστείῃ]
1495 1656 1618 1694 Verba
1632 1656 1671 1693 in

1023 1710 1247 1764 Διομήδεος
1266 1709 1456 1767 ἅριστείῃ,
1478 1725 1573 1762 quae
1584 1711 1673 1750 Val-

1020 1771 1190 1808 ckenario
1221 1771 1422 1808 abiicienda
1444 1770 1672 1806 videbantur.

1020 1828 1109 1864 satis
1130 1831 1253 1864 tuetur
1281 1826 1452 1864 orationis
1475 1830 1606 1873 tenor,
1634 1828 1675 1862 ut

1021 1884 1116 1921 bene
1136 1884 1209 1920 iam
1225 1884 1366 1920 notavit
1381 1882 1673 1931 Schweighaeus.

1021 1940 1061 1976 Si
1096 1953 1181 1977 vero
1217 1940 1420 1977 universam
1456 1938 1673 1976 sententiam

1021 1997 1157 2034 habeas
1179 1997 1390 2043 insiticiam,
1427 1995 1573 2032 minime
1592 2007 1673 2032 eam

1022 2057 1149 2089 contra
1166 2052 1276 2089 libros
1302 2053 1472 2101 equidem
1487 2051 1672 2097 eiecerim;

1023 2121 1117 2158 quae
1146 2110 1274 2146 eadem
1303 2113 1359 2146 est
1382 2107 1560 2146 Nitzschii
1589 2120 1674 2145 sen-

1022 2165 1165 2202 tential
1198 2164 1220 2201 l.
1252 2178 1288 2215 p.
1313 2167 1384 2210 11,
1415 2165 1476 2200 ubi
1500 2164 1538 2200 in
1558 2163 1673 2205 not.5

1023 2221 1113 2257 haec
1136 2221 1255 2257 addit:
1280 2220 1527 2267 „Sufficiebat
1542 2248 1552 2265 ‚
1585 2220 1614 2256 si
1639 2220 1673 2257 ei

1025 2277 1124 2325 quod
1143 2277 1350 2326 praecedit,
1375 2275 1416 2314 ἕν
1433 2271 1582 2322 Ἰλιάδι,
1607 2277 1673 2313 ad-

1025 2334 1171 2369 deretur
1188 2330 1287 2383 λέγει
1310 2329 1352 2370 δὲ
1369 2329 1416 2370 vo?
1437 2331 1532 2371 ἔπεα
1553 2328 1671 2379 οὕτω,

1026 2393 1065 2424 ut
1089 2401 1172 2424 mox
1199 2387 1457 2439 ἐπιμέμνηται
1476 2386 1519 2427 δὲ
1540 2387 1608 2427 καὶ
1629 2388 1672 2428 ἐν

1023 2439 1264 2498 Ὀδυσσείῃ,
1309 2444 1350 2484 ἐν
1389 2446 1537 2484 τοῖσίδε
1569 2449 1672 2484 τοῖσι

1023 2499 1196 2539 ἕπεσιν.“
1252 2501 1310 2538 Ad
1327 2501 1504 2550 reliquum
1525 2502 1593 2539 loci
1613 2515 1673 2539 ar-

1021 2562 1232 2605 gumentum
1262 2557 1352 2595 haec
1377 2563 1502 2596 monet
1518 2558 1675 2596 Valcke-

1023 2614 1168 2650 narius:
1208 2615 1338 2662 „Sunt
1368 2614 1518 2653 subiecti
1548 2628 1672 2653 versus

1025 2682 1069 2706 ex
1086 2670 1189 2707 Iliad.
1215 2667 1269 2717 Z',
1290 2673 1372 2713 289
1395 2675 1432 2709 et
1451 2683 1554 2720 seqq.
1579 2674 1672 2710 Διο-

1026 2722 1178 2776 μήδους
1219 2722 1396 2778 ἀριστεία
1427 2728 1623 2765 vocabatur
1650 2739 1672 2764 a

1024 2784 1266 2831 grammaticis
1303 2783 1406 2820 Iliad.
1425 2778 1492 2831 Ε,
1530 2785 1568 2820 in
1599 2795 1673 2833 qua

1025 2840 1188 2876 meminit
1225 2841 1263 2877 in
1311 2843 1516 2877 transcursu
1561 2842 1673 2890 poeita

1023 2894 1219 2933 Alexandri
1247 2897 1467 2946 naviumque
1489 2895 1674 2934 architecti
