1777 3324
370 257 454 297 868

768 251 1239 290 HERODOTI

372 362 595 417 πατόρων·
647 361 736 404 ἔστι
774 360 923 417 μέντοι
962 360 1035 404 καὶ
1071 363 1203 403 τοῦτο
1242 358 1289 402 ἐν
1325 361 1378 415 τῇ
1409 357 1519 416 αὐλῇ
1548 362 1628 402 τοῦ

375 445 498 498 ἱροῦ,
547 439 710 491 παστὰς
744 442 890 496 λιθίνη
921 437 1082 495 μεγάλη
1103 471 1114 491 ,
1167 439 1240 482 καὶ
1272 436 1490 494 ἠσκημένη
1521 436 1653 481 στύ-1

376 522 489 565 λοισί
517 537 560 563 τε
591 520 794 575 φοίνικας
832 518 884 559 τοὶ
927 519 1108 571 δένδρεα
1153 515 1506 572 μεμιμημένοισι,
1556 517 1630 559 καὶ

321 603 428 657 1οτῇ
458 598 565 656 ἄλλῃ
597 596 780 652 δαπάνῃ.
827 595 909 639 ἔσω
943 596 988 639 δὲ
1019 595 1064 639 ἐν
1094 599 1146 652 τῇ
1184 596 1369 639 παστάδι
1411 595 1504 648 διξὰ
1545 601 1629 638 θυ-

377 816 419 856 ἔυ
445 818 497 869 τῇ
528 810 654 869 αὐλῇ]
695 813 753 850 De
779 807 902 863 αὐλή
934 816 971 850 et

321 884 446 912 παστ
459 868 514 917 εἷς
537 872 631 908 conf.
649 873 742 906 nott.
756 870 802 905 ad
818 869 865 916 ll,
881 868 971 909 148.

376 924 582 978 ἠσκημένη
605 921 784 964 στύλοισί
808 939 847 963 τε
882 924 971 973 φοί-

321 999 436 1030 νικας
468 981 515 1022 τοὶ
552 981 712 1033 δένδρεα
751 979 971 1032 μεμιμημέ-

321 1040 441 1091 νοισι]
473 1041 494 1077 i.
517 1053 548 1076 e.
574 1039 740 1075 columnis
756 1038 895 1087 palmas
915 1050 973 1074 ar-

321 1098 417 1134 bores
452 1096 673 1133 imitantibus
704 1099 855 1131 ornatus.
914 1094 972 1131 De

321 1151 526 1205 ἠσκημένη
553 1153 615 1188 vid
652 1151 704 1197 ΙΙ,
734 1153 813 1192 130
851 1151 973 1199 ibique

321 1216 398 1248 not.
446 1214 568 1258 Atque
599 1209 772 1245 admonet
800 1207 972 1244 Creuzer.

322 1265 616 1315 (commHerod.
639 1278 673 1314 p.
687 1265 768 1304 393
783 1267 858 1300 not.
871 1263 973 1312 432)

324 1325 511 1361 doctorum
530 1320 715 1358 Gallorum
727 1349 738 1367 ‚
769 1320 830 1368 qui
849 1319 973 1368 Aegy-

323 1380 465 1431 ptiacae
493 1377 751 1414 architecturae
775 1376 974 1426 primordia

323 1435 542 1487 explicantes
555 1463 565 1480 ‚
590 1433 699 1470 hocce
718 1432 899 1469 Herodoti
919 1431 973 1468 lo-

325 1506 366 1529 co
401 1495 484 1527 sunt
514 1491 579 1526 usi.
651 1488 744 1525 Illud
779 1488 872 1525 enim
905 1487 972 1524 sibi

323 1548 490 1585 videntur
508 1547 660 1591 vidisse,
689 1558 764 1581 non
783 1544 895 1581 solum
913 1558 974 1581 co-

324 1604 486 1650 lumnas,
508 1603 574 1639 sed
596 1601 682 1638 alias
709 1613 854 1649 quoque
873 1600 973 1638 aedi-

323 1661 485 1697 ficiorurn
520 1662 640 1708 partes
688 1657 787 1707 apud
832 1661 973 1694 veteres

325 1715 526 1765 Aegyptios
558 1714 604 1750 ad
640 1713 843 1763 plantarum
872 1713 974 1749 arbo—

324 1785 467 1821 rumque
494 1771 731 1808 imitationem
756 1769 894 1806 effictas
915 1783 973 1807 es-

325 1842 376 1866 se.
434 1827 526 1863 Eam
555 1840 631 1863 rem
671 1826 876 1862 confirmari
904 1839 973 1876 pu-

325 1888 403 1921 tant
429 1896 501 1920 non
527 1883 638 1919 modo
665 1882 822 1931 reliquiis
851 1881 972 1932 sepul-

326 1941 400 1978 chri
423 1940 680 1988 osmandyae
693 1969 703 1986 ‚
719 1951 843 1975 verum
863 1940 972 1976 etiam

327 1995 493 2044 singulis,
514 2000 694 2044 quotquot
710 1995 893 2043 hodieque
911 2007 973 2032 ex-

327 2057 446 2099 stent,
476 2051 668 2101 superioris
690 2051 848 2101 Aegypti
872 2051 974 2088 aedi-

326 2109 428 2146 ficiis.
484 2108 567 2144 Vid.
594 2108 765 2157 descript.
805 2108 851 2144 de
877 2107 972 2155 l’Eg.

327 2166 465 2212 antiqq.
486 2164 554 2200 vol.
579 2163 611 2199 II
641 2163 759 2200 Theb.
780 2176 816 2212 p.
836 2164 901 2203 33.

385 2219 459 2258 ἔσω
487 2217 529 2257 δὲ
559 2218 600 2257 ἓν
621 2221 670 2271 τῇ
686 2215 857 2257 παστάδι
884 2215 972 2265 &gd

328 2271 546 2326 θυρώματα
563 2273 712 2324 ἕστηκε]
725 2275 880 2311 Vertunt
895 2275 974 2310 vul-

329 2345 396 2381 go:
433 2333 564 2377 „intra
593 2330 806 2375 thalamum,
845 2333 973 2378 reposi-

328 2389 452 2425 torium
471 2390 520 2423 est
543 2387 633 2422 binis
656 2386 798 2436 foribus
814 2386 972 2422 clausum

328 2448 433 2493 atque
457 2443 546 2479 inibi
565 2446 614 2478 est
631 2445 725 2490 regis
742 2442 972 2492 sepulcrumf‘

328 2495 548 2551 θυρώματα
570 2498 673 2535 Valla
691 2503 769 2535 erat
796 2499 974 2547 interpre-

328 2561 425 2593 tatus
451 2558 586 2604 postes,
615 2556 653 2589 in
680 2554 804 2603 quibus
832 2567 922 2590 urna
947 2568 974 2590 s.

329 2611 462 2649 loculus
481 2615 541 2648 est.
580 2610 648 2646 Cui
665 2610 851 2647 oblocutus
868 2610 976 2647 Wes-

330 2668 502 2716 selingius
542 2667 691 2716 exponit
723 2666 885 2702 tabulata
927 2665 975 2702 acl

323 2725 422 2775 fores
443 2723 597 2772 deposita
616 2726 648 2758 et
666 2723 854 2758 conditorio
874 2725 972 2769 apta,

329 2779 632 2829 quemadmodum
648 2778 684 2814 in
704 2778 866 2813 Stobaeo
886 2777 974 2813 XLI

330 2849 366 2884 p.
385 2836 463 2875 251
494 2838 530 2871 et
549 2829 660 2882 θύρη
690 2846 756 2881 pro
782 2832 904 2869 tabula
936 2834 974 2869 in

331 2891 457 2928 Nostr.
486 2889 540 2936 11,
562 2891 626 2930 96.
659 2888 763 2933 VIII,
783 2889 849 2929 51.
906 2887 972 2925 At-

1038 825 1110 862 que
1147 809 1368 863 θυρώματα
1408 814 1552 863 saepius
1589 814 1683 852 idem

1039 883 1119 906 esse
1138 875 1248 918 atque
1261 865 1370 917 θύρα
1389 875 1487 907 recte
1503 871 1686 907 monuisse

1037 926 1181 962 videtur
1199 925 1573 974 Schweighaeuserus.
1594 925 1687 962 Lar-

1039 982 1164 1019 cherus
1203 982 1445 1019 reddiderat:
1492 995 1560 1019 une
1588 982 1686 1018 m'che

1038 1051 1123 1075 avec
1153 1051 1199 1075 un
1225 1041 1322 1087 porte
1348 1051 1371 1074 α
1407 1037 1499 1075 deux
1534 1039 1687 1085 battans,

1038 1095 1217 1145 probante
1248 1094 1488 1131 Valckenario
1519 1094 1684 1144 Toupio-

1041 1164 1123 1199 que,
1182 1150 1223 1186 In
1244 1163 1352 1199 quam
1385 1151 1598 1188 sententiam
1614 1151 1687 1188 Ita-

1041 1207 1094 1244 lus
1116 1207 1292 1256 interpres
1313 1206 1408 1243 hunc
1438 1206 1460 1243 l.
1492 1207 1544 1243 ita
1562 1208 1686 1244 vertit:

1039 1276 1094 1310 „e
1122 1263 1250 1300 dentro
1277 1262 1312 1299 la
1347 1263 1501 1312 pastada
1526 1263 1561 1298 vi
1595 1276 1686 1300 sono

1041 1320 1112 1356 due
1141 1319 1277 1356 nicehie
1305 1332 1372 1355 con
1411 1318 1553 1368 duplice
1580 1324 1687 1368 porta

1039 1389 1059 1413 e
1075 1374 1169 1413 nella
1197 1375 1336 1412 nicchia
1362 1375 1394 1411 ν’
1412 1376 1432 1412 ὲ
1460 1374 1483 1410 il
1508 1376 1686 1425 reposito-

1039 1433 1148 1477 rio;“
1189 1436 1227 1468 et
1251 1431 1287 1467 in
1311 1436 1397 1468 nota
1427 1431 1514 1468 haec
1544 1432 1685 1468 scribit:

1039 1517 1063 1535 „
1075 1501 1135 1525 con
1156 1487 1294 1536 duplice
1310 1491 1433 1537 porta:
1457 1500 1478 1523 o
1498 1487 1560 1536 piu
1579 1492 1690 1524 tosto:

1039 1558 1099 1581 con
1116 1548 1219 1594 porta
1243 1558 1265 1580 α
1287 1544 1353 1580 due
1380 1545 1561 1593 i111poste.“
1609 1544 1687 1580 Erit

1037 1602 1147 1649 igitur
1165 1601 1280 1637 minus
1309 1600 1476 1637 conclave
1498 1613 1524 1636 s.
1548 1601 1687 1650 reposi-

1038 1658 1168 1694 torium
1206 1656 1335 1693 bix-alvi
1373 1656 1479 1692 ianua
1517 1655 1686 1693 clausum.

1039 1712 1414 1762 Schweighaeuserus‚
1428 1712 1484 1749 cui
1498 1725 1571 1748 non
1585 1725 1689 1762 pror-

1040 1783 1098 1806 sus
1118 1769 1282 1819 displicet
1294 1768 1464 1805 Larcheri
1485 1769 1588 1815 ratio,
1605 1782 1686 1806 eam

1037 1827 1210 1877 proponit
1234 1825 1312 1875 ipse
1340 1826 1687 1874 interpretationem,

1039 1888 1081 1919 ut
1110 1878 1198 1929 διξὰ
1221 1876 1442 1933 θυρώματα
1468 1881 1540 1917 sint
1574 1881 1685 1929 gemi-

1039 1943 1145 1975 natae
1171 1938 1294 1988 fores,
1329 1940 1440 1974 ianua
1469 1937 1623 1974 bivalvis
1652 1941 1687 1974 et

1041 1994 1082 2034 ἐν
1100 1998 1201 2034 τοῖσι
1219 1990 1431 2045 θυρώμασι
1458 1993 1554 2030 idem
1577 1998 1686 2042 atque

1039 2047 1150 2096 ε’ντός
1170 2053 1247 2089 τῶν
1261 2046 1524 2101 θυρωμάτων.
1583 2050 1687 2093 Quae

1041 2108 1225 2145 Creuzero
1270 2107 1414 2157 placent
1451 2106 1687 2153 (commentt.

1040 2164 1205 2201 Herodd.
1232 2177 1269 2213 p.
1298 2162 1408 2210 394)
1449 2166 1575 2211 utpote
1602 2162 1688 2198 sim—

1039 2220 1255 2270 plicissima,
1295 2219 1376 2255 licet
1408 2220 1606 2266 geminatas
1621 2216 1687 2266 fo-

1040 2289 1094 2311 res
1109 2276 1205 2312 haud
1232 2278 1417 2322 agnoscat.
1475 2273 1601 2318 „Utut
1620 2275 1689 2322 igi-

1040 2337 1099 2368 tur
1117 2331 1269 2379 accipias
1290 2343 1332 2366 ac
1349 2335 1468 2366 vertas
1489 2329 1574 2366 illud
1597 2326 1685 2376 διξᾶ

1038 2382 1260 2435 θυρώματα
1297 2386 1409 2432 (suut
1437 2386 1546 2422 verba
1573 2387 1689 2423 Creu-

1041 2444 1113 2480 zeri
1132 2442 1152 2478 l.
1172 2442 1229 2488 1.),
1248 2454 1389 2491 semper
1406 2446 1593 2479 remanent
1613 2443 1687 2480 sive

1040 2500 1146 2536 binae
1182 2499 1278 2535 fores
1301 2499 1375 2534 sive
1401 2497 1508 2534 ianua
1539 2498 1686 2535 bivalvis

1041 2560 1076 2592 et
1104 2555 1251 2603 quidem
1282 2554 1319 2590 in
1349 2553 1503 2603 sepulcri
1522 2559 1688 2591 constru-

1040 2612 1158 2648 ctione
1189 2623 1231 2647 ac
1261 2610 1420 2647 defuncti
1441 2610 1538 2657 regis
1562 2611 1688 2647 condi-

1040 2667 1186 2703 ditorio-
1218 2667 1338 2709 Quam
1357 2678 1431 2703 rem
1454 2665 1482 2700 si
1503 2679 1581 2702 cum
1602 2665 1687 2703 Cle-

1040 2724 1169 2759 mentis
1190 2722 1451 2772 porphyriique
1472 2722 1686 2759 testimoniis

1039 2780 1231 2823 conferas,
1281 2777 1490 2825 cogitesque
1527 2777 1686 2815 indolem

1039 2833 1319 2882 Aegyptiorum,
1350 2833 1490 2877 omnia,
1521 2846 1614 2880 quae
1636 2834 1685 2870 ad

1039 2893 1200 2925 mortuos
1220 2889 1286 2926 rite
1309 2889 1579 2938 componendos
1599 2902 1685 2939 per-
