1786 3324
17 1490 86 1539 74

506 259 933 302 EUTERPE.
991 260 1038 298 11.

115 375 196 421 Βτὸ
224 375 426 431 μέγαθος.

1330 260 1413 300 651

489 373 660 414 Τοῦτον
690 369 736 414 δὲ
775 370 951 425 λέγουσι
989 370 1267 425 μηχανᾶσθαι
1297 366 1414 422 τάδε,

144 454 240 511 ἐμοὶ
269 453 350 509 μὲν
380 450 433 494 ού
464 450 595 494 πιστὰ
624 449 843 506 λέγοντες·
897 448 939 501 ἐξ
962 446 1163 505 Ἀραβίης
1196 444 1475 503 ὁρμεώμε-95

143 550 248 587 νον,
299 532 342 582 ἐς
370 528 418 573 τὸ
458 529 556 585 ἷρὸν
593 533 674 573 τοῦ
708 528 859 572 ‘HMov
900 529 1091 583 κομίζειν
1128 525 1206 570 τὸν
1236 528 1417 582 πατέρα,

141 612 190 656 ἐν
222 609 395 667 σμύρνῃ
424 607 747 665 ἐμπλάσσοντα,
778 609 850 651 καὶ
881 605 1068 651 θάπτειν
1091 606 1137 650 ἐν
1157 610 1241 650 τοῦ
1266 604 1418 650 Ἡλίου

113 694 205 749 4τῷ
234 692 327 747 ἷρῷ.
384 689 575 745 κομίζειν
605 689 650 733 δὲ
689 687 823 731 οὕτω·
872 691 1074 742 πρῶτον,
1114 690 1190 742 τῆς
1221 685 1419 743 σμύρνης

142 770 231 815 ὠὸν
260 768 471 813 πλάσσειν
501 768 610 813 ὅσον
635 785 680 812 τε
721 767 912 819 δυνατός
951 767 1038 810 ἐστι
1079 765 1251 822 φέρειν·
1308 766 1417 822 μετὰ

141 849 210 903 δὲ,
239 852 478 904 πειρᾶσθαι
507 848 614 892 αὐτὸ
647 848 889 904 φορέοντα·
941 845 1070 890 ἐπεὰν
1099 846 1144 890 δὲ
1175 845 1417 903 ἀποπειρη-

140 933 224 985 θῇ,
257 927 374 973 οὕτω
406 927 459 985 δή
500 927 765 985 κοιλήναντα
805 928 854 971 τὸ
893 925 1004 979 ὠὸν,
1062 925 1142 970 τὸν
1181 926 1345 981 πατέρα
1375 926 1418 978 ἐς

142 1006 251 1052 αὐτὸ
282 1006 520 1060 ἐντιθέναι,
562 1004 738 1064 σμύρνῃ
770 1007 815 1051 δὲ
847 1006 954 1064 ἄλλῃ
986 1004 1247 1062 ἐμπλάσσειν
1279 1010 1411 1051 τοῦτο
1476 1016 1557 1057 138

139 1085 238 1132 κατ’
271 1086 296 1131 ὅ
325 1104 366 1131 τι
395 1091 475 1132 τοῦ
505 1086 599 1130 ωὀὗ
629 1086 881 1143 ἐγκοιλήνας
907 1086 1085 1142 ἐνέθηκε
1114 1084 1194 1130 τὸν
1223 1086 1446 1142 statana-2

140 1165 392 1223 ἐσκειμένου
426 1167 472 1211 δὲ
502 1170 584 1211 τοῦ
612 1166 801 1221 πατρὸς,
843 1167 1046 1221 γίνεσθαι
1084 1163 1226 1209 τώυτὸ
1258 1165 1416 1222 βάρος·

140 1246 423 1303 ἐμπλάσαντα
453 1246 521 1300 δὲ,
569 1248 760 1302 κομίζειν
790 1262 866 1302 μιν
906 1244 974 1289 ἐπ’
1006 1244 1235 1301 Αἰγύπτου
1266 1246 1308 1296 ἐς
1336 1249 1418 1289 τοῦ

136 1324 288 1371 Ἡλίου
318 1326 365 1370 τὸ
398 1324 509 1382 ἱρόν.
567 1329 707 1370 ταῦτα
745 1325 826 1381 μὲν
865 1329 1026 1370 τοῦτον
1065 1324 1146 1369 τόν
1187 1322 1315 1380 ὄρνιν
1344 1324 1446 1369 λέ-5

140 1417 270 1463 γουσι
299 1406 477 1450 ποιέειν.

254 1487 356 1530 Εἰσὶ
386 1487 432 1530 δὲ
460 1486 559 1540 περὶ
591 1485 738 1542 Θήβας
768 1485 856 1541 ἱροὶ
880 1485 1029 1542 ὄφιες,
1059 1482 1313 1540 ἀνθρώπων
1333 1481 1412 1528 οὖ-

143 1565 294 1622 δαμῶς
322 1564 583 1623 δηλήμονες·
643 1568 687 1611 οἳ
725 1564 908 1622 μεγάθεϊ
943 1564 1086 1617 ἐόντες
1115 1565 1288 1622 μικροὶ,
1335 1562 1418 1612 δύο

86 1792 256 1850 μάλιστα
286 1800 325 1834 ut
350 1796 404 1845 Π,
425 1799 492 1838 76.
510 1798 577 1838 78.
606 1792 744 1849 περιή-

87 1865 205 1906 γησιν
224 1866 303 1891 cum
335 1855 518 1892 Creuzero
548 1855 742 1903 (fragmm.

86 1909 268 1947 historice.
307 1923 393 1960 pag.
424 1911 496 1957 19)
526 1910 745 1961 interpretor

86 1966 134 2004 de
144 1966 271 2016 formci
290 1968 364 2004 avis
378 1980 419 2003 ac
430 1966 595 2015 diligenti
603 1968 745 2018 formae

86 2022 314 2073 descriptione
324 2037 337 2068 ‚·
378 2023 515 2061 mavult
554 2025 745 2073 Schweig-

85 2078 284 2117 haeuserus
315 2082 684 2131 circumscriptionem,
716 2081 746 2119 le

85 2139 249 2184 contom,
271 2140 309 2173 ut
329 2136 424 2173 Galli
446 2138 579 2176 dicunt.
607 2138 745 2176 Verum

87 2193 188 2242 quod
210 2194 376 2242 sequitur
404 2193 473 2233 καὶ
491 2192 533 2236 τὸ
555 2193 745 2248 μέγαθος,

86 2249 234 2287 obstare
258 2250 412 2288 videtur.

143 2331 187 2372 ἐν
237 2330 392 2389 σμύρνῃ
442 2332 741 2387 ἐμπλάσσοντα]

87 2387 272 2438 Myrrham
311 2391 360 2429 ad
393 2393 541 2430 orientis
570 2394 744 2442 regionis,

89 2446 186 2484 unde
203 2447 360 2485 exoritur
381 2448 456 2497 sol,
469 2449 640 2487 indicium
658 2463 745 2500 per-

89 2501 225 2551 tinere,
255 2504 312 2542 vix
333 2506 472 2543 monitu
495 2506 563 2544 erit
583 2519 687 2557 opus.

145 2589 362 2638 πειρᾶσθαι
394 2584 494 2629 αύτό
532 2605 562 2640 φ
576 2605 596 2629 ο
610 2605 631 2643 ρ
645 2588 662 2629 ε’
675 2605 744 2630 ον-

89 2639 168 2693 τα]
216 2642 275 2682 De
311 2646 491 2697 participii
523 2660 589 2684 usu
619 2651 745 2686 monet

89 2696 268 2738 Matthiae
291 2701 356 2739 Gr.
370 2702 436 2740 Gr.
454 2716 542 2754 pag.
554 2705 675 2745 1091.
687 2726 744 2732 -

90 2753 180 2791 Mox
201 2767 267 2804 pro
288 2757 384 2807 vulg.
409 2755 555 2799 καθότι
583 2773 664 2797 cum
686 2773 745 2798 re-

91 2814 200 2848 centt.
214 2811 377 2852 dedimus
400 2811 482 2854 κατ’
498 2812 521 2856 ’ό
538 2830 586 2854 τι.
607 2816 747 2854 Probat

92 2866 227 2904 Stmve
254 2874 393 2918 quaest.
416 2872 465 2911 de
493 2871 577 2911 dial.
601 2873 744 2911 Herod.

91 2934 180 2974 pag.
204 2921 269 2965 47.

983 1823 1014 1862 c
1030 1837 1051 1862 a
1064 1838 1100 1876 p.
1132 1822 1304 1862 Lxxlv.

871 1907 946 1948 εἶσὶ
987 1905 1031 1948 δὲ
1068 1907 1160 1960 περὶ
1211 1904 1352 1960 Θήβας
1393 1907 1474 1960 ἷροὶ

812 1962 926 2015 ὄφιες
944 1995 955 2013 ,
1005 1961 1239 2016 ἀνθρώπων
1287 1961 1474 2017 οὐδαμῶς

815 2018 1062 2073 δηλήμονες]
1094 2022 1152 2060 De
1172 2026 1351 2059 structura
1375 2024 1473 2061 vocis

815 2076 1038 2130 δηλήμονες
1057 2080 1152 2116 conf.
1174 2078 1310 2116 Matth.
1327 2093 1363 2130 p.
1377 2080 1472 2121 652.

813 2158 871 2166 —
892 2136 952 2173 Ad
974 2139 1228 2185 argumentum
1248 2135 1317 2173 loci
1337 2137 1476 2174 faciunt

813 2193 954 2232 Aeliani
982 2193 1075 2241 loci,
1105 2191 1153 2230 N.
1175 2192 1219 2230 A.
1253 2192 1329 2239 XI,
1352 2195 1404 2234 17
1435 2198 1475 2231 et

814 2250 942 2298 XVII,
968 2250 1006 2293 5.
1065 2249 1288 2287 Pertinuisse
1304 2250 1475 2287 videntur

814 2307 850 2345 hi
892 2310 1083 2357 serpentes
1112 2307 1160 2343 ad
1194 2306 1379 2354 cerastas,
1428 2309 1475 2345 de

812 2364 942 2414 quibus
962 2363 1148 2402 Diodorus
1170 2365 1284 2401 refert
1316 2364 1379 2412 111,
1407 2364 1475 2412 49,

812 2421 874 2458 ubi
909 2421 1006 2458 conf.
1031 2420 1273 2470 WVesseling„
1295 2433 1391 2469 quae
1418 2426 1476 2458 ta-

812 2490 897 2515 men
915 2478 1056 2515 bestiae
1074 2491 1156 2514 cum
1174 2483 1378 2515 venenatae
1390 2478 1475 2525 sint,

811 2533 881 2572 hoc
912 2535 1031 2571 minus
1063 2534 1111 2571 ad
1138 2534 1323 2572 Herodoti
1360 2535 1475 2571 verba

812 2591 995 2641 quadrare
1011 2595 1179 2641 apparet.
1239 2591 1322 2635 Qua
1343 2591 1474 2629 eadem

814 2660 859 2685 ex
879 2660 991 2685 causa
1009 2648 1057 2684 ad
1072 2645 1206 2694 Naias,
1228 2660 1324 2697 quae
1345 2647 1475 2685 dicun-

813 2707 897 2751 tur,
947 2704 985 2741 hi
1019 2709 1208 2753 serpentes
1244 2704 1371 2741 referri
1410 2716 1476 2742 ne-

813 2765 965 2810 queunt.
1043 2760 1182 2799 Confer
1226 2760 1407 2809 Bottiger.
1438 2760 1476 2797 in

814 2816 970 2854 Amalth.
990 2816 1025 2853 ΙΙ
1044 2829 1131 2867 pag.
1144 2817 1225 2858 188
1245 2829 1322 2865 seq.
1341 2817 1379 2854 in
1396 2820 1475 2854 not.

813 2873 858 2911 In
887 2872 1105 2924 anaglyphis
1140 2871 1379 2922 Aegyptiacis
1407 2872 1475 2910 hos

816 2934 1008 2981 serpentes
1040 2929 1184 2967 duobus
1215 2930 1388 2967 cornibus
1415 2929 1474 2966 in-

1470 1479 1556 1508 Sacr!
1597 1485 1756 1517 sementen

1471 1516 1497 1541 ei
1503 1523 1552 1543 roa
1570 1514 1706 1545 Thebas.
