1759 3324
349 277 434 319 488

761 273 1235 315 HERODOTI

351 385 512 442 σάγγης
549 384 783 442 τριήκοντα
818 381 992 429 στάδια·
1053 383 1077 428 ὁ
1116 384 1162 428 δὲ
1201 386 1373 440 σχοῖνος
1408 383 1608 434 ἕκαστος,

323 466 512 521 4μέτρον
541 464 625 509 ἐών
655 464 916 521 Αἰγύπτιον,
956 463 1164 518 ἑξήκοντα
1193 463 1359 506 στάδια.
1409 462 1524 505 οὕτω
1555 461 1612 504 ἂν

351 545 500 600 εἴησαν
527 542 755 600 Αἰγύπτου
793 543 963 588 στάδιοι
1000 542 1218 595 ἑξακόσιοι
1256 543 1330 586 καὶ
1369 543 1609 597 τρισχίλιοι,

259 621 292 666 7
348 622 397 667 τὸ
428 623 547 676 παρὰ
575 622 816 666 θάλασσαν.
872 621 1104 665 Ἐνθεῦτεν
1132 622 1210 678 μὲν
1238 622 1311 665 καὶ
1346 620 1467 677 μέχρι
1491 620 1637 664 ‘Hm-1

21 685 164 713 Latitudo
183 693 202 713 a
222 687 299 714 mari

21 720 61 747 ad
77 720 259 756 Heliopolin.

359 699 567 752 ουπόλιος
598 701 641 752 ἐς
669 701 748 758 τὴν
776 700 1034 758 μεσόγαιαν,
1085 700 1174 744 ἔστι
1213 699 1341 756 εὐρέα
1377 702 1612 757 Αἴγυπτος,

353 893 377 935 o‘
398 892 441 934 δὲ
454 898 609 946 σχοῖνος
623 892 784 941 ἕκαστος
794 917 849 924 —-
861 890 947 946 ἐξή-

295 967 417 992 κοντα
429 949 588 1002 στάδια]
602 951 818 998 Schoenum,
838 965 948 1002 quem

295 1023 362 1060 pro
374 1007 557 1059 Aegyptia
567 1021 737 1045 mensura
752 1009 860 1046 habet
870 1009 949 1046 He-

295 1066 468 1111 rodotus,
496 1064 681 1102 Persicum
699 1065 884 1115 appellant
900 1065 952 1102 A-

295 1122 489 1168 thenaeus,
520 1121 779 1168 Callimachus,
802 1121 950 1159 Plinius.

296 1178 378 1216 Nec
395 1179 548 1215 eandem
580 1190 661 1215 esse
679 1190 887 1216 mensuram
912 1179 951 1215 in

299 1234 449 1271 diversis
478 1234 638 1285 Aegypti
670 1233 757 1271 locis
770 1263 781 1282 ,
824 1247 950 1272 verum

298 1287 469 1330 ἄστατον
510 1291 632 1328 scribit
670 1291 804 1328 Strabo
844 1290 950 1327 XVII

297 1361 336 1398 p.
351 1348 472 1394 1156,
487 1347 519 1383 Β
533 1361 562 1383 s.
577 1349 657 1389 803
678 1347 741 1384 fin.
753 1375 763 1394 ,
785 1347 840 1384 cui
853 1347 949 1385 adde

300 1404 348 1440 sis
369 1403 521 1440 Plinium
538 1403 587 1440 H.
599 1403 648 1440 N.
669 1403 733 1450 VI,
751 1404 817 1444 30.
838 1403 950 1440 Plura

298 1460 438 1497 dabunt
453 1459 723 1497 Schlichthorst.
741 1459 764 1496 l.
776 1459 799 1496 l.
817 1473 853 1510 p.
869 1463 887 1500 1
897 1462 916 1500 1
926 1461 948 1500 1

299 1519 336 1554 et
354 1515 484 1553 Ukert.
501 1515 523 1553 l.
545 1514 570 1553 l.
594 1528 679 1566 pag.
698 1517 774 1561 76,
800 1515 861 1553 ubi
884 1529 950 1566 pe-

297 1571 438 1609 culiaris
475 1572 522 1610 de
549 1572 706 1609 schoeno
733 1576 953 1610 memoratur

296 1627 470 1666 Danvillii
485 1628 629 1679 scriptio
640 1628 676 1665 in
684 1627 796 1666 Me'm.
814 1629 861 1666 de
876 1627 952 1664 l’A-

298 1685 378 1721 cad.
396 1685 432 1721 d.
449 1684 614 1734 Inscript.
636 1684 760 1721 XXVI
775 1697 860 1736 pag.
884 1687 951 1726 82.

296 1739 389 1777 Post
414 1740 493 1777 illos
523 1740 799 1789 diligentissime
829 1742 876 1778 de
896 1741 951 1778 his

300 1797 466 1847 exposuit
476 1796 647 1845 Iomard.,
664 1810 725 1834 sur
743 1796 776 1835 le
795 1798 952 1846 systeme

298 1854 441 1902 metriq.
450 1854 514 1891 des
525 1866 602 1891 ane.
611 1852 951 1904 Egypt.(Descript.

299 1910 347 1947 de
392 1909 414 1946 l'
424 1909 494 1958 Eg.
528 1908 679 1959 Antiqq.
709 1910 727 1948 Ι
767 1909 843 1948 livr.
873 1910 950 1959 III)

298 1978 387 2017 pag.
411 1966 492 2008 645
511 1979 614 2015 seqq.
636 1965 716 2003 coll.
739 1966 834 2008 583.
856 1968 951 2008 606.

300 2023 384 2063 613
405 2035 509 2071 seqq.
555 2022 760 2059 Schoenum
785 2022 957 2060 Herodo-

298 2083 410 2125 teum,
440 2078 627 2127 sexaginta
640 2079 766 2116 stadiis
786 2082 956 2115 constan-

300 2137 393 2180 tem,
430 2146 493 2171 sex
513 2133 609 2171 mille
628 2138 745 2171 metra
767 2134 953 2184 (metres),

300 2201 397 2238 quae
413 2189 510 2225 Galli
528 2194 671 2238 vocant,
700 2203 859 2240 aequare
878 2195 952 2228 sta-

298 2245 378 2281 tuit.
397 2244 568 2294 Namque
578 2246 806 2283 Herodotum
818 2247 868 2283 uti
878 2247 951 2284 vult

300 2300 426 2337 stadiis
435 2330 445 2348 ‚
458 2314 553 2350 quae
569 2301 710 2351 singula
722 2307 864 2340 centum
876 2305 952 2341 fere

299 2357 423 2394 metris
437 2357 609 2406 (metres)
624 2358 881 2409 compleantur.
894 2359 954 2397 Ad

297 2413 452 2451 nominis
474 2414 650 2452 rationem
664 2415 816 2463 insignis
833 2416 954 2453 estlo-

298 2482 361 2507 cus
387 2469 602 2519 Hieronymi
630 2472 743 2509 sancti
772 2472 810 2508 in
840 2472 953 2509 Com-

299 2529 410 2563 ment.
429 2527 478 2563 ad
492 2526 580 2564 Ioel.
597 2540 653 2577 cp.
672 2529 720 2575 3,
749 2528 810 2564 ubi
828 2532 952 2566 narrat

298 2582 442 2620 funibus
462 2583 499 2620 in
514 2582 599 2620 Nilo
619 2584 714 2621 trahi
730 2596 839 2622 naves
861 2597 952 2622 nau-

298 2638 420 2688 tisque
448 2643 548 2676 certa
578 2653 659 2678 esse
689 2640 827 2692 spatia,
856 2653 951 2689 quae

292 2694 479 2745 funiculos
507 2695 709 2746 (σχοίνους
727 2710 756 2733 s.
778 2696 949 2746 σχοινία)

299 2750 504 2800 appellent,
533 2756 573 2789 ut
589 2753 704 2790 labori
728 2753 952 2790 defessorum

298 2808 458 2898 {lecentia
481 2808 698 2847 trahentium
716 2808 808 2847 colla
828 2822 953 2847 succe-

326 2867 398 2900 ant.

1232 893 1263 931 C
1276 907 1342 945 ap.
1370 892 1452 932 VII.

1074 1003 1263 1046 ἐνθεῦτεν
1288 1002 1360 1057 μὲν
1383 1004 1452 1046 καὶ
1474 1004 1585 1059 μέχρι
1601 1005 1670 1046 ‘H-

1018 1058 1262 1113 λιουπόλιος]
1282 1063 1484 1114 Heliopolis
1495 1065 1594 1112 urbs,
1609 1078 1673 1102 cu-

1017 1119 1074 1157 ius
1089 1120 1297 1157 sacerdotes
1309 1119 1356 1168 II,
1369 1123 1394 1161 3
1414 1124 1672 1168 memorantur,

1017 1189 1040 1213 a
1067 1177 1156 1212 mari
1187 1176 1504 1227 (mediterraneo)
1530 1182 1672 1215 remota

1017 1233 1084 1269 suit
1101 1232 1197 1270 mille
1214 1233 1422 1282 quingentis
1444 1234 1589 1281 stadiis,
1616 1238 1673 1272 te-

1017 1293 1073 1326 ste
1084 1289 1288 1336 Herodoto,
1313 1303 1468 1338 quocum
1486 1290 1672 1328 Diodorus

1015 1345 1051 1392 I,
1069 1346 1123 1386 57
1147 1346 1458 1396 recentiorumque
1485 1347 1673 1384 Gallorum

1015 1402 1221 1439 testimonia
1239 1403 1478 1440 consentiunt.
1509 1403 1592 1441 Vid.
1613 1403 1674 1440 Io-

1015 1458 1132 1496 mard.
1150 1458 1331 1509 Descript.
1350 1459 1397 1496 de
1415 1459 1508 1509 l'Eg.
1520 1458 1671 1509 Antiqq.

1018 1514 1035 1551 I
1065 1514 1110 1563 (3
1140 1515 1301 1564 livrais.)
1338 1528 1424 1566 pag.
1454 1519 1547 1557 611.
1577 1517 1672 1557 508.

1018 1570 1117 1610 Nam
1148 1572 1248 1608 recta
1286 1571 1381 1609 linea
1411 1572 1621 1623 Heliopolin
1651 1585 1675 1609 a

1019 1628 1110 1665 mari
1119 1627 1253 1665 distare
1263 1628 1440 1676 151,000
1450 1634 1566 1667 metra
1578 1629 1674 1678 (me-

1017 1684 1125 1732 tres),
1146 1697 1298 1733 quorum
1316 1689 1461 1723 centum
1474 1686 1551 1723 fere
1563 1698 1674 1724 unum

1019 1741 1176 1777 stadium
1199 1741 1370 1778 efficiant.
1405 1742 1596 1780 Strabonis
1616 1741 1673 1779 lo-

1018 1809 1099 1834 cum
1111 1797 1319 1847 primarium
1333 1798 1379 1835 de
1394 1798 1461 1836 hac
1470 1800 1559 1837 urbe
1569 1798 1674 1836 XVII

1018 1866 1056 1904 p-
1077 1853 1198 1901 1158,
1223 1853 1254 1890 B
1274 1867 1311 1903 p.
1332 1854 1413 1895 805
1433 1867 1510 1904 seq.
1529 1868 1676 1894 accura-

1018 1909 1090 1945 tius
1120 1909 1275 1946 excussit
1301 1910 1571 1948 Schlichthorst.
1597 1911 1621 1948 l.
1650 1911 1674 1948 l.

1021 1977 1108 2015 pag.
1120 1965 1173 2006 85
1194 1978 1284 2015 seq„
1305 1971 1346 2003 ut
1357 1979 1401 2004 ex
1418 1979 1491 2015 quo
1507 1968 1594 2005 satis
1606 1980 1675 2018 pa-

1021 2025 1108 2068 teat,
1139 2021 1351 2072 Heliopolin
1363 2027 1399 2060 et
1417 2023 1674 2061 extraDeltam

1020 2076 1134 2114 fuisse
1152 2082 1188 2115 et
1199 2077 1285 2115 Nilo
1302 2079 1347 2116 ab
1367 2079 1506 2118 oriente
1524 2080 1674 2131 opposi-

1019 2135 1107 2181 tam,
1128 2135 1357 2184 eandemque
1377 2149 1471 2183 esse,
1501 2149 1596 2186 quae
1615 2149 1675 2174 sa-

1019 2189 1087 2226 cris
1108 2189 1145 2226 in
1163 2190 1274 2228 literis
1292 2191 1495 2243 appelletur
1515 2193 1572 2230 On
1595 2193 1676 2242 (se-

1015 2246 1210 2296 ptuaginta
1264 2248 1481 2299 interpretes
1531 2261 1675 2300 semper

1015 2303 1173 2340 reddunt
1185 2299 1478 2355 Ἡλιούπολιν),
1506 2318 1616 2343 unam
1627 2307 1675 2343 de

1016 2358 1235 2410 principibus
1256 2360 1416 2411 Aegypti
1436 2362 1604 2409 urbibus,
1631 2361 1675 2398 li-

1016 2419 1175 2453 terarum
1198 2421 1235 2455 et
1255 2418 1441 2456 doctrinae
1465 2419 1668 2456 sacerdota-

1018 2470 1061 2508 lis
1081 2473 1216 2510 sedem.
1246 2473 1279 2510 A
1291 2473 1505 2525 Memphide
1522 2488 1596 2512 non
1607 2475 1675 2512 ad-

1016 2530 1165 2566 modum
1176 2534 1316 2567 remota
1325 2530 1404 2578 fuit,
1421 2531 1534 2569 sedin
1552 2531 1673 2569 orien-

1017 2584 1081 2621 tali
1108 2585 1184 2623 Nili
1213 2587 1294 2636 ripa
1321 2590 1524 2635 exstructa,
1564 2586 1674 2638 paulo

1017 2641 1113 2679 infra
1143 2642 1210 2679 sub
1236 2643 1355 2692 ipsum
1379 2643 1505 2680 Nilum
1534 2643 1572 2681 in
1600 2644 1674 2681 duo

1022 2698 1168 2736 brachia
1189 2699 1395 2736 dissectum.
1433 2700 1675 2750 Conspiciun-

1021 2757 1081 2791 tur
1107 2755 1225 2792 adhuc
1247 2756 1378 2792 rudera
1405 2768 1522 2806 prope
1545 2757 1674 2804 vicum,

1022 2811 1085 2859 qui
1094 2812 1224 2849 dicitur
1231 2809 1282 2848 M
1280 2815 1404 2848 atarea
1414 2825 1442 2848 s.
1454 2810 1504 2848 M
1502 2813 1675 2861 atharielz,

1022 2867 1084 2904 ubi
1105 2872 1161 2906 est
1181 2870 1267 2906 fons·
1276 2867 1370 2906 Solis
1383 2881 1413 2907 s.
1426 2867 1498 2907 Ain
1511 2869 1674 2917 &ham-v,
