1814 3315
628 251 848 293 CLIO.
904 252 934 291 Ι.
1337 254 1420 296 157

1475 359 1549 387 lude
1572 362 1693 391 adortus
1714 367 1748 392 Α-

1473 393 1644 423 thenicnses
1702 408 1735 425 ur

33 373 100 421 63
154 367 203 412 Ὁ
231 368 310 423 μὲν
337 364 391 421 δή
418 364 462 409 οἷ
487 361 704 415 ἐνθεάζων
731 365 815 420 χρᾷ
840 360 963 405 τάδε·
1017 362 1324 416 Πεισίστρατος
1355 362 1416 415 δὲ,
1657 419 1665 430 ⁷
1738 417 1748 419 -

159 444 383 501 συλλαβών
434 441 482 486 τὸ
529 440 811 498 χρηστήριον,
870 441 945 484 καὶ
998 441 1086 496 φὰς
1132 439 1335 484 δέκεσθαι
1363 439 1412 485 τό
1472 427 1538 496 {133¹
1556 430 1645 458 ‘cnm
1673 434 1749 460 ‘⁰⁰¹‘

129 524 368 580 Ξχρησθὲν,
417 521 546 577 ἐπῆγε
586 519 665 576 τὴν
695 520 911 578 στρατιήν.
968 519 1194 576 Ἀθηναῖοι
1224 520 1270 563 δὲ
1300 521 1344 563 οἱ
1371 519 1419 564 ἐκ

158 602 309 652 ἄστεος
337 599 450 656 πρὸς
477 598 662 655 ἄριστον
690 600 973 656 τετραμμένοι
1001 595 1114 655 ἦσαν
1147 598 1200 655 δὴ
1218 603 1417 656 τηνικαῦ-
1430 607 1476 641 90

153 695 222 725 τα·
253 681 328 725 καὶ
358 678 464 736 μετὰ
492 678 542 723 τό
574 677 754 734 ἄριστον
782 679 1042 734 μετεξέτεροι
1062 678 1233 730 αὐτῶν,
1264 681 1309 722 οἱ
1324 679 1416 734 μὲν,

151 760 260 816 πρὸς
289 758 475 816 κύβους,
508 761 552 803 οἱ
581 759 652 813 δὲ,
681 758 793 814 πρὸς
820 758 977 802 ὕπνον.
1037 759 1080 801 οἱ
1109 758 1155 802 δὲ
1177 755 1289 814 ἀμφὶ
1316 762 1415 804 Πει-

150 842 380 894 σίστρατον
426 838 698 891 ἐσπεσόντες,
761 837 867 889 τούς
900 835 1157 894 Ἀθηναίους
1192 837 1412 893 τρέπουσι.

120 917 410 976 ὃφευγόντων
437 918 484 963 δὲ
512 917 706 974 τούτων,
737 917 904 975 βουλήν
933 917 1128 961 ἐνθαῦτα
1151 917 1414 975 σοφωτάτην

91 1140 158 1179 per
171 1128 375 1165 Gaditanas
391 1128 579 1177 angustias
600 1128 637 1165 in
648 1140 748 1166 mare

91 1185 395 1222 mediterraneum
418 1185 556 1221 intrans
570 1214 580 1232 ,
610 1189 684 1222 tum
705 1184 747 1221 li-

91 1245 172 1278 tora
206 1241 401 1291 Europaea
427 1242 559 1278 radens
586 1255 654 1292 per
673 1240 746 1278 Ae—

92 1310 224 1346 gaeum
258 1310 358 1334 mare
383 1297 421 1332 in
450 1297 605 1334 Pontum
629 1311 745 1346 usque

90 1357 254 1405 permeat
285 1353 445 1401 indeque
474 1354 678 1402 regreditur
706 1354 743 1390 in

90 1422 190 1447 mare
228 1409 417 1457 Aegaeum
449 1422 491 1446 ac
528 1411 743 1447 mediterra-

88 1479 207 1504 neum.
265 1465 421 1502 Multum
450 1466 497 1502 ad
528 1467 604 1504 eius
622 1467 742 1516 pisca-

87 1523 224 1560 tionem
246 1523 484 1559 incubuerunt
510 1527 674 1570 veteres,
703 1523 741 1560 in

89 1579 219 1628 quibus
254 1579 476 1626 Phoenices,
531 1579 741 1627 Byzantini,

88 1635 148 1672 alii
177 1635 410 1686 praecipuum
428 1636 592 1673 obtinent
610 1635 740 1682 locum,

89 1704 157 1728 nec
205 1692 322 1728 minus
366 1696 492 1728 nostra
530 1696 651 1730 aetate
705 1692 744 1728 in

91 1747 235 1784 Galliae
274 1751 384 1797 atque
417 1748 542 1786 Italiae
573 1749 637 1785 ora
663 1748 746 1785 huic

89 1804 142 1841 rei
169 1804 306 1841 incolae
343 1805 511 1851 student,
559 1817 654 1853 quae
688 1805 744 1841 hic

89 1873 272 1910 exponere
288 1860 436 1909 longum
454 1865 522 1907 est,
551 1874 629 1897 cum
648 1874 743 1909 quae

89 1917 261 1964 diximus,
309 1918 357 1953 ad
391 1917 624 1954 Herodotum
664 1917 744 1953 illu-

86 1974 274 2010 strandum
292 1974 459 2010 sufficere
489 1978 633 2022 queant.
662 1973 744 2010 Pri-

86 2029 218 2066 marios
248 2033 369 2066 tamen
395 2034 556 2067 veterum
589 2029 744 2080 scripto-

85 2098 165 2122 rum
199 2085 299 2122 locos
337 2086 518 2123 indicasse
551 2086 649 2123 haud
675 2087 742 2123 abs

86 2153 126 2178 re
146 2155 227 2179 esse
248 2143 398 2179 videtur.
432 2142 505 2186 Qui
529 2147 614 2179 sunt
628 2142 742 2180 Athe-

86 2197 264 2246 naeiVII,
293 2200 346 2239 63
374 2212 478 2248 seqq.
510 2213 547 2249 p.
573 2201 679 2246 301,
709 2198 741 2235 E

86 2266 189 2304 seqq.
215 2254 355 2292 Aeliani
374 2255 471 2292 Hist.
494 2255 648 2292 Animal.
675 2254 742 2302 IX,

86 2309 152 2352 42.
191 2310 284 2358 XV,
326 2311 363 2352 5.
403 2311 610 2349 Aristotelis
644 2311 741 2348 Hist.

85 2364 237 2403 Animal.
266 2367 373 2412 VIII,
398 2368 463 2415 15,
490 2369 553 2405 ubi
579 2369 743 2405 confera-

85 2425 143 2458 tur
159 2423 369 2462 Schneideri
404 2426 590 2461 annotatio
621 2428 657 2462 et
682 2437 743 2460 su-

85 2490 155 2528 pra
182 2479 329 2517 laudata
355 2481 537 2529 Buttigeri
575 2481 741 2531 disputa-

85 2535 137 2571 tio
167 2534 204 2572 in
225 2535 415 2574 Amalthea
441 2537 476 2575 ΙΙ
503 2550 540 2587 p.
562 2539 655 2579 303.

144 2586 358 2642 οἰμήσουσι
397 2606 419 2630 a
460 2594 572 2631 verbo
618 2593 741 2647 οἰμᾷν

87 2646 216 2694 impetu
233 2647 340 2697 ferri.
398 2649 493 2697 „De
514 2649 682 2699 accipitre
702 2650 740 2686 in

88 2701 288 2740 columbam
304 2704 411 2743 celeri
435 2706 558 2743 volatu
581 2707 741 2743 irruente

88 2762 238 2807 usurpat
255 2759 435 2799 Homerus
450 2762 490 2799 Il.
506 2762 627 2809 XXII,
648 2761 739 2802 140.

89 2813 172 2852 308
203 2813 277 2850 coll.
305 2818 396 2858 311.
431 2818 568 2867 Odyss.
603 2818 741 2864 XXIV,

88 2868 184 2910 537.
213 2869 319 2908 Conf.
345 2872 512 2925 Apollon.
537 2873 635 2925 Lex.
661 2874 743 2911 Ho-

814 1125 935 1165 meric.
967 1138 1053 1175 pag.
1086 1123 1189 1172 494,
1218 1126 1280 1164 ubi
1314 1127 1470 1179 explica-

814 1187 872 1220 tur
896 1196 962 1234 per
984 1180 1148 1235 ὅρμᾷν.“
1181 1182 1243 1219 Cr.

1006 1239 1115 1288 Cap.
1143 1237 1277 1276 LXIII.

870 1292 895 1334 ὁ
922 1291 993 1345 μὲν
1040 1291 1091 1344 δή
1133 1294 1174 1333 οἱ
1203 1292 1470 1342 ἐνθεάζων

811 1353 889 1405 χρᾷ
917 1347 1032 1397 τάδε]
1074 1350 1233 1388 Verbum
1266 1349 1471 1399 ἐνθεάζειν

810 1421 925 1445 eorum
950 1420 1055 1453 esse,
1088 1409 1149 1456 qui
1176 1407 1260 1455 deo,
1291 1412 1332 1444 ut
1357 1409 1474 1446 videri

809 1464 990 1511 volebant,
1015 1464 1134 1512 pleni,
1158 1464 1293 1514 futura
1326 1469 1471 1513 canant,

809 1525 934 1558 monet
970 1519 1040 1557 hoc
1068 1519 1147 1556 loco
1183 1521 1331 1558 laudato
1360 1522 1472 1560 Wes-

811 1577 938 1626 seling.
962 1577 1010 1612 ad
1032 1575 1186 1615 Diodor.
1205 1577 1313 1615 Sicul.
1333 1578 1397 1627 IV,
1415 1582 1470 1621 66

811 1634 859 1672 T.
883 1634 953 1683 lp.
975 1633 1069 1673 311.

869 1686 1077 1739 συλλαβών
1119 1686 1162 1730 τὸ
1200 1685 1467 1743 χρηστήριον]

811 1747 835 1783 i.
854 1760 885 1784 e.
907 1749 1083 1795 percepto,
1113 1747 1286 1784 intellecto
1306 1750 1469 1785 carmine.

810 1803 981 1840 Recurrit
1007 1802 1080 1848 Ill,
1103 1803 1169 1844 64.
1197 1804 1295 1841 Hinc
1321 1805 1469 1843 minime

813 1859 1081 1897 emendandum
1135 1857 1369 1911 συμβαλών,
1429 1864 1469 1898 ut

812 1917 960 1965 quidam
989 1915 1111 1953 voluit.
1141 1916 1250 1955 Plura
1277 1919 1324 1955 de
1352 1918 1468 1966 signi-

810 1972 978 2009 ficatione
998 1973 1097 2009 verbi
1121 1977 1230 2022 atque
1257 1975 1470 2012 confusione

812 2029 1017 2066 Creuzerus
1039 2029 1075 2065 in
1103 2030 1324 2068 Commentt.
1346 2030 1469 2068 Hero-

811 2086 903 2122 dott.
931 2098 967 2135 p.
999 2087 1080 2126 303
1109 2091 1184 2123 not.
1216 2087 1278 2124 Tu
1311 2088 1404 2124 conf.
1438 2087 1468 2134 I,

811 2143 877 2182 91.
907 2162 963 2169 —
994 2142 1107 2186 Quod
1136 2144 1184 2180 ad
1202 2144 1393 2193 sequentia
1412 2147 1470 2180 at-

809 2198 923 2245 tinet,
953 2198 1015 2234 ubi
1045 2199 1192 2236 victoria
1221 2204 1388 2238 narratur
1405 2200 1470 2236 Pi-

810 2254 966 2302 sistrati,
997 2256 1127 2292 mirum
1156 2260 1213 2294 est
1244 2256 1468 2294 Andocidem

809 2311 908 2360 loqui
931 2311 976 2349 de
995 2312 1145 2349 victoria
1169 2313 1214 2349 ab
1236 2312 1470 2350 Atheniensi-

809 2368 877 2405 bus
906 2373 1094 2418 reportata
1118 2374 1244 2406 contra
1270 2369 1468 2417 Periclem;

808 2424 880 2460 vid.
910 2428 1000 2461 orat.
1022 2426 1069 2462 de
1093 2430 1242 2474 myster.
1263 2440 1300 2477 p.
1327 2429 1380 2468 14
1405 2426 1467 2464 lin.

810 2482 864 2521 21
888 2494 992 2530 seqq.

866 2535 988 2589 ἐπῆγε
1008 2533 1082 2588 τήν
1103 2533 1312 2590 στρατιήν]
1340 2537 1467 2576 Imita-

809 2596 868 2629 tus
900 2598 956 2630 est
972 2593 1174 2631 Pausanias
1197 2595 1335 2644 aliquot
1363 2595 1466 2643 locis,

808 2648 992 2688 indicante
1010 2650 1143 2688 Siebel.
1163 2651 1211 2687 ad
1230 2651 1293 2698 IV,
1318 2654 1372 2693 20
1391 2650 1428 2703 ἓ.
1440 2655 1464 2692 3

808 2717 895 2754 pag·
919 2706 1011 2747 135.
1039 2702 1225 2758 Ἐποὲγειν
1254 2708 1350 2745 enim
1389 2708 1469 2758 ple-

808 2773 960 2810 rumque
1007 2763 1054 2800 de
1088 2764 1194 2801 malis
1227 2766 1391 2801 immissis
1436 2778 1466 2801 s.

807 2817 936 2856 illatis.
978 2818 1086 2856 Conf.
1119 2824 1242 2857 tamen
1279 2820 1365 2857 ibid.
1402 2820 1467 2868 ΠΙ,

810 2876 837 2915 6
860 2872 896 2925 ἓ.
918 2877 957 2916 2.
984 2887 1071 2926 pag.
1098 2876 1149 2918 15
1169 2876 1390 2914 Commentt.
