1759 3324
322 276 407 318 398

730 273 1202 315 HERODOTI

322 387 398 430 καὶ
433 383 748 442 τετρωρόφων,
805 386 1119 443 κατατέτμηται
1151 384 1227 436 τοῖς
1266 381 1399 434 ὁδούς
1438 383 1596 435 melas,

322 464 400 517 τάς
429 481 473 509 τε
504 463 662 517 ἄλλας,
708 465 783 509 καὶ
810 464 887 517 τὰς
923 465 1178 521 ἐπικαρσίας
1205 463 1283 515 τοὶς
1312 463 1382 507 ἐπὶ
1410 464 1489 507 τὸν
1517 478 1595 507 πο-

295 544 468 601 5ταμόν
506 543 700 600 ἐχούσας.
759 546 869 588 κατὰ
911 543 964 601 δή
1003 539 1065 588 ὦν
1105 544 1290 600 ἑκάστην
1329 542 1437 587 ὁδόν
1466 542 1514 586 ἐν
1541 546 1596 601 τῇ

327 625 508 680 αἱμασιῇ
538 627 592 680 τῇ
620 622 740 678 παρὰ
769 623 846 666 τὸν
874 623 1072 679 ποταμὸν
1091 626 1265 674 πυλίδες
1284 624 1463 678 ἐπῆσαν,
1495 622 1597 666 ὅσαι

324 718 404 757 περ
438 703 484 745 αἱ
511 705 686 756 λαῦραι,
716 705 924 745 τοσαῦται
955 700 1161 759 ἀριθμόν.
1200 698 1313 760 ἦσαν
1343 701 1390 746 ὁὲ
1416 702 1490 746 καὶ
1520 695 1654 744 aqi-70

323 798 394 825 ται
426 779 627 836 χάλκεαι,
664 779 882 836 φέρουσαι
910 782 983 825 καὶ
1014 780 1143 825 αὐταὶ
1171 781 1214 834 ἐς
1245 781 1383 826 αὐτὸν
1412 780 1491 825 τὸν
1519 796 1596 824 πο-

307 952 592 1006 κατατέτμηται
602 968 673 999 τας
686 948 808 1000 οδους
827 950 928 991 ἰθεί-

270 1016 343 1062 ας]
375 1011 578 1060 Schweigh.
610 1009 787 1061 explicat:
811 1023 927 1047 κατα-

268 1067 512 1133 τετμημένας
555 1065 632 1118 ἔχει
672 1063 743 1113 τὰς
785 1061 928 1114 ὁδούς,

268 1126 400 1166 melius
426 1128 559 1175 opinor
590 1123 723 1160 Matth.
762 1123 828 1160 Gr.
861 1122 928 1159 Gr.

269 1196 357 1236 pag.
377 1182 482 1224 564:
523 1177 622 1220 ὥστε
653 1179 784 1226 ἰθείας
813 1175 929 1226 εἶναι,

269 1253 423 1279 monens
440 1251 588 1288 quoque
608 1237 655 1274 de
665 1236 830 1274 articuli
821 1249 860 1272 m
874 1235 930 1272 his

271 1301 309 1336 et
325 1297 360 1334 vi
378 1300 416 1334 et
434 1295 514 1333 loco
527 1324 538 1343 ,
559 1307 668 1344 quem
691 1297 855 1343 occupat.
886 1291 930 1329 In

269 1354 390 1392 verbis
413 1353 578 1403 proxime
595 1350 847 1400 sequentibus,
864 1361 930 1385 vo-

271 1409 389 1448 culam
409 1405 480 1455 τοὲς
496 1412 582 1446 ante
603 1406 838 1458 ἐπικαρσίας
863 1405 930 1442 de-

272 1467 382 1505 letam
402 1465 479 1503 vult
492 1463 768 1511 Valckenarius,
787 1467 827 1500 ut
844 1473 931 1499 sen-

271 1536 336 1560 sus
366 1523 398 1560 is
428 1523 507 1560 fere
536 1521 624 1558 inde
653 1524 864 1558 enascatur:
892 1519 930 1556 in

271 1583 352 1618 vias
373 1579 489 1617 urbem
509 1577 662 1615 divisam
678 1576 809 1626 fuisse,
839 1578 929 1612 cete-

272 1650 335 1674 ras
355 1636 494 1687 quidem
516 1638 654 1681 rectas,
671 1632 731 1669 sed
749 1637 929 1670 transver-

272 1708 351 1741 saS‚
389 1704 477 1743 quae
504 1691 553 1729 ad
584 1692 722 1742 flumen
751 1688 930 1740 ferebant.

271 1750 354 1789 Nee
373 1753 498 1787 tamen
514 1748 570 1785 his
596 1746 718 1798 paruit
743 1745 933 1793 Schweig-

272 1807 495 1854 haeuserus,
524 1804 662 1856 optime
682 1802 752 1840 loci
784 1813 932 1839 sensum

272 1864 438 1901 indicans
452 1891 463 1910 ,
501 1865 539 1899 et
570 1864 657 1898 ante
688 1872 772 1897 eum
795 1858 934 1895 Schae-

273 1921 374 1958 ferus
396 1920 445 1957 ad
465 1919 580 1967 Greg.
601 1915 768 1953 Corinth.
789 1913 933 1966 p.564.

273 1976 344 2013 Est
363 1977 459 2014 enim
478 1975 569 2012 haec
578 1972 761 2010 Herodoti
785 1974 934 2008 senten-

274 2033 345 2069 tia:
370 2044 433 2082 per
463 2031 576 2067 urbem
602 2028 730 2065 ductas
764 2039 834 2063 esse
853 2028 933 2062 vias

273 2092 392 2126 rectas
423 2101 453 2124 s.
479 2086 528 2123 ad
545 2085 673 2122 lineam
693 2086 829 2129 sectas,
859 2085 934 2119 tam

274 2145 431 2194 reliquas
447 2139 536 2191 (τοὶς
548 2139 687 2189 ἄλλοις)
700 2153 805 2189 quam
815 2142 933 2175 trans-

274 2214 397 2239 versas
431 2196 523 2247 (τοές
541 2196 818 2249 ἐπικαρσίας),
849 2207 937 2244 quae

275 2257 325 2296 ad
354 2257 492 2308 flumen
532 2254 728 2291 tendebant.
795 2251 936 2289 Omnes

275 2314 387 2364 igitur
405 2312 481 2349 vias
492 2340 504 2360 ,
523 2313 705 2361 quotquot
722 2321 790 2359 per
809 2308 937 2345 urbem

276 2372 410 2408 ductae
449 2369 617 2414 suerunt,
670 2369 786 2403 rectas
820 2365 937 2402 fuisse

275 2426 353 2464 vult
379 2425 456 2462 sive
484 2424 533 2461 ad
557 2423 689 2461 lineam
718 2425 848 2459 sectas.
877 2440 934 2447 -—

276 2482 337 2521 Ad
365 2477 554 2549 ε’χουσας,
606 2479 707 2517 cuius
737 2478 817 2515 loco
847 2476 932 2514 edd.

276 2543 363 2578 vett.
388 2533 586 2590 αγούσας,
615 2537 709 2573 conf.
731 2535 771 2582 Ι,
793 2535 884 2575 191.

333 2594 497 2640 πυλίδες
541 2591 719 2644 ἐπῆσαν]
779 2589 933 2640 ἐπῆσαν

278 2652 418 2690 dabant
457 2649 558 2697 libri,
602 2649 734 2699 quibus
767 2648 843 2685 iure
874 2659 933 2684 re-

279 2712 387 2747 centt.
407 2707 509 2746 editt.
530 2709 615 2742 sunt
627 2704 800 2742 obsecuti.
844 2702 935 2740 Vul-

280 2777 330 2814 go
365 2759 561 2817 ἐπῄεσαν,
609 2763 710 2812 quod
744 2760 932 2797 Werferus

278 2821 318 2860 ‘m
353 2819 450 2858 Actt.
484 2817 683 2870 philologg.
720 2815 933 2853 Monacc.1

279 2891 317 2930 p.
341 2878 422 2919 104
440 2880 616 2913 mutatum
631 2873 772 2911 voluit
764 2885 802 2909 in
821 2867 934 2922 ἐπήε-

282 2946 379 2983 σαν,
409 2944 652 2985 quamquam,
681 2935 721 2968 ut
746 2929 838 2968 bene
867 2941 935 2966 no-

997 957 1052 991 tat
1079 953 1299 1003 Schweigh„
1337 953 1548 992 huiusmodi
1576 954 1655 991 for-

995 1022 1056 1047 ma
1073 1010 1110 1048 in
1134 1010 1266 1061 plurali
1284 1010 1343 1048 vix
1363 1012 1525 1048 occurrit.
1553 1010 1655 1047 Infra

995 1066 1089 1115 VII,
1118 1070 1198 1109 176
1230 1067 1360 1105 eodem
1390 1067 1502 1104 modo
1529 1061 1655 1106 πύλαι

997 1122 1164 1174 ἐπῆσαν.
1221 1126 1386 1175 Λαῦραι
1419 1135 1515 1173 quae
1548 1123 1655 1160 dein-

998 1193 1086 1231 ceps
1108 1179 1363 1230 appellantur,
1386 1192 1461 1216 non
1485 1178 1578 1216 aliae
1599 1182 1658 1216 at-

998 1249 1072 1286 que
1096 1235 1181 1278 ὅδοὶ
1213 1250 1307 1286 quas
1334 1240 1421 1274 ante
1451 1238 1657 1283 vocaverat,

997 1296 1079 1331 vias
1107 1306 1137 1330 s.
1163 1293 1306 1343 plateas
1325 1294 1433 1330 urbis.
1474 1291 1540 1329 Cr.
1568 1304 1658 1328 con-

998 1352 1070 1389 sert
1086 1350 1319 1387 Eustathium
1337 1350 1386 1387 ad
1401 1349 1539 1397 Odyss.
1547 1347 1658 1385 XXII

997 1420 1084 1458 pag.
1107 1409 1190 1448 777
1203 1435 1215 1454 ‚
1245 1407 1295 1444 ad
1311 1406 1414 1444 Iliad.
1435 1418 1521 1456 pag.
1535 1406 1657 1446 1108.

998 1463 1292 1511 SchweighaeuS.
1321 1463 1370 1500 ad
1407 1462 1540 1500 Athen.
1571 1460 1658 1508 XII,

999 1520 1053 1562 57
1075 1533 1112 1570 p.
1135 1520 1230 1561 540.
1267 1519 1541 1556 Animadverss.
1561 1521 1588 1554 t.
1604 1516 1658 1554 VI

997 1590 1035 1628 p.
1057 1579 1140 1618 469
1163 1577 1220 1614 ed.
1243 1576 1412 1624 Schwgh.
1442 1574 1540 1613 Add.
1558 1574 1657 1611 Gre-

999 1646 1079 1682 gor.
1093 1633 1257 1670 Corinth.
1276 1646 1313 1682 p.
1326 1631 1408 1673 505
1426 1631 1513 1680 ibiq.
1534 1631 1656 1668 Koen.

1000 1695 1036 1728 et
1053 1690 1156 1727 Bast.
1187 1689 1490 1737 „Boissonadius
1510 1688 1559 1724 ad
1575 1686 1660 1723 Ari-

1000 1750 1153 1784 staenet.
1181 1760 1218 1797 p.
1241 1745 1324 1787 359
1355 1758 1376 1783 e
1403 1744 1528 1794 glossa
1557 1742 1660 1782 codi-

1000 1803 1052 1840 cis
1074 1803 1202 1840 affert:
1241 1797 1429 1853 Λαύρας·
1458 1797 1530 1847 τοὶς
1559 1802 1658 1839 πλα-

1000 1859 1108 1906 τείας
1139 1854 1281 1909 ρύμας.
1344 1859 1485 1895 Contra
1516 1856 1657 1894 Coraes

1002 1917 1072 1965 (ad
1083 1915 1177 1952 Plut.
1197 1915 1322 1952 Crass.
1342 1914 1412 1951 vol.
1431 1912 1483 1950 ΙΙΙ
1502 1926 1540 1963 p.
1553 1912 1657 1960 429)

1002 1985 1048 2010 ex
1087 1971 1281 2008 Eustathio
1323 1974 1435 2020 atque
1470 1960 1658 2018 Hesychio

1001 2029 1157 2078 λαῦραν
1205 2027 1354 2077 exponit
1399 2022 1600 2065 στενωπόν
1628 2020 1660 2076 ἢ

1004 2081 1137 2136 ῥύμην
1172 2078 1336 2133 στενήν,
1382 2083 1531 2121 minime
1572 2094 1659 2120 vero

1003 2143 1193 2180 πλατεῖαν
1217 2134 1361 2191 ρύμην.
1417 2138 1472 2176 Ac
1501 2139 1662 2188 denique

1004 2196 1147 2235 Psellus
1175 2196 1296 2246 Epist.
1322 2195 1448 2233 XXVI
1474 2195 1540 2243 (in
1567 2196 1661 2233 See-

1004 2254 1092 2291 bod.
1115 2257 1151 2290 et
1168 2252 1426 2290 Friedemann.
1448 2250 1660 2299 MiscelLII,

1007 2309 1035 2352 4
1061 2323 1097 2360 p.
1116 2309 1218 2358 620)
1230 2309 1376 2347 scribit:
1406 2310 1479 2359 τῆς
1499 2305 1543 2348 δὲ
1563 2303 1659 2346 λαύ-

1006 2381 1078 2416 ρας
1088 2368 1144 2404 τῶ
1148 2380 1168 2404 v
1188 2365 1355 2405 κελλίων
1375 2365 1567 2416 δοθείσης
1577 2378 1660 2417 μοι,

1005 2423 1068 2461 ubi
1085 2423 1181 2460 conf.
1201 2427 1277 2460 not.
1282 2423 1307 2443 “
1346 2421 1413 2460 Cr.

1057 2472 1164 2531 ’ἦσαν
1184 2476 1228 2518 δὲ
1255 2477 1323 2518 καὶ
1343 2480 1461 2518 αὗται
1479 2472 1657 2529 χάλκεαι]

1001 2534 1052 2573 Et
1073 2549 1135 2575 eas
1159 2535 1324 2586 portulas
1342 2548 1478 2573 aeneas
1499 2547 1582 2572 esse
1602 2534 1660 2571 di-

1002 2593 1071 2640 cit,
1101 2592 1408 2642 quemadmodum
1431 2591 1535 2638 illas,
1566 2603 1658 2640 quas

1000 2649 1039 2686 in
1060 2650 1152 2686 muri
1172 2647 1341 2686 exteriori
1363 2648 1502 2685 ambitu
1520 2659 1564 2685 ex
1574 2659 1661 2686 aere

1001 2707 1121 2743 factas
1137 2708 1402 2742 memoraverat
1419 2703 1449 2752 I,
1470 2706 1562 2746 179.
1579 2703 1660 2742 Ad-
1736 2731 1738 2752 ᾗ

1003 2761 1078 2809 dit,
1108 2765 1141 2799 et
1175 2764 1272 2811 ipsas
1303 2760 1370 2799 lias
1395 2760 1560 2810 portatas
1593 2760 1662 2809 (ut

1000 2819 1079 2856 vias
1108 2817 1298 2867 singulas)
1343 2817 1392 2855 ad
1421 2815 1511 2854 hunc
1547 2818 1662 2868 ipsum

995 2876 1154 2926 fluvium
1190 2874 1324 2911 elucere.
1381 2873 1424 2910 In
1452 2886 1526 2923 quo
1560 2872 1662 2923 quod
1734 2877 1737 2882 ’

1002 2930 1418 2972 offenderitWerfertml
1433 2929 1492 2969 1.1.
1513 2930 1532 2969 I
1542 2943 1580 2983 p.
1594 2931 1661 2979 83,
1734 2919 1736 2926 >
