1777 3324
205 287 289 325 900
486 283 762 323 EXCURSUS
794 284 844 321 ΙΙΙ
875 283 941 321 AD
975 281 1246 321 HERODOT.
1278 282 1314 330 1,
1348 284 1440 325 130.

210 397 339 446 1814)
369 396 431 435 t.1
460 410 497 447 p.
519 395 599 438 144
629 410 732 446 seqq.
791 397 964 447 Singulos
995 396 1094 447 apud
1129 394 1359 433 Herodotum
1391 408 1498 445 reges
1526 393 1721 433 Medorum

208 480 288 503 cum
304 465 486 503 Ctesianis
507 477 717 515 comparare
743 469 779 502 et
799 470 992 514 utrumque
1020 464 1230 514 scriptorem
1257 463 1326 500 hoc
1352 465 1462 501 modo
1492 476 1615 502 secum
1635 476 1723 501 con-

208 535 329 572 ciliare
350 533 507 580 studuit,
541 538 580 569 ut
602 533 775 570 Ctesiana
810 546 937 581 regum
968 532 1079 569 series
1113 530 1198 567 nihil
1225 530 1323 567 aliud
1348 544 1429 569 esse
1459 532 1626 570 videatur
1652 531 1723 568 nisi

209 602 444 640 Herodoteae
462 600 565 637 seriei
583 599 788 650 duplicatio.
832 601 938 644 Quae
965 600 1050 636 talia
1070 611 1270 648 sanequam
1289 603 1372 635 sunt
1385 628 1397 647 ,
1426 604 1467 636 ut
1488 604 1524 638 et
1540 599 1723 636 affirmare

208 674 247 708 et
259 669 431 709 diffidere
450 668 497 705 sit
517 666 676 704 difficile.
735 667 847 704 Haud
867 667 1005 703 meliori
1024 667 1062 703 in
1090 666 1186 704 hisce
1212 680 1380 704 successu
1398 666 1632 704 elaborarunt
1649 666 1723 712 alii,

207 751 300 788 quos
330 737 379 774 ad
406 735 556 773 Ctesiae
586 733 608 770 l.
631 733 654 770 l.
685 734 855 781 excitavi,
895 734 955 770 vix
985 738 1108 771 tamen
1140 734 1341 783 quidquam
1369 735 1620 784 proferentes,
1650 746 1723 783 quo

207 805 421 857 perturbata
442 807 646 852 temporum
667 802 760 838 ratio
781 801 867 838 satis
887 801 1096 838 illustretur.
1155 801 1304 851 Quippe
1325 801 1608 852 discrepantiam
1625 800 1722 838 illam

207 874 303 910 inter
327 871 562 908 Herodoteos
595 873 706 918 atque
741 869 934 905 Ctesianos
966 880 1136 905 numeros
1166 880 1210 904 eo
1248 869 1384 905 referre
1419 869 1580 917 malunt,
1623 869 1722 918 quod

207 941 298 978 alter
317 940 405 976 istos
427 949 542 974 annos
571 936 752 982 omiserit,
781 947 848 985 per
869 948 961 984 quos
987 934 1110 982 Medi,
1139 935 1185 972 ab
1210 933 1368 983 Assziis
1387 948 1468 973 cum
1495 937 1724 982 defecissent,

207 1010 365 1046 iudicum
399 1019 426 1042 s.
458 1003 663 1055 principum
702 1002 930 1052 quorundam
973 1002 1179 1040 auctoritati
1206 1016 1264 1040 res
1300 1015 1383 1040 suas
1418 1003 1724 1041 administrandas

206 1075 454 1128 permiserint,
486 1072 602 1108 donec
628 1070 802 1109 Deiocem
824 1082 949 1119 regem
973 1069 1159 1119 elegerint.
1216 1070 1297 1108 Nec
1327 1071 1443 1120 magis
1474 1075 1574 1109 certa
1597 1070 1725 1108 viden-

206 1150 284 1192 tur,
331 1154 425 1191 quae
451 1140 673 1177 Hammerus
706 1138 832 1175 statuit
859 1138 895 1173 in
927 1137 1058 1174 annall.
1086 1137 1301 1176 Viennenss.
1332 1139 1385 1175 IX
1413 1152 1498 1188 pag.
1520 1139 1572 1179 13
1591 1141 1724 1179 —16.

206 1212 305 1250 Nam
323 1209 497 1248 Deiocem
522 1206 710 1243 contendit
728 1219 808 1244 esse
830 1204 1080 1242 Dschemschz'd
1105 1210 1141 1243 et
1169 1205 1384 1244 Phraortem
1407 1205 1561 1244 Fm'dun
1573 1207 1632 1255 *);
1663 1206 1726 1255 qui

206 1278 335 1328 reliqui
371 1278 695 1315 commemorentur
732 1287 794 1313 sex
828 1286 936 1322 reges
973 1277 1050 1310 tum
1079 1275 1177 1323 apud
1208 1275 1370 1312 Ctesiam
1399 1279 1476 1312 tum
1504 1275 1540 1311 in
1567 1273 1725 1311 carmine

207 1347 398 1385 Persarum
413 1373 424 1391 ,
455 1343 511 1380 cui
530 1355 663 1380 nomen
686 1341 959 1389 Schahnameh,
990 1342 1194 1391 interpositi
1215 1356 1331 1391 usque
1349 1344 1396 1379 ad
1415 1343 1631 1392 Cyaxarem,
1661 1354 1725 1379 eos

206 1415 253 1453 ab
268 1414 461 1452 Herodoto
491 1409 677 1459 neglectos
702 1423 782 1447 esse
803 1409 890 1447 vult.
947 1408 1149 1447 Niebuhrio
1179 1411 1239 1458 (v.
1261 1410 1508 1448 Denkschrift.
1529 1411 1564 1447 d.
1590 1409 1724 1447 Berlin.

206 1480 319 1520 Acad.
341 1481 377 1517 d.
398 1478 621 1517 Wissensch.
651 1479 826 1519 1820—
841 1479 946 1518 1821
968 1490 1004 1528 p.
1027 1477 1091 1519 49.
1111 1478 1184 1525 50)
1214 1477 1283 1515 hae
1308 1477 1542 1515 difficultates
1572 1478 1622 1514 sic
1649 1477 1726 1514 tolli

207 1563 319 1601 posse
339 1549 529 1595 videntur,
558 1550 600 1583 ut
627 1547 664 1582 in
681 1546 862 1583 Herodoti
880 1545 982 1593 loco,
1014 1550 1184 1596 corrupto
1205 1545 1357 1594 scilicet,
1386 1546 1549 1594 legatur:
1581 1542 1726 1594 ἄρξαν-

208 1633 269 1665 τες
299 1618 370 1668 τῆς
388 1639 444 1644 —
468 1612 552 1654 ι’ίνω
581 1609 715 1664 Ἀσίης
745 1608 811 1653 ἐπ’
842 1612 925 1652 ἔτεα
954 1609 1280 1665 πεντήκοντα
1312 1612 1381 1652 καὶ
1411 1609 1574 1661 snauh,
1604 1611 1726 1665 παρὲξ

207 1682 235 1739 ἢ
266 1681 362 1726 ὅσον
393 1683 432 1724 οὶ
472 1677 637 1722 Σκύθαι
676 1675 825 1733 ἦρχον,
865 1676 1078 1733 τριήκοντα
1118 1681 1229 1719 δυῶν
1273 1680 1423 1720 δέοντα.
1490 1681 1571 1718 Nee
1603 1685 1725 1719 tamen

208 1754 299 1792 haee
320 1752 437 1791 textui
454 1751 626 1789 continuo
659 1750 848 1787 inferenda
870 1762 951 1786 esse
974 1754 1099 1786 censet
1116 1750 1170 1785 vir
1197 1750 1436 1786 doctissimus.
1496 1748 1540 1786 In
1568 1748 1728 1787 clausula

209 1822 368 1871 denique
397 1819 714 1857 commemoranda
741 1823 796 1855 est
828 1817 998 1866 scriptio,
1029 1829 1124 1866 quae
1145 1817 1321 1854 ll‘etzlar.
1346 1818 1452 1858 1828
1477 1817 1636 1867 prodiit,
1663 1830 1728 1854 au-

209 1894 308 1927 ctore
330 1888 446 1926 Graff.
506 1887 577 1931 Qui
598 1899 678 1924 cum
700 1886 737 1922 in
767 1884 1039 1933 chronologiam
1071 1884 1176 1922 valde
1197 1886 1379 1922 turbatam
1409 1885 1513 1933 regni
1531 1883 1727 1934 Assyriaci,

209 1957 441 2008 Babylonici,
474 1955 609 1993 Medici
636 1954 810 2003 inquirit,
842 1958 1007 1990 nostrum
1026 1966 1173 2002 quoque
1194 1952 1311 1990 locum
1331 1953 1455 2002 attigit
1479 1965 1515 2002 p.
1538 1955 1584 1999 9,
1619 1965 1727 2002 quem

211 2037 322 2076 prava
339 2023 637 2073 interpretatione
660 2023 707 2059 ad
727 2035 828 2059 suam
847 2022 1063 2059 sententiam
1081 2021 1131 2057 ita
1153 2022 1373 2070 detorquere
1395 2021 1539 2067 studet,
1557 2024 1599 2057 ut
1617 2022 1728 2058 verba

211 2089 335 2143 παρὲξ
362 2086 390 2141 ἢ
420 2086 515 2129 ὅσον
548 2090 589 2130 οἵ
604 2087 769 2129 Σκύθαι
797 2083 921 2140 ἦρχον
946 2101 1139 2139 perperam
1163 2088 1272 2137 vulgo
1301 2089 1352 2125 sic
1378 2089 1490 2138 accipi
1511 2089 1726 2126 contendat:

212 2158 372 2207 „demtis
400 2160 447 2195 iis
476 2162 599 2206 anm‘e,
629 2158 754 2208 quibus
775 2170 877 2207 penes
907 2156 1064 2206 Scythas
1090 2156 1217 2206 fuerat
1242 2157 1470 2206 imperiumst
1499 2169 1578 2194 cum
1605 2157 1727 2207 potius

213 2226 426 2277 explicanda
456 2225 549 2262 sint:
589 2238 909 2274 „ausgenommen
938 2225 998 2262 die
1027 2224 1113 2262 Zeit
1136 2225 1225 2261 oder
1251 2237 1486 2271 zusammen,
1516 2224 1553 2260 in
1573 2223 1728 2261 Verbin-

214 2296 316 2342 dung
338 2294 403 2330 mit
421 2293 486 2329 der
502 2293 606 2339 Zeit,
626 2306 681 2329 wo
703 2293 761 2329 die
777 2292 938 2340 Scythen
959 2292 1192 2340 herrschten,
1223 2305 1263 2329 so
1283 2293 1366 2328 dass
1386 2292 1487 2329 diese
1513 2291 1597 2329 Zeit
1613 2292 1728 2330 sehon

215 2362 282 2399 mit
299 2362 336 2397 in
354 2361 427 2397 den
447 2361 525 2400 128
545 2360 681 2396 Jahren
699 2358 936 2407 einbegriffen
956 2358 1043 2394 ist.“

327 2427 448 2466 Retuli
466 2440 704 2476 quaecunque
723 2438 744 2462 a
763 2426 846 2462 viris
871 2425 986 2462 doctis
1005 2426 1149 2476 prolata
1169 2426 1307 2473 inveni3
1339 2426 1471 2475 quibus
1500 2438 1580 2467 cum
1603 2429 1728 2464 tantae

216 2497 388 2534 tenebrae
409 2495 467 2531 vix
486 2494 749 2540 dissolvantur,
785 2492 883 2530 nolui
906 2493 984 2544 ipse
1001 2507 1119 2532 novae
1137 2494 1367 2531 coniecturae
1389 2493 1588 2544 periculum
1608 2495 1728 2533 facere

216 2564 264 2601 ad
293 2576 336 2601 ea
362 2562 613 2610 concilianda,
643 2573 739 2610 quae
769 2561 826 2598 vix
854 2573 1011 2612 unquam
1038 2575 1160 2600 secum
1183 2562 1364 2600 conciliari
1389 2565 1453 2600 aut
1481 2562 1530 2599 ad
1552 2561 1727 2612 liquidum

217 2631 366 2683 perduci
393 2643 504 2681 posse
522 2630 735 2668 existimem.

266 2781 297 2824 ⁸)
328 2780 459 2812 Eadem
483 2778 657 2811 contendit
677 2776 718 2811 A.
739 2779 846 2820 Holty
865 2778 898 2811 in
921 2779 1124 2821 scriptione:
1157 2776 1422 2822 „Dsjemschid,
1458 2777 1630 2819 Feridun,
1650 2778 1725 2812 Gu-

331 2841 446 2879 stasp‚
467 2835 690 2867 Zoroaster.“
721 2835 936 2877 (Hannover.
957 2835 1063 2877 1829)
1084 2846 1161 2878 pag.
1181 2835 1226 2869 53
1246 2845 1341 2877 seqq.
1372 2835 1417 2868 60
1433 2843 1527 2876 seqq.
