1768 3315
625 223 657 261 C
688 221 721 260 L
751 222 769 260 I
798 222 846 261 O.
890 222 918 260 Ι.
1323 227 1406 267 257

138 335 397 393 Ἀριζαντοὶ,
427 331 633 384 Βούδιοι,
663 331 830 388 ΙΡΙάγοι.
888 332 1017 388 γένεα
1044 332 1123 387 μὲν
1154 331 1206 390 δή
1232 331 1406 391 Μήδων

20 419 116 465 102
143 417 230 462 ἐστὶ
265 411 431 459 τοσάδε.

140 495 206 546 ὂς,
236 490 566 547 τελευτήσαντος
593 489 814 547 Δηϊόκεω,
846 489 1188 546 βασιλεύσαντος
1208 493 1307 546 τρία
1327 494 1401 536 καὶ

1461 423 1622 453 Phraortes
1640 435 1689 455 rex
1700 428 1737 456 ab

1462 459 1554 485 1.ssss
1583 461 1681 487 Persis
1707 467 1738 489 et

1458 491 1525 518 aliis
1546 493 1634 532 {isiae
1665 504 1738 529 gen-

1458 525 1538 552 tibus
1526 526 1606 565 simp
1611 529 1674 554 erio
1686 529 1737 555 ad

1460 559 1570 586 iunctis
1580 562 1739 596 ,Assjrios

1460 600 1642 655 agir—gressus,
1671 603 1739 631 per-

1460 635 1480 652 ιι

137 650 316 707 ξὰμενος
345 650 416 705 δὲ,
451 647 535 694 οὐκ
567 647 782 706 οἷπεχρᾶτο
811 647 993 706 μούνων
1025 649 1174 707 ἄρχειν
1195 655 1286 695 τῶν
1305 650 1403 709 Μή-

492 410 688 467 Δηῖόκεω
730 411 777 454 δὲ
814 415 917 462 ποεῖς
951 412 1119 466 γίνεται
1157 412 1402 469 Φραόρτης,

114 571 411 629 Ξπεντήκοντοε
443 570 561 622 ἔτεα,
602 570 867 624 παρεδέξατο
896 569 976 626 τὴν
1006 568 1156 627 ἀρχήν.
1216 575 1402 627 παραδε-

80 862 152 899 que
163 848 298 898 Magos
310 878 321 896 ‚
342 848 520 899 simulque
538 849 649 887 refert
665 848 735 886 hoc

81 906 130 943 ad
158 905 339 943 Buddhae
365 906 498 943 cultum
532 919 600 956 pro
632 919 735 943 more

79 975 170 1009 suo,
201 975 273 1011 quo
294 962 511 999 incunabula
526 975 646 1000 rerum
678 962 735 998 di-

78 1019 240 1055 vinarum
262 1023 299 1056 et
318 1019 555 1056 humanarum
575 1031 618 1056 ex
634 1018 734 1055 Indis

79 1075 231 1113 derivat.

139 1130 274 1180 Magos
283 1131 342 1167 vix
361 1132 511 1168 dubium
525 1132 733 1181 primariam

81 1188 195 1225 suisse
227 1192 374 1236 gentem
412 1187 628 1235 Medorum,
678 1188 733 1225 cui

80 1257 170 1295 prae
188 1245 315 1282 ceteris
338 1244 473 1291 honor,
504 1257 588 1281 cura
609 1257 733 1281 sacro-

80 1313 161 1337 rum
187 1305 224 1338 et
260 1300 382 1349 legum
413 1300 614 1337 divitiarum
646 1313 731 1351 per-

79 1357 202 1395 missa.
238 1356 324 1393 Hoc
342 1357 438 1394 enim
466 1356 613 1395 minime
642 1356 730 1394 alie-

80 1426 165 1450 num
176 1441 188 1459 ,
217 1413 316 1462 quod
337 1425 432 1461 quae
442 1416 634 1463 tantopere
644 1417 730 1463 post

78 1469 241 1506 inclaruit
261 1468 373 1517 gens,
404 1469 563 1506 tribuum
590 1470 729 1506 illarum

78 1526 338 1577 una-primitus
358 1526 435 1563 suit.
494 1526 602 1563 Conf.
631 1526 731 1565 Hee-

79 1595 156 1620 ren.
177 1582 290 1620 Ideen
308 1581 330 1619 l.
347 1581 370 1618 l.
387 1581 526 1632 p.409.
551 1582 644 1624 451.
675 1583 731 1620 Ο-

79 1638 288 1676 rientalibus
317 1638 552 1688 scriptoribus
591 1640 652 1688 qui
677 1640 734 1676 di-

81 1699 208 1732 cuntur
225 1693 362 1743 Mogh,
392 1708 414 1731 a
432 1695 556 1744 Magis
572 1709 646 1732 non
662 1696 736 1733 dif-

81 1752 176 1789 ferre
195 1751 301 1789 valde
325 1755 382 1788 est
397 1752 599 1801 probabile.
623 1752 735 1796 Quod

78 1807 303 1845 orientalium
331 1808 514 1846 literarum
538 1809 646 1859 periti
672 1822 734 1846 ex-

78 1869 238 1914 ponunt:
268 1877 446 1913 magnum,
461 1868 626 1902 eximium
644 1865 732 1915 (pro

80 1919 194 1970 Mala)
218 1920 276 1958 vel
307 1922 416 1959 etiam
443 1925 561 1972 caput.
622 1922 732 1959 Conf.

81 1977 205 2015 Virum
224 1978 368 2015 doctum
379 1978 415 2014 in
424 1978 581 2017 Hermes
592 1977 732 2026 XXXI,

83 2035 107 2074 1
126 2034 275 2083 (1828)
304 2048 342 2084 p.
359 2037 413 2076 90
435 2040 511 2072 not.
556 2034 733 2072 Hamme-

80 2103 164 2138 ruS,
192 2103 299 2139 quem
326 2104 437 2142 supra
464 2092 611 2140 (I,96)
638 2092 733 2128 vidi-

79 2159 159 2185 mus
187 2146 362 2185 Deiocem
401 2151 438 2185 et
468 2148 733 2186 Dschemsehid

78 2215 190 2240 unum
223 2204 453 2253 eundemque
490 2205 647 2254 habere,
694 2204 733 2242 in

78 2259 177 2298 hisce
201 2261 365 2298 tribubus
392 2261 611 2309 Medorum,
640 2274 733 2310 quas

80 2316 293 2354 Herodotus
321 2322 508 2366 recenset,
537 2331 612 2355 non
642 2317 733 2355 alias

80 2373 267 2421 agnoscit,
298 2386 406 2423 quam
428 2387 523 2423 quae
548 2374 615 2411 sub
643 2387 733 2423 rege

80 2427 341 2467 Dschemschid
383 2431 498 2469 fuisse
543 2435 737 2468 narrantur

81 2489 156 2523 tum
187 2485 225 2522 in
264 2486 363 2523 libris
395 2487 590 2525 Persarum
621 2487 735 2524 sacris

83 2540 381 2591 (Zendavesta),
410 2547 486 2581 tum
509 2544 548 2580 in
575 2543 736 2581 carmine

83 2595 165 2644 illo,
203 2599 258 2635 cui
290 2612 423 2637 nomen
470 2599 736 2637 Schahnameh.

83 2652 318 2702 Sacerdotes,
347 2657 464 2705 primo
492 2657 572 2694 loco
594 2669 738 2707 ponen-

85 2708 153 2744 dos
191 2722 272 2747 esse
310 2710 467 2761 BIugw,
525 2713 587 2763 qui
626 2713 737 2751 iidem

86 2764 194 2801 etiam
212 2764 327 2804 Budii
358 2768 400 2817 (i.
421 2782 453 2807 e.
471 2769 647 2818 cultores)
669 2782 737 2820 ap-

86 2818 208 2869 peilati
233 2823 385 2870 fuerint;
414 2826 545 2875 quibus
573 2826 737 2875 utrisque

87 2877 307 2926 respondere
343 2892 428 2928 eOS,
485 2882 547 2931 qui
583 2882 738 2919 Atlaeorne

144 2931 351 2973 Hssnonor.
382 2936 410 2973 I.

804 853 839 887 et
852 846 1032 886 Katztrz'an
1047 848 1083 885 in
1102 847 1170 885 illis
1189 846 1289 886 libris
1302 849 1462 887 vociten-

802 910 881 951 tur;
909 904 1102 942 Arizantes
1122 906 1192 942 dici
1219 905 1336 955 Vz'spz'e
1347 905 1463 943 Erene

804 966 840 1000 et
852 961 1026 999 Pz'sarian
1048 961 1129 1009 (i.e.
1142 962 1333 1011 artifices),
1350 962 1461 1000 Stru-

803 1018 922 1056 clmtes
949 1031 1032 1056 esse
1067 1018 1278 1066 Ostenta-ch,
1317 1020 1461 1056 tertiam

802 1075 958 1122 tribum,
1005 1073 1148 1121 Basca,
1197 1079 1363 1124 quartam
1396 1076 1462 1112 tri-

802 1132 888 1168 bum
900 1161 911 1179 ,
927 1130 1104 1182 appellari
1117 1131 1358 1168 Olmowusclei.
1389 1131 1464 1169 Pa-

802 1192 991 1226 retacenos
1013 1187 1130 1224 omitti
1158 1188 1306 1236 quidem
1326 1189 1363 1224 in
1382 1201 1461 1225 car-

801 1245 898 1282 mine
909 1243 1162 1281 Schahnameh
1175 1272 1186 1289 ,
1207 1244 1275 1281 sed
1287 1244 1324 1280 in
1334 1244 1461 1282 Zend-

799 1305 925 1338 avesta
955 1300 1025 1338 dici
1045 1298 1345 1337 Pen‘odelceschcm
1373 1301 1394 1336 i.
1427 1315 1458 1337 e.

797 1357 894 1394 viros
945 1356 1038 1405 legis
1084 1356 1299 1407 primitivae.
1374 1356 1458 1394 Vid.

798 1413 950 1451 Wiener
969 1412 1092 1451 Jahrb.
1113 1412 1168 1450 IX
1188 1427 1225 1464 p.
1248 1415 1313 1454 11.
1338 1415 1401 1454 12.

1019 1497 1130 1549 Cap.
1163 1497 1243 1536 CH.

855 1578 1162 1634 τελευτησαντος
1171 1578 1351 1634 Δηὶόκεω
1363 1611 1372 1630 ,
1391 1582 1460 1634 βα-

801 1635 1055 1686 σιλεύσαντος
1083 1640 1174 1692 τρία
1197 1639 1274 1687 καὶ
1316 1636 1460 1690 πεντή-

802 1711 924 1735 κοντα
946 1695 1032 1735 ε’τεα
1052 1711 1087 1735 κ.
1108 1711 1140 1734 τ.
1165 1698 1200 1734 λ.
1211 1695 1225 1746 ]
1262 1696 1319 1732 Ex
1347 1697 1460 1733 ratio-

802 1753 908 1790 nibus
947 1752 1122 1790 Larcheri
1163 1756 1274 1802 atque
1313 1753 1460 1789 Volneii

800 1809 870 1846 hoc
896 1809 1045 1846 Deiocis
1070 1822 1227 1858 regnum
1250 1809 1348 1846 cadit
1366 1810 1462 1846 intra

801 1878 918 1902 annos
940 1868 1089 1908 709—
1102 1867 1182 1906 656
1207 1878 1239 1902 a.
1259 1865 1366 1913 Chr.‚
1385 1878 1460 1914 quo

800 1923 882 1973 ipso
902 1935 999 1959 anno
1023 1921 1222 1959 Phraortes
1252 1922 1348 1972 patri
1377 1935 1459 1958 suc-

800 1979 910 2016 cessit
928 1979 965 2015 in
980 1991 1109 2027 regno,
1167 1979 1241 2022 Qui
1260 1981 1458 2028 postquam

799 2035 928 2084 viginti
949 2036 1042 2072 duos
1074 2048 1191 2072 annos
1222 2047 1375 2083 regnum
1401 2039 1456 2072 te-

799 2093 898 2139 nuit,
932 2092 1014 2142 ipse
1045 2092 1083 2128 in
1112 2091 1346 2143 expeditione
1368 2104 1458 2129 con-

800 2152 857 2186 tra
877 2147 1050 2198 Assyrios
1077 2152 1249 2198 suscepta
1277 2148 1386 2195 obiit,
1415 2151 1456 2184 ut

799 2204 910 2256 paulo
939 2205 1033 2243 infra
1067 2206 1283 2242 Herodotus
1321 2208 1458 2252 narrat,

800 2274 918 2309 anno,
960 2266 999 2299 ut
1036 2275 1079 2300 ex
1112 2261 1184 2298 illis
1213 2261 1460 2311 consequitur,

802 2317 884 2359 634
905 2330 938 2355 a.
955 2318 1042 2356 Chr.
1063 2331 1098 2356 n.
1155 2318 1242 2370 Ipsa
1273 2317 1460 2368 expeditio

801 2379 933 2425 opinor
965 2375 1073 2413 cadet
1098 2375 1136 2412 in
1157 2387 1290 2411 annum
1320 2373 1401 2415 635
1427 2386 1461 2411 a.

805 2431 894 2468 Chr.
924 2431 1124 2469 Hammero
1144 2431 1175 2467 si
1195 2431 1462 2479 credis,Hero-

805 2487 883 2524 doti
912 2487 1012 2525 hicce
1043 2488 1240 2525 Phraortes
1262 2488 1362 2525 idem
1392 2491 1462 2534 est,

805 2544 868 2593 qui
889 2543 927 2580 in
947 2544 1184 2583 Zendavesta
1214 2544 1344 2581 dicitur
1367 2542 1463 2580 Tru-

805 2603 904 2647 teno,
943 2600 981 2637 in
1015 2601 1174 2638 carmine
1210 2599 1464 2638 Schahnameh

807 2656 982 2705 Ferz‘clun,
1022 2657 1118 2694 filius
1147 2657 1296 2695 Deiocis
1326 2670 1356 2694 s.
1390 2657 1465 2695 τοῦ

804 2713 1081 2751 Dschemschid.
1103 2713 1186 2751 Vid.
1197 2713 1319 2751 W‘ien.
1336 2713 1462 2750 Jahrb.

805 2770 859 2807 IX
880 2783 918 2820 p.
941 2771 992 2811 13
1012 2783 1117 2819 seqq.

864 2823 1146 2878 ἀπεχρᾶτο]
1192 2826 1254 2862 Sic
1282 2828 1380 2862 certe
1408 2825 1462 2860 iu-

805 2883 894 2920 bent
913 2883 1037 2934 plures
1059 2884 1157 2932 iique
1180 2882 1348 2920 meliores
1369 2880 1460 2917 libri.

1131 2940 1186 2978 Τι’
