1814 3315
643 250 941 290 CL10.1.

1342 259 1424 301 195

157 381 213 422 κη
231 362 403 420 κειμένη
416 374 425 384 ·
459 360 653 404 ἐνθαῦτα
670 359 1056 416 ἐστρατοπεδεύετο
1071 394 1082 415 ,
1114 362 1311 419 φθείρων
1332 371 1421 411 τῶν

129 444 342 498 ΞΣυρίων
371 439 476 490 τούς
505 438 718 495 κλήρους.
767 440 844 484 καὶ
874 438 958 485 εἷλε
994 441 1073 497 μὲν
1103 447 1191 486 τῶν
1220 446 1420 500 Πτερίων

154 522 234 578 τὴν
261 519 415 566 πόλιν,
444 519 518 562 καὶ
550 516 925 575 ἠνδραποδίσατο·
969 518 1051 565 εἷλε
1081 523 1128 566 δὲ
1157 522 1233 575 τοὶς
1262 539 1421 580 περιοι-

151 601 276 651 κίδας
305 598 440 654 αὐτῆς
469 596 636 649 πάσας.
685 600 883 654 Συρίους
911 616 975 652 τε,
1015 600 1147 646 οὐδὲν
1176 601 1328 655 ἐόντας
1356 605 1475 648 oei-70

123 679 298 729 3τίους,
331 675 602 729 ἀναστάτους
631 676 816 735 ἐποίησε.

877 682 1028 734 Κῦρος
1057 680 1104 724 δὲ
1139 679 1312 737 ἀγείρας
1341 683 1418 727 τὸν

148 757 318 802 ἑωυτοῦ
347 756 558 812 στρατὸν,
588 757 662 800 καὶ
689 759 961 815 παραλαβών
989 759 1090 813 τούς
1118 763 1277 817 μεταξὺ
1307 762 1418 806 οἰκέ-

151 853 282 888 οντας
309 835 496 889 πάντας,
525 835 729 893 ἠντιοῦτο
760 839 950 894 Κροίσῳ.

1016 840 1121 894 πρὶν
1164 841 1211 884 δὲ
1252 841 1417 894 ἐξελαύ-

146 932 242 960 νειν
269 913 460 973 ὁρμῆσαι
490 917 569 961 τὸν
599 915 808 972 στρατὸν,
839 916 1011 973 πέμψας
1033 918 1226 976 κήρυκας
1247 921 1291 972 ἐς
1312 922 1418 973 τούς

135 994 314 1049 Ἴωνας,
356 995 551 1051 ἐπειρᾶτο
597 995 731 1052 σφέας
765 995 851 1040 ἀπὸ
889 999 1088 1053 Κροίσου
1118 997 1414 1057 ἀπιστάμεναι.
1427 1009 1472 1043 75

120 1073 287 1127 4”Ιωνες
313 1075 393 1130 μέν
420 1091 505 1119 νυν
534 1075 617 1119 οὐκ
645 1075 887 1120 ἐπείθοντο.

957 1077 1111 1133 Κῦρος
1147 1078 1194 1122 δὲ
1235 1077 1293 1130 ὥς
1322 1077 1414 1123 ἆπί-

148 1171 273 1208 κετο,
324 1156 399 1199 καὶ
437 1153 938 1210 ἀντεστρατοπεδεύσατο
977 1158 1182 1216 Κροίσῳ,
1221 1158 1415 1203 ἐνθαῦτα

91 1329 140 1369 Τ.
161 1331 196 1368 Π
215 1344 252 1382 p.
273 1331 328 1373 25
354 1328 504 1368 relatum
523 1328 748 1367 invenimus:

89 1386 228 1436 Cyrum
242 1400 321 1425 cum
341 1386 497 1426 exercitu
518 1398 585 1422 suo
615 1386 662 1423 ad
679 1398 746 1423 an-

89 1448 199 1492 gusta
234 1442 496 1494 Cappadociae
527 1441 605 1479 loca
643 1441 744 1480 dela-

88 1503 165 1536 tum
184 1499 327 1548 legatos
349 1498 517 1546 misisse,
547 1498 610 1547 qui
628 1498 745 1536 Croe-

87 1568 169 1592 sum
208 1557 398 1594 certiorem
430 1556 613 1603 facerent,
650 1555 743 1593 velle

87 1624 130 1649 se
151 1612 201 1649 illi
225 1613 408 1662 (Croeso)
435 1612 598 1662 priorum
619 1611 742 1662 culpa-

87 1681 167 1705 rum
201 1669 451 1707 remissionem
485 1669 628 1716 facere,
665 1667 742 1716 Ly-

88 1725 246 1775 diaeque
274 1729 447 1776 satrapen
474 1724 573 1761 illum
607 1725 742 1761 consti-

87 1783 211 1830 tuere,
252 1782 283 1818 si
305 1782 420 1832 ipsius
440 1781 488 1817 ad
507 1779 624 1824 aulam
655 1778 741 1829 (ἐπὶ

85 1832 240 1890 θύρας)
274 1839 396 1876 venire
414 1837 671 1885 subditumque
701 1850 742 1875 se

84 1893 157 1944 ipsi
174 1895 352 1944 praebere
371 1894 488 1932 vellet.
549 1893 662 1937 Quod
680 1906 742 1931 ve-

86 1963 129 1986 ro
157 1951 336 1988 Croesum
364 1962 576 1997 recusasse,
604 1948 742 1988 Persae

86 2009 125 2043 ut
145 2007 213 2044 sibi
233 2008 422 2055 servirent,
443 2006 567 2058 potius
587 2018 741 2056 respon-

86 2062 232 2102 dentem
250 2077 293 2102 ac
310 2068 534 2115 poscentem.

142 2120 329 2186 φθείρων
354 2123 433 2160 τῶν
452 2117 614 2173 Συρίων
645 2132 740 2165 τους

83 2172 279 2228 κλήρους]
310 2177 333 2215 i.
363 2191 396 2216 e.
425 2175 634 2228 „populans
663 2175 706 2213 S
693 2188 738 2226 J-

84 2234 214 2271 riorum
238 2233 401 2284 praedia.
412 2235 438 2254 ‘⁶
485 2233 613 2282 S)rios
653 2231 741 2269 dicit

83 2289 295 2327 Herodotus
315 2290 449 2328 incolas
479 2289 590 2326 Ponti
608 2288 741 2325 Euxini

84 2358 109 2384 a
128 2345 324 2385 Parthenio
346 2360 462 2397 usque
486 2346 534 2383 ad
560 2337 742 2383 Thermo-

85 2402 257 2451 dontem,
283 2405 438 2443 docente
456 2402 612 2440 Rennel.
634 2402 740 2439 Geo-

85 2459 213 2509 graph.
246 2460 344 2509 Syst.
375 2461 411 2497 d.
440 2460 531 2498 Her.
575 2471 613 2509 p.
634 2457 739 2502 4843

85 2527 178 2564 quos
193 2519 313 2554 tamen
335 2516 482 2554 colonos
510 2528 553 2553 ex
576 2514 739 2552 interiori

37 2620 40 2623 Ι
85 2571 192 2619 Syria
220 2571 262 2620 (i.
285 2586 316 2611 e.
334 2572 526 2621 Armenia)
551 2572 621 2609 huc
652 2584 740 2621 pro-

85 2626 200 2664 fectos
219 2629 455 2675 crediderim;
484 2641 556 2679 quo
581 2628 738 2664 forsitan

89 2681 188 2719 ducit
214 2685 338 2722 vocula
366 2687 512 2737 κλῆρος
545 2684 737 2722 Herodoto

87 2735 147 2774 hic
178 2745 363 2790 usurpata.
421 2742 482 2780 Tu
513 2740 584 2778 vid.
621 2742 735 2778 notat.

88 2792 197 2840 adl,
216 2797 282 2837 72

146 2843 392 2899 α’ναστατους
430 2851 611 2904 ἐποίησε]
651 2852 674 2889 ἱ.
705 2863 737 2889 e.

89 2903 290 2955 „funditus
306 2910 439 2948 evertit
442 2910 467 2930 “
506 2908 659 2948 Locutio
678 2919 739 2947 sa-

817 1331 864 1367 tis
883 1330 1056 1378 frequens
1075 1331 1112 1366 in
1123 1329 1346 1370 Herodoteis
1357 1331 1466 1369 libris.

816 1386 925 1424 Conf.
947 1385 984 1434 I,
1003 1386 1173 1428 97.155.
1189 1390 1269 1429 178
1281 1388 1468 1427 ete.Wes-

813 1442 943 1492 seling.
968 1442 1016 1479 ad
1039 1442 1104 1490 IV,
1135 1443 1218 1485 204
1244 1449 1280 1482 et
1301 1445 1349 1482 ad
1379 1444 1470 1482 Dio-

812 1499 891 1536 dor.
920 1498 1030 1536 Sicul.
1060 1499 1136 1548 XI,
1165 1502 1201 1541 1.
1247 1499 1388 1539 V6mel.
1419 1503 1468 1539 ad

810 1555 1001 1594 Demosth.
1023 1555 1179 1607 Philipp.
1196 1570 1282 1608 pag.
1297 1561 1467 1608 220seq.

870 1641 1008 1692 Κυρος
1037 1636 1081 1678 δὲ
1105 1634 1264 1707 οἷγείρας
1284 1656 1355 1682 τον
1374 1639 1468 1681 ἓωυ-

810 1709 881 1734 του
902 1692 1067 1746 στρατόν
1076 1717 1133 1723 —-
1146 1691 1335 1747 ἠντιοῦτο
1345 1698 1467 1751 Κροί-

813 1754 891 1805 σῳ]
923 1751 1019 1789 Mira
1036 1752 1157 1789 fabula
1175 1753 1243 1791 hac
1260 1755 1307 1792 de
1317 1767 1357 1793 re
1368 1756 1467 1806 apud

810 1808 965 1846 Suidam
994 1808 1136 1857 legitur.
1195 1810 1332 1858 Cyrum
1370 1811 1466 1849 enim

810 1864 872 1902 ille
890 1866 1024 1912 refert,
1066 1865 1298 1914 perterritum
1335 1867 1465 1905 Croesi

809 1921 917 1958 minis
930 1949 941 1968 ,
964 1921 1013 1958 ad
1027 1920 1170 1958 Indiam
1192 1923 1390 1972 confugere
1401 1936 1465 1961 vo-

809 1977 941 2023 luisse3
978 1989 1103 2015 verum
1128 1977 1173 2014 ab
1202 1991 1315 2016 uxore
1343 1980 1464 2017 animo

809 2034 1082 2081 confirmatum,
1132 2033 1352 2072 sciscitatum
1381 2049 1465 2074 esse

808 2089 1003 2128 Danielem
1032 2093 1161 2128 vatem.
1218 2090 1252 2129 A
1282 2105 1355 2141 quo
1384 2105 1464 2130 cum

809 2147 1009 2196 accepisset
1035 2160 1076 2184 se
1096 2147 1268 2185 victorem
1290 2149 1390 2196 fore,
1415 2150 1464 2186 ad

808 2202 939 2241 bellum
959 2216 1042 2241 sese
1067 2205 1238 2254 parasse·

866 2284 964 2338 πρὶν
986 2284 1029 2326 δὲ
1046 2281 1271 2334 ἐξελαύνειν
1289 2285 1462 2340 ὁρμῆσαι

808 2340 875 2383 τὸν
896 2339 1086 2395 στρατον]
1117 2344 1139 2380 i.
1160 2356 1192 2381 e
1222 2346 1462 2395 „priusquam

807 2403 998 2437 exercitum
1028 2399 1167 2437 educere
1199 2402 1421 2438 znstz'tuzsset.
1434 2403 1462 2422 “

806 2457 867 2493 ubi
886 2451 1111 2505 ἐξελαύνειν
1142 2456 1290 2496 minime
1319 2458 1461 2507 glossa-

806 2514 895 2549 toris
939 2526 1041 2560 esse,
1086 2513 1179 2550 bene
1221 2515 1294 2551 iam
1323 2515 1462 2551 monuit

805 2569 1088 2618 Wesselingius‚
1106 2570 1307 2608 amandans
1324 2571 1372 2608 ad
1380 2570 1461 2618 Vll,

809 2626 889 2667 105
912 2626 993 2663 σου
1024 2625 1130 2673 vni,
1155 2628 1247 2667 106
1285 2627 1462 2664 cumeo-
1534 2600 1548 2610 ’

809 2682 894 2719 dem
924 2681 1171 2731 Wesselingio
1199 2682 1350 2732 aliisque
1377 2695 1461 2720 mox

808 2739 1021 2789 scripsimus
1046 2733 1225 2791 κήρυκας
1244 2751 1312 2789 pro
1339 2734 1460 2790 κήρυ-

805 2808 883 2842 κα,
913 2807 1025 2832 sensu
1039 2794 1270 2845 postulante,
1300 2798 1337 2833 et
1348 2794 1457 2858 paulo

806 2855 892 2901 post
910 2862 1177 2902 απισταμεναι
1189 2851 1275 2901 (pro
1294 2845 1458 2891 ἄπιστα-

806 2908 906 2957 ναι),
937 2906 1036 2946 libris
1055 2907 1271 2946 iubentibus.

1142 2962 1238 3003 13*
