1759 3324
372 303 455 344 340

782 297 1248 339 HERODOTI

377 407 663 467 ἀποδάσμιοι,
692 409 767 454 καὶ
794 408 1049 461 Μολοσσοὶ,
1079 408 1153 452 καὶ
1178 405 1382 463 Ἀρκάδες
1398 405 1628 461 Πελασγοὶ,

372 490 447 534 καὶ
467 489 655 545 Δωριέες
680 487 971 543 Ἐπιδαύριοι,
1006 487 1114 531 ἄλλοι
1142 503 1186 531 τε
1204 487 1334 531 ἔθνεα
1358 483 1497 529 πολλὰ
1527 483 1631 528 ἀνοι-

343 569 609 625 4μεμίχαται.
640 569 684 611 οἱ
711 568 758 611 δὲ
789 564 956 619 αὐτῶν,
1007 564 1091 610 ἀπὸ
1129 569 1210 609 τοῦ
1247 566 1521 621 πρυτανηΐου
1548 567 1629 607 τοῦ
1641 569 1685 605 55

366 645 614 704 Ἀθηναίων
642 644 925 703 ὁρμηθέντες,
955 645 1029 691 καὶ
1056 646 1304 702 νομίζοντες
1330 642 1631 701 γενναιότατοι

322 865 401 905 coll.
441 864 479 913 Ι,
506 864 636 911 142),
666 863 828 912 quamvis
861 874 973 913 saepe

321 936 401 961 cum
429 921 485 958 his
517 919 668 958 confusi.
707 918 772 956 Cr.
800 920 893 956 conf.
926 919 974 956 de

320 979 498 1029 scriptura
528 975 726 1026 Spanhem.
753 975 802 1012 ad
828 974 971 1012 Callim.

320 1033 371 1073 H.
402 1034 439 1071 in
468 1033 606 1070 Pallad.
626 1031 680 1073 24
715 1044 802 1081 pag.
826 1032 908 1072 632
937 1035 973 1068 et

321 1090 468 1129 Koeler.
505 1090 554 1126 ad
598 1087 783 1126 Heraclid.
830 1086 970 1124 Pontic.

322 1160 408 1198 pag.
430 1147 495 1189 86.
526 1143 600 1188 Qui
617 1144 779 1181 veroh.l.
798 1143 872 1180 sint
885 1146 971 1182 (1)oe-

323 1202 410 1249 κέες
432 1197 698 1251 ἀποδάσμιοι,
734 1200 884 1251 egregie
916 1199 973 1236 in-

323 1261 420 1297 dicat
435 1257 637 1296 Pausanias
660 1256 682 1293 l.
714 1255 757 1294 Ι.;
789 1254 974 1307 μετέσχον

324 1313 456 1356 δὲκαὶ
487 1316 638 1360 Φωκεῖς
667 1310 707 1352 οἱ
733 1310 843 1352 ἄλλοι
869 1309 973 1362 πλήν

324 1373 511 1421 Δελφῶν.
576 1370 608 1406 Ε
645 1380 718 1418 quo
754 1369 975 1418 intelligitur,

324 1428 532 1466 Phocenses
561 1425 631 1463 dici
657 1420 932 1476 εἷποδασμίους
951 1425 974 1461 i.

325 1495 358 1524 e.
386 1498 410 1522 ιι
428 1484 572 1533 reliquis
596 1481 727 1519 divisos
746 1487 783 1520 et
806 1481 972 1519 divulsos.

326 1541 426 1580 Nam
448 1535 681 1588 ᾰπόδασμος
707 1539 837 1576 dicitur
859 1539 976 1588 portio

328 1612 358 1635 s.
381 1610 468 1648 pars
502 1594 672 1647 quaedam
703 1608 726 1631 a
751 1595 976 1632 multitudine

328 1654 476 1700 avulsa,
514 1655 686 1690 monente
714 1651 973 1699 wesselingio.

329 1711 425 1748 Add.
444 1708 651 1757 Thucydid.
676 1705 715 1756 I,
741 1710 796 1754 1⁴2
823 1711 860 1745 et
878 1707 973 1745 conf.

328 1767 422 1805 infra
439 1765 493 1812 11,
516 1765 607 1806 103.

384 1821 453 1862 καὶ
465 1817 607 1873 Ἀρκάδ
611 1834 648 1866 ες
660 1817 876 1873 Πελασγοὶ]
887 1819 977 1857 Per-

329 1879 422 1917 tinet
445 1878 517 1916 hoc
543 1890 608 1925 eo,
637 1877 737 1926 quod
756 1890 800 1914 ex
817 1882 978 1914 veterum

330 1934 557 1985 quorundam
603 1933 782 1971 sententia
818 1931 979 1980 Pelasgi,

330 1995 458 2041 utpote
476 1990 648 2038 indigena
669 1989 846 2026 Graeciae
872 2000 978 2037 gens,

331 2046 438 2098 primi
454 2045 634 2083 tenuerint
658 2042 850 2081 Arcadiam
874 2044 979 2080 inde-

332 2115 404 2151 que
423 2101 599 2138 Arcadica
616 2100 727 2150 stirps
747 2100 817 2136 dici
831 2102 975 2147 queant.

334 2157 442 2194 Conf.
458 2156 617 2193 Pausan.
635 2154 742 2202 VIII,
771 2157 793 2196 1
825 2154 861 2205 ἓ.
885 2158 912 2196 2
942 2158 979 2192 et

332 2212 559 2263 potissimum
568 2211 757 2261 Ephorum
766 2211 864 2262 apud
871 2211 974 2247 Stra-

333 2269 419 2306 bon.
437 2267 471 2305 V
499 2281 535 2318 p.
560 2269 665 2314 337,
695 2267 756 2303 ubi
781 2267 854 2303 rid.
881 2279 977 2316 quae

334 2324 404 2361 alia
414 2324 553 2360 addidit
574 2322 691 2360 Marx.
712 2323 749 2359 in
767 2325 976 2371 fragmentt.

333 2379 474 2431 Ephori
500 2391 585 2429 pag.
611 2379 689 2419 157
711 2392 788 2428 seq.
840 2379 979 2416 Nostro

335 2435 412 2473 loco
441 2448 526 2471 usus
553 2439 609 2472 est
634 2435 979 2481 RaouI-Rochette,

336 2504 409 2541 quo
417 2491 595 2539 Pelasgos
610 2503 683 2527 non
691 2491 879 2528 barbaram
890 2504 980 2540 gen-

335 2551 431 2594 tem,
461 2547 526 2584 sed
548 2546 782 2597 primigenios
803 2547 980 2585 Graeciae

336 2602 474 2641 incolas
505 2615 586 2640 esse
602 2603 794 2652 probaret3
818 2604 889 2640 vid.
911 2603 981 2640 Hi-

337 2659 449 2696 stoire
489 2658 534 2695 de
567 2658 772 2695 l'Etabliss.
798 2660 832 2696 d.
863 2658 979 2697 colon.

338 2715 472 2764 Grecq.
491 2713 508 2750 I
532 2727 617 2764 pag.
645 2714 724 2754 137
745 2728 848 2764 seqq.
878 2715 982 2763 142,

338 2770 395 2808 cui
413 2769 498 2808 add.
521 2770 643 2807 Kruse
660 2768 785 2807 Hellas
805 2771 819 2806 I
839 2785 876 2820 p.
898 2771 981 2814 424

339 2825 419 2864 coll.
442 2825 526 2867 462
541 2853 552 2873 ,
581 2826 761 2863 Herodoti
787 2827 936 2865 effatum
959 2840 981 2865 a

338 2894 426 2920 vero
443 2894 517 2919 non
541 2881 735 2919 abhorrere
753 2887 982 2931 statuentem,

339 2938 450 2977 modo
475 2942 617 2990 partem
641 2942 780 2976 tantum
806 2937 984 2978 Arcadiae

1041 862 1126 900 olim
1151 873 1175 900 a
1193 862 1360 913 Pelasgis
1388 866 1599 915 occupatam
1632 861 1689 898 di-

1039 921 1156 966 xeris,
1204 932 1283 956 cum
1320 920 1495 969 reliquam
1535 931 1689 968 eamque

1040 976 1215 1012 maiorem
1233 976 1392 1024 regionis
1420 980 1561 1025 partem
1580 975 1649 1012 alia
1667 986 1689 1011 a

1039 1031 1205 1080 Pelasgis
1230 1032 1373 1069 diversa
1406 1043 1497 1080 gens
1525 1030 1690 1079 primitus

1039 1088 1197 1125 tenuerit
1242 1087 1426 1136 indigena.
1507 1086 1690 1124 Dorienses

1039 1144 1259 1194 Epidaurios
1273 1144 1474 1181 nonDores
1496 1143 1565 1181 sed
1581 1143 1690 1180 Iones

1037 1201 1152 1253 fuisse
1171 1199 1359 1250 Epidauro
1384 1199 1509 1250 pulsos
1536 1211 1558 1236 a
1581 1197 1691 1237 Dori-

1039 1257 1108 1294 bus
1135 1256 1421 1304 ingredientibus
1448 1254 1575 1293 volunt
1603 1254 1690 1292 Cla-

1039 1313 1159 1350 vierus
1182 1319 1291 1362 atque
1308 1311 1641 1350 Raoul-Rochette
1666 1310 1689 1348 l.

1040 1368 1064 1406 l.
1084 1369 1135 1406 111
1160 1382 1196 1419 p.
1218 1372 1271 1409 76
1299 1373 1505 1418 testemque
1536 1368 1693 1405 afferunt

1040 1424 1258 1463 Pausaniam
1278 1424 1332 1472 II,
1352 1427 1417 1466 26.
1447 1424 1538 1471 VII,
1559 1428 1597 1466 2.

1099 1476 1178 1520 οἷπό
1217 1483 1289 1520 τοῦ
1325 1481 1572 1532 πρυτανηΐου
1619 1482 1693 1519 τοῦ

1035 1533 1266 1588 Ἀθηναίων
1285 1534 1554 1588 ὁρμηθέντες]
1592 1536 1693 1574 Satis

1041 1598 1186 1632 constat
1203 1594 1250 1631 de
1271 1605 1373 1632 more
1388 1597 1551 1632 veterum
1569 1593 1607 1630 in
1630 1605 1692 1630 co-
1757 1613 1759 1628 <¹

1038 1649 1146 1687 Ioniis
1175 1650 1410 1687 deducendis,
1464 1648 1562 1687 Nam
1589 1661 1694 1687 sacra

1043 1719 1088 1745 ex
1121 1706 1315 1757 metropoli
1354 1719 1477 1744 secum
1513 1705 1695 1743 ducebant
1754 1698 1756 1715 ³

1044 1763 1163 1800 coloni
1179 1762 1379 1812 ignemque
1402 1775 1544 1800 sacrum
1565 1774 1609 1799 ex
1625 1773 1694 1812 pa·
1752 1771 1753 1775 ’

1042 1819 1135 1857 triae
1161 1818 1338 1869 penetrali
1375 1819 1630 1869 depromptum
1656 1821 1694 1856 et
1750 1853 1751 1858 ,

1044 1887 1246 1912 accensum.
1295 1874 1394 1912 Nam
1410 1875 1446 1910 in
1464 1879 1641 1924 prytaneo
1661 1887 1692 1911 s,
1748 1899 1749 1902 =

1045 1931 1143 1968 curia
1169 1930 1450 1979 uniuscuiusque
1467 1930 1566 1966 urbis
1597 1930 1693 1979 ignis
1746 1935 1747 1939 ’

1045 1986 1257 2024 servabatur
1289 1990 1490 2036 perpetuus
1519 1999 1587 2024 nec
1621 1999 1691 2023 un-
1744 2004 1746 2034 ξ

1045 2055 1155 2092 quam
1195 2041 1504 2091 exstinguendus,
1556 2042 1692 2080 Vestae

1045 2103 1286 2136 consecratus.
1343 2097 1400 2134 Ex
1423 2110 1466 2135 eo
1495 2097 1614 2135 coloni
1632 2110 1692 2136 ac-
1740 2103 1742 2132 ἕ

1044 2167 1194 2193 censum
1226 2154 1349 2204 ignem
1384 2154 1630 2205 adportabant
1652 2154 1691 2191 in
1739 2157 1741 2163 ’

1039 2212 1165 2248 urbem
1203 2209 1441 2248 condendam.
1504 2210 1695 2248 sufficient
1736 2219 1739 2227 ¹

1042 2267 1154 2314 haec,
1186 2267 1334 2317 opinor,
1372 2267 1421 2304 ad
1437 2266 1617 2305 Herodoti
1638 2265 1694 2303 lo-
1734 2267 1737 2311 j

1044 2336 1125 2361 cum
1144 2322 1438 2371 intelligendum,
1461 2323 1523 2372 qui
1541 2322 1597 2360 his
1611 2335 1692 2361 ver-
1732 2369 1733 2372 Ἴ

1046 2380 1101 2416 bis
1123 2379 1295 2428 designat
1320 2379 1560 2417 Athenienses
1584 2391 1691 2417 veros
1732 2391 1733 2395 ¹

1044 2436 1067 2472 i.
1087 2449 1120 2473 e.
1151 2448 1236 2482 εοε,
1265 2435 1432 2484 quivere
1457 2436 1507 2472 ad
1529 2433 1691 2473 Athena·
1728 2439 1731 2472 ἶ

1045 2504 1124 2528 rum
1160 2491 1341 2528 civitatem
1379 2491 1619 2541 pertinuerint
1654 2496 1692 2529 et

1047 2548 1191 2585 civitate
1218 2546 1339 2584 Attica
1369 2547 1426 2584 usi
1448 2547 1599 2595 fuerint,
1628 2547 1692 2597 qui
1724 2593 1725 2596 Ἰ

1045 2617 1114 2654 pro
1132 2616 1233 2642 more
1260 2603 1482 2651 colonorum,
1513 2616 1595 2641 cum
1625 2615 1694 2654 pa-
1722 2631 1724 2660 ἶ

1047 2659 1153 2696 triam
1181 2664 1315 2697 terram
1340 2660 1586 2710 relinquerent
1610 2672 1693 2697 cum

1046 2714 1194 2752 Ionibus
1219 2716 1257 2752 in
1286 2714 1413 2753 Asiam
1443 2716 1692 2762 transvectari,
1719 2735 1721 2743 ν

1047 2771 1170 2820 ignem
1191 2784 1330 2808 sacrum
1356 2785 1401 2809 ex
1423 2775 1602 2823 prytaneo
1630 2784 1692 2808 ac-

1048 2828 1235 2866 cenderint
1257 2833 1294 2865 et
1313 2841 1434 2865 secum
1453 2827 1613 2865 tulerint.
1631 2827 1690 2864 Cf.
1714 2856 1716 2864 ι

1047 2896 1156 2933 quem
1193 2883 1417 2933 VVesseling.
1442 2884 1514 2922 iam
1533 2882 1715 2928 laudavit:

1046 2940 1151 2989 (nam
1174 2940 1280 2992 plura
1300 2941 1338 2978 in
1363 2952 1404 2979 re
1429 2940 1519 2978 satis
1547 2938 1713 2989 cognita-¹
