1759 3324
324 259 410 300 644

719 252 1193 296 HERODOTI

326 382 372 411 τε
404 364 552 423 Θήβας
580 366 653 410 καὶ
691 365 771 422 τήν
814 366 1002 420 Μοίριος
1043 365 1200 421 λίμνην
1236 361 1477 413 οἰκέοντες,
1521 361 1596 404 καὶ

298 446 472 502 Ξκάρτα
500 445 682 502 ἥγηνται
713 443 873 496 αὐτοὺς
914 442 1027 488 εἶναι
1058 441 1191 499 ἱρούς.
1251 442 1297 486 ἐκ
1334 439 1510 484 πάντων
1549 438 1596 483 δὲ

328 526 407 571 ἕνα
445 524 643 581 ἑκάτεροι
680 524 895 581 τρέφουσι
931 522 1243 580 κροκόδειλον,
1284 518 1596 576 δεδιδαγμένον

274 779 342 817 pro
360 766 466 815 signo
487 762 658 815 ποτίμου
668 759 816 809 ὕδατος
834 762 930 811 (Eu-

275 824 351 860 seb.
370 823 412 859 P.
436 822 479 858 E.
498 821 572 868 ΙΙΙ,
603 823 666 861 11.
705 819 820 856 Clem.
844 819 930 856 Ale-

275 879 401 916 xandr.
413 878 548 914 Strom.
560 877 593 913 V
613 890 649 927 p.
664 878 746 917 632
759 875 838 913 coll.
853 875 931 912 Lu-

275 936 367 973 cian.
400 934 453 971 Ill
478 947 516 985 p.
544 935 610 974 78.
633 932 714 974 425
743 933 801 969 ed.
825 931 930 982 Bip.)

275 992 372 1029 Hinc
390 991 453 1040 qui
472 1003 590 1041 nuper
609 990 646 1025 in
665 989 932 1038 Aegyptiarum

275 1062 396 1086 rerum
413 1047 574 1084 indolem
594 1047 859 1095 inquisiverunt
878 1045 933 1080 vi-

275 1105 306 1142 ri
326 1105 445 1151 docti,
483 1104 529 1141 ab
557 1116 682 1141 earum
709 1103 852 1139 urbium
877 1101 934 1137 in-

277 1162 364 1199 colis
391 1159 612 1198 crocodilum
638 1159 834 1210 praecipue
859 1156 934 1194 cul-

277 1222 354 1256 tum
369 1218 480 1255 fuisse
500 1216 742 1267 suspicantur,
773 1215 835 1264 qui
854 1214 934 1251 lon-

277 1276 381 1324 giore
417 1273 604 1323 aliquanto
639 1271 828 1310 intervallo
870 1271 935 1307 abs

278 1331 353 1370 Nili
370 1330 448 1381 ripa
467 1331 656 1376 distarent,
675 1328 853 1367 eiusmodi
870 1327 938 1364 ho·-

277 1388 434 1427 minibus
474 1385 676 1424 crocodilos
713 1386 935 1422 adnatantes

278 1443 517 1496 praenuntios
540 1443 653 1480 fuisse
673 1443 854 1479 undarum
876 1453 936 1478 sa-

278 1501 454 1548 lubrium,
484 1500 616 1549 quibus
642 1503 678 1536 et
699 1499 793 1536 sitim
823 1497 937 1548 pelle-

278 1562 374 1605 rent,
405 1561 442 1595 et
460 1569 546 1593 arva
560 1556 763 1604 irrigarent.
786 1554 827 1591 In
839 1554 937 1591 hisce

279 1614 484 1652 hominibus
505 1613 712 1650 censendos
741 1625 822 1649 esse
844 1615 937 1660 puto

281 1670 450 1709 Ombitas
470 1670 666 1719 superioris
684 1668 855 1718 Aegypti,
877 1667 940 1716 qui

281 1728 360 1766 eius
379 1726 648 1777 superstitionis
673 1725 781 1763 etiam
798 1736 938 1774 poenas

281 1784 382 1823 luere
406 1787 576 1821 tenentur
596 1783 846 1819 Romanorum
867 1781 937 1816 Sa-

282 1842 376 1879 tirae
406 1838 593 1888 (Iuvenal.
618 1839 727 1876 Satir.
756 1837 844 1885 XV,
882 1838 936 1878 28

283 1910 387 1947 seqq.
404 1897 529 1946 ibique
554 1896 712 1946 Ruperti
739 1894 816 1932 coll.
838 1894 938 1930 Cha-

284 1953 374 1992 brol.
391 1958 428 1992 et
457 1953 614 1990 Iomard.
638 1953 676 1989 in
697 1952 865 2001 descript.
890 1950 938 1988 de

283 2010 419 2059 l’Eg.I
439 2023 496 2060 cp.
516 2011 542 2050 4
559 2023 595 2059 p.
616 2010 641 2049 8
660 2021 761 2057 seqq.
774 2007 938 2055 antiqq.)

283 2065 338 2104 Ac
356 2068 503 2103 fuerunt
527 2079 594 2116 per
618 2064 829 2114 Aegyptum
858 2062 939 2112 plu-

284 2135 344 2159 res
363 2122 487 2169 urbes,
497 2122 628 2170 quibus
642 2134 663 2158 a
674 2120 860 2157 crocodilis
873 2132 942 2155 no-

285 2191 369 2216 men
386 2182 496 2215 esset.
526 2178 684 2214 Primam
707 2177 744 2212 in
760 2175 940 2224 Labyrin-

285 2235 350 2271 tho
379 2234 622 2271 describendo
653 2236 833 2270 memorat
860 2231 942 2269 No-

286 2295 362 2328 ster
381 2290 447 2338 (11,
467 2289 546 2330 148
566 2289 629 2325 ubi
645 2290 717 2325 vid.
737 2287 873 2324 Nutriti
891 2288 941 2323 ibi

286 2346 428 2399 publice
465 2346 502 2382 in
539 2345 688 2382 lacubus
728 2343 938 2391 crocodili).

288 2403 459 2441 Secunda
486 2401 559 2438 sita
593 2405 672 2438 erat
703 2400 741 2436 in
771 2400 941 2448 Aegypto

287 2459 408 2498 media
432 2457 616 2507 (Atripe),
636 2458 743 2494 tertia
768 2456 805 2492 in
836 2469 942 2506 supe-

287 2516 397 2562 riore,
419 2515 494 2552 sive
505 2514 539 2551 T
543 2514 695 2551 heba'ide
710 2512 941 2562 (Tuphuitn).

288 2573 414 2621 Atque
432 2572 468 2608 in
492 2571 596 2608 huius
623 2570 720 2606 urbis
751 2569 941 2605 ruderibus

291 2642 331 2667 se
351 2628 530 2678 reperisse
560 2628 670 2664 refert
695 2626 840 2662 Costaz.
869 2625 942 2661 duo

289 2684 490 2723 crocodilos
513 2684 551 2720 in
579 2683 702 2733 lapide
731 2681 942 2731 insculptos,

291 2754 445 2791 quorum
463 2739 554 2777 alter
575 2739 694 2789 capite
711 2738 860 2775 falconis
887 2738 943 2774 in-

293 2798 409 2847 signis
435 2801 534 2835 esset
561 2795 707 2843 (deser.
730 2795 777 2831 de
802 2794 898 2842 l’Eg.
924 2794 941 2831 I

292 2866 372 2903 cap.
391 2854 415 2893 8
434 2866 520 2903 pag.
541 2855 591 2893 17
618 2852 797 2900 antiqq.);
839 2851 942 2899 quod

293 2909 496 2958 symbolum
514 2909 563 2946 ad
583 2908 681 2958 ipsas
706 2908 770 2945 has
795 2906 941 2956 religio-

996 776 1062 801 nes
1081 768 1248 815 spectare
1267 774 1375 801 nemo
1386 762 1558 811 ambiget.
1588 760 1656 799 At-

999 834 1071 869 que
1090 825 1130 857 ut
1148 822 1184 856 in
1204 819 1400 857 Thebaicis
1412 819 1556 869 templis
1570 831 1655 869 spe—

999 876 1160 926 laeisque
1189 877 1469 925 frequentantur
1492 876 1657 911 crocodi-

997 933 1113 970 lorum
1131 934 1326 981 imagines:
1352 933 1402 969 sic
1419 932 1576 968 dubitari
1591 944 1658 969 ne-

1000 991 1079 1039 quit
1101 1003 1181 1027 eam
1208 1002 1284 1026 rem
1305 1002 1371 1039 per
1395 990 1513 1025 varias
1533 986 1658 1038 Aegy-

1000 1048 1054 1097 pti
1089 1047 1221 1083 veteris
1251 1045 1453 1096 provincias
1484 1044 1658 1082 latissime

1000 1104 1183 1154 patuisse⁷
1214 1104 1264 1139 ita
1282 1106 1428 1149 tamen,
1459 1105 1499 1139 ut
1517 1102 1563 1138 ab
1588 1102 1657 1138 ini-

999 1161 1052 1197 tio
1077 1159 1329 1196 tautummodo
1361 1158 1484 1196 localis
1521 1159 1552 1195 is
1584 1158 1660 1195 cul-

1004 1220 1064 1253 tus
1084 1216 1226 1253 belluae
1248 1219 1344 1253 esset
1367 1219 1478 1264 atque
1502 1215 1660 1253 fortasse

1004 1273 1161 1310 solorum
1188 1273 1420 1322 piscatorum.
1479 1271 1661 1309 Paulatim

1004 1334 1127 1367 tamen
1145 1330 1256 1367 etiam
1276 1329 1365 1366 haec
1381 1341 1440 1366 res
1459 1341 1539 1365 cum
1561 1341 1662 1366 eom-

1003 1387 1172 1424 munibus
1196 1386 1302 1423 Isidis
1324 1389 1360 1423 et
1377 1385 1531 1422 Osiridis
1549 1385 1660 1422 sacris

1004 1444 1276 1493 quodammodo
1298 1440 1476 1479 coaluisse
1504 1442 1661 1480 videtur.

1004 1500 1055 1538 Ni
1079 1499 1204 1547 fallor,
1241 1502 1457 1548 argumento
1492 1502 1549 1536 est
1579 1499 1661 1550 ipse

1004 1556 1132 1594 Nostri
1155 1556 1254 1593 locus
1280 1555 1372 1592 alter
1393 1554 1443 1602 Il,
1470 1557 1569 1601 1483
1598 1555 1662 1593 ubi

1003 1613 1040 1649 in
1059 1614 1137 1662 ipso
1154 1612 1380 1660 Labjrintho
1402 1611 1508 1648 loculi
1524 1625 1664 1650 memo-

1003 1674 1130 1706 rantur
1147 1669 1257 1720 positi
1285 1680 1468 1705 sacrorum
1497 1669 1664 1706 crocodi-

1003 1726 1130 1762 lorum.
1174 1725 1414 1763 Luculentior
1444 1726 1550 1762 etiam
1577 1738 1665 1762 nar-

1002 1782 1096 1819 ratio
1118 1781 1298 1819 Plutarchi
1325 1782 1372 1819 de
1399 1782 1483 1819 Isid.
1513 1787 1550 1820 et
1577 1782 1664 1819 Osi-

1003 1839 1070 1875 rid.
1113 1852 1197 1888 pag.
1239 1838 1323 1880 358
1367 1852 1397 1876 S.
1435 1837 1518 1879 467
1555 1838 1665 1887 Wyt-

1004 1896 1132 1934 tenb.“
1151 1916 1207 1923 —

1064 1948 1346 2003 δεδιδαγμένον
1375 1946 1478 1990 εἶναι
1504 1945 1665 2002 χειροή-

1005 2007 1099 2058 θεα]
1133 2009 1243 2052 Quod
1263 2009 1336 2045 duo
1357 2007 1442 2045 olim
1461 2010 1666 2045 statuerunt

1007 2065 1269 2102 crocodilorum
1288 2065 1527 2101 Niloticorum
1549 2077 1666 2113 gene-

1006 2135 1067 2168 ra,
1108 2121 1261 2159 alterum
1283 2121 1402 2158 mitius
1432 2125 1468 2158 et
1496 2133 1667 2158 mansue-

1007 2179 1080 2214 tius
1093 2206 1103 2224 ,
1134 2178 1233 2226 quod
1252 2177 1357 2214 facile
1377 2177 1518 2214 domari
1545 2177 1667 2227 possit

1008 2233 1175 2279 (Zuchos
1195 2247 1222 2270 s.
1239 2233 1376 2269 Suebos
1394 2237 1545 2278 vocant;
1567 2234 1666 2270 conf.

1009 2291 1133 2326 Sti-ab.
1166 2289 1271 2326 XVII
1305 2302 1391 2339 pag.
1436 2290 1543 2331 1165
1578 2290 1668 2339 ibiq.

1010 2345 1213 2383 Tzschuck.
1234 2358 1318 2395 pag.
1341 2345 1473 2393 580),
1512 2345 1667 2384 alterum

1008 2402 1119 2439 serius
1155 2406 1265 2451 atque
1291 2402 1479 2439 vcrudelius
1514 2415 1668 2452 eamque

1010 2458 1058 2494 ob
1075 2470 1221 2494 causam
1238 2458 1410 2508 Typhoni
1429 2471 1580 2506 sacrum,
1597 2459 1668 2496 hoc

1009 2513 1140 2551 falsum
1170 2527 1251 2551 esse
1279 2515 1448 2564 probavit
1467 2515 1609 2553 Cuvier.
1628 2515 1668 2552 in

1009 2568 1152 2606 Annall.
1175 2571 1225 2607 du
1249 2570 1344 2608 Mus.
1375 2571 1506 2608 d'hist.
1533 2575 1609 2608 nat.
1631 2569 1668 2608 X

1010 2639 1045 2676 p.
1069 2627 1122 2667 43
1148 2639 1251 2676 seqq.
1300 2627 1397 2664 Add.
1425 2627 1668 2665 Tiedemann.

1011 2682 1034 2720 l.
1064 2682 1086 2719 l.
1112 2696 1195 2731 pag.
1227 2686 1282 2725 72
1323 2688 1360 2722 et
1393 2683 1565 2720 Minutoli
1595 2683 1618 2720 l.
1643 2683 1668 2721 l.

1009 2752 1046 2789 p.
1076 2741 1155 2779 164
1167 2768 1178 2786 ,
1210 2740 1273 2776 ubi
1292 2744 1459 2778 narratur
1477 2741 1526 2778 de
1542 2752 1669 2777 croco-

1010 2795 1084 2831 dilo
1104 2800 1178 2832 tam
1197 2796 1328 2842 cicure‚
1348 2801 1389 2833 ut
1404 2801 1557 2844 tangere
1569 2795 1668 2833 illum

1009 2864 1212 2900 manusque
1234 2852 1398 2890 eiusdem
1414 2853 1577 2890 faucibus
1589 2852 1667 2890 sine

1008 2907 1078 2944 ullo
1096 2908 1256 2958 periculo
1276 2911 1471 2948 admovere
1489 2908 1639 2946 licuerit.

1743 2842 1746 2880 ὃ
