1759 3324
509 266 931 306 EUTERPE.
991 268 1037 306 11.

1327 272 1411 313 577

148 384 203 438 τῇ
244 379 345 424 πόλι
379 373 646 432 Ἀτάρβηχις·
706 375 754 418 ἐν
792 372 835 418 δ’
878 373 989 433 αὐτῇ
1024 375 1282 435 Ἀφροδίτης
1311 379 1411 435 ἷρόν

120 467 140 500 8
152 458 280 515 ἅγιον
322 458 504 508 ἵδρυται.

143 535 296 587 πολλοὶ
326 532 450 576 ἄλλοι
487 531 530 583 ἐς
570 531 704 584 ἄλλας
739 532 885 584 πόλις·

569 453 615 497 ἐκ
658 453 817 511 ταύτης
856 458 932 512 τῆς
969 453 1120 507 πόλιος
1147 457 1408 501 πλανέονται

944 531 1236 589 ἀνορύξαντες
1273 535 1319 580 δὲ
1348 535 1400 580 τὰ
1416 544 1460 578 10

145 613 293 665 ὀστέα,
323 610 542 668 ἀπάγουσι
570 613 645 656 καὶ
672 611 893 656 θάπτουσι
931 613 975 665 ἐς
1008 613 1086 657 ἕνα
1113 618 1261 670 χῶρον
1287 614 1401 659 πάν-

112 700 226 743 9τες.
273 691 383 735 κατὰ
409 688 547 734 ταύτὰ
576 691 622 735 δὲ
656 696 769 736 τοῖσι
799 692 930 749 βουσὶ
969 693 1045 736 καὶ
1077 692 1212 737 τᾶλλα
1246 692 1403 751 κτήνεα

138 770 360 815 θάπτουσι
393 767 732 827 ἀποθνήσκοντα
746 783 756 794 ·

804 772 875 816 καὶ
905 771 989 828 γὰρ
1020 773 1120 827 περὶ
1149 776 1288 817 ταῦτα
1318 773 1399 817 οὕ-

137 866 197 893 τω
229 860 308 906 σφι
337 850 698 906 νενομοθέτηται·
728 852 945 895 κτείνουσι
973 850 1056 907 γὰρ
1089 851 1142 908 δή
1167 850 1271 897 οὐδὲ
1289 856 1398 897 ταῦ-

15 929 80 974 42
137 945 202 972 τα.
247 928 376 972 ’Ὀσοι
405 928 483 985 μὲν
513 928 565 986 δὴ
592 928 702 981 Διὸς
733 930 946 986 Θηβαιέος
981 932 1183 986 ἵδρυνται
1212 931 1334 989 ἱρὸν,
1370 932 1400 989 ἢ

132 1107 370 1164 Ἀφροδίτης
389 1110 479 1164 ἱρόν
497 1109 611 1166 ἅγιον
623 1112 731 1165 ’ἴδρψ

77 1172 165 1216 ται]
204 1171 369 1208 Vidimus
400 1170 511 1207 modo
549 1170 731 1209 Venerem

76 1225 270 1277 Aegyptiis
295 1230 460 1264 vocatam
485 1226 598 1264 fuisse
619 1227 731 1264 Atlaor

77 1283 100 1320 i.
122 1296 153 1320 e.
167 1287 323 1330 noctem,
341 1296 434 1332 quae
449 1284 622 1330 omnium,
635 1296 729 1334 quae

74 1339 113 1376 in
130 1352 249 1376 rerum
263 1344 392 1376 natura
409 1344 503 1387 sunt,
518 1352 651 1390 parens
672 1344 728 1378 est

75 1407 119 1433 ac
137 1395 302 1444 genitrix.
332 1395 503 1445 Namque
518 1408 590 1432 nox
612 1397 728 1433 omni-

73 1463 134 1488 um
152 1465 271 1490 rerum
288 1452 426 1489 semina
450 1456 487 1489 et
513 1452 613 1489 initia
633 1453 668 1489 in
688 1466 727 1491 se

74 1508 260 1547 continere
269 1512 428 1559 putatur,
444 1512 484 1545 ut
501 1507 586 1546 inde
605 1510 727 1546 omnia

72 1566 290 1616 proveniant
322 1569 433 1615 atque
456 1564 635 1614 originem
666 1578 727 1602 ca-

72 1622 186 1672 piant.
226 1622 349 1665 Quare
373 1627 410 1659 et
435 1622 502 1658 bos
528 1620 575 1658 illi
599 1635 727 1659 eonse-

72 1682 189 1715 cratus
210 1683 246 1716 et
263 1677 321 1715 ille
337 1678 485 1725 mensis,
511 1691 583 1727 quo
611 1678 726 1715 Osiris

71 1735 224 1784 periisse
244 1734 384 1782 dicitur,
411 1734 517 1772 Nilus
535 1735 669 1772 recedit
689 1738 727 1772 et

69 1794 168 1828 terra
186 1791 366 1837 nudatur,
406 1803 478 1827 nox
501 1791 646 1839 longior
672 1791 725 1838 fit,

70 1847 243 1885 tenebrae
254 1851 419 1886 crescunt
435 1847 596 1896 lucisque
613 1860 722 1897 supe-

70 1906 169 1939 ratur
196 1916 239 1941 ac
261 1903 417 1941 tabescit
434 1903 510 1951 vis,
540 1908 579 1940 ut
599 1904 724 1941 scribit

69 1958 249 1997 Plutarch.
283 1960 329 1997 de
366 1959 464 1998 Iside
505 1964 542 1998 et
575 1960 722 1997 Osiride

69 2027 154 2066 pag.
179 2018 262 2058 366
284 2029 311 2052 S.
339 2015 417 2058 501
449 2016 565 2066 Wytt.
606 2016 723 2064 „Erat

69 2084 114 2109 ea
135 2073 204 2109 dea
223 2072 418 2110 Atarbechi
440 2073 507 2110 coli
526 2072 633 2110 solita
656 2085 719 2110 ea-

69 2127 165 2176 dem,
194 2141 289 2177 quae
305 2129 342 2165 in
358 2129 645 2167 Dodonaeorum
663 2143 721 2168 re·-

66 2182 261 2233 ligionibus
294 2185 446 2224 Veneris
481 2186 620 2223 Diones
652 2199 722 2223 no-

67 2241 165 2279 mine
191 2241 451 2280 celebrabatur.
499 2242 632 2292 Arguit
658 2256 720 2280 co-

67 2296 210 2335 lumbae
228 2298 429 2347 symbolum
447 2299 493 2336 ab
512 2312 556 2337 ea
581 2300 719 2348 gestari

67 2353 216 2401 solitae,
244 2359 401 2404 arguunt
421 2355 513 2403 alia,
539 2368 633 2405 quae
655 2368 717 2394 ex-

64 2421 203 2460 ponere
213 2409 360 2460 longum
371 2416 437 2449 est.
465 2411 524 2449 Ad
535 2413 611 2449 eius
624 2412 717 2450 deae

67 2477 205 2503 sacram
223 2466 374 2505 insulam
392 2481 436 2506 ex
455 2469 625 2506 universa
644 2467 719 2507 Ae·

67 2524 181 2571 gypto
207 2521 315 2560 boum
339 2524 578 2562 masculorum
605 2526 717 2563 deve-

65 2575 247 2615 hebantur
264 2591 367 2617 ossa:
397 2581 580 2619 hominum
593 2581 718 2631 Aegy-

65 2631 224 2681 ptiorum
243 2636 418 2674 cadavera
445 2638 718 2676 devehebantur

65 2685 265 2739 Memphim
278 2690 314 2728 h.
335 2705 366 2730 e.
381 2694 419 2729 in
437 2698 582 2745 portum
601 2695 719 2731 bono-

64 2755 156 2791 rum,
186 2745 260 2783 sive
277 2745 460 2798 Abydum,
488 2750 642 2788 vicinam
662 2751 718 2788 in-

66 2798 166 2837 sulae
181 2799 374 2842 Beatorum
383 2834 395 2853 ,
432 2810 493 2843 aut
507 2806 716 2845 Busiridem

63 2855 186 2892 medio
201 2856 237 2893 in
257 2856 386 2908 Delta,
415 2862 558 2911 alioque
572 2864 633 2900 ubi
645 2863 716 2901 Ni-

63 2909 137 2947 lum
149 2910 406 2953 traiicientibus
416 2919 630 2957 coemeteria
648 2932 717 2970 pa-

108 2966 321 3007 Hnnonor.
354 2971 383 3009 Ι.

800 1114 939 1152 tebant.
970 1114 1083 1164 Igitur
1102 1119 1266 1155 armenta
1290 1115 1398 1155 allicit
1416 1121 1453 1155 et

798 1172 930 1209 retinet
950 1172 1020 1209 dea
1046 1171 1185 1219 Athor,
1214 1173 1252 1209 in
1280 1186 1323 1210 eo
1346 1174 1453 1211 etiam

799 1227 920 1265 similis
951 1227 1083 1265 Veneri
1114 1227 1298 1266 Libitinae
1316 1229 1454 1267 Roma-

796 1296 946 1332 norum,
981 1296 1076 1333 quae
1097 1285 1303 1322 funebrium
1333 1298 1453 1323 rerum

794 1341 955 1377 omnium
982 1353 1132 1390 praeses
1161 1354 1204 1378 ex
1230 1340 1454 1379 Dodonaeo-

793 1408 872 1434 rum
901 1397 1065 1433 sacrariis
1094 1398 1131 1433 in
1145 1396 1293 1435 Latium
1321 1410 1451 1447 perve-

794 1453 858 1490 nit.
895 1453 988 1490 Eam
1017 1456 1138 1490 autern
1168 1452 1365 1491 Libitinam
1392 1454 1449 1491 fu-

794 1510 897 1558 giunt
915 1510 1038 1559 quoad
1058 1514 1213 1559 possunt
1229 1522 1375 1558 omnes,
1411 1515 1449 1548 et

794 1567 874 1603 dira
900 1579 974 1602 non
1004 1566 1122 1603 minus
1153 1565 1307 1604 habetur
1339 1579 1450 1616 quam

793 1621 1035 1672 Proserpina,
1075 1634 1170 1672 quae
1193 1622 1373 1671 quidquid
1400 1623 1450 1660 ad

793 1690 873 1716 eam
884 1679 1100 1728 pervenerit,
1117 1679 1286 1716 retinet.“
1315 1679 1450 1717 Creuz.

792 1734 829 1771 in
851 1735 992 1771 Comm.
1012 1735 1101 1772 Her.
1125 1747 1212 1785 pag.
1235 1736 1326 1776 118.
1354 1737 1447 1776 119·

792 1789 900 1828 Adde
919 1791 1033 1828 eiusd.
1053 1790 1216 1840 Symbol.
1236 1790 1287 1828 lV
1303 1803 1342 1842 p.
1365 1794 1449 1834 232

794 1860 898 1897 seqq.
918 1847 932 1884 I
949 1860 985 1898 p.
1005 1848 1098 1889 521.

847 1901 960 1942 ἄλλοι
992 1902 1032 1949 ἐς
1063 1900 1181 1949 ἄλλας
1213 1898 1350 1955 πόλις]
1384 1904 1446 1942 De

788 1961 904 1997 forma
932 1955 1068 2009 πόλις,
1099 1973 1208 2010 quam
1231 1961 1356 2010 optimi
1388 1961 1446 1998 hic

787 2016 1035 2064 tuenturlibri,
1050 2018 1146 2054 conf.
1158 2016 1288 2054 Matth.
1298 2030 1334 2067 p.
1351 2018 1444 2058 180.

788 2095 844 2100 —-
862 2073 904 2110 In
924 2086 1025 2122 seqq.
1043 2086 1111 2124 pro
1132 2069 1278 2119 πάντες
1288 2074 1443 2110 Gesner.

787 2130 824 2167 in
840 2128 1044 2167 Chrestom‘.
1068 2130 1200 2168 Graec.
1225 2142 1263 2180 p.
1283 2133 1339 2171 22
1367 2141 1447 2166 ma-

787 2185 852 2224 luit
872 2181 1017 2234 πάντα,
1045 2187 1227 2237 probante
1244 2184 1446 2223 Larcher0.

983 2271 1015 2309 C
1026 2283 1048 2308 a
1057 2283 1094 2321 p.
1129 2269 1246 2308 XLII.

841 2350 928 2395 ’ὅσοι
950 2352 1023 2407 μὲν
1045 2351 1096 2406 δή
1122 2350 1222 2402 Διὸς
1249 2350 1446 2405 Θηβαιέος

785 2410 965 2462 ἵδρυνται
984 2408 1091 2464 ἱρὸν]
1122 2410 1263 2449 Mavult
1287 2410 1446 2448 Valcke-

785 2481 863 2506 nar.
894 2469 1019 2506 scribi:
1058 2464 1193 2514 ὅσοις
1221 2464 1294 2518 μὲν
1321 2463 1372 2518 δή
1396 2469 1444 2504 Δ.

787 2526 831 2564 Θ.
851 2525 1021 2577 ἵδρυται
1041 2519 1138 2576 ἷρόν.
1160 2524 1239 2562 Sed
1256 2525 1352 2562 bene
1364 2536 1445 2560 mo-

784 2581 864 2619 nuit
892 2582 1097 2631 Schweigh.
1132 2579 1317 2630 vulgatam
1345 2579 1444 2616 haud

784 2637 1047 2676 sollicitandam
1071 2651 1171 2684 esse,
1201 2649 1280 2674 cum
1307 2635 1444 2687 ἵδρυν-

784 2709 850 2733 ται
866 2693 964 2732 idem
983 2695 1060 2732 fere
1085 2694 1133 2731 sit
1154 2696 1266 2742 atque
1286 2689 1442 2743 ἱδρυμέ-

784 2765 857 2790 νον
881 2750 1011 2802 ἔχουσι
1023 2765 1052 2788 s.
1072 2744 1261 2802 ἱδρύκασι
1273 2747 1443 2795 ἑαυτοῖς,

784 2812 863 2855 aut,
902 2808 1003 2856 quod
1029 2807 1124 2844 infra
1149 2805 1204 2854 II,
1229 2805 1285 2846 44
1310 2809 1442 2850 exstat,

785 2859 1043 2915 ἴδρυσεὶμενοι
1067 2862 1257 2913 ἔκτηνται.
1306 2861 1357 2897 Et
1381 2873 1442 2898 ea-

784 2920 869 2958 dem
888 2934 946 2959 res
965 2920 1137 2957 continuo
1149 2917 1350 2955 declaratur
1358 2928 1442 2954 ver-

1137 2974 1193 3014 37

1456 930 1512 959 Isis
1522 934 1552 959 et
1563 932 1728 968 nahtamat

1457 972 1488 994 et
1505 965 1657 1001 Bacchus,
1679 968 1728 996 nii
