1777 3324
10 692 109 737 177

516 262 937 302 EUTERPE.
996 263 1043 301 ΙΙ.

1320 269 1402 307 881

135 380 267 425 &mog
317 389 441 427 τερος
479 373 689 422 τοσοῦτος
728 372 804 415 καὶ
840 371 888 415 ἐν
917 371 1028 424 Σάϊ,
1070 373 1266 429 κείμενος
1293 375 1404 418 κατὰ

135 452 214 497 τόν
245 452 379 496 αὐτὸν
408 450 574 505 τρόπον
602 453 663 508 τῷ
706 450 754 493 ἐν
783 450 955 507 Μέμφι.
1010 455 1062 509 τῇ
1089 450 1170 496 Ἴσι
1200 469 1245 496 τε
1274 452 1324 497 τὸ
1356 454 1404 497 ἐν

136 531 293 586 Μέμφι
322 530 419 584 ἱρὸν
438 529 622 584 ’Ἀμασίς
651 529 740 574 ἐστι
766 529 790 574 ὁ
809 530 1169 589 ἐξοικοδομήσας,
1201 532 1277 576 ἐὰν
1293 531 1403 589 μέγα

133 626 178 653 τε
204 609 276 653 καὶ
307 606 683 665 ἀξιοθεητότατον.

131 766 316 824 μάλιστα
347 767 399 824 δή
430 767 524 812 τότε
558 767 894 826 εὐδαιμονῆσαι,
925 769 999 813 καὶ
1028 769 1080 814 τὰ
1106 767 1192 813 ἀπὸ
1214 774 1296 814 τοῦ
1316 787 1399 815 πο-

131 852 273 902 ταμοῦ
302 851 355 904 τῇ
395 846 514 905 χώρῃ
555 848 785 905 γινόμενα,
828 849 903 893 καὶ
941 848 995 893 τὰ
1032 848 1116 894 ἀπὸ
1147 854 1225 908 τῆς
1255 849 1399 907 χώρης

75 1055 229 1101 losse).“
272 1055 354 1092 Nec
376 1055 566 1093 convenire
587 1056 732 1094 videtur

77 1113 260 1149 Creuzero
280 1112 301 1148 l.
322 1111 344 1148 l.
378 1125 415 1161 p.
440 1113 519 1153 152
546 1126 626 1149 cum
652 1113 731 1150 He-

75 1168 218 1204 rodotei
249 1169 423 1206 sermonis
458 1169 731 1218 perspicuitate,

76 1225 178 1274 quod
198 1225 235 1260 in
258 1238 360 1274 seqq.
386 1225 434 1261 ad
452 1238 577 1262 vocem
602 1224 732 1276 ἕτερος

75 1282 239 1318 additum
264 1281 465 1318 inveniatur
484 1282 641 1328 λίθινος
662 1282 731 1319 alia

74 1342 188 1387 atque
206 1338 243 1374 in
267 1338 565 1375 antecedentibus
593 1339 732 1387 signifi-

75 1395 228 1432 catione.
272 1394 401 1443 Itaque
419 1394 530 1431 Italus
550 1395 730 1446 interpres

74 1451 183 1502 plane
232 1451 352 1488 omisit
391 1464 516 1488 vocem
557 1452 728 1500 λίθινος,

74 1507 214 1556 reliqua
253 1509 302 1545 sic
338 1512 504 1545 vertens:
553 1510 729 1555 „Stanno

75 1565 147 1602 due
186 1563 316 1601 colossi
343 1565 380 1600 di
416 1565 535 1614 pietra
573 1566 731 1616 etiopica

74 1643 130 1648 -—
150 1641 206 1648 -
228 1622 271 1658 ve'
301 1621 334 1657 η’
357 1621 402 1657 lta
434 1621 542 1658 anche
563 1635 612 1659 un
637 1622 730 1659 altro

75 1678 115 1714 in
135 1678 218 1714 Sa'is
245 1679 339 1715 etc.“

131 1731 230 1772 κατὰ
251 1730 318 1772 τὸν
341 1728 464 1772 αὐτόν
482 1728 645 1784 τρόπον]
671 1735 731 1772 Cf.

75 1789 209 1828 Matth.
232 1791 297 1827 Gr.
322 1790 387 1826 Gr.
410 1803 495 1840 pag.
512 1792 631 1831 1153.
670 1791 730 1828 Ad

74 1847 225 1884 verbum
247 1845 529 1897 ἐξοικοδομεῖν
561 1848 597 1883 in
625 1860 729 1896 seqq.

76 1904 171 1940 conf.
198 1908 377 1951 cognatae
404 1904 561 1940 notionis
582 1905 732 1941 verbum

76 1959 278 2007 ἐκποιεῖν,
302 1960 349 1997 de
369 1972 441 2009 quo
464 1960 510 2007 ΙΙ,
532 1960 622 2002 125.
638 1962 730 2002 136.

78 2016 172 2058 175.

226 2071 257 2109 c
267 2085 288 2109 a
298 2086 334 2122 p.
369 2072 589 2110 chxvn.

131 2127 180 2167 ἐπ
201 2123 390 2180 Ἀμάσιος
414 2126 457 2168 δὲ
475 2152 529 2157 —-
548 2126 732 2181 εὔδαιμο-

77 2184 221 2235 νῆσαι]
259 2184 458 2237 βασιλέος
501 2200 581 2224 cum
612 2188 729 2224 Gaisf.

74 2242 242 2292 rescripsi
263 2256 329 2293 pro
355 2243 511 2293 βασιλῆ
524 2258 579 2290 ος.
621 2244 731 2281 Hanc

74 2310 159 2335 vero
172 2299 331 2349 Aegypti
349 2299 554 2337 felicitatem
575 2313 618 2337 ex
633 2314 731 2338 com-

77 2355 209 2391 mercio
246 2369 326 2392 cum
374 2357 504 2394 exteris
548 2358 731 2405 gentibus,

78 2411 177 2459 quod
208 2411 267 2448 illo
296 2416 463 2462 tempore
488 2413 627 2450 institui
646 2427 731 2452 coe-

76 2470 179 2516 ptum
195 2480 279 2504 mox
299 2469 405 2507 valde
423 2471 588 2517 creverit,
620 2483 729 2521 repe-

77 2523 226 2560 tendam
260 2530 382 2562 censet
417 2525 577 2564 Heeren.
614 2526 730 2565 Ideen

78 2577 139 2625 II,
167 2582 194 2620 2
220 2593 305 2630 pag.
333 2583 429 2623 390.
486 2582 568 2620 Nec
606 2587 730 2621 tamen

77 2633 166 2671 illud
197 2648 242 2673 ex
267 2637 451 2675 Herodoti
480 2639 598 2676 verbis
630 2639 729 2676 colli-

78 2701 182 2738 gam,
211 2705 305 2741 quae
340 2695 386 2731 ad
417 2694 558 2744 largum
582 2696 728 2744 frugum

77 2752 288 2795 proventum
320 2762 363 2787 ex
384 2750 459 2787 Nili
488 2752 729 2791 inundatione

79 2802 204 2838 maiori
221 2809 338 2841 ortum
349 2819 469 2855 neque
487 2809 535 2844 ad
551 2821 728 2846 commer-

79 2856 173 2894 cium
191 2859 406 2910 divitiasque
436 2864 521 2901 inde
538 2877 731 2915 compara-

79 2914 134 2949 tas
151 2919 326 2963 spectant.
353 2918 431 2956 Sed
443 2920 610 2968 graviora
630 2926 729 2970 sunt,

126 2967 334 3011 HnRoDoT.
365 2974 394 3012 Ι.

1453 829 1527 856 bens

1454 863 1581 897 singulis
1591 865 1677 891 annis
1687 866 1731 892 in-

1455 896 1576 933 dicare,
1593 897 1672 927 unde
1687 899 1732 927 vi-

245 686 338 731 'En'
373 685 576 744 Ἀμοὲσιος
618 689 664 732 δὲ
714 688 914 745 βασιλέος
966 690 1132 746 λέγεται
1177 691 1520 746 Α’ίγυπτοςΞΟΝῑὶῑ
1540 697 1571 722 et
1590 703 1732 731 agrorum

1458 729 1596 756 Amaside
1604 738 1734 765 regnan-

1457 765 1488 789 te
1505 763 1644 791 ubertas:
1656 773 1689 790 xx
1699 765 1733 792 M

1457 797 1593 824 urbium:
1609 797 1668 824 'lex
1687 798 1732 825 iu-

1584 838 1733 865 quemque

1453 934 1516 961 vat.

800 1068 895 1105 quae
913 1057 950 1094 in
972 1056 1006 1094 h.
1027 1057 1049 1095 l.
1082 1071 1149 1096 nos
1166 1062 1316 1106 tenent,
1348 1060 1377 1096 si
1396 1072 1456 1098 sa-

800 1126 880 1150 cros
908 1113 1124 1151 ludaeorum
1152 1115 1262 1153 libros
1287 1117 1456 1154 consula-

800 1182 892 1207 mus.
951 1170 1026 1207 Eos
1056 1172 1151 1208 enim
1181 1173 1211 1209 si
1246 1186 1454 1222 sequamur,

800 1239 844 1263 eo
867 1226 946 1276 ipso
972 1232 1158 1277 tempore,
1181 1242 1252 1277 quo
1277 1243 1453 1266 summam

799 1282 959 1332 Aegypti
980 1283 1188 1322 felicitatem
1200 1285 1338 1323 Noster
1347 1299 1455 1336 prae-

801 1339 897 1376 dicat
918 1367 929 1385 ‚
970 1339 1354 1379 Nabuchodonosorus
1380 1342 1456 1380 Ae-

800 1400 955 1445 gyptum
982 1398 1079 1447 cepit
1100 1398 1455 1449 ipsumqueApriem

799 1453 867 1498 (de
894 1466 966 1501 quo
987 1466 1095 1503 supra
1115 1454 1171 1501 ΙΙ,
1197 1457 1310 1505 169),
1341 1460 1380 1492 ut
1399 1456 1454 1492 vi-

799 1510 926 1557 detur,
955 1510 1109 1547 interfici
1124 1511 1238 1548 iussit.
1298 1512 1454 1550 Terram

797 1570 978 1603 vastatam
1024 1580 1066 1604 ac
1105 1568 1310 1616 desertam,
1358 1582 1453 1618 quae

797 1623 1042 1672 quadraginta
1077 1637 1144 1674 per
1169 1637 1285 1662 annos
1311 1625 1453 1662 inhabi-

798 1683 875 1715 tata
904 1679 1043 1727 iaceat,
1082 1685 1230 1728 gentem
1249 1681 1454 1731 Aegyptio-

797 1748 876 1772 rum
897 1736 934 1772 in
955 1736 1042 1773 alias
1058 1738 1227 1785 regiones
1248 1739 1452 1788 dispersam

798 1792 896 1829 canit
932 1792 1065 1830 Ezech.
1108 1794 1256 1841 XXIX,
1283 1798 1308 1836 9
1345 1807 1451 1844 seqq.

801 1861 958 1896 quocum
977 1851 1072 1886 cons.
1092 1850 1217 1888 Ierem.
1238 1851 1371 1897 XLIV,
1383 1853 1451 1892 30.

800 1904 946 1952 XLVI,
965 1908 1031 1947 26.
1072 1906 1180 1943 Plura
1196 1907 1310 1945 Beck.
1333 1907 1454 1945 Welt-

801 1961 924 2010 gesch.
946 1962 963 1999 I
982 1976 1068 2013 pag.
1089 1967 1183 2005 729.
1241 1964 1345 2001 Haec
1373 1977 1454 2001 cum

799 2031 950 2069 prorsus
982 2024 1189 2070 repugnent
1215 2020 1455 2058 Herodoteae

799 2076 1018 2123 narrationi,
1040 2077 1165 2113 statuit
1177 2076 1454 2126 WVesselingius,

800 2132 982 2169 Graecum
1004 2133 1218 2182 scriptorem
1242 2146 1307 2170 sua
1328 2132 1453 2182 Aegy-

798 2188 884 2239 ptiis
917 2189 1164 2226 sacerdotibus
1191 2190 1348 2237 debere,
1389 2190 1453 2239 qui

798 2244 912 2282 multa
949 2245 1207 2283 dissimularint
1251 2251 1288 2284 et
1326 2246 1452 2284 ultima

798 2300 980 2338 Amasidis
998 2303 1075 2339 fata
1105 2303 1320 2352 felicemque
1346 2304 1452 2352 regni

800 2362 937 2395 statum
965 2359 1115 2396 nimium
1140 2364 1315 2408 quantum
1342 2372 1453 2397 auxe-

798 2415 883 2452 rint.
934 2415 1055 2458 Quem
1076 2415 1178 2452 multi
1192 2416 1259 2452 viri
1277 2417 1376 2453 docti
1394 2430 1454 2454 se-

798 2472 870 2508 cuti
907 2476 1001 2508 sunt.
1059 2472 1243 2521 Equidem
1273 2473 1311 2510 in
1345 2477 1451 2510 tanto

798 2528 965 2564 dissensu
983 2528 1072 2577 quid
1086 2529 1173 2566 certi
1188 2533 1358 2576 statuam,
1376 2542 1453 2567 non

795 2584 938 2632 habeo,
979 2597 1202 2634 quamquam
1231 2585 1300 2622 hoc
1323 2587 1454 2635 negari

797 2641 944 2689 nequit,
974 2640 1186 2679 Amasidem
1213 2642 1321 2679 valde
1349 2654 1453 2679 acce-

795 2701 897 2747 ptum
920 2697 1032 2735 fuisse
1048 2698 1164 2736 videri
1183 2698 1452 2746 sacerdotibus,

795 2766 950 2802 quorum
973 2755 1114 2791 animos
1134 2755 1203 2792 sibi
1229 2753 1334 2792 valde
1351 2754 1452 2790 illum

796 2809 1006 2848 conciliasse
1031 2823 1075 2847 ex
1103 2811 1147 2848 iis
1172 2810 1326 2858 colligo,
1356 2822 1452 2859 quae

797 2866 913 2903 multa
931 2866 989 2904 ille
1010 2879 1073 2904 rex
1091 2867 1128 2904 in
1160 2866 1295 2917 templa
1322 2869 1361 2903 et
1391 2879 1452 2903 re-

799 2922 983 2960 stituenda
1012 2927 1049 2961 et
1077 2936 1205 2961 recens
1231 2922 1451 2960 exstruenda

1120 2980 1177 3019 56
