1768 3315
277 232 361 272 234
671 227 1139 269 HERODOTI

250 343 346 396 Ξλη.
404 339 542 381 ταῦτα
571 334 650 390 μὲν
676 335 749 380 καὶ
774 335 836 380 ἔτι
863 337 907 389 ἐς
935 336 1008 393 ἐμὲ
1036 333 1094 396 ἦν
1119 336 1368 394 περιεόντα·
1407 335 1531 401 τοὶ-δ’

277 414 519 469 ἐξαπόλωλε
547 413 601 459 τὰ
636 417 725 458 τῶν
755 412 1062 471 ἀναθημάτων.
1109 417 1163 462 τοὶ
1194 416 1236 462 δ’
1268 417 1314 461 ἐν
1354 417 1535 473 Βραγχί·

277 497 377 552 δῃσι
405 497 504 550 τῇσι
545 495 779 551 Μιλησίων
809 491 1067 552 ἀναθήματα
1108 498 1308 556 Κροίσῳ,
1354 495 1412 547 ὥς
1450 493 1534 552 ἐγώ

221 677 318 717 aliud
347 677 557 715 faciundum
596 677 743 728 putavi,
800 678 871 716 nisi

221 734 404 784 vulgatam
431 734 621 772 lectionem
650 737 802 784 propter
829 734 871 771 li-

221 791 366 829 brorum
385 791 635 828 auctoritatem
663 790 746 839 (qui
776 790 870 828 enim

222 847 395 884 offerunt:
425 847 634 898 προνηῖὸις
653 849 755 885 τοῖσι
766 875 776 895 ,
793 846 872 883 vul-

221 907 345 953 gatam
388 904 506 952 magis
548 903 674 940 fulcire
718 903 873 954 putandi

222 963 344 1007 erunt,
374 972 483 1008 quam
514 959 736 1011 Προνοίης,
772 959 874 1009 quod

221 1015 269 1052 ab
292 1016 460 1053 omnibus
481 1016 586 1054 abest
604 1016 725 1064 libris)
754 1021 794 1052 ut
815 1029 873 1053 re-

220 1071 421 1121 linquerem
440 1072 622 1110 intactam.
653 1072 762 1109 Conf.
773 1071 872 1119 VIII,

221 1128 278 1169 37
303 1128 390 1178 ibiq.
411 1133 486 1166 not.
519 1133 556 1167 et
576 1129 735 1166 Pausan.
761 1127 817 1176 X,
847 1130 873 1170 8

223 1182 262 1235 §.
284 1184 333 1233 4,
363 1185 426 1235 qui
444 1186 597 1224 eandem
615 1198 692 1224 rem
717 1197 875 1223 comme-

226 1244 355 1279 morat.

279 1293 335 1336 τὰ
365 1290 404 1336 δ’
432 1291 655 1345 ἐξαπόλωλε
690 1294 749 1337 τὰ
778 1300 875 1338 τῶν

225 1347 520 1404 ἀναθημάτων]
579 1353 777 1393 Articulum
824 1350 873 1393 τοὶ

225 1410 332 1458 (ante
348 1411 448 1457 τῶν)
478 1423 559 1447 cum
584 1410 778 1449 Schaefero
809 1411 875 1448 de-

225 1466 311 1505 levit
336 1466 697 1515 Schweighaeuserus
736 1467 873 1517 (quem

226 1523 389 1572 sequitur
429 1522 667 1572 Gaisford.),
718 1524 875 1572 addens,

225 1579 297 1616 tria
328 1579 480 1616 forsitan
511 1579 638 1617 verba:
687 1576 746 1620 τὰ
775 1581 841 1618 τῶ
850 1594 874 1618 ν

228 1630 591 1686 ἀναθημάτων
632 1649 653 1674 e
683 1636 808 1686 glossa
837 1635 874 1672 in

226 1695 433 1729 contextum
449 1691 651 1742 irrepsisse.
710 1693 877 1736 Quorum

226 1752 392 1786 neutrum
410 1748 547 1798 probo,
567 1749 781 1798 praesertim
796 1762 877 1786 eum

226 1804 266 1841 in
285 1804 502 1855 repetitione
521 1804 658 1842 articuli
684 1806 738 1842 vis
765 1817 877 1855 quae-

228 1861 316 1899 dam
335 1861 459 1899 inesse
490 1861 656 1898 videatur
684 1866 795 1911 atque
822 1861 878 1898 in-

227 1917 334 1966 signe
356 1917 541 1967 quoddam
555 1918 823 1968 perspicuitatis
838 1917 878 1956 in

228 1974 394 2011 oratione
449 1974 609 2011 studium
664 1973 878 2022 declaretur,

228 2030 331 2078 quod
349 2029 446 2066 haud
456 2030 579 2080 paucis
589 2030 626 2067 in
635 2030 877 2068 locutionibus

229 2097 441 2135 expressum
460 2086 641 2135 videmus,
654 2099 747 2136 quae
767 2087 880 2124 inter-

229 2142 394 2192 pretibus
420 2141 518 2178 haud
542 2155 622 2180 raro
653 2144 800 2181 fuerunt
822 2143 879 2179 of-

229 2197 398 2236 fensioni.
451 2197 573 2248 Atque
609 2199 796 2237 articulum
827 2198 880 2236 al·-

230 2256 347 2291 terum
374 2249 445 2301 τοὶ,
496 2267 604 2303 quem
638 2268 764 2293 omnes
798 2254 880 2292 libri

231 2314 455 2358 agnoscunt,
497 2309 553 2347 his
592 2312 639 2350 de
677 2312 878 2349 rationibus

232 2365 327 2404 bene
361 2370 481 2404 tuetur
511 2366 687 2406 Matthiae
727 2366 765 2419 ἓ.
796 2369 878 2410 279

230 2426 307 2459 not.
325 2423 352 2463 3
381 2434 467 2472 pag.
487 2424 594 2470 567,
622 2428 786 2461 vertens:
815 2423 880 2460 das

231 2478 357 2516 andere
373 2479 474 2527 aber,
501 2479 656 2517 namlich
683 2480 739 2517 die
764 2479 881 2517 Weih-

231 2534 428 2583 geschenltc.
457 2535 583 2582 „Alius
604 2537 748 2585 generis
762 2549 882 2574 exem-

232 2590 295 2641 pla
316 2590 686 2640 collegitBoissonad.
705 2592 742 2628 in
760 2592 881 2630 Notic.

233 2651 273 2686 et
287 2647 448 2685 Extraits
468 2649 574 2689 1827
591 2647 698 2686 Tom.
715 2648 768 2686 XI
789 2651 883 2698 part.

234 2707 384 2743 extrem.
417 2717 454 2754 p.
472 2707 528 2746 22
557 2717 635 2753 seq.
664 2703 741 2742 coll.
765 2704 882 2742 Creu-

235 2761 310 2799 zeri
337 2764 413 2798 not.
436 2760 485 2798 ad
510 2760 643 2798 Plotin.
678 2772 763 2812 pag.
787 2759 884 2807 516,

236 2818 308 2856 C.“
342 2817 410 2856 Cr.

292 2870 338 2914 τοὶ
370 2869 412 2915 δ’
449 2872 492 2915 ἐν
524 2872 762 2928 Βραγχίδῃσι
791 2873 883 2927 τῇσι

939 680 1154 732 Μιλησίων
1186 676 1451 733 ἀναθήματα]
1493 678 1592 718 Arti-

937 736 1036 774 culus
1056 739 1147 792 τῇσι
1168 739 1364 776 foeminino
1392 749 1526 787 genere
1554 741 1592 775 et

938 792 996 829 hic
1012 798 1048 830 et
1069 794 1163 831 infra
1181 794 1236 842 II,
1257 795 1335 836 159
1370 795 1440 830 iam
1460 794 1591 831 veteri—

938 848 1007 884 bus
1027 850 1266 898 grammaticis
1288 849 1499 900 disputandi
1525 862 1591 886 an-

940 916 1018 941 sam
1058 906 1246 955 praebuit,
1295 906 1459 944 voculam
1479 907 1590 959 ιτῇσι.

940 960 995 998 vel
1023 965 1227 1011 corruptam
1254 962 1507 1009 censentibus,
1534 961 1592 1000 vel

939 1017 1174 1054 foemininum
1205 1030 1321 1065 genus
1349 1031 1417 1068 pro
1446 1030 1590 1055 mascu-

940 1071 1013 1110 lino
1023 1073 1151 1111 Ioniun
1169 1086 1213 1111 ex
1222 1087 1323 1111 more
1334 1074 1499 1123 usurpari
1515 1078 1591 1111 sta-

941 1130 1138 1167 tuentibus.
1213 1129 1298 1167 Vid.
1343 1129 1591 1167 Philemonem

943 1185 1239 1233 Gmmmaticum,
1258 1187 1320 1235 qui
1331 1186 1489 1223 secundo
1505 1189 1593 1236 post

943 1241 1126 1279 Christum
1146 1248 1270 1280 natum
1289 1241 1432 1280 saeculo
1458 1241 1592 1279 vixisse

941 1299 1168 1349 perhibetur,
1216 1299 1316 1349 apud
1350 1298 1592 1348 Porphyrium

943 1354 1095 1397 Quaest.
1111 1355 1313 1392 Homericc.
1335 1368 1390 1405 cp.
1404 1356 1441 1395 8.
1470 1354 1593 1403 Atque

941 1411 1068 1459 negari
1103 1412 1229 1460 nequit
1254 1412 1357 1448 facile
1381 1414 1535 1461 propter
1562 1409 1592 1458 I,

941 1468 996 1508 46
1027 1467 1107 1514 (ubi
1130 1472 1187 1504 est
1210 1469 1299 1518 τῆς
1317 1467 1524 1516 Μιλησίης
1552 1464 1592 1512 ἐς

941 1523 1178 1574 Βραγχίδας)
1209 1528 1246 1561 et
1265 1523 1301 1570 Ι,
1333 1524 1413 1564 158
1440 1523 1521 1570 (ubi
1537 1526 1594 1560 est

942 1577 1027 1618 τοῦ
1041 1595 1060 1626 ς
1078 1579 1332 1631 Βραγχίδας),
1362 1584 1398 1617 et
1417 1579 1476 1616 hie
1495 1582 1532 1616 et
1544 1578 1592 1627 II,

944 1635 1024 1677 159
1049 1637 1180 1685 corrigi
1206 1649 1319 1686 posse
1344 1637 1431 1684 τῆς
1454 1637 1593 1686 Μιλη-

943 1692 1032 1742 σίης
1043 1705 1110 1742 pro
1127 1708 1148 1731 τ
1160 1695 1188 1746 ᾖ
1199 1704 1222 1731 σ
1235 1707 1248 1731 ι
1259 1721 1270 1739 ,
1301 1696 1340 1728 ut
1354 1690 1595 1746 Βραγχίδῃσι

943 1754 1107 1786 servetur
1136 1748 1335 1786 masculino
1368 1761 1524 1797 genere,
1553 1752 1596 1784 ut

942 1803 984 1850 1,
1019 1805 1111 1850 158.
1171 1805 1271 1853 Sed,
1301 1808 1341 1841 ut
1368 1810 1505 1842 taceam
1532 1817 1594 1841 co-

944 1861 1042 1898 dices
1060 1860 1211 1898 firmiter
1219 1873 1342 1898 omnes
1355 1861 1594 1909 refragante5‚

944 1916 1146 1965 Schweigh.
1175 1916 1246 1953 alio
1273 1917 1383 1953 modo
1405 1916 1498 1953 hanc
1527 1928 1594 1965 ge-

944 1972 1042 2010 neris
1064 1973 1308 2010 diversitatem
1323 1973 1360 2008 in
1377 1972 1463 2009 locis
1473 1972 1594 2010 Hero-

945 2029 1062 2066 doteis
1080 2028 1259 2079 explicare
1275 2029 1422 2065 studuit.
1446 2028 1594 2066 Mascu-

944 2084 1018 2122 lino
1037 2085 1132 2123 enim
1150 2097 1284 2133 genere
1303 2083 1354 2122 uti
1381 2085 1595 2135 scriptorem

944 2145 1069 2192 putat,
1099 2146 1278 2190 quatenus
1294 2141 1520 2179 Branchidae
1539 2143 1595 2179 sa-

945 2197 1043 2234 milia
1077 2197 1211 2234 fuerint
1245 2198 1494 2246 sacerdotum,
1533 2197 1596 2247 qui

945 2253 1118 2304 templum
1135 2258 1169 2291 et
1194 2253 1375 2291 oraculum
1395 2255 1598 2291 curaverint

947 2310 1014 2358 (de
1029 2310 1158 2358 quibus
1175 2311 1246 2347 rid.
1267 2311 1314 2347 ad
1333 2310 1372 2357 Ι,
1390 2309 1443 2351 46
1470 2310 1597 2359 dicta).

945 2365 1028 2404 Nec
1057 2366 1176 2411 minus
1206 2371 1303 2404 recte
1335 2367 1405 2403 dici
1431 2366 1597 2417 Βραγχί-

948 2423 1014 2461 ὅαι
1034 2422 1229 2459 foeminino
1249 2435 1405 2471 genere,
1436 2423 1467 2458 si
1484 2423 1530 2460 de
1541 2422 1596 2460 lo-

948 2491 991 2516 co
1004 2507 1014 2526 ,
1044 2478 1106 2526 qui
1125 2490 1168 2515 ex
1182 2478 1263 2528 ipsa
1282 2478 1348 2515 hac
1366 2479 1596 2516 sacerdotum

947 2533 1081 2572 familia
1102 2547 1236 2572 nomen
1262 2535 1420 2580 duxerit,
1449 2535 1598 2585 potissi-

949 2603 1045 2628 mum
1080 2590 1144 2627 fiat
1181 2603 1312 2627 sermo.
1379 2590 1473 2627 Eam
1509 2604 1598 2629 vero

951 2646 1019 2684 loci
1044 2646 1343 2695 significationem
1371 2647 1407 2683 in
1439 2646 1508 2685 hoc
1534 2661 1599 2686 eo-

951 2703 1036 2741 dem
1077 2703 1187 2740 verbo
1225 2703 1368 2750 inesse,
1405 2704 1598 2742 monstrari

951 2758 997 2806 V,
1015 2759 1070 2800 36
1090 2758 1170 2796 coll.
1191 2758 1224 2796 V
1227 2759 1263 2806 I,
1285 2763 1347 2801 19.
1361 2760 1529 2798 Strabon.
1542 2759 1597 2798 IX

950 2814 1080 2866 p.421
1093 2843 1103 2863 ,
1126 2816 1169 2852 C.
1189 2815 1266 2853 coll.
1288 2816 1374 2854 XIV
1395 2830 1431 2866 p.
1445 2817 1539 2865 634,
1552 2817 1596 2854 C.

950 2871 1072 2921 XVII,
1102 2871 1206 2921 814,
1239 2871 1281 2911 A.
1349 2872 1406 2911 Ex
1432 2874 1488 2912 his
1512 2886 1598 2913 vero
