1768 3315
624 232 929 272 cL10.1.

1326 233 1409 274 221

148 350 398 406 Ἀθηναῖος,
443 345 516 389 καὶ
543 341 813 400 θεησάμενος
849 339 992 386 πάντα
1031 342 1110 387 τὸν
1139 342 1308 387 ἑωυτοῦ
1337 340 1408 385 ὄλ-

151 433 235 485 βον
264 424 622 482 ἀποφλαυρίσειε·
653 419 727 466 οἶα
756 420 809 477 δὴ
840 422 986 474 εἴπας,
1017 419 1125 464 ὥστε
1157 419 1275 477 αὐτῷ
1304 420 1410 464 πάν-

152 524 205 550 τα
233 502 498 560 ἀποβεβήκοι
526 505 661 559 τῇπερ
692 499 856 551 ἐκεῖνος
885 498 995 553 εἷπε,
1027 499 1159 543 οὐδέν
1179 517 1220 543 τι
1241 505 1411 556 μᾶλλον

149 585 193 636 ἐς
220 582 383 627 ἑωυτὸν
411 582 572 638 λέγων,
620 579 650 637 ἦ
680 580 722 631 ἐς
754 579 872 623 ἅπαν
909 578 958 623 τό
992 577 1297 633 ἀνθρώπινον,
1338 580 1467 624 καὶὲο

147 662 330 719 μάλιστα
370 659 476 712 τούς
517 658 637 715 παρὰ
668 661 792 715 σφίσι
832 658 1001 703 αὐτοῖσι
1031 658 1266 710 δοκέοντας
1295 658 1410 716 ὄλβι’-

147 758 225 793 ους
263 738 388 785 εἶναι.

452 738 542 783 Τὸν
580 740 659 795 μὲν
706 742 904 794 Κροῖσον
942 743 1079 783 ταῦτα
1117 736 1406 794 ἀπηγέεσθαι·

145 824 222 876 τῆς
252 820 298 863 δὲ
327 823 467 875 πυρῆς
496 819 579 876 ἤδη
599 817 812 875 ἁμμένης,
842 820 1044 863 καίεσθαι
1070 817 1124 861 τὰ
1141 818 1408 875 περιέσχατα.

119 899 224 943 7καὶ
262 899 340 943 τὸν
376 902 530 953 Κῦρον
566 896 818 942 ἀκούσαντα
856 902 946 941 τῶν
985 897 1207 954 ἑρμηνέων
1234 897 1289 941 τὰ
1319 897 1410 942 εἶπε

149 981 366 1034 Κροῖσος,
423 976 691 1033 μεταγνόντα
726 993 789 1030 τε,
848 977 922 1021 καὶ
959 975 1210 1020 ἐννώσαντα
1239 976 1307 1021 ὅτι
1335 978 1409 1022 καὶ

149 1055 284 1109 αὐτὸς
313 1057 548 1112 ἅνθρωπος
579 1056 687 1108 ἐών,
720 1055 851 1099 ἄλλον
881 1054 1140 1111 ἄνθρωπον,
1170 1055 1407 1113 γενόμενον
1420 1065 1464 1100 95

147 1136 316 1181 ἑωυτοῦ
346 1135 602 1194 εὐδαιμονίῃ
639 1134 721 1180 οὐκ
760 1135 950 1189 ἐλάσσω,
1000 1135 1166 1189 ζώοντα
1202 1137 1310 1191 πυρὶ
1351 1138 1409 1181 δι-

150 1217 268 1273 δοίη·
325 1215 436 1272 πρός
470 1233 515 1260 τε
553 1214 770 1268 τούτοισι,
813 1216 1015 1259 δείσαντα
1043 1213 1124 1272 τήν
1153 1217 1287 1270 τίσιν,
1334 1216 1408 1260 καὶ

92 1424 215 1473 Viger.
257 1437 295 1474 p.
331 1427 357 1465 7
360 1424 426 1466 23.
461 1444 519 1451 -—-
562 1421 742 1461 Notamus

89 1493 175 1518 vero
197 1481 234 1517 in
253 1480 308 1517 his
326 1480 556 1517 indicativum
578 1484 614 1517 et
637 1484 743 1530 opta-

89 1537 201 1575 tivum
225 1549 297 1574 uno
314 1539 390 1575 fere
401 1537 604 1586 eodemque
614 1539 743 1574 tenore

89 1597 178 1644 post
213 1588 272 1632 ὅτι
313 1594 490 1644 positum,
541 1606 585 1630 eo
616 1596 742 1630 tamen

90 1649 315 1697 discrimine,
344 1654 383 1686 ut
405 1650 442 1686 id
470 1650 570 1698 quod
596 1662 634 1686 re
659 1661 745 1686 vera

90 1706 237 1752 accidit,
267 1719 333 1756 per
349 1706 581 1742 indicativum
601 1699 743 1756 (ἦλθε)

90 1762 137 1799 sit
154 1762 346 1812 prolatum,
372 1763 473 1811 quod
492 1775 577 1799 vero
600 1775 643 1800 ex
654 1762 743 1799 alius

88 1819 267 1856 referatur
283 1818 505 1867 cogitatione
515 1813 744 1868 (α’ποφλαυ-

89 1874 229 1926 ρίσειε)
257 1887 324 1925 per
344 1876 553 1925 optativum.
584 1875 643 1913 De
670 1887 742 1924 quo

88 1931 160 1968 vid.
193 1930 323 1968 Matth.
351 1935 559 1970 monentem
590 1930 626 1983 ᾗ.
659 1933 743 1974 529

60 2033 61 2037 ¹
89 2000 176 2039 pag.
199 1989 318 2029 1031.

147 2038 211 2083 οἷα
241 2040 292 2093 δή
325 2042 461 2091 εἴπας,
500 2038 598 2082 ὥστε
631 2036 744 2097 αὐτῷ

89 2095 220 2139 πάντα
261 2096 512 2152 ἀποβεβήκοι
539 2102 665 2154 τῇπερ
698 2100 740 2139 ἐ-

90 2160 219 2204 κεῖνος
247 2153 354 2203 εἷπε]
396 2157 521 2195 Secuti
548 2170 671 2194 sumus
702 2156 740 2194 in

89 2212 170 2250 loco
191 2214 342 2251 multum
359 2218 487 2251 vexato
517 2226 599 2251 eam
616 2213 740 2251 lectio-

89 2282 195 2318 nem,
224 2283 333 2320 quam
359 2269 528 2319 Schwgh.
563 2274 600 2307 et
629 2271 740 2307 Gais-

87 2326 228 2364 fordius
255 2327 534 2374 constituerunt,
563 2326 633 2364 hoc
661 2328 739 2365 sere

90 2395 218 2421 sensu:
249 2386 407 2434 „quippe
431 2386 487 2420 ita
514 2383 671 2430 locutas,
697 2387 739 2420 ut

90 2439 162 2488 ipsi
187 2442 302 2477 omnia
331 2452 406 2477 eum
431 2442 469 2477 in
498 2440 635 2477 modum
662 2452 740 2477 eve-

91 2497 221 2543 nerint,
243 2500 351 2546 prout
375 2496 436 2533 ille
455 2496 658 2534 edixissetf‘
697 2496 740 2533 In

94 2545 159 2589 οἷα
177 2549 247 2601 δή,
277 2553 377 2601 quod
395 2553 610 2591 Herodoteo
638 2565 741 2590 more

95 2607 225 2656 excipit
255 2604 370 2656 ὥστε,
400 2622 507 2647 nemo
536 2610 586 2646 ita
609 2609 740 2647 haere-

92 2660 169 2708 bit,
196 2667 236 2701 ut
257 2666 451 2703 emendare
465 2665 572 2713 velit,
590 2666 629 2703 id
640 2666 741 2715 quod

94 2715 174 2753 aliis
192 2718 230 2756 in
256 2726 413 2759 mentem
430 2723 550 2770 venit,
580 2723 741 2760 scriben-

94 2771 212 2811 tibus:
242 2771 306 2814 οἷα
327 2774 377 2828 δὴ
400 2777 533 2826 εἴπας,
571 2775 620 2817 τοὶ
637 2774 739 2818 αὐτὰ

94 2841 130 2865 κ.
150 2842 182 2866 τ.
203 2832 235 2868 λ.
262 2831 382 2869 invitis
405 2838 502 2871 certe
520 2834 638 2882 libris,
671 2848 739 2872 nec

94 2882 163 2920 loci
179 2888 356 2925 sententia
372 2902 522 2939 prorsus
538 2891 739 2940 flagitante.

811 1423 980 1473 Denique
995 1423 1179 1474 optativus
1200 1419 1461 1477 ἀποβεβήκοι,

810 1493 918 1529 quem
959 1481 1115 1517 restituit
1155 1481 1358 1531 Schweigh.
1395 1496 1463 1533 pro

808 1536 956 1585 vulgata
977 1536 1148 1573 librorum
1161 1537 1334 1576 lectione:
1365 1534 1464 1578 οἷπο-

810 1590 976 1644 βεβήκεέ
1005 1592 1046 1631 οἷ
1076 1593 1133 1630 vel
1161 1589 1385 1645 α’ποβέβηκέ
1411 1595 1463 1644 οἷ,

812 1662 856 1687 eo
884 1649 1002 1699 magis
1033 1663 1074 1688 se
1103 1653 1355 1699 commendat,
1390 1665 1463 1702 quo

812 1706 989 1742 Gronovii
1007 1708 1098 1743 ratio
1118 1703 1228 1762 αὐτῷ
1247 1708 1289 1747 οἵ
1313 1710 1465 1746 coniun-

811 1763 931 1811 gentis
953 1767 989 1800 et
1016 1776 1083 1812 pro
1103 1762 1234 1818 ἑωυτῷ
1253 1765 1463 1815 accipientis

810 1820 955 1856 minime
996 1824 1092 1856 stare
1125 1825 1272 1871 potest,
1311 1835 1379 1858 nec
1404 1822 1463 1869 iis,

811 1888 904 1924 quae
924 1889 944 1913 e
965 1874 1104 1912 Nostro
1134 1877 1310 1927 scriptore
1337 1884 1464 1928 protu-

809 1931 868 1979 lit,
898 1932 1070 1981 exemplis
1084 1934 1277 1983 probatur,
1309 1935 1463 1973 docente

808 1988 1173 2037 Schweighaeusero,
1193 1990 1256 2040 qui
1275 1991 1369 2028 bene
1384 2005 1464 2028 mo-

809 2050 893 2092 net,
926 2059 966 2082 se
983 2058 1050 2082 nec
1070 2059 1243 2096 spernere
1262 2042 1464 2099 oinosssssn'-

808 2115 872 2140 κεε
919 2106 1070 2152 propter
1114 2103 1463 2154 plusquamperfecti

808 2171 914 2195 usum
942 2158 979 2194 in
1008 2163 1134 2195 nostro
1162 2161 1339 2210 scriptore
1366 2161 1464 2198 haud

807 2215 1087 2264 infrequentem,
1105 2217 1152 2254 de
1173 2229 1246 2267 quo
1265 2217 1337 2254 vid.
1356 2217 1462 2266 1779.

809 2273 863 2313 84-
883 2272 969 2321 ibiq.
987 2275 1083 2308 nott.

866 2379 987 2423 οὐδέν
1007 2399 1044 2424 τι
1065 2383 1229 2436 μᾶλλον]
1243 2386 1284 2423 In
1294 2387 1461 2438 Schwgh.

807 2440 969 2479 editione
1014 2441 1230 2493 impressum
1266 2444 1370 2481 video
1412 2459 1463 2484 τε

807 2510 875 2547 pro
897 2512 960 2545 τι,
989 2498 1087 2535 nulla
1105 2500 1143 2536 in
1167 2499 1251 2536 Var.
1269 2499 1386 2538 Lectt.
1407 2502 1464 2538 fa-

809 2557 866 2590 cta
896 2554 1102 2602 mentione,
1147 2559 1187 2592 ut
1231 2558 1353 2607 opelis
1393 2557 1463 2596 hoc

809 2610 972 2647 dandum
982 2624 1064 2649 esse
1073 2613 1229 2650 credam.
1244 2634 1292 2640 —
1304 2613 1345 2650 In
1356 2627 1461 2664 seqq.

806 2662 855 2705 τοὶ
894 2665 1125 2718 περιέσχατα
1162 2673 1246 2706 sunt
1280 2674 1462 2708 extremae

807 2723 888 2772 rogi
917 2728 1064 2774 parte5‚
1104 2737 1199 2774 quae
1236 2726 1463 2764 circumcirca

807 2783 914 2827 sunt,
945 2784 986 2817 ut
1003 2781 1049 2828 V,
1070 2783 1160 2822 101.
1175 2782 1292 2820 —De
1312 2781 1401 2821 ἐνν
1414 2779 1463 2821 τό·

808 2847 962 2874 σαντα
993 2838 1065 2874 vid.
1098 2851 1210 2888 supra
1237 2840 1284 2875 ad
1315 2838 1350 2886 Ι,
1386 2841 1461 2884 68;

807 2893 854 2929 de
875 2889 1154 2944 ἐπιλεξάμενον
1169 2894 1208 2940 Ι,
1231 2896 1296 2935 78.
