1805 3315
644 239 860 281 CLIO.
919 241 946 278 Ι.

1387 247 1440 285 21

152 352 313 409 χώρης,
341 346 452 406 ἦσαν
481 347 696 404 ἀπόγονοι,
725 351 879 393 Λυδοῦ
909 353 991 394 τοῦ
1011 348 1186 403 ’Ἅι-ως·
1227 350 1305 395 ἀπ’
1337 350 1440 395 ὅτευ

153 430 177 474 ὁ
217 433 352 485 δῆμος
394 427 561 478 Λύδιος
606 427 770 486 ἐκλήθη
815 426 839 473 ὁ
889 432 975 481 πᾶς
1024 424 1176 484 οὗτος,
1224 430 1440 486 πρότερον

103 636 206 682 thus,
265 635 362 671 cuius
421 634 539 672 locum
599 635 756 673 servavit

102 691 211 729 Dion.
237 690 352 728 Halic.
382 690 534 740 Antiqq.
563 692 602 739 I,
632 694 685 733 28
717 704 753 740 p.

100 749 155 788 73
174 746 302 784 Reisk.
323 747 360 783 in
382 747 519 784 Xanthi
549 750 754 796 fragmenta

99 807 284 853 receptum
332 807 441 853 atque
479 803 694 842 illustratum
731 816 753 840 a

99 860 231 897 Creuz.
264 859 476 909 (Fragmm.
504 861 693 898 Historicc.
716 874 753 910 p.

102 915 182 957 147
211 929 266 964 Sq·
300 916 379 957 149
411 930 493 967 sqq.
540 918 621 959 152
648 919 753 966 sqq.)

99 972 161 1021 qui
208 973 298 1009 idem
342 986 437 1010 nunc
485 974 588 1010 addit
630 973 751 1010 Schol.

98 1028 239 1066 Platon.
277 1042 314 1079 p.
344 1033 425 1071 207
465 1029 611 1067 Ruhnk.
655 1030 752 1081 Τυῤ-

100 1085 221 1136 ρηνία
244 1083 287 1124 δὲ
318 1080 396 1125 α’πὸ
424 1086 649 1137 Τυρῤηνοῦ,
678 1088 752 1125 τοῦ

86 1138 367 1194 ’Ἀγρωνος,
430 1144 503 1181 τοῦ
555 1139 751 1189 ’Ἅι-ως,

98 1201 169 1237 τοῦ
198 1199 403 1246 Λυδοῦ,·
435 1200 544 1235 modo
573 1212 663 1235 sana
679 1200 752 1235 sint

98 1255 197 1292 haec.
255 1255 308 1291 Ac
348 1255 441 1291 binis
484 1255 631 1304 quidem
662 1255 750 1291 locis

96 1310 211 1360 Atyos
249 1311 468 1348 mentionem
505 1311 591 1348 facit
627 1312 750 1348 Hero-

97 1368 205 1404 dotus
246 1367 284 1414 I,
325 1367 390 1408 94.
438 1367 512 1415 IV,
557 1367 632 1414 45,
672 1381 748 1405 non

95 1436 244 1474 prorsus
291 1426 413 1461 tamen
454 1424 523 1461 sibi
563 1429 747 1472 constans,

95 1493 176 1517 cum
203 1479 325 1516 Manis
353 1480 464 1517 filium
481 1483 592 1518 modo
619 1481 749 1532 appel-

94 1536 144 1574 let
182 1536 304 1587 Atyn,
363 1538 474 1574 modo
524 1538 646 1588 Cotyn.
704 1538 746 1574 In

95 1593 205 1643 Atyos
233 1593 332 1642 regis
370 1594 518 1631 nomine
551 1595 746 1632 Etruscum

94 1649 206 1688 latere
245 1654 393 1698 etymon
439 1650 536 1697 vult,
574 1656 746 1689 monente

97 1706 181 1754 Cin,
211 1705 328 1743 Lanzi
365 1707 389 1746 l.
434 1707 457 1744 l.
505 1707 539 1744 II
587 1721 624 1758 p.
662 1710 743 1749 281

95 1761 155 1813 [p.
191 1764 273 1804 223
310 1764 369 1800 ed.
400 1762 509 1813 sec.].
564 1764 744 1813 Reliquos

91 1819 195 1856 istius
220 1820 411 1867 dynastiae
439 1833 545 1869 reges
572 1821 744 1870 persequi

90 1876 148 1913 vix
174 1876 315 1923 licebit,
345 1878 482 1927 quippe
504 1890 596 1926 quos
617 1878 666 1914 ad
687 1878 742 1913 fa-

88 1932 210 1969 bulam
239 1933 375 1981 magis,
414 1947 524 1982 quam
553 1934 600 1970 ad
625 1934 741 1970 histo-

89 1989 178 2026 riam
195 1990 376 2039 pertinere
395 1991 550 2028 credam.
580 1990 663 2026 Vid.
684 1994 741 2026 ta-

89 2046 313 2084 menCreuz.
325 2046 348 2084 l.
361 2046 383 2084 l.
409 2060 446 2096 p.
464 2047 553 2088 149.
584 2047 625 2083 In
646 2051 739 2084 tem-

86 2116 177 2153 pore
207 2103 414 2141 definiendo
437 2103 579 2140 Laiche
562 2117 659 2140 οῑΓιιῐι
680 2118 739 2141 se-

87 2172 241 2208 quamur
265 2160 333 2208 (T.
363 2160 447 2197 vul
477 2174 512 2210 p.
545 2160 627 2201 204
656 2174 737 2209 sqq.

87 2217 169 2257 213
199 2229 256 2265 sq.
285 2216 367 2259 575
400 2216 481 2254 coll.
512 2217 529 2253 I
568 2230 605 2267 p.
638 2219 737 2266 189)

85 2277 282 2322 ponentem
312 2286 398 2311 ann.
431 2275 538 2315 1220
577 2287 608 2310 a.
650 2274 737 2311 Chr.

84 2341 158 2377 quo
177 2328 336 2378 Agronis
354 2330 502 2380 incipiat
527 2343 681 2379 regnum
703 2335 740 2368 et

89 2387 196 2426 1368
217 2399 251 2423 a.
281 2387 368 2424 Chr.
399 2400 472 2436 quo
492 2386 585 2436 Atys
614 2388 662 2424 ad
683 2401 740 2425 rc-

88 2453 201 2490 gnum
228 2448 374 2481 evectus
394 2444 451 2480 sit.

143 2493 208 2538 ἄπ’
235 2496 325 2539 ὅτευ
355 2499 375 2541 ὁ
397 2495 741 2568 ὃῆμος--Μήων

89 2552 346 2606 καλεόμενος]
389 2552 466 2596 ἄπ’
496 2554 586 2596 ότευ
616 2558 693 2595 iu1e
718 2570 741 2594 a

88 2612 266 2659 prioribus
305 2614 502 2652 editoribus
541 2614 740 2664 repositum

93 2665 168 2704 loco
200 2670 368 2718 vulgatae
394 2672 613 2709 mendosae:
663 2666 741 2710 σῖπὸ

93 2736 169 2760 τευ.
197 2726 272 2763 Sed
301 2727 443 2764 dubitat
470 2727 602 2765 Matth.
629 2729 677 2764 ad
706 2728 742 2765 h.

95 2777 140 2825 1.,
167 2792 214 2817 an
241 2778 347 2831 ὅστις
373 2785 422 2822 de
463 2788 561 2823 certo
599 2785 743 2822 homine

97 2841 309 2887 usurpetur,
361 2842 458 2879 unde
506 2841 586 2892 ipse
638 2842 744 2879 scribi

100 2890 196 2930 xult:
227 2889 306 2936 ἀπό
336 2900 406 2937 τοῦ
436 2899 460 2936 i.
496 2912 527 2937 e.
555 2894 646 2950 ἀφ’
676 2899 744 2938 οὑ

824 634 882 671 Cf.
903 648 1051 685 quoque
1072 638 1235 675 Gramm.
1249 638 1315 675 Gr.
1337 636 1373 689 ἓ.
1386 636 1478 679 483.

821 704 858 741 p-
910 695 1004 734 906.
1081 695 1236 732 Censori
1283 695 1392 731 docto
1441 694 1479 731 in

821 747 1011 796 Ephemm.
1056 750 1218 789 lenenss.
1271 753 1378 791 1817
1422 763 1477 787 nr.

824 804 905 844 164
951 819 987 856 p.
1028 807 1111 847 370
1152 808 1339 857 placuerat
1378 801 1475 847 ἀπὸ

822 863 917 899 τεῦ.
971 863 1078 906 Quae
1121 876 1201 901 cum
1237 863 1477 913 scripsissem,

822 916 969 956 allatum
999 923 1055 956 est
1082 920 1216 957 Struvii
1245 920 1396 964 Quaest.
1429 920 1477 958 de

822 973 964 1012 dialect.
1005 975 1186 1013 Herodot.
1215 976 1383 1026 specim,
1412 976 1474 1025 qui

821 1031 956 1079 optime
1005 1033 1329 1080 commonstravit,
1384 1031 1474 1069 mul-

818 1086 865 1122 tis
886 1087 973 1124 locis
994 1087 1124 1136 allatis,
1143 1102 1346 1137 pronomen
1368 1084 1473 1136 ’ὅστις

817 1155 884 1192 pro
923 1143 1085 1193 simplice
1130 1141 1175 1191 ὅς
1221 1145 1308 1195 poni
1348 1158 1468 1194 posse.

817 1198 948 1235 Aliena
975 1204 1096 1237 autem
1124 1201 1171 1237 ab
1190 1201 1372 1239 Herodoti
1395 1201 1474 1238 dia-

818 1254 910 1291 lecto
931 1269 1015 1293 esse
1037 1251 1117 1295 οἷπὸ
1149 1259 1200 1303 (s.
1226 1255 1312 1304 ἐπὶ,
1343 1254 1472 1308 παρά)

816 1313 889 1349 τοῦ
909 1312 1004 1349 idem
1034 1314 1222 1351 contendit
1250 1314 1303 1350 vir
1330 1314 1471 1350 doctus.

815 1368 898 1405 Vid.
944 1382 981 1418 p.
1016 1373 1037 1409 1
1058 1373 1171 1411 -6.
1211 1370 1473 1419 (Regiomont.

819 1425 958 1473 1828.)
988 1425 1078 1462 Mox
1102 1427 1233 1464 rectius
1255 1440 1351 1464 nunc
1373 1420 1470 1480 Μῄ-

817 1496 893 1529 ων,
950 1483 1075 1519 addito
1128 1484 1203 1520 iota
1251 1483 1470 1533 subscripto,

815 1539 915 1587 quod
954 1539 1064 1588 wllgo
1100 1545 1137 1578 et
1174 1540 1232 1577 hic
1269 1540 1395 1578 aberat
1431 1543 1468 1577 et

814 1595 893 1632 aliis
922 1609 1071 1645 quoque
1099 1596 1186 1633 locis
1217 1597 1351 1635 abesse
1377 1596 1465 1633 dici-

812 1656 880 1688 tur.
910 1652 986 1689 Sed
1008 1653 1056 1689 ad
1066 1666 1189 1690 verum
1207 1654 1338 1691 ducere
1358 1656 1465 1702 pote-

812 1712 894 1745 rant
917 1710 1037 1757 numi,
1067 1710 1129 1759 qui
1151 1710 1322 1748 exhibent
1345 1710 1462 1748 Mai-

813 1779 924 1811 ονες,
953 1764 1046 1813 alia,
1088 1779 1183 1815 quae
1214 1766 1280 1803 Cr.
1324 1767 1460 1804 indica-

808 1822 859 1858 vit
879 1821 927 1858 ad
948 1823 1115 1870 fragmm.
1135 1823 1233 1859 histt.
1253 1837 1289 1873 p.
1304 1823 1382 1864 146
1403 1836 1460 1872 sq.

808 1876 930 1927 Atque
949 1878 1162 1916 Herodotus
1185 1880 1266 1929 ipse
1284 1879 1364 1927 VH,
1394 1879 1461 1920 74.

807 1937 861 1975 77
899 1935 985 1971 dicit
1019 1936 1273 1985 Μηΐονας.
1342 1936 1385 1973 In
1420 1949 1460 1973 re

805 1991 960 2027 vidimus
991 1992 1137 2029 Xantho
1167 1993 1360 2030 convenire
1379 2005 1458 2030 cum

803 2048 995 2085 Herodoto
1008 2078 1018 2096 ,
1048 2048 1164 2098 Atyos
1183 2049 1295 2086 filium
1317 2050 1459 2086 vocanti

804 2103 973 2153 Lydum,
1002 2106 1099 2143 unde
1125 2107 1225 2154 genti
1256 2119 1389 2144 nomen
1411 2106 1460 2142 sit

803 2160 968 2199 inditum.
998 2162 1056 2200 De
1068 2161 1217 2199 Maeona
1235 2164 1352 2200 minus
1373 2176 1459 2199 con-

805 2221 899 2265 stat,
932 2232 1040 2266 quem
1058 2220 1105 2256 ad
1122 2219 1262 2256 fabulas
1283 2233 1362 2257 cuin
1381 2232 1458 2256 ma—

807 2275 902 2311 xime
928 2280 1094 2325 spectare
1123 2277 1358 2324 crediderim,
1397 2276 1458 2313 ubi

808 2331 949 2379 Cybele
978 2333 1049 2369 dea
1075 2331 1240 2370 IlIaeonis
1271 2333 1344 2370 filia
1373 2346 1458 2384 pei·-

806 2388 971 2425 hibeatur
987 2388 1162 2438 Attinque
1183 2391 1380 2439 quendam,
1398 2389 1461 2439 qui

807 2445 853 2480 ab
876 2445 954 2481 aliis
975 2445 1066 2493 Atys
1086 2451 1247 2494 vocatur,
1266 2447 1460 2483 adamasse

807 2501 958 2538 dicatur.
998 2502 1084 2545 Qua
1121 2504 1168 2540 de
1206 2516 1247 2540 re
1285 2504 1330 2539 cf.
1363 2514 1461 2552 quae

809 2557 876 2594 Cr.
918 2558 1077 2596 laudavit
1108 2559 1129 2595 l.
1149 2559 1172 2596 l.
1192 2573 1230 2609 p.
1262 2558 1353 2600 147.
1384 2558 1461 2595 Ad-

807 2615 869 2662 do,
891 2616 991 2663 quod
1008 2619 1155 2654 auctore
1174 2616 1316 2653 Hoeck.
1340 2616 1462 2662 (Cret.

808 2671 823 2707 l
850 2685 887 2721 p.
919 2674 1018 2720 130)
1046 2672 1105 2710 ille
1133 2673 1244 2709 modo
1272 2671 1463 2721 Lydorum

811 2728 920 2765 modo
936 2729 1121 2778 Phrygum
1147 2730 1258 2767 modo
1277 2729 1466 2778 utriusque

811 2786 932 2834 gentis
959 2799 1021 2823 rex
1054 2787 1193 2823 dicitur.
1244 2787 1467 2823 Graecorum

814 2842 990 2892 Μαίων,
1041 2843 1104 2892 qui
1132 2844 1169 2879 in
1206 2841 1468 2880 Thebanorum

814 2900 922 2938 rebus
957 2900 1128 2948 occurrit,
1158 2899 1291 2948 Tydeo
1328 2897 1467 2936 Thebis
