1759 3324
512 237 1029 282 EUTERPE.11.
1304 239 1389 279 571

132 357 324 413 παρέωσι
348 356 571 410 ’Έλληνες,
617 352 660 394 οἱ
688 348 730 393 δ’
771 347 1030 405 ἐκβάλλουσι
1067 347 1109 399 ἐς
1145 345 1224 391 τόν
1252 361 1389 390 ποτα-

104 442 127 478 4
137 438 236 494 μόν.
267 434 548 487 καταρὲονται
577 429 645 482 δὲ,
685 425 787 472 τάδε
816 428 1033 483 λέγοντες,
1071 429 1169 484 τῇσι
1198 430 1390 484 κεφαλῇ-

133 529 198 560 σι·
227 547 251 566 ,,
263 515 302 557 εἴ
323 529 363 554 τι
391 510 538 565 μέλλοι
567 507 594 565 ἢ
624 509 750 564 σφίσι
779 513 891 551 τοῖσι
913 505 1098 559 θύουσι,
1129 504 1158 563 ἢ
1181 505 1388 563 Αἰγύπτῳ

130 627 156 646 ,,
167 596 217 650 τῇ
245 588 472 646 συναπάσῃ
503 587 639 632 κακὰν
665 587 892 644 γενέσθαι,
933 586 974 638 ἐς
1003 586 1198 643 κεφαλήν
1226 584 1390 642 ταύτην
1402 591 1446 627 65

103 669 444 726 5,,τραπέσθαι.“
474 667 599 711 Kato}
628 666 706 724 μέν
735 683 820 710 νυν
847 667 924 718 τὰς
953 665 1145 723 κεφαλάς
1173 669 1261 709 τῶν
1278 670 1390 708 θυο-

128 749 273 807 μένων
301 746 515 804 κτηνέων,
544 747 614 791 καὶ
641 746 721 804 τὴν
739 745 980 790 ἐπίσπεισιν
999 750 1080 789 τοῦ
1099 747 1247 796 οἴνου,
1276 742 1390 787 πάν-

128 844 197 880 τες
215 827 447 884 Αἰγύπτιοι
467 825 641 883 νόμοισι
661 831 775 870 τοῖσι
794 824 963 869 αὐτοῖσι
989 824 1201 881 χρέωνται
1230 823 1395 880 ὁμοίως

132 907 175 959 ἐς
204 906 344 951 πάντα
373 906 425 950 τά
457 908 547 961 ἱροί·
578 907 652 950 καὶ
681 903 766 949 ἀπό
797 903 960 948 τούτου
987 909 1066 948 τοῦ
1094 904 1259 961 νόμου,
1292 901 1395 947 οὐδὲ

132 985 269 1030 ἄλλου
300 984 480 1037 οὐδενὸς
500 984 697 1042 ἐμψύχου
714 988 905 1040 κεφαλῆς
925 983 1123 1040 γεύσεται
1143 984 1394 1040 Αἰγυπτίων
1406 990 1451 1024 70

9 1057 76 1104 40
134 1065 291 1118 οὐδείς.

131 1143 239 1204 ἄλλη
268 1145 367 1201 περὶ
397 1144 500 1189 ἄλλο
532 1143 631 1200 ἱρόν
664 1157 744 1200 σφι
773 1142 1013 1199 κατέστηκε.
1045 1141 1124 1199 τήν
1154 1139 1196 1185 δ’
1229 1136 1292 1185 ὦν
1314 1158 1389 1197 με-

1448 1065 1503 1092 Isis
1513 1064 1639 1093 maxima
1650 1063 1725 1098 Dea,

1447 1103 1478 1126 ct
1497 1100 1651 1127 maximum
1662 1099 1727 1126 eius

1448 1133 1491 1160 see
1479 1138 1573 1160 ·;ῑιιιιι
1593 1138 1685 1160 ante.
1679 1141 1726 1159 εει-

1447 1175 1479 1193 cr
1466 1167 1591 1194 titinium
1650 1167 1691 1194 iei
1697 1175 1727 1193 u-

1449 1204 1537 1236 nant,
1567 1204 1599 1227 et
1624 1208 1661 1228 eo
1680 1208 1727 1226 ar

1450 1221 1541 1262 dente
1567 1242 1601 1263 se
1621 1234 1726 1262 velbe-

1447 1271 1528 1298 rant.

102 1302 268 1362 Ξὸρτὴν
297 1301 534 1361 ἀνάγουσι,
569 1302 734 1361 ταύτην
761 1302 937 1360 ἔρχομαι
956 1301 1101 1358 ἐρέων.
1134 1298 1265 1345 ἐπεαν
1283 1297 1451 1344 ἄπο-75

345 1063 401 1109 ‘H
428 1065 474 1109 δὲ
515 1065 568 1122 δὴ
597 1065 802 1118 ἐξαίρεσις
827 1067 914 1107 τῶν
943 1065 1052 1118 ἱρῶν
1080 1063 1153 1107 καὶ
1182 1063 1209 1120 ἡ
1239 1069 1392 1114 καῦσις

129 1227 280 1282 γίστην
308 1241 352 1269 τε
389 1226 576 1281 δαίμονα
611 1222 791 1280 ἥγηνται
827 1221 959 1275 εἶναι,
1003 1221 1076 1266 καὶ
1111 1222 1318 1277 μεγίστην
1350 1221 1395 1264 οἱ

75 1492 109 1526 et
123 1490 247 1540 quibus
267 1491 400 1528 Graeci
414 1489 546 1528 adsunt
562 1494 730 1528 mercato-

75 1559 152 1594 res,
170 1547 218 1584 hi
243 1549 398 1598 igitur
428 1552 535 1597 caput
558 1551 596 1586 in
607 1547 731 1598 sorum

70 1603 198 1655 ferunt
218 1608 251 1641 et
271 1604 414 1642 vendere
440 1604 570 1650 solent5
603 1604 729 1654 quibas

75 1672 156 1698 vero
176 1661 307 1698 Graeci
326 1675 394 1698 non
422 1660 571 1709 adsunt,
600 1661 639 1698 ln·
667 1674 729 1698 ca-

72 1720 140 1768 put
159 1718 196 1754 in
208 1718 344 1768 flumen
360 1719 588 1755 coniiciant.“

135 1773 176 1812 οἱ
195 1769 236 1813 δ’
257 1771 490 1824 ἐκβάλλουσι
517 1773 556 1821 ἐς
576 1770 642 1814 τὸν
662 1787 732 1813 πο-

77 1825 228 1882 ταμόν]
259 1830 378 1869 Affert
394 1829 595 1869 Larcherus
612 1830 733 1868 Aelia-

77 1886 115 1924 ni
135 1885 254 1924 locum
275 1887 323 1925 N.
345 1886 388 1924 A.
407 1887 464 1934 Χ,
485 1890 559 1935 21,
588 1888 651 1925 ubi
671 1887 733 1924 ille

79 1943 221 1991 scribit,
251 1945 297 1981 ab
316 1944 473 1981 Ombitis
502 1944 591 1993 (qui
607 1944 733 1994 Aegy-

77 1999 144 2050 ptii
156 2004 239 2037 sunt
257 2000 438 2049 homines)
462 2001 657 2038 hostiarum
673 2013 733 2038 ca-

79 2056 176 2107 pita,
207 2057 338 2106 quibus
369 2057 559 2107 gustandis
578 2058 646 2108 ipsi
667 2057 733 2094 ab-

81 2113 260 2161 stineant,
299 2114 406 2151 obiici
444 2114 630 2151 crocodilis
671 2126 733 2150 co-

80 2169 273 2218 medenda,
295 2172 358 2220 qui
378 2170 415 2207 in
436 2170 582 2208 lacubus
599 2170 732 2209 idcirco

79 2225 183 2263 factis
212 2227 260 2264 ab
294 2227 382 2279 ipsis
413 2228 627 2265 nutriantur.
684 2225 734 2263 Et

81 2283 262 2333 pertinent
288 2283 356 2322 huc
386 2297 534 2334 quoque
553 2282 737 2321 Plutarchi

82 2339 194 2376 verba
219 2339 299 2377 loco
334 2354 445 2391 supra
477 2340 645 2378 laudato:
673 2335 736 2379 διο

84 2395 137 2449 τῇ
157 2392 227 2446 μὲν
247 2399 404 2452 κεφαλῇ
423 2399 495 2436 τοῦ
511 2397 654 2447 ἱερείου
670 2411 737 2436 κα-

83 2463 349 2503 ταρασαμενοι
365 2452 433 2493 καὶ
449 2449 740 2504 ἀποκόψαντες,

87 2505 144 2553 εἰς
159 2504 224 2547 τὸν
242 2507 416 2562 ποταμὸν
435 2510 647 2562 ἐρῤίτττουν
666 2525 739 2549 πα-

86 2563 164 2611 λαι,
191 2577 269 2604 νυν
287 2563 330 2605 δὲ
346 2571 429 2614 τοῖς
447 2566 574 2615 ξένοις
596 2563 738 2607 sinodi-

89 2617 239 2659 δονται.
274 2623 485 2661 Cuiusmodi
508 2624 740 2676 imprecatio-

88 2686 156 2712 nes
176 2677 272 2727 apud
291 2678 444 2718 Iudaeos
467 2681 546 2719 fieri
564 2681 689 2718 solitas
700 2681 739 2717 in

89 2729 177 2768 hirci
204 2739 311 2783 eaput
341 2737 502 2775 novimus
536 2751 581 2776 ex
619 2737 739 2776 Levit.

89 2786 176 2824 XVI
187 2815 199 2836 ε
226 2790 291 2831 21.

306 2847 413 2899 Cap.
441 2848 521 2887 XL.

145 2896 176 2950 ἦ
197 2896 239 2940 δὲ
259 2898 308 2953 δή
330 2901 520 2958 ἐξαίρεσις
536 2907 617 2945 τῶν
641 2904 742 2959 ἱρῶν

797 1486 866 1529 καὶ
884 1486 912 1540 ἦ
931 1489 1074 1535 καῦσις
1089 1501 1125 1526 κ.
1137 1502 1169 1526 τ.
1184 1486 1236 1538 λ.]
1262 1485 1455 1537 ἐξαίρεσις

797 1547 928 1584 dicitur
947 1546 1181 1592 exentemtio,
1212 1557 1306 1594 quae
1339 1545 1380 1582 fit
1401 1544 1456 1580 vi-

797 1603 957 1641 sceribus
987 1616 1016 1639 s.
1043 1601 1222 1639 intestinis
1251 1615 1272 1639 e
1300 1613 1456 1650 corpore

797 1660 979 1697 extractis.
1023 1657 1227 1695 Larcherus
1261 1657 1454 1695 divinatio-

799 1728 882 1754 nem
903 1715 960 1752 hic
977 1714 1108 1765 respici
1126 1719 1231 1765 putat
1257 1714 1456 1762 laudatque

800 1772 1081 1822 Xenophontem
1100 1771 1138 1807 in
1164 1771 1324 1808 Anabas.
1353 1770 1407 1816 ΙΙ,
1430 1771 1454 1810 1

800 1826 838 1880 ἓ.
867 1830 905 1869 7.
955 1827 1090 1866 Verum
1118 1827 1188 1863 alia
1216 1828 1455 1874 Graecorum,

800 1885 871 1923 alia
898 1884 1162 1935 Aegyptiorum
1176 1912 1187 1930 ,
1236 1885 1284 1921 de
1321 1883 1456 1932 quibus

800 1940 888 1979 nihil
912 1942 1014 1978 istius
1034 1941 1133 1977 modi
1156 1940 1305 1978 relatum
1324 1938 1459 1987 inveni,

799 1998 904 2036 ratio.
920 2018 978 2026 —
995 1996 1055 2034 Ad
1074 1997 1184 2034 verba
1203 2010 1308 2047 seqq.
1324 2008 1459 2046 provo-

801 2055 896 2093 cavit
905 2055 1078 2105 Spencer.
1091 2053 1112 2090 l.
1130 2053 1152 2090 l.
1173 2053 1236 2101 IV,
1250 2056 1269 2094 1
1281 2067 1318 2104 p.
1334 2054 1458 2098 1092,

800 2125 874 2162 quo
892 2111 1060 2148 nimirum
1078 2114 1309 2158 monstraret,
1328 2110 1461 2147 eodem

800 2169 931 2215 modo,
970 2181 1043 2217 quo
1070 2166 1242 2218 Aegyptii
1273 2167 1321 2204 ad
1353 2165 1460 2203 Isidis

802 2225 948 2272 festum,
979 2224 1160 2262 Israelitas
1182 2223 1231 2261 ad
1249 2224 1307 2261 dei
1330 2222 1384 2259 sui
1405 2223 1461 2260 fe-

804 2286 864 2318 sta
891 2281 1109 2319 confluxisse
1132 2280 1362 2330 eundemque
1382 2280 1462 2317 fere

805 2338 942 2376 cultum
961 2338 1044 2375 huic
1063 2337 1279 2375 exhibuisse.

861 2391 1010 2445 ταύτην
1029 2393 1189 2446 ἔρχομαι
1208 2390 1352 2444 ἐρέων]
1385 2392 1462 2429 Re-

805 2451 894 2501 liqui
911 2465 1076 2501 ταυτην,
1088 2450 1189 2488 cuius
1201 2448 1282 2487 loco
1293 2448 1463 2497 Schwgh.

808 2513 845 2546 et
863 2509 980 2546 Gaisf.
1008 2508 1186 2545 dederant
1213 2501 1336 2561 ταύτῃ
1349 2534 1360 2553 ‚
1381 2518 1463 2543 cum

805 2565 843 2602 in
861 2578 936 2603 uno
955 2565 1045 2602 hbro
1056 2564 1239 2601 inventum
1260 2567 1359 2601 esset
1368 2557 1464 2600 ταύ-

806 2637 866 2673 τη.
895 2621 1092 2671 Vulgatum
1110 2620 1205 2658 bene
1219 2624 1342 2658 tuetur
1360 2620 1465 2656 Stru-

805 2691 851 2717 ve
868 2679 977 2729 Spec.
997 2677 1149 2721 Quaest.
1181 2677 1320 2715 Herod.
1344 2689 1380 2727 p.
1408 2677 1464 2717 28

805 2739 904 2782 not.;
923 2735 1022 2772 unde
1033 2734 1123 2772 haec
1140 2745 1342 2784 apponam:
1371 2744 1463 2779 „ne-

807 2792 992 2841 gligenter
1017 2804 1084 2828 suo
1111 2803 1216 2828 more
1249 2789 1464 2827 Herodotus

807 2848 947 2886 loeutus
971 2851 1039 2894 est,
1059 2842 1222 2897 ταύτην,
1233 2846 1332 2895 quod
1345 2856 1466 2894 gram-

808 2906 942 2945 matica
959 2917 1040 2942 cum
1060 2900 1135 2955 τήν
1152 2903 1196 2952 (i.
1213 2915 1246 2941 e.
1265 2899 1338 2954 ἢν)
1359 2899 1467 2953 μεγί-
