1777 3324
164 259 249 300 902
637 253 1217 296 EXCURSUSIV

165 375 309 422 ptorem
335 371 485 420 egregie
509 370 651 421 lapsum
685 383 765 408 esse
789 370 972 415 dicerent,
1014 369 1112 418 quod
1139 368 1348 405 inferiorem
1374 365 1583 415 Aegyptum
1614 377 1682 415 pro

167 440 243 477 Nili
274 440 372 476 dono
401 439 570 486 haberet,
600 451 643 477 ex
669 439 768 475 fluvii
793 437 878 474 limo
908 437 1016 474 allato
1034 442 1070 474 et
1092 441 1268 485 congesto
1295 440 1423 473 ortam.
1480 432 1560 470 Niti
1588 432 1684 469 enim

167 508 259 545 hanc
276 506 484 558 opinionem
505 507 741 544 fundamento
762 518 837 542 non
855 507 940 542 satis
960 505 1079 542 valido
1095 506 1142 542 de
1160 505 1336 541 immenso
1358 501 1532 552 temporis
1551 499 1683 550 spatio,

168 577 267 626 quod
288 575 469 613 Herodoti
490 579 647 612 aetatem
664 574 922 620 antecesserit,
948 586 1016 610 nec
1033 573 1180 623 probari
1202 585 1311 622 posse
1330 571 1399 608 nisi
1415 574 1547 606 terram
1567 568 1684 618 ipsam

169 643 505 681 commonstraveris
523 641 636 679 multo
656 641 899 688 antiquiorem
920 655 1001 678 esse
1020 654 1128 690 quam
1149 654 1279 691 reapse
1296 640 1415 677 fuerit.
1473 637 1528 674 Ita
1543 636 1686 673 Freret.

169 713 207 749 in
226 713 332 749 mem.
352 712 399 749 de
424 711 551 747 l’acad.
567 711 631 746 des
650 709 809 757 inscript.
839 712 864 745 t.
885 708 972 745 XVI
1002 722 1037 758 p.
1059 710 1141 749 333
1159 721 1235 757 seq.
1270 706 1392 744 XVIII
1421 719 1458 755 p.
1482 706 1561 745 188
1581 716 1685 752 seqq.

170 785 207 818 et
221 785 305 830 post
323 780 411 816 alios
440 778 636 828 praecipue
655 774 859 812 Larcherus
886 774 924 810 in
946 775 1095 824 copiosa
1114 776 1162 812 ad
1181 776 1215 811 h.
1232 774 1255 811 l.
1278 774 1536 824 disputatione.
1596 771 1688 816 Qui-

170 849 237 884 bus
260 859 376 897 nuper
404 844 558 883 accessit
579 842 763 879 Mannert.
791 841 930 889 Geogr.
955 842 1020 878 der
1039 843 1104 879 Gr.
1130 856 1164 879 u.
1186 842 1294 879 Ram.
1315 841 1376 889 X,
1395 843 1418 881 1
1445 853 1482 890 p.
1504 839 1587 881 245
1609 852 1686 889 seq.

171 915 252 957 525
271 927 364 951 vana
385 926 465 950 esse
492 912 672 955 clamans,
703 921 798 958 quae
819 909 1032 946 Herodotus
1055 914 1092 947 et
1117 910 1150 946 h.
1170 909 1193 945 l.
1223 913 1259 945 et
1284 908 1340 956 II,
1362 910 1412 948 10
1431 920 1507 956 seq.
1535 908 1689 959 perscri-

169 983 257 1030 bat,
287 994 366 1018 cum
385 981 576 1029 Aegyptus
598 978 697 1015 omni
725 980 892 1026 tempore
922 977 1003 1014 talis
1033 978 1163 1023 fuerit,
1194 975 1310 1025 qualis
1337 975 1455 1012 adhuc
1484 975 1691 1013 inveniatur

171 1064 237 1088 nec
260 1049 341 1086 ullis
359 1052 465 1085 aucta
495 1045 748 1090 incrementis,
780 1046 910 1095 quibus
941 1045 1058 1082 solum
1088 1044 1214 1081 elatius
1248 1044 1356 1080 fuerit
1379 1043 1581 1090 redditum3
1611 1043 1690 1081 fieri

170 1120 297 1168 utique
314 1117 477 1168 potuisse
490 1143 500 1162 ,
531 1119 569 1151 ut
585 1113 669 1150 olim
690 1112 869 1163 paludosa
889 1118 926 1151 et
947 1118 1123 1162 stagnosa
1143 1116 1241 1148 terra
1260 1111 1367 1149 fuerit
1382 1111 1513 1160 Delta,
1542 1112 1691 1149 minime

171 1198 257 1224 vero
286 1186 455 1236 primitus
485 1183 594 1221 maris
623 1182 734 1219 fuisse
764 1181 892 1218 sinum.
954 1181 1059 1225 Quae
1093 1192 1292 1228 sanequam
1317 1180 1480 1229 produnt
1506 1184 1691 1217 auctorem

172 1255 318 1292 minime
344 1253 471 1300 talem,
500 1249 607 1298 ’ὅστις
629 1265 672 1303 γε
693 1246 856 1289 σύνεσιν
878 1247 953 1300 ἔχει
966 1278 976 1296 ,
1006 1254 1046 1286 ut
1064 1247 1247 1285 Herodoti
1269 1252 1348 1284 utar
1368 1248 1499 1284 verbis.
1558 1246 1692 1284 Melius

171 1323 261 1359 vidit
280 1321 435 1358 Rennel.
462 1321 499 1357 in
526 1332 653 1369 geogr.
677 1318 820 1355 Herod.
844 1329 930 1368 pag.
955 1317 1035 1357 591
1059 1328 1161 1364 seqq.
1193 1319 1230 1352 et
1247 1315 1409 1365 inprimis
1430 1329 1466 1366 p.
1491 1313 1692 1357 593.594.

172 1390 266 1427 Eam
290 1390 384 1428 enim
404 1390 614 1439 regionem,
648 1399 742 1436 quae
759 1384 870 1422 Delta
886 1388 1056 1431 vocatur,
1086 1383 1237 1420 indubia
1260 1384 1384 1420 scribit
1414 1383 1600 1421 continere
1629 1396 1693 1421 ve-

172 1458 303 1506 stigia,
334 1457 434 1507 quod
465 1457 587 1508 prisco
614 1468 706 1493 aevo
733 1453 833 1490 haud
859 1450 1057 1497 exstiterit,
1099 1451 1165 1487 sed
1195 1455 1401 1501 temporum
1434 1452 1587 1489 decursu
1614 1450 1694 1489 Nili

173 1525 317 1563 adluvie
335 1528 440 1572 nata,
470 1525 666 1562 accedente
694 1521 851 1573 posthac
879 1519 1037 1555 humana
1058 1523 1138 1556 arte
1167 1520 1374 1569 operaque,
1406 1519 1444 1555 in
1470 1523 1604 1556 terram
1633 1519 1694 1555 fir-

173 1606 270 1630 mam
290 1597 325 1631 et
344 1594 589 1630 continentem
611 1591 770 1629 cesserit.
823 1587 935 1631 Quod
951 1586 1048 1623 idem
1066 1586 1252 1636 permultis
1275 1586 1498 1635 argumentis
1518 1600 1561 1624 ex
1579 1587 1694 1637 ipsius

176 1661 241 1698 soli
263 1666 395 1698 natura
413 1664 606 1708 terraeque
631 1658 822 1694 universae
844 1654 967 1692 indole
995 1654 1158 1705 repetitis
1190 1653 1388 1692 luculenter
1415 1655 1589 1705 probavit
1619 1655 1696 1692 An-

175 1729 328 1778 dreossy
356 1729 394 1765 in
419 1727 592 1778 descript.
618 1727 664 1764 de
690 1726 782 1775 l’Eg.
815 1725 890 1762 etat
912 1723 1011 1760 mod.
1040 1723 1147 1759 me'm.
1168 1722 1184 1758 I
1206 1736 1241 1773 p.
1261 1725 1343 1764 272
1364 1736 1439 1772 seq.
1455 1723 1536 1760 coll.
1553 1724 1696 1773 antiqq.

175 1796 245 1834 vol.
270 1796 286 1834 I
307 1809 377 1834 sec.
398 1795 531 1833 lix-rais.
565 1807 652 1846 pag.
677 1796 729 1835 88
761 1806 879 1842 seqq,
908 1796 948 1828 ut
968 1791 1040 1828 iam
1069 1791 1229 1827 dubitari
1253 1795 1433 1840 nequeat,
1464 1804 1551 1829 vera
1576 1792 1697 1830 Hero-

176 1866 302 1902 dotum
322 1864 498 1902 retulisse.
558 1863 671 1908 Quod
694 1862 793 1899 idem
817 1860 951 1911 placuit
966 1858 1151 1896 Heerenio
1178 1858 1294 1896 Ideen
1315 1863 1382 1896 etc.
1404 1858 1438 1895 Π
1451 1889 1462 1907 ,
1481 1864 1507 1901 2
1525 1873 1611 1911 pag.
1631 1863 1696 1902 80.

177 1935 227 1973 81
255 1937 331 1969 not.
355 1932 435 1969 coll.
453 1946 489 1983 p.
503 1930 555 1972 55
573 1936 687 1980 atque
706 1927 977 1979 Champollioni
994 1926 1155 1977 I’Egypt.
1181 1940 1265 1963 sous
1285 1926 1308 1964 l.
1324 1927 1426 1977 phar.
1448 1927 1482 1964 II
1504 1930 1578 1978 p.3
1601 1942 1697 1979 sqq.,

177 2001 240 2049 qui
258 2000 488 2049 antiquorum
511 2000 726 2050 scriptorum
741 1997 956 2035 testimoniis
977 1999 1016 2033 et
1044 1995 1236 2045 geologica
1265 1995 1427 2033 locorum
1453 1995 1579 2035 indole
1610 1998 1698 2034 satis

177 2067 246 2105 hoc
263 2069 457 2117 probatum
478 2069 634 2114 iudicat,
664 2068 872 2116 Aegyptum
900 2063 1107 2100 inferiorem
1137 2063 1222 2099 olim
1250 2063 1362 2101 fuisse
1389 2064 1499 2101 maris
1527 2066 1700 2103 mediter-

178 2134 276 2171 ranei
300 2134 440 2182 sinum,
466 2135 527 2185 qui
548 2135 597 2172 ad
618 2133 868 2184 Memphidem
896 2144 1009 2180 usque
1028 2136 1064 2168 et
1088 2131 1269 2179 mediam,
1298 2143 1394 2180 quae
1413 2145 1510 2170 nunc
1531 2132 1700 2180 habetur,

178 2202 386 2252 Aegyptum
406 2203 643 2253 pertinuerit,
673 2206 750 2239 tum
768 2214 855 2238 vero
874 2199 948 2237 Nili
967 2199 1051 2236 limo
1071 2199 1229 2249 repletus
1255 2200 1293 2236 in
1320 2199 1475 2249 paludes
1499 2213 1542 2237 ac
1567 2206 1699 2250 stagna

180 2270 384 2316 transierit,
413 2270 510 2306 unde
531 2274 628 2307 terra
660 2270 846 2306 continens
874 2267 1071 2316 postmodo
1103 2267 1278 2313 evaserit,
1310 2267 1529 2304 documento
1551 2281 1632 2305 esse
1662 2272 1700 2305 et

180 2337 340 2386 regionis
379 2336 567 2387 planitiem
604 2336 787 2373 montibus
818 2334 988 2383 utrinque
1019 2335 1133 2372 ferme
1159 2335 1332 2371 inclusam
1359 2339 1394 2372 et
1426 2335 1543 2384 ipsum
1584 2335 1700 2372 solum

181 2405 326 2453 nigrum
362 2403 605 2452 limosumque
625 2432 636 2451 ,
684 2403 785 2452 quod
814 2402 914 2438 fluvii
950 2402 1096 2438 adluvie
1126 2402 1322 2450 quotannis
1359 2403 1487 2450 adgeri
1514 2407 1700 2452 appareat.

182 2472 355 2509 Omnium
381 2472 646 2509 accuratissime
673 2470 766 2507 hanc
793 2482 870 2507 rem
904 2469 1075 2506 tractavit
1097 2469 1227 2506 Ritter.
1254 2469 1445 2506 Erdkund.
1468 2470 1484 2506 I
1508 2483 1596 2520 pag.
1620 2470 1701 2511 840

183 2552 284 2588 seqq.
317 2538 397 2579 846
418 2551 494 2587 seq.
526 2540 608 2580 852
638 2551 741 2588 seqq.
772 2537 955 2575 Herodoti
985 2537 1225 2573 illustraturus
1254 2538 1494 2586 sententiam,
1525 2539 1587 2587 qui
1611 2539 1703 2575 infe—

183 2608 317 2644 riorem
337 2606 546 2656 Aegyptum
569 2608 669 2643 fluvii
687 2607 824 2644 donum
850 2618 930 2643 esse
950 2605 1175 2656 pronuntiat.
1234 2604 1355 2653 Atque
1380 2606 1573 2656 probatum
1599 2606 1627 2641 it
1650 2605 1703 2641 vir

188 2675 335 2721 doctus,
382 2673 459 2711 Nili
489 2675 785 2711 inundationibus
814 2679 850 2712 et
879 2674 980 2711 fluvii
1012 2673 1155 2711 alveum
1185 2673 1277 2722 erigi
1307 2678 1344 2710 et
1371 2672 1487 2709 solum
1518 2673 1702 2720 adiacens,

184 2742 422 2780 subveniente
449 2742 585 2791 pariter
614 2746 744 2778 natura
771 2746 883 2791 atque
908 2741 1094 2778 hominum
1131 2744 1232 2788 arte,
1272 2740 1462 2778 exstructis
1491 2740 1702 2788 aggeribus,

185 2810 303 2846 ductis
325 2807 534 2855 canalibus,
563 2809 808 2858 adhibitisque
826 2809 1010 2846 machinis.
1058 2808 1138 2846 Nec
1158 2822 1245 2845 vero
1265 2809 1395 2846 eodem
1415 2807 1525 2843 modo
1553 2807 1703 2843 iisdem-

187 2890 257 2925 que
275 2876 451 2914 mensuris
477 2888 543 2926 per
565 2887 693 2913 omnes
722 2877 883 2927 Aegypti
911 2882 1034 2927 partes
1066 2880 1104 2913 et
1127 2875 1251 2913 Nilum
1284 2879 1320 2913 et
1348 2874 1462 2912 solum
1494 2874 1606 2922 erigi,
1636 2873 1703 2911 sed
