1777 3324
199 633 299 679 160
357 659 381 678 ‚‚
393 624 696 682 χρηστήριον.“

25 696 93 726 ⁰¹¹¹*
121 696 300 733 ⁹³⁶²5³¹¹¹²
358 707 551 759 Κυμαῖοι
570 737 581 754 ,
629 700 685 745 οὐ
713 701 977 757 βουλόμενοι
1007 701 1106 746 οὔτε
1135 701 1332 752 ἐκδόντες
1362 699 1615 751 ἀπολέσθαι,

24 731 165 760 Cumanis
205 732 243 759 ad
274 731 299 758 ἰ-

22 773 93 800 psos
128 764 300 799 ablegatum

23 807 83 832 qua
99 800 239 825 mercede
265 797 304 824 ιἸ-

23 831 95 860 lecti
123 832 223 860 Persiu
240 835 304 859 tra—

25 865 168 893 diderint.

343 281 429 322 358

735 276 1206 317 HERODOTI

318 387 609 443 8,,ἒκδιδόναι
619 393 667 440 ,·“
701 388 788 432 Τὸν
806 388 852 432 δὲ
871 382 995 438 αὖτις
1012 384 1281 442 ἀμείψασθαι
1301 384 1458 427 τοῖσδε.
1486 383 1668 435 ,,Ναὶ4ο

348 467 564 521 ,,κελεύω,
599 469 671 511 ἵνα
699 484 746 523 γε
777 465 1063 523 ἀσεβήσαντες
1092 469 1264 508 θᾶσσον
1285 461 1523 519 ἀπόλησθε·
1553 461 1613 514 ὥς

353 547 446 604 ,,μή
476 547 526 590 τό
556 545 715 590 λοιπὸν
742 547 841 601 περὶ
874 546 1048 589 ἱκετέων
1076 541 1275 594 ἐκδόσιος
1305 542 1455 599 ἔλθητε
1479 542 1547 586 ἐπὶ
1563 541 1612 585 τὸ

759 628 906 667 Ταῦτα
935 622 992 675 ὠς
1020 622 1329 678 ἀπενειχθέντα
1356 620 1553 678 ἤκουσαν
1572 621 1616 664 οἱ

359 782 460 827 οὔτε
480 778 585 834 παρ’
617 780 818 823 ἑωυτοῖσι
848 780 1014 836 ἔχοντες
1050 781 1408 835 πολιορκέεσθαι,
1445 781 1491 832 ἐς
1519 781 1673 824 Μυ-45

442 859 452 873 l
611 857 621 873 2
660 859 669 872 ἱ
736 858 748 873 7
821 859 829 872 Ι
1071 861 1084 874 Ι·
1140 858 1150 871 ἱ
1423 865 1440 872 a-
1535 858 1546 873 ⁹

330 865 536 916 Ξτιληνην
565 875 701 902 αυτον
731 870 1010 913 εκπεμπουσι.
1039 875 1082 901 οι
1111 860 1157 901 δε
1187 861 1501 913 Μυτιληναιοι,
1529 875 1617 905 επι-

354 938 599 993 πὲμποντος
641 940 723 980 τοῦ
768 937 999 992 Μαζάρεος
1046 936 1245 992 ἀγγελίας
1281 937 1501 980 ἐκδιδόναι
1537 937 1617 981 τὸν

357 1016 590 1073 Πακτύην,
622 1014 998 1071 παρεσκευάζοντο
1029 1015 1097 1059 ἐπὶ
1133 1019 1278 1072 μισθῷ
1308 1015 1397 1072 ὅσῳ
1427 1015 1501 1072 δή·
1561 1015 1616 1059 οὐ

356 1096 440 1153 γὰρ
475 1096 554 1152 ἔχω
583 1093 719 1139 τοῦτό
747 1111 795 1150 γε
825 1095 962 1139 εἰπεῖν
996 1093 1225 1150 ἀτρεκέως·
1259 1093 1313 1137 οὐ
1339 1092 1424 1150 γάρ
1454 1093 1618 1138 ἐτελεώ-

328 1183 350 1218 3
362 1181 434 1232 θη.

493 1178 689 1230 Κυμαῖοι
717 1174 825 1230 γὰρ,
876 1172 936 1226 ὦς
966 1175 1134 1230 ἔμαθον
1171 1177 1310 1218 ταῦτα
1337 1172 1620 1230 πρησσόμενα

356 1255 405 1300 ἐκ
433 1258 522 1298 τῶν
551 1255 889 1310 Μυτιληναίων,
917 1253 1160 1311 πέμψαντες
1187 1258 1344 1298 πλοῖον
1372 1253 1416 1305 ἐς
1434 1253 1619 1309 Λέσβον,
1631 1260 1676 1295 50

330 1334 639 1390 4ἐκκομίζουσι
668 1331 876 1390 Πακτύην
908 1334 950 1385 ἐς
979 1335 1096 1378 Χίον.
1125 1333 1327 1377 ἐνθεῦτεν
1357 1332 1425 1386 δὲ,
1455 1333 1499 1386 ἐξ
1518 1333 1621 1388 ἱροῦ

356 1413 589 1470 Ἀθηναίης
619 1411 871 1470 Πολιούχου
901 1411 1202 1464 ἀποσπασθεὶς
1239 1410 1328 1456 ὑπὸ
1356 1413 1500 1466 Χίων,
1542 1412 1622 1464 ἐξε·

361 1631 429 1672 ἵνα
449 1646 499 1685 γε
539 1625 831 1681 ἀσεβήσαντες]
872 1630 956 1669 Ste-

305 1701 394 1739 gero
411 1689 532 1727 Praef.
550 1688 599 1725 ad
617 1687 757 1725 Herod.
773 1701 811 1738 p.
829 1686 865 1724 X
879 1699 958 1724 ma-

305 1746 363 1794 gis
392 1759 435 1783 ex
465 1744 640 1794 loquendi
672 1757 740 1780 usu
775 1743 958 1781 Herodoti

305 1802 466 1839 videtur:
504 1800 572 1840 ἵνα
604 1814 653 1839 τε
683 1795 959 1852 ἀσεβήσαντες.

307 1859 420 1902 Quod
444 1862 589 1904 tamen,
618 1869 678 1894 me
701 1861 868 1905 auctore,
894 1857 962 1894 mi-

307 1915 406 1953 nime
427 1914 685 1965 recipiendum.

507 1997 540 2035 C
552 2010 574 2035 a
584 2010 621 2048 p.
651 1995 767 2034 CLX.

355 2079 396 2128 ἔς
413 2075 655 2131 Μυτιλήνην
676 2101 724 2107 --
750 2078 792 2119 οἴ
809 2075 852 2118 δὲ
869 2081 961 2118 Μυ-

308 2139 529 2187 τιληναῖοι]
567 2135 627 2174 De
655 2136 753 2173 vocis
784 2136 961 2186 scriptura

308 2195 452 2243 egimus
468 2194 516 2230 ad
535 2191 575 2239 I,
594 2194 723 2233 27.--
741 2191 961 2230 Universam

306 2249 435 2288 Nostri
477 2248 722 2286 narrationem
752 2249 799 2285 de
823 2247 960 2297 Pactya

306 2305 682 2355 Mytilenaeorumque
716 2309 753 2342 et
786 2304 960 2342 Chiorum

307 2374 421 2414 prava
439 2361 573 2410 agendi
602 2361 743 2399 ratione
761 2361 958 2410 reprehen-

307 2418 363 2457 dit
380 2416 590 2454 Plutarchus
621 2416 681 2464 (ll
700 2431 737 2467 p.
758 2418 861 2464 859,
884 2416 959 2466 A),

306 2473 408 2524 quod
425 2473 636 2511 Herodotus
663 2473 701 2509 in
723 2473 959 2521 Graecorum,

306 2529 535 2581 popularium
564 2541 730 2577 suorum,
757 2530 864 2567 rebus
883 2535 959 2567 tra-

308 2586 438 2625 dendis
460 2598 536 2622 non
553 2584 638 2622 satis
657 2585 795 2623 illorum
819 2586 960 2635 gloriae

309 2641 539 2680 consuluerit.
576 2639 630 2678 Ac
647 2640 825 2679 Charonis
847 2641 961 2680 Lam-

309 2698 457 2749 psaceni
496 2697 651 2747 opponit
697 2699 961 2746 auctoritatem,

311 2753 400 2791 nihil
417 2754 465 2792 de
477 2753 649 2791 Chiorum
659 2765 726 2792 nec
742 2753 962 2802 Mytilenae-

311 2822 415 2847 orum
453 2809 588 2847 scelere
624 2811 825 2848 referentis.
883 2811 961 2848 Sed

312 2865 427 2916 ipsius
445 2865 624 2903 Charonis
653 2866 763 2904 verba
788 2879 861 2903 non
891 2867 960 2904 rite

310 2921 460 2972 intelligi
487 2925 679 2973 poterunt,
713 2923 781 2960 nisi
804 2923 961 2974 copiosi-

1024 1643 1125 1669 orem
1148 1631 1366 1669 adsumseris
1391 1629 1574 1668 Herodoti
1592 1643 1677 1668 nar-

1024 1687 1221 1734 rationem,
1251 1700 1319 1725 nec
1335 1687 1407 1724 iste
1426 1687 1579 1738 scriptor
1602 1687 1678 1725 fide

1027 1756 1292 1793 usquequaque
1310 1743 1444 1792 dignus
1458 1772 1471 1791 ,
1498 1756 1609 1794 quem
1631 1743 1678 1781 ab

1026 1800 1219 1838 Herodoto
1245 1800 1283 1838 in
1313 1799 1466 1837 historia
1492 1812 1559 1837 sua
1590 1812 1679 1837 con-

1030 1857 1220 1895 scribenda
1252 1856 1455 1894 consultum
1482 1859 1545 1893 aut
1579 1860 1679 1894 certe

1027 1913 1076 1950 illi
1106 1914 1333 1951 obversatum
1366 1925 1448 1950 esse
1477 1924 1523 1950 eo
1559 1911 1678 1949 minus

1029 1969 1254 2007 crediderim.
1311 1968 1395 2005 Vid.
1434 1968 1608 2006 Creuzer.
1640 1968 1679 2005 in

1027 2026 1195 2074 fragmm.
1226 2024 1402 2062 historice.
1438 2037 1475 2075 p.
1497 2026 1577 2065 100
1601 2037 1679 2074 seq.

1029 2084 1066 2118 et
1098 2080 1318 2120 Dahlmann.
1341 2080 1522 2119 Herodot.
1540 2094 1578 2132 p.
1597 2083 1680 2123 117

1030 2149 1107 2186 seq.

1081 2188 1419 2244 παρεσκευάζοντο
1448 2191 1514 2232 ἐπὶ
1543 2194 1681 2247 μισθῷ

1026 2246 1120 2304 ’ὅσῳ
1141 2245 1223 2300 δή]
1246 2250 1269 2287 i.
1291 2263 1322 2287 e.
1340 2262 1432 2298 „um
1450 2251 1547 2287 einen
1562 2249 1680 2297 Lokra,

1027 2308 1091 2343 wie
1119 2319 1218 2355 gross
1249 2306 1328 2343 oder
1355 2309 1483 2355 ger-ing
1515 2319 1552 2344 er
1586 2306 1680 2344 auch

1026 2375 1110 2413 seyn
1130 2362 1301 2400 mochtef‘
1347 2363 1403 2400 lta
1421 2364 1681 2413 interpretatur

1025 2419 1116 2457 haec
1144 2418 1321 2457 Matthiae
1353 2432 1398 2457 eo
1438 2419 1541 2467 loeo,
1571 2431 1680 2469 quem

1025 2475 1098 2514 iam
1117 2475 1261 2513 laudavi
1281 2476 1331 2513 ad
1356 2475 1398 2524 Ι,
1418 2475 1511 2517 157.
1569 2475 1679 2513 Conf.

1026 2531 1083 2580 11,
1115 2533 1208 2573 103.

1083 2586 1124 2635 ἐξ
1141 2587 1233 2640 ἱροῦ
1261 2581 1484 2638 Ἀθηναίης
1505 2582 1681 2627 Πολιού-

1029 2658 1101 2695 χου
1125 2639 1403 2689 ἀποσπασθεὶς
1417 2657 1454 2682 κ.
1475 2657 1508 2681 τ.
1526 2645 1574 2689 λ.]
1604 2643 1679 2681 Mi-

1028 2712 1177 2738 nervam
1199 2698 1422 2737 Athenarum
1450 2699 1489 2736 in
1510 2712 1594 2737 arce
1618 2701 1681 2751 pie

1028 2755 1159 2793 cultam
1181 2751 1363 2794 Πολιάδα
1384 2769 1413 2793 s.
1437 2757 1679 2807 Πολιοῦχον,

1028 2811 1135 2849 deam
1155 2811 1344 2850 tutelarem
1360 2825 1468 2850 nemo
1479 2813 1556 2851 fere
1572 2813 1680 2861 igno-

1026 2871 1092 2904 rat.
1151 2867 1242 2905 Inde
1261 2866 1354 2906 hane
1380 2870 1486 2905 deam
1504 2868 1613 2906 Iones
1635 2881 1679 2906 ex

1025 2922 1145 2960 Attica
1164 2937 1285 2963 secum
1298 2924 1336 2964 in
1349 2924 1508 2963 colonias
1518 2926 1678 2973 duxisse,

1686 1024 1740 1063 77
