1832 3315
676 244 895 283 CLIO.
954 246 980 283 1.
1433 254 1462 292 5

161 360 291 418 quoi
319 355 520 413 γενέσθαι
547 356 621 411 τῆς
647 354 875 411 διαφορῆς.
905 353 1090 407 τούτους
1117 355 1220 412 γὰρ,
1260 354 1348 403 ἀπὸ
1384 361 1502 415 τῆςιι

144 585 334 632 Φοίνικας
363 582 515 630 αἰτίους
552 581 652 632 φασὶ
685 581 789 637 γενέ-

141 647 238 682 σθαι
266 644 336 691 τῆς
360 640 568 690 διαφορῆς.

195 694 358 744 τούτους
383 695 457 749 γοῖρ
481 692 558 735 dud
579 697 650 746 τῆς
671 691 789 747 Ἐρυ-

139 757 248 807 θρῆς
282 752 518 804 καλεομένης
557 747 785 802 θαλάσσης]

138 812 237 848 Satis
255 812 349 848 inter
367 822 492 846 omnes
511 813 665 856 constat,
690 809 790 846 rubri

136 870 245 904 maris
275 867 518 917 appellatione
551 865 702 901 indicari
734 866 786 902 la-

136 924 219 960 tiori
256 937 365 960 sensu
413 935 555 959 omnem
599 921 785 959 Oceanum

134 979 359 1027 Australem,
389 979 475 1015 solis
492 978 640 1015 orientis
661 979 785 1025 radiis,

134 1038 284 1086 opinor,
343 1036 499 1085 primum
538 1034 783 1071 collustratiun

132 1093 290 1142 indeque
309 1093 569 1137 rubescentem,
599 1095 662 1126 aut
687 1092 783 1126 saxis

130 1149 339 1186 rubicundis
359 1149 396 1184 in
417 1148 521 1184 litore
540 1147 646 1183 rubro
663 1146 782 1183 colore

128 1205 429 1255 resplendentem.
492 1204 614 1246 Quare
682 1203 781 1251 quod

128 1262 433 1299 mediterraneum
469 1263 525 1296 est
560 1271 680 1304 mare,
729 1259 777 1294 illi

127 1318 230 1366 quasi
259 1317 488 1366 oppositum,
526 1328 548 1350 a
578 1314 613 1351 T
616 1314 708 1350 urcis
737 1328 779 1351 ac

125 1372 246 1410 Persis
276 1373 393 1409 album
421 1372 490 1407 dici
521 1374 680 1408 monent.
730 1370 777 1406 ll-

122 1429 192 1465 lius
217 1442 302 1467 vero
331 1442 411 1465 cum
431 1428 556 1464 crebra
577 1427 675 1476 apud
694 1426 775 1463 No-

122 1489 237 1523 strum
272 1486 336 1522 fiat
371 1485 506 1522 mentio
543 1497 623 1520 cum
656 1483 773 1519 latiori

121 1545 198 1579 tlnn
221 1542 363 1579 arctiori
383 1553 514 1588 sensu,
544 1539 697 1587 singulis
719 1539 773 1576 lo-

120 1599 171 1635 cis
237 1599 434 1635 accuratius
506 1596 771 1645 inquirendum.

120 1654 292 1704 Namque
329 1654 472 1691 arctiori
501 1665 612 1690 sensu
643 1657 769 1702 partes

119 1711 299 1760 quaedam
321 1711 412 1747 illius
429 1710 538 1746 maris
560 1709 687 1746 eadem
704 1709 769 1746 de-

117 1768 309 1816 signantur
363 1766 626 1816 appellatione,
693 1769 770 1802 tum

117 1825 218 1873 quod
237 1837 332 1860 nunc
360 1824 489 1860 dicitur
507 1835 599 1858 mare
616 1821 768 1868 rubrum,

116 1881 194 1918 sive
241 1883 339 1920 sinus
388 1879 580 1925 Arabicus,
625 1873 768 1923 κολπὸς

114 1931 341 1988 Ἀραβικός,
371 1949 465 1984 quae
488 1935 616 1972 eadem
641 1933 767 1983 appel-

114 1993 202 2030 latio
235 1994 333 2044 apud
374 1991 552 2029 Nostrum
590 1991 769 2027 invenitur

112 2049 162 2097 (l,
193 2052 284 2092 102.
312 2049 368 2096 H,
396 2050 432 2089 8.
466 2048 555 2089 158.
587 2047 677 2088 159.
704 2046 770 2094 lv,

113 2105 180 2146 41.
208 2105 279 2142 Th.
303 2105 370 2142 Ch.
388 2104 551 2152 Breiger.
570 2104 766 2140 Commen-

99 2165 176 2199 zat.
196 2163 243 2200 de
260 2161 449 2198 difficilior.
467 2161 635 2210 quibusd.
655 2158 766 2196 Asiae

113 2218 254 2255 Herod.
302 2218 471 2265 Gotting.
509 2216 615 2257 1795
644 2229 682 2265 p-
712 2216 764 2256 13

114 2273 226 2324 sqq.)
267 2278 369 2321 tum,
432 2273 494 2322 qui
530 2275 627 2309 sinus
676 2271 764 2308 dici-

112 2333 172 2367 tur
214 2329 387 2368 Persicus.
432 2329 516 2366 Vid.
554 2329 717 2376 Breiger.
738 2327 761 2365 l.

111 2385 135 2423 l.
165 2400 202 2437 p.
237 2389 285 2428 11
318 2400 399 2436 sqq.
440 2386 568 2434 Heyse
593 2385 759 2428 Quaestt.

111 2455 148 2492 p.
172 2442 263 2483 104.
292 2443 374 2480 Hoc
390 2443 471 2478 loco
491 2442 552 2490 qui
573 2441 762 2478 Arabiam

111 2499 317 2547 intelligunt
357 2500 492 2545 sinum,
538 2497 760 2534 Phoenicum

109 2556 217 2594 sedes
237 2556 437 2606 primitivas
468 2555 518 2590 ad
544 2554 636 2591 illius
661 2555 760 2590 sinus

109 2610 236 2659 litora,
285 2612 336 2649 ad
385 2611 590 2649 Aelanitem
629 2611 760 2656 sinum,

109 2668 297 2716 referunt,
367 2669 559 2718 ipsamque
615 2670 762 2715 gentem

111 2720 302 2761 Arabicam
347 2738 430 2762 esse
478 2724 762 2769 Homeritarum,

114 2781 341 2816 contendunt.
399 2781 472 2824 Qui
511 2779 689 2816 Persicum
712 2779 762 2815 si-

116 2844 201 2868 num
223 2834 281 2872 hic
296 2836 495 2885 intelligere
513 2837 649 2883 malint,
662 2837 764 2872 Stra—

119 2887 214 2926 bone
245 2892 471 2940 potissimum
498 2896 646 2930 utuntur
670 2896 765 2931 teste

846 585 882 633 (I
904 599 941 636 p.
971 585 1026 627 42
1046 598 1074 622 S.
1095 586 1163 633 73,
1183 584 1227 624 A.
1254 585 1342 625 XVI
1356 600 1393 638 p.
1413 588 1496 629 784

844 655 875 679 s.
912 644 1037 689 1131,
1066 641 1110 679 A.
1149 642 1193 679 Β.
1238 644 1322 681 add.
1368 644 1493 681 lustin.

844 698 978 745 XV111‚
994 700 1032 739 3.
1061 698 1219 747 Hesych.
1239 701 1306 737 sub
1325 713 1358 737 v.
1377 696 1494 739 Σιδό-

843 769 925 793 νιοι
954 756 1061 802 ete),
1091 755 1151 803 qui
1180 755 1380 793 Phoenices
1406 771 1427 794 e
1445 757 1493 792 si-

842 824 891 847 nu
916 811 1062 848 Persico
1089 812 1137 847 ad
1164 824 1265 849 mare
1281 813 1494 850 mediterra-

841 880 949 904 neum
968 867 1227 915 commigrasse
1249 863 1382 905 scribit.
1412 869 1492 906 Un-

841 924 889 961 de
916 923 1074 971 vulgaris
1111 927 1190 959 orta
1228 925 1409 962 sententia
1445 925 1493 963 de

839 979 1060 1016 Phoenicum
1095 980 1243 1016 sedibus
1267 981 1491 1030 principibus

839 1037 887 1072 ad
919 1036 1037 1072 sinum
1064 1035 1274 1084 Persicum,
1308 1038 1411 1074 unde.
1433 1038 1489 1076 vel

836 1095 936 1128 recta
970 1093 1028 1127 via
1057 1092 1104 1127 ad
1138 1104 1238 1129 mare
1278 1093 1490 1131 mediterra-

836 1159 946 1184 neum
972 1148 1184 1195 migrarint,
1223 1148 1408 1198 vel‚„prius
1440 1151 1488 1186 ad

834 1203 954 1240 sinum
993 1202 1186 1239 Arabicum
1215 1201 1367 1253 profecti
1401 1206 1488 1244 inde

835 1259 979 1296 demum
1002 1260 1049 1295 ad
1067 1259 1159 1295 illius
1178 1260 1288 1296 maris
1303 1273 1386 1297 oras
1401 1274 1486 1310 per-

832 1315 1005 1353 venerint.
1055 1315 1159 1358 Quae
1195 1329 1292 1353 nunc
1321 1316 1484 1366 pluribus

832 1384 1014 1422 exponere
1066 1384 1141 1407 non
1192 1377 1306 1409 vacat.
1372 1373 1484 1411 Plura

829 1427 940 1465 Beck.
968 1428 1190 1476 VVeltgesch.
1212 1428 1229 1464 I
1255 1442 1292 1478 p.
1314 1428 1396 1469 258
1424 1443 1483 1479 sq.

831 1488 867 1521 et
884 1485 1013 1522 Ritter.
1034 1484 1237 1521 Erdkunde
1262 1484 1297 1521 Π
1328 1498 1364 1534 p.
1387 1487 1479 1526 163.

828 1539 888 1577 Ad
906 1541 1134 1578 Herodotum
1153 1544 1385 1587 revertamur,
1404 1542 1483 1590 qui,

828 1598 858 1633 si
885 1600 1000 1634 sinzcm
1030 1596 1209 1633 Persicum
1237 1597 1336 1634 rubri
1368 1598 1481 1634 maris

826 1653 1070 1704 appellatione
1103 1653 1301 1700 intellexit,
1329 1655 1478 1702 egregie

826 1710 983 1747 firmabit
1012 1709 1107 1746 illam
1135 1710 1378 1757 sententiam,
1402 1722 1480 1759 qua.

823 1766 1022 1803 Phoenices
1062 1766 1236 1815 primitus.
1278 1766 1326 1802 ad
1366 1766 1475 1803 istum

822 1823 943 1859 sinum
962 1822 1215 1868 habitaverint,
1240 1834 1262 1858 a
1281 1821 1477 1870 Strabone,

824 1878 903 1915 aliis
931 1878 1131 1927 prolatam,
1167 1878 1324 1927 ipsoque
1351 1877 1474 1915 Hero-

823 1935 911 1971 doto
927 1935 1121 1971 indicatam
1140 1933 1225 1981 VII,
1251 1936 1316 1974 89.
1373 1933 1474 1971 Nam

824 1992 871 2028 de
896 1991 1047 2028 Arabico
1079 1992 1160 2027 sinu
1184 1990 1282 2026 haud
1308 1990 1473 2038 cogitaue-

823 2048 911 2084 dum
939 2060 1021 2084 esse
1043 2049 1168 2085 monet
1190 2045 1405 2082 Dahlmann.
1435 2060 1474 2096 p.

824 2105 889 2145 82.
917 2105 980 2143 83.
1013 2104 1075 2152 qui
1100 2104 1200 2152 quod
1221 2102 1339 2138 latiori
1359 2115 1472 2139 sensu

821 2159 880 2196 hic
905 2160 1047 2196 rubrum
1077 2172 1172 2196 mare
1196 2158 1346 2207 intelligi
1381 2158 1473 2205 vult,

820 2215 919 2252 haud
948 2229 1097 2266 prorsus
1125 2221 1253 2253 tamen
1270 2214 1471 2251 sententiae

817 2271 926 2320 vulgo
944 2276 1110 2322 receptae
1124 2273 1346 2308 adversatur.
1361 2271 1468 2307 Creu-

816 2341 916 2364 zerus
941 2328 1040 2365 hisce
1072 2327 1284 2377 adscripsit:
1322 2327 1471 2374 „Confi

813 2383 979 2422 Itinerar.
1030 2383 1222 2421 Alexandr.
1274 2383 1332 2420 ed.
1377 2383 1471 2420 Mai-

816 2440 1040 2490 (Mediolan.
1088 2441 1222 2488 1017)
1275 2437 1312 2489 ἓ
1368 2442 1468 2480 11οε

815 2497 971 2547 „„lpsa
1001 2496 1142 2545 (India)
1174 2508 1261 2532 vero
1292 2496 1468 2533 extrinse-

815 2567 878 2590 cus
896 2554 1031 2602 ubique
1053 2554 1202 2591 Oceano
1223 2552 1392 2599 munitur,
1411 2552 1468 2588 in-

815 2610 945 2647 terfluo
963 2610 1053 2647 mari
1069 2608 1226 2659 Hippalo
1246 2608 1361 2656 (Cod.
1372 2608 1468 2657 Hip-

817 2665 957 2716 pallo),
973 2667 1088 2703 ‘cuius
1120 2666 1220 2702 sinus
1251 2665 1384 2701 Persas
1413 2664 1468 2700 in-

816 2722 994 2759 cludit.““
1032 2721 1212 2759 Nimirum
1248 2733 1342 2757 mare
1367 2719 1465 2770 Ery-

817 2779 977 2815 thraeum
1016 2778 1235 2828 appellatum
1270 2777 1379 2814 etiam
1412 2780 1470 2813 est

819 2848 912 2872 mare
934 2834 1140 2885 Hippalum.
1177 2834 1262 2870 Vid.
1283 2833 1470 2870 Letronne

821 2892 861 2929 in
897 2891 1047 2929 Journal
1090 2891 1126 2928 d.
1160 2890 1303 2929 Savans
1351 2890 1469 2930 1818.
