1805 3315
631 241 844 281 CLIO.
901 243 929 283 1.
1347 249 1426 288 111

1526 357 1657 395 Modus,
1693 370 1753 398 qno

1475 393 1574 419 teuta
1574 381 1679 422 ticio
1664 404 1715 423 ose
1719 406 1753 425 us

26 360 93 408 47
141 363 259 402 σθαι.

139 451 274 493 πεμπε
309 433 352 484 ἐς
390 431 470 488 τὴν
509 430 740 488 διαπειρτι)
786 436 873 476 τῶν
913 435 1210 490 χρηστηρίων·
1260 432 1337 478 da'
1378 430 1430 492 ἧς
1476 428 1754 498 ἓυῖιυέἓέριὲἕὲιᾶιέ-

138 517 194 560 ἂν
221 513 379 570 ἡμέρης
409 509 659 568 ὁρμηθέωσι
687 511 735 556 ἐκ
765 515 993 567 Σαρδίων,
1025 510 1110 556 ἀπὸ
1141 513 1302 572 ταύτης
1330 532 1428 571 ημε-
1477 523 1534 564 22

319 350 637 409 Ἐντειλαμενος
682 353 728 396 δὲ
768 358 882 397 τοῖσι
925 354 1112 397 Λυδοῖσι
1148 354 1276 407 τάδε,
1329 353 1429 400 (ἔπε’-

136 593 421 649 ρολογέοντας
464 592 542 636 τὸν
585 591 743 635 λοιπὸν
789 590 976 648 χρόνον,
1029 592 1239 649 ἑκατοστῇ
1289 594 1478 653 ἡμέρῃῙὸ

133 676 323 729 χρῆσθαι
345 676 457 715 τοῖσι
472 673 780 728 χρηστηρίοισι,
808 671 1140 727 ἐπειρωτέοντας
1157 672 1183 717 ὅ
1204 691 1245 717 τι
1267 674 1431 718 ποιέων

133 751 340 809 τυγχάνοι
378 749 402 795 ὁ
441 753 603 794 Λυδῶν
641 751 844 808 βασιλεύς
884 755 1076 807 Κροῖσος
1119 750 1143 796 ὁ
1178 751 1430 800 Ἀλυάττεω.

112 831 249 877 Ξᾶσσοε
279 829 321 876 δ’
356 831 413 875 ἂν
451 831 610 875 ἕκαστα
650 833 738 874 τῶν
764 833 1039 888 χρηστηρίων
1077 834 1287 890 θεσπίσῃ,
1329 845 1429 891 συγ-

112 910 446 968 3γραψαμένους
475 908 717 968 ἀναφέρειν
746 908 856 965 παρ’
887 910 1064 955 ἑωυτόν.
1089 911 1146 955 “O
1174 929 1215 956 τι
1244 912 1324 969 μέν
1343 931 1429 959 νυν

93 1071 403 1128 στρατεύεσθαι]
442 1073 650 1113 Werferum
681 1075 747 1123 (in

91 1134 186 1170 Actt.
218 1133 318 1184 phill.
346 1133 512 1170 Monacc.
544 1132 561 1169 I
592 1146 628 1182 p.
652 1135 748 1179 230,

91 1190 153 1227 ubi
179 1194 343 1226 nostrum
374 1189 513 1236 locum,
562 1189 748 1238 probante

92 1246 310 1295 Schweigh.,
340 1246 394 1283 sic
411 1246 537 1282 vertit:
568 1259 613 1281 an
645 1258 747 1294 expe-

92 1303 257 1340 ditionem
281 1304 451 1351 suscipere
466 1301 490 1337 cl
501 1315 517 1338 e
526 1301 544 1337 b
556 1315 572 1338 e
582 1314 600 1338 r
609 1315 626 1338 e
637 1303 670 1350 t)
691 1302 747 1338 of-

96 1360 213 1398 fendit
240 1359 423 1409 optativus
452 1356 681 1411 ἐπιχειρέοι,
710 1358 748 1395 in

94 1416 383 1463 coniunctivum,
425 1419 554 1465 utpote
598 1416 749 1452 modum

92 1472 392 1520 deliberativum,
442 1472 637 1509 mutandus
667 1470 748 1510 ἐπι-

91 1527 234 1583 χειρέῃ.
318 1528 377 1566 De
413 1541 486 1578 quo
522 1529 748 1565 coniunctivo

91 1586 163 1622 vid.
194 1585 241 1622 ad
271 1585 310 1633 I,
344 1585 397 1626 53
427 1590 464 1622 et
491 1587 584 1622 conf.
615 1586 661 1632 V,
683 1588 747 1626 67.

94 1643 160 1683 82.
190 1641 289 1689 VIII,
310 1644 379 1689 67,
400 1642 462 1679 ubi
482 1643 747 1679 coniunctivmn

93 1697 283 1736 werferus
303 1699 501 1748 repositum
533 1699 631 1746 vult,
661 1712 748 1748 pro-

94 1754 147 1791 uti
181 1755 289 1792 etiam
324 1755 509 1805 placuerat
549 1755 747 1793 Schaesero

94 1811 143 1848 ad
180 1810 367 1849 Lambert.
403 1811 490 1848 Bos.
520 1812 567 1848 de
597 1811 747 1862 Ellipss.

92 1879 179 1918 pag.
216 1867 310 1910 754.
380 1867 521 1905 Nostro
555 1867 635 1905 loco
675 1881 747 1918 quo

93 1924 210 1961 minus
231 1925 447 1975 recipiamus
463 1923 748 1979 ἐπιχειρέῃωίο-

92 1984 190 2018 stant
208 1980 288 2018 libri
309 1982 453 2031 scripti,
483 1994 637 2030 quorum
659 1995 747 2019 con-

92 2038 214 2074 sensui
233 2038 270 2074 in
291 2038 495 2074 huiusmodi
516 2039 626 2075 rebus
651 2051 745 2075 non—

91 2093 178 2130 nihil
194 2095 424 2131 tribuendum
441 2108 524 2133 ess-c
535 2108 724 2133 censemus
735 2108 745 2142 3

91 2150 215 2187 obstat
232 2152 313 2201 ipsa
344 2151 413 2189 loci
435 2152 546 2198 ratio,
576 2165 685 2201 quem
714 2152 745 2188 si

92 2208 292 2257 acceperis:
327 2221 375 2245 an
394 2208 644 2258 expeditionem
665 2222 743 2246 sus-

93 2264 205 2313 cipere
237 2267 375 2313 posset,
422 2265 523 2302 nulla
545 2266 677 2316 opinor
705 2279 744 2303 e-

92 2320 326 2358 mendatione
346 2321 413 2358 erit
433 2334 536 2372 opus.
578 2321 641 2359 Tu
659 2335 746 2359 con-

94 2374 160 2413 sul.
171 2376 310 2426 optime
323 2382 532 2416 monentem
543 2378 749 2416 Hermann.

93 2432 143 2470 ad
163 2432 286 2482 Viger.
308 2447 394 2485 pag.
414 2436 508 2476 947.

273 2512 385 2564 Cap
413 2512 566 2550 XLVII.

149 2564 483 2638 ᾖμερολογέοντας
510 2566 577 2610 τὸν
606 2568 747 2611 λοιπὸν

96 2618 263 2674 χρόνον,
313 2625 570 2682 ἓκατοστῆ
616 2625 745 2682 ’ἡμέρῃ

97 2680 292 2745 χρῆσθαι]
321 2681 423 2720 Libri
444 2684 568 2733 scripti
596 2696 744 2722 omnes:

101 2732 260 2783 ἕκαστος
296 2741 345 2793 τῇ
381 2740 438 2777 vel
473 2738 636 2779 ἕκαστον
674 2743 747 2795 τῆ,-

100 2791 198 2838 quod
222 2805 298 2829 cum
335 2796 420 2832 ferri
447 2809 521 2833 non
551 2798 745 2846 potuisset,

98 2847 196 2882 vario
230 2851 336 2886 modo
360 2851 475 2889 locmn
509 2865 639 2890 sanare
668 2858 745 2890 stu-

99 2902 254 2940 duerunt
268 2905 332 2942 viri
343 2907 439 2946 docti
452 2938 462 2957 ,
492 2921 645 2959 quorum
658 2923 744 2948 con-

815 1077 972 1114 iecturas
996 1074 1116 1113 retulit
1136 1074 1359 1127 VVesseling.
1390 1077 1473 1116 Nos

816 1146 896 1170 cum
914 1133 1044 1170 eodem
1055 1132 1304 1182 W'esselingio
1319 1135 1473 1184 aliisque

816 1189 1016 1227 editoribus
1044 1190 1157 1226 secuti
1188 1203 1312 1226 sumus
1333 1191 1475 1241 palina-

816 1247 906 1283 riam
917 1245 1083 1294 Bergleri
1103 1247 1395 1284 emendationem
1415 1248 1474 1296 (in

816 1301 913 1340 Actt.
934 1301 1058 1352 Lipss.
1091 1305 1199 1343 1716
1232 1315 1319 1353 pag.
1341 1303 1474 1353 421):

817 1357 1009 1412 ἑκατοστῇ
1029 1356 1158 1412 ’ἡμέρῃ
1189 1360 1211 1396 i.
1234 1372 1264 1396 e.
1287 1364 1473 1400 centesima

817 1416 872 1453 (lie
892 1416 970 1452 illos
994 1415 1176 1452 oraculum
1196 1417 1385 1455 consulere
1398 1419 1474 1455 ius-

817 1473 886 1520 sit,
925 1476 966 1509 ut
994 1472 1129 1510 scilicet
1156 1485 1229 1509 una
1267 1475 1473 1525 eademque

817 1530 985 1566 omnibus
1016 1534 1115 1567 esset
1143 1529 1349 1568 sciscitandi
1376 1532 1471 1580 dies,

816 1586 873 1624 vel
892 1587 956 1633 iis,
978 1587 1109 1635 quibus
1128 1585 1273 1635 longius
1286 1588 1354 1625 iter
1374 1592 1474 1626 esset

815 1643 1035 1680 faciundum.
1075 1664 1132 1671 ———-
1181 1643 1254 1680 Pro
1295 1647 1473 1696 χρῆσθαι

815 1699 994 1737 Matthiae
1032 1699 1169 1736 mavult
1203 1702 1378 1750 χρᾶσθαι
1413 1702 1472 1740 vel

816 1755 1024 1807 χρέεσθαι,
1053 1756 1105 1792 uti
1126 1756 1216 1793 alias
1244 1757 1351 1796 Iones
1373 1759 1473 1796 dice-

816 1827 856 1851 re
890 1812 1029 1860 solent,
1075 1813 1230 1863 ipseque
1256 1813 1473 1864 Pausanias,

815 1870 915 1919 apud
940 1882 1048 1919 quem
1078 1871 1250 1919 frequens
1280 1884 1324 1908 ex
1350 1872 1474 1910 Hero-

815 1927 892 1964 doti
913 1927 1112 1964 imitatione
1133 1929 1329 1977 χρᾶσθαι,
1348 1932 1388 1965 ut
1404 1930 1472 1967 be-

814 1996 862 2021 ne
891 1983 1029 2020 notavit
1055 1983 1220 2021 Siebelis.
1250 1985 1298 2022 ad
1325 1985 1384 2032 II,
1415 1987 1472 2027 28

815 2038 852 2091 §.
875 2042 913 2081 3.
974 2040 1069 2077 Cum
1088 2053 1173 2077 vero
1193 2041 1227 2078 h.
1248 2041 1270 2078 l.
1291 2042 1408 2079 nullus
1426 2042 1470 2078 li-

813 2098 879 2135 ber
898 2096 993 2133 hanc
1012 2097 1167 2134 formam
1189 2099 1380 2148 praebeat,
1393 2098 1474 2135 vul-

813 2158 939 2204 gatam
957 2156 1099 2191 mutare
1129 2166 1205 2191 non
1234 2168 1358 2192 sumus
1381 2156 1473 2194 ausi.

869 2229 1200 2284 ἐπειρωτέοντας]
1250 2234 1370 2272 Valde
1412 2234 1472 2272 hic

813 2290 957 2327 codices
1003 2290 1166 2338 variant,
1217 2303 1374 2340 quorum
1408 2291 1470 2328 alii

814 2345 1110 2398 ἐπειρωτῶντας
1167 2346 1271 2394 (sive
1310 2347 1472 2400 ἐπειρω-

815 2403 1012 2451 τῶντες),
1063 2403 1123 2440 alii
1163 2402 1469 2456 ἐπηρωτέοντας.

815 2459 876 2498 De
899 2459 957 2496 his
976 2460 1101 2496 formis
1136 2459 1202 2498 Cr.
1232 2461 1370 2497 consuli
1393 2461 1472 2499 vult

816 2517 976 2565 Gregor.
988 2516 1151 2553 Corinth.
1174 2518 1221 2555 de
1235 2517 1377 2556 dialect.
1390 2518 1470 2557 Ion.

816 2571 853 2624 §-
875 2576 928 2614 73
953 2585 1039 2622 pag
1060 2573 1143 2614 482
1165 2574 1255 2624 ibiq.
1283 2573 1471 2612 Schaefer.

813 2651 870 2658 ·—-
910 2629 1025 2667 Paulo
1067 2634 1155 2680 post
1184 2644 1252 2681 pro
1281 2645 1471 2696 τυγχανοι

812 2685 908 2724 male
943 2685 1023 2722 libri
1061 2687 1209 2735 quidam
1245 2684 1469 2740 τυγχάνει,

817 2755 897 2780 cum
929 2743 1130 2793 optativum
1168 2743 1251 2793 ipsa
1288 2745 1470 2782 sententia

814 2801 966 2848 flagitet.
1026 2799 1095 2836 Est
1113 2800 1207 2837 enim
1226 2801 1294 2837 loci
1317 2814 1468 2838 sensus:

813 2856 927 2904 „quid
948 2855 1049 2905 forte
1068 2861 1187 2906 ageret
1212 2858 1372 2896 Croesus
1391 2856 1468 2904 Ly·-

813 2912 941 2949 dorum
961 2913 1064 2951 rex.“
