1759 3324
30 1099 61 1143 3
118 1108 225 1147 ρους
254 1089 366 1135 εἶναι
396 1091 584 1136 ἑωυτῶν.

505 262 1029 307 EU'I‘ERPE.11.

1307 264 1393 305 479

95 385 281 439 7χεῖρας.
337 377 389 422 τὰ
418 376 497 433 μὲν
527 375 580 432 δὴ
622 378 775 429 πρῶτα
811 369 1030 425 οἰκούσας,
1081 369 1244 428 ἥσυχος
1272 365 1329 428 ἦν
1358 369 1384 415 ὁ

122 459 298 516 ποιμήν.
345 455 404 508 ὥς
432 455 479 500 δὲ
507 453 696 498 πολλάκι
735 441 958 509 φοιτέοντι
993 451 1069 496 καὶ
1097 451 1390 508 ἐπιμελομένῳ

123 536 288 583 πολλόν
324 530 381 591 ἦν
417 537 550 578 τοῦτο
590 532 640 577 τὸ
678 533 803 585 ἔπος,
862 531 979 576 οὕτω
1009 529 1062 589 δὴ
1095 530 1292 588 σημήνας
1321 533 1386 588 τῷ
1400 535 1446 570 35

122 614 329 672 δεσπότῃ,
369 612 503 670 ἤγαγε
526 611 580 657 τοὶ
609 614 764 656 παιδία
793 612 1077 663 κελεύσαντος
1106 611 1150 663 ἐς
1180 610 1285 664 ὄψιν
1310 609 1390 667 τὴν

93 696 305 740 δέκείνου.
337 691 531 744 ἀκούσας
562 693 608 737 δὲ
637 693 711 736 καὶ
736 691 869 744 αὐτὸς
891 692 914 736 ὁ
947 692 1238 748 Ψαμμίτιχος,
1257 690 1389 734 ἐπυν-

90 774 284 818 9θοὲνετο
316 774 473 824 οἵτινες
504 770 756 828 ἀνθρώπων
787 771 916 829 βεκός
945 789 986 816 τι
1016 772 1233 816 καλέουσι.
1276 786 1388 814 πυν-

117 851 362 908 θανόμενος
392 852 463 904 δὲ,
507 852 682 907 εὕρισκε
720 852 898 908 Φρύγας
936 850 1172 902 καλέοντας
1200 850 1278 894 τὸν
1308 848 1388 905 ἅρ-

117 947 207 975 τον.
265 931 383 975 οὕτω
424 931 733 989 συνεχώρησαν
770 931 1024 989 Αἰγύπτιοι,
1085 931 1158 974 καὶ
1201 928 1445 987 τοιούτῳ40

117 1011 473 1068 σταθμησάμενοι
508 1011 753 1069 πρήγματι,
806 1011 913 1063 τούς
945 1011 1121 1067 Φρύγας
1151 1008 1386 1067 πρεσβυτέ-

635 1087 739 1136 ῖ,Ωδε
777 1092 856 1149 μὲν
890 1092 1097 1147 γενέσθαι
1133 1094 1221 1133 τῶν
1252 1089 1382 1144 ἱρέων

115 1175 196 1215 τοῦ
220 1169 464 1226 Ἡφαίστου
502 1171 551 1216 ἐν
586 1170 745 1228 Μέμφι
778 1170 958 1228 ἤκουον.
1005 1169 1208 1226 Ἕλληνες
1238 1169 1284 1213 δὲ
1313 1167 1382 1212 λέ-

118 1343 383 1399 ἕπιμελομένῳ
429 1341 574 1385 πολλόν
623 1339 677 1397 ἧν
696 1344 711 1396 ]

60 1401 181 1450 Vulgo
199 1400 511 1454 ἐπιμελουμένῳ
522 1419 534 1451 ,·
564 1415 630 1440 nos
648 1404 713 1440 de-

61 1458 177 1495 dimus
197 1457 304 1505 illud,
328 1459 427 1507 quod
441 1458 539 1495 libris
559 1472 713 1496 consen-

59 1515 231 1552 tientibus
242 1515 422 1552 revocavit
432 1515 714 1565 Schweighaeu-

61 1584 175 1609 serus.

115 1641 182 1666 και
192 1641 361 1666 τοιουτω
384 1622 711 1679 σταθμησαμενοι

60 1680 319 1735 πρήγματι]ἰ.
343 1697 374 1721 e.
405 1688 447 1721 et
472 1697 510 1721 eo
537 1685 714 1750 quitdem

59 1743 263 1789 argumento
305 1739 425 1785 duct2·;
476 1741 576 1790 quod
613 1742 714 1790 iungi

61 1796 172 1834 debet
191 1809 269 1834 cum
284 1793 578 1849 συνεχώρησαν,
599 1811 621 1835 a
641 1811 714 1848 quo

59 1852 140 1903 ipso
162 1853 325 1903 pendent
337 1853 476 1903 reliqua
497 1868 590 1900 τους
605 1849 715 1905 Φρυ-

59 1923 130 1975 γας
163 1908 455 1961 πρεσβυτέρους
484 1906 586 1949 εἶναι
621 1909 714 1950 ἕωυ

58 1979 151 2004 των.
207 1966 366 2013 Moneo,
396 1980 443 2005 ne
473 1967 509 2004 in
537 1971 714 2005 structura

59 2022 140 2071 quis
162 2021 331 2070 haereat,
361 2023 398 2059 in
427 2036 499 2072 qua
526 2023 599 2061 iam
625 2023 713 2061 nihil

60 2078 148 2126 erit,
178 2079 275 2128 quod
292 2093 358 2116 nos
377 2080 552 2117 offendat.
568 2102 625 2108 —-
653 2080 712 2118 De

58 2133 138 2184 ipsa
166 2147 207 2172 re
239 2136 309 2172 iam
337 2136 385 2173 ad
412 2136 551 2173 initium
583 2137 711 2187 capitis

59 2192 238 2239 quaedam
262 2193 477 2230 monuimus.
541 2193 613 2231 Hic
643 2193 712 2231 loci

58 2245 229 2285 Larcheri
248 2253 414 2287 notamus
433 2250 626 2298 iudicium,
647 2250 710 2299 qui

0 2317 3 2342 1
59 2302 350 2342 Psammitichum
408 2311 533 2345 censet
587 2307 708 2344 minus

58 2371 210 2408 gnarum
230 2361 379 2410 originis
391 2362 590 2412 Phrygum,
601 2363 709 2414 quip-

57 2427 107 2465 pe
126 2428 219 2464 quae
251 2431 342 2466 gens
374 2420 420 2456 sit
447 2420 568 2469 stirpis
585 2419 706 2456 Euro-

58 2471 205 2521 paeicae
222 2473 321 2521 (coll.
342 2475 482 2513 Herod.
507 2476 598 2523 VII,
615 2477 704 2524 73),

58 2527 225 2576 adeoque
249 2533 343 2569 teste
368 2532 550 2571 Strabone
579 2532 640 2569 lib.
668 2532 705 2570 X

59 2594 146 2632 pag.
167 2586 270 2632 722,
291 2586 323 2624 A
354 2587 535 2626 Thracum
553 2588 705 2626 colonia.

62 2637 146 2680 Quo
166 2642 286 2678 tamen
304 2644 433 2681 rectius
458 2646 627 2684 statuisse
652 2646 707 2682 vi-

62 2693 167 2731 detur
185 2694 322 2735 Hoeck.
341 2699 474 2747 (Creta
495 2701 512 2738 1
527 2714 613 2752 pag.
629 2705 708 2744 117

65 2762 143 2799 seq.
169 2752 279 2800 127).
335 2754 392 2792 Ex
408 2756 587 2795 Herodoti
613 2758 708 2796 enim

62 2806 267 2845 narratione
282 2808 368 2848 illud
387 2816 482 2851 certe
493 2813 611 2863 colligi
621 2827 709 2863 pos-

63 2874 104 2898 se
123 2866 240 2911 putat,
250 2863 411 2915 Phryges
431 2868 513 2906 olim
532 2871 710 2920 antiquis-

62 2916 174 2954 simos
202 2918 307 2968 vulgo
326 2922 465 2962 habitos
485 2938 588 2974 esse,
618 2926 709 2964 mul-

780 1349 932 1396 tumque
960 1344 1240 1394 distinguendos
1269 1355 1291 1379 a
1319 1343 1438 1380 Grae-

781 1404 832 1440 cis
844 1431 855 1450 ‚
885 1416 963 1440 cum
983 1407 1105 1452 patres
1123 1401 1294 1438 habuisse
1308 1399 1438 1436 Arme-

780 1459 860 1496 nios
901 1460 1097 1496 admodum
1143 1455 1333 1495 verisimile
1379 1456 1438 1504 sit,

780 1515 944 1565 illudque
963 1516 1072 1553 etiam
1100 1515 1276 1565 probetur
1299 1513 1436 1562 lingua,

781 1585 876 1622 quae
895 1577 935 1609 ut
963 1585 985 1609 a
1008 1572 1152 1609 Graeca
1172 1570 1296 1619 lingua
1316 1570 1367 1606 ita
1388 1570 1435 1606 ab

780 1629 859 1666 aliis
889 1628 1000 1679 plane
1027 1629 1192 1676 diversa,
1228 1626 1434 1676 Phrygibus

779 1684 970 1736 peculiaris
992 1686 1173 1734 quaedam
1197 1683 1315 1720 fuerit.

837 1741 878 1778 In
898 1741 1055 1778 clausula
1067 1742 1204 1778 addere
1215 1740 1325 1787 iuvat,
1335 1739 1437 1788 quod

782 1811 826 1836 ex
841 1799 971 1836 eodem
990 1797 1172 1835 Larchero
1187 1796 1436 1846 cognovimus,

783 1854 926 1892 saeculo
948 1855 1089 1892 decimo
1112 1853 1238 1903 quinto
1249 1856 1334 1903 post
1345 1852 1434 1890 Chr.

781 1925 817 1948 n.
838 1911 1010 1948 Iacobum
1029 1910 1092 1957 IV,
1125 1910 1271 1947 Scotiae
1296 1922 1436 1959 regem,

784 1967 899 2005 simile
915 1967 1102 2017 quoddam
1123 1971 1233 2015 atque
1253 1965 1436 2003 Psammi-

780 2025 912 2062 tichum
932 2024 1044 2061 fuisse
1075 2027 1274 2073 expertum.
1331 2022 1435 2060 Duos

779 2080 878 2117 illum
894 2081 1014 2118 ferunt
1032 2080 1187 2116 infantes
1214 2080 1251 2115 in
1279 2078 1435 2116 insulam

782 2137 968 2175 seclusisse
980 2166 991 2185 ‚
1009 2137 1135 2173 addito
1155 2140 1256 2172 muto
1273 2135 1434 2183 homine,

781 2194 843 2243 qui
858 2194 1021 2245 ipsorum
1042 2205 1162 2229 curam
1187 2196 1342 2241 gereret.
1374 2191 1435 2229 En

779 2251 879 2301 ipsos
908 2251 1089 2296 infantes,
1127 2249 1189 2285 ubi
1216 2249 1328 2286 adulti
1354 2249 1435 2286 fue-

777 2308 869 2355 rint,
888 2306 1055 2344 Paradisi
1081 2305 1242 2355 linguam
1263 2305 1287 2342 i.
1306 2319 1338 2343 e.
1354 2305 1435 2343 He·-

775 2364 935 2402 braicam
951 2363 1130 2402 edidisse!

995 2447 1026 2485 c
1039 2460 1106 2498 ap.
1143 2446 1208 2485 ΠΙ.

833 2524 911 2571 ὦδε
934 2528 1007 2583 μὲν
1031 2530 1222 2584 γενέσθαι
1245 2532 1324 2570 τῶν
1353 2526 1431 2583 ἷρέ.

775 2603 830 2627 ων
851 2590 924 2627 τοῦ
938 2587 1156 2638 Ἡφαίστου
1174 2603 1209 2627 κ.
1229 2602 1260 2626 τ.
1283 2585 1340 2638 λ.]
1370 2586 1431 2625 Ad

774 2645 970 2694 genitivum
991 2647 1071 2685 τῶν
1091 2643 1210 2697 ἱρέων
1224 2646 1319 2682 conf.
1331 2643 1432 2681 Mat-

775 2702 874 2739 thiae
895 2702 960 2739 Gr.
981 2703 1047 2740 Gr.
1070 2715 1155 2753 pag.
1172 2704 1254 2744 687
1275 2699 1312 2752 ἓ.
1332 2702 1429 2742 373.

776 2757 1014 2808 Hephaestum
1036 2773 1064 2796 s.
1087 2759 1303 2804 Vulcanum,
1327 2757 1427 2794 cuius

777 2816 985 2853 sacerdotes
1017 2829 1057 2854 se
1092 2813 1316 2853 consuluisse
1345 2812 1429 2850 No-

777 2875 850 2909 ster
879 2872 1023 2919 scribit,
1069 2871 1168 2908 haud
1203 2870 1311 2907 alium
1346 2881 1430 2906 esse

776 2940 819 2966 ac
849 2926 1114 2979 Aegyptiorum
1140 2927 1248 2965 deum
1272 2924 1429 2972 Phtlmh,

1439 1091 1510 1119 Edit
1545 1093 1684 1119 auctores

1440 1125 1641 1159 Herodotus‚a
1652 1124 1718 1159 qui-

1441 1160 1495 1188 bus
1512 1165 1649 1195 acceptas
1669 1166 1718 1184 res

1441 1194 1604 1230 Aegyptias
1623 1194 1717 1222 tradi-
