1777 3324
393 260 481 300 862

783 258 1254 298 HERODOTI

397 372 574 419 σωπῖτις
601 369 863 424 καλεομένη,
903 366 1047 411 Ναθῶ
1089 367 1137 410 τὸ
1172 367 1321 424 ἥμισυ.
1369 367 1417 411 ἐκ
1447 368 1524 423 μὲν
1554 367 1714 411 τού-45

394 464 480 490 των
509 451 597 490 τῶν
635 452 784 502 νομῶν
819 445 1101 503 Ἑρμοτύβιες
1140 449 1241 490 εἰσί·
1298 445 1547 503 γενόμενοι,
1586 446 1658 491 ὅτε

394 526 463 570 ἐπὶ
500 528 728 577 πλείστους
759 527 960 581 γενοίατο
982 559 994 578 ,
1045 526 1272 570 ἑκκαίδεκα
1310 525 1528 582 μυριάδες.
1587 527 1659 570 καὶ

390 604 563 649 τούτων
611 607 853 661 βαναυσίης
901 603 1046 656 οὐδεὶς
1103 605 1285 661 δεδάηκε
1346 604 1500 656 οὐδὲν,
1560 602 1656 648 ἀλλ’

233 696 334 741 166
394 682 598 727 ἄνεόνται
628 684 670 734 ἐς
699 683 747 726 τό
783 683 981 740 μάχιμον.
1019 686 1300 737 Καλασιρίων
1331 684 1376 727 δὲ
1408 686 1499 727 οἵδε
1532 682 1715 727 ἄλλοιὸο

391 764 522 819 νομοί
541 764 643 805 εἶσι·
681 765 896 819 Θηβαῖος,
926 764 1246 818 Βουβαστίτης,
1273 761 1505 819 Ἀφθίτης,
1527 764 1656 806 Τανί-

336 992 536 1030 Danxillius
557 1020 568 1038 ,
609 991 726 1029 minus
773 996 871 1030 recte
909 990 991 1029 mea

335 1049 482 1097 quidem
528 1049 718 1086 sententia.
799 1048 858 1086 Tu
893 1049 987 1085 conf.

336 1105 608 1142 Schlichthorst.
641 1105 664 1142 l.
697 1104 720 1142 l.
756 1118 842 1155 pag.
868 1108 922 1146 72
953 1109 989 1143 et

333 1161 518 1199 Mannert.
548 1161 605 1208 X,
631 1164 652 1202 1
680 1174 766 1212 pag.
787 1163 887 1208 568,
926 1162 988 1211 qui

333 1218 459 1256 Natho
483 1223 519 1255 et
546 1219 662 1268 ipsam
690 1218 842 1255 insulam
871 1218 988 1255 fuisse

335 1275 548 1324 suspicatur.
579 1296 634 1302 -
664 1275 705 1311 In
732 1288 834 1323 seqq.
861 1275 988 1325 scripsi

335 1345 416 1368 cum
458 1331 574 1368 Gaisf.
607 1327 760 1370 τούτων
797 1345 863 1380 pro
899 1347 988 1370 του-

334 1386 472 1436 τέων,
503 1393 542 1425 ut
565 1388 621 1435 H,
645 1387 724 1429 164
748 1383 897 1426 αὐτῶν
920 1401 988 1439 pro

333 1444 429 1493 vulg.
449 1439 636 1483 αὐτέων.

391 1498 454 1539 Γότε
476 1499 540 1539 εἰ-τὶ
563 1501 770 1546 πλείστους
790 1499 987 1553 γενοίατο]

335 1558 475 1595 Eadem
490 1558 670 1596 invenitur
686 1557 818 1594 locutio
836 1558 880 1604 H,
897 1560 987 1604 166,

334 1615 396 1651 ubi
430 1613 495 1653 ἐπὶ
523 1616 723 1665 exprimere
746 1615 888 1651 videtur
912 1614 989 1650 La-

334 1672 491 1708 tinorum
515 1671 573 1708 acl.
632 1671 740 1707 Conf.
763 1669 894 1707 Matth.
921 1671 986 1706 Gr.

336 1728 401 1764 Gr.
419 1741 505 1777 pag.
528 1730 646 1769 1169.
701 1727 777 1764 Sed
797 1728 912 1776 magis
928 1740 987 1764 me

334 1785 483 1833 quidem
512 1785 546 1821 h.
566 1784 587 1821 l.
616 1784 771 1820 advertit
802 1784 984 1833 optativus

333 1842 533 1893 γενοίατο,
563 1842 661 1877 cuius
679 1840 758 1876 loco
787 1840 923 1889 aliquot
942 1839 986 1875 li-

332 1897 390 1934 bri
431 1897 591 1934 offerunt
632 1895 836 1948 ἐγένοντος
886 1897 986 1945 quod

331 1955 451 2004 ipsum
474 1954 691 1991 documento
720 1966 800 1990 esse
830 1953 986 1999 videtur,

331 2011 548 2061 primitivam
568 2009 759 2047 lectionem
780 2010 888 2047 fuisse
909 2008 986 2061 ἔγε-

332 2064 468 2113 νέατο,
514 2079 610 2115 quae
653 2068 768 2103 forma
806 2066 988 2103 invenitur

331 2122 388 2168 ῘΙ,
413 2125 490 2163 166
523 2127 559 2160 et
587 2122 784 2159 illustratur
811 2135 832 2158 a
851 2122 984 2158 Matth.

333 2178 524 2227 pag-384.
557 2179 694 2216 Vereor
715 2180 832 2225 enim,
851 2184 890 2215 ut
907 2179 940 2214 h.
962 2178 985 2214 l.

332 2232 395 2273 ὅτε
420 2248 500 2271 cum
531 2236 694 2284 optativo
726 2235 773 2271 ad
800 2235 986 2283 vulgarem

335 2303 460 2336 usum,
501 2291 548 2327 de
583 2303 656 2339 quo
683 2290 813 2327 Matth.
843 2289 880 2340 ἓ.
903 2291 983 2331 521

332 2360 371 2398 p.
397 2346 503 2387 1005
527 2359 645 2395 seqq.‚
676 2346 840 2384 revocari
864 2350 986 2395 queat.

393 2397 482 2440 ἀλλ’
520 2397 702 2440 α’νέονται
738 2401 778 2447 ἐς
805 2398 847 2439 τὸ
878 2398 987 2451 μα’χι-

335 2457 426 2509 μον]
445 2454 630 2497 ἆνέονται
652 2472 733 2495 cum
750 2458 915 2494 videatur
932 2457 987 2493 ‹li-

334 2520 430 2552 ctum
448 2528 514 2565 pro
534 2508 711 2553 ἆνεῖνται
730 2514 819 2561 (vid.
840 2514 891 2560 ΙΙ,
911 2514 984 2561 65)

335 2585 356 2608 a
369 2572 481 2609 verbo
496 2566 647 2621 α’νίημι,
665 2571 762 2608 haud
773 2570 845 2607 scio
868 2582 914 2606 an
927 2583 985 2607 re-

333 2630 422 2664 ctius
444 2629 629 2678 scripseris
647 2623 861 2672 α’νέωνται,
883 2627 983 2674 quod

334 2686 488 2734 primum
520 2684 674 2721 coniecit
692 2684 742 2720 H.
762 2682 985 2732 Stephanus,

334 2741 510 2789 novisque
574 2741 773 2777 rationibus
829 2739 986 2776 firmavit

335 2797 547 2833 Buttmann.
567 2797 604 2833 in
624 2797 690 2833 Gr.
709 2796 774 2833 Gr.
795 2808 881 2845 pag.
900 2795 979 2836 541

335 2858 411 2889 not.
468 2853 522 2890 lta
549 2854 643 2890 enim
667 2853 810 2890 exhibet
826 2853 980 2900 optimus

333 2908 424 2947 liber
438 2909 683 2947 Florentinus.
713 2908 781 2945 Est
797 2921 884 2946 vero
899 2909 982 2946 red-

1059 992 1241 1030 dendum:
1258 997 1391 1030 vacant
1413 992 1572 1030 militiae.
1602 991 1715 1030 Haud

1059 1048 1165 1086 aliter
1193 1049 1246 1097 ll,
1270 1052 1368 1090 167:
1399 1047 1493 1095 τούς
1521 1048 1571 1096 ἐς
1599 1044 1713 1087 πόλε-

1059 1120 1135 1156 μον
1171 1101 1494 1156 α’νειμένους
1522 1107 1545 1143 i.
1573 1119 1603 1143 e.
1636 1118 1713 1153 eos,

1058 1164 1121 1213 qui
1136 1165 1188 1200 rei
1205 1162 1356 1200 militari
1372 1166 1513 1200 vacant.

1238 1247 1346 1298 Cap.
1378 1247 1544 1285 CLXVI.

1116 1332 1304 1383 Θηβαῖος,
1316 1330 1600 1382 Βουβαστίτης]
1611 1331 1712 1370 The-

1056 1389 1171 1426 banus
1198 1402 1326 1426 nomus
1345 1401 1366 1425 a
1385 1388 1596 1426 Thebarum
1623 1390 1712 1426 urbe

1057 1446 1343 1495 cognominatus.
1405 1445 1464 1481 Tu
1492 1446 1586 1481 conf.
1608 1445 1653 1491 ll,
1672 1443 1711 1484 4.

1060 1504 1123 1543 15.
1143 1502 1208 1543 42.
1266 1502 1323 1539 De
1342 1501 1497 1538 Bubastz·
1514 1503 1621 1547 urbe,
1643 1514 1712 1538 un-

1057 1559 1105 1596 de
1138 1558 1348 1596 Bubastites
1377 1571 1524 1604 nomus,
1555 1559 1709 1604 diximus

1057 1616 1105 1652 ad
1127 1614 1156 1650 Il
1172 1643 1181 1660 ‚
1204 1618 1269 1655 60.

1111 1665 1193 1720 ’Am
1206 1671 1322 1721 θίτη
1336 1669 1376 1721 ς]
1396 1670 1536 1708 Urbem
1556 1669 1710 1707 necHe-

1054 1729 1208 1765 rodotus
1251 1740 1319 1764 nec
1366 1728 1556 1776 quisquam
1605 1725 1709 1773 alius,

1056 1789 1229 1834 quantum
1255 1785 1352 1830 scio,
1389 1783 1569 1820 indicavit.
1629 1782 1710 1820 No-

1055 1855 1136 1878 mus
1155 1841 1247 1877 inter
1267 1840 1442 1877 Bubastia
1461 1845 1497 1877 et
1515 1839 1551 1876 T
1554 1839 1638 1876 anin
1660 1839 1709 1875 si-

1055 1902 1113 1934 tus
1139 1898 1281 1934 videtur
1305 1896 1489 1934 Larchero
1515 1901 1603 1934 tom.
1622 1895 1708 1933 VllI

1054 1967 1092 2005 p.
1114 1955 1168 1994 37
1196 1966 1225 1989 s.
1245 1965 1277 1989 v.

1119 2008 1311 2060 Τανίτης]
1350 2008 1496 2046 Tanites
1512 2020 1641 2045 nomus
1659 2008 1706 2045 ab

1055 2067 1146 2104 urbe
1171 2065 1285 2113 Tani,
1303 2079 1397 2115 quae
1420 2065 1609 2102 Herodoto
1626 2064 1708 2113 qui-

1056 2124 1140 2160 dem
1181 2135 1254 2159 non
1293 2123 1501 2159 nominatur
1518 2150 1529 2169 ,
1579 2133 1707 2170 quam-

1055 2192 1166 2228 quam
1205 2178 1313 2216 valde
1355 2178 1505 2226 antiqua
1541 2177 1707 2225 adeoque

1054 2235 1282 2272 Pharaonum
1308 2235 1414 2272 sedes
1441 2235 1479 2270 in
1505 2233 1622 2270 Masis
1652 2233 1708 2269 hi-

1054 2291 1165 2328 storia
1183 2291 1386 2337 celebrata,
1421 2294 1462 2325 ut
1485 2302 1505 2326 e
1525 2289 1624 2326 libris
1647 2301 1706 2325 sa-

1054 2348 1122 2383 cris
1140 2351 1313 2396 apparet,
1344 2346 1472 2394 quibus
1491 2346 1618 2382 dicitur
1634 2354 1704 2393 1153

1055 2402 1213 2449 (Ζοαη).
1272 2403 1352 2438 Sita
1371 2406 1449 2439 erat
1478 2402 1514 2437 in
1540 2401 1706 2439 orientali

1053 2458 1132 2507 ripa
1154 2458 1189 2495 T
1193 2458 1313 2495 anitici
1339 2459 1435 2494 fluvii
1455 2458 1551 2494 haud
1576 2457 1704 2508 procul

1053 2514 1099 2550 ab
1123 2527 1166 2550 eo
1185 2513 1282 2561 loco,
1303 2514 1363 2550 ubi
1380 2513 1510 2550 fluvius
1527 2527 1607 2551 cum
1628 2526 1705 2550 ma-

1053 2570 1083 2606 ri
1102 2571 1341 2618 coniungitur.
1383 2569 1462 2608 Nec
1482 2570 1631 2607 multum
1647 2571 1703 2607 in-

1053 2627 1099 2664 de
1127 2627 1230 2664 abest
1254 2626 1352 2664 lacus
1389 2626 1601 2674 Menzaleh‚
1641 2627 1705 2675 qui

1050 2682 1159 2720 hodie
1192 2683 1333 2720 dicitur.
1391 2682 1565 2731 Magnam
1589 2683 1702 2720 fuisse

1050 2739 1176 2776 urbem
1196 2744 1307 2788 atque
1328 2738 1483 2789 amplam
1503 2740 1701 2776 etiamnum

1050 2800 1209 2844 arguunt
1227 2796 1371 2843 rudera,
1394 2795 1525 2843 quibus
1543 2795 1589 2830 ab
1607 2793 1702 2831 Ara-

1051 2851 1158 2888 bibus
1193 2852 1288 2889 idem
1327 2863 1458 2888 nomen
1493 2850 1699 2900 impositum

1052 2907 1141 2944 Scin.
1182 2907 1292 2945 Plura
1311 2905 1514 2958 Champoll.
1533 2906 1697 2957 l'Egypt.
