1759 3324
514 247 938 290 EUTERPE.
982 247 1028 287 11.

1308 248 1392 289 557

132 363 296 409 ὁδοῖσι·
345 359 630 415 ἐπιλέγοντες,
671 355 730 408 ὦς
759 356 813 400 τὰ
841 357 921 412 μὲν
951 355 1130 412 αἰσχρὰ,
1176 355 1393 413 ἀναγκαῖοι

130 444 202 495 δὲ,
229 444 274 486 ἐν
303 437 544 494 ἀποκρύφῳ
577 436 665 480 ἐστὶ
693 437 856 480 ποιέειν
884 435 1048 492 χρεών’
1080 436 1132 479 τὰ
1164 435 1209 479 δὲ
1238 436 1296 492 μὴ
1318 438 1387 479 αἶ·-
1446 437 1527 476 120

102 521 264 577 δσχρὰ,
308 514 578 572 ἀναφανδόν.
638 516 783 569 ἱρᾶται
819 514 932 572 γυνή
965 515 1044 572 μὲν
1074 514 1258 569 οὐδεμία
1288 513 1390 559 οὔτε

129 601 296 654 ἔρσενος
325 599 458 649 θεοῦ,
489 593 589 637 οὕτε
617 595 797 650 θηλέης·
846 593 1002 650 ἄνδρες
1033 594 1099 645 δὲ,
1139 592 1317 637 πάντων
1345 601 1445 638 τε9ο

125 678 198 722 καὶ
226 674 409 719 πασέων.
467 674 642 730 τρέφειν
683 674 786 725 τούς
823 673 977 726 τοκέας
1014 679 1128 718 τοῖσι
1157 674 1235 730 μὲν
1264 674 1388 718 παισὶ

124 755 304 810 οὐδεμία
334 752 520 810 ἀνάγκη,
573 753 631 810 μὴ
662 755 989 809 βουλομένοισι·
1037 757 1137 811 τῇσι
1168 754 1213 797 δὲ
1243 759 1386 810 θυγα-

5 835 70 881 36
124 833 248 887 τράσι
280 837 395 876 πᾶσα
424 832 612 889 ἀνάγκη,
643 834 715 876 καὶ
745 833 802 889 μή
834 834 1137 890 βουλομένῃσι.

1196 835 1249 876 Οἱ
1278 833 1387 889 ἱρέες

121 916 241 956 θεῶν
270 916 324 969 τῇ
351 913 429 968 μὲν
464 912 573 969 ἄλλῃ
603 911 835 968 κομέουσι·
883 913 931 957 ἐν
960 911 1168 972 Αἰγύπτῳ
1201 913 1268 965 δὲ,
1307 914 1384 965 ξυ-

69 1112 149 1137 esse
191 1099 350 1137 ostendit
387 1097 627 1136 Casaubonus
669 1097 718 1134 ad

69 1155 314 1205 Theophrast.
345 1154 513 1191 Charact.
557 1154 608 1195 14
639 1154 718 1191 coll.

68 1211 298 1261 Aristophan.
316 1210 441 1249 eccles.
467 1214 548 1253 316
566 1224 669 1261 seqq.

128 1267 258 1319 ἱρᾶται
291 1264 393 1318 γυνή
437 1265 509 1317 μὲν
552 1263 720 1318 ου’δεμία

67 1338 102 1363 κ.
122 1339 154 1363 τ.
174 1321 223 1374 λ.]
255 1321 419 1374 ου’δεμία
443 1329 478 1361 et
496 1324 658 1361 hocloco
683 1328 720 1362 et

69 1381 231 1430 sequenti
263 1381 389 1431 scripsi
415 1394 494 1417 cum
516 1381 632 1417 Gaisf.
651 1394 718 1430 pro

68 1431 244 1488 ου’δεμίη.
268 1459 324 1466 -—
361 1437 522 1474 Verbum
560 1437 719 1474 medium

69 1492 234 1544 ι”ρᾶσθαι
256 1495 303 1532 de
329 1493 371 1530 iis
403 1494 493 1541 dici,
526 1496 586 1544 qui
603 1506 719 1530 sacer-

67 1550 161 1587 dotio
173 1550 403 1600 funguntur,
423 1550 560 1600 optime
580 1551 720 1587 monuit

66 1606 260 1644 Ruhnken.
290 1608 336 1643 ad
359 1606 501 1643 Timaei
520 1606 610 1644 Lex.
637 1606 720 1643 Pla-

67 1667 142 1700 ton.
163 1675 250 1713 pag.
265 1662 354 1703 147.
384 1663 479 1699 Add.
498 1662 653 1699 Pausan.
671 1662 718 1709 ΙΙ,

67 1719 123 1760 32
139 1719 236 1765 init„
266 1719 326 1756 ubi
347 1718 452 1768 plura
471 1719 616 1768 collegit
638 1719 719 1756 Sie-

67 1775 168 1812 belis.
188 1775 235 1812 de
255 1775 376 1812 formis
398 1774 582 1825 ἵερᾶσθαι
611 1779 647 1812 et
668 1775 718 1813 ἵε-

68 1833 262 1882 ροῦσθαι,
293 1836 328 1869 et
359 1833 453 1868 conf.
489 1833 643 1869 eundem
671 1832 719 1868 ad

66 1887 222 1925 Pausan.
245 1888 325 1935 Vll,
347 1891 403 1929 22
425 1886 460 1938 ἓ.
475 1888 511 1929 5.
542 1889 583 1925 In
599 1889 718 1937 ipsum

66 1942 133 1981 loci
144 1949 394 1993 argumentum
408 1944 589 1993 inquisivit
602 1945 719 1981 Creu-

67 2013 172 2041 zerus
192 2001 229 2037 in
247 2001 412 2049 Symbol.
433 2000 449 2036 I
468 2015 504 2051 p.
518 2001 600 2043 250
613 2013 716 2049 seqq.

65 2056 256 2094 Herodoto
289 2058 406 2105 enim,
447 2058 509 2106 qui
548 2057 716 2094 mulieres

68 2114 272 2152 sacerdotes
311 2113 574 2164 Aegyptiorum
606 2114 716 2151 fuisse

65 2174 198 2218 negat,
228 2175 265 2208 et
280 2169 338 2207 alii
356 2170 600 2220 obloquuntur
616 2175 715 2208 vete-

65 2238 142 2274 res,
199 2226 259 2276 qui
299 2227 463 2265 mulieres
509 2227 714 2264 sacerdotes

67 2282 201 2320 diserte
229 2288 534 2330 eommemmant,
565 2288 601 2321 et
631 2283 713 2334 ipsa

65 2338 267 2376 Rosettana
282 2340 465 2390 inscriptio
494 2344 605 2389 atquc
623 2352 712 2376 ana-

68 2393 222 2444 glypha,
251 2409 344 2445 quae
371 2398 525 2434 feminas
545 2397 714 2434 sacerdo-

67 2453 123 2487 tes
135 2450 192 2487 hic
206 2451 276 2488 illic
295 2458 569 2504 repraesentare
588 2453 715 2490 viden-

67 2509 137 2542 tur.
165 2505 364 2556 Equidem,
392 2510 517 2547 utalia
533 2510 670 2547 mittam
691 2522 714 2547 a

69 2561 153 2598 viris
171 2562 295 2611 doctis,
325 2578 416 2615 quos
436 2566 608 2604 Creuzer.
628 2566 715 2603 citat

71 2615 94 2653 l.
113 2616 150 2664 l.,
169 2618 370 2669 disputata,
399 2622 557 2660 animum
575 2623 634 2659 vix
658 2623 715 2659 in-

70 2673 202 2712 ducere
222 2688 387 2725 possum,
416 2682 457 2715 ut
477 2678 570 2716 salsa
593 2679 714 2717 Hero-—

71 2728 195 2766 dotum
218 2734 474 2784 conscripsisse
492 2740 630 2785 putem,
651 2735 714 2785 qui

70 2784 151 2834 ipsa
180 2798 280 2824 sacra
309 2791 608 2840 sacerdotumque
640 2791 714 2828 eol-

69 2840 187 2889 legia,
227 2843 274 2880 ad
313 2857 404 2893 quae
435 2847 556 2885 nullae
589 2848 714 2896 utique

70 2896 236 2935 mulieres
273 2899 545 2940 admitterentur
558 2932 570 2951 ,
609 2903 716 2941 intel-

787 1097 918 1136 lexisse
930 1101 966 1136 et
977 1097 1096 1148 prisca
1107 1096 1337 1135 Pharaonum
1349 1100 1442 1135 tem-

785 1168 879 1205 pora
912 1161 948 1192 et
988 1167 1082 1203 quae
1119 1154 1284 1204 proxima
1320 1157 1443 1191 secuta

787 1215 892 1258 sunt,
930 1212 1132 1261 respexisse
1166 1210 1249 1247 mihi
1289 1209 1441 1247 videtur.

786 1267 885 1305 Nam
904 1273 1051 1317 postera
1070 1271 1190 1305 aetate
1212 1265 1443 1304 Ptolemaeo-

787 1337 865 1360 rum
896 1324 1123 1375 potissimum
1150 1323 1373 1373 temporibus
1404 1322 1443 1359 in

787 1379 841 1417 his
865 1386 1038 1417 novatum
1070 1380 1181 1417 fuisse
1201 1379 1280 1429 quis
1300 1377 1444 1428 neget?

786 1435 838 1473 Ac
867 1437 922 1474 vel
948 1438 1026 1487 ipsa
1054 1436 1284 1473 Pharaonum
1321 1438 1442 1473 aetate

787 1506 909 1530 sacras
928 1493 1105 1542 quasdam
1119 1493 1155 1529 in
1166 1491 1309 1542 templis
1329 1492 1443 1529 fuisse

786 1549 951 1587 mulieres
1002 1545 1286 1600 (ἴεροδούλους
1331 1547 1441 1597 vulgo

785 1608 948 1655 vocant),
977 1606 1074 1643 haud
1100 1606 1245 1654 quidem
1271 1605 1442 1642 abhorret

786 1674 807 1698 a
828 1675 938 1710 vero,
969 1676 1048 1699 cum
1074 1662 1151 1698 aliis
1182 1674 1328 1711 quoque
1352 1661 1438 1698 locis

786 1718 883 1756 idem
910 1719 1110 1755 obtinuisse
1141 1718 1337 1756 videamus.
1378 1717 1439 1755 Cf.

787 1778 878 1813 nott.
902 1775 949 1811 ad
968 1774 1005 1821 I,
1030 1774 1110 1816 154
1133 1780 1169 1812 et
1186 1775 1257 1811 vid.
1278 1775 1372 1811 infra
1391 1773 1440 1821 ΙΙ,

787 1832 853 1872 54.
896 1832 954 1868 Ad
982 1831 1186 1868 huiusmodi
1211 1834 1332 1868 autem
1357 1843 1440 1867 mu-

784 1887 889 1925 lieres
900 1888 1068 1937 equidem
1082 1900 1124 1925 ea
1133 1887 1314 1925 retulerim
1327 1899 1440 1936 quae-

786 1957 927 1992 cunque
954 1945 990 1981 in
1020 1943 1234 1994 anaglyphis
1263 1944 1332 1981 huc
1353 1956 1441 1993 spe-

785 2001 917 2037 ctantia
938 2001 1174 2051 reperiuntur.
1218 2000 1326 2037 Conf.
1344 2012 1440 2049 quae

786 2057 859 2094 dixi
904 2058 941 2094 in
987 2056 1130 2094 Annall.
1176 2056 1439 2105 Heidelbergg.

786 2116 893 2156 1823
914 2126 968 2150 nr.
994 2117 1046 2155 33
1075 2126 1161 2164 pag.
1183 2113 1265 2155 520
1294 2126 1370 2162 seq.
1403 2116 1441 2150 et

783 2171 868 2207 add.
886 2170 922 2207 T
925 2169 1065 2208 oelken.
1087 2170 1124 2207 in
1143 2169 1311 2206 Minutoli
1328 2169 1441 2207 Reise

782 2240 814 2263 z.
833 2226 869 2263 T
872 2227 990 2277 empel
1010 2228 1074 2265 des
1092 2227 1115 2263 J
1119 2226 1264 2278 uppiter
1282 2224 1440 2264 Ammon

779 2296 865 2334 pag.
890 2286 982 2326 150.

952 2368 983 2405 C
996 2380 1017 2405 a
1028 2381 1064 2420 p.
1094 2366 1268 2406 XXXVI.

836 2453 887 2505 τῇ
908 2448 980 2504 μὲν
1003 2449 1100 2508 ἄλλῃ
1122 2473 1178 2482 --
1201 2450 1435 2503 ξυρεῦνται]

781 2507 912 2547 Verbis
932 2511 984 2564 τῇ
1001 2507 1098 2564 ἄλλῃ
1112 2514 1149 2548 et
1163 2513 1262 2548 τοῖσι
1282 2505 1437 2548 ἄλλοισι

783 2561 1039 2618 ἀνθρώποισι
1077 2567 1239 2604 Graecos
1288 2565 1438 2616 potissi-

780 2635 879 2660 mum
909 2623 1062 2674 respici,
1094 2622 1244 2660 dubium
1269 2622 1328 2659 vix
1353 2634 1436 2660 esse

781 2679 928 2729 poterit.
985 2679 1060 2717 Iam
1080 2691 1175 2728 quae
1194 2678 1264 2715 hoc
1281 2677 1361 2715 loco
1373 2691 1434 2716 re-

780 2737 945 2773 feruntur
959 2764 970 2783 ,
997 2735 1040 2773 iis
1061 2748 1136 2773 non
1161 2739 1236 2772 tam
1255 2735 1434 2773 diversam

783 2793 1011 2830 sacerdotum
1032 2792 1328 2829 consuetudinem
1354 2791 1437 2828 He-

780 2849 948 2885 rodotum
970 2848 1155 2886 declarare
1176 2847 1331 2885 voluisse
1340 2846 1436 2885 Lar-

782 2903 909 2942 cherus
930 2904 1132 2953 existimat,
1162 2904 1229 2941 sed
1247 2916 1320 2954 quo
1341 2914 1436 2952 gen-
