1814 3315
242 674 307 719 79

41 738 113 774 Cyri
138 736 283 778 Croesum

37 780 144 808 μοι-εει]
149 776 245 799 uenus

38 805 187 835 celeritas.

364 244 448 284 200

776 235 1242 275 HERODOTI

367 349 638 404 ἐπιχωρίους·
684 344 882 401 λέγοντες
915 344 1020 402 ὄφιν
1050 344 1162 389 εἶναι
1191 349 1268 402 γῆς
1295 345 1452 392 παῖδα,
1491 343 1625 386 ἵππον

338 429 436 478 4δὲ,
467 423 677 480 πολέμιόν
705 440 749 467 τε
779 425 853 468 καὶ
881 424 1085 481 ἐπήλυδα.
1137 424 1396 480 Τελμησσέες
1427 422 1507 478 μέν
1539 437 1624 464 νυν

367 512 501 549 ταῦτα
529 502 815 558 ὑπεκρίναντο
849 506 1020 564 Κροίσῳ
1048 503 1132 561 ἤδη
1161 501 1371 561 ἡλωκότι,
1410 500 1541 544 οὐδέν
1560 516 1623 543 κω
1638 507 1681 541 15

369 583 526 634 εἰδότες
554 586 642 627 τῶν
671 578 726 639 ἦν
755 582 854 637 περὶ
879 583 1046 638 Σάρδις
1075 599 1119 626 τε
1148 584 1221 627 καὶ
1250 580 1387 626 αὐτόν
1417 583 1624 635 Κροῖσον.

481 665 628 718 Κῦρος
660 663 729 715 δὲ,
761 660 915 706 αὐτίκα
945 661 1266 713 ἀπελαύνοντος
1295 662 1494 716 Κροίσου
1523 659 1629 715 μετὰ

370 742 450 799 τὴν
478 741 617 797 μάχην
644 740 724 796 τὴν
750 739 989 796 γενομένην
1019 740 1064 784 ἐν
1093 745 1147 798 τῇ
1171 741 1358 797 Πτερίῃ,
1390 739 1546 795 μαθὼν
1571 737 1629 790 ὡς

368 818 586 870 ἀπελάσας
624 818 773 875 μέλλοι
813 821 1004 873 Κροῖσος
1044 821 1280 876 διασκεδᾷν
1319 817 1397 862 τὸν
1426 819 1630 872 στρατὸν,

364 898 687 956 βουλευόμενος
717 897 888 952 εὕρισκε
917 897 1092 953 πρῆγμά
1124 899 1167 940 οἱ
1197 895 1307 940 εἶναι
1336 895 1538 939 ἐλαύνειν
1568 896 1628 948 ὦς
1642 905 1687 938 20

367 977 549 1024 δύναιτο
578 976 756 1033 τάχιστα
791 976 859 1021 ἐπὶ
887 977 962 1027 τὰς
992 974 1180 1030 Σάρδις,
1214 976 1319 1031 πρὶν
1347 974 1376 1031 ἢ
1404 974 1453 1019 τὸ
1484 975 1632 1019 δεύτε-

339 1067 453 1114 Ξρον
483 1055 722 1112 ἁλισθῆναι
750 1059 840 1099 τῶν
869 1057 1030 1099 Λυδῶν
1060 1054 1140 1111 τὴν
1171 1053 1370 1110 δύναμιν.
1425 1052 1483 1106 ὠς
1513 1054 1558 1098 δέ
1589 1057 1633 1099 οἷ

369 1141 508 1181 ταῦτα
539 1136 676 1189 ἔδοξε,
725 1135 800 1180 καὶ
836 1134 975 1178 ἐποίεε
1012 1132 1122 1178 κατά
1161 1131 1301 1189 τάχος.
1359 1132 1514 1185 ἐλάσας
1549 1133 1634 1190 γὰρ

368 1216 447 1260 τὸν
476 1213 663 1271 στρατόν
693 1215 734 1266 ἐς
761 1214 842 1270 τὴν
871 1215 1065 1270 Λυδίην,
1097 1210 1229 1263 αὐτὸς
1257 1210 1436 1267 ἄγγελος
1459 1215 1633 1271 Κροίσῳ

340 1293 592 1350 3ἐληλύθεε.
653 1293 848 1337 ἐνθαῦτα
877 1295 1069 1348 Κροῖσος
1098 1292 1140 1344 ἐς
1170 1290 1359 1348 άπορίην
1388 1290 1556 1349 πολλὴν
1585 1292 1636 1336 ἆ-

370 1372 599 1430 πιγμένος,
651 1372 711 1424 ὥς
742 1374 785 1417 οἱ
812 1372 931 1427 παρὰ
963 1372 1095 1424 δόξαν
1135 1372 1226 1428 ἔσχε
1261 1371 1314 1416 τά
1344 1371 1575 1428 πρήγματα
1601 1371 1688 1429 ἢΞὸ

374 1450 431 1503 ὥς
462 1450 594 1503 αὐτὸς
626 1451 877 1501 κατεδόκεε,
935 1450 1051 1508 ὅμως
1085 1451 1189 1503 τοὺς
1227 1450 1405 1502 Λυδούς
1443 1451 1563 1506 ἐξῆγε
1592 1450 1637 1503 ἐς

347 1530 531 1587 4μάχην.
589 1525 644 1586 ἦν
679 1531 724 1575 δὲ
762 1534 923 1575 τοῦτον
959 1529 1038 1575 τόν
1072 1529 1232 1588 χρόνον
1263 1531 1394 1582 ἔθνος
1424 1528 1555 1574 οὐδὲν
1591 1530 1638 1574 ἐν

375 1762 499 1799 ταῦτα
516 1757 780 1809 ὑπεκρίναντο
791 1759 968 1814 Κροίσῳ]

322 1816 422 1854 citat
465 1816 555 1854 haee
608 1816 773 1854 Thomas
819 1816 970 1865 Magist.

321 1885 408 1924 pag.
431 1874 526 1920 874,
545 1884 618 1922 quo
639 1886 744 1910 usum
763 1873 864 1911 verbi
876 1871 973 1912 ὕπο-

325 1929 536 1980 κρίνεσθαι
568 1942 636 1980 pro
686 1925 977 1981 άποκρίνεσθαι

325 1984 551 2035 respondendi
571 1985 721 2024 notione
741 1987 975 2023 demonstret.

326 2040 372 2078 In
405 2041 568 2091 proxime
605 2042 841 2091 sequentibus
879 2041 978 2078 Mat-

328 2097 428 2135 thiae
459 2098 616 2135 deletum
646 2098 724 2135 vult
741 2099 890 2136 verbum
909 2092 975 2148 ἦν,

330 2166 432 2200 cum,
463 2166 556 2202 quae
575 2153 737 2192 hocloco
749 2155 797 2191 sit
813 2155 978 2191 attractio

331 2208 536 2257 (ἐκείνων,
569 2206 594 2248 ἃ
613 2204 699 2260 ἦν),
726 2223 771 2248 ea
788 2211 875 2248 ferri
892 2223 982 2247 neu-

330 2265 469 2314 tiquam
492 2266 619 2315 possit.
678 2267 755 2304 Sed
773 2268 832 2303 vix
849 2267 983 2303 idonea

331 2320 424 2358 haec
452 2334 582 2369 causa,
631 2326 672 2359 ut
699 2324 778 2360 sine
812 2322 983 2360 librorum

333 2377 546 2415 auctoritate
587 2377 750 2416 voculam
784 2391 983 2429 expungas,

333 2432 384 2469 Et
401 2439 629 2483 repugnant,
658 2447 754 2483 quae
770 2435 868 2472 idem
884 2435 985 2472 Mat-

335 2489 432 2525 thiae
460 2489 605 2537 cossegit
630 2490 736 2527 huius
761 2491 984 2528 attractionis

337 2544 519 2594 exempla,
540 2545 701 2583 Gramm.
715 2547 844 2585 Graec.
858 2546 985 2598 §.473

336 2604 413 2637 not.
445 2603 467 2640 1
497 2613 582 2650 pag.
607 2602 710 2650 884,
755 2604 886 2652 quibus
911 2605 987 2641 iure

336 2660 501 2693 nostrum
521 2656 639 2694 locum
661 2659 799 2696 adiecit.
848 2660 987 2697 Assen-

340 2712 426 2748 titur
449 2712 535 2749 mihi
567 2714 731 2751 Struu'us
758 2715 796 2752 in
830 2716 986 2765 Specim.

342 2768 495 2810 Quaest.
528 2768 666 2806 Herod.
696 2783 782 2820 pag.
815 2774 864 2811 1'6
899 2778 989 2820 not,

341 2824 404 2872 qui
422 2823 555 2862 similes
572 2824 700 2861 Nostri
729 2825 827 2864 locos
857 2828 941 2866 citat
960 2828 989 2876 I,

342 2882 408 2921 92.
437 2879 545 2929 11‚8.
576 2880 622 2928 V,
643 2884 707 2923 92.

1208 1759 1316 1810 Cap.
1345 1758 1519 1800 LXXIX.

1098 1810 1241 1856 αὐτίκα
1261 1813 1559 1865 άπελαύνοντος
1576 1817 1696 1869 Κροί-

1043 1875 1139 1920 σου]
1169 1873 1192 1910 i.
1212 1886 1243 1911 e.
1266 1875 1410 1921 statim,
1431 1874 1580 1912 simulac
1592 1875 1696 1912 Croe-

1043 1943 1102 1967 sus
1132 1928 1329 1967 discederet.
1387 1931 1539 1968 Consul.
1564 1931 1698 1969 Matth.

1046 1986 1112 2023 Gr.
1137 1986 1202 2023 Gr.
1231 1984 1269 2037 §-
1289 1987 1369 2029 565
1392 1991 1467 2024 not.
1492 1990 1518 2028 2
1538 1987 1700 2038 p.1114

1047 2043 1093 2080 ob
1110 2055 1214 2079 usum
1236 2043 1386 2082 voculae
1418 2039 1561 2083 αὐτίκα
1587 2045 1701 2095 parti-

1046 2099 1147 2150 cipiis
1166 2099 1341 2137 adiectae.

1105 2151 1261 2206 εῧρισκε
1297 2151 1464 2208 πρῆγμά
1495 2155 1536 2195 οἷ
1573 2151 1701 2206 εἶναι]

1047 2225 1070 2248 ι.
1090 2224 1120 2248 e.
1151 2224 1168 2247 e
1192 2224 1228 2248 re
1259 2225 1348 2259 sua,
1383 2225 1426 2248 ex
1445 2225 1512 2249 usu
1540 2225 1602 2249 suo
1621 2225 1701 2249 esse.

1049 2267 1110 2304 Sic
1128 2266 1191 2314 IV,
1207 2270 1270 2308 10.
1287 2268 1369 2316 VH,
1391 2270 1456 2310 12.
1471 2288 1524 2296 —
1543 2268 1703 2317 Iuseqq.

1050 2323 1098 2360 ad
1127 2321 1316 2374 ἐληλύθεε
1347 2325 1441 2361 conf.
1472 2324 1604 2362 Matth.
1636 2324 1703 2361 Gr.

1052 2379 1118 2416 Gr.
1144 2377 1181 2429 ἓ.
1201 2379 1296 2428 505,
1324 2380 1377 2417 IV
1396 2394 1435 2430 p.
1455 2383 1548 2423 959.
1596 2379 1704 2417 Plus-

1052 2438 1362 2484 quamperfectum
1375 2437 1471 2473 enim
1484 2448 1553 2487 pro
1565 2436 1702 2473 aoristo

1051 2492 1223 2542 positum.
1260 2491 1322 2528 Ad
1339 2491 1479 2541 reliqua
1494 2493 1587 2529 conf.
1607 2491 1705 2529 Pau-

1053 2559 1132 2584 san.
1150 2546 1243 2595 vn,
1265 2549 1317 2587 16
1351 2545 1388 2598 §-
1401 2548 1439 2589 4.

1110 2599 1138 2653 ἢ
1158 2600 1213 2649 ὥς
1232 2597 1706 2649 αὕτὸςκατεδόκεε]Ηᾶεο

1054 2659 1185 2707 verba,
1225 2672 1305 2696 cum
1336 2660 1574 2698 antecesserit
1596 2656 1705 2710 παρὰ

1056 2712 1195 2762 δόξαν,
1224 2715 1409 2753 abundare
1422 2716 1600 2753 videntur.
1626 2715 1708 2753 Nec

1057 2776 1179 2809 tamen
1198 2771 1282 2808 ideo
1303 2772 1487 2809 eiicienda.
1535 2771 1597 2808 Tu
1612 2772 1706 2808 conf.

1057 2828 1141 2864 VIII
1153 2858 1164 2875 ,
1186 2827 1212 2868 4
1232 2832 1267 2864 et
1286 2827 1356 2864 alia
1374 2829 1474 2878 apud
1490 2827 1621 2865 Matth.
1639 2828 1706 2865 Gr.

1060 2884 1125 2921 Gr.
1146 2882 1183 2936 ὃ.
1204 2884 1286 2925 636
1314 2897 1399 2934 pag.
1424 2886 1537 2926 1311.

1807 2130 1809 2137 -
1806 1922 1814 2123 -fffflff
