1759 3324
219 444 287 491 87
345 447 467 498 ζουσι
494 444 690 500 νεκρούς.

16 507 147 543 Reliqua
165 508 223 535 dno
242 516 295 543 ge-

15 550 89 570 nera
111 542 293 570 conditurae.

343 257 429 297 678

736 253 1212 295 HERODOTI

346 366 456 421 πρὸς
474 368 632 421 τοῖχον.
655 364 771 409 οὕτω
792 364 870 420 μὲν
888 363 995 415 τούς
1015 363 1066 407 τὰ
1089 363 1431 407 πολυτελέστατα
1451 360 1609 407 σκευα-
1620 370 1665 405 55

738 443 851 493 Τοὺς
882 445 926 487 δὲ
957 443 1006 487 τὰ
1037 442 1145 500 μέσα
1175 442 1497 499 βουλομένους,
1527 440 1608 498 τὴν

322 523 402 568 Ξδὲ
428 527 714 581 πολυτεληΐην
745 519 1006 580 φεύγοντας,
1048 522 1306 577 σκευάζουσι
1335 517 1431 567 ὦδε.
1480 521 1610 567 ἐπεὰν

291 709 387 748 enim
406 721 547 746 summa
564 711 601 745 in
622 708 709 758 ipsis
728 708 941 746 condiendis

290 765 441 804 mortuis
468 777 573 812 cura,
620 764 670 800 ita
695 764 794 800 haud
824 765 943 801 minor

290 822 330 858 in
361 821 448 858 locis
495 820 702 870 sepulturae
751 820 942 868 eligendis.

290 877 501 916 Thebaicae
532 880 651 913 autem
672 876 833 924 regionis
863 889 944 912 cum

289 945 430 971 summa
446 936 547 970 esset
561 933 735 969 sanctitas
748 962 758 980 ,
789 945 943 969 consen-

287 994 435 1027 taneum
462 990 629 1038 profecto
649 1018 660 1036 ,
698 989 942 1039 opulentiores

289 1058 438 1095 quoque
461 1045 543 1082 illuc
562 1058 716 1095 corpora
744 1059 808 1082 sua
827 1045 944 1082 medi-

288 1106 369 1140 cata
379 1102 512 1139 deferri
523 1107 632 1151 atque
644 1103 770 1152 reponi
780 1103 943 1139 iussisse.

288 1157 367 1196 Iam
386 1171 514 1196 sensus
533 1158 696 1196 lectionis
719 1171 739 1195 a
759 1159 945 1196 Creuzero

287 1214 451 1266 pluribus
470 1215 669 1252 illustratae
687 1215 750 1262 (cf.
771 1228 855 1265 pag.
877 1216 944 1256 73.

291 1271 346 1313 95
369 1284 472 1321 seqq.
509 1273 589 1312 103
608 1273 733 1321 seqq.)
765 1272 823 1308 hic
856 1272 944 1309 erit:

294 1339 438 1378 corpora
454 1328 628 1365 medicata
647 1333 679 1364 et
698 1331 791 1365 arcis
809 1328 947 1364 inclusa

292 1383 456 1434 deferunt
485 1387 521 1421 z'n
553 1384 763 1421 Thebaidem
792 1385 947 1435 (utpote

290 1441 532 1478 conditorium
565 1441 741 1490 religione
792 1442 948 1478 maxime

292 1498 563 1546 consecratum)
583 1498 700 1548 ibique
724 1501 761 1535 in
789 1497 946 1548 sepulcro

292 1553 455 1590 condunt.
513 1554 637 1591 Unum
657 1559 803 1603 tamen,
843 1558 946 1592 ante-

292 1622 402 1659 quam
441 1611 486 1648 de
519 1610 674 1648 lectione
705 1612 835 1649 certius
860 1624 948 1661 pro-

291 1667 536 1714 nuntiaveris,
564 1672 712 1718 reputes
730 1668 856 1711 velim,
892 1665 948 1706 οἷ’-

292 1737 401 1774 κημα
423 1737 501 1760 cum
532 1723 637 1760 latius
658 1729 784 1774 pateat
808 1723 947 1773 signifi-

292 1781 436 1817 catione
455 1809 466 1828 ,
506 1785 542 1817 et
569 1793 822 1829 quamcunque
846 1781 948 1818 aedi-

291 1836 408 1873 culam
429 1849 654 1874 eameramve
675 1838 850 1875 denotare
860 1850 947 1887 pos-

295 1892 362 1940 sit,
392 1906 542 1930 necesse
561 1894 677 1931 videri
705 1895 861 1931 addatur
880 1893 946 1930 ali-

294 1949 395 1998 quod
418 1950 655 1997 vocabulum,
685 1963 758 1999 quo
787 1950 862 1987 eius
894 1950 947 1986 vis

294 2005 495 2042 accuratius
517 2006 710 2044 definiatur
730 2011 766 2044 et
790 2005 947 2043 illustre-

293 2064 364 2097 tur.
425 2061 537 2105 Quod
559 2063 722 2100 additum
744 2063 946 2100 invenimus

293 2119 470 2166 θηκαῖον
482 2146 492 2165 ,
541 2118 580 2155 id
607 2119 656 2155 ad
693 2124 947 2168 argumentum

292 2186 366 2210 non
385 2173 549 2223 ineptum
570 2175 686 2211 videri
703 2176 839 2225 poterit
851 2204 861 2221 ,
895 2176 948 2212 ita

293 2233 337 2265 ut
356 2229 484 2265 domus
505 2230 725 2278 intelligatur
746 2245 773 2268 s.
792 2244 948 2279 camera,

293 2285 529 2323 adservandis
548 2285 673 2323 loculis
685 2283 873 2338 (θήκαις)
884 2288 950 2324 de-

295 2341 440 2378 stinata.
480 2341 743 2380 Valckenarius
759 2372 769 2390 ,
801 2345 862 2392 qui
881 2343 950 2380 loci

294 2397 550 2435 difficultatem
558 2401 787 2466 perspexit,
828 2399 948 2436 conie-

296 2457 396 2499 cerat
441 2452 483 2492 ἐν
528 2450 715 2506 οἰκηματι
763 2469 787 2493 κ
801 2470 846 2493 αι
860 2457 924 2507 νῷ
937 2482 946 2500 ,

296 2510 604 2559 quemadmodum
626 2513 734 2549 etiam
750 2512 848 2562 apud
860 2496 951 2548 Dio-

297 2566 428 2603 dorum
464 2566 502 2614 1,
543 2569 596 2607 92
639 2572 766 2605 exstat.
825 2567 950 2604 Nolim

297 2622 467 2671 equidem
484 2624 719 2672 pronuntiare
739 2624 775 2660 in
793 2637 833 2660 re
855 2624 951 2660 disfi-

297 2677 446 2724 cillima;
456 2679 602 2715 videant
617 2681 818 2730 peritiores.
832 2679 950 2726 Miot.,

297 2734 389 2772 alter
419 2734 545 2772 Gallus
564 2735 742 2786 interpres
755 2765 766 2784 ,
801 2736 850 2773 sic
869 2748 952 2773 ver-

299 2791 364 2828 tit:
395 2791 516 2838 „dans
537 2791 572 2828 la
590 2792 748 2830 chambre
759 2791 952 2843 sepulcrale

300 2847 342 2884 de
361 2846 398 2883 la
387 2847 565 2912 famzlle.
570 2849 594 2868 “

359 2898 462 2943 οὕτω
497 2901 569 2956 μὲν
600 2920 693 2952 τους
720 2901 767 2945 τὰ
793 2907 952 2945 πολυτε-

1011 707 1173 747 λέστατα
1214 701 1448 753 σκευάζουσι
1478 700 1664 758 νεκρούς]

1011 764 1191 814 Supplere
1225 764 1343 813 possis
1374 777 1453 800 cum
1478 763 1665 811 Schweig-

1011 821 1189 858 haeusero
1206 820 1407 856 orationem
1425 819 1519 855 hunc
1536 819 1573 855 in
1588 831 1666 856 mo-

1012 877 1119 914 dum:
1168 871 1264 921 τοῦς
1293 871 1392 913 nocto?
1423 871 1471 912 τοὶ
1502 877 1665 914 πολυτε-

1011 928 1520 982 λέσταταταοιχευομένους.
1551 931 1668 974 Quid-

1011 990 1049 1027 ni
1079 988 1216 1026 facilius
1249 987 1437 1038 supplere:
1478 985 1667 1038 βουλομέ-

1011 1060 1129 1092 νους,
1162 1049 1200 1081 ut
1224 1045 1261 1080 in
1282 1058 1384 1093 seqq.
1415 1058 1510 1089 τους
1529 1059 1577 1082 τα
1599 1041 1668 1094 με’-

1014 1115 1063 1141 σα
1092 1099 1262 1153 βουλομέ
1246 1116 1383 1149 ενουςς
1413 1113 1541 1137 sensus
1569 1099 1668 1137 haud

1014 1160 1207 1196 obscurus:
1237 1158 1355 1205 „haec
1381 1161 1431 1194 est
1447 1158 1539 1193 ratio
1555 1170 1668 1206 appa-

1014 1216 1120 1253 randz'
1145 1227 1185 1251 ea
1202 1214 1398 1262 cadavera,
1428 1227 1517 1263 quae
1533 1215 1667 1263 pretio-

1014 1275 1155 1310 sissima
1176 1271 1318 1308 condita
1335 1270 1495 1307 volunt.“
1515 1269 1575 1307 Ad
1587 1283 1670 1307 ver-

1015 1330 1081 1367 ba:
1117 1325 1292 1374 ἱστάντες
1316 1323 1446 1379 ὅρθόν
1465 1323 1564 1378 πρὸς
1592 1329 1670 1365 τοῖ-

1015 1401 1086 1437 χον
1115 1390 1239 1424 monet
1273 1384 1427 1422 Belzoni
1453 1383 1625 1432 (voyage
1651 1382 1669 1419 I

1014 1457 1051 1493 p.
1075 1444 1176 1490 266)
1199 1442 1236 1478 in
1259 1441 1393 1491 cryptis
1413 1452 1436 1477 a
1461 1453 1500 1477 se
1518 1439 1668 1477 detectis

1016 1513 1056 1537 se
1079 1499 1296 1536 contrarium
1315 1497 1515 1544 invenisse,
1529 1497 1670 1546 quippe

1013 1556 1165 1593 mumias
1192 1555 1399 1602 „couchees
1426 1566 1494 1604 par
1511 1553 1667 1601 range'es

1013 1611 1259 1649 horizontales
1283 1624 1293 1656 3
1344 1610 1520 1659 quelques
1539 1632 1556 1637 -
1576 1622 1667 1646 unes

1014 1669 1151 1706 etaient
1180 1668 1373 1705 enfoncees
1417 1667 1508 1703 dans
1544 1679 1593 1702 un
1619 1666 1670 1703 ci-

1016 1729 1117 1763 ment
1147 1724 1208 1774 qui
1235 1737 1256 1761 a
1276 1725 1325 1760 dii
1346 1725 1421 1760 etre
1441 1736 1527 1759 mou
1545 1722 1670 1771 quand

1014 1781 1067 1820 les
1092 1782 1227 1819 caisses
1243 1794 1267 1830 y
1294 1784 1358 1817 ont
1378 1780 1436 1816 ete
1452 1779 1669 1830 deposeesf·

1170 1865 1201 1902 C
1213 1878 1234 1902 a
1244 1878 1282 1916 p.
1311 1863 1535 1901 LXXXVII.

1071 1946 1165 1996 τούς
1194 1946 1236 1988 δὲ
1273 1945 1320 1988 τοὶ
1352 1946 1451 1999 μέσα
1479 1945 1672 1999 βουλομέ-

1015 2005 1134 2057 νους]
1177 2006 1283 2050 Quae
1331 2006 1380 2042 sic
1417 2004 1673 2042 circumscribit

1014 2064 1200 2113 Heynius:
1261 2058 1358 2108 τούς
1405 2059 1672 2113 βουλομένους

1015 2117 1114 2159 κριτοὶ
1164 2115 1237 2170 τήν
1278 2117 1402 2170 μέσην
1448 2117 1673 2170 ταρίχευσίν

1017 2189 1091 2226 σφι
1118 2172 1184 2214 τὸν
1215 2172 1357 2225 νεκρόν
1384 2177 1672 2224 σκευασθῆναι.

1016 2233 1066 2269 Et
1087 2234 1181 2270 conf.
1197 2232 1242 2280 ΙΙ,
1260 2234 1312 2273 88
1330 2232 1407 2268 init.
1437 2233 1673 2281 Quamquam

1017 2290 1170 2327 verbum
1197 2285 1400 2334 σκευάζειν
1426 2301 1501 2325 non
1530 2292 1605 2325 tam
1624 2287 1673 2324 ad

1017 2346 1120 2396 ipsos
1158 2346 1383 2382 necessarios
1421 2345 1582 2382 defuncti
1611 2357 1673 2381 cu-

1017 2414 1095 2438 ram
1114 2406 1308 2449 gerentes,
1338 2413 1447 2449 quam
1474 2401 1522 2437 ad
1549 2412 1672 2437 curam

1017 2462 1159 2494 mortuo
1196 2458 1478 2506 impendendam
1518 2460 1673 2506 spectat.

1016 2513 1090 2550 Pro
1115 2511 1383 2563 βουλομένους
1404 2513 1487 2549 olim
1510 2513 1672 2562 βουλευ-

1019 2568 1184 2620 μένους,
1227 2569 1327 2617 quod
1356 2569 1401 2605 ab
1431 2570 1579 2617 antiqua
1598 2570 1674 2606 for-

1017 2638 1076 2663 ma
1106 2623 1319 2675 βουλέομαι
1338 2626 1575 2675 repetendum
1598 2638 1674 2662 non

1018 2681 1184 2730 displicet
1203 2681 1558 2730 Schweighaeusero.
1576 2682 1673 2719 Nam

1017 2738 1119 2775 verbi
1158 2732 1425 2788 βουλεύεσθαι
1460 2738 1578 2775 nullus
1616 2739 1674 2776 hic

1020 2794 1131 2830 locus.
1192 2793 1299 2830 Conf.
1322 2794 1374 2841 ll,
1395 2796 1459 2835 86.
1481 2795 1556 2843 Vl,
1577 2797 1643 2836 66.

1077 2846 1152 2900 τὴν
1175 2846 1216 2888 δὲ
1228 2850 1488 2900 πολυτεληῖῒην
1501 2847 1673 2903 φεύγον-

1021 2904 1104 2956 τας]
1136 2905 1285 2956 Aliquot
1302 2906 1381 2944 libri
1404 2907 1672 2960 πολυτελείην,
