1759 3324
326 252 412 293 408

723 254 1192 298 HERODOTI

326 357 544 416 πρότερον
567 362 799 422 γενομένη,
836 368 889 423 τῇ
918 364 1089 422 οὕνομα
1116 361 1174 424 ἦν
1203 367 1457 423 Σεμίραμις.
1506 367 1582 411 αὕ-

272 544 346 582 que
379 532 541 572 Ctesiam
574 539 672 574 esset
705 549 917 576 consensus.

272 589 356 640 Sic,
393 589 445 626 uti
468 590 537 628 hoc
564 595 667 640 utar,
702 606 771 643 pro
803 592 919 633 πέντε

271 643 451 695 Iosephus
499 646 662 695 Scaliger
705 649 919 698 rescriptum

274 700 391 738 voluit
427 697 697 752 πεντήκοντα,
753 703 920 754 Vitringa

273 753 483 796 δεκαπέντε
502 753 608 806 (ιε’),·
637 771 709 807 quo
729 764 858 796 neutro
879 773 920 795 o-

272 825 344 865 pus
364 824 447 849 esse
470 813 540 849 iam
564 814 701 851 dudum
733 815 819 852 mihi
836 828 921 865 per-

273 868 389 906 suasit
403 867 681 917 VVesselingius.
735 869 833 908 Nam
855 884 923 909 nec

273 922 385 970 Nini,
423 935 492 961 nec
515 924 787 973 Semiramidis,
827 939 921 975 quae

275 979 351 1018 eius
365 979 473 1017 fuerit
488 991 590 1027 uxor,
614 993 783 1030 quaeque
797 983 877 1019 Bab
881 996 922 1031 y-

273 1035 394 1074 lonem
430 1037 663 1086 exstruxerit,
715 1038 786 1075 ulla
821 1040 921 1089 apud

274 1091 452 1131 Nostrum
477 1093 637 1140 mentio,
677 1094 739 1143 qui
761 1094 830 1132 hoc
847 1107 921 1132 uno

276 1147 356 1186 loco
404 1159 514 1184 unam
551 1161 631 1186 eam
668 1156 927 1188 commemorat

275 1203 571 1253 Semiramidem,
628 1218 722 1254 quae
765 1208 926 1258 quinque

277 1260 570 1310 generationibus
590 1267 675 1299 ante
698 1261 805 1301 aliam
828 1265 927 1313 regi-

277 1329 338 1355 am
355 1315 526 1354 feminam
543 1316 706 1356 Nitocrin
725 1319 864 1368 vixerit,
892 1324 929 1358 et

275 1371 561 1421 Babyloniorum
580 1374 659 1422 regi
670 1375 848 1425 cuiquam,
868 1390 929 1414 cu-

277 1429 334 1466 ius
351 1441 485 1466 nomen
504 1434 600 1467 tacet
619 1430 843 1481 Herodotus,
861 1446 929 1470 nu-

276 1488 344 1536 pta
374 1484 487 1522 videri
513 1490 633 1535 queat.
686 1487 812 1526 Plures
832 1490 928 1527 enim

278 1539 384 1580 huius
411 1541 568 1579 nominis
596 1543 744 1592 reginas
774 1545 857 1582 olim
890 1546 927 1582 in

279 1595 370 1634 Asia
387 1597 502 1635 fuisse
530 1602 567 1635 et
592 1599 633 1636 in
657 1601 814 1638 historiis
835 1614 928 1638 nun-

279 1653 422 1704 cupari,
460 1653 508 1690 ad
540 1654 744 1694 fabularum
768 1659 928 1695 rationes

280 1721 377 1759 quae
396 1709 585 1748 traductae
596 1716 658 1748 aut
670 1713 802 1762 quibus
817 1714 928 1752 multa

280 1764 447 1804 fabulosa
469 1766 630 1804 admixta
645 1769 799 1818 fuerint,
820 1783 928 1808 nemo

280 1822 475 1873 quisquam
511 1823 662 1873 peritior
700 1827 739 1863 in
781 1827 930 1864 dubium

280 1878 474 1915 vocaverit.
539 1879 672 1929 Neque
722 1894 805 1919 raro
853 1896 930 1930 eas,

282 1945 377 1983 quae
392 1947 460 1984 pro
490 1938 695 1986 temporum
714 1939 854 1977 ratione
873 1939 930 1976 di-

280 1989 421 2039 stingui
453 1990 630 2039 debeant,
674 1995 846 2032 confundi
875 1995 932 2031 in-

283 2048 341 2083 ter
361 2057 403 2082 se
417 2074 430 2093 ,
458 2050 583 2085 notum
599 2052 666 2085 est.
697 2049 933 2101 Quapropter

282 2101 399 2139 virum
433 2102 580 2140 doctum
614 2105 746 2151 miror,
797 2108 859 2155 qui
893 2107 931 2143 in

283 2155 513 2195 Becherches
541 2161 725 2198 nouvelles
745 2174 806 2198 sur
825 2163 932 2199 l'hist.

284 2224 365 2250 ane.
394 2215 422 2249 t.
441 2212 492 2250 111
521 2227 600 2265 cap.
618 2216 669 2253 VI
696 2229 782 2266 pag.
807 2220 860 2260 36
876 2231 932 2268 sq.

284 2279 394 2305 unam
415 2269 640 2319 eandemque
652 2273 766 2311 fuisse
784 2279 935 2311 conten-

286 2324 343 2362 dit
363 2327 401 2361 et
429 2325 611 2364 Herodoti
633 2332 670 2365 et
701 2329 848 2368 Ctesiae
868 2332 935 2368 Se-

286 2379 527 2429 miramidem,
578 2395 672 2432 quae
709 2385 936 2435 Babylonem

286 2435 373 2473 olim
384 2437 586 2476 condiderit
599 2452 609 2484 3
629 2440 721 2478 adeo
734 2447 773 2479 ut
789 2444 937 2482 Ctesiae

287 2493 482 2530 auctoritas
518 2494 557 2531 in
599 2495 699 2534 hisce
745 2499 937 2537 Herodoto

287 2549 530 2600 praeferenda
558 2549 624 2597 sit,
655 2553 716 2602 qui
735 2555 940 2594 Chaldaeo-

288 2616 368 2642 rum
387 2617 429 2642 ac
448 2605 731 2655 Babyloniorum
761 2613 939 2649 narratio-

288 2659 397 2698 nibus
415 2660 453 2698 in
472 2662 635 2700 fraudem
654 2678 695 2702 se
712 2666 832 2704 induci
852 2681 938 2718 pas-

289 2728 354 2752 sus
391 2717 449 2754 sit.
515 2717 695 2757 Nolumus
730 2722 874 2771 longius
901 2725 937 2761 in

290 2771 346 2809 his
373 2772 594 2822 subsistere,
627 2788 721 2825 quae
745 2791 872 2816 vereor
901 2788 940 2819 ut

292 2839 449 2876 unquam
470 2829 649 2868 conciliari
672 2836 824 2883 possint.
883 2837 940 2876 De

293 2883 355 2920 illa
381 2884 620 2925 Semiramide
645 2889 747 2936 (non
771 2892 942 2930 Herodo-

984 540 1065 587 tea‚
1097 540 1164 579 sed
1180 541 1290 592 priori
1320 539 1400 589 ill-31,
1427 554 1495 592 per
1520 545 1636 581 totam

984 597 1061 634 fere
1084 595 1207 634 Asiam
1237 610 1332 646 quae
1358 597 1542 636 celebrata
1562 599 1637 648 est)

985 656 1130 701 praeter
1164 653 1367 691 Diodorum
1414 655 1471 692 vel
1515 655 1638 705 potius

987 708 1148 745 Ctesiam
1168 709 1203 746 h.
1222 708 1244 746 l.
1277 711 1412 747 confer.
1431 710 1544 749 Beck.
1574 711 1597 748 l.
1614 711 1638 748 l.

986 776 1072 813 pag.
1097 767 1176 806 192
1195 777 1276 814 sqq.
1306 766 1553 805 Herodoteam
1571 768 1641 806 Se-

987 819 1212 858 miramidem
1229 821 1434 860 Larcherus
1452 824 1557 873 ponit
1574 836 1640 860 an-

988 887 1036 910 no
1054 878 1138 916 746
1171 888 1204 912 a.
1239 877 1325 914 Chr.
1355 890 1406 926 n.,
1433 879 1465 915 si
1491 880 1640 929 quidem

987 930 1148 967 Nitocris
1171 931 1306 969 incidat
1332 933 1370 969 in
1398 946 1530 972 annum
1556 939 1640 978 620

987 998 1021 1022 a.
1043 986 1150 1033 Chr.;
1176 988 1224 1025 ‹le
1241 1000 1314 1037 quo
1335 989 1409 1026 vid.
1432 990 1481 1027 ad
1501 990 1539 1038 1,
1559 990 1640 1033 185

986 1042 1064 1079 init.

1050 1098 1127 1136 Iam
1172 1100 1271 1148 quod
1306 1101 1355 1137 ad
1391 1100 1641 1140 Semiramidis

991 1168 1104 1206 opera
1126 1156 1275 1204 attinet,
1305 1169 1416 1207 supra
1434 1158 1507 1195 iam
1524 1171 1641 1197 anno-

992 1212 1077 1259 tavi,
1104 1225 1171 1262 per
1191 1225 1336 1250 omnem
1354 1214 1432 1251 sere
1445 1212 1570 1252 Asiam
1581 1229 1643 1253 su-

993 1269 1172 1319 periorem
1189 1282 1330 1306 summa
1353 1282 1521 1319 quaeque
1548 1273 1645 1310 eius-

995 1325 1078 1362 dem
1094 1325 1241 1362 nomine
1260 1325 1433 1363 celebrari
1452 1327 1559 1376 eique
1577 1329 1651 1367 adr

995 1382 1114 1418 scribi.
1152 1381 1214 1419 Sic
1234 1381 1281 1419 de
1300 1382 1471 1431 operibus
1492 1384 1644 1433 quibus-

996 1437 1081 1474 dam
1101 1438 1348 1475 Semiramidis
1369 1438 1407 1474 in
1427 1437 1553 1477 Media
1566 1454 1645 1479 ma·-

996 1506 1071 1542 gna
1099 1493 1258 1543 loquitur
1286 1493 1473 1532 Diodorus
1502 1495 1559 1544 ΙΙ,
1591 1499 1644 1539 13

996 1550 1084 1599 111111.
1110 1550 1330 1600 W'esseling.
1372 1554 1410 1588 et
1433 1551 1645 1604 Geograph.

995 1607 1122 1643 minor.
1160 1605 1214 1654 II,
1240 1609 1265 1648 6
1305 1607 1363 1645 ed.
1393 1606 1562 1647 Hudson.
1608 1614 1645 1648 et

996 1675 1091 1712 quae
1127 1661 1196 1699 alia
1224 1675 1267 1701 ex
1300 1663 1532 1702 orientalibus
1559 1666 1647 1703 scri-

996 1718 1160 1770 ptoribus
1176 1719 1465 1768 profertfloeck.
1487 1722 1647 1761 inveter.

995 1774 1098 1813 Med.
1114 1779 1150 1812 et
1168 1774 1270 1813 Pers.
1285 1782 1506 1816 monument.
1518 1780 1645 1830 p.115

997 1845 1100 1880 seqq.
1122 1832 1168 1869 de
1189 1832 1436 1870 Semiramidis
1462 1839 1583 1873 statua
1611 1840 1648 1874 et

997 1887 1173 1925 columna.
1213 1888 1273 1926 De
1302 1891 1444 1938 magnis
1463 1892 1648 1942 operibus,

997 1944 1282 1993 aquaeductibus
1310 1946 1505 1998 praecipue
1531 1961 1649 1999 prope

998 2000 1185 2036 Ecbatana
1225 2001 1321 2038 idem
1355 2001 1541 2041 Diodorus
1569 2005 1592 2042 l.
1624 2004 1648 2042 l.

998 2056 1157 2104 itemque
1183 2056 1230 2093 de
1249 2058 1439 2096 ruderibus
1468 2061 1650 2111 hodieque

999 2112 1048 2148 ibi
1066 2111 1228 2150 locorum
1246 2114 1360 2150 obviis
1380 2127 1497 2166 prope
1522 2118 1649 2156 urbem

999 2168 1217 2216 Hamadan,
1245 2171 1317 2207 vid.
1343 2171 1549 2210 Hoeckium
1575 2174 1598 2211 l.
1624 2173 1649 2211 l.

1000 2237 1086 2275 pag.
1112 2225 1191 2267 155
1214 2240 1292 2276 seq.
1333 2227 1414 2265 Alia
1437 2229 1515 2267 eius
1537 2242 1651 2280 opera

1000 2282 1039 2317 in
1070 2279 1241 2319 Armenia
1271 2289 1515 2322 memorantur
1541 2286 1653 2324 exsti-

1001 2337 1113 2384 1155ος
1141 2338 1212 2376 vid.
1234 2339 1321 2376 ibid.
1339 2354 1374 2391 p.
1404 2344 1493 2383 100.
1523 2341 1652 2380 Notis-

1003 2393 1133 2430 simum
1171 2407 1318 2445 quoque
1369 2399 1519 2447 reginae
1558 2411 1651 2449 opus

1002 2448 1188 2486 hortorum
1208 2452 1420 2501 pensilium,
1450 2455 1498 2492 de
1521 2456 1652 2504 quibus

1003 2503 1108 2541 Philo
1133 2506 1287 2554 Byzant.
1308 2508 1356 2546 de
1369 2514 1462 2561 sept.
1489 2513 1565 2548 orb.
1586 2511 1655 2548 mi-

1004 2572 1095 2598 racc.
1118 2575 1204 2612 pag.
1238 2563 1264 2604 4
1295 2577 1399 2614 seqq.
1438 2567 1560 2617 ibique
1586 2580 1654 2604 311-

1005 2621 1120 2654 notat.
1141 2631 1226 2668 pag.
1252 2623 1308 2660 72
1325 2634 1429 2671 seqq.
1461 2625 1518 2661 ed.
1541 2622 1654 2662 Orell.

1003 2671 1086 2710 Nec
1103 2679 1224 2712 tamen
1251 2675 1341 2714 haec
1363 2677 1432 2716 hoc
1459 2679 1540 2717 loco
1562 2681 1654 2718 ube-

1006 2729 1080 2765 rius
1097 2735 1182 2767 sunt
1191 2732 1402 2782 explicanda
1419 2740 1456 2772 et
1472 2736 1655 2774 illustran-

1008 2785 1074 2831 da,
1103 2800 1169 2824 nec
1186 2789 1303 2836 magis
1322 2790 1486 2828 fabulosa
1504 2793 1574 2830 ista
1592 2805 1654 2831 se-

1008 2843 1163 2890 ctanda,
1199 2856 1351 2893 quorum
1375 2848 1548 2886 nonnulla
1572 2847 1656 2886 atti·
1713 2878 1715 2881 -
1747 2842 1750 2890 l

1008 2898 1063 2946 git
1089 2899 1294 2939 Creuzerus
1331 2904 1369 2940 in
1398 2905 1593 2953 Symbolic.
1620 2908 1655 2946 II
