1759 3324
482 228 1011 268 EUTERPE.11.
1301 234 1387 274 683

33 344 61 389 1
229 336 508 395 Ἑλληνικοῖσι
561 338 606 380 δὲ
648 338 868 393 νομαίοισι
914 335 1127 394 φεύγουσι
1166 342 1381 396 χρᾶσθαι·
1438 352 1589 393 ,Chemmis
1624 355 1719 383 urbs:

1437 395 1467 412 ιιι
1480 395 1516 413 ea
1526 388 1636 414 Perseo
1646 392 1720 416 tem-

119 417 167 461 τὸ
199 418 244 461 δὲ
278 416 453 472 σύμπαν
491 417 647 467 εἰπεῖν,
699 414 804 473 μήδ’
846 415 987 461 ἄλλων
1025 421 1204 475 μηδαμοῖ
1235 420 1720 487 μηδα-903ξξὲῗωξξῖθῑ5ᾞ1ῗξ

1434 487 1533 527 stitutj
1567 487 1630 516 ludi
1664 497 1715 525 gy—

820 497 862 539 οἱ
900 497 981 552 μέν
1019 514 1104 540 νυν
1144 497 1269 542 ἄλλοι
1297 501 1378 543 Αἰ-
1435 522 1538 550 ιηιιῑοι.

117 500 211 552 μῶν
239 494 490 550 ἀνθρώπων
527 497 759 551 νομαίοισι.

88 574 291 631 Ξγύπτιοι
330 572 445 617 οὕτω
483 577 614 618 τοῦτο
655 575 942 631 φυλάσσουσι.
1002 577 1090 621 ἔστι
1131 578 1177 622 δὲ
1219 579 1383 635 Χέμμις
1444 582 1525 625 144

114 652 238 704 πόλις
285 650 447 710 μεγάλη
485 659 626 709 νομοῦ
672 659 753 699 τοῦ
795 659 1045 714 Θηβαϊκοῦ,
1098 657 1227 714 ἐγγύς
1264 661 1381 718 Νέης

276 849 307 886 c
318 862 339 887 a
349 864 385 901 p.
416 850 516 888 XCI.

110 932 373 984 Ἑλληνικοῖσι
417 932 460 974 δὲ
509 935 714 986 νομαίοισι

55 987 250 1043 φεύγουσι
281 989 481 1043 χρᾶσθαι]
522 993 630 1030 Conf.
652 1007 713 1030 su-

53 1061 121 1101 pra
151 1048 185 1095 Ι,
214 1051 290 1095 79,
340 1050 402 1086 ubi
431 1045 584 1099 νόμους
624 1051 711 1087 dicit

51 1105 210 1157 patrios,
241 1105 368 1154 quibus
381 1105 555 1155 Aegyptii
575 1107 711 1144 adhae-

53 1166 178 1208 reant,
209 1164 409 1211 peregrinis
428 1164 574 1200 minime
594 1164 710 1200 adsci-

51 1219 109 1256 tis.
169 1219 290 1262 Quam
318 1220 365 1255 ob
395 1231 538 1256 causam
566 1233 609 1257 eo
632 1233 709 1257 ma-

52 1275 107 1326 gis
147 1275 304 1312 advertit
342 1280 482 1325 patrem
522 1277 708 1324 historiae,

51 1333 151 1381 quod
172 1333 271 1382 apud
284 1332 508 1369 Chemmitas
520 1333 709 1370 invenerat

50 1388 274 1434 institutum,
335 1389 486 1426 Graecis
534 1391 707 1426 institutis

49 1458 199 1496 prorsus
250 1445 391 1492 simile,
430 1452 708 1495 memoratuque

50 1502 316 1550 dignissimum.
365 1502 455 1540 Inde
477 1504 599 1552 posuit
627 1504 708 1540 No-

50 1562 144 1596 ster:
172 1558 213 1597 οἷ
241 1557 312 1609 μέν
342 1574 415 1598 νυν
444 1556 557 1599 ἄλλοι
582 1556 708 1611 Αἰγύ-

47 1629 156 1654 πτιοι
178 1610 281 1654 οὕτω
297 1618 413 1654 τοῦτο
433 1612 704 1665 φυλάσσουσι,-

49 1672 179 1720 quibus
199 1671 402 1721 Aegyptios
421 1673 579 1710 declarat
598 1674 704 1711 valde

50 1728 195 1765 deditos
218 1729 345 1777 patriis
364 1729 536 1766 institutis
556 1743 705 1767 conser-

48 1784 178 1821 vandis
200 1789 237 1822 et
265 1785 310 1822 ab
331 1785 409 1821 aliis
438 1786 587 1823 aliarum
613 1799 705 1836 gen-

49 1840 141 1877 tium
153 1841 425 1879 introducendis
445 1843 598 1880 maxime
618 1843 705 1880 alie-

47 1909 114 1934 nos
125 1911 135 1943 3
147 1898 212 1935 sed
232 1898 353 1935 statim
364 1900 555 1936 additurus
569 1900 705 1937 Chem-

48 1955 155 1991 mitas
195 1953 292 1991 solos
333 1955 378 1991 ab
412 1955 467 1992 his
502 1957 704 2004 discedere,

49 2011 185 2060 quippe
231 2011 332 2060 apud
360 2024 451 2060 quos
486 2012 554 2049 alia
593 2015 703 2050 etiam

47 2067 166 2104 minus
177 2065 379 2117 Aegyptia,
398 2070 463 2105 sed
483 2082 576 2118 quae
586 2070 704 2108 Grae-

47 2135 90 2160 ca
124 2124 225 2171 sint,
274 2124 495 2173 obtineant,
543 2126 702 2163 subiicit:

48 2177 129 2217 ἕστι
150 2177 202 2218 δὲ
223 2178 377 2230 Χέμμις
395 2196 429 2219 κ.
447 2195 478 2219 τ.
498 2184 531 2220 λ.
589 2183 703 2220 Suffi-

47 2235 142 2272 ciant
171 2236 260 2274 haec
283 2238 332 2274 ad
367 2251 500 2276 nexum
528 2239 702 2277 orationis

46 2293 347 2342 perspiciendum.

106 2374 184 2415 ἔστι
211 2375 254 2416 δὲ
275 2376 427 2429 Χέμμις
448 2373 564 2426 πόλις
584 2376 702 2433 μεγά-

48 2433 97 2481 λη
127 2447 163 2470 κ.
193 2448 223 2471 τ.
254 2432 302 2484 λ.]
345 2435 513 2473 Chemmis
538 2438 623 2474 urbs
652 2439 701 2475 ad

48 2488 255 2527 orientalem
276 2491 351 2528 Nili
367 2494 484 2543 ripam
510 2493 578 2530 sita
607 2495 702 2532 inter

46 2542 350 2597 Aphroditopolin
376 2553 412 2586 et
432 2549 649 2592 Ptolemain,
663 2550 699 2588 in

48 2599 259 2650 Thebaide,
277 2605 364 2641 satis
383 2606 503 2656 ampla
523 2610 561 2644 et
579 2609 698 2657 prisco

48 2668 140 2693 aevo
159 2660 314 2697 condita.
361 2662 495 2700 Graeci
515 2665 698 2701 vocabant

49 2710 263 2762 Panopolz'n,
303 2718 473 2765 quoniam
491 2719 602 2757 Panis
624 2721 698 2758 cul-

47 2771 86 2804 tu
97 2771 289 2820 praecipue
302 2773 453 2823 insignis
463 2776 545 2823 fuit,
561 2777 698 2826 ipsum-

47 2836 120 2872 que
148 2826 223 2863 eius
249 2839 401 2877 nomen,
439 2832 538 2880 quod
566 2833 695 2884 Coptis

49 2883 104 2917 est
125 2879 270 2921 Schmin
283 2885 358 2923 sive
376 2886 508 2925 Chmim
520 2916 532 2935 ,
558 2888 696 2928 Panem

783 854 968 904 Aegyptio
1029 868 1197 894 sermone
1239 857 1436 896 indicabat.

782 909 891 948 Nunc
926 924 1074 961 quoque
1106 918 1210 951 vetus
1240 915 1438 965 appellatio

781 969 1052 1016 quodammodo
1070 970 1260 1016 remansit3
1290 976 1440 1009 vocatur

781 1025 878 1061 enim
907 1025 953 1062 ab
981 1024 1160 1064 Arabibus
1179 1028 1342 1065 fik-lomim
1371 1042 1436 1067 seu

779 1080 940 1118 Iltlaemz'm.
1006 1082 1117 1120 Plura
1159 1085 1436 1124 Schlichthorst.

780 1138 802 1174 l.
822 1137 844 1174 l.
877 1152 964 1188 pag.
989 1141 1068 1180 100
1094 1153 1168 1190 seq.
1229 1142 1434 1192 Champoll.

777 1195 939 1245 l'Egypt.
969 1209 1052 1233 sous
1071 1196 1093 1233 l.
1120 1198 1223 1247 phar.
1250 1198 1265 1235 I
1294 1213 1332 1249 p.
1351 1199 1434 1240 257

778 1265 881 1301 seqq.
941 1252 1048 1295 Quae
1086 1259 1212 1292 contra
1242 1260 1435 1304 argutatur

777 1308 992 1345 Mannertus
1026 1310 1260 1361 (Geograph.
1281 1313 1348 1349 der
1367 1313 1433 1349 Gr.

776 1380 810 1403 u.
833 1365 940 1402 Risnn.
967 1365 1024 1413 X,
1051 1369 1072 1407 1
1104 1381 1189 1418 pag.
1208 1368 1291 1409 374
1323 1370 1434 1418 seq),

775 1435 848 1472 quo
872 1421 1045 1459 Cleemmz’n
1057 1424 1309 1463 Herodoteam
1322 1438 1343 1462 a
1356 1425 1432 1462 Pa-

775 1478 892 1528 nopoli
907 1479 1090 1517 diversam
1114 1494 1194 1519 esse
1222 1483 1432 1529 contendat,

775 1535 864 1572 nihil
882 1548 1076 1574 moramur.
1135 1538 1224 1575 Vult
1255 1538 1350 1576 enim
1374 1552 1435 1575 ur-

776 1593 862 1630 bem
883 1605 983 1638 esse,
1017 1606 1110 1642 quae
1128 1607 1150 1631 a
1170 1596 1320 1632 Graecis
1331 1600 1434 1646 post-

772 1650 883 1686 modo
905 1649 1029 1699 Coptos
1040 1650 1093 1687 sit
1112 1651 1304 1702 appellata.
1349 1652 1432 1690 Nee

773 1719 861 1743 sane
881 1705 941 1743 ille
965 1708 1153 1756 perspexit
1172 1709 1347 1746 orationis
1363 1722 1430 1746 ne-

772 1775 877 1808 xum,
918 1764 979 1811 qui
1006 1763 1239 1803 Herodotum
1262 1766 1310 1802 ad
1337 1766 1428 1804 haec

771 1819 955 1856 narranda
983 1819 1194 1870 impulerit,
1243 1823 1290 1859 de
1318 1822 1429 1861 Panis

772 1875 870 1912 cultu
888 1904 899 1921 ,
939 1888 1012 1925 quo
1057 1878 1141 1914 urbs
1179 1879 1333 1917 maxime
1361 1881 1430 1918 fuit

771 1932 924 1980 insignis
945 1960 956 1978 ‚
1014 1933 1176 1972 silentem
1199 1963 1210 1981 ,
1257 1937 1429 1984 quoniam

772 1989 919 2025 omnino
943 1989 990 2026 de
1009 1990 1115 2028 rebus
1127 1992 1236 2028 sacris
1248 1992 1430 2030 silentium

772 2045 839 2082 sibi
860 2045 1095 2095 imposuerat,
1113 2049 1183 2084 nisi
1202 2048 1262 2085 ubi
1283 2053 1429 2087 coactus

771 2102 860 2150 quid
899 2102 1086 2151 divulgare
1124 2118 1275 2142 necesse
1321 2107 1432 2143 suerit

773 2158 836 2205 (cf.
856 2158 910 2205 ΙΙ,
932 2158 984 2199 65
1007 2159 1115 2210 etc.);
1158 2175 1252 2210 quae
1281 2163 1429 2211 quidem

770 2215 967 2252 necessitas
1008 2216 1066 2253 hic
1101 2218 1199 2255 nulla
1229 2231 1428 2269 sanequam

769 2275 934 2321 apparet.
992 2273 1076 2311 Hoc
1110 2287 1195 2312 vero
1234 2275 1301 2313 hac
1340 2277 1428 2314 data

769 2329 959 2367 occasione
978 2331 1154 2368 monitum
1178 2332 1304 2379 velim,
1336 2332 1427 2370 Per-

770 2385 822 2422 sei
840 2385 975 2423 cultum
993 2388 1228 2438 praecipuum
1243 2390 1280 2425 in
1301 2402 1346 2427 ea
1364 2403 1426 2426 ur-

770 2441 841 2489 be,
871 2455 967 2490 quae
992 2443 1083 2480 Pani
1113 2446 1180 2482 suit
1201 2450 1424 2494 consecrata,

768 2511 842 2534 non
863 2499 1039 2536 absonum
1060 2501 1197 2548 videri,
1227 2516 1307 2540 cum
1327 2507 1428 2540 uter-

768 2568 839 2603 que
861 2555 952 2592 deus
964 2557 1011 2592 ad
1022 2558 1165 2595 siderea
1177 2560 1323 2596 numina
1339 2573 1426 2609 per-

768 2611 906 2658 tineat,
937 2613 1066 2661 quibus
1088 2614 1268 2663 insignem
1289 2617 1362 2653 vim
1387 2616 1424 2652 in

765 2670 899 2705 terram
918 2670 1138 2720 frugumque
1153 2673 1267 2709 omnis
1278 2673 1422 2722 generis

765 2729 982 2774 proventum
1003 2730 1039 2764 et
1058 2728 1201 2778 copiam
1219 2729 1425 2767 tribuerunt

765 2777 948 2831 Aegyptii.
1024 2783 1085 2821 Tu
1119 2786 1214 2822 conf.
1249 2785 1422 2823 Creuzer.

765 2836 929 2885 Symbol.
946 2838 996 2875 111
1014 2841 1157 2889 p.236.
1179 2842 1272 2882 237.

823 2891 939 2946 ἐγγύς
960 2894 1070 2947 Νέης
1088 2893 1252 2947 πόλιος]
1298 2897 1422 2936 Facile
