1832 3315
659 264 877 303 CLIO.
934 265 962 303 Ι.
1360 269 1442 309 129

186 382 248 435 τῷ
272 374 521 434 βουλομένῳ
558 373 724 418 αὐτέων
754 374 959 430 γενέσθαι
982 374 1162 431 Δελφὸν
1207 376 1249 427 ἐς
1272 375 1348 419 τὸν
1372 374 1440 420 ἀεὶ

63 461 129 509 55
185 457 354 514 χρόνον.
384 452 705 511 Δωρησοὲμενος
732 453 778 497 δὲ
819 453 925 504 τούς
955 453 1158 509 Δελφοὺς
1186 452 1211 497 ὁ
1235 457 1438 511 Κροῖσος,

181 533 528 591 ἐχρηστηριάζετο
558 533 607 576 τὸ
633 534 792 587 τρίτον.
820 534 909 576 ἐπεί
947 549 992 576 τε
1028 533 1111 589 γὰρ
1150 533 1202 590 δή
1229 534 1440 592 παρέλαβε

1495 455 1603 490 Pythia
1627 465 1676 499 qm
1668 458 1698 487 511
1725 468 1771 489 ro-

1494 497 1568 524 pon
1611 492 1751 522 rin-etcos

1497 491 1620 551 tertium
1667 504 1772 555 consuo

1499 556 1571 584 lenit
1600 558 1637 585 (le
1654 545 1772 594 imperii

1498 590 1545 618 eui
1537 590 1613 619 idiu
1597 596 1770 623 uturnitato.

181 618 259 658 τοῦ
288 615 500 669 μαντηΐου
530 611 768 669 άληθηΐην,
799 612 1052 669 ἐνεφορέετο
1084 611 1235 656 αὐτοῦ.
1267 615 1440 671 ἐπειρώ-

126 782 270 821 quoque
316 770 412 806 idem
459 766 662 804 exercuisse
707 767 775 814 ius,

125 827 194 864 alia
217 826 386 863 evincunt
412 822 640 869 testimonia3
678 825 779 873 quod

123 882 306 932 quomodo
323 894 443 919 secum
462 879 641 917 conciliari
660 881 779 930 possit

124 939 162 976 in
189 942 292 976 tanta
320 939 424 975 liuius
463 936 516 974 rei
558 936 777 974 obscuritate

122 995 180 1032 vix
215 994 408 1044 quisquam
444 992 585 1030 dixerit.
667 992 777 1030 Plura

124 1051 396 1088 Saint-Croix:
419 1049 498 1088 Des
518 1049 664 1086 anciens
685 1062 776 1098 gou—

122 1120 279 1145 vernem.
310 1107 496 1162 sederatiss
522 1119 558 1155 p.
579 1108 672 1147 277.
693 1107 776 1147 278

123 1168 161 1202 et
181 1164 217 1201 Τ
221 1165 406 1201 ittmann.:
446 1162 550 1200 Uber
571 1162 644 1198 den
665 1162 775 1198 Bund

123 1221 189 1258 der
204 1219 454 1269 Amphictyon.
483 1230 569 1267 pag.
594 1220 673 1258 179
694 1231 771 1267 seq.

178 1277 350 1326 Sequitur
375 1271 548 1321 ἀτέλεια,
579 1287 673 1323 quae
693 1287 773 1311 cum

122 1332 365 1385 προμαντείᾳ
391 1332 579 1369 coniuncta
598 1331 775 1380 reperitur

121 1389 193 1435 ΙΙΙ,
214 1391 269 1430 67
287 1392 323 1425 et
334 1402 414 1425 cum
425 1386 615 1440 προεδρίᾳ
629 1386 770 1433 lx,72.

119 1444 202 1482 Alia
227 1444 390 1494 exempla
416 1457 459 1482 ex
479 1443 771 1493 inscriptionibus

118 1500 343 1551 protulerunt
371 1500 576 1538 Gronovius
605 1504 641 1537 et
659 1500 770 1537 Wes-

118 1557 301 1607 selingius.
372 1557 431 1596 De
457 1556 679 1595 immunitate
706 1570 768 1594 eo-

118 1627 196 1650 rum
206 1643 216 1661 ,
247 1613 310 1662 qui
326 1627 405 1651 cum
423 1613 604 1664 peregrini
617 1612 768 1663 Delphis

118 1669 387 1716 consedissent,
442 1671 575 1707 tributo
628 1668 769 1707 liberati

119 1730 225 1773 sunt,
256 1726 385 1764 dicitur
404 1720 554 1765 οἷτέλεια
574 1726 672 1776 apud
692 1725 768 1764 De-

117 1782 297 1820 mosthen.
319 1783 422 1820 Orat.
444 1784 585 1820 advers.
607 1782 768 1832 Leptin„

118 1839 179 1876 ubi
197 1838 261 1876 Cr.
282 1840 455 1891 amandat
471 1840 516 1876 ad
536 1837 568 1875 F
572 1838 652 1876 r.A.
664 1838 768 1876 Wol-

116 1895 156 1932 fii
183 1895 355 1944 Prolegg.
382 1908 469 1945 pag.
499 1894 635 1932 LXXI.
691 1895 769 1932 Sed

117 1952 167 1989 ad
184 1956 346 1989 nostrum
365 1951 482 1989 locum
501 1951 619 2001 magis
649 1953 769 1989 facere

116 2007 284 2045 videntur
293 2037 304 2056 ,
320 2021 414 2058 quae
429 2009 563 2046 Strabo
575 2007 629 2044 IX
638 2021 675 2058 p.
685 2007 768 2049 418

117 2077 147 2101 s,
166 2077 203 2114 p.
225 2064 303 2106 641
317 2093 329 2113 ‚
352 2064 386 2101 A
417 2064 557 2103 retulit:
588 2068 769 2114 quotquot

115 2121 299 2172 peregrini
332 2120 549 2172 Delphicum
584 2121 766 2158 oraculum

116 2176 365 2224 consulerent,
397 2191 461 2216 eos
476 2176 630 2226 vectigal
649 2178 767 2227 quod-

116 2233 223 2280 dam,
254 2234 300 2271 ab
326 2232 650 2285 Amphictyonibus
678 2247 765 2271 con-

116 2290 298 2338 stitutum,
328 2290 507 2328 Crissaeis
530 2295 567 2329 et
593 2289 766 2341 Amphis*-

117 2346 212 2384 saeis
229 2346 392 2397 pendere
418 2351 562 2385 coactos
580 2348 704 2385 fuisse.
729 2347 763 2383 A

117 2414 188 2451 quo
227 2402 394 2451 vectigali
424 2403 554 2452 Lydos
601 2408 763 2441 exemtos

116 2459 229 2497 fuisse
245 2472 420 2509 perquam
448 2461 490 2497 fit
506 2459 706 2511 probabile.

171 2516 362 2568 προεδρία
388 2516 447 2553 hic
472 2517 683 2565 intelligitur
707 2516 764 2552 ius

116 2569 156 2617 in
182 2571 400 2610 solemnibus
425 2572 541 2620 ludis,
571 2573 609 2610 in
627 2571 765 2623 Apolli-

117 2626 174 2662 nis
205 2627 378 2666 honorem
413 2629 608 2676 institutis,
647 2629 764 2680 primo

119 2682 244 2720 ordine
276 2685 427 2722 sedendi
455 2685 612 2736 indeque
657 2685 763 2722 ludos

119 2739 316 2786 spectandi.
376 2741 487 2784 Quod
511 2755 627 2791 genus
646 2741 765 2778 hono-

118 2793 170 2828 ris
189 2792 271 2830 alibi
289 2808 433 2845 quoque
458 2799 630 2848 frequens
659 2811 764 2847 repe-

116 2848 216 2886 ritur.
271 2849 323 2888 Ac
337 2858 526 2902 praeterea
550 2854 667 2903 Lydis
696 2854 765 2891 hoc

116 2904 319 2942 tribuerunt
338 2906 497 2959 Delphi,
525 2914 587 2960 ut,
613 2910 763 2961 quicun-

173 2959 379 3003 Hssnono‘r.
409 2964 437 3003 I.

846 781 917 816 que
948 766 1077 813 vellet,
1136 767 1173 804 in
1207 781 1315 806 omne
1353 772 1496 820 tempus

845 823 1073 873 Delphorum
1088 836 1182 860 unus
1203 824 1324 872 fieret,
1354 825 1377 862 i.
1400 839 1431 863 e.
1458 826 1496 863 in

845 881 971 917 urbem
995 880 1236 930 reciperetur,
1266 893 1376 930 agros
1406 895 1496 932 pos—

845 937 966 974 sidere
984 940 1113 987 posset
1121 965 1132 983 ,
1164 937 1234 974 alia
1260 950 1337 974 iura
1356 939 1497 988 accipe-

844 996 918 1040 ret,
950 997 1100 1042 excepto
1125 997 1247 1030 tamen
1265 994 1395 1044 opinor
1413 995 1495 1045 ipso

844 1049 998 1086 civitatis
1028 1050 1129 1100 (τῆς
1149 1051 1374 1100 πολιτείας)
1404 1052 1495 1088 iure.

843 1105 984 1142 Similia
1010 1106 1191 1154 quaedam
1211 1107 1247 1142 in
1272 1107 1494 1145 Graecarum

842 1162 1024 1199 civitatum
1052 1163 1260 1199 foederibus
1290 1162 1494 1201 Larcherus

843 1217 967 1255 laudat
998 1230 1041 1254 ex
1069 1218 1305 1268 Xenophont.
1345 1219 1491 1257 Hellen.

841 1273 880 1320 Ι,
901 1278 948 1322 2,
966 1276 993 1314 7
1015 1278 1051 1311 et
1068 1273 1307 1312 Demosthen.
1330 1288 1397 1325 pro
1417 1277 1492 1313 Co-

842 1343 919 1366 ron.
950 1343 985 1380 p.
1014 1332 1118 1377 487,
1156 1330 1201 1367 Ε.
1261 1330 1325 1368 Cr.
1357 1332 1405 1369 dc
1436 1332 1491 1368 his

839 1386 1036 1436 privilegiis
1055 1387 1195 1424 consuli
1217 1387 1292 1424 vult
1309 1387 1391 1424 Van
1411 1388 1493 1425 Dal.

838 1443 876 1478 in
896 1442 1091 1542 Ιὲὶῗόοιιᾶῒ.
1112 1443 1264 1494 Antiqq.
1287 1443 1338 1482 VI
1355 1458 1392 1496 p.
1411 1444 1495 1487 442

1055 1585 1086 1623 C
1099 1597 1165 1636 ap.
1196 1584 1276 1623 LV.

895 1667 1124 1722 ἐνεφορέετο
1147 1665 1294 1716 αὐτοῦ]
1325 1670 1348 1706 i.
1369 1683 1401 1708 e.
1424 1673 1491 1708 z‘m-

831 1724 953 1775 plebat
990 1740 1024 1762 se
1045 1740 1082 1763 eo
1111 1726 1296 1775 (oraculo)
1325 1739 1356 1763 s.
1377 1726 1493 1775 largi-

837 1785 889 1818 ter
907 1784 945 1819 in
961 1795 998 1819 eo
1015 1783 1222 1820 consulendo
1240 1784 1308 1820 sibi
1327 1783 1488 1821 indulsit.

836 1838 1000 1877 Similem
1020 1839 1138 1876 locum
1167 1853 1187 1878 e
1213 1839 1395 1876 Plutarch.
1423 1840 1488 1876 Ci-

836 1908 907 1932 cer.
948 1908 1027 1945 cap.
1059 1899 1110 1937 19
1148 1894 1223 1943 (al.
1256 1896 1343 1943 20)
1381 1896 1490 1934 affert

836 1951 1038 2000 Schweigh.
1080 1953 1116 1989 in
1145 1951 1266 1989 Lexic.
1305 1952 1486 1990 Herodot.

837 2021 866 2044 s.
887 2020 919 2045 v.
954 2008 1031 2046 Sed
1049 2008 1156 2058 plura
1174 2008 1221 2046 de
1244 2009 1344 2046 verbi
1365 2009 1487 2045 notio-

836 2076 906 2111 ne,
948 2068 1025 2102 tum
1061 2065 1212 2116 propri&
1241 2065 1288 2103 de
1316 2064 1383 2112 iis,
1424 2066 1487 2114 qui

836 2121 915 2158 cibo
937 2125 999 2158 aut
1025 2126 1117 2171 potu
1141 2122 1280 2158 avidius
1307 2122 1486 2170 fruuntur,

835 2181 912 2214 tum
952 2177 1129 2215 translata
1166 2179 1214 2215 de
1247 2178 1311 2225 iis,
1349 2179 1410 2227 qui
1448 2178 1485 2214 in

833 2233 912 2270 aliis
945 2247 1090 2284 quoque
1121 2235 1230 2272 rebus
1260 2248 1340 2272 cum
1379 2234 1485 2270 simili

833 2290 1006 2328 aviditate
1034 2295 1171 2340 agunt,
1211 2291 1274 2328 ubi
1303 2291 1484 2328 secundus

832 2360 937 2384 casus
985 2347 1200 2398 adponitur,
1285 2348 1484 2397 disputavit

831 2403 998 2454 Lennep.
1051 2405 1099 2441 ad
1143 2403 1324 2440 Phalarid.
1361 2403 1481 2452 Epist.

830 2473 867 2510 p.
888 2462 954 2501 26.
1012 2459 1087 2497 Ubi
1117 2460 1276 2497 dativiun
1298 2460 1480 2506 adsciscit,

830 2515 1038 2566 implicanda·
1091 2517 1241 2554 notione
1298 2516 1484 2561 redditur-3

831 2573 903 2610 vid.
913 2572 1075 2610 Lobeck.
1088 2573 1137 2610 ad
1146 2572 1336 2621 Phrynich.
1347 2574 1411 2623 p.5
1417 2573 1483 2612 87.

834 2648 889 2656 —--
906 2628 948 2666 In
967 2630 1209 2667 antecedentt.
1236 2629 1335 2666 haud
1350 2628 1486 2665 mutavi

834 2680 1064 2735 ἆληθηΐην,
1095 2686 1259 2735 quamvis
1284 2685 1366 2722 libri
1390 2697 1486 2721 non-

832 2741 920 2778 nulli
935 2738 1144 2792 ἀληθείην.
1195 2740 1375 2778 Articulus
1394 2737 1483 2791 τὴν,

834 2810 941 2847 quem
973 2799 1156 2836 adiecerat
1183 2798 1424 2843 Schaeferus,
1462 2808 1486 2833 a

833 2853 933 2890 libris
954 2854 1100 2903 quidem
1117 2855 1245 2901 abest,
1260 2854 1329 2891 sed
1348 2864 1486 2902 oppor—

830 2913 918 2949 tune
928 2911 1015 2949 addi
1023 2923 1136 2962 posse
1150 2910 1292 2948 videtur
1301 2908 1485 2957 Schweig-
