1805 3315
643 256 853 296 CLIO.
912 258 938 295 Ι.

1377 264 1432 303 53

156 367 450 427 Θρασυβούλῳ
479 366 528 411 τὸ
558 365 821 425 χρηστήριον
845 367 1052 426 μηνύσας.
1096 366 1354 425 ἐτυράννευε
1385 370 1431 414 δὲ

107 537 196 573 deos
217 533 328 569 latere
346 531 549 578 iustamque
560 530 752 568 vindictam

106 591 266 637 effugere
292 598 425 637 posse;
460 585 616 635 probum
638 587 753 624 virum

104 647 292 696 ipsamque
320 643 396 680 eius
434 645 548 678 artem
580 644 753 680 musicam

103 701 230 750 (quam
251 699 409 735 divinam
423 698 587 735 ferebant
599 699 751 747 Graeci)

101 758 251 794 deorum
269 755 306 792 in
326 753 438 792 tutela
460 767 541 791 esse
562 759 597 792 et
617 768 639 791 a
661 768 752 804 quo-

99 813 153 850 vis
199 811 296 849 malo
344 810 559 848 incolumem
604 812 750 849 servari.

100 869 226 918 Itaque
244 870 384 905 tantum
406 867 534 913 abest,
563 871 602 904 ut
631 867 751 905 Hero-

100 927 225 963 dotum
245 928 396 974 propter
423 924 632 972 frequentes
656 925 750 962 eius—

99 981 199 1019 modi
208 980 455 1029 digressiones
464 979 752 1030 vituperandum,

99 1042 140 1075 ut
159 1038 297 1074 summa
316 1036 413 1073 illum
442 1035 550 1073 laude
579 1037 751 1085 dignissi-

98 1107 198 1132 mum
228 1106 449 1130 censeamus.
509 1092 617 1129 Conf.
635 1093 750 1130 Dahl-

98 1164 218 1188 mann.
240 1150 278 1186 in
288 1149 468 1187 Herodot.
490 1160 575 1198 pag.
586 1149 679 1190 224.
693 1170 748 1177 —

97 1206 274 1244 Fabulam
302 1206 420 1256 ipsam
454 1208 509 1241 tot
551 1205 746 1254 scriptores

97 1276 310 1311 narravere,
350 1266 391 1299 ut
429 1260 517 1298 scite
551 1265 661 1312 poeta
692 1260 749 1299 ille

97 1319 282 1358 cecinerit:

153 1376 264 1420 Quod
280 1387 380 1411 mare
404 1386 478 1411 non
503 1373 624 1422 novit,
654 1386 747 1423 quae

261 1432 377 1469 nescit
392 1430 532 1467 Ariona
552 1430 668 1467 tellus.

92 1500 244 1539 Fundus
273 1501 398 1549 utique
426 1498 643 1535 narrationis
668 1498 747 1537 He-

92 1558 245 1594 rodotus
268 1560 346 1603 est,
376 1556 475 1593 cuius
492 1555 603 1592 verba
613 1553 746 1593 Latine

92 1613 212 1651 retulit
229 1613 369 1649 Fronto
389 1613 426 1649 in
447 1612 547 1661 Opp.
568 1610 601 1648 ΙΙ
613 1625 648 1662 p.
661 1613 745 1653 373

93 1683 197 1718 seqq.
219 1669 276 1707 ed.
301 1669 414 1719 princ.
440 1666 590 1705 Mediol.
631 1667 664 1704 E
688 1681 745 1705 re-

92 1726 198 1775 liquis
217 1725 450 1775 scriptoribus
463 1753 474 1771 ,
505 1736 597 1773 quos
617 1723 745 1761 lauda-

93 1786 176 1819 runt
208 1786 295 1832 post
321 1781 550 1817 Harduinum
573 1780 622 1816 ad
648 1779 741 1818 Plin.

91 1838 138 1875 H.
151 1837 199 1875 N.
225 1838 299 1885 IX,
322 1839 370 1885 8,
392 1839 417 1877 8
437 1836 740 1885 lVyttenbachius

90 1896 140 1932 ad
168 1893 348 1932 Plutarch.
390 1893 535 1930 Morall.
563 1891 738 1929 Animad-

89 1964 204 1989 verss.
230 1950 246 1987 I
277 1962 363 2001 pag.
384 1951 465 1990 981
491 1948 622 1999 (adp.
644 1951 738 1997 161,

90 2007 154 2057 Β).
199 2007 327 2045 Ρ161111.
363 2007 401 2043 in
429 2005 616 2043 Lesbiacc.
659 2005 736 2042 libr.

90 2077 127 2114 p.
145 2066 226 2105 166
245 2067 320 2100 not.
331 2064 396 2104 68.
423 2062 605 2099 Car.Ern.
619 2060 737 2110 Wag-

89 2133 165 2158 ner.
185 2120 222 2156 in
251 2120 447 2169 scriptione
473 2119 520 2156 de
536 2118 736 2155 Periandro

88 2189 175 2228 pag.
207 2178 260 2218 27
292 2180 368 2213 not.
397 2178 451 2217 86
481 2175 735 2224 (Dannstadt.

91 2234 230 2281 1828).
274 2232 322 2270 Β.
355 2232 528 2270 Lorentz.
559 2232 606 2269 de
645 2231 736 2279 orig.

90 2289 305 2327 Tarentinn.
371 2288 557 2337 (Berolin.
599 2289 736 2336 1827)

87 2359 172 2396 pag.
205 2347 258 2387 13
283 2358 401 2394 seqq„
435 2357 547 2382 unum
582 2345 742 2381 sufficiat

90 2403 265 2440 excitasse
297 2401 456 2439 Dionem
487 2402 738 2449 Chrysostom.

91 2459 192 2495 Orat.
215 2460 269 2499 37
288 2471 374 2508 pag.
394 2457 476 2499 455
502 2460 538 2494 et
556 2457 665 2494 Gellii
685 2457 738 2493 lo-

90 2527 171 2552 cum
196 2514 405 2562 classicum,
444 2515 482 2551 in
511 2513 636 2551 Noctt.
664 2512 739 2550 Att.

89 2570 199 2618 XVI,
231 2573 294 2612 19.
335 2571 389 2608 Ac
407 2571 597 2608 recentiori
620 2573 740 2607 aetate

92 2627 172 2674 quis
219 2627 364 2676 ignorat
430 2626 737 2675 elegantissimum

94 2682 188 2719 Guil.
216 2682 309 2732 Aug.
346 2683 541 2733 Schlegelii
593 2694 737 2719 carmen

97 2735 236 2774 Arionis
244 2753 304 2777 res
317 2739 503 2778 celebrans
514 2740 533 2777 2
555 2739 633 2776 Sed
642 2738 741 2775 aliud

96 2796 175 2839 est,
201 2795 360 2832 fabulam
377 2809 545 2844 narrare,
574 2796 672 2832 aliud
684 2796 741 2831 id-

97 2861 168 2897 que
185 2849 362 2888 difficilius
387 2852 548 2890 fabulam
564 2852 743 2903 explicare

97 2909 160 2942 aut
178 2905 356 2956 indicare,
394 2910 483 2958 quid
509 2910 578 2947 sub
599 2908 743 2947 fabulae

823 530 1013 569 involucris
1035 531 1109 568 veri
1131 532 1317 570 contineat
1341 532 1473 572 haecce

822 589 869 626 de
887 588 1024 626 Arione
1049 588 1327 626 narratiuncula.
1388 589 1473 634 Qua

820 645 858 681 in
877 658 937 691 re,
966 649 1007 681 ut
1022 644 1180 692 ingenue
1201 646 1392 694 profitear,
1416 647 1472 682 ni-

820 701 871 738 hil
891 704 988 739 certe
1008 700 1159 738 ieiunius
1179 701 1341 748 videtur,
1361 715 1470 751 quain

821 770 995 806 quaerere
1012 757 1125 804 velle,
1155 757 1264 795 fidem
1289 763 1472 795 mereatur

819 814 909 851 haec
929 815 1088 851 narratio
1106 826 1174 851 nec
1194 827 1264 861 ne,
1291 818 1353 852 aut
1376 816 1471 852 adeo

820 871 1018 920 expiscari,
1059 872 1120 919 qui
1161 871 1253 917 1106,
1293 871 1393 920 quod
1426 872 1474 910 de

819 926 954 965 Arione
986 927 1136 964 relatum
1165 928 1391 978 accepimuS‚
1431 941 1470 965 re

819 996 905 1020 vera
937 996 981 1021 ex
1011 983 1166 1020 naturali
1202 997 1320 1021 rerum
1351 996 1468 1031 cursu,

817 1041 980 1078 accidere
1008 1040 1167 1089 potuerit
1201 1039 1255 1077 vel
1294 1040 1468 1077 accidisse

815 1098 1016 1146 putandum
1065 1096 1121 1132 sit.
1207 1095 1467 1145 Relinquamus

816 1152 885 1189 hoc
899 1153 1087 1201 negotium
1097 1151 1281 1189 Larchero
1301 1152 1469 1201 aliisque,

818 1209 899 1257 qui,
928 1213 969 1246 ut
995 1208 1266 1256 lVyttenbachii
1286 1213 1367 1245 utar
1385 1222 1467 1246 ver-

817 1265 871 1302 bis
883 1294 894 1312 ,
908 1266 955 1303 (16
975 1264 1141 1301 omnibus
1161 1264 1268 1302 rebus
1284 1265 1468 1301 statuendi

814 1322 1069 1359 necessitatem
1100 1321 1169 1358 sibi
1206 1320 1468 1371 imposuerunt.

813 1377 933 1415 Nobis
954 1391 1034 1415 cum
1054 1379 1184 1415 eodem
1211 1377 1287 1414 viro
1317 1377 1469 1426 egregio

814 1435 852 1471 in
870 1434 926 1471 his
939 1435 1070 1482 rebus,
1108 1434 1170 1471 ubi
1193 1437 1231 1471 et
1254 1435 1400 1472 credere
1430 1438 1466 1471 et

812 1504 887 1528 non
926 1493 1074 1530 credere
1107 1495 1224 1527 tutum
1263 1496 1340 1538 est,
1383 1490 1467 1528 licet

814 1546 976 1599 ἐπέχειν.
1053 1548 1203 1598 Repetit
1239 1547 1334 1584 enim
1372 1546 1465 1584 Lar-

813 1605 944 1643 cherus
964 1606 1001 1642 in
1019 1605 1169 1654 copiosa
1191 1604 1239 1640 ad
1258 1603 1326 1640 h.1.
1347 1615 1462 1640 anno-

813 1662 949 1699 tatione
960 1661 1105 1698 fabulae
1124 1661 1300 1709 originem
1320 1673 1340 1698 e
1357 1660 1463 1696 navis

811 1718 996 1768 episemo‚
1039 1718 1139 1766 quod
1178 1716 1312 1753 scilicet
1347 1716 1461 1763 navis,

810 1776 883 1823 qua
911 1774 1073 1812 Tarento
1103 1773 1315 1811 Taenarum
1342 1776 1461 1809 trans-

807 1835 930 1868 vectus
960 1835 1017 1868 est
1039 1829 1175 1877 Arion,
1221 1828 1383 1879 delphini
1412 1828 1461 1864 si-

806 1900 880 1937 gno
902 1900 969 1938 pro
988 1886 1081 1923 illius
1112 1886 1241 1923 aetatis
1269 1898 1371 1922 more
1402 1898 1462 1920 01·-

805 1947 893 1980 nata
921 1944 1039 1981 suerit.
1094 1942 1261 1991 Heynius
1289 1942 1327 1977 in
1354 1941 1454 1978 Diss.

805 2000 853 2038 de
874 2000 946 2037 fide
966 2000 1048 2036 hist.
1063 2002 1170 2037 aetat.
1191 1998 1300 2046 myth.
1320 1998 1455 2045 (Com-

805 2060 971 2095 mentatt.
1029 2056 1163 2093 Societ.
1214 2056 1317 2092 Gott.
1366 2053 1453 2090 XlV

803 2126 840 2164 p.
866 2114 973 2161 117)
1004 2125 1048 2151 ex
1075 2113 1182 2161 signo
1211 2112 1317 2162 ipso,
1356 2111 1455 2159 quod

804 2171 841 2206 in
860 2169 1007 2206 Arionis
1025 2169 1197 2220 delphino
1215 2168 1307 2205 vecti
1318 2180 1456 2204 memo-

806 2226 896 2263 riam
915 2230 1071 2265 erectum
1091 2225 1201 2274 vulgo
1209 2225 1371 2270 tradunt,
1383 2224 1456 2259 ori-

806 2283 928 2331 ginem
948 2283 1090 2332 cepisse
1098 2282 1258 2320 fabulam
1268 2284 1456 2318 statuerat.

805 2340 855 2376 Et
883 2340 1051 2377 convenit
1075 2338 1347 2388 quodammodo
1376 2349 1457 2373 611111

804 2396 863 2432 1110
885 2397 1089 2434 Creuzerus
1109 2396 1146 2431 in
1170 2395 1270 2433 Diss.
1303 2395 1350 2431 de
1379 2406 1455 2441 my-

805 2453 877 2490 this
910 2454 955 2489 ab
981 2453 1109 2489 artium
1136 2452 1307 2501 operibus
1332 2451 1457 2500 prose-

806 2510 894 2556 ctis,
935 2514 1021 2546 sect.
1050 2513 1186 2558 poster.
1237 2506 1457 2555 (Marburg.

809 2567 916 2607 1803
938 2581 973 2616 p.
987 2567 1061 2614 29)
1091 2569 1255 2602 statuens
1284 2563 1373 2599 illud
1391 2562 1458 2598 ho-

805 2623 912 2660 minis
933 2622 1104 2673 delphino
1116 2622 1208 2659 vecti
1223 2621 1367 2670 signum
1377 2632 1460 2656 esse

806 2680 992 2728 antiquam
1040 2677 1284 2727 navigationis
1321 2675 1462 2724 signifi-

806 2737 947 2773 candae
971 2735 1187 2784 imaginem,
1218 2746 1313 2782 quae
1327 2731 1461 2770 deinde

807 2805 913 2830 verso
932 2793 970 2829 in
989 2792 1178 2829 historiam
1197 2789 1383 2838 symbolo,
1412 2787 1461 2824 ad

809 2848 981 2886 Arionem
1023 2848 1256 2885 celebriorem
1303 2857 1369 2895 per
1417 2854 1462 2880 ea

809 2909 978 2957 tempora
986 2908 1132 2956 poetam
1140 2907 1255 2941 tracta
1266 2902 1325 2939 sit,
1342 2902 1461 2944 Quem
