1759 3324
627 271 931 311 cL10.1.

1336 276 1419 315 417

152 387 376 442 ποταμοῦ,
425 383 498 427 καὶ
530 381 584 425 τὰ
622 382 722 436 περὶ
771 381 850 439 τὴν
891 382 1092 438 γέφυραν
1137 381 1415 439 ἐκεκόσμητο,

151 464 231 509 τὸν
264 461 503 519 Εὐφρήτην
543 461 742 518 ποταμὸν
781 462 825 514 ἐς
861 460 914 505 τὰ
961 459 1120 517 ἀρχαῖα
1158 460 1319 518 ῥέεθρα
1369 463 1419 506 ἐκ

149 546 226 600 τῆς
261 544 412 597 λίμνης
446 539 642 597 ἐξήγαγε·
700 541 775 584 καὶ
810 539 927 585 οὕτω
966 540 1016 584 τό
1059 538 1268 597 ὀρυχθὲν,
1317 541 1414 593 ἕλος

146 620 401 678 γενόμενον,
433 620 476 670 ἐς
506 620 609 664 δέον
638 620 783 665 ἐδόκεε
811 619 1058 677 γεγονέναι,
1087 620 1162 664 καὶ
1190 625 1305 664 τοῖσι
1334 637 1411 665 πο-
1425 628 1470 663 85

26 710 126 756 187
147 699 316 757 λιήτῃσι
343 699 517 756 γέφυρα
545 695 602 756 ἦν
630 699 1015 757 κατεσκευασμένη.
1040 699 1099 742 Ἡ
1120 698 1164 743 δ’
1196 699 1305 756 αὐτὴ
1338 700 1412 745 αὕ-
1470 703 1645 738 ΞΒΡΜΜΠ·
1680 707 1746 735 0³¹¹⁸

145 796 197 836 τη
225 781 420 836 βασίλεια
449 780 524 823 καὶ
554 777 725 836 ἀπάτην
753 779 926 836 τοιήνδε
961 777 1059 823 τινοὲ
1098 778 1409 836 ἐμηχανήσατο.

142 857 271 915 Ὑπὲρ
309 862 398 902 τῶν
436 857 622 915 μάλιστα
659 858 902 916 λεωφόρων
938 859 1110 904 πυλέων
1144 861 1227 903 τοῦ
1261 857 1415 912 ἄστεος

145 937 292 994 τάφον
321 937 463 996 ἑωυτῇ
492 937 839 983 κατεσκευάσατο
868 939 1089 995 μετέωρον
1111 938 1319 996 ἐπιπολῆς
1339 936 1415 983 αὐ-

1468 745 1536 765 cum
1562 738 1666 766 dolona
1701 741 1746 768 in-

1470 772 1651 806 scriptione:
1688 774 1745 801 Da-

1467 805 1531 832 rins
1549 805 1578 832 id
1596 806 1747 843 aperiens,

1469 838 1604 869 delusus.

117 1017 259 1061 Ξτέων
285 1020 374 1061 τῶν
401 1017 587 1061 πυλέων.
617 1016 850 1069 ἐνεκόλαψε
880 1018 926 1063 δὲ
946 1017 989 1069 ἐς
1015 1016 1094 1061 τὸν
1114 1017 1261 1075 τάφον
1279 1017 1472 1076 γράμ-9ο

146 1113 261 1154 ματα
281 1096 463 1154 λέγοντα
479 1097 579 1141 τάδε
594 1112 603 1122 ·
632 1101 771 1141 ΤΩΝ
795 1102 900 1141 ΤΙΣ
923 1101 1102 1141 ΕΜΕΥ
1118 1095 1418 1143 ’ΥΣΤΕΡΟΝ

144 1179 533 1220 ΓΙΝΟΜΕΝῼΝ
557 1179 935 1222 ΒΑΒΥΛΩΝΟΣ
962 1181 1293 1231 ΒΑΣΙΛΕΩΝ,
1320 1181 1419 1222 ΗΝ

145 1259 451 1300 ΣΠΑΝΙΣΗι

508 1259 727 1300 XPHMA
734 1260 879 1310 ΤΩΝ,
946 1258 1228 1307 ΑΝοΙΞΑΣ

1290 1261 1419 1301 ΤΟΝ

147 1338 375 1387 ΤΑΦΟΝ,
406 1338 657 1378 ΛΑΒΕΤΩ
681 1335 898 1380 ὉΚΟΣΑ
928 1340 1242 1380 ΒΟΤΛΕΤΑΙ
1268 1340 1413 1380 ΧΡΗ-

145 1418 334 1458 ΜΑΤΛ.
392 1418 493 1459 ΜΗ
519 1418 774 1459 MENTOI
807 1419 904 1470 ΓΕ,
950 1419 1056 1459 ΜΗ
1088 1419 1468 1462 ΣΠΑΝΙΣΑΣ95

88 1633 241 1672 edentes
267 1628 443 1686 ἐξήγαγε.
491 1633 548 1671 Ex
565 1631 647 1672 Ald.
667 1634 744 1672 vul-

88 1697 214 1740 gatum
242 1691 395 1728 fluxerat
421 1686 609 1742 ἐξάγαγε,
647 1691 746 1728 haud

88 1747 240 1796 quidem
267 1750 394 1783 contra
422 1747 603 1784 Herodoti
626 1760 745 1795 usum,

90 1803 158 1840 sed
185 1802 284 1839 libris
316 1804 615 1850 adversantibus,
650 1817 743 1853 quos

89 1859 126 1895 in
144 1858 199 1895 his
230 1859 338 1896 rebus
352 1888 364 1906 ‚
389 1860 451 1896 ubi
477 1860 637 1897 variasse
656 1861 745 1897 scri-

87 1919 231 1966 ptorem
242 1915 300 1951 vix
313 1916 523 1965 negandum
541 1917 621 1964 erit,
639 1917 745 1955 unice

89 1971 194 2020 sequi
229 1971 406 2010 volumus.
475 1972 535 2010 Ad
571 1971 612 2020 ἕς
649 1971 743 2013 δέον

89 2029 183 2066 conf.
202 2027 242 2075 Ι,
265 2030 345 2070 119
363 2029 450 2078 ibiq.
470 2032 547 2066 not.

102 2133 119 2140 -
144 2082 212 2123 καὶ
233 2088 335 2124 τοῖσι
355 2080 567 2137 πολιήτῃσι
587 2083 742 2137 γέφυρα

88 2141 143 2191 ἦν
161 2140 516 2193 κατεσκευασμένη]
532 2143 640 2180 Hunc
650 2155 744 2193 pon-

87 2200 161 2235 tem
203 2198 364 2248 quinque
402 2200 603 2236 stadiorum
628 2200 743 2237 fuisse

87 2252 316 2303 longitudine
341 2256 472 2293 asserit
489 2255 676 2293 Diodorus
694 2255 741 2302 ΙΙ,

89 2311 129 2350 8.
177 2310 248 2347 Cui
275 2325 356 2349 cum
386 2312 520 2350 Strabo
557 2312 743 2350 adversari

89 2366 273 2414 videatur,
304 2369 366 2417 qui
389 2368 614 2419 Euphratem
637 2370 741 2405 unius

89 2424 230 2459 tantum
248 2425 357 2461 stadii
373 2438 581 2462 mensuram
595 2425 742 2476 explere

90 2482 213 2515 narrat
241 2479 359 2528 (XVI
387 2494 474 2531 pag.
510 2483 638 2529 1073,
667 2481 744 2530 A),

92 2537 216 2572 monet
234 2534 459 2585 Larcherus‚
492 2538 530 2574 in
551 2542 743 2576 exstruen-

93 2589 142 2625 do
157 2594 268 2639 ponte
282 2605 357 2630 non
379 2607 605 2632 communem
624 2607 667 2632 ac
684 2607 745 2631 so-

94 2643 248 2683 lemnem
274 2647 470 2699 Euphratis
505 2650 646 2689 alveum
687 2664 745 2688 re-

95 2701 258 2750 spexisse
302 2706 488 2754 reginam,
543 2720 668 2745 verum
705 2707 745 2744 id

95 2767 241 2806 quoque
267 2763 434 2811 tempus,
474 2776 547 2812 quo
578 2764 648 2801 iste
673 2765 743 2800 fiu-

95 2811 173 2848 vius
189 2825 254 2862 pro
281 2827 382 2854 more
412 2831 477 2855 suo
501 2819 604 2857 alveo
635 2819 742 2857 solito

97 2869 269 2907 excedere
295 2875 332 2908 et
351 2872 430 2910 loca
448 2875 611 2924 proxima
637 2876 744 2913 inun-

97 2922 186 2960 dare
201 2925 323 2963 soleat.
363 2927 573 2970 Recentiori
596 2945 743 2983 quoque

156 2977 360 3021 Hnnonor.
395 2985 420 3022 1.

813 1637 934 1673 aetate
960 1635 1088 1682 fuere,
1119 1636 1182 1685 qui
1206 1636 1330 1686 pontis
1360 1635 1466 1673 huius

812 1692 946 1729 rudera
977 1692 1084 1729 valde
1118 1693 1237 1729 solida
1265 1693 1467 1742 eximieque

813 1751 1021 1784 constructa
1052 1761 1094 1785 se
1126 1749 1263 1786 vidisse
1293 1750 1465 1786 dicerent.

813 1804 921 1841 Conf.
952 1817 1048 1854 quae
1068 1806 1179 1842 refert
1199 1805 1464 1853 Buckingham.

812 1860 848 1897 in
866 1861 1029 1897 Itinerar.
1056 1873 1167 1912 supra
1185 1861 1320 1899 laudat.
1332 1875 1368 1913 p.
1383 1860 1467 1903 482

812 1929 891 1967 seq.
915 1917 951 1954 in
971 1921 1048 1954 not.

936 2000 968 2038 C
979 2013 1001 2038 a
1014 2014 1051 2052 p.
1081 2001 1340 2040 CLXXXVII.

865 2081 920 2136 ’ἣν
939 2085 1113 2140 σπανίσῃ
1130 2082 1362 2136 χρημάτων]
1376 2083 1467 2139 χρή-

811 2157 914 2193 ματα
945 2143 1092 2192 quidam
1124 2142 1205 2179 libri
1237 2147 1363 2180 contra
1392 2145 1469 2180 usi-

810 2202 924 2236 tatam
948 2199 1049 2236 verbi
1078 2199 1280 2245 σπανίζειν
1301 2213 1381 2236 cum
1404 2213 1464 2237 se-

811 2257 931 2293 cundo
953 2267 1039 2292 casu
1058 2259 1293 2303 structuram,
1324 2257 1371 2294 de
1391 2269 1465 2305 qua

811 2312 883 2350 vid.
896 2312 1095 2362 Spanhem.
1115 2312 1162 2349 ad
1173 2311 1359 2362 Aristoph.
1369 2312 1467 2350 Nub.

814 2370 922 2410 1288
943 2368 1094 2417 (1275)
1114 2382 1151 2419 p.
1172 2368 1254 2411 418
1275 2369 1333 2406 ed.
1353 2369 1466 2405 Beck.

811 2425 870 2463 De
889 2426 970 2475 ipso
1002 2426 1113 2463 verbo
1143 2425 1207 2462 Cr.
1236 2426 1375 2463 confert
1391 2425 1468 2462 Zo-

811 2494 889 2519 nar.
909 2480 1031 2519 Lexic.
1050 2495 1087 2532 p.
1111 2481 1232 2523 1665.

870 2534 923 2589 μὴ
945 2535 1079 2587 μέντοι
1100 2552 1166 2590 γε,
1197 2534 1251 2589 μὴ
1270 2537 1468 2584 σπανίσας

812 2609 878 2646 γε,
909 2590 1037 2641 ἄλλως
1058 2590 1226 2649 ἀνοίξῃ]
1265 2594 1387 2632 Verba
1416 2595 1468 2631 ita

813 2651 1020 2700 iungenda,
1050 2655 1159 2700 prout
1192 2651 1241 2687 ad
1269 2650 1468 2688 faciliorem

812 2707 1090 2755 intelligentiam
1119 2711 1296 2745 commate
1325 2720 1369 2744 ea
1412 2707 1468 2743 di-

812 2764 1015 2801 stinximus.
1065 2763 1140 2800 Iam
1158 2763 1381 2812 intelligetur
1399 2763 1469 2799 du-

809 2820 895 2870 plex
924 2821 1086 2868 negandi
1109 2819 1306 2871 particula,
1336 2824 1371 2856 et
1401 2819 1469 2854 du-

811 2876 896 2927 plex
914 2877 1014 2913 istud
1035 2891 1077 2929 γε
1090 2905 1101 2922 ,
1133 2877 1230 2925 quod
1250 2876 1368 2925 primo
1389 2874 1468 2910 loco

813 2933 860 2970 ad
881 2933 1031 2972 verbum
1060 2928 1203 2984 οἷνοίξη
1224 2931 1468 2976 referendum,

1136 2989 1192 3027 27
