<?xml version="1.0" encoding="UTF-8"?>
<!DOCTYPE html PUBLIC "-//W3C//DTD XHTML 1.0 Transitional//EN"
    "http://www.w3.org/TR/xhtml1/DTD/xhtml1-transitional.dtd">
<html xmlns="http://www.w3.org/1999/xhtml" xml:lang="en" lang="en">
 <head>
  <title>
</title>
<meta http-equiv="Content-Type" content="text/html;charset=utf-8" />
  <meta name='ocr-system' content='tesseract 3.04.00' />
  <meta name='ocr-capabilities' content='ocr_page ocr_carea ocr_par ocr_line ocrx_word'/>
</head>
<body>
  <div class='ocr_page' id='page_1' title='image "./musaeher01hero/musaeher01hero_0748.png"; bbox 0 0 1759 3324; ppageno 0'>
   <div class='ocr_carea' id='block_1_1' title="bbox 20 594 108 620">
    <p class='ocr_par' dir='ltr' id='par_1_1' title="bbox 20 594 108 620">
     <span class='ocr_line' id='line_1_1' title="bbox 20 594 108 620; baseline 0 0"><span class='ocrx_word' id='word_1_1' title='bbox 20 594 60 620; x_wconf 85' lang='lat' dir='ltr'>So</span> <span class='ocrx_word' id='word_1_2' title='bbox 64 594 108 620; x_wconf 85' lang='lat' dir='ltr'>lus</span> 
     </span>
    </p>
   </div>
   <div class='ocr_carea' id='block_1_2' title="bbox 21 636 297 696">
    <p class='ocr_par' dir='ltr' id='par_1_2' title="bbox 21 636 297 696">
     <span class='ocr_line' id='line_1_2' title="bbox 21 636 297 696; baseline 0 -8"><span class='ocrx_word' id='word_1_3' title='bbox 21 636 224 696; x_wconf 74' lang='lat' dir='ltr'>Aetl1i011bus</span> <span class='ocrx_word' id='word_1_4' title='bbox 243 661 297 688; x_wconf 79' lang='lat' dir='ltr'>ini-</span> 
     </span>
    </p>
   </div>
   <div class='ocr_carea' id='block_1_3' title="bbox 350 262 435 301">
    <p class='ocr_par' dir='ltr' id='par_1_3' title="bbox 350 262 435 301">
     <span class='ocr_line' id='line_1_3' title="bbox 350 262 435 301; baseline 0 0"><span class='ocrx_word' id='word_1_5' title='bbox 350 262 435 301; x_wconf 71' lang='lat'>726</span> 
     </span>
    </p>
   </div>
   <div class='ocr_carea' id='block_1_4' title="bbox 749 258 1226 299">
    <p class='ocr_par' dir='ltr' id='par_1_4' title="bbox 749 258 1226 299">
     <span class='ocr_line' id='line_1_4' title="bbox 749 258 1226 299; baseline -0.006 0"><span class='ocrx_word' id='word_1_6' title='bbox 749 258 1226 299; x_wconf 87' lang='lat' dir='ltr'>HERODOTI</span> 
     </span>
    </p>
   </div>
   <div class='ocr_carea' id='block_1_5' title="bbox 350 366 1618 426">
    <p class='ocr_par' dir='ltr' id='par_1_5' title="bbox 350 366 1618 426">
     <span class='ocr_line' id='line_1_5' title="bbox 350 366 1618 426; baseline -0.001 -13"><span class='ocrx_word' id='word_1_7' title='bbox 350 370 392 421; x_wconf 79' lang='grc' dir='ltr'>ἐς</span> <span class='ocrx_word' id='word_1_8' title='bbox 427 369 508 426; x_wconf 76' lang='grc' dir='ltr'>τήν</span> <span class='ocrx_word' id='word_1_9' title='bbox 549 368 733 413; x_wconf 78' lang='grc' dir='ltr'><em>Ἑλλάδα</em></span> <span class='ocrx_word' id='word_1_10' title='bbox 771 370 1034 413; x_wconf 76' lang='grc' dir='ltr'>ἐπανελθεῖν.</span> <span class='ocrx_word' id='word_1_11' title='bbox 1093 367 1233 413; x_wconf 77' lang='grc' dir='ltr'><em>πόλον</em></span> <span class='ocrx_word' id='word_1_12' title='bbox 1271 369 1349 424; x_wconf 80' lang='grc' dir='ltr'>μὲν</span> <span class='ocrx_word' id='word_1_13' title='bbox 1382 366 1494 423; x_wconf 70' lang='grc' dir='ltr'>γάρ,</span> <span class='ocrx_word' id='word_1_14' title='bbox 1544 369 1618 412; x_wconf 83' lang='grc' dir='ltr'>καὶ</span> 
     </span>
    </p>
   </div>
   <div class='ocr_carea' id='block_1_6' title="bbox 350 447 1615 506">
    <p class='ocr_par' dir='ltr' id='par_1_6' title="bbox 350 447 1615 506">
     <span class='ocr_line' id='line_1_6' title="bbox 350 447 1615 506; baseline -0.002 -13"><span class='ocrx_word' id='word_1_15' title='bbox 350 449 577 506; x_wconf 79' lang='grc' dir='ltr'><em>γνώμονα,</em></span> <span class='ocrx_word' id='word_1_16' title='bbox 610 450 683 493; x_wconf 82' lang='grc' dir='ltr'>καὶ</span> <span class='ocrx_word' id='word_1_17' title='bbox 710 449 764 492; x_wconf 85' lang='grc' dir='ltr'>τὰ</span> <span class='ocrx_word' id='word_1_18' title='bbox 794 448 992 492; x_wconf 76' lang='grc' dir='ltr'><em>δυώδεκα</em></span> <span class='ocrx_word' id='word_1_19' title='bbox 1021 447 1152 504; x_wconf 80' lang='grc' dir='ltr'><em>μέρεα</em></span> <span class='ocrx_word' id='word_1_20' title='bbox 1181 453 1255 505; x_wconf 81' lang='grc' dir='ltr'>τῆς</span> <span class='ocrx_word' id='word_1_21' title='bbox 1281 447 1465 504; x_wconf 75' lang='grc' dir='ltr'><em>ἡμέρης,</em></span> <span class='ocrx_word' id='word_1_22' title='bbox 1497 448 1615 502; x_wconf 72' lang='grc' dir='ltr'><em>παρά</em></span> 
     </span>
    </p>
   </div>
   <div class='ocr_carea' id='block_1_7' title="bbox 192 527 1148 585">
    <p class='ocr_par' dir='ltr' id='par_1_7' title="bbox 192 527 1148 585">
     <span class='ocr_line' id='line_1_7' title="bbox 192 527 1148 585; baseline -0.003 -12"><span class='ocrx_word' id='word_1_23' title='bbox 192 529 290 574; x_wconf 86' lang='grc'>110</span> <span class='ocrx_word' id='word_1_24' title='bbox 348 531 647 585; x_wconf 70' lang='grc' dir='ltr'><em>Βαβυλωνίων</em></span> <span class='ocrx_word' id='word_1_25' title='bbox 677 529 846 584; x_wconf 75' lang='grc' dir='ltr'><em>ἔμαθον</em></span> <span class='ocrx_word' id='word_1_26' title='bbox 877 527 1148 584; x_wconf 79' lang='grc' dir='ltr'><em>οἷἝλληνες.</em></span> 
     </span>
    </p>
   </div>
   <div class='ocr_carea' id='block_1_8' title="bbox 137 594 282 654">
    <p class='ocr_par' dir='ltr' id='par_1_8' title="bbox 137 594 282 654">
     <span class='ocr_line' id='line_1_8' title="bbox 137 594 282 654; baseline 0.019 -27.093"><span class='ocrx_word' id='word_1_27' title='bbox 137 596 177 635; x_wconf 53' lang='grc' dir='ltr'>ΑΒ</span> <span class='ocrx_word' id='word_1_28' title='bbox 162 594 282 654; x_wconf 48' lang='grc' dir='ltr'>ειξῆνῑῑυ</span> 
     </span>
    </p>
   </div>
   <div class='ocr_carea' id='block_1_9' title="bbox 1210 527 1614 583">
    <p class='ocr_par' dir='ltr' id='par_1_9' title="bbox 1210 527 1614 583">
     <span class='ocr_line' id='line_1_9' title="bbox 1210 527 1614 583; baseline 0 -13"><span class='ocrx_word' id='word_1_29' title='bbox 1210 527 1423 578; x_wconf 78' lang='grc' dir='ltr'><em>Βασιλεύς</em></span> <span class='ocrx_word' id='word_1_30' title='bbox 1451 527 1531 582; x_wconf 74' lang='grc' dir='ltr'>μὲν</span> <span class='ocrx_word' id='word_1_31' title='bbox 1562 527 1614 583; x_wconf 74' lang='grc' dir='ltr'>δὴ</span> 
     </span>
    </p>
   </div>
   <div class='ocr_carea' id='block_1_10' title="bbox 228 603 1674 664">
    <p class='ocr_par' dir='ltr' id='par_1_10' title="bbox 228 603 1674 664">
     <span class='ocr_line' id='line_1_10' title="bbox 228 603 1674 664; baseline -0.004 -10.894"><span class='ocrx_word' id='word_1_32' title='bbox 228 628 298 654; x_wconf 76' lang='lat' dir='ltr'>tris</span> <span class='ocrx_word' id='word_1_33' title='bbox 357 604 486 660; x_wconf 77' lang='grc' dir='ltr'><em>οὗτος</em></span> <span class='ocrx_word' id='word_1_34' title='bbox 525 612 692 662; x_wconf 80' lang='grc' dir='ltr'><em>μοῦνος</em></span> <span class='ocrx_word' id='word_1_35' title='bbox 722 608 962 664; x_wconf 79' lang='grc' dir='ltr'><em>Αἰγύπτιος</em></span> <span class='ocrx_word' id='word_1_36' title='bbox 991 608 1227 662; x_wconf 80' lang='grc' dir='ltr'><em>Αἰθιοπίης</em></span> <span class='ocrx_word' id='word_1_37' title='bbox 1257 603 1367 663; x_wconf 75' lang='grc' dir='ltr'><strong>ἦρξε.</strong></span> <span class='ocrx_word' id='word_1_38' title='bbox 1426 605 1617 663; x_wconf 76' lang='grc' dir='ltr'><em>Μνημό-</em></span> <span class='ocrx_word' id='word_1_39' title='bbox 1632 613 1674 648; x_wconf 87' lang='grc'>15</span> 
     </span>
    </p>
   </div>
   <div class='ocr_carea' id='block_1_11' title="bbox 300 708 571 714">
    <p class='ocr_par' dir='ltr' id='par_1_11' title="bbox 300 708 571 714">
     <span class='ocr_line' id='line_1_11' title="bbox 300 708 571 714; baseline 0 0"><span class='ocrx_word' id='word_1_40' title='bbox 300 708 571 714; x_wconf 95' lang='lat' dir='ltr'> </span> 
     </span>
    </p>
   </div>
   <div class='ocr_carea' id='block_1_12' title="bbox 295 770 963 2962">
    <p class='ocr_par' dir='ltr' id='par_1_12' title="bbox 295 770 957 1726">
     <span class='ocr_line' id='line_1_12' title="bbox 295 770 952 820; baseline -0.008 -10"><span class='ocrx_word' id='word_1_41' title='bbox 295 778 420 810; x_wconf 87' lang='lat' dir='ltr'>tonem</span> <span class='ocrx_word' id='word_1_42' title='bbox 437 773 472 808; x_wconf 91' lang='lat' dir='ltr'>in</span> <span class='ocrx_word' id='word_1_43' title='bbox 494 771 651 808; x_wconf 82' lang='lat' dir='ltr'>Phaedr.</span> <span class='ocrx_word' id='word_1_44' title='bbox 678 774 704 806; x_wconf 90' lang='lat' dir='ltr'>t.</span> <span class='ocrx_word' id='word_1_45' title='bbox 723 770 774 806; x_wconf 78' lang='grc' dir='ltr'>ΙΙΙ</span> <span class='ocrx_word' id='word_1_46' title='bbox 797 784 833 820; x_wconf 89' lang='lat' dir='ltr'>p.</span> <span class='ocrx_word' id='word_1_47' title='bbox 856 770 952 819; x_wconf 78' lang='lat'>274,</span> 
     </span>
     <span class='ocr_line' id='line_1_13' title="bbox 298 827 951 878; baseline -0.006 -11"><span class='ocrx_word' id='word_1_48' title='bbox 298 831 330 867; x_wconf 91' lang='lat' dir='ltr'>C</span> <span class='ocrx_word' id='word_1_49' title='bbox 361 830 415 878; x_wconf 88' lang='lat' dir='ltr'>(p.</span> <span class='ocrx_word' id='word_1_50' title='bbox 436 828 540 874; x_wconf 77' lang='lat'>274,</span> <span class='ocrx_word' id='word_1_51' title='bbox 561 828 603 863; x_wconf 93' lang='lat' dir='ltr'>C.</span> <span class='ocrx_word' id='word_1_52' title='bbox 619 827 678 873; x_wconf 89' lang='lat' dir='ltr'>D,</span> <span class='ocrx_word' id='word_1_53' title='bbox 699 827 761 863; x_wconf 88' lang='lat' dir='ltr'>ubi</span> <span class='ocrx_word' id='word_1_54' title='bbox 783 827 855 864; x_wconf 87' lang='lat' dir='ltr'>vid.</span> <span class='ocrx_word' id='word_1_55' title='bbox 873 827 951 863; x_wconf 77' lang='lat' dir='ltr'>Ast.</span> 
     </span>
     <span class='ocr_line' id='line_1_14' title="bbox 295 882 951 936; baseline -0.003 -14"><span class='ocrx_word' id='word_1_56' title='bbox 295 900 332 936; x_wconf 86' lang='lat' dir='ltr'>p.</span> <span class='ocrx_word' id='word_1_57' title='bbox 352 886 467 933; x_wconf 80' lang='lat'>383).</span> <span class='ocrx_word' id='word_1_58' title='bbox 506 882 689 920; x_wconf 87' lang='lat' dir='ltr'>Iamblich.</span> <span class='ocrx_word' id='word_1_59' title='bbox 710 883 773 919; x_wconf 75' lang='lat' dir='ltr'>vit.</span> <span class='ocrx_word' id='word_1_60' title='bbox 794 883 951 933; x_wconf 64' lang='lat' dir='ltr'>Pythag.</span> 
     </span>
     <span class='ocr_line' id='line_1_15' title="bbox 297 938 953 992; baseline -0.003 -14"><span class='ocrx_word' id='word_1_61' title='bbox 297 941 333 992; x_wconf 62' lang='grc' dir='ltr'>ἓ.</span> <span class='ocrx_word' id='word_1_62' title='bbox 352 944 404 982; x_wconf 74' lang='grc'>29</span> <span class='ocrx_word' id='word_1_63' title='bbox 434 955 470 991; x_wconf 90' lang='lat' dir='ltr'>p.</span> <span class='ocrx_word' id='word_1_64' title='bbox 495 940 585 981; x_wconf 73' lang='lat'>134.</span> <span class='ocrx_word' id='word_1_65' title='bbox 616 938 831 977; x_wconf 85' lang='lat' dir='ltr'>Anticlidem</span> <span class='ocrx_word' id='word_1_66' title='bbox 852 940 953 990; x_wconf 85' lang='lat' dir='ltr'>apud</span> 
     </span>
     <span class='ocr_line' id='line_1_16' title="bbox 296 996 949 1046; baseline -0.005 -11"><span class='ocrx_word' id='word_1_67' title='bbox 296 998 457 1046; x_wconf 80' lang='lat' dir='ltr'>Diogen.</span> <span class='ocrx_word' id='word_1_68' title='bbox 476 996 602 1033; x_wconf 90' lang='lat' dir='ltr'>Laert.</span> <span class='ocrx_word' id='word_1_69' title='bbox 626 996 706 1032; x_wconf 73' lang='lat' dir='ltr'>vlll</span> <span class='ocrx_word' id='word_1_70' title='bbox 721 1025 731 1043; x_wconf 91' lang='lat'>,</span> <span class='ocrx_word' id='word_1_71' title='bbox 751 999 800 1036; x_wconf 81' lang='grc'>11</span> <span class='ocrx_word' id='word_1_72' title='bbox 816 1026 826 1043; x_wconf 83' lang='grc'>,</span> <span class='ocrx_word' id='word_1_73' title='bbox 857 1009 949 1045; x_wconf 90' lang='lat' dir='ltr'>quos</span> 
     </span>
     <span class='ocr_line' id='line_1_17' title="bbox 295 1052 952 1102; baseline -0.005 -11"><span class='ocrx_word' id='word_1_74' title='bbox 295 1054 423 1091; x_wconf 84' lang='lat' dir='ltr'>laudat</span> <span class='ocrx_word' id='word_1_75' title='bbox 458 1052 661 1090; x_wconf 89' lang='lat' dir='ltr'>Larcherus</span> <span class='ocrx_word' id='word_1_76' title='bbox 687 1052 722 1088; x_wconf 91' lang='lat' dir='ltr'>in</span> <span class='ocrx_word' id='word_1_77' title='bbox 751 1057 849 1099; x_wconf 90' lang='lat' dir='ltr'>not.,</span> <span class='ocrx_word' id='word_1_78' title='bbox 891 1052 952 1102; x_wconf 88' lang='lat' dir='ltr'>qui</span> 
     </span>
     <span class='ocr_line' id='line_1_18' title="bbox 297 1108 954 1158; baseline -0.003 -11"><span class='ocrx_word' id='word_1_79' title='bbox 297 1115 397 1149; x_wconf 87' lang='lat' dir='ltr'>recte</span> <span class='ocrx_word' id='word_1_80' title='bbox 415 1114 540 1147; x_wconf 88' lang='lat' dir='ltr'>monet</span> <span class='ocrx_word' id='word_1_81' title='bbox 563 1108 707 1158; x_wconf 82' lang='lat' dir='ltr'>Iosephi</span> <span class='ocrx_word' id='word_1_82' title='bbox 729 1109 890 1146; x_wconf 76' lang='lat' dir='ltr'>adventu</span> <span class='ocrx_word' id='word_1_83' title='bbox 916 1109 954 1145; x_wconf 90' lang='lat' dir='ltr'>in</span> 
     </span>
     <span class='ocr_line' id='line_1_19' title="bbox 298 1165 953 1217; baseline -0.005 -13"><span class='ocrx_word' id='word_1_84' title='bbox 298 1167 471 1217; x_wconf 86' lang='lat' dir='ltr'>Aegypto</span> <span class='ocrx_word' id='word_1_85' title='bbox 503 1167 574 1202; x_wconf 89' lang='lat' dir='ltr'>iam</span> <span class='ocrx_word' id='word_1_86' title='bbox 596 1166 708 1202; x_wconf 78' lang='lat' dir='ltr'>fuisse</span> <span class='ocrx_word' id='word_1_87' title='bbox 723 1165 815 1203; x_wconf 91' lang='lat' dir='ltr'>hanc</span> <span class='ocrx_word' id='word_1_88' title='bbox 841 1178 953 1213; x_wconf 88' lang='lat' dir='ltr'>agro-</span> 
     </span>
     <span class='ocr_line' id='line_1_20' title="bbox 297 1222 954 1272; baseline -0.005 -11"><span class='ocrx_word' id='word_1_89' title='bbox 297 1237 377 1261; x_wconf 89' lang='lat' dir='ltr'>rum</span> <span class='ocrx_word' id='word_1_90' title='bbox 414 1223 678 1260; x_wconf 70' lang='lat' dir='ltr'>dimensionem</span> <span class='ocrx_word' id='word_1_91' title='bbox 712 1234 754 1259; x_wconf 85' lang='lat' dir='ltr'>ae</span> <span class='ocrx_word' id='word_1_92' title='bbox 789 1222 954 1272; x_wconf 87' lang='lat' dir='ltr'>partitio-</span> 
     </span>
     <span class='ocr_line' id='line_1_21' title="bbox 297 1277 955 1326; baseline -0.005 -9"><span class='ocrx_word' id='word_1_93' title='bbox 297 1293 403 1326; x_wconf 87' lang='lat' dir='ltr'>nem;</span> <span class='ocrx_word' id='word_1_94' title='bbox 432 1284 525 1317; x_wconf 86' lang='lat' dir='ltr'>teste</span> <span class='ocrx_word' id='word_1_95' title='bbox 545 1278 680 1316; x_wconf 89' lang='lat' dir='ltr'>Genes.</span> <span class='ocrx_word' id='word_1_96' title='bbox 703 1277 771 1326; x_wconf 82' lang='lat'>47,</span> <span class='ocrx_word' id='word_1_97' title='bbox 791 1282 856 1320; x_wconf 79' lang='lat'>20.</span> <span class='ocrx_word' id='word_1_98' title='bbox 896 1277 955 1315; x_wconf 85' lang='lat' dir='ltr'>Ad</span> 
     </span>
     <span class='ocr_line' id='line_1_22' title="bbox 298 1335 955 1382; baseline -0.003 -9"><span class='ocrx_word' id='word_1_99' title='bbox 298 1337 463 1373; x_wconf 89' lang='lat' dir='ltr'>Graecos</span> <span class='ocrx_word' id='word_1_100' title='bbox 504 1338 645 1382; x_wconf 89' lang='lat' dir='ltr'>autem,</span> <span class='ocrx_word' id='word_1_101' title='bbox 683 1338 724 1371; x_wconf 86' lang='lat' dir='ltr'>ut</span> <span class='ocrx_word' id='word_1_102' title='bbox 753 1348 796 1372; x_wconf 85' lang='lat' dir='ltr'>ex</span> <span class='ocrx_word' id='word_1_103' title='bbox 826 1335 955 1372; x_wconf 87' lang='lat' dir='ltr'>eadem</span> 
     </span>
     <span class='ocr_line' id='line_1_23' title="bbox 298 1391 954 1441; baseline -0.005 -10"><span class='ocrx_word' id='word_1_104' title='bbox 298 1392 473 1431; x_wconf 90' lang='lat' dir='ltr'>Larcheri</span> <span class='ocrx_word' id='word_1_105' title='bbox 494 1396 583 1428; x_wconf 88' lang='lat' dir='ltr'>nota</span> <span class='ocrx_word' id='word_1_106' title='bbox 609 1392 785 1441; x_wconf 80' lang='lat' dir='ltr'>adparet,</span> <span class='ocrx_word' id='word_1_107' title='bbox 816 1391 954 1428; x_wconf 87' lang='lat' dir='ltr'>Thales</span> 
     </span>
     <span class='ocr_line' id='line_1_24' title="bbox 300 1448 957 1499; baseline -0.003 -12"><span class='ocrx_word' id='word_1_108' title='bbox 300 1448 541 1499; x_wconf 81' lang='lat' dir='ltr'>geometriam</span> <span class='ocrx_word' id='word_1_109' title='bbox 584 1449 720 1499; x_wconf 88' lang='lat' dir='ltr'>primus</span> <span class='ocrx_word' id='word_1_110' title='bbox 763 1448 957 1498; x_wconf 86' lang='lat' dir='ltr'>pertulisse</span> 
     </span>
     <span class='ocr_line' id='line_1_25' title="bbox 301 1503 957 1554; baseline -0.005 -11"><span class='ocrx_word' id='word_1_111' title='bbox 301 1510 469 1543; x_wconf 81' lang='lat' dir='ltr'>narratur</span> <span class='ocrx_word' id='word_1_112' title='bbox 488 1505 667 1554; x_wconf 83' lang='lat' dir='ltr'>(Diogen.</span> <span class='ocrx_word' id='word_1_113' title='bbox 688 1503 814 1541; x_wconf 86' lang='lat' dir='ltr'>Laert.</span> <span class='ocrx_word' id='word_1_114' title='bbox 828 1504 874 1551; x_wconf 88' lang='lat' dir='ltr'>ll,</span> <span class='ocrx_word' id='word_1_115' title='bbox 897 1505 957 1553; x_wconf 81' lang='lat'>2),</span> 
     </span>
     <span class='ocr_line' id='line_1_26' title="bbox 302 1561 957 1612; baseline -0.003 -13"><span class='ocrx_word' id='word_1_116' title='bbox 302 1567 342 1599; x_wconf 89' lang='lat' dir='ltr'>ut</span> <span class='ocrx_word' id='word_1_117' title='bbox 379 1561 553 1612; x_wconf 89' lang='lat' dir='ltr'>Apuleius</span> <span class='ocrx_word' id='word_1_118' title='bbox 597 1563 690 1598; x_wconf 88' lang='lat' dir='ltr'>adeo</span> <span class='ocrx_word' id='word_1_119' title='bbox 731 1566 957 1611; x_wconf 81' lang='lat' dir='ltr'>repertorem</span> 
     </span>
     <span class='ocr_line' id='line_1_27' title="bbox 302 1617 957 1669; baseline -0.003 -14"><span class='ocrx_word' id='word_1_120' title='bbox 302 1619 381 1656; x_wconf 89' lang='lat' dir='ltr'>eius</span> <span class='ocrx_word' id='word_1_121' title='bbox 407 1619 507 1669; x_wconf 86' lang='lat' dir='ltr'>apud</span> <span class='ocrx_word' id='word_1_122' title='bbox 528 1618 690 1654; x_wconf 89' lang='lat' dir='ltr'>Graecos</span> <span class='ocrx_word' id='word_1_123' title='bbox 721 1618 816 1654; x_wconf 89' lang='lat' dir='ltr'>hunc</span> <span class='ocrx_word' id='word_1_124' title='bbox 838 1617 957 1667; x_wconf 84' lang='lat' dir='ltr'>philo-</span> 
     </span>
     <span class='ocr_line' id='line_1_28' title="bbox 302 1673 957 1742; baseline -0.005 -30"><span class='ocrx_word' id='word_1_125' title='bbox 302 1675 455 1739; x_wconf 87' lang='lat' dir='ltr'>sophum</span> <span class='ocrx_word' id='word_1_126' title='bbox 477 1674 609 1711; x_wconf 82' lang='lat' dir='ltr'>dixerit</span> <span class='ocrx_word' id='word_1_127' title='bbox 625 1673 783 1722; x_wconf 84' lang='lat' dir='ltr'>(Florid.</span> <span class='ocrx_word' id='word_1_128' title='bbox 793 1687 828 1742; x_wconf 89' lang='lat' dir='ltr'>p.</span> <span class='ocrx_word' id='word_1_129' title='bbox 843 1675 957 1739; x_wconf 87' lang='grc'>816)</span> 
     </span>
    </p>

    <p class='ocr_par' dir='ltr' id='par_1_13' title="bbox 298 1726 963 2962">
     <span class='ocr_line' id='line_1_29' title="bbox 356 1726 958 1795; baseline -0.003 -25"><span class='ocrx_word' id='word_1_130' title='bbox 356 1726 587 1781; x_wconf 81' lang='grc' dir='ltr'><em>πόλονμὲ</em></span> <span class='ocrx_word' id='word_1_131' title='bbox 592 1746 614 1769; x_wconf 87' lang='grc' dir='ltr'><em>ν</em></span> <span class='ocrx_word' id='word_1_132' title='bbox 635 1745 722 1795; x_wconf 80' lang='grc' dir='ltr'><em>γαρ,</em></span> <span class='ocrx_word' id='word_1_133' title='bbox 746 1729 813 1768; x_wconf 79' lang='grc' dir='ltr'>καὶ</span> <span class='ocrx_word' id='word_1_134' title='bbox 835 1726 958 1782; x_wconf 74' lang='grc' dir='ltr'><em>γνώ-</em></span> 
     </span>
     <span class='ocr_line' id='line_1_30' title="bbox 302 1782 958 1839; baseline -0.003 -13"><span class='ocrx_word' id='word_1_135' title='bbox 302 1802 433 1839; x_wconf 91' lang='grc' dir='ltr'><em>μονα</em></span> <span class='ocrx_word' id='word_1_136' title='bbox 453 1802 488 1826; x_wconf 82' lang='grc' dir='ltr'>κ.</span> <span class='ocrx_word' id='word_1_137' title='bbox 500 1802 530 1825; x_wconf 88' lang='grc' dir='ltr'>τ.</span> <span class='ocrx_word' id='word_1_138' title='bbox 542 1785 588 1836; x_wconf 84' lang='grc' dir='ltr'>λ.]</span> <span class='ocrx_word' id='word_1_139' title='bbox 619 1782 769 1825; x_wconf 79' lang='grc' dir='ltr'><em>πόλον</em></span> <span class='ocrx_word' id='word_1_140' title='bbox 761 1800 832 1823; x_wconf 81' lang='lat' dir='ltr'>iam</span> <span class='ocrx_word' id='word_1_141' title='bbox 851 1786 958 1824; x_wconf 91' lang='lat' dir='ltr'>Wes-</span> 
     </span>
     <span class='ocr_line' id='line_1_31' title="bbox 298 1842 958 1893; baseline -0.002 -12"><span class='ocrx_word' id='word_1_142' title='bbox 298 1844 471 1893; x_wconf 85' lang='lat' dir='ltr'>selingius</span> <span class='ocrx_word' id='word_1_143' title='bbox 495 1843 720 1892; x_wconf 87' lang='lat' dir='ltr'>Scaligerum</span> <span class='ocrx_word' id='word_1_144' title='bbox 745 1843 812 1891; x_wconf 87' lang='lat' dir='ltr'>(ad</span> <span class='ocrx_word' id='word_1_145' title='bbox 833 1842 958 1880; x_wconf 87' lang='lat' dir='ltr'>Manil.</span> 
     </span>
     <span class='ocr_line' id='line_1_32' title="bbox 299 1899 960 1949; baseline -0.003 -11"><span class='ocrx_word' id='word_1_146' title='bbox 299 1901 373 1948; x_wconf 85' lang='lat' dir='ltr'>Ill,</span> <span class='ocrx_word' id='word_1_147' title='bbox 395 1899 498 1949; x_wconf 80' lang='grc'>434)</span> <span class='ocrx_word' id='word_1_148' title='bbox 532 1905 674 1937; x_wconf 83' lang='lat' dir='ltr'>secutus</span> <span class='ocrx_word' id='word_1_149' title='bbox 693 1929 705 1948; x_wconf 91' lang='lat'>,</span> <span class='ocrx_word' id='word_1_150' title='bbox 741 1903 960 1949; x_wconf 78' lang='lat' dir='ltr'>exposuerat</span> 
     </span>
     <span class='ocr_line' id='line_1_33' title="bbox 305 1956 959 2005; baseline -0.003 -11"><span class='ocrx_word' id='word_1_151' title='bbox 305 1957 519 2005; x_wconf 73' lang='lat' dir='ltr'>horologium</span> <span class='ocrx_word' id='word_1_152' title='bbox 537 1984 548 2002; x_wconf 92' lang='lat'>,</span> <span class='ocrx_word' id='word_1_153' title='bbox 588 1969 662 2005; x_wconf 89' lang='lat' dir='ltr'>quo</span> <span class='ocrx_word' id='word_1_154' title='bbox 694 1956 857 2005; x_wconf 81' lang='lat' dir='ltr'>singulae</span> <span class='ocrx_word' id='word_1_155' title='bbox 887 1956 959 1993; x_wconf 89' lang='lat' dir='ltr'>diei</span> 
     </span>
     <span class='ocr_line' id='line_1_34' title="bbox 303 2013 959 2060; baseline -0.003 -10"><span class='ocrx_word' id='word_1_156' title='bbox 303 2014 417 2050; x_wconf 87' lang='lat' dir='ltr'>horae</span> <span class='ocrx_word' id='word_1_157' title='bbox 466 2013 692 2059; x_wconf 88' lang='lat' dir='ltr'>indicantur,</span> <span class='ocrx_word' id='word_1_158' title='bbox 749 2014 959 2060; x_wconf 84' lang='lat' dir='ltr'>refragante</span> 
     </span>
     <span class='ocr_line' id='line_1_35' title="bbox 305 2067 958 2118; baseline 0.006 -13"><span class='ocrx_word' id='word_1_159' title='bbox 305 2070 455 2118; x_wconf 89' lang='lat' dir='ltr'>quidem</span> <span class='ocrx_word' id='word_1_160' title='bbox 466 2068 618 2106; x_wconf 83' lang='lat' dir='ltr'>Salmas.</span> <span class='ocrx_word' id='word_1_161' title='bbox 635 2069 682 2105; x_wconf 90' lang='lat' dir='ltr'>ad</span> <span class='ocrx_word' id='word_1_162' title='bbox 693 2068 805 2105; x_wconf 90' lang='lat' dir='ltr'>Solin.</span> <span class='ocrx_word' id='word_1_163' title='bbox 816 2082 853 2118; x_wconf 90' lang='lat' dir='ltr'>p.</span> <span class='ocrx_word' id='word_1_164' title='bbox 863 2067 958 2115; x_wconf 80' lang='grc'><strong>448,</strong></span> 
     </span>
     <span class='ocr_line' id='line_1_36' title="bbox 307 2124 957 2174; baseline -0.003 -12"><span class='ocrx_word' id='word_1_165' title='bbox 307 2126 373 2163; x_wconf 83' lang='lat' dir='ltr'>sed</span> <span class='ocrx_word' id='word_1_166' title='bbox 401 2125 628 2174; x_wconf 85' lang='lat' dir='ltr'>suffragante</span> <span class='ocrx_word' id='word_1_167' title='bbox 657 2124 794 2161; x_wconf 91' lang='lat' dir='ltr'>Polluc.</span> <span class='ocrx_word' id='word_1_168' title='bbox 829 2125 904 2171; x_wconf 81' lang='lat' dir='ltr'>lx,</span> <span class='ocrx_word' id='word_1_169' title='bbox 931 2124 957 2165; x_wconf 89' lang='lat'><em>5</em></span> 
     </span>
     <span class='ocr_line' id='line_1_37' title="bbox 305 2180 961 2232; baseline -0.002 -14"><span class='ocrx_word' id='word_1_170' title='bbox 305 2180 343 2232; x_wconf 54' lang='grc' dir='ltr'>ᾗ.</span> <span class='ocrx_word' id='word_1_171' title='bbox 366 2181 432 2222; x_wconf 82' lang='grc'>46.</span> <span class='ocrx_word' id='word_1_172' title='bbox 470 2181 582 2218; x_wconf 89' lang='lat' dir='ltr'>Cuius</span> <span class='ocrx_word' id='word_1_173' title='bbox 604 2184 726 2217; x_wconf 89' lang='lat' dir='ltr'>tamen</span> <span class='ocrx_word' id='word_1_174' title='bbox 746 2181 961 2218; x_wconf 83' lang='lat' dir='ltr'>auctoritate</span> 
     </span>
     <span class='ocr_line' id='line_1_38' title="bbox 305 2232 961 2287; baseline -0.003 -13"><span class='ocrx_word' id='word_1_175' title='bbox 305 2241 449 2287; x_wconf 90' lang='lat' dir='ltr'>spreta,</span> <span class='ocrx_word' id='word_1_176' title='bbox 478 2236 680 2273; x_wconf 89' lang='lat' dir='ltr'>Larcherus</span> <span class='ocrx_word' id='word_1_177' title='bbox 707 2232 835 2275; x_wconf 81' lang='grc' dir='ltr'><em>πόλον</em></span> <span class='ocrx_word' id='word_1_178' title='bbox 855 2236 961 2273; x_wconf 88' lang='lat' dir='ltr'>intel-</span> 
     </span>
     <span class='ocr_line' id='line_1_39' title="bbox 304 2291 962 2342; baseline -0.002 -13"><span class='ocrx_word' id='word_1_179' title='bbox 304 2293 385 2342; x_wconf 85' lang='lat' dir='ltr'>ligit</span> <span class='ocrx_word' id='word_1_180' title='bbox 403 2293 492 2330; x_wconf 89' lang='lat' dir='ltr'>coeli</span> <span class='ocrx_word' id='word_1_181' title='bbox 509 2306 617 2341; x_wconf 88' lang='lat' dir='ltr'>quem</span> <span class='ocrx_word' id='word_1_182' title='bbox 639 2291 746 2341; x_wconf 82' lang='lat' dir='ltr'>vulgo</span> <span class='ocrx_word' id='word_1_183' title='bbox 763 2293 883 2341; x_wconf 77' lang='lat' dir='ltr'>polum</span> <span class='ocrx_word' id='word_1_184' title='bbox 898 2305 962 2328; x_wconf 76' lang='lat' dir='ltr'>vo-</span> 
     </span>
     <span class='ocr_line' id='line_1_40' title="bbox 306 2345 962 2400; baseline -0.003 -14"><span class='ocrx_word' id='word_1_185' title='bbox 306 2362 448 2397; x_wconf 81' lang='lat' dir='ltr'>camuS,</span> <span class='ocrx_word' id='word_1_186' title='bbox 470 2345 658 2400; x_wconf 79' lang='grc' dir='ltr'><em>γνώμονα</em></span> <span class='ocrx_word' id='word_1_187' title='bbox 675 2349 890 2398; x_wconf 72' lang='lat' dir='ltr'>horologium</span> <span class='ocrx_word' id='word_1_188' title='bbox 907 2362 962 2384; x_wconf 82' lang='lat' dir='ltr'>so-</span> 
     </span>
     <span class='ocr_line' id='line_1_41' title="bbox 307 2404 962 2454; baseline -0.002 -12"><span class='ocrx_word' id='word_1_189' title='bbox 307 2406 382 2443; x_wconf 79' lang='lat' dir='ltr'>lare</span> <span class='ocrx_word' id='word_1_190' title='bbox 411 2405 565 2452; x_wconf 70' lang='lat' dir='ltr'>(cadram</span> <span class='ocrx_word' id='word_1_191' title='bbox 592 2404 749 2454; x_wconf 76' lang='lat' dir='ltr'>solaire).</span> <span class='ocrx_word' id='word_1_192' title='bbox 816 2406 894 2442; x_wconf 88' lang='lat' dir='ltr'>Sed</span> <span class='ocrx_word' id='word_1_193' title='bbox 918 2417 962 2442; x_wconf 82' lang='lat' dir='ltr'>ex</span> 
     </span>
     <span class='ocr_line' id='line_1_42' title="bbox 307 2461 961 2512; baseline 0 -14"><span class='ocrx_word' id='word_1_194' title='bbox 307 2463 389 2512; x_wconf 87' lang='lat' dir='ltr'>ipso</span> <span class='ocrx_word' id='word_1_195' title='bbox 411 2462 592 2500; x_wconf 83' lang='lat' dir='ltr'>Herodoti</span> <span class='ocrx_word' id='word_1_196' title='bbox 621 2461 700 2498; x_wconf 93' lang='lat' dir='ltr'>loco</span> <span class='ocrx_word' id='word_1_197' title='bbox 727 2461 814 2498; x_wconf 88' lang='lat' dir='ltr'>satis</span> <span class='ocrx_word' id='word_1_198' title='bbox 832 2466 961 2511; x_wconf 85' lang='lat' dir='ltr'>patere</span> 
     </span>
     <span class='ocr_line' id='line_1_43' title="bbox 306 2517 962 2565; baseline 0 -10"><span class='ocrx_word' id='word_1_199' title='bbox 306 2519 449 2555; x_wconf 84' lang='lat' dir='ltr'>videtur</span> <span class='ocrx_word' id='word_1_200' title='bbox 468 2547 479 2565; x_wconf 86' lang='lat'>,</span> <span class='ocrx_word' id='word_1_201' title='bbox 526 2518 573 2555; x_wconf 92' lang='lat' dir='ltr'>de</span> <span class='ocrx_word' id='word_1_202' title='bbox 605 2517 695 2554; x_wconf 90' lang='lat' dir='ltr'>coeli</span> <span class='ocrx_word' id='word_1_203' title='bbox 730 2518 876 2555; x_wconf 84' lang='lat' dir='ltr'>cardine</span> <span class='ocrx_word' id='word_1_204' title='bbox 906 2518 962 2555; x_wconf 87' lang='lat' dir='ltr'>hic</span> 
     </span>
     <span class='ocr_line' id='line_1_44' title="bbox 307 2574 960 2623; baseline -0.005 -11"><span class='ocrx_word' id='word_1_205' title='bbox 307 2574 440 2612; x_wconf 89' lang='lat' dir='ltr'>nullum</span> <span class='ocrx_word' id='word_1_206' title='bbox 473 2587 553 2611; x_wconf 84' lang='lat' dir='ltr'>esse</span> <span class='ocrx_word' id='word_1_207' title='bbox 587 2587 698 2623; x_wconf 82' lang='lat' dir='ltr'>posse</span> <span class='ocrx_word' id='word_1_208' title='bbox 745 2587 960 2620; x_wconf 83' lang='lat' dir='ltr'>sermonem,</span> 
     </span>
     <span class='ocr_line' id='line_1_45' title="bbox 309 2631 961 2668; baseline -0.005 0"><span class='ocrx_word' id='word_1_209' title='bbox 309 2632 374 2668; x_wconf 83' lang='lat' dir='ltr'>sed</span> <span class='ocrx_word' id='word_1_210' title='bbox 400 2631 447 2667; x_wconf 93' lang='lat' dir='ltr'>de</span> <span class='ocrx_word' id='word_1_211' title='bbox 474 2631 719 2667; x_wconf 81' lang='lat' dir='ltr'>instrumentis</span> <span class='ocrx_word' id='word_1_212' title='bbox 746 2631 961 2667; x_wconf 83' lang='lat' dir='ltr'>astronomi-</span> 
     </span>
     <span class='ocr_line' id='line_1_46' title="bbox 310 2687 960 2735; baseline -0.002 -11"><span class='ocrx_word' id='word_1_213' title='bbox 310 2688 360 2724; x_wconf 87' lang='lat' dir='ltr'>cis</span> <span class='ocrx_word' id='word_1_214' title='bbox 374 2716 385 2734; x_wconf 82' lang='grc'>,</span> <span class='ocrx_word' id='word_1_215' title='bbox 416 2699 567 2735; x_wconf 89' lang='lat' dir='ltr'>quorum</span> <span class='ocrx_word' id='word_1_216' title='bbox 588 2687 741 2724; x_wconf 79' lang='lat' dir='ltr'>alterum</span> <span class='ocrx_word' id='word_1_217' title='bbox 758 2687 960 2723; x_wconf 83' lang='lat' dir='ltr'>indicandis</span> 
     </span>
     <span class='ocr_line' id='line_1_47' title="bbox 309 2743 962 2790; baseline -0.005 -9"><span class='ocrx_word' id='word_1_218' title='bbox 309 2743 396 2781; x_wconf 87' lang='lat' dir='ltr'>anni</span> <span class='ocrx_word' id='word_1_219' title='bbox 415 2743 719 2780; x_wconf 83' lang='lat' dir='ltr'>vicissitudinibus</span> <span class='ocrx_word' id='word_1_220' title='bbox 748 2743 962 2790; x_wconf 73' lang='lat' dir='ltr'>inservierit,</span> 
     </span>
     <span class='ocr_line' id='line_1_48' title="bbox 310 2799 962 2849; baseline -0.002 -13"><span class='ocrx_word' id='word_1_221' title='bbox 310 2799 462 2837; x_wconf 87' lang='lat' dir='ltr'>alterum</span> <span class='ocrx_word' id='word_1_222' title='bbox 481 2799 553 2836; x_wconf 90' lang='lat' dir='ltr'>diei</span> <span class='ocrx_word' id='word_1_223' title='bbox 580 2800 761 2849; x_wconf 82' lang='lat' dir='ltr'>partibus,</span> <span class='ocrx_word' id='word_1_224' title='bbox 791 2803 962 2836; x_wconf 87' lang='lat' dir='ltr'>monente</span> 
     </span>
     <span class='ocr_line' id='line_1_49' title="bbox 311 2855 960 2904; baseline 0 -13"><span class='ocrx_word' id='word_1_225' title='bbox 311 2855 667 2904; x_wconf 78' lang='lat' dir='ltr'>Schweighaeusem.</span> <span class='ocrx_word' id='word_1_226' title='bbox 750 2855 960 2892; x_wconf 84' lang='lat' dir='ltr'>Accuratius</span> 
     </span>
     <span class='ocr_line' id='line_1_50' title="bbox 312 2911 963 2962; baseline 0 -14"><span class='ocrx_word' id='word_1_227' title='bbox 312 2912 496 2961; x_wconf 82' lang='lat' dir='ltr'>inquisivit</span> <span class='ocrx_word' id='word_1_228' title='bbox 516 2911 606 2949; x_wconf 89' lang='lat' dir='ltr'>alter</span> <span class='ocrx_word' id='word_1_229' title='bbox 628 2911 755 2949; x_wconf 88' lang='lat' dir='ltr'>Gallus</span> <span class='ocrx_word' id='word_1_230' title='bbox 774 2912 963 2962; x_wconf 86' lang='lat' dir='ltr'>interpres,</span> 
     </span>
    </p>
   </div>
   <div class='ocr_carea' id='block_1_13' title="bbox 1020 770 1677 932">
    <p class='ocr_par' dir='ltr' id='par_1_14' title="bbox 1020 770 1677 932">
     <span class='ocr_line' id='line_1_51' title="bbox 1020 770 1676 819; baseline 0 -12"><span class='ocrx_word' id='word_1_231' title='bbox 1020 770 1142 816; x_wconf 83' lang='lat' dir='ltr'>Miot.‚</span> <span class='ocrx_word' id='word_1_232' title='bbox 1173 770 1221 807; x_wconf 89' lang='lat' dir='ltr'>de</span> <span class='ocrx_word' id='word_1_233' title='bbox 1250 772 1407 819; x_wconf 91' lang='lat' dir='ltr'>utroque</span> <span class='ocrx_word' id='word_1_234' title='bbox 1432 772 1676 808; x_wconf 87' lang='lat' dir='ltr'>astronomico</span> 
     </span>
     <span class='ocr_line' id='line_1_52' title="bbox 1020 827 1677 876; baseline 0.002 -13"><span class='ocrx_word' id='word_1_235' title='bbox 1020 828 1260 864; x_wconf 84' lang='lat' dir='ltr'>instrumento</span> <span class='ocrx_word' id='word_1_236' title='bbox 1280 854 1291 872; x_wconf 88' lang='lat'>,</span> <span class='ocrx_word' id='word_1_237' title='bbox 1325 827 1408 876; x_wconf 83' lang='lat' dir='ltr'>polo</span> <span class='ocrx_word' id='word_1_238' title='bbox 1438 833 1475 865; x_wconf 88' lang='lat' dir='ltr'>et</span> <span class='ocrx_word' id='word_1_239' title='bbox 1512 840 1677 876; x_wconf 78' lang='lat' dir='ltr'>gnomone</span> 
     </span>
     <span class='ocr_line' id='line_1_53' title="bbox 1020 883 1677 932; baseline 0.002 -12"><span class='ocrx_word' id='word_1_240' title='bbox 1020 883 1111 920; x_wconf 85' lang='lat' dir='ltr'>haec</span> <span class='ocrx_word' id='word_1_241' title='bbox 1142 894 1303 932; x_wconf 87' lang='lat' dir='ltr'>ponens:</span> <span class='ocrx_word' id='word_1_242' title='bbox 1341 896 1541 931; x_wconf 78' lang='lat' dir='ltr'>gnomonem</span> <span class='ocrx_word' id='word_1_243' title='bbox 1565 885 1677 921; x_wconf 79' lang='lat' dir='ltr'>fuisse</span> 
     </span>
    </p>
   </div>
   <div class='ocr_carea' id='block_1_14' title="bbox 1021 938 1747 990">
    <p class='ocr_par' dir='ltr' id='par_1_15' title="bbox 1021 938 1747 990">
     <span class='ocr_line' id='line_1_54' title="bbox 1021 938 1747 990; baseline 0 -14"><span class='ocrx_word' id='word_1_244' title='bbox 1021 939 1223 977; x_wconf 85' lang='lat' dir='ltr'>columnam</span> <span class='ocrx_word' id='word_1_245' title='bbox 1250 938 1288 973; x_wconf 91' lang='lat' dir='ltr'>in</span> <span class='ocrx_word' id='word_1_246' title='bbox 1317 939 1429 976; x_wconf 88' lang='lat' dir='ltr'>altum</span> <span class='ocrx_word' id='word_1_247' title='bbox 1455 939 1535 976; x_wconf 92' lang='lat' dir='ltr'>loco</span> <span class='ocrx_word' id='word_1_248' title='bbox 1566 940 1676 990; x_wconf 82' lang='lat' dir='ltr'>plano</span> <span class='ocrx_word' id='word_1_249' title='bbox 1746 951 1747 955; x_wconf 57' lang='lat'>¹</span> 
     </span>
    </p>
   </div>
   <div class='ocr_carea' id='block_1_15' title="bbox 1020 995 1688 2739">
    <p class='ocr_par' dir='ltr' id='par_1_16' title="bbox 1020 995 1688 2739">
     <span class='ocr_line' id='line_1_55' title="bbox 1022 995 1679 1042; baseline 0 -9"><span class='ocrx_word' id='word_1_250' title='bbox 1022 1000 1180 1034; x_wconf 87' lang='lat' dir='ltr'>erectam</span> <span class='ocrx_word' id='word_1_251' title='bbox 1193 1023 1203 1042; x_wconf 90' lang='lat'>,</span> <span class='ocrx_word' id='word_1_252' title='bbox 1222 995 1322 1031; x_wconf 87' lang='lat' dir='ltr'>cuius</span> <span class='ocrx_word' id='word_1_253' title='bbox 1342 997 1506 1033; x_wconf 81' lang='lat' dir='ltr'>umbram</span> <span class='ocrx_word' id='word_1_254' title='bbox 1524 997 1679 1034; x_wconf 89' lang='lat' dir='ltr'>dimensi</span> 
     </span>
     <span class='ocr_line' id='line_1_56' title="bbox 1020 1050 1680 1090; baseline 0 0"><span class='ocrx_word' id='word_1_255' title='bbox 1020 1052 1155 1090; x_wconf 85' lang='lat' dir='ltr'>fuerint</span> <span class='ocrx_word' id='word_1_256' title='bbox 1173 1052 1221 1088; x_wconf 93' lang='lat' dir='ltr'>ad</span> <span class='ocrx_word' id='word_1_257' title='bbox 1249 1050 1333 1088; x_wconf 89' lang='lat' dir='ltr'>solis</span> <span class='ocrx_word' id='word_1_258' title='bbox 1362 1052 1479 1089; x_wconf 89' lang='lat' dir='ltr'>locum</span> <span class='ocrx_word' id='word_1_259' title='bbox 1509 1053 1680 1090; x_wconf 86' lang='lat' dir='ltr'>determi-</span> 
     </span>
     <span class='ocr_line' id='line_1_57' title="bbox 1021 1107 1680 1158; baseline 0 -12"><span class='ocrx_word' id='word_1_260' title='bbox 1021 1109 1204 1153; x_wconf 79' lang='lat' dir='ltr'>nandum,</span> <span class='ocrx_word' id='word_1_261' title='bbox 1218 1107 1336 1157; x_wconf 74' lang='lat' dir='ltr'>polam</span> <span class='ocrx_word' id='word_1_262' title='bbox 1347 1109 1576 1158; x_wconf 87' lang='lat' dir='ltr'>horologium</span> <span class='ocrx_word' id='word_1_263' title='bbox 1593 1123 1680 1146; x_wconf 89' lang='lat' dir='ltr'>con-</span> 
     </span>
     <span class='ocr_line' id='line_1_58' title="bbox 1022 1166 1677 1215; baseline 0 -12"><span class='ocrx_word' id='word_1_264' title='bbox 1022 1179 1150 1203; x_wconf 75' lang='lat' dir='ltr'>cavum</span> <span class='ocrx_word' id='word_1_265' title='bbox 1175 1177 1257 1201; x_wconf 84' lang='lat' dir='ltr'>esse</span> <span class='ocrx_word' id='word_1_266' title='bbox 1273 1192 1285 1211; x_wconf 89' lang='lat'>,</span> <span class='ocrx_word' id='word_1_267' title='bbox 1335 1179 1407 1215; x_wconf 93' lang='lat' dir='ltr'>quo</span> <span class='ocrx_word' id='word_1_268' title='bbox 1434 1167 1483 1203; x_wconf 91' lang='lat' dir='ltr'>ad</span> <span class='ocrx_word' id='word_1_269' title='bbox 1515 1166 1677 1215; x_wconf 88' lang='lat' dir='ltr'>singulas</span> 
     </span>
     <span class='ocr_line' id='line_1_59' title="bbox 1023 1221 1681 1270; baseline 0 -11"><span class='ocrx_word' id='word_1_270' title='bbox 1023 1222 1097 1259; x_wconf 91' lang='lat' dir='ltr'>diei</span> <span class='ocrx_word' id='word_1_271' title='bbox 1114 1222 1222 1258; x_wconf 84' lang='lat' dir='ltr'>horas</span> <span class='ocrx_word' id='word_1_272' title='bbox 1240 1221 1452 1259; x_wconf 88' lang='lat' dir='ltr'>indicandas</span> <span class='ocrx_word' id='word_1_273' title='bbox 1465 1223 1599 1261; x_wconf 87' lang='lat' dir='ltr'>fuerint</span> <span class='ocrx_word' id='word_1_274' title='bbox 1611 1223 1681 1270; x_wconf 90' lang='lat' dir='ltr'>usi,</span> 
     </span>
     <span class='ocr_line' id='line_1_60' title="bbox 1024 1278 1681 1329; baseline 0.002 -14"><span class='ocrx_word' id='word_1_275' title='bbox 1024 1278 1198 1327; x_wconf 88' lang='lat' dir='ltr'>quodque</span> <span class='ocrx_word' id='word_1_276' title='bbox 1224 1291 1267 1315; x_wconf 91' lang='lat' dir='ltr'>eo</span> <span class='ocrx_word' id='word_1_277' title='bbox 1286 1279 1424 1316; x_wconf 86' lang='lat' dir='ltr'>facilius</span> <span class='ocrx_word' id='word_1_278' title='bbox 1442 1279 1517 1329; x_wconf 74' lang='lat' dir='ltr'>polz·</span> <span class='ocrx_word' id='word_1_279' title='bbox 1533 1281 1681 1317; x_wconf 90' lang='lat' dir='ltr'>nomine</span> 
     </span>
     <span class='ocr_line' id='line_1_61' title="bbox 1023 1335 1681 1385; baseline 0.002 -13"><span class='ocrx_word' id='word_1_280' title='bbox 1023 1335 1190 1384; x_wconf 88' lang='lat' dir='ltr'>insigniri</span> <span class='ocrx_word' id='word_1_281' title='bbox 1220 1337 1401 1385; x_wconf 88' lang='lat' dir='ltr'>potuerit,</span> <span class='ocrx_word' id='word_1_282' title='bbox 1450 1349 1531 1373; x_wconf 91' lang='lat' dir='ltr'>cum</span> <span class='ocrx_word' id='word_1_283' title='bbox 1562 1336 1681 1374; x_wconf 83' lang='lat' dir='ltr'>Grae-</span> 
     </span>
     <span class='ocr_line' id='line_1_62' title="bbox 1024 1386 1681 1443; baseline -0.002 -14"><span class='ocrx_word' id='word_1_284' title='bbox 1024 1406 1103 1430; x_wconf 91' lang='lat' dir='ltr'>cum</span> <span class='ocrx_word' id='word_1_285' title='bbox 1126 1386 1250 1439; x_wconf 81' lang='grc' dir='ltr'><em>πόλος</em></span> <span class='ocrx_word' id='word_1_286' title='bbox 1279 1394 1389 1429; x_wconf 87' lang='lat' dir='ltr'>etiam</span> <span class='ocrx_word' id='word_1_287' title='bbox 1417 1395 1532 1443; x_wconf 78' lang='lat' dir='ltr'>ipsum</span> <span class='ocrx_word' id='word_1_288' title='bbox 1551 1392 1681 1429; x_wconf 81' lang='lat' dir='ltr'>coelum</span> 
     </span>
     <span class='ocr_line' id='line_1_63' title="bbox 1026 1449 1681 1495; baseline -0.002 -9"><span class='ocrx_word' id='word_1_289' title='bbox 1026 1449 1180 1486; x_wconf 85' lang='lat' dir='ltr'>subinde</span> <span class='ocrx_word' id='word_1_290' title='bbox 1224 1449 1396 1495; x_wconf 82' lang='lat' dir='ltr'>denotet,</span> <span class='ocrx_word' id='word_1_291' title='bbox 1453 1449 1681 1487; x_wconf 87' lang='lat' dir='ltr'>instrumenti</span> 
     </span>
     <span class='ocr_line' id='line_1_64' title="bbox 1026 1505 1680 1555; baseline 0 -13"><span class='ocrx_word' id='word_1_292' title='bbox 1026 1509 1148 1542; x_wconf 89' lang='lat' dir='ltr'>autem</span> <span class='ocrx_word' id='word_1_293' title='bbox 1169 1517 1212 1542; x_wconf 91' lang='lat' dir='ltr'>ea</span> <span class='ocrx_word' id='word_1_294' title='bbox 1231 1505 1340 1542; x_wconf 89' lang='lat' dir='ltr'>suerit</span> <span class='ocrx_word' id='word_1_295' title='bbox 1358 1506 1476 1543; x_wconf 87' lang='lat' dir='ltr'>forma</span> <span class='ocrx_word' id='word_1_296' title='bbox 1496 1518 1538 1543; x_wconf 87' lang='lat' dir='ltr'>ac</span> <span class='ocrx_word' id='word_1_297' title='bbox 1549 1506 1680 1555; x_wconf 87' lang='lat' dir='ltr'>figura,</span> 
     </span>
     <span class='ocr_line' id='line_1_65' title="bbox 1026 1561 1681 1614; baseline 0.003 -16"><span class='ocrx_word' id='word_1_298' title='bbox 1026 1566 1067 1599; x_wconf 91' lang='lat' dir='ltr'>ut</span> <span class='ocrx_word' id='word_1_299' title='bbox 1086 1561 1226 1599; x_wconf 91' lang='lat' dir='ltr'>coelum</span> <span class='ocrx_word' id='word_1_300' title='bbox 1257 1562 1374 1598; x_wconf 90' lang='lat' dir='ltr'>minus</span> <span class='ocrx_word' id='word_1_301' title='bbox 1404 1567 1681 1614; x_wconf 85' lang='lat' dir='ltr'>repraesentare</span> 
     </span>
     <span class='ocr_line' id='line_1_66' title="bbox 1025 1618 1683 1668; baseline -0.002 -13"><span class='ocrx_word' id='word_1_302' title='bbox 1025 1619 1219 1656; x_wconf 85' lang='lat' dir='ltr'>videretur.</span> <span class='ocrx_word' id='word_1_303' title='bbox 1296 1618 1403 1661; x_wconf 88' lang='lat' dir='ltr'>Quae</span> <span class='ocrx_word' id='word_1_304' title='bbox 1445 1619 1593 1668; x_wconf 88' lang='lat' dir='ltr'>quidem</span> <span class='ocrx_word' id='word_1_305' title='bbox 1621 1631 1683 1656; x_wconf 83' lang='lat' dir='ltr'>ex-</span> 
     </span>
     <span class='ocr_line' id='line_1_67' title="bbox 1025 1674 1683 1726; baseline 0.002 -16"><span class='ocrx_word' id='word_1_306' title='bbox 1025 1675 1172 1726; x_wconf 85' lang='lat' dir='ltr'>plicatio</span> <span class='ocrx_word' id='word_1_307' title='bbox 1207 1674 1426 1712; x_wconf 83' lang='lat' dir='ltr'>testimoniis</span> <span class='ocrx_word' id='word_1_308' title='bbox 1454 1676 1606 1712; x_wconf 90' lang='lat' dir='ltr'>duorum</span> <span class='ocrx_word' id='word_1_309' title='bbox 1632 1676 1683 1711; x_wconf 91' lang='lat' dir='ltr'>vi-</span> 
     </span>
     <span class='ocr_line' id='line_1_68' title="bbox 1026 1732 1681 1770; baseline -0.002 -1"><span class='ocrx_word' id='word_1_310' title='bbox 1026 1744 1149 1769; x_wconf 89' lang='lat' dir='ltr'>rorum</span> <span class='ocrx_word' id='word_1_311' title='bbox 1176 1732 1423 1770; x_wconf 86' lang='lat' dir='ltr'>astronomiae</span> <span class='ocrx_word' id='word_1_312' title='bbox 1449 1736 1526 1769; x_wconf 86' lang='lat' dir='ltr'>tum</span> <span class='ocrx_word' id='word_1_313' title='bbox 1550 1732 1681 1769; x_wconf 83' lang='lat' dir='ltr'>veteris</span> 
     </span>
     <span class='ocr_line' id='line_1_69' title="bbox 1027 1788 1683 1839; baseline -0.002 -14"><span class='ocrx_word' id='word_1_314' title='bbox 1027 1792 1105 1825; x_wconf 88' lang='lat' dir='ltr'>tum</span> <span class='ocrx_word' id='word_1_315' title='bbox 1136 1788 1348 1825; x_wconf 88' lang='lat' dir='ltr'>recentioris</span> <span class='ocrx_word' id='word_1_316' title='bbox 1380 1788 1683 1839; x_wconf 90' lang='lat' dir='ltr'>peritissimorum</span> 
     </span>
     <span class='ocr_line' id='line_1_70' title="bbox 1027 1844 1682 1894; baseline 0 -13"><span class='ocrx_word' id='word_1_317' title='bbox 1027 1845 1173 1881; x_wconf 86' lang='lat' dir='ltr'>nititur:</span> <span class='ocrx_word' id='word_1_318' title='bbox 1206 1844 1326 1894; x_wconf 86' lang='lat' dir='ltr'>Bailly</span> <span class='ocrx_word' id='word_1_319' title='bbox 1353 1845 1437 1882; x_wconf 86' lang='lat' dir='ltr'>hist.</span> <span class='ocrx_word' id='word_1_320' title='bbox 1457 1846 1503 1883; x_wconf 87' lang='lat' dir='ltr'>de</span> <span class='ocrx_word' id='word_1_321' title='bbox 1521 1845 1682 1882; x_wconf 87' lang='lat' dir='ltr'>l&#39;astron.</span> 
     </span>
     <span class='ocr_line' id='line_1_71' title="bbox 1026 1901 1684 1951; baseline -0.002 -12"><span class='ocrx_word' id='word_1_322' title='bbox 1026 1902 1192 1939; x_wconf 86' lang='lat' dir='ltr'>modern.</span> <span class='ocrx_word' id='word_1_323' title='bbox 1232 1901 1297 1937; x_wconf 91' lang='lat' dir='ltr'>t.I</span> <span class='ocrx_word' id='word_1_324' title='bbox 1327 1914 1363 1950; x_wconf 88' lang='lat' dir='ltr'>p.</span> <span class='ocrx_word' id='word_1_325' title='bbox 1394 1903 1448 1942; x_wconf 88' lang='lat'>73</span> <span class='ocrx_word' id='word_1_326' title='bbox 1480 1905 1516 1939; x_wconf 90' lang='lat' dir='ltr'>et</span> <span class='ocrx_word' id='word_1_327' title='bbox 1543 1901 1684 1951; x_wconf 88' lang='lat' dir='ltr'>praeci-</span> 
     </span>
     <span class='ocr_line' id='line_1_72' title="bbox 1027 1957 1683 2008; baseline 0 -14"><span class='ocrx_word' id='word_1_328' title='bbox 1027 1971 1101 2008; x_wconf 89' lang='lat' dir='ltr'>pue</span> <span class='ocrx_word' id='word_1_329' title='bbox 1122 1957 1321 1994; x_wconf 87' lang='lat' dir='ltr'>Delambre</span> <span class='ocrx_word' id='word_1_330' title='bbox 1353 1958 1435 1995; x_wconf 89' lang='lat' dir='ltr'>hist.</span> <span class='ocrx_word' id='word_1_331' title='bbox 1456 1959 1502 1995; x_wconf 90' lang='lat' dir='ltr'>de</span> <span class='ocrx_word' id='word_1_332' title='bbox 1520 1957 1683 1995; x_wconf 87' lang='lat' dir='ltr'>l’astron.</span> 
     </span>
     <span class='ocr_line' id='line_1_73' title="bbox 1027 2013 1684 2064; baseline 0 -13"><span class='ocrx_word' id='word_1_333' title='bbox 1027 2014 1192 2051; x_wconf 82' lang='lat' dir='ltr'>ancienn.</span> <span class='ocrx_word' id='word_1_334' title='bbox 1210 2013 1268 2050; x_wconf 90' lang='lat' dir='ltr'>t.I</span> <span class='ocrx_word' id='word_1_335' title='bbox 1292 2027 1329 2064; x_wconf 88' lang='lat' dir='ltr'>p.</span> <span class='ocrx_word' id='word_1_336' title='bbox 1351 2015 1417 2055; x_wconf 84' lang='lat'>48.</span> <span class='ocrx_word' id='word_1_337' title='bbox 1445 2018 1472 2051; x_wconf 92' lang='lat' dir='ltr'>t.</span> <span class='ocrx_word' id='word_1_338' title='bbox 1496 2014 1513 2051; x_wconf 97' lang='lat' dir='ltr'>I</span> <span class='ocrx_word' id='word_1_339' title='bbox 1533 2028 1569 2064; x_wconf 91' lang='lat' dir='ltr'>p.</span> <span class='ocrx_word' id='word_1_340' title='bbox 1590 2013 1684 2055; x_wconf 83' lang='lat'>512.</span> 
     </span>
     <span class='ocr_line' id='line_1_74' title="bbox 1027 2069 1686 2121; baseline 0 -14"><span class='ocrx_word' id='word_1_341' title='bbox 1027 2069 1148 2119; x_wconf 93' lang='lat' dir='ltr'>Atque</span> <span class='ocrx_word' id='word_1_342' title='bbox 1186 2070 1277 2107; x_wconf 87' lang='lat' dir='ltr'>haec</span> <span class='ocrx_word' id='word_1_343' title='bbox 1312 2070 1341 2106; x_wconf 91' lang='lat' dir='ltr'>si</span> <span class='ocrx_word' id='word_1_344' title='bbox 1380 2083 1465 2108; x_wconf 87' lang='lat' dir='ltr'>vere</span> <span class='ocrx_word' id='word_1_345' title='bbox 1500 2071 1686 2121; x_wconf 85' lang='lat' dir='ltr'>disputata</span> 
     </span>
     <span class='ocr_line' id='line_1_75' title="bbox 1027 2126 1687 2174; baseline 0 -12"><span class='ocrx_word' id='word_1_346' title='bbox 1027 2131 1131 2173; x_wconf 87' lang='lat' dir='ltr'>sunt,</span> <span class='ocrx_word' id='word_1_347' title='bbox 1170 2126 1268 2163; x_wconf 89' lang='lat' dir='ltr'>haud</span> <span class='ocrx_word' id='word_1_348' title='bbox 1298 2127 1458 2174; x_wconf 88' lang='lat' dir='ltr'>mireris,</span> <span class='ocrx_word' id='word_1_349' title='bbox 1488 2127 1534 2164; x_wconf 86' lang='lat' dir='ltr'>ab</span> <span class='ocrx_word' id='word_1_350' title='bbox 1562 2127 1687 2163; x_wconf 90' lang='lat' dir='ltr'>Hero-</span> 
     </span>
     <span class='ocr_line' id='line_1_76' title="bbox 1030 2182 1687 2220; baseline 0 -2"><span class='ocrx_word' id='word_1_351' title='bbox 1030 2183 1117 2219; x_wconf 90' lang='lat' dir='ltr'>doto</span> <span class='ocrx_word' id='word_1_352' title='bbox 1150 2195 1211 2219; x_wconf 88' lang='lat' dir='ltr'>cur</span> <span class='ocrx_word' id='word_1_353' title='bbox 1240 2183 1364 2220; x_wconf 83' lang='lat' dir='ltr'>statim</span> <span class='ocrx_word' id='word_1_354' title='bbox 1396 2183 1525 2220; x_wconf 90' lang='lat' dir='ltr'>addita</span> <span class='ocrx_word' id='word_1_355' title='bbox 1552 2182 1687 2220; x_wconf 87' lang='lat' dir='ltr'>fuerint</span> 
     </span>
     <span class='ocr_line' id='line_1_77' title="bbox 1029 2235 1686 2290; baseline 0.002 -15"><span class='ocrx_word' id='word_1_356' title='bbox 1029 2239 1137 2276; x_wconf 84' lang='lat' dir='ltr'>haec:</span> <span class='ocrx_word' id='word_1_357' title='bbox 1175 2236 1243 2276; x_wconf 79' lang='grc' dir='ltr'>καὶ</span> <span class='ocrx_word' id='word_1_358' title='bbox 1270 2235 1318 2276; x_wconf 73' lang='grc' dir='ltr'>τοὶ</span> <span class='ocrx_word' id='word_1_359' title='bbox 1353 2236 1533 2278; x_wconf 78' lang='grc' dir='ltr'><em>δυώδεκα</em></span> <span class='ocrx_word' id='word_1_360' title='bbox 1568 2237 1686 2290; x_wconf 80' lang='grc' dir='ltr'><em>μέρεα</em></span> 
     </span>
     <span class='ocr_line' id='line_1_78' title="bbox 1029 2290 1685 2344; baseline -0.003 -11"><span class='ocrx_word' id='word_1_361' title='bbox 1029 2296 1102 2344; x_wconf 80' lang='grc' dir='ltr'>τῆς</span> <span class='ocrx_word' id='word_1_362' title='bbox 1132 2292 1295 2344; x_wconf 69' lang='grc' dir='ltr'>ἡμέρης.</span> <span class='ocrx_word' id='word_1_363' title='bbox 1352 2294 1412 2333; x_wconf 90' lang='lat' dir='ltr'>De</span> <span class='ocrx_word' id='word_1_364' title='bbox 1431 2290 1580 2342; x_wconf 83' lang='grc' dir='ltr'><em>πόλος,</em></span> <span class='ocrx_word' id='word_1_365' title='bbox 1613 2308 1685 2344; x_wconf 89' lang='lat' dir='ltr'>quo</span> 
     </span>
     <span class='ocr_line' id='line_1_79' title="bbox 1033 2350 1687 2399; baseline 0.002 -12"><span class='ocrx_word' id='word_1_366' title='bbox 1033 2350 1163 2387; x_wconf 79' lang='lat' dir='ltr'>coelum.</span> <span class='ocrx_word' id='word_1_367' title='bbox 1210 2351 1370 2399; x_wconf 87' lang='lat' dir='ltr'>indeque</span> <span class='ocrx_word' id='word_1_368' title='bbox 1406 2352 1687 2389; x_wconf 86' lang='lat' dir='ltr'>instrumentum</span> 
     </span>
     <span class='ocr_line' id='line_1_80' title="bbox 1030 2406 1688 2444; baseline 0.002 -1"><span class='ocrx_word' id='word_1_369' title='bbox 1030 2407 1121 2444; x_wconf 90' lang='lat' dir='ltr'>coeli</span> <span class='ocrx_word' id='word_1_370' title='bbox 1144 2407 1192 2443; x_wconf 90' lang='lat' dir='ltr'>ad</span> <span class='ocrx_word' id='word_1_371' title='bbox 1209 2406 1322 2444; x_wconf 88' lang='lat' dir='ltr'>instar</span> <span class='ocrx_word' id='word_1_372' title='bbox 1345 2407 1569 2444; x_wconf 86' lang='lat' dir='ltr'>elaboratum</span> <span class='ocrx_word' id='word_1_373' title='bbox 1592 2408 1688 2444; x_wconf 91' lang='lat' dir='ltr'>indi-</span> 
     </span>
     <span class='ocr_line' id='line_1_81' title="bbox 1031 2462 1687 2510; baseline 0.003 -11"><span class='ocrx_word' id='word_1_374' title='bbox 1031 2467 1153 2510; x_wconf 87' lang='lat' dir='ltr'>catur,</span> <span class='ocrx_word' id='word_1_375' title='bbox 1213 2462 1279 2500; x_wconf 81' lang='lat' dir='ltr'>Cr.</span> <span class='ocrx_word' id='word_1_376' title='bbox 1320 2465 1462 2501; x_wconf 87' lang='lat' dir='ltr'>confert</span> <span class='ocrx_word' id='word_1_377' title='bbox 1499 2464 1687 2501; x_wconf 87' lang='lat' dir='ltr'>Letronne</span> 
     </span>
     <span class='ocr_line' id='line_1_82' title="bbox 1024 2520 1683 2568; baseline 0.003 -13"><span class='ocrx_word' id='word_1_378' title='bbox 1024 2520 1144 2568; x_wconf 89' lang='lat' dir='ltr'>journ.</span> <span class='ocrx_word' id='word_1_379' title='bbox 1166 2520 1201 2556; x_wconf 90' lang='lat' dir='ltr'>d.</span> <span class='ocrx_word' id='word_1_380' title='bbox 1221 2532 1351 2556; x_wconf 81' lang='lat' dir='ltr'>savans</span> <span class='ocrx_word' id='word_1_381' title='bbox 1374 2522 1481 2561; x_wconf 85' lang='lat'>1817</span> <span class='ocrx_word' id='word_1_382' title='bbox 1510 2520 1683 2558; x_wconf 88' lang='lat' dir='ltr'>De&#39;cemb.</span> 
     </span>
     <span class='ocr_line' id='line_1_83' title="bbox 1028 2577 1686 2626; baseline 0.003 -15"><span class='ocrx_word' id='word_1_383' title='bbox 1028 2588 1065 2626; x_wconf 90' lang='lat' dir='ltr'>p.</span> <span class='ocrx_word' id='word_1_384' title='bbox 1089 2577 1192 2623; x_wconf 79' lang='lat'>739,</span> <span class='ocrx_word' id='word_1_385' title='bbox 1222 2580 1258 2612; x_wconf 88' lang='lat' dir='ltr'>et</span> <span class='ocrx_word' id='word_1_386' title='bbox 1288 2578 1560 2614; x_wconf 88' lang='lat' dir='ltr'>annotationem</span> <span class='ocrx_word' id='word_1_387' title='bbox 1584 2589 1686 2613; x_wconf 89' lang='lat' dir='ltr'>suam</span> 
     </span>
     <span class='ocr_line' id='line_1_84' title="bbox 1030 2632 1685 2681; baseline 0.002 -13"><span class='ocrx_word' id='word_1_388' title='bbox 1030 2633 1079 2668; x_wconf 92' lang='lat' dir='ltr'>ad</span> <span class='ocrx_word' id='word_1_389' title='bbox 1097 2632 1262 2669; x_wconf 85' lang='lat' dir='ltr'>Ciceron.</span> <span class='ocrx_word' id='word_1_390' title='bbox 1285 2634 1332 2670; x_wconf 91' lang='lat' dir='ltr'>de</span> <span class='ocrx_word' id='word_1_391' title='bbox 1351 2637 1428 2671; x_wconf 88' lang='lat' dir='ltr'>nat.</span> <span class='ocrx_word' id='word_1_392' title='bbox 1449 2633 1551 2670; x_wconf 84' lang='lat' dir='ltr'>deor.</span> <span class='ocrx_word' id='word_1_393' title='bbox 1571 2632 1685 2681; x_wconf 82' lang='lat'><strong>11‚34</strong></span> 
     </span>
     <span class='ocr_line' id='line_1_85' title="bbox 1027 2688 1227 2739; baseline 0.005 -15"><span class='ocrx_word' id='word_1_394' title='bbox 1027 2701 1113 2739; x_wconf 86' lang='lat' dir='ltr'>pag.</span> <span class='ocrx_word' id='word_1_395' title='bbox 1133 2688 1227 2729; x_wconf 78' lang='lat'>347.</span> 
     </span>
    </p>
   </div>
   <div class='ocr_carea' id='block_1_16' title="bbox 1248 2772 1471 2824">
    <p class='ocr_par' dir='ltr' id='par_1_17' title="bbox 1248 2772 1471 2824">
     <span class='ocr_line' id='line_1_86' title="bbox 1248 2772 1471 2824; baseline 0 -15"><span class='ocrx_word' id='word_1_396' title='bbox 1248 2773 1360 2824; x_wconf 91' lang='lat' dir='ltr'>Cap.</span> <span class='ocrx_word' id='word_1_397' title='bbox 1392 2772 1471 2810; x_wconf 89' lang='lat' dir='ltr'>CX.</span> 
     </span>
    </p>
   </div>
   <div class='ocr_carea' id='block_1_17' title="bbox 1031 2850 1685 2966">
    <p class='ocr_par' dir='ltr' id='par_1_18' title="bbox 1031 2850 1684 2965">
     <span class='ocr_line' id='line_1_87' title="bbox 1087 2850 1684 2913; baseline -0.002 -17"><span class='ocrx_word' id='word_1_398' title='bbox 1087 2850 1204 2903; x_wconf 81' lang='grc' dir='ltr'><em>οὗτος</em></span> <span class='ocrx_word' id='word_1_399' title='bbox 1266 2871 1416 2913; x_wconf 83' lang='grc' dir='ltr'><em>μουνος</em></span> <span class='ocrx_word' id='word_1_400' title='bbox 1463 2852 1684 2908; x_wconf 80' lang='grc' dir='ltr'><em>Αἰγύπτιος</em></span> 
     </span>
     <span class='ocr_line' id='line_1_88' title="bbox 1031 2907 1685 2966; baseline -0.002 -15"><span class='ocrx_word' id='word_1_401' title='bbox 1031 2912 1255 2964; x_wconf 76' lang='grc' dir='ltr'><em>Αἰθιοπίης</em></span> <span class='ocrx_word' id='word_1_402' title='bbox 1279 2907 1397 2966; x_wconf 77' lang='grc' dir='ltr'><em>ἧοξε]</em></span> <span class='ocrx_word' id='word_1_403' title='bbox 1438 2913 1570 2952; x_wconf 87' lang='lat' dir='ltr'>Refert</span> <span class='ocrx_word' id='word_1_404' title='bbox 1593 2926 1685 2963; x_wconf 90' lang='lat' dir='ltr'>quo-</span> 
     </span>
    </p>
   </div>
  </div>
 </body>
</html>
