1759 3324
628 253 926 293 cL10.1.

1327 255 1410 294 29Ἱ

118 372 195 415 Ωδὲ
232 370 345 415 τάδε.
403 363 577 422 γράψας
618 362 662 414 ἐς
700 361 960 419 βιβλίον’τά
1000 359 1231 418 ἐβούλετο,
1281 358 1411 418 ἁλίην

145 454 234 494 τῶν
269 443 471 501 Περσέων
499 442 760 498 ἐποιήσατο·

821 440 928 496 μετα
964 441 1034 493 δὲ,
1083 438 1332 493 ἀναπτύξας
1360 439 1410 484 τὸ

147 528 318 585 βιβλίον
346 523 421 568 καὶ
450 521 774 578 ἐπιλεγόμενος,
807 521 891 578 ἔφη
917 518 1150 576 Ἀστυάγεά
1178 536 1256 576 μιν
1285 532 1411 576 στρα-

116 604 279 662 3τηγὸν
309 601 514 658 Περσέων
545 598 869 645 ἀποδεικνύναι.
927 632 952 652 ‚,
965 601 1089 651 Νῦν,
1137 599 1221 657 ἔφη
1256 616 1302 644 τε
1339 599 1405 643 λέ·
1422 606 1469 642 30

144 699 293 740 ,,γων,
325 677 362 727 ὦ
377 681 567 737 Πέρσαι,
599 678 886 737 προαγορεύω
916 677 1048 735 ὑμῖν,
1080 683 1283 735 παρεῖναι
1310 679 1412 724 ἕκα-

143 773 284 815 ,,στον
312 761 463 818 ἔχοντα
492 759 751 816 δρέπανον.“

807 762 957 814 Κῦρος
991 758 1070 815 μὲν
1105 762 1242 803 ταῦτα
1273 775 1409 817 προη-

118 840 341 898 4γόρευσε.
396 839 521 884 Ἔστι
560 839 606 884 δὲ
645 839 849 897 Περσέων
885 839 1022 896 συχνοὶ
1058 837 1206 896 γένεα·
1253 840 1328 884 καὶ
1356 838 1412 884 τοὶ

145 1046 265 1100 ἁλίην
282 1069 338 1077 —
355 1043 592 1099 ἐποιήσατο]
624 1045 741 1099 ἁλίην

88 1106 111 1143 i.
131 1119 163 1144 e.
193 1105 404 1157 ἐκκλησίαν
428 1105 683 1153 (concionem),
703 1109 743 1142 ut

88 1162 293 1211 Hesychius
337 1162 497 1214 exponit.
562 1161 645 1199 Alia
698 1174 742 1199 ex

89 1218 387 1269 inscriptionibus
406 1219 547 1269 profert
564 1218 666 1257 Rose
682 1217 742 1255 In-

93 1275 231 1325 scriptt.
252 1289 339 1326 pag.
355 1277 450 1316 280.

152 1330 231 1370 ἔστι
249 1329 291 1370 δὲ
317 1329 507 1383 Περσέων
531 1326 653 1381 συχνοὶ
672 1345 695 1381 γ
707 1327 742 1369 ε’-

93 1402 117 1427 ν
131 1402 147 1428 ε
159 1386 205 1438 α]
236 1387 458 1426 Niebuhrius
491 1387 528 1424 in
547 1387 643 1424 Hist.
662 1386 740 1424 Ro-

92 1457 188 1482 man.
214 1444 230 1481 I
259 1458 296 1495 p.
319 1446 403 1486 308
425 1444 483 1482 ed.
507 1444 656 1481 secund.
685 1443 743 1480 hic

91 1504 226 1550 gentem
249 1501 338 1552 poni
353 1500 427 1538 vult
449 1513 517 1552 pro
537 1500 652 1545 tribu;
671 1500 744 1550 qua

93 1558 241 1608 quidem
254 1570 342 1595 voce
353 1557 440 1595 alias
459 1557 619 1595 reddunt
626 1557 744 1594 Grae-

95 1627 220 1653 corum
249 1614 458 1666 φρήτρηνς
508 1614 608 1663 quod
634 1612 744 1664 paulo

94 1674 182 1721 post
199 1670 400 1708 invenimus
414 1674 588 1720 tanquam
604 1673 746 1720 partem

95 1728 222 1776 gentis.
251 1725 308 1763 Ex
326 1727 370 1763 iis
387 1739 474 1764 vero
486 1755 497 1774 ,
508 1739 603 1775 quae
614 1725 747 1763 hoclo-

97 1796 140 1821 co
152 1784 197 1820 ab
216 1783 409 1821 Herodoto
425 1783 672 1830 disseruntur,
690 1782 748 1819 in-

96 1839 289 1888 telligimus
300 1868 311 1887 ,
327 1839 461 1877 Persas
481 1839 646 1890 primitus
657 1839 749 1875 fuis-

97 1909 138 1934 se
164 1896 359 1933 nomadum
380 1899 527 1945 gentem
544 1900 580 1933 et
600 1895 747 1944 quidem

96 1964 267 2002 magnam
298 1957 440 2002 partem
463 1956 608 1990 montes
641 1952 747 1989 inco-

96 2008 247 2055 lentem3
282 2009 395 2047 fuisse
424 2007 504 2045 illos
539 2021 607 2059 pro
645 2021 748 2046 more

96 2065 300 2103 istiusmodi
319 2066 509 2103 nationum
524 2065 662 2102 divisos
679 2077 747 2116 per

97 2121 220 2174 plures
249 2126 402 2171 gentes,
432 2134 526 2172 quas
549 2121 655 2159 nobis
689 2122 746 2158 di-

97 2191 179 2217 cere
216 2177 317 2217 licet:
365 2178 544 2226 Stiimme,
579 2177 744 2226 Ηονᾱεη,

98 2235 260 2274 diversas
280 2235 374 2274 inter
393 2248 434 2274 se
451 2238 529 2272 tum
544 2235 684 2273 honore
709 2239 747 2274 et

97 2291 216 2341 gradu
245 2296 322 2330 tum
351 2292 447 2330 vitae
475 2291 590 2344 ipsius
611 2304 747 2341 genere

97 2348 283 2398 victusque
319 2349 469 2386 ratione.
533 2347 658 2398 Atque
690 2361 748 2386 re-

99 2405 275 2443 centiores
303 2405 407 2443 huius
435 2408 554 2443 terrae
584 2404 750 2456 peregri-

99 2464 246 2499 natores
262 2461 447 2512 hodieque
466 2462 595 2500 eadem
606 2463 682 2500 fere
690 2473 749 2499 re-

99 2521 290 2568 pererunt,
319 2531 414 2567 quae
431 2522 507 2555 tam
528 2517 642 2556 multo
663 2522 749 2556 ante

100 2572 272 2612 retulerat
307 2573 533 2613 Herodotus.
587 2574 750 2612 Maxima

103 2628 200 2666 enim
213 2629 411 2668 incolarum
430 2643 539 2682 pars,
567 2643 636 2683 per
657 2643 750 2680 gen-

102 2687 159 2722 tes
179 2685 387 2736 dispertita,
417 2699 570 2737 quarum
596 2688 750 2737 singulis

103 2738 236 2788 singuli
253 2747 427 2792 praesunt
441 2743 554 2781 duces
565 2772 576 2792 ‚
594 2747 672 2782 tum
689 2757 749 2782 se-

105 2795 172 2832 des
195 2796 283 2834 fixas
317 2802 438 2847 tenet,
473 2803 552 2838 tum
578 2801 750 2839 taberna-

105 2849 193 2887 culis
208 2863 293 2900 usa,
320 2853 400 2892 loca
417 2855 604 2894 habitandi
624 2857 750 2895 crebro

105 2911 324 2956 commutav,
357 2910 410 2950 ita
440 2915 482 2950 ut
510 2912 751 2962 agricolarum

809 1060 982 1086 numerus
1007 1047 1157 1085 inferior
1183 1047 1232 1084 sit
1269 1046 1466 1085 nomadum

810 1117 982 1150 numero3
1027 1116 1183 1153 quorum
1210 1104 1306 1141 vitae
1340 1105 1468 1153 generi

811 1162 893 1212 ipsa
930 1165 1051 1198 terrae
1079 1160 1222 1198 indoles
1257 1172 1300 1197 ac
1336 1165 1469 1199 natura

810 1217 962 1254 multum
992 1217 1101 1255 favet.
1161 1216 1223 1254 Tu
1250 1218 1345 1253 conf.
1379 1230 1469 1254 eun-

811 1274 894 1311 dem
914 1273 1136 1311 Heerenium
1156 1273 1179 1309 l.
1201 1272 1224 1310 l.
1248 1272 1265 1309 I
1285 1286 1371 1322 pag.
1382 1275 1468 1315 396

810 1343 914 1379 seq.‚
944 1330 1007 1379 qui
1038 1329 1136 1366 idem
1165 1329 1249 1366 bina
1275 1329 1361 1367 inde
1381 1342 1470 1367 con·-

810 1386 939 1433 cludit,
969 1399 1037 1423 nec
1055 1386 1162 1422 nobis
1195 1386 1244 1422 ad
1262 1385 1468 1423 universam

810 1442 993 1480 Herodoti
1039 1442 1086 1479 de
1120 1441 1245 1480 Persis
1286 1443 1467 1480 narratio-

811 1511 916 1546 nem,
947 1510 1040 1549 quae
1059 1499 1129 1536 hoc
1150 1497 1269 1549 primo
1280 1497 1371 1536 libro
1383 1512 1470 1536 con-

811 1557 969 1603 tinetur,
1006 1555 1281 1604 intelligendam
1300 1560 1467 1605 praeter-

812 1612 1001 1651 mittenda.
1059 1611 1187 1660 Negat
1211 1611 1309 1649 enim
1336 1611 1470 1650 Persa-

813 1681 892 1707 rum
903 1668 1090 1706 nationem
1106 1668 1176 1705 sibi
1193 1668 1383 1718 aequalem
1402 1681 1471 1720 pa-

814 1725 920 1774 rique
959 1725 1071 1762 modo
1115 1724 1290 1762 excultam
1333 1725 1470 1772 fuisse3

815 1794 896 1820 cum
917 1781 995 1819 eius
1011 1794 1098 1833 pars
1117 1784 1260 1819 tantum
1286 1781 1336 1818 ad
1351 1781 1469 1819 domi-

814 1838 1002 1877 nationem
1026 1837 1247 1887 reliquorum
1264 1835 1377 1876 Asiae
1401 1851 1470 1890 po-

814 1894 983 1947 pulorum
1019 1895 1228 1946 pervenerit
1272 1898 1310 1932 et
1339 1895 1387 1932 ab
1424 1895 1469 1933 iis

815 1953 906 2002 ipsis
918 1980 930 1998 ,
949 1964 1041 2001 quos
1062 1952 1196 1988 vicerat
1212 1951 1471 2000 subiectosque

815 2008 951 2055 tenuit,
1000 2007 1127 2045 cultior
1165 2007 1310 2045 reddita
1348 2008 1471 2056 fuerit,

813 2064 961 2115 reliquis
1004 2064 1043 2101 in
1075 2064 1207 2102 eodem
1232 2068 1353 2112 statu,
1396 2077 1470 2114 quo

812 2126 898 2160 ante
942 2122 1109 2169 fuerant,
1157 2121 1470 2171 permanentibus,

811 2178 994 2228 vitamque
1017 2178 1210 2215 barbaram
1230 2179 1309 2216 fere
1326 2178 1472 2227 agenti-

812 2235 893 2272 bus.
950 2233 1113 2273 Alterum
1155 2234 1244 2271 illud
1276 2235 1382 2286 ponit
1415 2235 1471 2272 vir

814 2291 966 2339 doctus,
993 2292 1093 2342 apud
1126 2290 1262 2328 Persas
1302 2291 1470 2342 primitus

814 2349 936 2386 omnia
953 2348 1171 2399 pertinuisse
1193 2347 1242 2384 ad
1257 2353 1388 2397 gentes
1408 2360 1471 2386 ea-

815 2417 969 2454 rumque
995 2405 1160 2441 instituta
1197 2403 1371 2452 (Stamm
1395 2405 1471 2442 und

816 2461 1228 2509 Stammversassung)‚
1267 2473 1312 2499 ex
1338 2462 1470 2511 quibus

817 2518 870 2556 rei
887 2517 1056 2569 publicae
1077 2517 1169 2554 ordo
1190 2521 1301 2567 atque
1327 2518 1472 2569 imperii

815 2575 909 2612 ratio
935 2575 1071 2612 sensim
1102 2574 1312 2623 sensimque
1335 2587 1472 2625 prove-

816 2631 923 2669 nerit.
979 2630 1119 2670 Nostra
1165 2634 1286 2669 aetate
1332 2630 1472 2669 similes

816 2688 918 2739 apud
943 2686 1078 2725 Persas
1106 2687 1338 2725 inveniuntur
1355 2687 1471 2725 tribus

817 2756 848 2782 s.
869 2747 999 2794 gentes
1011 2772 1023 2793 ‚
1050 2747 1092 2781 ut
1106 2745 1327 2782 recentiores
1344 2743 1472 2781 harum

815 2813 936 2839 rerum
959 2804 1141 2839 testantur
1171 2801 1380 2852 scriptores·
1411 2800 1472 2837 Cf.

817 2856 1006 2895 Hammer.
1022 2857 1061 2894 in
1079 2856 1203 2894 Wien.
1221 2856 1374 2894 Jahrbb.
1385 2854 1472 2893 vlu

818 2925 857 2964 p-
878 2915 961 2956 319
986 2926 1092 2964 seqq.
1109 2912 1194 2956 395
1207 2925 1326 2962 seqq,
1343 2911 1406 2963 qui
1423 2911 1471 2950 ab
