1759 3324
355 240 440 280 730

326 352 349 389 4
357 382 381 401 ,‚
393 348 610 404 ἄπειρος.“

748 240 1229 279 HERODOTI

668 351 740 393 καὶ
777 350 855 394 τὸν
891 349 1064 406 πρώτης
1103 354 1179 405 τῆς
1217 351 1383 394 ἑωυτοῦ
1410 349 1619 406 γυναικός

353 433 612 484 πειρᾶσθαι·
657 428 763 484 μετὰ
795 430 859 482 δὲ,
892 428 950 480 ὠς
981 428 1063 473 οὐκ
1093 427 1320 485 οἷνέβλεπε,
1361 431 1508 485 ἐπεξῆς
1534 446 1618 473 πα-

325 507 470 551 5σέων
499 511 746 563 πειρᾶσθαι.
806 507 1111 564 ἀναβλέψαντα
1144 510 1213 561 δὲ,
1250 514 1514 565 συναγαγεῖν
1542 508 1618 560 τὰς

352 592 566 643 γυναῖκας
598 591 685 630 τῶν
717 587 948 644 ἐπειρήθη,
1000 588 1114 644 πλὴν
1143 588 1171 645 ἢ
1197 592 1272 645 τῆς
1312 593 1372 645 τῷ
1404 588 1522 645 οὔρῳ
1553 592 1675 631 νι-45

352 666 549 721 ψάμενος
580 664 805 722 ἀνέβλεψε,
858 666 900 717 ἐς
929 668 1035 721 μίαν
1063 667 1213 719 πόλιν,
1252 666 1281 724 ἣ
1309 672 1393 711 νῦν
1422 668 1621 712 καλέεται

349 744 544 801 Ἐρυθρὴ
575 748 738 801 βῶλος·
771 746 813 796 ἐς
841 744 1004 801 ταύτην
1028 748 1340 799 συναλίσαντα,
1369 747 1620 804 ὑποπρῆσαι

323 823 496 875 ὀπάσας
527 823 611 867 σὺν
641 823 752 880 αὐτῇ
780 828 834 881 τῇ
862 823 978 867 πόλι.
1010 828 1087 880 τῆς
1117 825 1162 867 δὲ
1191 826 1430 880 νιψάμενος
1459 831 1520 883 τῷ
1539 825 1618 870 οὕ-

329 911 424 957 7ρῳ
458 901 686 960 ἀνέβλεψε,
717 902 882 960 ταύτην
913 903 959 946 δὲ
989 900 1071 959 εἶχε
1103 902 1234 955 αὐτὸς
1262 910 1463 960 γυναῖκα.
1495 904 1620 948 Ἀνα-

350 980 526 1037 θήματα
555 983 624 1034 δὲ,
668 982 913 1039 ἀποφυγών
943 981 1022 1039 τήν
1055 981 1206 1039 πάθην
1234 988 1323 1027 τῶν
1353 982 1614 1041 ὄφθαλμῶν,
1631 993 1676 1026 50

354 1059 464 1104 ἄλλα
497 1078 541 1104 τε
573 1060 659 1105 dvc}
687 1061 739 1105 τοὶ
767 1062 837 1117 ἱροὶ
868 1061 1010 1105 πάντα
1039 1062 1091 1105 τὰ
1118 1062 1274 1119 λόγιμα
1304 1063 1514 1119 ἀνέθηκε,
1546 1064 1620 1106 καὶ

350 1144 432 1183 τοῦ
450 1157 498 1196 γε
517 1140 653 1197 λόγον
674 1141 859 1196 μάλιστα
884 1140 1006 1193 ἄξιόν
1024 1141 1113 1185 ἐστι
1137 1143 1268 1200 ἔχειν,
1298 1142 1341 1194 ἐς
1361 1147 1442 1186 τοῦ
1466 1141 1620 1186 Ἡλίου

350 1220 400 1264 τό
434 1220 532 1277 ἷρόν
564 1219 795 1278 ἀξιοθέητα
825 1220 1012 1277 ἀνέθηκε
1043 1222 1168 1277 ἔργα,
1200 1222 1380 1279 ὀβελούς
1400 1220 1481 1265 δύο
1501 1223 1617 1264 λιθί-

351 1316 461 1352 νους
474 1334 485 1353 ,
543 1301 585 1353 ἐξ

619 1301 716 1352 ἑνὸς
757 1301 886 1345 ἐόντα
916 1300 1124 1355 ἑκάτερον
1153 1303 1306 1356 λίθου,
1364 1305 1504 1358 μῆκος
1543 1300 1620 1357 μὲν

351 1378 558 1434 ἑκάτερον
587 1380 757 1437 πηχέων
787 1380 963 1435 ἑκατὸν,
995 1375 1125 1438 εὖρος
1156 1381 1202 1425 δὲ
1232 1378 1344 1425 ὀκτώ
1379 1379 1563 1437 πηχέων.

293 1599 395 1636 verbi
419 1601 639 1651 πειρᾶσθαι
659 1612 766 1646 115115,
795 1599 843 1637 de
877 1612 950 1648 quo

292 1655 490 1694 Ruhnken.
519 1656 567 1694 ad
590 1655 736 1693 Timaei
764 1655 834 1693 lex.
867 1656 951 1693 Pla-

292 1716 369 1749 ton.
387 1726 473 1763 pag.
493 1715 589 1754 210.
616 1733 672 1739 —-
690 1713 885 1750 Caeterum
906 1726 951 1750 ex

292 1768 360 1806 1130
386 1770 597 1806 narratione
624 1769 711 1806 satis
740 1774 870 1819 patere
897 1770 951 1806 vi-

293 1826 401 1862 detur
419 1825 603 1863 Larehero
616 1855 626 1873 ‚
652 1838 760 1875 quam
790 1827 950 1876 corrupti

291 1882 360 1918 ista
392 1887 512 1920 aetate
548 1883 620 1919 iam
662 1883 796 1919 suerint
829 1896 948 1920 mores

291 1937 571 1988 Aegyptiorum,
591 1942 642 1985 ut,
659 1952 752 1987 quae
772 1939 818 1976 de
831 1938 950 1976 Abra-

292 1994 399 2031 hamo
421 1999 614 2032 narrantur
637 1995 774 2033 Genes.
796 1995 882 2042 XII,
896 1998 946 2037 11

293 2055 330 2088 et
361 2051 407 2088 de
443 2051 638 2102 impudicis
669 2053 830 2088 moribus
858 2065 949 2088 uxo-

292 2107 342 2143 ris
363 2106 570 2157 Potipharis
592 2108 698 2154 (ibid.
721 2108 904 2155 XXXIX,
922 2112 947 2150 7

293 2164 416 2212 seqq.)
439 2165 574 2213 optime
596 2164 707 2201 fidem
729 2169 947 2202 mereantur.

349 2222 430 2257 τῶν
450 2217 647 2271 ἐπειρήθη
669 2235 704 2258 κ.
722 2236 752 2258 τ.
780 2219 828 2270 λ.]
865 2220 950 2256 Μο-

292 2280 354 2313 net
373 2275 561 2313 I‘Verserus
582 2276 689 2323 (actt.
708 2276 805 2326 phill.
819 2276 947 2313 Mona.

293 2332 330 2378 Ι,
353 2334 373 2372 1
399 2344 486 2381 pag.
504 2331 578 2380 94)
597 2333 644 2369 de
661 2332 838 2382 particula
860 2330 948 2383 μὲν

292 2388 349 2425 1110
374 2389 530 2433 01111553,
561 2401 642 2425 eam
663 2389 758 2426 enim
786 2402 864 2426 esse
885 2389 951 2425 hu-

292 2445 346 2480 ius
375 2443 444 2480 loci
479 2445 658 2481 rationem
679 2473 689 2491 ‚
733 2446 763 2481 si
795 2446 875 2493 quis
903 2446 950 2482 311

292 2513 459 2537 normam
476 2514 555 2538 eam
571 2501 740 2549 redigere
759 2502 950 2539 velitzrcfiv

294 2554 382 2608 μὲν
411 2552 632 2607 ἐπειρήθη,
676 2553 771 2596 ου’ὃὲ
795 2554 949 2608 α’νέβλε-

292 2623 373 2663 ψε,
413 2610 559 2660 ταύτας
599 2611 687 2665 μὲν
718 2612 758 2660 ἐς
787 2615 883 2665 μίην
914 2629 948 2652 κ.

292 2685 324 2708 τ.
356 2672 388 2708 λ.

349 2722 378 2776 ἣ
392 2728 468 2764 νῦν
485 2723 663 2764 καλέεται
682 2721 858 2777 Ἐρυθρή
875 2727 952 2776 βῶ-

294 2781 387 2833 λος]
426 2782 572 2820 Laudat
596 2795 639 2820 ex
659 2782 728 2819 1100
756 2783 834 2819 1000
858 2783 951 2819 113110

296 2840 423 2876 urbem
451 2839 661 2889 Stephanus
679 2839 769 2887 Byz.
811 2839 951 2877 Diodo-

296 2909 357 2934 rus
391 2895 431 2943 Ι,
458 2896 512 2938 59
550 2892 661 2948 ἱεράν
689 2896 820 2947 βῶλον
852 2896 950 2944 dicit,

1019 1600 1056 1636 in
1073 1595 1276 1651 Ἐρυθρήν
1293 1600 1529 1646 mutandum,
1563 1600 1592 1637 51
1619 1613 1677 1638 re-

1020 1662 1078 1694 cte
1103 1658 1228 1694 statuit
1249 1657 1519 1695 Schlichthorst.
1539 1657 1562 1695 l.
1579 1657 1675 1694 laud.

1018 1727 1055 1764 p.
1080 1715 1145 1754 88.
1203 1713 1314 1751 Plura
1340 1714 1387 1752 de
1413 1713 1484 1752 loci
1509 1714 1580 1751 situ
1602 1726 1678 1750 non

1018 1774 1196 1807 constant.

1076 1823 1151 1865 σὺν
1174 1821 1276 1880 αὐτῇ
1292 1828 1343 1880 τῇ
1357 1822 1466 1877 πόλι]
1484 1822 1678 1877 azivprae-

1017 1887 1073 1920 ter
1094 1896 1231 1920 morem
1254 1883 1312 1920 hic
1331 1884 1506 1920 additum.
1567 1883 1676 1920 Conf.

1016 1939 1149 1977 Matth.
1184 1940 1249 1976 Gr.
1277 1940 1343 1977 Gr.
1378 1938 1416 1991 ὃ.
1438 1939 1521 1981 405
1552 1944 1627 1976 1101.
1650 1940 1676 1979 3

1015 2009 1101 2049 pag.
1126 1995 1221 2037 741.

1075 2048 1242 2103 ὀβελούς
1274 2047 1347 2091 δύο
1382 2051 1568 2099 λιθίνους
1586 2066 1622 2091 κ.
1643 2065 1675 2089 τ.

1017 2107 1065 2159 λ.]
1122 2110 1265 2146 Horum
1309 2109 1548 2146 obeliscorum
1586 2108 1677 2146 alter

1017 2169 1103 2217 post
1122 2166 1292 2203 devectus
1320 2170 1376 2202 est
1396 2165 1553 2201 Romam
1580 2168 1618 2201 et
1639 2165 1676 2201 in

1018 2223 1111 2259 circo
1137 2221 1312 2258 Vaticano
1336 2220 1552 2268 collocatus,
1581 2225 1677 2258 teste

1018 2276 1136 2314 Plinio
1166 2277 1199 2313 h.
1233 2290 1270 2314 n.
1298 2276 1485 2324 XXXVI,
1517 2279 1566 2318 11
1599 2276 1674 2324 (31.

1022 2334 1094 2379 15,
1121 2336 1178 2381 7).
1236 2333 1285 2369 Ε1
1307 2339 1432 2370 auctor
1452 2346 1601 2382 quoque
1622 2337 1678 2370 est

1019 2390 1153 2426 Strabo
1177 2389 1278 2426 XYIl
1296 2403 1332 2439 p.
1347 2389 1428 2430 805
1450 2404 1478 2426 S·
1505 2390 1625 2436 1158,
1642 2389 1673 2426 C

1017 2446 1202 2496 Heliopoli
1223 2447 1315 2482 duos
1330 2445 1507 2482 obeliscos
1518 2446 1675 2482 Romam

1018 2503 1130 2539 fuisse
1169 2502 1322 2539 delatos.
1396 2502 1456 2540 De
1497 2502 1675 2550 obeliscis,

1019 2559 1118 2607 quod
1149 2560 1197 2595 ad
1228 2558 1441 2607 religionem
1474 2557 1675 2608 Aegyptio-

1020 2628 1096 2651 rum
1117 2616 1267 2662 afflnet,
1293 2615 1432 2652 monuit
1450 2615 1623 2652 Creuzer.
1638 2615 1674 2652 in

1020 2671 1184 2721 Symbol.
1206 2672 1223 2708 I
1251 2685 1288 2721 p.
1310 2672 1405 2712 469.
1424 2673 1517 2711 778.
1575 2670 1674 2708 Nam

1019 2727 1096 2764 Soli
1144 2728 1345 2765 consecrati
1392 2731 1497 2764 erant
1515 2756 1526 2773 ‚
1573 2728 1672 2764 cuius

1019 2784 1124 2832 quasi
1146 2785 1270 2821 radios
1297 2784 1443 2834 lapidea
1471 2783 1594 2832 effigie
1615 2796 1672 2821 re-

1017 2843 1304 2890 praesentarent.
1364 2839 1474 2876 Plura
1517 2840 1564 2877 de
1601 2839 1673 2876 ori-

1018 2897 1104 2947 gine
1125 2901 1237 2947 atque
1250 2909 1317 2933 usu
1337 2895 1578 2935 obeliscorum
1597 2896 1672 2933 dis-
