1777 3324
344 265 618 305 EXCURSUS
649 263 684 302 11
711 262 779 302 AD
810 261 1082 301 HERODOT.
1116 262 1153 310 1,
1183 261 1247 303 94.
1472 266 1556 305 893
1593 231 1595 233 ι

506 725 996 775 EXCURSUS
1050 725 1101 774 II

269 839 392 881 AD
486 838 1325 890 HERODOT.1‚94.

152 1056 334 1095 Herodoti
372 1056 490 1095 locum
524 1059 571 1096 de
601 1058 717 1109 Lydis
747 1060 784 1096 in
816 1056 999 1096 Etruriam
1025 1057 1196 1108 profectis
1223 1055 1368 1103 retulit,
1408 1052 1559 1091 laudato

39 1127 208 1172 anctore,
241 1124 438 1173 Dionysius
469 1125 824 1175 Halicarnassensis,
855 1129 994 1177 antiqq.
1025 1126 1170 1163 Romm.
1202 1124 1238 1172 I,
1260 1128 1312 1166 27
1326 1153 1337 1172 ,
1376 1122 1465 1159 illud
1491 1122 1560 1158 ad-

39 1194 130 1231 dens
161 1193 261 1242 (cap.
282 1195 334 1234 28
354 1192 452 1241 init.)
483 1192 614 1230 multos
646 1207 793 1244 quoque
822 1194 913 1231 alios
940 1196 1135 1245 scriptores
1164 1194 1256 1230 hanc
1283 1192 1330 1229 de
1348 1190 1562 1241 Tyrrheno-

39 1274 118 1299 rum
142 1261 285 1310 origine
318 1262 533 1298 sententiam
560 1275 641 1300 esse
681 1267 821 1300 secutos
856 1275 995 1312 eosque
1024 1263 1273 1312 discrepantes
1301 1260 1337 1296 in
1363 1258 1559 1295 indicando

39 1329 201 1367 coloniae
223 1329 314 1366 duce
334 1340 376 1365 ac
394 1332 570 1379 tempore.
629 1329 726 1368 Nam
754 1331 844 1368 alios
867 1331 989 1368 scribit
1009 1329 1241 1379 Tyrrhenum
1261 1326 1426 1365 Herculis
1448 1326 1561 1363 filium

40 1398 199 1445 dixisse,
229 1409 274 1434 ex
297 1396 479 1447 Omphale
500 1396 621 1447 Lydia
639 1404 859 1449 prognatum
876 1400 934 1448 *),
965 1398 1026 1448 qui
1056 1398 1094 1434 in
1121 1396 1261 1433 Italiam
1280 1395 1464 1445 profectus
1489 1393 1561 1431 Pe-

39 1468 160 1516 lasgos
180 1466 223 1502 iis
247 1478 290 1503 ex
307 1464 478 1511 urbibus,
509 1478 598 1514 quas
633 1480 742 1518 supra
767 1467 933 1506 Tiberim
956 1465 1246 1517 septentrionem
1279 1475 1405 1501 versus
1432 1466 1562 1499 tenue-

39 1535 113 1572 rint
126 1564 137 1582 ,
168 1533 334 1577 eiecerit3
365 1531 454 1569 alios
472 1532 627 1584 Telephi
647 1534 762 1572 filium
781 1548 932 1573 vocasse
953 1534 1206 1583 Tyrrhenum,
1230 1532 1293 1582 qui
1311 1534 1394 1582 post
1408 1529 1563 1568 Troiam

41 1606 185 1652 captam
221 1599 259 1636 in
287 1599 428 1637 Italiam
456 1602 657 1641 advenerit.
717 1603 859 1648 Quibus
890 1604 987 1641 idem
1021 1602 1220 1650 Dionysius
1244 1600 1387 1650 gravius
1411 1598 1565 1649 opponit

40 1669 179 1708 Xanthi
207 1668 470 1717 testimoninm,
512 1670 575 1718 qui
607 1671 783 1721 scriptor,
828 1671 955 1720 Lydus
983 1683 1120 1719 genere
1152 1671 1313 1718 indeque
1342 1668 1499 1705 maxima
1524 1670 1564 1704 ut

41 1738 182 1775 videtur
204 1736 277 1773 fide
298 1736 454 1784 dignus,
483 1737 571 1773 nihil
598 1751 744 1787 prorsus
764 1739 962 1789 quidquam
982 1739 1028 1776 de
1051 1738 1118 1775 hac
1140 1736 1332 1787 Lydorum
1359 1735 1502 1772 colonia
1526 1735 1564 1771 in

41 1806 226 1843 Etruriam
265 1804 423 1841 deducta
453 1804 638 1853 retulerit,
677 1807 741 1844 sed
772 1806 875 1855 Atyis
908 1806 1026 1853 filios,
1062 1804 1210 1854 Lydum
1251 1810 1288 1842 et
1318 1803 1564 1851 Torrhebum,

41 1875 159 1925 patrio
188 1885 303 1921 regno
328 1871 443 1908 diviso
479 1876 674 1922 utrumque
714 1873 751 1909 in
778 1872 866 1910 Asia
900 1874 1118 1911 remansisse
1153 1873 1386 1911 enarraverit.
1449 1871 1564 1909 Addit

43 1954 142 1979 suam
162 1941 275 1991 ipsius
297 1942 513 1978 sententiam
534 1941 731 1990 Dionysius
757 1941 854 1992 (cap.
876 1944 930 1983 29
956 1943 1075 1991 seq.),
1107 1954 1181 1991 qua
1204 1940 1442 1991 Tyrrhenos,
1472 1953 1564 1990 quos

41 2022 64 2047 a
83 2009 249 2057 Pelasgis
273 2009 434 2046 diversos
468 2023 551 2048 esse
582 2010 681 2057 vult,
710 2009 900 2059 Lydorum
929 2010 1078 2047 colonos
1107 2011 1220 2048 fuisse
1249 2012 1440 2061 pernegat.
1504 2002 1565 2046 Ου’

43 2075 114 2129 μὲν
134 2073 206 2127 δή,
234 2077 272 2113 in
293 2076 452 2115 clausula
480 2079 602 2115 scribit
627 2091 706 2127 cap.
727 2079 781 2119 30
802 2078 892 2125 init,
924 2074 1019 2117 οὐδὲ
1038 2078 1190 2117 Λυδῶν
1208 2074 1303 2123 τούς
1331 2072 1567 2128 Τυῤῥηνοῦς

43 2141 234 2191 ἀποίκους
266 2141 377 2195 οἶμαι
404 2144 607 2197 γενέσθαι.
668 2147 774 2190 Quae
802 2146 898 2183 enim
926 2146 1070 2196 singula
1096 2147 1190 2183 hanc
1210 2147 1246 2183 in
1268 2158 1344 2182 rem
1368 2145 1487 2182 attulit
1506 2157 1568 2181 ar-

43 2217 216 2263 gumenta
238 2213 285 2250 de
304 2213 446 2251 diversa
475 2214 622 2264 lingua,
653 2215 806 2253 diversis
833 2214 1030 2262 institutis,
1060 2214 1243 2261 moribus,
1275 2214 1428 2251 deorum
1454 2212 1565 2260 cultu,

43 2281 144 2328 aliis,
172 2284 314 2327 sumta,
343 2281 510 2330 longiora
529 2288 634 2331 sunt,
664 2296 773 2333 quam
803 2295 898 2332 quae
925 2283 996 2319 huc
1016 2286 1260 2333 apponantur.
1319 2282 1397 2319 Sed
1417 2282 1465 2317 ad
1486 2281 1567 2319 He-

43 2349 163 2386 rodoti
196 2349 469 2396 auctoritatem,
507 2349 634 2400 Lydos
663 2352 757 2389 duce
786 2350 980 2400 Tyrrheno
1014 2351 1052 2388 in
1087 2351 1273 2388 Etruriam
1303 2349 1448 2387 venisse
1478 2349 1565 2386 scri-

46 2416 161 2454 bentis
186 2416 327 2454 accedit
348 2417 545 2466 Timaeus,
576 2420 676 2457 cuius
706 2420 953 2467 fragmentum
979 2419 1137 2457 servavit
1157 2418 1374 2457 Tertullian.
1402 2418 1449 2455 de
1479 2431 1565 2468 spe-

47 2487 154 2522 ctacc·
184 2497 262 2535 cap-
286 2486 311 2526 5
330 2486 410 2536 **);
458 2488 599 2526 accedit
630 2487 822 2525 Strabonis
851 2487 1124 2536 testimonium,
1167 2487 1232 2537 qui
1264 2485 1356 2524 haee
1383 2489 1426 2523 ut
1455 2484 1566 2534 vulgo

93 2687 130 2735 *)
159 2692 270 2732 „Huc
298 2702 433 2735 quoque
461 2691 614 2727 referunt
642 2694 773 2727 clavam
800 2693 835 2727 in
861 2692 971 2727 numis
990 2693 1203 2736 Populoniae
1226 2692 1466 2735 antiquissimis
1484 2703 1566 2725 con-

158 2748 329 2790 spicuam,
360 2760 427 2791 qua
453 2749 637 2785 Herculem
658 2750 803 2784 indicari
826 2751 955 2784 volunt.
1014 2749 1114 2785 Conf.
1138 2750 1250 2783 Lanzi
1269 2750 1402 2792 Saggio
1422 2749 1456 2782 di
1484 2750 1564 2790 ling.

158 2803 291 2839 Etrusc.
318 2808 343 2838 t.
361 2806 394 2837 II
424 2816 458 2847 p.
477 2807 580 2840 101.“
613 2807 677 2840 Cr.

80 2858 126 2901 ”)
159 2860 260 2900 „Vid.
275 2860 409 2894 Theod.
425 2861 536 2903 Ryck.
555 2863 589 2896 in
616 2862 752 2898 dissert.
772 2863 815 2897 de
842 2863 959 2905 primis
982 2862 1104 2896 Italiae
1129 2862 1260 2896 colonis
1285 2861 1329 2895 ad
1361 2861 1447 2894 calc.
1477 2863 1564 2893 nott.

160 2915 327 2951 Holstenii
347 2917 391 2951 ad
411 2917 577 2961 stephan.
601 2919 685 2962 ΒΕΖ.
715 2931 748 2963 p.
767 2918 870 2953 4235
899 2920 929 2953 C
937 2931 966 2954 r.
