1759 3324
527 268 948 310 EUTERPE.
1000 269 1045 307 11.

1325 271 1413 319 565¹

150 384 346 440 ριότητος
369 381 524 425 εἴνεκε·
562 381 858 433 προτιμῶντες
894 376 1086 430 καθαροὶ
1123 375 1236 422 εἶναι
1275 377 1305 439 ἢ
1333 378 1407 425 εύ-

119 460 434 517 4πρεπέστεροι.
497 459 551 502 Οἱ
580 457 625 500 δὲ
665 456 773 512 ἱρέες
813 457 1043 510 ξυρεῦνται
1081 460 1169 499 πᾶν
1198 455 1248 500 τό
1281 461 1404 514 σῶμα
1465 473 1536 511 121

149 540 220 585 διὰ
246 541 389 595 τρίτης
416 536 592 593 ἡμέρης,
625 537 699 579 ἵνα
729 533 834 592 μήτε
865 535 1018 591 φθεὶρ,
1047 533 1154 592 μήτε
1185 534 1290 579 ἄλλο
1320 548 1405 593 μὐ-

146 616 285 672 σαρὸν
312 617 445 674 μηδὲν
471 616 690 672 ἐγγίνηταί
719 627 799 671 σφι
817 613 1119 669 θεραπεύουσι
1135 613 1240 666 τούς
1260 614 1407 666 θεούς.

116 697 310 753 ὅέσθῆτα
349 695 395 740 δὲ
435 695 648 752 φορέουσι
685 696 730 739 οῖ
767 693 878 749 ἱρέες
915 693 1062 751 λινέην
1091 691 1286 750 μούνην,
1327 694 1403 738 καὶ
1419 701 1464 736 25

543 866 564 873 l

88 893 215 930 doctus
240 891 407 928 insumsit
433 903 585 942 operae,
615 903 741 942 repro-

87 949 185 996 bata,
213 948 293 999 ipse
306 961 385 985 eam
402 948 640 985 coniecturam
653 960 740 998 pro-

87 1006 171 1052 fert,
202 1017 275 1054 qua
293 1005 332 1040 id
350 1004 544 1055 praecipue
564 1008 692 1052 gentes
704 1003 741 1040 in

87 1060 355 1098 circumcisione
367 1064 554 1110 spectasse
568 1064 741 1106 autumat,

86 1121 128 1155 ut
155 1117 317 1167 eorporis
341 1116 566 1154 mutilatione
589 1129 632 1154 ac
659 1128 743 1153 san-

88 1173 199 1224 guine
216 1174 333 1211 effuso
352 1173 443 1210 irata
465 1177 527 1210 aut
545 1173 667 1210 invida
675 1185 743 1209 nu-

87 1231 184 1268 mina
195 1229 434 1280 placarentur.
458 1229 569 1274 Quod
581 1233 618 1266 ut
629 1229 744 1265 omni-

87 1298 136 1323 no
165 1298 239 1322 non
268 1286 446 1323 absonum
478 1290 534 1323 est
559 1297 581 1322 a
599 1286 742 1322 rudium

87 1343 250 1392 gentium
262 1342 385 1379 indole
396 1354 515 1390 neque
531 1354 658 1379 revera
668 1354 742 1378 non

88 1398 267 1436 invenitur
274 1403 350 1436 tum
361 1398 458 1448 apud
469 1398 648 1447 antiquas,
667 1402 742 1434 tum

87 1468 173 1493 vero
192 1455 300 1492 etiam
318 1455 416 1505 apud
443 1454 540 1504 ipsas
565 1454 744 1491 recentio-

88 1524 147 1549 res
167 1509 372 1549 Australiae
392 1511 578 1557 nationes3
605 1512 655 1548 ita
684 1514 742 1547 ta-

88 1581 172 1606 men
200 1568 259 1604 vix
284 1568 426 1605 unicam
459 1567 568 1604 moris
598 1579 743 1605 causam

87 1624 200 1662 fuisse
232 1624 352 1661 credo.
408 1623 591 1662 Accedere
619 1623 743 1672 utique

88 1681 207 1731 potuit
227 1680 443 1717 salubritatis
470 1692 555 1716 cura
574 1683 616 1716 ut
639 1679 742 1716 Philo

89 1735 298 1783 contendit3
355 1748 573 1785 quamquam
602 1735 744 1773 institu-

88 1797 166 1830 tum
178 1822 188 1840 ‚
217 1793 253 1829 in
271 1793 489 1842 quibusdam
510 1792 596 1830 utile
613 1796 649 1830 et
664 1805 745 1829 cor-

86 1849 187 1900 poris
205 1849 393 1886 munditiei
423 1849 639 1896 inserviens,
668 1861 742 1886 non

87 1917 351 1955 usquequaque
377 1905 446 1942 hoc
467 1910 503 1942 et
520 1906 556 1941 in
578 1905 742 1942 omnibus

86 1965 273 2013 praestare
293 1962 446 1999 videtur.
475 1962 599 2006 Quare
622 1962 669 1998 ad
684 1974 743 1998 sa-

87 2031 166 2056 cras
186 2031 243 2055 res
263 2017 416 2055 relatum
435 2018 509 2054 vult
526 2018 742 2056 Hoffmann.

88 2074 312 2125 (Encyclop.
335 2087 368 2111 v.
391 2074 506 2112 Ersch
534 2088 567 2111 u.
595 2075 742 2112 Gruber

87 2131 156 2168 vol.
177 2130 230 2168 IX
247 2144 282 2181 p.
305 2130 386 2172 265
415 2132 560 2180 seqq),
590 2135 629 2167 ut
657 2144 742 2168 san-

88 2187 219 2225 ctitatis
266 2187 376 2224 animi
425 2192 534 2237 atque
579 2200 741 2235 morum,

88 2256 196 2293 quam
218 2243 394 2282 affectant
412 2245 620 2282 sacerdotes
633 2274 644 2292 ‚
672 2244 742 2281 hoc

89 2311 236 2350 quoque
267 2300 412 2350 signum
445 2305 543 2339 esset
571 2301 740 2348 exterius,

89 2356 161 2405 quo
193 2357 392 2395 membrum
429 2357 554 2405 virile,
592 2358 639 2394 ob
668 2357 741 2394 vim

89 2413 364 2461 procreatricem
380 2414 451 2451 iam
470 2414 588 2464 ipsum
612 2427 679 2465 per
701 2427 741 2452 se

90 2468 128 2504 in
145 2467 369 2508 orientalium
394 2470 629 2521 religionibus
654 2483 742 2508 con-

92 2527 290 2574 secratum,
329 2539 459 2578 purum
489 2539 532 2564 ac
564 2527 744 2564 mundum

94 2584 286 2618 servarent.
316 2583 393 2620 Sed
411 2587 574 2634 praestat
593 2584 640 2621 ad
660 2584 741 2634 ipsa

92 2634 158 2671 viri
176 2635 274 2674 docti
292 2638 476 2689 disputata
492 2639 664 2690 ablegare
685 2641 740 2679 le-

94 2693 233 2739 ctores,
259 2705 296 2743 p.
317 2697 399 2737 269
417 2695 440 2732 l.
458 2695 482 2733 l.
511 2694 609 2734 Add.
627 2697 740 2734 Beck.

94 2745 396 2796 Weltgeschichte
423 2751 442 2788 I
466 2765 503 2802 p.
531 2752 626 2795 243.
682 2752 742 2791 De

93 2801 332 2844 Wette.Bibl.
348 2804 587 2859 Archaeolog.
606 2807 644 2861 ς.
662 2809 744 2852 150

94 2869 179 2909 pag·
202 2859 281 2901 187
300 2866 376 2900 not.

151 2917 426 2970 προτιμῶντες]
436 2919 542 2958 Unus
551 2920 642 2959 liber
651 2935 744 2973 προ-

807 887 1025 940 τιμέωντες.
1069 887 1130 928 Ad
1154 893 1368 928 structuram
1391 891 1463 928 vid.

806 945 937 984 Matth.
960 947 1025 984 Gr.
1043 946 1109 985 Gr.
1130 945 1166 998 ἓ.
1184 946 1278 988 456.

867 1002 909 1042 οἱ
931 1001 972 1043 ὁὲ
999 1001 1099 1054 ἱρέες
1125 1003 1403 1056 ξυρεῦνται
1429 1018 1464 1042 κ.

808 1075 839 1099 τ.
862 1058 916 1110 λ.]
949 1060 1058 1097 Conf.
1081 1059 1128 1096 ad
1153 1059 1208 1108 ΙΙ,
1231 1061 1286 1102 86
1312 1064 1404 1097 nott.
1429 1064 1466 1098 et

810 1128 906 1166 quae
950 1115 1167 1153 Iudaeorum
1213 1116 1465 1155 sacerdotibus

809 1173 1101 1223 praescribuntur
1141 1170 1252 1211 Num.
1288 1171 1397 1221 VIII,
1426 1175 1464 1213 7.

810 1228 910 1276 XIX,
930 1232 956 1269 7
977 1241 1053 1278 seq.
1093 1227 1151 1264 Ex
1168 1225 1341 1279 Aegypto
1370 1229 1466 1267 enim

810 1284 899 1322 haec
919 1289 956 1323 et
976 1284 1046 1322 alia
1073 1284 1271 1332 eiusmodi,
1305 1297 1401 1335 quae
1429 1285 1467 1322 in

808 1342 1085 1392 purgationibus
1123 1341 1202 1378 fieri
1234 1340 1374 1388 solent,
1404 1341 1467 1378 Iu»

810 1397 923 1435 daeos
943 1397 1127 1448 accepisse
1142 1400 1268 1435 monet
1287 1397 1465 1448 Spencer.

810 1453 857 1492 de
886 1453 958 1490 ritt.
990 1453 1124 1491 Hebrr.
1152 1453 1228 1501 Ill,
1255 1453 1281 1494 5
1322 1458 1408 1491 sect.
1441 1456 1464 1495 1

807 1522 894 1561 pag.
918 1522 966 1547 m.
987 1512 1071 1552 800
1093 1522 1170 1560 seq.
1199 1530 1256 1538 —-
1295 1506 1362 1548 διοὶ
1387 1509 1466 1562 τρί-

809 1580 879 1616 της
899 1564 1050 1617 ἡμέρης
1072 1571 1127 1604 est
1138 1569 1241 1603 tertio
1257 1579 1389 1616 quoque
1399 1566 1465 1603 die.

811 1622 920 1661 Conf.
932 1622 1064 1660 Matth.
1078 1623 1144 1660 Gr.
1157 1623 1223 1660 Gr.
1241 1635 1328 1673 pag.
1344 1623 1465 1665 1150.

867 1677 1019 1731 ἐσθῆτα
1036 1676 1078 1718 δὲ
1090 1677 1283 1730 φορέουσι
1306 1678 1347 1718 οἵ
1365 1678 1466 1730 ἱρέες

810 1733 946 1785 λινέην
972 1730 1152 1787 μούνην]
1186 1736 1326 1786 Supra,
1362 1736 1465 1772 initio

810 1792 938 1842 capitis
967 1793 1014 1829 de
1049 1790 1240 1842 Aegyptiis
1276 1792 1465 1843 omnibus:

812 1847 951 1899 εἵματα
970 1845 1012 1887 δὲ
1039 1848 1149 1887 λίνεα
1171 1845 1363 1899 φορέουσι
1386 1846 1466 1888 αἰεὶ

811 1901 1007 1944 νεόπλυτα
1014 1905 1107 1953 ,·“111)ἰ
1117 1909 1238 1942 tamen
1252 1905 1464 1952 tenendum,

809 1961 921 1999 lineas
946 1965 1065 1999 vestes
1095 1961 1210 1999 videri
1239 1961 1354 1998 dietas
1384 1974 1466 1999 esse

809 2031 885 2055 non
911 2018 1021 2055 modo
1046 2030 1142 2067 quae
1180 2030 1224 2055 ex
1263 2017 1356 2065 lino,
1398 2018 1467 2054 sed*

809 2074 917 2113 etiam
939 2087 1033 2124 quae
1054 2087 1098 2112 ex
1124 2075 1288 2124 gossypio
1314 2087 1342 2111 s.
1363 2074 1465 2124 bysso

809 2134 912 2169 erant
939 2132 1136 2168 confectae.
1194 2131 1279 2168 vid.
1304 2130 1466 2168 Heeren.

809 2187 922 2225 Ideen
940 2186 970 2235 I,
992 2190 1013 2228 1
1038 2200 1075 2238 p.
1104 2189 1193 2228 107.
1210 2185 1257 2234 II,
1279 2190 1305 2229 2
1324 2199 1359 2237 p.
1384 2188 1465 2227 133

809 2257 914 2293 seqq.
943 2243 1001 2281 De
1013 2243 1261 2282 sacerdotibus
1274 2243 1466 2292 Aegyptiis

809 2304 962 2338 testatur
983 2300 1120 2337 Plinius
1144 2299 1194 2337 H.
1222 2299 1271 2337 N.
1302 2299 1412 2346 XIX,
1441 2302 1463 2340 1

810 2361 895 2395 sect.
907 2360 946 2399 2.
966 2356 1101 2400 311366
1111 2357 1290 2394 scribens:
1315 2359 1464 2403 „vestes

809 2427 853 2452 ex
876 2413 1050 2463 gossypio
1073 2412 1322 2450 sacerdotibus
1342 2411 1466 2461 Aegy—

807 2471 861 2522 pti
882 2469 1148 2519 gratissimae.“
1176 2469 1278 2507 Idem
1298 2468 1356 2506 alii
1368 2469 1468 2505 assu·-

808 2531 921 2574 mant,
952 2539 1058 2575 quos,
1086 2529 1257 2563 monente
1280 2525 1310 2562 C
1315 2538 1366 2572 r.‚
1389 2524 1468 2562 lau-

809 2584 874 2621 dat
902 2582 1161 2632 VVyttenbach.
1202 2583 1251 2619 ad
1283 2580 1465 2619 Plutarch.

808 2638 939 2677 Moral.
961 2639 1007 2685 ΙΙ,
1029 2641 1053 2680 1
1074 2638 1140 2687 (3)
1158 2651 1245 2689 pag.
1265 2640 1358 2679 171.
1397 2636 1467 2674 Est

811 2696 907 2735 enim
927 2695 1117 2746 primarius
1131 2694 1225 2732 hanc
1241 2694 1278 2731 in
1290 2706 1366 2731 rem
1380 2692 1467 2730 Plu-

809 2752 925 2790 tarchi
949 2751 1048 2789 locus
1071 2752 1118 2789 de
1145 2750 1231 2788 Isid.
1252 2754 1363 2799 atque
1380 2749 1467 2787 Osi-

810 2808 878 2846 rid.
889 2821 976 2858 pag.
990 2808 1086 2855 352,
1104 2819 1257 2856 quocum
1274 2807 1369 2844 conf.
1388 2805 1466 2842 Hc-

812 2864 932 2903 rodot.
962 2863 1022 2911 Π,
1048 2865 1100 2905 81
1132 2863 1253 2911 ibique
1279 2865 1371 2899 nott.
1408 2859 1465 2898 Ab

804 2919 1005 2972 Aegyptiis
1022 2919 1165 2957 transiit
1189 2920 1260 2956 iste
1288 2931 1366 2955 mos
1391 2920 1467 2953 tum
