1759 3324
318 268 402 308 312

712 257 1184 301 HERODOTI

323 376 501 431 βασιλεῖ.
542 371 589 416 ἐν
617 371 701 428 γὰρ
733 370 786 427 δὴ
814 376 928 414 τοῖσι
958 369 1091 413 ἅπασι
1123 368 1319 424 Πέρσῃσι
1348 364 1422 408 καὶ
1451 361 1584 415 αὐτὸς
1596 364 1641 404 45

297 455 502 509 4γίνεται.
535 450 665 495 ἐπεὰν
694 451 740 495 δὲ
771 447 1050 505 διαμιστύλας
1079 446 1189 491 nard
1213 446 1345 503 μέρεα
1364 443 1412 487 τὸ
1443 441 1587 499 ἷρήῖον

327 531 466 589 ἑψήσῃ
496 529 550 573 τὰ
580 529 706 584 κρέα,
752 528 985 579 ὑποπάσας
1017 528 1150 582 ποίην
1191 523 1249 576 ὠς
1287 522 1586 577 ἁπαλωτάτην,

327 611 515 668 μάλιστα
540 609 586 653 δὲ
614 607 663 651 τό
694 609 954 663 τρίφυλλον,
986 606 1056 650 ἐπὶ
1078 605 1237 662 ταύτης
1256 604 1385 660 ἔθηκε
1403 597 1462 646 ὧν
1481 600 1587 645 πάν-

329 708 383 734 τα
410 690 462 733 τὰ
490 687 614 744 κρέα·
645 684 874 738 διαθέντος
904 686 950 730 δὲ
971 684 1136 739 αὐτοῦ,
1166 685 1303 741 μάγος
1326 681 1440 740 ἀνήρ
1459 696 1589 736 nape-

279 891 382 925 tante
401 885 535 922 Thom.
549 881 715 930 Magistr.
735 893 822 933 pag.
835 880 931 928 512,

280 944 339 981 ubi
364 942 436 978 vid.
456 940 698 988 Oudendorp.

335 994 458 1038 ἐπεάν
477 993 520 1034 δὲ
550 989 806 1045 διαμιστύλας
832 1008 932 1032 κατα

282 1053 372 1107 μέρε
358 1068 400 1092 ecc
446 1049 489 1092 τὸ
536 1047 671 1116 ἷρηὶον
715 1045 849 1103 ἓψησῃ
886 1064 934 1088 τα

283 1109 402 1164 κρέα]
435 1103 654 1159 &tauto-1:15
667 1109 715 1145 λα·
705 1123 738 1155 ς
756 1107 933 1157 proxulg.

284 1165 584 1218 διαμυστίλας
611 1177 706 1201 nunc
730 1168 829 1201 recte
860 1164 937 1200 edi—

285 1230 373 1263 tum.
417 1223 527 1260 Conf.
547 1220 769 1259 Hemsterhu
773 1233 800 1256 s.
820 1220 868 1256 ad
887 1219 939 1256 A-

287 1279 485 1331 ristophan.
504 1278 599 1315 Plut.
621 1291 674 1314 vs
695 1279 776 1318 626
802 1289 839 1326 p
857 1278 939 1317 210

288 1350 365 1387 seq.
407 1335 478 1372 Est
502 1340 623 1372 autem
651 1328 899 1385 διαμιστύλλε
903 1346 940 1370 ιν

289 1407 328 1432 m
340 1393 486 1444 frustra
503 1390 689 1428 concidere.
746 1389 788 1426 In
813 1402 856 1427 eo
877 1401 940 1425 ve-

290 1463 371 1488 rum
396 1449 476 1499 ipso
508 1448 705 1485 haeserunt
732 1446 800 1483 viri
831 1446 940 1492 docti,

291 1506 392 1557 quod
408 1505 640 1551 Herodotus,
669 1502 731 1552 qui
751 1506 942 1553 cap.ante-

293 1562 435 1601 cedenti
449 1560 581 1598 Persas
595 1573 662 1598 nec
679 1559 806 1596 altaria
823 1560 943 1596 facere

293 1632 362 1657 nec
387 1619 513 1667 ignem
539 1618 578 1654 in
606 1616 715 1653 sacris
743 1615 943 1653 accendere

296 1675 517 1721 tradiderat,
552 1673 610 1710 hic
636 1673 684 1709 de
708 1672 858 1709 victimis
887 1670 943 1707 lo-

297 1732 418 1782 quitur
433 1730 471 1766 in
492 1734 615 1781 partes
635 1728 784 1766 concisis
802 1740 944 1765 earum-

298 1801 370 1838 que
387 1800 493 1824 carne
511 1787 660 1831 elixata·‚
688 1785 727 1822 id
747 1785 848 1833 quod
866 1784 945 1821 sine

297 1846 380 1882 foco
415 1843 573 1893 igneque
608 1841 687 1879 fieri
718 1842 843 1890 utique
871 1852 946 1878 non

299 1900 428 1952 potuit.
487 1899 611 1942 Quare
637 1898 707 1934 iam
742 1897 948 1934 Valckena-

301 1957 374 1994 rius
403 1955 522 1992 locum
555 1954 808 1991 Herodoteum
839 1953 949 2003 plane

302 2012 373 2049 alio
403 2011 514 2048 modo
544 2009 748 2054 constituit,
798 2009 858 2045 alii
872 2022 950 2077 pro

303 2063 437 2120 ἑψήσῃ
454 2063 502 2105 τὰ
519 2064 613 2117 κρέα
628 2065 848 2102 maluerunt:
871 2063 951 2117 ἕψῃ

305 2139 353 2162 τα
373 2121 468 2174 κρέα
502 2121 555 2170 (a
575 2120 733 2159 verbo
720 2119 800 2160 έπω
821 2142 877 2148 --
895 2121 956 2157 uhi

306 2192 425 2217 carnes
459 2178 690 2224 curaverit),
727 2177 806 2214 alii:
836 2173 953 2231 ψησῃ

306 2233 354 2275 τοέ
374 2232 469 2286 κρέα
492 2234 574 2281 (ubi
591 2246 710 2270 carnes
732 2233 864 2270 ossibus
894 2234 953 2270 cle-

310 2293 490 2339 traxerit).
548 2291 624 2327 Sed
638 2289 753 2326 minus
779 2290 868 2327 haec
891 2290 955 2326 ab-

309 2352 393 2386 sunt
411 2353 486 2384 tum
505 2359 528 2383 a
548 2345 719 2383 librorum
735 2350 955 2383 vetustorum

310 2403 490 2452 vestigiiS,
518 2406 595 2439 tum
614 2403 660 2439 ab
678 2403 758 2452 ipsa
774 2402 956 2439 Herodoti

311 2459 510 2505 sententia,
550 2459 612 2508 qui
639 2458 675 2494 in
702 2458 805 2494 altari
832 2460 955 2508 ignem

312 2517 421 2554 fuisse
429 2515 575 2552 minime
585 2514 760 2561 declarat3
778 2527 846 2552 nec
853 2516 957 2565 quid-

314 2584 422 2622 quam
449 2571 622 2621 impedit,
653 2584 725 2619 quo
746 2571 862 2609 minus
888 2572 957 2609 alio

314 2629 392 2666 loco
410 2639 551 2665 caesam
571 2626 748 2664 victimam
767 2632 803 2665 et
820 2629 856 2664 in
874 2641 960 2678 par-

315 2689 370 2722 tes
385 2683 587 2720 minutatim
612 2687 766 2731 sectam,
797 2684 961 2722 elixatam

316 2740 428 2779 fuisse
443 2739 639 2777 credamus.
668 2739 771 2777 Haec
789 2746 844 2777 est
855 2741 961 2778 Wes-

319 2795 461 2845 selingii
509 2795 708 2842 sententia,
754 2798 963 2834 confirmata

319 2853 383 2899 iis,
433 2864 527 2901 quae
554 2852 602 2888 de
633 2851 776 2899 Scythis
811 2852 961 2902 legimus

322 2908 386 2957 lv,
401 2907 455 2951 59
487 2920 652 2957 quaeque
677 2907 868 2947 Persarum
885 2923 964 2947 mo-

997 880 1096 916 ribus
1137 878 1247 929 plane
1283 881 1511 918 conveniunt.
1568 879 1649 917 Nec

999 935 1102 973 aliter
1119 934 1237 972 locum
1252 936 1429 974 intellexit
1442 937 1649 973 Brissonius

1000 992 1023 1029 l.
1042 992 1066 1028 l.
1088 991 1121 1028 II
1136 1020 1146 1038 ,
1167 990 1233 1032 43.
1255 1014 1311 1020 —-
1340 992 1557 1040 Trifolium,
1578 1004 1650 1041 quo

1001 1049 1039 1085 in
1057 1048 1153 1085 hisce
1179 1052 1263 1086 sunt
1299 1049 1375 1096 usi,
1403 1048 1653 1098 frequentissi-

1003 1118 1101 1143 mum
1126 1103 1195 1142 illis
1231 1106 1269 1142 in
1291 1105 1513 1154 regionibus.
1569 1104 1654 1141 Vid.

1003 1162 1166 1199 Brisson.
1184 1161 1220 1199 ΙΙ
1248 1160 1286 1213 ᾗ.
1307 1164 1387 1203 137
1418 1166 1455 1199 et
1482 1162 1527 1198 cf.
1550 1160 1653 1198 Suid.

1006 1214 1177 1268 Μηδική
1195 1214 1290 1267 πόα,
1318 1217 1347 1270 ἡ
1369 1218 1581 1270 τρίφυλλος
1596 1218 1655 1255 λε-

1006 1273 1166 1328 γομένη.
1199 1274 1263 1312 Cr.
1286 1276 1388 1313 addit
1405 1274 1559 1312 Barkeri
1578 1277 1654 1310 not.

1007 1332 1045 1368 in
1062 1331 1097 1368 T
1100 1331 1146 1368 he
1170 1331 1305 1369 classic.
1321 1332 1442 1369 Iourn.
1463 1330 1497 1368 V
1511 1344 1548 1381 p.
1561 1329 1656 1371 243.

1009 1386 1092 1429 244
1107 1417 1118 1435 ‚
1146 1388 1209 1425 ubi
1233 1389 1280 1426 de
1310 1388 1378 1425 hac
1402 1388 1527 1438 planta
1557 1398 1659 1424 sacra

1007 1445 1253 1493 trinitatisque
1272 1444 1446 1494 symbolo,
1484 1444 1563 1481 Sed
1580 1455 1658 1480 ma-

1010 1501 1065 1550 gis
1091 1501 1162 1537 huc
1189 1503 1327 1538 faciunt
1361 1501 1544 1549 Bottigeri
1566 1503 1659 1537 nott.

1010 1559 1048 1594 in
1069 1556 1259 1595 Amalthea
1276 1557 1292 1594 I
1308 1571 1344 1608 p.
1369 1560 1450 1598 107
1469 1561 1546 1594 not.

1069 1612 1190 1662 ἔθηκε
1210 1636 1267 1643 —
1286 1611 1335 1652 τεὲ
1361 1611 1483 1663 κρέα]
1520 1611 1663 1649 Articu-

1010 1670 1085 1707 lum
1108 1665 1156 1708 τοέ
1181 1683 1203 1707 a
1230 1670 1382 1708 Reiskio
1409 1669 1548 1706 illatum
1577 1668 1665 1706 reti-

1012 1727 1175 1774 nuimus,
1205 1727 1342 1778 quippe
1367 1726 1417 1764 ad
1446 1725 1664 1764 sententiam

1012 1796 1270 1821 necessarium.

1071 1838 1282 1885 διαθέντος
1317 1835 1361 1878 δὲ
1398 1834 1549 1888 αὐτοῦ]
1578 1839 1602 1875 i.
1632 1850 1665 1875 e.

1016 1909 1104 1947 quae
1139 1896 1202 1933 uba·
1237 1898 1308 1945 ipse
1347 1895 1666 1942 (sacrificaturus)

1017 1952 1204 2001 disposuit,
1224 1964 1350 2000 magus
1368 1951 1578 2000 (sacerdos)
1599 1949 1667 1987 ad-

1019 2012 1118 2045 stans
1141 2009 1361 2056 theogeniam
1391 2010 1545 2054 accinit,
1581 2020 1669 2058 qua-

1020 2065 1084 2101 lem
1115 2064 1174 2102 illi
1200 2067 1474 2101 inccmtationem
1506 2076 1576 2100 esse
1613 2063 1670 2100 di-

1021 2125 1114 2158 cunt.
1158 2121 1288 2171 Carpit
1306 2121 1396 2158 haec
1411 2121 1522 2169 Hyde
1543 2121 1591 2158 de
1611 2133 1670 2157 re-

1019 2177 1083 2226 lig.
1102 2177 1222 2215 Perss.
1243 2190 1299 2227 cp.
1320 2179 1347 2218 3
1369 2189 1455 2227 pag.
1474 2180 1541 2224 99,
1560 2189 1672 2226 quum

1021 2234 1232 2270 Herodotus
1253 2234 1433 2271 contraria
1463 2234 1597 2270 scribat
1615 2233 1671 2279 iis,

1022 2302 1117 2339 quae
1141 2302 1251 2341 supra
1279 2294 1509 2337 narraverat,
1539 2289 1671 2327 Persas

1022 2347 1112 2383 deos
1132 2359 1176 2384 ex
1205 2346 1408 2383 hominibus
1439 2346 1583 2395 genitos
1607 2358 1673 2383 ne-

1021 2415 1110 2451 gare
1139 2397 1520 2454 (οἷνθροποφυέας);
1575 2402 1675 2439 unde

1025 2459 1168 2496 Graeco
1194 2461 1314 2510 potius
1336 2472 1461 2507 more,
1489 2471 1563 2496 non
1585 2458 1675 2495 Per-

1025 2515 1098 2552 sico
1115 2516 1332 2567 θεογονίην
1347 2515 1550 2553 admisceri.
1570 2515 1678 2559 Quae

1025 2584 1106 2609 cum
1124 2585 1237 2623 prava
1257 2572 1354 2609 vocis
1371 2566 1677 2623 ἄνθρωποφυὴς

1025 2628 1324 2679 interpretatione
1349 2629 1531 2675 nitantur,
1569 2626 1677 2666 refel-

1029 2684 1103 2722 lere
1130 2697 1205 2721 non
1232 2685 1371 2722 attinet.
1407 2684 1489 2723 Nec
1517 2685 1678 2722 Graeco-

1029 2753 1108 2778 rum
1139 2740 1340 2789 Theogonia
1370 2741 1428 2778 hic
1457 2742 1496 2778 in
1532 2752 1679 2778 censum

1029 2798 1153 2834 venire
1197 2801 1340 2847 potest,
1383 2802 1423 2834 ut
1461 2798 1557 2835 bene
1589 2796 1681 2833 vidit

1032 2853 1294 2902 Wesselingius
1345 2855 1434 2892 haec
1483 2853 1680 2891 adiiciens:

1033 2909 1202 2959 „Persae
1230 2914 1270 2948 ut
1295 2910 1400 2962 plura
1427 2909 1588 2959 variique
1614 2920 1680 2958 ge-

1657 535 1710 574 67
