1759 3324
337 236 422 276 650

732 235 1216 275 HERODOTI

335 345 424 398 νιξ·
485 345 568 402 ἐγώ
608 349 687 403 μέν
725 365 801 402 μιν
836 344 918 389 οὐκ
958 343 1100 397 εἶδον,
1147 347 1182 389 εἰ
1213 344 1270 402 μή
1303 344 1410 389 ὅσον
1439 348 1607 400 γραφῇ·

335 426 520 482 καὶγὰρ
554 426 606 483 δὴ
645 428 716 470 καὶ
759 425 940 476 σπάνιος
982 426 1188 483 ἐπιφοιτᾷ
1226 437 1325 480 σφι,
1377 423 1448 468 διὰ
1480 423 1608 467 ἐτέων

309 506 432 564 2(ω”ς
467 505 793 551 “Ηλιουπολῖται
833 506 1033 562 λέγουσι)
1075 507 1387 550 πεντακοσίων.

338 586 386 631 δὲ
414 585 510 630 τότε
541 586 669 641 φασὶ,
701 584 832 628 ἐπεάν
861 588 905 628 οἱ
934 584 1142 641 ἀποθάνῃ
1173 584 1197 628 ὁ
1228 585 1380 641 πατήρ.

1449 507 1610 559 φοιτᾶν
1620 510 1665 544 90

1430 584 1518 628 ἔστι
1548 582 1607 635 δὲ,

337 668 376 710 εἰ
408 670 460 723 τῇ
489 668 640 721 γραφῇ
673 662 942 719 παρόμοιος,
989 664 1168 707 τοσόσδε
1197 665 1271 708 καὶ
1300 663 1495 707 τοιόσδε·
1557 660 1610 704 τὰ

338 744 417 802 μὲν
447 743 585 788 αὐτοῦ
615 742 869 799 χρυσόκομα
894 746 982 785 τῶν
1013 747 1205 796 πτερῶν,
1236 744 1289 786 τὰ
1311 743 1384 796 δὲ,
1415 741 1607 798 ἐρυθρά·

338 823 382 876 ἐς
416 822 470 867 τοὶ
506 821 693 879 μάλιστα
735 823 863 881 αἰετῷ
911 821 1168 878 περιήγησιν
1205 820 1488 878 ὁμοιότατος,
1533 821 1609 865 καὶ

280 1034 444 1072 rationes
472 1032 558 1070 hinc
589 1035 780 1083 spectant,
826 1044 938 1081 quae-

281 1104 428 1140 cunque
473 1090 521 1127 de
559 1102 603 1127 eo
638 1089 864 1136 referuntur,
892 1089 940 1125 ad

283 1147 397 1186 solem
418 1150 559 1196 spectat
583 1146 676 1183 adeo
699 1147 814 1182 forma
837 1145 939 1182 habi·

280 1209 415 1253 tusque
440 1203 516 1240 avis
548 1206 584 1239 et
613 1202 713 1238 color
737 1215 940 1251 purpureus

281 1274 326 1299 ac
349 1260 575 1311 splendidus.
606 1258 662 1295 Ex
679 1259 827 1305 Arabia,
848 1272 941 1307 quae

282 1318 433 1356 orientis
471 1316 555 1353 solis
583 1320 640 1353 est
673 1320 789 1361 terra,
827 1315 942 1365 profi-

283 1374 370 1414 cisci
400 1373 559 1420 dicitur,
590 1376 734 1423 patrem
761 1376 942 1408 mortuum

283 1433 328 1482 (i.
341 1445 372 1469 e.
393 1435 535 1480 tempus
557 1428 942 1479 praeterlapsum,hoc

282 1501 462 1528 annorum
482 1485 581 1536 cyclo
605 1486 829 1533 absolutum)
844 1499 940 1533 myr—

282 1546 348 1583 rha
359 1545 406 1582 ad
420 1544 478 1581 ovi
495 1544 607 1579 instar
624 1542 823 1579 involutum
837 1546 942 1589 (nam

282 1606 428 1652 tempus
472 1599 709 1651 praeteritum
765 1598 942 1636 inclusum

283 1658 391 1709 quasi
410 1661 556 1695 tenetur
574 1668 641 1693 nec
667 1668 829 1705 unquam
855 1655 942 1692 inde

284 1715 381 1754 elabi
399 1715 544 1764 potest)
565 1712 750 1750 delaturus
764 1712 942 1761 Heliopo-

282 1773 385 1824 polin
401 1772 424 1808 i.
439 1785 469 1809 e.
495 1769 590 1806 Solis
613 1770 649 1805 in
669 1770 817 1814 urbem3
835 1769 942 1818 quip-

282 1843 332 1880 pe
350 1828 415 1865 Sol
435 1832 509 1875 est,
531 1827 592 1875 qui
614 1830 757 1877 tempus
776 1830 939 1875 praeter-

282 1885 428 1937 lapsum
458 1885 497 1922 in
523 1896 563 1920 se
582 1884 686 1932 quasi
712 1882 864 1933 recipiat
885 1885 940 1918 at-

283 1955 358 1992 que
380 1942 536 1988 condat,
567 1952 700 1977 novum
720 1944 864 1988 teinpus
876 1938 940 1975 de-

282 2012 358 2036 nuo
377 1999 551 2036 editurus.
609 1997 713 2034 Haec
743 1995 869 2046 paucis
893 1995 940 2031 ad

283 2054 558 2103 intelligentiam
588 2053 734 2091 fabulae
768 2052 942 2088 Herodo-

283 2115 367 2149 teae
393 2110 577 2148 declarata
604 2123 700 2146 nunc
737 2108 940 2152 sufficiant3

285 2180 382 2217 quae
400 2166 463 2217 qui
479 2166 721 2217 reputaverit,
751 2165 781 2200 is
811 2164 942 2214 opinor

283 2223 484 2272 intelliget,
515 2236 578 2260 cur
599 2226 749 2272 postera
777 2220 941 2269 inprimis

285 2284 409 2319 aetate
444 2279 613 2328 adeoque
653 2276 846 2315 christiana
873 2289 940 2326 pro

284 2335 564 2375 immortalitates
607 2338 643 2372 et
681 2334 942 2369 resurr-'aetimas-

284 2392 450 2444 symbolo
471 2391 631 2443 phoenix
653 2390 796 2427 habitus
819 2389 940 2426 fuerit

343 2445 419 2500 ἐγω
449 2447 520 2499 μέν
546 2463 614 2498 μιν
643 2441 719 2485 ου’ν,
747 2442 878 2492 εἶδον,
908 2444 943 2483 εἰ

286 2522 343 2558 μη
364 2501 460 2545 ὅσον
481 2501 641 2558 γραφῇ]
680 2502 820 2539 indicat
838 2506 943 2552 pater

285 2562 487 2609 historiae,
533 2574 573 2598 se
615 2559 868 2596 tantummodo
899 2572 940 2594 αι·

281 2621 428 2671 pictura
459 2631 523 2655 seu
547 2618 682 2667 pictam
723 2615 940 2663 cognovisse

286 2689 403 2714 avem.
462 2673 537 2712 Ubi
564 2672 783 2710 locutionem
806 2674 943 2725 γραφῇ

285 2731 492 2782 Euripideis
523 2729 610 2767 locis
642 2728 735 2765 binis
773 2728 944 2777 (Hippol.

291 2788 413 2830 1005.
452 2786 596 2824 Troad.
633 2785 745 2833 682)
791 2784 945 2821 illustrat

288 2844 568 2889 Valckenarius3
598 2842 693 2878 conf.
713 2841 766 2887 ΙΙ,
792 2842 858 2881 78.
895 2840 945 2877 Et

289 2914 420 2953 reapse
457 2899 508 2938 sic
554 2898 691 2951 pictam
734 2901 946 2949 repererunt

1008 1044 1112 1070 avem
1128 1032 1167 1067 in
1195 1029 1438 1068 monumentis
1465 1028 1668 1080 Aegyptia-

1009 1090 1058 1126 cis
1082 1089 1180 1126 docti
1200 1088 1319 1134 Galli3
1350 1091 1408 1135 ut,
1430 1100 1525 1136 quae
1544 1086 1666 1125 Hero-

1010 1146 1119 1182 dotus
1139 1145 1292 1191 scribat,
1315 1144 1401 1181 inde
1422 1144 1559 1194 optime
1578 1157 1667 1180 con-

1008 1202 1152 1239 firmata
1175 1202 1414 1238 inveniantur.
1445 1200 1526 1237 Vid.
1550 1201 1667 1238 Creu-

1011 1260 1085 1296 zeri
1105 1259 1229 1295 laudd.
1250 1257 1272 1294 l.
1295 1258 1317 1294 1.
1348 1270 1434 1307 pag.
1453 1256 1534 1298 439
1556 1270 1633 1307 seq.

1068 1313 1121 1361 ὥς
1155 1313 1450 1353 Ἡλιουπολῐται
1485 1311 1664 1365 λέγουσι]

1009 1372 1201 1420 Intelligit,
1251 1372 1359 1408 credo
1375 1400 1386 1418 ‚
1436 1371 1666 1408 sacerdotum

1010 1429 1217 1478 collegium,
1249 1427 1349 1476 quod
1382 1439 1559 1464 summum
1587 1426 1667 1464 He-

1009 1486 1131 1536 liopoli
1149 1485 1316 1521 floruisse
1335 1485 1549 1534 accepimus.
1581 1483 1665 1520 Vid.

1011 1556 1118 1593 supra
1139 1542 1186 1578 ad
1209 1541 1263 1588 ΙΙ,
1289 1542 1326 1581 3.
1349 1543 1386 1581 7.

1066 1615 1113 1637 τα
1152 1595 1224 1648 μὲν
1272 1592 1399 1635 αὐτοῦ
1438 1591 1666 1647 χρυσόκομα

1008 1657 1089 1695 τῶν
1112 1656 1289 1704 πτερῶν]
1314 1653 1451 1690 Plinius
1472 1654 1520 1690 H
1543 1652 1592 1690 N.
1616 1653 1665 1701 X,

1011 1716 1054 1754 2:
1082 1711 1262 1761 „aquilae
1288 1714 1456 1747 narratur
1484 1710 1665 1759 magnitu-

1009 1770 1116 1816 dine,
1147 1768 1224 1805 auri
1262 1767 1405 1815 fulgore
1445 1767 1535 1804 circa
1563 1766 1666 1814 eolla,

1010 1839 1064 1863 ce·
1054 1831 1130 1863 era
1158 1824 1397 1874 purpureus“
1439 1828 1475 1859 et
1510 1822 1665 1860 Achilles

1011 1882 1143 1920 Tatius
1160 1881 1210 1918 ΙΙΙ
1229 1894 1285 1930 cp.
1299 1881 1351 1921 25
1369 1893 1404 1930 p.
1417 1880 1497 1920 215
1520 1893 1548 1916 s.
1560 1893 1596 1929 p.
1611 1882 1667 1921 80

1009 1939 1079 1976 Iac.
1107 1936 1340 1988 κεκέρασται
1372 1934 1443 1987 μὲν
1475 1932 1552 1974 vc}
1543 1950 1666 1987 πτερα

1010 1997 1143 2049 χουσῷ
1179 1993 1246 2033 καὶ
1290 1994 1494 2057 πορφυρᾷ.
1560 1993 1668 2036 Quae

1010 2052 1157 2098 affero,
1193 2064 1240 2088 ne
1270 2051 1350 2099 quis
1376 2063 1456 2086 cuin
1489 2048 1667 2086 Salmasio

1010 2109 1080 2155 (ad
1097 2108 1211 2144 Solin.
1237 2121 1272 2156 p.
1292 2107 1400 2153 385,
1421 2106 1474 2153 b)
1497 2105 1556 2142 hic
1581 2106 1668 2142 scri-

1009 2165 1170 2201 bendum
1196 2167 1301 2213 putet
1325 2156 1569 2212 χρυσὸκοκκοι
1598 2174 1667 2211 pro

1010 2216 1259 2271 χρυσόκομα,
1290 2219 1490 2268 quodcum
1515 2219 1667 2255 denotet

1010 2279 1119 2313 aurea
1138 2276 1240 2312 coma
1261 2277 1476 2312 instructum
1491 2303 1502 2321 ,
1531 2274 1589 2311 hic
1604 2287 1666 2312 ae-

1010 2346 1082 2382 que
1102 2333 1195 2369 bene
1223 2332 1271 2368 ad
1296 2344 1443 2368 aureum
1463 2343 1665 2380 pennarum

1011 2390 1085 2425 avis
1105 2388 1260 2425 colorem
1278 2388 1505 2425 transfertur.
1544 2387 1668 2436 Atque

1009 2445 1064 2482 his
1085 2445 1174 2494 ipsis
1196 2445 1373 2481 coloribus
1387 2475 1397 2492 ,
1418 2456 1529 2481 aureo
1552 2448 1589 2481 et
1605 2457 1667 2480 ru-

1010 2502 1098 2549 bro,
1128 2502 1243 2551 pictas
1271 2501 1347 2538 avis
1378 2512 1521 2551 pennas
1548 2500 1667 2537 adhuc

1009 2559 1251 2608 conspicimus
1305 2557 1343 2594 in
1399 2555 1667 2606 Aegyptiorum

1008 2614 1251 2652 monumentis
1264 2643 1273 2661 ,
1293 2617 1465 2650 monente
1484 2613 1666 2649 lomardo.

1011 2672 1121 2708 Cons.
1144 2671 1315 2707 Creuzer.
1334 2669 1355 2705 l.
1379 2669 1401 2705 l.
1424 2681 1511 2718 pag.
1527 2668 1609 2709 440
1629 2672 1666 2706 et

1011 2741 1105 2778 quae
1125 2727 1280 2764 citantur
1298 2726 1343 2762 ab
1355 2724 1664 2762 Henrichsen.l.l.

1010 2798 1097 2836 pag.
1117 2786 1140 2824 7
1174 2787 1251 2819 not.
1270 2784 1358 2822 17

1069 2839 1109 2886 ἐς
1148 2854 1194 2877 τα
1228 2833 1398 2889 μάλιστα
1436 2836 1556 2888 αἰετῳ
1590 2850 1665 2876 πε-

1015 2912 1036 2949 ρ
1049 2891 1098 2948 ιή
1112 2911 1169 2948 γη
1185 2906 1207 2934 σ
1219 2910 1267 2935 ιν
1287 2890 1531 2946 ὁμοιότατος]
1562 2891 1602 2941 ἐς
1616 2908 1664 2933 τα
