1759 3324
31 889 63 916 gi
97 880 257 907 Persarum
278 881 310 904 ct

356 271 442 312 324

754 267 1235 308 HERODOTI

330 376 494 435 Ξῆμέας
519 378 599 435 μέν
630 395 698 424 τοι
727 378 795 422 οὔ.
853 378 906 422 τὰ
936 376 1162 435 οὐνόματά
1186 389 1288 434 σφι,
1335 376 1463 421 ἐόντα
1491 375 1623 433 ὁμοῖοι

359 462 475 502 τοῖσι
494 456 665 514 σώμασι
683 458 758 502 καὶ
776 461 830 515 τῇ
848 460 1216 515 μεγαλοπρεπείῃ,
1235 460 1462 501 τελευτῶσι
1480 455 1625 500 πάντα

359 537 404 589 ἐς
430 536 571 582 τώυτό
600 536 801 593 γράμμα,
848 537 898 580 τὸ
927 537 1117 593 Δωριέες
1153 537 1233 592 μὲν
1271 538 1368 580 Σὰν
1408 535 1626 587 καλέουσι,

331 615 499 668 3Ἲωνες
529 616 577 660 δὲ
605 618 766 673 Σῖγμα.
823 615 867 667 ἐς
895 620 1027 660 τοῦτο
1071 615 1295 672 διζήμενος
1331 614 1529 671 εὑρήσεις
1556 629 1627 658 τε-

360 699 580 740 λευτῶντα
608 698 697 737 τῶν
726 694 932 748 Περσέων
970 694 1024 737 τὰ
1061 693 1309 750 οὐνόματα,
1355 692 1410 737 οὐ
1449 693 1501 737 τὰ
1535 692 1628 749 μὲν,

208 780 310 825 140
364 775 418 819 τὰ
445 775 490 818 δὲ
521 772 602 826 οὔ,
650 772 759 815 ἀλλὰ
799 770 939 815 πάντα
975 770 1149 828 ὁμοίως.

33 845 215 882 Sepultura:
241 845 308 872 Ma-

28 912 204 940 sacerdotes
213 913 310 946 Aegy-
522 928 533 943 r
706 929 715 943 ι
975 931 986 945 n

29 946 85 981 ,nii
120 953 179 980 qua
208 944 242 973 in
274 952 310 972 xe
365 946 642 987 κρυπτομενα
669 934 861 994 λεγεται,
916 947 992 975 και

33 979 185 1008 differant.

307 1116 436 1169 ληθε]
476 1117 499 1157 i.
531 1130 563 1155 e.
604 1116 705 1166 quod
736 1116 836 1167 ipsos
867 1116 964 1165 fugit

307 1176 463 1219 Persas,
504 1186 578 1224 quo
607 1174 678 1224 ipsi
712 1173 850 1211 Persae
885 1173 964 1210 ani-

309 1245 410 1270 mum
428 1244 504 1268 non
522 1231 776 1278 adverterunt,
796 1230 965 1279 equidem

310 1301 399 1327 vero
420 1287 503 1337 (qui
529 1287 690 1324 Graecus
710 1286 860 1325 Graecis
879 1286 967 1323 scri-

313 1346 362 1383 bo
377 1344 602 1392 hominibus)
628 1344 723 1381 bene
742 1343 895 1381 adverti.

369 1397 418 1440 τὰ
435 1394 634 1451 οὐνόματά
662 1412 755 1449 σφι,
784 1394 898 1439 ἐόντα
921 1396 966 1438 ὁ-

313 1460 410 1510 μοῖα
429 1460 532 1496 τοῖσι
550 1451 704 1507 σώμασι
729 1454 798 1495 καὶ
827 1458 878 1510 τῇ
900 1469 967 1506 με-

313 1511 579 1567 γαλοπρεπείῃ
599 1527 636 1552 κ.
664 1527 697 1552 τ.
728 1511 780 1564 λ.]
806 1511 968 1550 Nomina

313 1571 483 1617 Persica,
514 1582 610 1619 quae
630 1570 767 1620 pariter
789 1570 829 1617 (i.
840 1582 872 1606 e.
888 1568 969 1619 pari

314 1628 415 1678 apud
431 1639 557 1664 omnes
578 1626 708 1674 modo)
727 1630 803 1662 tum
821 1626 868 1663 de
889 1637 969 1662 cor-

314 1683 414 1735 poris
437 1683 581 1730 habitu,
610 1686 687 1719 tum
713 1682 761 1719 de
789 1681 969 1730 dignitate

315 1744 428 1789 atque
449 1739 567 1787 gradu
587 1737 809 1787 singulorum
823 1739 970 1776 desum-

316 1800 356 1834 ta
381 1796 536 1843 fuerint,
572 1808 601 1832 s.
622 1795 759 1846 pariter
789 1798 866 1831 tum
890 1806 971 1831 cor-

317 1852 419 1904 pori,
460 1856 537 1889 tum
568 1851 740 1900 dignitati
779 1850 972 1900 (singulo-

317 1909 425 1957 rum)
467 1908 734 1957 respondeant,
773 1907 894 1944 omnia
933 1907 970 1943 in

319 1965 475 2003 eandem
514 1963 656 2001 literam
703 1964 823 2010 exire,
875 1975 971 2012 quae

317 2020 478 2058 Doribus
506 2019 608 2067 San,
651 2018 798 2057 Ionibus
839 2019 972 2067 Sigma

317 2077 385 2123 sit,
413 2076 594 2114 Herodoti
610 2078 666 2113 est
682 2075 872 2112 sententia.
895 2074 971 2111 Ex-

317 2136 435 2169 trema
468 2131 578 2169 verba
607 2131 804 2181 praecipue
841 2131 971 2168 adver-

317 2191 441 2225 terunt
457 2187 553 2224 viros
576 2187 724 2234 doctos,
746 2187 969 2235 Scaligerum

316 2243 451 2292 Hyde,
498 2242 723 2280 Gatakerum
770 2242 969 2290 (Adverss.

319 2299 411 2337 XXI
432 2299 646 2348 pag.661),
674 2299 786 2346 allos,
816 2300 878 2349 qui
889 2300 967 2338 He-

317 2356 487 2393 rodotum
508 2355 544 2391 in
563 2354 617 2392 his
633 2355 775 2405 lapsum
789 2369 868 2393 esse
880 2368 967 2393 con-

316 2411 528 2457 tenderent,
587 2411 724 2462 quippe
773 2412 965 2462 deceptum

317 2468 462 2505 Graeca
505 2467 690 2504 nominum
739 2467 967 2506 Persicorum

316 2522 591 2570 terminatione,
625 2536 741 2573 quae,
778 2528 818 2561 ut
848 2525 970 2562 omnia

317 2580 397 2617 fere
415 2579 609 2630 peregrina
628 2580 802 2617 vocabula
828 2594 970 2619 mascu-

318 2635 382 2672 lini
412 2635 577 2684 generis‚
614 2635 826 2685 plerumque
851 2637 971 2675 Grae-

318 2704 362 2730 co
382 2703 548 2729 sermone
562 2691 600 2728 in
621 2691 714 2729 hanc
728 2692 868 2730 literam
887 2706 970 2731 exe-

319 2752 395 2785 ant.
420 2746 586 2795 Addunt,
606 2760 701 2796 quae
719 2761 813 2786 nunc
831 2750 869 2786 in
880 2749 971 2787 Per-

321 2816 441 2841 sarum
459 2803 581 2852 lingu'ci
607 2803 833 2841 inveniantur
854 2807 972 2843 nomi-

321 2872 388 2907 na,
416 2859 652 2897 Herodoteae
677 2861 876 2899 sententiae
902 2863 970 2899 mi-

321 2915 420 2955 nime
440 2928 652 2966 congruere.
710 2915 758 2955 At
775 2918 822 2958 de
837 2917 971 2959 Persa-

1213 775 1362 815 Ταῦτα
1393 772 1472 827 μὲν
1501 770 1685 828 vivos-40

365 854 474 904 κέως
504 852 584 907 ἔχω
608 851 707 906 περὶ
737 849 883 894 αὐτῶν
912 852 1033 903 εἰδὼς
1062 853 1210 895 εἰπεῖν.
1260 849 1362 895 τάδε
1391 849 1540 908 μέντοι
1570 849 1630 902 ὦς

1030 929 1085 975 οὐ
1124 929 1375 988 σαφηνέως,
1422 930 1521 986 περὶ
1548 932 1630 974 τοῦ

1030 1130 1110 1154 rum
1139 1116 1263 1166 lingua
1290 1129 1365 1154 non
1392 1115 1585 1154 recentiori
1619 1115 1686 1154 sed

1031 1174 1247 1223 antiquiori,
1277 1174 1375 1210 cuius
1402 1173 1461 1210 xix
1489 1173 1561 1210 ulla
1582 1185 1686 1211 accu-

1033 1231 1146 1268 ratior
1180 1231 1227 1267 ad
1265 1242 1334 1271 nos
1364 1230 1511 1268 devenit
1545 1229 1686 1276 notitia,

1031 1287 1244 1325 Herodotus
1270 1285 1437 1335 loquitur.
1493 1286 1597 1324 Bene
1618 1286 1688 1323 hoc

1034 1344 1124 1381 vidit
1145 1342 1189 1380 A.
1208 1343 1254 1379 G.
1273 1342 1453 1391 Schlegel.
1483 1342 1610 1390 (cuius
1628 1355 1688 1379 me

1035 1400 1226 1437 admonuit
1249 1398 1280 1436 C
1289 1413 1332 1446 r.,
1345 1400 1382 1436 in
1392 1399 1504 1436 lndic.
1515 1397 1687 1436 Biblioth.

1034 1457 1092 1503 Il,
1123 1458 1149 1497 3
1177 1468 1264 1506 pag·
1284 1457 1366 1496 308
1386 1455 1533 1505 seqq.)‚
1567 1455 1690 1493 Hero-

1037 1513 1115 1550 doti
1134 1513 1269 1549 dictum
1291 1512 1340 1549 ad
1357 1511 1554 1549 masculina
1571 1511 1690 1549 nomi-

1036 1582 1085 1606 na
1103 1569 1234 1607 veteris
1254 1568 1447 1606 Persarum
1475 1568 1622 1617 linguae
1648 1581 1690 1605 u-

1035 1626 1117 1663 nice
1133 1624 1258 1663 referri
1276 1637 1387 1675 posse
1407 1628 1583 1672 statuens,
1597 1636 1690 1674 quo-

1035 1695 1114 1719 rum
1133 1681 1206 1719 scil.
1227 1682 1466 1718 nominativus
1485 1680 1523 1717 in
1538 1680 1636 1718 illam
1645 1680 1691 1718 li-

1034 1743 1151 1776 teram
1182 1737 1318 1776 exierit.
1387 1738 1494 1781 Quae
1524 1750 1605 1775 cum
1641 1737 1690 1774 ad

1037 1794 1220 1832 Herodoti
1268 1794 1486 1832 sententiam
1523 1806 1692 1844 compro-

1038 1852 1200 1888 bandam
1218 1850 1369 1887 multum
1386 1849 1551 1898 valeant,
1580 1850 1691 1887 miror

1039 1908 1196 1944 eundem
1221 1907 1335 1943 virum
1365 1906 1512 1943 doctum
1543 1906 1591 1944 de
1611 1906 1692 1943 He-

1037 1963 1160 2000 rodoti
1189 1962 1337 2011 ingenio
1366 1966 1403 1999 et
1429 1962 1467 1998 in
1487 1962 1595 2000 rebus
1616 1966 1692 1998 tra-

1038 2019 1122 2056 ditis
1143 2019 1217 2056 fide
1245 2031 1367 2067 neque
1393 2018 1510 2055 minus
1549 2019 1597 2056 de
1614 2018 1691 2056 eius

1038 2075 1162 2112 indole
1181 2087 1224 2112 ac
1239 2074 1409 2112 facultate
1435 2074 1618 2112 iudicandi
1639 2075 1692 2112 ita

1036 2131 1316 2181 pronuntiasse,
1351 2134 1391 2166 ut
1414 2143 1544 2181 parum
1572 2131 1691 2168 consi-

1036 2189 1163 2226 derate
1191 2187 1416 2226 examinasse
1450 2187 1616 2226 videatur
1634 2191 1692 2224 to-

1034 2244 1104 2282 tius
1126 2244 1247 2297 operis
1268 2243 1473 2282 Herodotei
1495 2243 1686 2283 rationem.

1123 2339 1162 2369 's'
1241 2385 1349 2437 Cap.
1379 2384 1495 2424 CXL.

1090 2469 1215 2508 ταῦτα
1254 2466 1328 2520 μὲν
1366 2464 1560 2521 οἷτρεκὲως
1591 2467 1690 2521 ἔχω]

1035 2524 1118 2563 Hoc
1135 2524 1216 2562 loco
1234 2527 1359 2564 ταῦτα
1384 2539 1461 2563 non
1481 2527 1529 2563 ad
1545 2538 1589 2564 ea
1607 2531 1692 2563 tan-

1036 2586 1113 2618 tum
1133 2582 1315 2632 pertinet,
1339 2595 1434 2632 quae
1452 2583 1618 2632 proxime
1631 2595 1692 2620 re-

1036 2637 1110 2674 lata
1130 2642 1214 2674 sunt
1241 2638 1289 2676 de
1316 2638 1510 2676 Persarum
1534 2639 1692 2678 nomini-

1038 2693 1129 2742 bus,
1168 2694 1235 2731 sed
1261 2695 1309 2731 ad
1341 2707 1385 2732 ea
1416 2696 1560 2744 omnia,
1596 2707 1692 2745 quae

1037 2750 1085 2787 de
1123 2749 1317 2788 Persarum
1352 2751 1546 2801 institutis,
1580 2751 1690 2790 mori-

1036 2806 1126 2853 bus,
1155 2805 1332 2855 religione
1349 2808 1435 2846 inde
1463 2820 1487 2844 a
1505 2821 1585 2859 cap.
1608 2810 1688 2850 131

1035 2865 1237 2899 narrantur.
1249 2883 1305 2891 -
1314 2863 1436 2902 Verba
1447 2863 1539 2915 περὶ
1553 2858 1689 2904 αὐτῶν

1037 2919 1085 2957 de
1105 2917 1224 2958 Persis
1253 2924 1338 2959 sunt
1353 2920 1576 2973 accipienda.
