1814 3315
381 252 466 293 190
774 245 1246 288 HERonoT1

45 357 124 385 Mai?
139 357 220 385 faeta
227 359 274 385 est
280 366 327 386 eo-

44 391 83 419 n..
116 391 245 418 desem
307 399 326 419 a
385 360 433 403 ἐν
459 360 572 401 τοῖσι
600 353 808 408 πολλάκις
836 357 915 412 μὲν
945 358 989 402 οἱ
1016 360 1171 415 Μῆδοι
1207 358 1312 409 τοὺς
1346 355 1525 408 Λυδούς
1563 355 1645 402 ἐνί-

44 425 110 452 'arb
115 426 174 452 lete
205 425 255 451 lon
254 413 325 452 'ihus

45 467 118 499 prq
101 459 208 486 mem
266 460 306 486 Pa
309 467 324 485 χ
383 448 544 493 κησαν,
574 433 784 487 πολλακις
814 436 860 480 δὲ
888 437 933 480 οἱ
960 439 1101 481 Λυδοὶ
1128 455 1233 490 τους
1261 437 1471 495 Μήδους·
1503 436 1551 480 ἐν
1580 436 1639 489 δε,
1652 443 1700 478 20

44 493 328 594 Ξιΐὲὴῖηῗιιέεῐίἀςο
355 516 458 559 Ξκαὶ
499 516 796 572 νυκτομαχίην
831 515 929 559 τινα
971 516 1246 575 ἐποιήσαντο.
1295 516 1557 574 διαφέρουσι
1596 515 1645 559 δέ

379 607 459 649 σφι
488 593 557 636 ἐπὶ
593 594 691 650 ἴσης
720 595 795 638 τόν
823 594 1041 652 πόλεμον,
1082 602 1144 655 τῷ
1174 597 1282 651 ἕκτῳ
1313 597 1397 640 ἔτει·
1426 598 1647 652 συμβολῆς

377 671 630 729 γενομένης,
669 673 896 731 συνήνεικε
932 674 1041 720 ὥστε
1078 680 1154 733 τῆς
1183 675 1321 734 μάχης
1349 673 1646 732 συνεστεώσης

320 876 415 924 part.
447 870 524 919 (T.
545 870 603 919 I.)
633 881 719 919 pag.
740 871 806 910 62.
863 868 978 919 Equi-

321 931 406 966 dem
425 928 624 977 quidquam
645 926 883 976 pronunciare
909 939 979 963 no-

323 986 406 1031 lim;
436 989 495 1021 sat
513 984 622 1021 habui
651 982 769 1019 varias
797 982 978 1020 indicasse

323 1043 479 1079 virorum
515 1041 704 1077 doctorum
756 1039 978 1086 sententias;

325 1099 372 1135 ob
393 1097 654 1135 astronomicas
671 1100 794 1133 tamen
817 1096 978 1134 rationes

324 1156 482 1192 maxime
506 1154 642 1191 arridet
671 1151 753 1199 illa,
783 1164 892 1202 quam
909 1165 979 1203 po-

326 1215 462 1248 stremo
483 1209 563 1246 loco
581 1209 780 1260 posuimus.

380 1265 423 1307 ἐν
443 1263 506 1313 δὲ,
526 1281 592 1305 και
611 1263 879 1315 νυκτομαχίην
889 1260 979 1304 τινὰ

324 1317 588 1374 ἐποιήσαντο]
628 1320 671 1361 ἐν
705 1319 748 1360 δὲ
785 1322 858 1358 scil.
897 1324 980 1368 τοῖς

324 1378 441 1419 πέντε
466 1377 566 1419 ε’τεσι
585 1373 762 1425 τούτοις,
789 1382 830 1414 ut
855 1382 981 1416 monet

324 1436 375 1474 W
377 1436 582 1486 yttenbach
628 1435 666 1472 in
713 1434 851 1472 selectt.
897 1435 982 1472 hist.

324 1506 362 1545 p.
375 1493 468 1534 350.
501 1491 704 1541 Schweigh.
725 1490 870 1541 supplet
888 1485 984 1529 ταύ-

324 1564 411 1596 ταις
432 1552 518 1596 ταῖς
536 1543 689 1600 μάχαις.
712 1547 789 1585 Sed
805 1548 892 1584 mihi
907 1560 983 1584 non

326 1606 498 1669 dubium,
529 1606 618 1654 quin
639 1605 852 1641 Herodotus
877 1604 984 1653 quin-

326 1662 477 1712 quennii
507 1662 611 1698 istius
643 1665 753 1698 antea
791 1660 982 1698 memorati

324 1719 481 1769 spatium
510 1718 671 1755 indicare
696 1716 872 1765 voluerit,
902 1729 982 1754 cum

325 1774 568 1826 vvntomext'n
590 1786 633 1812 ea
652 1774 700 1810 sit
717 1786 862 1824 pugna,
887 1785 982 1823 quae

325 1836 413 1882 post
439 1831 615 1868 accidisse
644 1834 831 1878 narratur,
878 1834 981 1868 sexto

328 1888 411 1925 belli
430 1900 550 1935 anno,
578 1887 640 1924 ubi
658 1886 715 1923 sol
734 1887 875 1924 defecit.
921 1885 982 1924 De

327 1957 398 1981 usu
415 1944 606 1981 locutionis
626 1942 677 1982 ἐν
705 1939 756 1982 δὲ
776 1944 871 1981 conf.
884 1942 982 1980 Her-

328 2013 451 2038 mann.
472 2000 520 2037 ad
537 2000 662 2048 Viger.
683 2012 769 2050 pag.
798 1997 892 2040 854.
923 2020 980 2027 -—

326 2054 389 2093 Ad
423 2057 534 2093 verba
565 2054 630 2094 ἐπὶ
657 2055 746 2103 ἴσης
788 2055 910 2104 (quae
934 2056 982 2093 de

328 2125 442 2162 aequa
456 2112 609 2162 fortuna
629 2112 868 2160 intelligenda
885 2115 982 2159 sunt,

328 2169 391 2205 ubi
413 2181 530 2218 aequo
548 2167 669 2206 Marte
696 2169 876 2217 utrimque
906 2181 982 2205 cer-

327 2225 444 2273 tatur)
475 2226 569 2261 conf.
597 2223 783 2262 Lambert.
815 2224 903 2260 Bos.
935 2224 982 2261 de

329 2280 479 2332 Ellipss.
501 2280 546 2317 L.
561 2281 628 2317 Gr.
650 2294 736 2331 pag.
747 2280 839 2322 499.
860 2279 980 2329 Vulgo

328 2336 502 2388 supplent
521 2331 641 2388 τύχης
668 2351 696 2374 S.
717 2337 868 2388 μοίρας.

385 2389 597 2444 συνήνεινε
631 2390 729 2432 ὥστε
749 2413 806 2422 —-
845 2406 920 2443 την
939 2390 983 2443 ἦ-

328 2447 454 2502 μέρην
485 2449 675 2500 ἐξαπίνης
719 2446 845 2489 νύκτα
878 2447 984 2501 γενέ-

332 2504 458 2557 σθαι]
502 2506 664 2545 Attende
692 2506 836 2544 dicendi
874 2506 986 2542 ratio-

331 2575 416 2601 nem
449 2563 722 2610 Herodoteam,
772 2561 986 2613 popularem

330 2621 472 2668 magis,
501 2623 542 2656 ut
570 2619 622 2656 ita
648 2620 786 2666 dicam,
812 2618 985 2667 vulgique

331 2676 564 2726 opinionibus
589 2676 901 2713 accommodatam
927 2675 986 2722 (ut

329 2731 360 2779 I,
382 2734 474 2773 103.
503 2731 569 2779 IX,
596 2734 648 2773 10
668 2731 746 2769 coll.
769 2731 866 2778 VIII,
887 2731 984 2779 37);

330 2789 429 2825 unde
459 2800 527 2826 nec
563 2787 727 2826 inscitiae
757 2800 825 2825 nec
854 2787 985 2825 erroris

331 2844 431 2882 litem
449 2844 616 2895 scriptori
645 2844 854 2890 intendam,
886 2843 986 2893 quod

333 2901 383 2939 ita
401 2900 568 2938 nimirum
588 2900 636 2939 sit
654 2900 794 2940 locutus
825 2900 984 2952 speciem

1043 872 1162 919 magis
1182 875 1326 909 secutus
1340 900 1351 919 ‚
1381 883 1491 920 quam
1510 870 1570 917 id,
1599 868 1702 919 quod

1044 940 1085 965 re
1105 941 1191 966 vera
1210 932 1284 973 est3
1313 940 1393 965 cum
1410 939 1505 976 quae
1533 938 1619 963 vera
1643 939 1703 963 es-

1045 988 1104 1021 set
1122 997 1231 1022 causa
1250 996 1367 1032 aeque
1385 983 1573 1032 ignoraret
1591 985 1704 1031 atque

1045 1040 1211 1091 plerique
1257 1053 1383 1078 omnes
1431 1038 1523 1076 illius
1561 1038 1704 1076 aetatis.

1046 1097 1124 1135 Sed
1134 1096 1301 1135 Thaletis
1322 1096 1564 1134 defectionem
1583 1094 1703 1145 ipsam

1045 1154 1289 1204 praedicentis
1311 1166 1427 1203 eoque
1443 1152 1616 1189 maiorem
1635 1151 1703 1188 ha-

1045 1223 1126 1248 rum
1153 1223 1271 1249 rerum
1305 1210 1550 1259 cognitionem
1581 1207 1704 1245 decla·

1045 1268 1160 1304 rantis
1182 1266 1319 1305 mentio
1339 1266 1437 1304 haud
1448 1268 1526 1303 erat
1541 1269 1706 1315 praeter-

1047 1325 1244 1370 mittenda,
1275 1336 1348 1372 quo
1367 1323 1486 1371 magis
1505 1320 1568 1359 ille
1585 1321 1704 1359 haere

1049 1393 1161 1431 supra
1199 1379 1330 1428 vulgus
1362 1377 1522 1416 eminuit.
1582 1377 1704 1422 Quem

1050 1438 1172 1488 ipsum
1197 1436 1326 1474 eximia
1356 1434 1601 1472 astronomiae
1632 1433 1705 1471 sci-

1051 1493 1149 1531 entia
1173 1492 1331 1530 valuisse
1352 1491 1455 1541 quod
1481 1490 1568 1528 inde
1604 1489 1705 1527 colli-

1050 1554 1159 1599 gunt,
1188 1550 1226 1586 id
1257 1547 1527 1598 quodammodo
1553 1547 1704 1584 restrin-

1050 1606 1212 1655 gendum
1228 1606 1368 1642 videtur
1379 1633 1391 1651 ‚
1415 1617 1494 1641 cum
1511 1602 1570 1639 vix
1586 1603 1705 1641 credi-

1050 1661 1123 1699 bile
1143 1662 1209 1709 sit,
1237 1662 1331 1698 hanc
1355 1660 1598 1698 defectionem
1617 1659 1705 1696 solis

1048 1718 1100 1755 ita
1127 1719 1241 1755 fuisse
1267 1717 1514 1768 praedictam,
1559 1720 1599 1753 ut
1625 1716 1705 1754 dies

1049 1779 1160 1824 atque
1201 1774 1293 1811 hora
1331 1776 1498 1811 accurate
1544 1771 1706 1810 indicata

1047 1831 1179 1878 fuerit,
1208 1831 1275 1868 sed
1303 1830 1341 1867 in
1366 1830 1448 1880 ipso
1480 1841 1577 1866 anno
1609 1829 1706 1866 indi-

1049 1888 1165 1925 cando
1177 1892 1426 1924 astronomum
1433 1898 1474 1923 se
1481 1886 1705 1923 continuisse

1047 1943 1236 1995 probabile
1271 1943 1337 1980 fiat
1369 1955 1413 1980 ex
1451 1941 1540 1991 ipsis
1576 1941 1707 1979 Nostri

1051 2001 1238 2050 scriptoris
1259 2000 1396 2037 verbis:
1420 2000 1544 2051 οὐρον
1560 1995 1709 2067 προθέ-

1051 2071 1169 2108 μενος
1195 2052 1376 2096 ἐνιαυτὸν
1406 2057 1568 2103 τοῦτον,
1600 2054 1644 2094 ἐν
1675 2047 1707 2108 ᾧ

1050 2129 1099 2164 οη
1139 2112 1205 2152 καὶ
1247 2110 1397 2165 ἐγένετο
1426 2110 1456 2164 ἦ
1495 2094 1706 2163 μεταβολή.

1048 2170 1140 2208 Inde
1172 2183 1319 2220 quoque
1349 2168 1408 2207 vel
1428 2169 1565 2207 seriore
1585 2172 1706 2206 aetate

1050 2226 1178 2265 sedulo
1207 2227 1421 2263 adnotatum
1456 2225 1571 2262 fuisse
1605 2224 1708 2262 vide-

1050 2297 1154 2330 mus,
1200 2283 1347 2332 quando
1389 2294 1485 2331 quae
1518 2281 1707 2331 praedicta

1050 2340 1119 2376 fuit
1142 2340 1318 2386 defectio,
1348 2339 1430 2389 ipsa
1449 2338 1642 2384 acciderit3
1666 2338 1708 2375 id

1052 2396 1152 2444 quod
1172 2395 1230 2431 vix
1259 2396 1394 2432 factum
1419 2395 1572 2440 fuisset,
1601 2394 1633 2430 si
1659 2395 1707 2431 de

1051 2451 1107 2488 his
1130 2456 1204 2487 tam
1223 2456 1320 2488 certo
1341 2463 1557 2500 persuasum
1576 2451 1709 2488 fuisset

1052 2507 1248 2544 veteribus.
1307 2506 1369 2543 Tu
1405 2506 1478 2543 vid.
1524 2506 1708 2543 Bredowii

1053 2563 1257 2612 Uranolog.
1279 2562 1460 2599 Herodot.
1483 2575 1520 2611 p.
1543 2562 1708 2600 XXXIX

1055 2632 1158 2668 seqq.
1196 2624 1232 2656 et
1259 2618 1409 2655 Uckert.
1435 2618 1648 2669 Geograph.
1677 2619 1708 2666 I,

1055 2680 1077 2716 1
1100 2688 1186 2725 pag.
1208 2675 1274 2716 52.
1335 2674 1499 2717 Quorum
1524 2675 1587 2713 ille
1605 2675 1710 2712 Tha-

1052 2731 1115 2770 leti
1142 2744 1266 2768 veram
1308 2731 1521 2769 defectionis
1561 2744 1708 2769 causam

1053 2788 1235 2836 cognitam
1250 2787 1364 2824 fuisse
1381 2792 1512 2837 negat3
1528 2801 1597 2826 nec
1605 2788 1709 2837 quis-

1054 2857 1165 2894 quam
1186 2856 1276 2881 sane
1295 2844 1443 2893 dixerit,
1469 2845 1567 2883 unde
1586 2844 1710 2881 istius-

1053 2900 1154 2939 modi
1177 2899 1345 2939 notitiam
1364 2901 1513 2939 omnino
1530 2900 1711 2953 acceperit
