1758 3315
1520 247 1588 284 Vll

71 366 196 410 nobis
224 376 372 405 curam
392 360 546 410 fuisse,
584 358 751 402 monitu
783 358 853 400 viz
883 373 1010 416 opus.
1084 358 1236 412 Quare
1269 374 1383 415 quae
1416 361 1587 417 priores

70 463 287 511 Herodoti
310 463 571 519 interpretes
596 460 853 508 attulerant,
894 476 945 502 ea
972 475 1060 502 non
1092 461 1277 519 integris
1309 475 1463 503 eorum
1485 477 1588 504 ver-

69 567 133 610 bis
161 562 407 623 repetenda
446 562 572 617 duxi,
621 578 677 605 ne
710 562 837 605 nimis
880 568 1120 621 augeretur
1153 562 1253 604 libri
1288 562 1453 615 moles3
1508 563 1586 606 sed

67 681 282 710 summam
312 670 480 708 tantum
513 679 691 719 eorum,
730 679 846 722 quae
878 664 935 706 ab
960 664 1040 707 illis
1063 664 1239 723 prolata
1269 664 1482 719 vidimus,
1519 665 1588 708 in-

66 768 234 811 dicasse
262 768 394 810 satius
419 766 559 810 visum
585 772 664 811 est.
735 766 788 808 ld
811 767 927 809 enim
948 767 1207 824 primarium
1232 767 1314 809 fuit
1339 767 1584 822 consilium,

64 875 111 912 ut
134 868 414 912 Herodotum
445 869 705 928 perlecturis
739 875 813 912 aut
841 869 885 911 in
913 868 1068 912 schola
1096 869 1441 927 interpretaturis
1469 869 1584 912 iusta

63 970 327 1014 afferrentur
358 971 552 1014 subsidia
585 971 641 1013 ad
671 971 843 1030 singula
876 971 1100 1029 scriptoris
1133 971 1269 1014 verba
1307 971 1388 1014 rite
1422 971 1583 1014 intelli—

63 1073 213 1132 genda
249 1074 459 1133 ipsasque
486 1089 555 1117 res
585 1078 779 1116 narratas
810 1073 964 1115 melius
989 1073 1326 1132 cognoscendas
1345 1089 1397 1116 ac
1419 1073 1584 1116 diiudi-

64 1175 251 1227 candas3
300 1175 560 1234 praesertim
593 1191 693 1218 cum
727 1175 848 1218 haud
881 1176 1013 1234 pauci
1041 1176 1339 1233 reperiantur,
1372 1176 1531 1232 quibus
1556 1192 1582 1218 a

63 1276 332 1319 bibliotheca
353 1276 696 1334 locupletissima
719 1277 899 1320 remotis
921 1293 1009 1320 non
1029 1292 1081 1319 ea
1101 1283 1342 1335 suppetant
1367 1277 1581 1320 librorum

61 1377 304 1436 praesidia,
353 1392 467 1433 quae
499 1378 556 1420 ad
581 1378 802 1420 Herodoti
830 1378 1166 1437 intelligentiam
1198 1379 1387 1421 multum
1423 1380 1580 1423 confew

59 1485 165 1523 rant.
247 1478 511 1521 Versionem
548 1480 753 1522 Latinam
796 1480 920 1523 haud
964 1480 1247 1538 addidimus,
1300 1495 1426 1534 cum,
1465 1497 1581 1538 quae

57 1579 281 1623 intellectu
313 1580 512 1623 feruntur
545 1581 817 1638 difficiliora,
857 1598 910 1626 ea
938 1583 981 1626 in
1011 1583 1124 1626 notis
1152 1584 1370 1643 explicata
1404 1588 1447 1625 et
1479 1582 1579 1625 illu-

58 1687 191 1724 strata
226 1682 510 1726 inveniantur.

160 1884 466 1942 Quaecunque
490 1886 534 1928 in
564 1886 678 1929 notis
711 1887 1008 1932 Creuzcro
1037 1888 1255 1931 debentur
1277 1893 1351 1929 aut
1381 1902 1434 1929 ex
1459 1888 1577 1931 eius-

56 1984 160 2028 dem
206 1988 645 2031 commentationibus
684 1988 956 2033 Herodoteis
998 1990 1175 2049 integra
1217 1995 1318 2032 sunt
1368 1999 1575 2043 assumta,

54 2087 187 2130 literis
222 2088 456 2131 initialibus
492 2089 629 2148 (Cr.)
658 2098 864 2135 accurate
896 2092 1197 2138 indicavimus,
1267 2091 1445 2134 Eodem
1480 2093 1575 2135 viro

55 2194 236 2232 auctore
258 2190 435 2233 additae
455 2206 636 2248 quoque
662 2201 759 2236 sunt
781 2194 957 2238 tabulae
979 2195 1202 2252 quaedam
1220 2193 1576 2252 geographicae,

55 2290 171 2334 unde
204 2292 303 2350 ipsa
338 2293 564 2352 scriptoris
598 2296 790 2338 narratio
826 2296 949 2339 haud
979 2312 1080 2340 raro
1107 2295 1352 2355 plurimum
1385 2295 1576 2355 accipiat

54 2391 174 2435 lucis.
247 2393 369 2447 Quas
395 2395 518 2438 multi
543 2397 766 2453 requirent
802 2398 1119 2457 disputationes
1146 2398 1202 2441 de
1227 2396 1450 2440 Herodoti
1474 2399 1576 2453 vita,

54 2494 256 2549 consiIIO,
291 2495 540 2552 itineribus,
578 2498 802 2542 scribendi
826 2516 1016 2559 genere,
1054 2500 1169 2557 aliis,
1207 2514 1287 2543 eae
1316 2499 1375 2541 ad
1405 2500 1575 2543 calcem

53 2595 198 2652 operis
238 2611 325 2638 una
364 2612 467 2640 cum
499 2599 717 2643 indicibus
754 2601 1024 2645 adiicientur.
1093 2602 1177 2645 Est
1209 2617 1315 2644 vero
1353 2616 1406 2644 ea
1443 2601 1572 2644 huius

55 2694 249 2739 editionis
281 2704 460 2741 externa
484 2701 702 2758 conditio,
740 2708 787 2745 ut
810 2703 998 2746 honesta
1031 2704 1184 2762 specie
1216 2719 1312 2746 sese
1342 2718 1572 2746 commen-

56 2793 130 2837 det
151 2797 343 2856 aliasque
363 2800 576 2845 editiones
590 2838 601 2860 ,
640 2819 755 2861 quae
776 2805 912 2864 vulgo
930 2806 975 2848 in
993 2806 1140 2856 lucem
1163 2804 1413 2864 prodeunt,
1440 2804 1568 2846 facile
