1832 3315
39 534 104 581 57

629 251 932 291 cL10.1.

1334 252 1417 292 137

162 386 228 421 τις
259 368 300 419 ἐς
328 366 404 421 τὴν
431 362 661 417 Δρυοπίδα
690 361 866 418 μετέβη,
897 362 970 405 καὶ
995 360 1042 404 ἐκ
1067 362 1144 417 τῆς
1165 360 1419 415 Δρυοπίδος

165 447 302 497 οὕτως
329 445 372 495 ἐς
405 439 744 496 Πελοπόννησον
772 439 925 491 ἐλκθόν,
955 439 1165 494 Δωρικόν
1195 439 1373 496 ἐκλήθη

162 604 239 658 ἔχω
269 599 482 655 α’τρεκέως
512 597 638 643 εἶπαι.

159 697 240 726 νον
265 678 404 735 λέγειν
433 684 546 723 τοῖσι
575 683 658 723 νῦν
687 678 748 722 ἔτι
769 677 893 722 ἐοῦσι,
913 681 1174 733 Πελασγῶν,
1204 680 1293 720 τῶν
1309 675 1420 732 ὑπὲρ

699 600 736 642 εἰ
774 598 819 642 δὲ
848 597 987 654 χρεῶν
1016 598 1104 642 ἐστι
1136 596 1411 653 τεκμαιρόμε-
1427 603 1471 639 55

261 524 346 566 ‘'Hv
374 536 470 565 τινα
500 520 546 563 δὲ
573 522 774 575 γλῶσσαν
812 520 932 564 ἵεσαν
975 522 1018 564 οἱ
1053 518 1293 574 Πελασγοὶ,
1333 517 1416 562 οὐκ
1473 523 1596 564 Peiasgi
1622 523 1751 553 barbara

1475 558 1514 586 1
1499 566 1640 592 gau
1671 559 1752 598 Gens

163 762 403 815 Τυρσηνῶν
433 762 676 816 Κρηστῶνα
706 757 835 802 πόλιν
867 757 1119 812 οἰκεόντων,
1161 759 1203 801 οἳ
1233 755 1422 814 ὅμουροί

104 935 203 972 disse
221 932 296 970 vuit
307 963 318 981 ,
338 933 405 970 sed
418 932 662 970 Macedonum
671 945 756 970 nar-

103 991 279 1028 rationem
292 1019 301 1037 ,
332 1002 485 1038 quorum
502 1003 590 1028 sane
606 990 756 1027 multum

104 1047 304 1084 interfuerit
325 1046 477 1083 Graecis
499 1047 668 1094 gentibus
690 1047 756 1083 ad-

104 1103 296 1141 numerari.
341 1103 446 1146 Quae
464 1107 643 1152 quatenus
673 1115 754 1140 cum

105 1160 286 1198 Herodoti
303 1160 423 1197 verbis
458 1159 637 1196 conciliari
664 1172 754 1209 que-

107 1221 188 1264 ant,
218 1215 387 1266 equidem
406 1228 479 1252 non
495 1220 673 1271 exputem.

162 1272 352 1312 ἐνθεῦτεν
385 1268 428 1310 δὲ
461 1273 573 1318 αὖτις
609 1271 648 1318 ἐς
679 1286 754 1322 την

107 1328 316 1381 Δρυοπίδα
334 1325 496 1378 μετέβη]
528 1328 667 1375 Dores‚
694 1328 754 1365 ubi

106 1388 278 1424 frustrata
312 1385 542 1435 expeditione
576 1397 687 1434 quam
716 1385 754 1421 in

106 1442 402 1493 Peloponnesum
413 1470 424 1489 ,
443 1440 556 1490 Hyllo
571 1442 663 1479 duce
679 1455 760 1478 sus-

108 1501 302 1549 ceperant,
340 1498 500 1547 regressi
529 1502 652 1546 erant,
687 1502 761 1535 ter-

108 1568 186 1593 ram
206 1568 310 1591 suam
336 1555 486 1591 tradunt
513 1555 558 1591 ab
575 1555 761 1592 Hestiaeis

107 1612 388 1650 Euboeensibus
409 1611 485 1649 sive
502 1624 525 1648 a
544 1610 761 1650 Perrhaebis

111 1672 321 1719 occupatam
369 1668 576 1713 invenisse,
647 1680 762 1716 quare

111 1725 194 1762 hinc
217 1726 402 1775 profectos
441 1725 489 1761 ad
520 1723 761 1775 Dryopidem,

112 1794 205 1831 quae
223 1781 268 1818 ab
304 1781 400 1818 Oeta
427 1780 614 1818 meridiem
636 1793 763 1818 versus

111 1838 183 1875 sita
203 1841 300 1885 erat,
330 1851 370 1875 se
398 1837 619 1874 convertisse
636 1838 764 1874 sedes-

112 1907 184 1944 que
212 1906 326 1931 novas
356 1894 563 1931 condidisse
595 1895 763 1942 adeoque

111 1951 182 2002 ipsi
204 1951 345 2000 regioni
371 1949 520 1987 Doridis
543 1963 678 1987 nomen
700 1951 766 1987 im-

112 2008 292 2059 posuisse.
350 2007 458 2043 Plura
491 2008 538 2045 de
567 2006 624 2043 his
653 2007 765 2044 Beck.

113 2063 244 2101 Anleit.
269 2077 303 2101 z.
327 2063 550 2112 lVeltgesch.
570 2063 587 2100 I
615 2077 651 2113 p.
673 2064 765 2104 826.

114 2120 173 2159 De
190 2121 273 2171 ipsa
302 2120 371 2157 hac
398 2121 515 2167 terra,
545 2132 639 2169 quae
667 2120 767 2170 prius

117 2177 271 2227 Dryopis
282 2205 292 2224 ,
324 2181 454 2226 postea
466 2176 574 2213 Doris
588 2181 645 2214 est
661 2189 769 2213 voca-

117 2237 175 2282 ta,
203 2234 396 2284 primarius
416 2232 544 2270 Nostri
562 2233 694 2282 legitur
716 2233 769 2269 lo-

118 2303 181 2327 cus
201 2290 310 2338 VIII,
334 2293 386 2332 31
417 2290 496 2327 coll.
524 2290 590 2331 43.
647 2288 770 2339 Atque

120 2346 229 2384 etiam
265 2347 309 2384 C.
339 2347 387 2384 Ο.
417 2345 561 2384 Miiller.
592 2346 728 2394 (Dorr.
753 2345 771 2382 I

119 2415 156 2454 p.
177 2402 230 2444 35
251 2425 308 2431 ——
325 2401 407 2452 41)
446 2403 560 2440 multa
596 2403 772 2453 disputat,

121 2459 252 2508 quibus
290 2464 574 2498 commonstrare
615 2460 775 2503 studeat,

121 2514 241 2553 Dores
265 2516 400 2553 sensim
422 2517 629 2566 sensimque
646 2529 690 2553 ex
705 2516 775 2553 Hi-

124 2571 314 2610 stiaeotide
324 2573 457 2611 Oetam
476 2586 604 2611 versus
619 2573 775 2621 migras-

126 2639 187 2674 se,
214 2628 252 2664 in
281 2629 380 2666 cuius
407 2631 575 2667 extremis
607 2629 776 2666 convalli-

130 2681 199 2718 bus
219 2684 373 2733 primum
387 2686 495 2724 sedes
507 2685 681 2737 ceperint,
692 2685 777 2724 dein

128 2739 244 2786 magis
270 2741 484 2780 maritimam
522 2755 624 2780 oram
651 2755 778 2780 versus

129 2796 313 2842 progressi
330 2797 385 2834 vel
403 2811 514 2849 supra
531 2799 611 2848 Dry
613 2799 776 2850 opidem3

131 2849 183 2885 ita
201 2854 242 2886 ut
257 2853 371 2889 omnis
390 2867 482 2902 gens
499 2869 583 2894 sens
586 2856 635 2893 im
653 2855 702 2893 ad
713 2867 776 2893 eas

131 2905 301 2954 regiones
338 2912 566 2960 pervenerit,
624 2924 778 2963 quarum

824 936 948 983 partes
967 930 1130 980 singulas
1153 930 1209 969 vel
1237 934 1346 968 antea
1373 933 1478 968 tenu-

826 990 928 1027 erint.
988 989 1082 1025 Ut11t
1110 988 1261 1034 statuis,
1305 987 1375 1024 hoc
1401 1000 1479 1024 cer-

822 1049 899 1082 tum
922 1046 1084 1091 videtur,
1100 1044 1327 1095 Dryopidem
1345 1047 1480 1081 terram

823 1101 944 1139 Dores
976 1101 1198 1150 aliquamdiu
1230 1101 1413 1147 tenuisse,
1443 1102 1480 1137 et

824 1171 867 1195 ex
887 1171 931 1196 ea
954 1157 991 1193 in
1005 1157 1300 1208 Peloponnesum
1320 1156 1480 1194 irruisse.

823 1214 905 1252 Vid.
929 1214 1041 1252 Beck.
1063 1213 1085 1250 l.
1107 1213 1130 1251 l.
1148 1226 1235 1264 pag.
1255 1215 1349 1255 828.

1020 1298 1051 1335 C
1062 1310 1083 1335 a
1094 1311 1131 1349 p.
1165 1296 1280 1335 LVII.

884 1378 960 1422 οὐκ
985 1380 1121 1433 ἓ’χω-
1153 1377 1325 1433 εἶπαι]
1365 1380 1483 1418 Pluri-

829 1439 878 1478 mi
900 1439 979 1476 libri
1001 1439 1124 1490 scripti
1147 1438 1284 1478 εἰπεῖν.
1315 1439 1393 1476 Sed
1410 1438 1483 1474 vid.

828 1497 866 1544 I,
891 1496 945 1538 49
974 1501 1010 1534 et
1036 1496 1089 1544 II,
1117 1497 1170 1537 89
1201 1496 1279 1534 coll.
1312 1494 1487 1532 Creuzeri

830 1554 1053 1591 Commentt.
1090 1551 1258 1590 Herodd.
1297 1564 1384 1603 pag.
1419 1552 1485 1592 81.

830 1610 955 1648 ——De
974 1609 1183 1658 dativo‚qui
1202 1610 1312 1647 verbo
1332 1607 1488 1658 τεκμαί-

831 1670 974 1717 ρεσθαι
992 1665 1178 1713 adiicitur,
1196 1665 1336 1703 monuit
1354 1664 1486 1701 Matth.

831 1724 897 1761 Gr.
916 1724 981 1759 Gr.
1001 1720 1038 1772 ξ.
1057 1723 1160 1769 396,
1184 1726 1210 1763 2
1235 1734 1320 1772 pag.
1347 1720 1440 1763 724.

886 1783 989 1818 τοῖσι
1017 1779 1096 1817 νῦν
1125 1776 1181 1817 ἔτι
1215 1777 1326 1818 ἐοῦσι
1362 1779 1489 1816 Πελα-

833 1839 961 1888 σγῶν,
1002 1836 1083 1874 τῶν
1122 1832 1224 1887 ’ὑπὲρ
1269 1835 1489 1886 Τυρσηνῶν

835 1894 1058 1945 Κρηστῶνα
1078 1887 1196 1929 πόλιν
1221 1887 1433 1930 οἰκεόντων
1449 1905 1486 1928 κ

833 1965 865 1989 τ.
885 1953 917 1988 λ.
932 1952 945 1995 ]
996 1947 1113 1985 Valde
1144 1949 1367 1999 disceptatur
1397 1948 1491 1984 inter

833 2008 931 2044 w'ros
950 2006 1078 2043 doctos
1100 2006 1146 2043 de
1158 2004 1359 2053 Tyrrhenis
1380 2008 1491 2052 atque

837 2063 1006 2102 Crestone.
1065 2060 1163 2098 Nam
1188 2061 1357 2110 Dionysii
1386 2059 1492 2097 Hali-

836 2133 996 2158 carnass.
1028 2117 1198 2168 (Autiqq.
1218 2118 1362 2154 Romm.
1380 2116 1418 2165 I,
1437 2118 1492 2158 26

836 2191 874 2229 p.
905 2179 958 2218 69
986 2175 1136 2224 Reisk.)
1173 2174 1382 2212 testimonio
1408 2186 1495 2223 per-

838 2233 951 2281 moti,
980 2230 1179 2283 Tyrrhenos
1209 2231 1247 2267 in
1265 2230 1412 2267 Etruria
1433 2242 1494 2266 ur—

838 2291 997 2339 bemque
1027 2288 1214 2326 Cortonam
1242 2287 1300 2324 hic
1340 2286 1496 2334 intelligi

839 2347 987 2396 quidam
1008 2349 1181 2382 statuunt.
1226 2344 1308 2381 Vid.
1329 2343 1496 2393 inprimis

840 2403 1018 2442 Niebuhr.
1042 2401 1086 2439 V.
1107 2400 1164 2439 Cl.
1181 2401 1220 2438 in
1235 2400 1333 2437 Hist.
1355 2399 1462 2436 Rom.
1479 2397 1496 2435 I

841 2473 929 2511 pag.
951 2462 1005 2500 70
1023 2459 1081 2496 ed.
1099 2470 1154 2508 pr.
1186 2461 1242 2507 (p.
1254 2458 1304 2498 37
1320 2457 1378 2494 ed.
1391 2455 1498 2504 seo).

844 2517 942 2564 Qui,
971 2516 1003 2551 si
1020 2516 1057 2552 in
1075 2514 1268 2552 Herodoto
1286 2513 1338 2550 ita
1354 2512 1498 2561 legere-

843 2577 921 2620 tur,
972 2571 1280 2621 quemadmodum
1307 2570 1408 2620 apud
1429 2568 1499 2607 Di-

844 2629 1010 2678 onysium
1039 2631 1177 2675 exstat,
1215 2639 1237 2663 a
1258 2626 1402 2663 nemine
1431 2626 1499 2662 du—

845 2686 954 2723 bitari
996 2697 1110 2735 posse
1154 2683 1356 2730 existimat,
1410 2682 1501 2731 quin

847 2746 1002 2792 uterque
1017 2753 1135 2778 rerum
1149 2740 1306 2789 scriptor
1317 2767 1328 2785 ,
1360 2741 1398 2775 et
1421 2737 1500 2774 He—

848 2799 1000 2836 rodotus
1019 2802 1057 2836 et
1075 2796 1288 2834 Hellanicus
1300 2794 1394 2844 (quo
1405 2797 1501 2831 teste

848 2855 956 2892 utitur
983 2853 1228 2902 Dionysius),
1269 2851 1317 2889 de
1340 2863 1414 2888 una
1439 2861 1500 2886 ea-

849 2912 1006 2963 demque
1035 2910 1125 2948 urbe
1159 2909 1324 2947 dixerint.
1394 2906 1501 2950 Quae

1478 593 1574 618 Attica
1585 592 1640 625 ‚³1
1642 592 1704 619 elas
1692 593 1752 626 sgi-

1474 633 1576 652 0211}ss
1606 633 1653 658 1Ηῆ
1656 629 1752 652 traus-

1477 659 1512 687 iit
1529 658 1568 687 ad
1581 634 1736 687 Ilell’enas.
