1759 3324
4 387 70 433 92

512 265 930 308 EU'I'ERPE.

100 460 304 509 Qxe'ovveg
338 456 570 512 Αἰγύπτιοι
606 456 846 510 νομίζουσι.

131 540 241 583 ἕλεσι
271 536 604 592 κατοικημένοι,
634 539 747 578 τοῖσι
776 534 855 590 μὲν
886 531 1059 575 αὐτοῖσι
1088 530 1262 586 νόμοισι
1292 529 1391 585 χρέ-

990 264 1036 303 ΙΙ.
1314 264 1399 303 687

247 383 392 424 Ταῦτα
422 377 501 432 μὲν
529 375 671 419 πάντα
702 377 746 418 οῖ
774 373 1019 427 κατύπερθε
1048 374 1137 415 τῶν
1166 369 1297 414 ἑλέων
1330 371 1395 414 οἰ-
1453 383 1667 424 Aegyptiorum
1682 385 1733 420 qui

1451 416 1516 443 loca
1526 418 1670 450 palustria
1680 420 1733 446 ha-

907 455 950 496 οε
1000 453 1044 495 δὲ
1094 450 1147 506 δή
1188 450 1235 493 ἐν
1282 450 1733 513 τοῖσιΞΟΗὲε,·ῑῑιὲἓεπεε,ῑῑῑ

1448 522 1480 544 to
1499 523 1529 545 et
1547 519 1654 552 byblo3
1681 523 1734 546 aut

1449 560 1484 578 ex
1503 552 1574 578 solis
1602 552 1733 587 piscibus

1454 585 1492 612 ad
1519 586 1614 613 solem
1638 587 1732 614 sicca·

127 634 259 661 ωντοιι
287 620 401 659 τοῖσι
431 615 504 658 καὶ
543 617 584 657 οἱ
624 613 750 657 ἄλλοι
780 611 1031 668 Αἰγύπτιοι·
1082 610 1155 654 καὶ
1188 609 1241 653 τὰ
1272 608 1395 660 ἄλλα,
1452 619 1502 647 tis.

125 698 198 741 καὶ
227 695 402 752 γυναικὶ
432 698 510 751 μιῇ
540 694 718 745 ἕκαστος
749 691 896 736 αὐτῶν
925 689 1165 740 συνοικέει,
1206 687 1397 743 κατάπερ

97 776 333 832 3Ἕλληνες.
389 772 515 831 'Ateio
565 773 674 829 πρὸς
724 772 938 831 εὐτελείην
975 776 1064 816 τῶν
1103 771 1253 815 σιτίων
1294 767 1398 813 τάδε

267 1006 299 1044 c
312 1019 333 1044 a
344 1020 380 1057 p.
411 1006 527 1044 xcn.

127 1116 231 1159 οἶδὲ
256 1115 303 1167 δὴ
331 1118 374 1158 ἔν
400 1122 502 1158 τοῖσι
528 1117 629 1158 ἕλεσι
657 1132 726 1156 κα-

68 1174 312 1227 τοικημένοι]
344 1176 534 1226 Aegyptus
551 1180 589 1212 ut
610 1175 727 1212 omni-

69 1247 116 1271 no
136 1234 219 1270 olim
246 1238 325 1270 tota
352 1233 500 1270 inferior
526 1233 629 1283 palus
658 1232 725 1268 fuit

70 1291 135 1339 (cf.
157 1290 286 1338 ll,4)‚
316 1291 385 1336 ita,
405 1294 603 1339 postquam
624 1288 724 1325 fluvii

67 1347 190 1384 limum
219 1346 360 1395 agentis
396 1346 571 1383 beneficio
609 1359 724 1394 agge-

70 1408 163 1441 stum
183 1404 267 1450 fuit,
298 1407 413 1440 totum
437 1403 549 1440 Delta
579 1402 723 1452 paludi-

69 1461 136 1498 bus
155 1460 387 1506 abundabat,
412 1461 627 1510 praesertim
640 1458 724 1496 Nilo

71 1516 220 1566 singulis
240 1517 343 1553 annis
364 1517 580 1554 exundante.
604 1516 728 1560 Quare

70 1573 147 1612 Nili
178 1572 332 1624 paludes
374 1570 449 1620 (τὰ
478 1575 549 1612 τοῦ
577 1573 725 1611 Νείλου

72 1629 159 1679 ἕλη)
187 1630 263 1667 sive
289 1630 450 1680 Aegypti
479 1631 630 1680 paludes
658 1625 724 1677 (voi

70 1683 323 1738 Αἰγυπτιακοὲ
372 1686 467 1737 ἕλη)
514 1688 726 1736 frequenter

71 1747 326 1781 memorantur.
375 1743 512 1780 Verum
534 1748 725 1793 praeterea

70 1796 114 1839 τὸ
125 1795 246 1845 ’Έλος
265 1798 425 1849 Aegypti
444 1800 621 1837 inferioris
639 1812 724 1850 pars

69 1857 138 1893 hoc
168 1856 318 1906 proprio
345 1857 538 1905 designata
565 1857 724 1903 nomine,

69 1913 254 1950 Bolbitino
281 1917 317 1950 et
346 1913 592 1962 Sebennytico
623 1914 723 1950 ostiis

69 1969 225 2015 inclusa3
255 1982 349 2018 quae
379 1974 477 2007 terra
509 1970 617 2007 etiam
647 1970 681 2006 h.
701 1969 722 2005 l.

70 2025 317 2074 intelligenda.
390 2027 451 2064 Sic
472 2026 724 2064 Heinsterhus.

72 2083 120 2119 ad
138 2082 323 2132 Aristoph.
342 2082 436 2120 Plut,
459 2097 544 2134 pag.
557 2083 610 2124 55
632 2096 722 2132 seq,

71 2139 135 2176 ubi
155 2140 227 2175 vid.
246 2139 369 2190 plura,
400 2145 436 2177 et
456 2141 527 2177 vid.
556 2141 650 2176 infra
673 2139 720 2186 ΙΙ,

73 2196 166 2236 137.
194 2197 284 2237 140.
323 2197 415 2237 151.
451 2199 541 2238 152.
600 2196 724 2245 Atque

73 2252 218 2289 omnino
252 2253 311 2289 hic
350 2253 578 2302 intelligendi
619 2257 726 2290 erunt

71 2306 262 2359 Aegyptii,
303 2310 364 2359 qui
397 2311 523 2359 generi
553 2309 727 2346 bubulco-

71 2377 151 2401 rum
177 2370 365 2415 pastorum
404 2367 576 2417 adscripti
607 2372 723 2414 erant,

72 2420 240 2460 inferiore
256 2423 335 2460 loco
361 2422 410 2460 illi
437 2424 585 2472 quidem
612 2423 726 2460 habiti

71 2489 140 2514 nec
157 2478 226 2528 ipsi
243 2480 366 2517 forsan
376 2479 625 2531 Aegyptiacae
642 2481 724 2516 stir-

72 2533 128 2583 pis
148 2562 158 2581 ‚
200 2536 265 2572 sed
296 2535 475 2574 Arabicae
504 2536 726 2586 Libycaeve‚

72 2588 181 2626 vitam
201 2605 245 2628 ex
265 2597 369 2642 parte
387 2594 582 2630 nomadum
602 2594 650 2630 ad
671 2594 727 2630 in—

75 2648 150 2681 star
183 2653 379 2696 gerentes,
427 2650 588 2699 indeque
618 2650 725 2687 etiam

75 2702 174 2738 exosi
196 2703 343 2753 reliquis
369 2705 560 2757 Aegyptiis
580 2707 724 2755 agrico-

75 2755 143 2803 lis,
172 2770 194 2795 a
213 2760 341 2808 quibus
372 2761 442 2799 hoc
471 2776 618 2813 quoque
644 2763 724 2800 loco

75 2819 240 2851 accurate
259 2817 506 2867 distinguendi
530 2824 625 2857 sunt.
673 2820 725 2857 Hi

77 2868 172 2905 essim
201 2875 284 2907 sunt
322 2873 363 2912 οἷ
387 2870 614 2927 κατύπερθε
642 2878 724 2915 τῶν

76 2921 195 2963 ἑλέων
219 2925 436 2980 οἰκέοντες,
466 2931 665 2983 itidemque
684 2933 724 2973 οἳ

797 1004 886 1054 περὶ
924 1002 1000 1056 τήν
1037 1000 1303 1055 σπειρομένην
1329 1001 1454 1055 Αἴγυ-

796 1078 895 1102 πτον
917 1061 1091 1102 οἰκέουσι
1114 1062 1180 1109 (ll,
1197 1064 1264 1108 77,
1280 1061 1342 1097 ubi
1358 1060 1451 1097 conf.

795 1120 913 1167 not.)‚
941 1119 1003 1168 qui
1033 1132 1098 1165 ea,
1131 1131 1227 1167 quae
1263 1121 1372 1154 antea
1394 1129 1452 1153 re-

795 1181 985 1214 censuerat
1002 1175 1189 1222 instituta,
1219 1174 1341 1222 leges,
1373 1186 1453 1210 mo-

793 1247 870 1280 reS,
902 1234 1106 1270 observant.
1174 1231 1256 1268 Vid.
1288 1232 1449 1268 Heeren.

792 1289 906 1328 Ideen
927 1295 994 1327 etc.
1013 1290 1072 1337 ΙΙ,
1096 1293 1123 1330 2
1150 1301 1235 1339 pag·
1260 1289 1352 1329 150.

847 1373 913 1413 καὶ
934 1371 1093 1427 γυναικὶ
1116 1375 1190 1426 μιῇ
1206 1365 1451 1418 ἕκαστοςαῦ-

793 1434 873 1470 τῶν
914 1429 1134 1481 συνοικέει]
1196 1425 1328 1468 αὐτῶν
1369 1441 1450 1466 cum

795 1489 981 1525 Gaisford.
1012 1488 1139 1537 scripsi
1158 1500 1226 1537 pro
1254 1485 1350 1534 vulg.
1373 1480 1452 1523 αὖ-

793 1543 904 1584 τέων.
937 1548 1137 1583 συνοικεῖν
1163 1544 1209 1581 de
1230 1544 1452 1580 matrimonio

793 1602 892 1639 haud
911 1615 994 1638 raro
1016 1602 1116 1651 apud
1136 1599 1335 1645 Nostrum3
1354 1600 1450 1636 conf.

794 1658 835 1705 I,
863 1660 929 1699 37.
959 1662 1023 1699 91.
1046 1659 1110 1698 93.
1137 1658 1227 1697 108.
1249 1659 1341 1698 196.
1369 1657 1450 1697 173

797 1719 864 1752 etc,
902 1715 1054 1752 Videtur
1081 1718 1202 1750 autem
1232 1727 1274 1751 ex
1296 1713 1351 1749 his
1378 1712 1451 1749 col-

793 1772 857 1820 ligi
876 1786 986 1822 posse
1008 1770 1155 1819 reliquis
1180 1769 1373 1819 Aegyptiis
1406 1769 1451 1805 li-

793 1829 910 1865 cuisse
932 1828 1054 1878 plures
1072 1840 1202 1864 uxores
1225 1828 1377 1872 ducere3
1393 1826 1452 1862 id-

794 1899 865 1934 que
890 1887 1008 1934 ipsum
1027 1886 1073 1921 de
1094 1883 1286 1934 Aegyptiis
1316 1881 1452 1919 confir-

793 1946 869 1979 mat
894 1942 1048 1979 Diodor.
1072 1941 1181 1977 Sicul.
1214 1940 1250 1988 I,
1275 1942 1348 1980 80:
1379 1954 1448 1991 γα-

793 2001 911 2049 μοῦσι
942 1995 984 2036 δὲ
1020 1992 1111 2049 παρ’
1145 1996 1380 2048 Αἰγυπτίοις
1409 1994 1453 2034 οἱ

793 2053 864 2105 μὲν
894 2055 1011 2105 ἱερεῖς
1041 2056 1159 2104 μίαν,
1195 2056 1274 2092 τῶν
1302 2048 1342 2092 δ’
1379 2049 1449 2091 ἅλ-

790 2115 871 2150 λων
910 2108 1005 2159 ὅσας
1035 2108 1087 2151 ἂν
1119 2109 1281 2157 ἕκαστος
1307 2124 1448 2162 προαι-

792 2172 921 2221 ρῆται.

850 2250 948 2306 πρὸς
973 2251 1171 2306 εὐτελείην
1198 2256 1279 2294 τῶν
1298 2254 1450 2307 σιτίων]

793 2311 816 2348 i.
844 2325 875 2349 e.
907 2311 955 2348 acl
983 2315 1100 2350 victus
1133 2312 1377 2363 facilitatem,
1412 2318 1452 2350 ut

796 2368 867 2405 scil.
893 2382 1006 2418 parvo
1027 2372 1144 2406 sumtu
1169 2383 1213 2406 ac
1237 2370 1354 2420 facile
1385 2370 1456 2407 sibi

794 2431 1033 2475 compararent
1055 2439 1109 2463 res
1135 2426 1182 2463 ad
1205 2430 1318 2465 vitam
1337 2440 1453 2465 neces-

794 2484 919 2519 sarias.
959 2483 1107 2533 Reliqui
1129 2478 1346 2535 εὐτελείην,
1369 2497 1451 2522 cum

795 2539 999 2589 Schweigh.
1027 2544 1138 2590 atque
1167 2542 1284 2579 Gaisf.
1314 2541 1453 2579 edidis-

797 2599 899 2641 sent,
927 2597 1108 2646 probante
1126 2598 1248 2636 Koen.
1270 2599 1318 2635 ad
1336 2598 1451 2647 Greg.

796 2652 961 2689 Corinth.
985 2666 1072 2704 pag.
1095 2654 1178 2696 440
1199 2656 1248 2692 ad
1272 2653 1308 2706 §-
1329 2654 1381 2696 41
1404 2655 1452 2693 de

794 2709 877 2746 dial.
900 2710 992 2758 Ion.,
1023 2705 1224 2762 εὖτελέην,
1243 2712 1451 2760 suffragan-

792 2766 888 2802 tibus
908 2779 1055 2816 quoque
1073 2768 1168 2805 binis
1181 2768 1279 2805 libris
1292 2768 1446 2817 scriptis.

791 2821 926 2860 Verum
949 2837 1018 2873 ego
1036 2824 1170 2862 nullam
1191 2838 1356 2862 caussam
1367 2837 1447 2861 mu-

791 2879 941 2917 tationis
960 2881 1151 2932 perspexi,
1175 2895 1254 2919 cum
1276 2882 1321 2919 ab
1344 2876 1445 2920 εὖτε-

790 2931 864 2986 λής
883 2936 949 2973 fiat
969 2932 1141 2989 εὖτελείη
1160 2937 1289 2976 Ionum
1309 2950 1352 2976 ex
1368 2950 1447 2975 mo-
