1759 3324
352 280 437 322 342

353 390 435 434 τοῦ
461 385 729 432 Μελάνθου·

764 276 1230 317 HERODOTI

787 389 831 431 οἱ
861 388 931 441 δὲ,
971 388 1044 431 καὶ
1074 385 1444 442 συναμφοτέρους.
1502 385 1610 432 ἀλλὰ

350 467 436 525 poio
464 467 734 523 περιέχονται
761 468 843 510 τοῦ
881 465 1122 523 οὐνόματος
1151 464 1317 522 μᾶλλόν
1343 481 1386 509 τι
1415 468 1504 509 τῶν
1533 465 1667 510 &ik-70

323 551 448 591 Ξλων
470 543 641 590 Ἰώνων.
681 545 872 589 ἔστωσαν
902 545 947 588 δὲ
974 545 1048 589 καὶ
1076 547 1120 589 οἱ
1149 548 1357 599 καθαρῶς
1383 543 1611 602 γεγονότες

339 624 510 677 Ἴωνες·
543 625 623 669 εἰσὶ
653 624 699 668 δὲ
728 623 886 675 πάντες
903 622 1074 677 Ἴωνες,
1105 623 1203 669 ὅσοι
1233 623 1305 667 ἀπ’
1332 623 1532 680 Ἀθηνῶν
1547 641 1612 681 γε·

324 704 536 762 3γόνασι,
574 703 650 746 καὶ
686 700 946 757 Ἀπατούρια
985 702 1145 758 ἄγουσι
1170 702 1317 760 ὁρτήν.
1376 702 1534 760 ἄγουσι
1564 704 1612 748 δὲ

353 782 533 834 πάντες,
561 780 675 838 πλὴν
698 780 912 838 Ἐφεσίων
941 781 1012 825 καὶ
1034 784 1355 838 Κολοφωνίων·
1386 778 1510 827 οὗτοι
1526 783 1612 839 γοέρ
1682 774 1736 815 73

355 863 518 916 μοῦνοι
560 857 717 905 Ἰώνων
754 857 838 904 οὐκ
878 859 1033 916 ἄγουσι
1064 858 1348 916 Ἀπατούρια·
1386 863 1460 906 καὶ
1489 857 1614 907 οὗτοι

298 1065 549 1104 consederant.
604 1065 659 1104 Illi
688 1067 783 1104 enim
800 1064 952 1104 Nestori

298 1122 434 1160 subditi
457 1125 573 1161 erant.
614 1122 698 1160 Vid.
720 1123 952 1174 potissimum

297 1179 471 1217 Strabon.
501 1178 588 1216 VIII
614 1192 652 1229 p.
670 1179 782 1227 531,
811 1179 843 1217 B
872 1192 952 1230 seq.

299 1234 382 1274 coll
404 1234 791 1282 Herodot.1V‚148.

355 1287 455 1331 οῗλλα
483 1306 558 1344 γαρ
594 1290 843 1345 περιέχονται
878 1292 954 1331 τοῦ

299 1343 520 1415 ουνόματος
539 1350 689 1399 μᾶλλον
714 1363 751 1388 τι
776 1351 857 1387 τῶν
889 1345 954 1388 α’λ-

298 1406 380 1444 λων
410 1398 573 1454 Ἰώνων]
610 1404 692 1442 Hos
715 1404 823 1443 Iones
862 1404 954 1454 (qui

299 1460 490 1498 duodecim
508 1460 586 1498 illas
598 1460 826 1498 condiderint
843 1461 952 1499 urbes

298 1516 338 1554 in
359 1514 464 1565 Asia)
483 1516 601 1566 magis
617 1516 701 1554 huic
711 1517 877 1566 (Ionum)
887 1529 954 1553 no-

298 1571 387 1611 mini
404 1572 626 1620 adhaerere,
656 1572 816 1623 illudque
835 1573 952 1622 magis

299 1628 392 1666 tueri
414 1641 525 1678 quam
555 1629 715 1678 reliquos
733 1629 863 1677 Iones,
893 1629 955 1678 qui

299 1684 465 1723 eiusdem
501 1685 574 1722 sint
599 1685 744 1736 stirpis,
773 1685 956 1723 Herodoti

299 1744 357 1779 est
390 1742 592 1790 sententia,
632 1754 727 1791 quae
756 1753 848 1780 sane
869 1754 957 1779 con-

299 1796 398 1847 gruit
417 1810 498 1835 cum
520 1797 582 1844 iis,
599 1810 695 1847 quae
711 1797 740 1844 Ι,
761 1797 840 1840 146
858 1798 956 1835 1(16111

300 1858 473 1903 posuerat
501 1853 549 1891 de
575 1853 631 1890 his
661 1852 845 1902 Ionibus„
864 1867 957 1904 quos

299 1909 468 1946 nobiliori
479 1909 592 1960 stirpe
602 1914 806 1961 prognatos
826 1911 856 1946 si
875 1910 956 1959 quis

300 1964 423 2003 dicere
449 1964 578 2012 vellet,
611 1965 807 2002 absurdum
833 1966 872 2003 id
902 1965 958 2002 di-

300 2024 412 2058 xerat.
443 2020 679 2071 Quapropter
696 2021 819 2058 addit.
843 2020 957 2059 ἔστω-

301 2087 377 2115 σαν
402 2073 446 2116 δὲ
466 2074 534 2115 καὶ
561 2076 603 2115 οἱ
624 2078 820 2126 καθαρως
846 2091 954 2129 γεγο·

305 2125 416 2178 νότες
436 2132 459 2168 1.
483 2144 513 2169 e.
531 2134 603 2169 sint
617 2145 697 2169 vero
715 2134 821 2169 etiam
839 2133 878 2170 ln·
893 2146 956 2182 ge-

300 2189 405 2226 naim·
423 2186 546 2233 Iones3
577 2188 710 2237 quibus
742 2188 900 2227 declarat
917 2203 958 2227 se

300 2242 388 2281 nihil
419 2243 645 2282 intercedere
674 2244 786 2292 velle,
816 2245 847 2281 si
877 2246 958 2296 quis

302 2312 368 2338 eos
394 2299 530 2337 habere
556 2298 663 2337 vellet
691 2301 871 2349 genuinos
899 2302 959 2339 Io-

301 2367 368 2394 nes
379 2383 392 2403 ,
409 2354 519 2393 modo
536 2354 605 2392 hoc
621 2359 787 2394 teneatur
798 2386 810 2405 ,
832 2370 957 2396 omnes

301 2411 392 2449 alios
420 2423 568 2460 quoque
588 2411 695 2449 Iones
717 2426 823 2461 esse,
851 2419 959 2463 quot-

303 2470 395 2517 quot
412 2465 565 2505 Athenis
595 2469 737 2506 oriundi
762 2468 958 2521 Apaturio-

303 2535 383 2561 rum
406 2527 519 2572 agant
538 2524 680 2562 festum.

359 2576 625 2630 περιέχονται]
655 2581 678 2617 1.
707 2594 738 2618 e.
772 2581 876 2619 valde
905 2586 957 2620 te-

302 2638 383 2673 nent
413 2645 456 2671 ac
490 2639 652 2683 tuentur,
689 2638 956 2688 amplectuntur.

304 2690 388 2728 Vid.
413 2690 456 2738 Ι,
480 2693 534 2732 71
565 2692 642 2729 coll.
665 2692 739 2740 ΙΙΙ,
766 2697 832 2736 72.
863 2696 961 2733 Hinc

307 2746 488 2797 genitivus
499 2748 647 2785 additus
667 2750 772 2788 facile
791 2751 960 2802 explicari

306 2802 450 2854 poterit.

363 2856 431 2898 καὶ
461 2854 698 2911 Ἀπατούρια
729 2859 871 2926 ἄγουσι
896 2862 961 2916 ὁρ-

308 2910 407 2967 τήν]
438 2914 498 2954 De
515 2916 702 2966 Apaturz'zs
725 2920 962 2970 copiosemo-

1019 1068 1174 1104 nuerunt
1221 1063 1404 1104 Mem-sius
1419 1094 1429 1114 ,
1483 1067 1673 1106 Corsinius

1020 1123 1087 1172 (in
1110 1123 1194 1159 fast.
1222 1121 1349 1160 Attice.
1379 1122 1415 1160 II
1447 1135 1534 1174 pag.
1556 1126 1672 1174 306),

1020 1180 1225 1218 Creuzerus
1243 1179 1300 1226 (in
1309 1178 1434 1228 Symb.
1445 1179 1498 1217 111
1510 1194 1547 1231 p.
1557 1181 1673 1230 505),

1021 1236 1092 1274 alii.
1120 1234 1203 1274 Nos
1221 1247 1358 1286 pauca,
1386 1248 1482 1286 quae
1502 1236 1571 1275 huc
1586 1251 1674 1289 pro-

1021 1292 1115 1330 xime
1136 1295 1323 1342 spectant,
1351 1305 1574 1331 moneamus.
1604 1294 1675 1331 Est

1023 1349 1120 1387 enim
1130 1349 1261 1385 festum
1273 1349 1576 1398 antiquissimum,
1587 1363 1675 1388 con-

1024 1405 1139 1442 ditum
1157 1404 1195 1441 in
1206 1404 1338 1441 Bacchi
1349 1405 1524 1444 honorem
1545 1410 1583 1445 et
1594 1407 1674 1457 qui-

1022 1461 1106 1499 dem
1123 1459 1236 1498 multo
1269 1464 1355 1498 ante
1369 1460 1500 1499 Ionum
1526 1463 1676 1513 expedi-

1020 1518 1140 1555 tiones
1158 1529 1202 1555 ex
1220 1515 1341 1553 Attica
1367 1519 1516 1556 terrain
1534 1518 1675 1566 Asiam,

1022 1587 1104 1612 cum
1139 1573 1215 1611 eius
1249 1573 1411 1622 origines
1452 1575 1502 1612 ad
1540 1587 1676 1613 annum
1754 1590 1759 1622 j

1025 1631 1134 1671 1190
1159 1642 1193 1666 a.
1210 1628 1295 1666 Chr.
1317 1641 1353 1667 n.
1370 1631 1540 1668 referant.
1596 1631 1678 1670 Nec
1752 1626 1759 1682 J

1024 1685 1141 1722 solum
1161 1685 1272 1723 sacris
1299 1686 1457 1724 dicatum
1481 1686 1591 1736 illud,
1614 1701 1678 1726 ve-
1757 1694 1759 1704 “

1024 1754 1103 1779 111111
1114 1741 1268 1792 publicis
1282 1743 1393 1780 etiam
1405 1744 1512 1781 rebus
1522 1744 1679 1796 ;quippe
1752 1727 1753 1746 ;

1023 1799 1180 1836 infantes
1201 1798 1239 1834 in
1257 1798 1438 1848 phratrias
1463 1800 1540 1838 sive
1558 1802 1677 1838 curias

1024 1854 1330 1902 inscribebantur,
1359 1855 1610 1894 adolescentes
1639 1857 1679 1894 in

1024 1910 1151 1947 civium
1172 1910 1347 1956 indicem3
1377 1915 1414 1948 et
1433 1923 1536 1949 sacra
1560 1913 1607 1950 ab
1634 1912 1678 1949 iis

1024 1966 1290 2013 offerebantur,
1323 1966 1385 2015 qui
1400 1967 1508 2017 primi
1523 1967 1593 2005 illis
1622 1969 1680 2005 in-

1025 2021 1165 2059 dicibus
1197 2022 1496 2061 inscribebantur.

1026 2190 1232 2227 universum
1269 2194 1458 2240 tenentes,
1499 2205 1680 2231 summam

1025 2247 1139 2284 fuisse
1157 2246 1263 2283 huius
1288 2248 1372 2285 festi
1397 2248 1468 2286 vim
1495 2249 1533 2286 in
1569 2250 1679 2287 rebus

1025 2302 1178 2353 publicis
1212 2303 1370 2353 indeque
1404 2304 1497 2342 illud
1528 2305 1680 2343 Ionibus

1025 2358 1164 2396 colonis
1203 2360 1370 2398 omnibus
1413 2362 1681 2414 propemodum

1023 2419 1222 2472 receptum
1231 2428 1324 2454 esse.

1083 2470 1150 2510 καὶ
1172 2473 1285 2511 οὑτοι
1311 2468 1412 2512 nocto?
1438 2467 1566 2523 φόνου
1589 2470 1679 2513 τινοὶ
1742 2472 1745 2511 ἶ

1029 2526 1208 2578 σκῆψιν]
1249 2527 1316 2568 καὶ
1342 2523 1454 2569 οὗτοι
1481 2532 1514 2567 et
1542 2530 1680 2580 quidem

1027 2583 1182 2622 illustrat
1199 2584 1330 2623 Matth.
1355 2586 1421 2623 Gr.
1442 2586 1509 2623 Gr.
1528 2585 1566 2637 ὃ.
1583 2589 1680 2635 470,
1740 2622 1742 2640 s

1028 2642 1054 2681 6
1080 2653 1167 2691 pag.
1187 2642 1281 2683 872.
1340 2642 1461 2680 Verba
1489 2643 1681 2692 sequentia
1740 2674 1741 2689 ,

1027 2701 1146 2734 verte:
1177 2696 1216 2733 ob
1248 2697 1366 2735 caedis
1392 2710 1538 2736 causam
1566 2713 1681 2750 quan-
1740 2713 1741 2720 ¹

1029 2752 1112 2790 dam
1131 2766 1161 2789 s.
1165 2757 1404 2803 praetextum,
1416 2754 1553 2792 caedem
1569 2769 1682 2807 quan-
1739 2750 1741 2762 ’

1028 2808 1111 2846 dam
1131 2813 1374 2859 praetexentes
1386 2840 1397 2859 ‚
1408 2812 1681 2863 praetendentes.
1737 2826 1739 2866 ἑ

1029 2866 1091 2902 Sic
1104 2868 1254 2915 σκῆψις
1265 2869 1412 2919 saepius
1425 2869 1471 2906 de
1481 2881 1591 2906 causa
1604 2870 1682 2906 sive

1030 2935 1115 2960 vera
1140 2922 1217 2961 sive
1235 2922 1332 2973 ficta,
1369 2937 1480 2975 quam
1509 2928 1681 2977 praeten-

1572 2024 1680 2069 Quae
1748 2010 1750 2064 l

1024 2077 1095 2115 alia
1115 2077 1201 2115 inde
1220 2078 1268 2114 ad
1294 2079 1446 2116 civitatis
1465 2080 1545 2118 iura
1565 2081 1679 2119 fluxe-
1747 2085 1749 2128 ξ

1025 2137 1127 2181 runt,
1166 2146 1264 2171 nunc
1295 2135 1515 2185 omittimus,
1552 2136 1680 2175 hocin
1746 2154 1748 2174 =
