1759 3324
355 273 442 316 414

753 273 1222 315 HERODOTI

355 380 602 438 τρακοσίων
637 383 844 427 σταδίων·
898 384 976 428 τὸν
1009 384 1056 429 δὲ
1096 382 1400 442 ὀρυσσόμενον
1430 388 1541 443 χοῦν
1567 385 1616 430 ἐκ

354 459 516 506 τούτου
551 464 635 505 τοῦ
673 459 921 518 ὀρύγματος
959 461 1197 520 ἀναισίμου
1235 466 1356 519 παρὰ
1393 464 1447 509 τοὶ
1480 466 1674 521 χείλεα50

326 544 442 586 στοῦ
480 544 682 596 ποταμοῦ
721 541 1013 598 παραχέουσα.
1069 543 1161 588 ἐπεί
1197 560 1242 589 τε
1273 545 1318 589 δέ
1348 546 1394 589 οῖ
1421 544 1617 599 ὤρυκτο,

353 621 510 671 λίθους
538 617 809 676 ἀγαγομένη,
838 624 1027 677 κρηπῖδα
1055 622 1202 683 κύκλῳ
1231 624 1329 679 περὶ
1352 621 1490 680 αὐτὴν
1514 622 1617 679 ἤλα-

325 706 418 742 Ὶσε.
456 696 621 742 Ἐποίεε
659 697 706 741 δὲ
744 696 969 754 ἀμφότερα
1005 705 1164 755 ταῦτα,
1224 701 1303 746 τόν
1338 719 1383 747 τε
1419 700 1616 758 ποταμὸν

353 776 556 828 σκολιὸν,
599 775 672 820 καὶ
700 775 749 819 τό
781 775 953 833 ὄρυγμα
980 782 1069 822 πᾶν
1095 780 1209 830 ἕλος·
1259 778 1319 831 ὥς
1348 780 1375 825 ὅ
1402 797 1446 825 τε
1477 796 1615 825 ποτα-

351 854 433 912 μὸς
461 853 730 911 βραδύτερος
761 856 853 912 εἴη,
897 858 996 911 περὶ
1034 858 1207 913 καμπὰς
1241 857 1405 909 πολλάς
1433 857 1670 914 α’γνύμε-55

352 951 455 987 νος,
485 934 558 978 καὶ
588 935 632 977 οἱ
658 932 788 978 πλόοι
815 934 915 978 ἔωσι
945 937 1114 980 σκολιοὶ
1152 936 1195 988 ἐς
1236 936 1317 993 τήν
1343 940 1612 994 Βαβυλῶνα·

353 1015 398 1057 ἔκ
435 1029 478 1057 τε
513 1015 602 1056 τῶν
637 1012 785 1057 πλόων
828 1013 1050 1071 ἐκδέκηται
1107 1016 1311 1071 περίοδος
1356 1019 1432 1071 τῆς
1461 1017 1613 1072 λίμνης

324 1090 512 1149 δμακρὴ.
567 1091 677 1136 κατὰ
704 1096 836 1137 τοῦτο
881 1093 926 1137 62-
967 1092 1182 1148 εἰργάζετο
1214 1098 1288 1150 τῆς
1315 1093 1457 1150 χώρης
1484 1098 1537 1151 τῇ
1567 1095 1617 1138 αἴ

351 1187 396 1216 τε
423 1171 601 1228 ἐσβολαὶ
638 1166 772 1228 ἦσαν,
831 1171 905 1215 καὶ
933 1170 986 1214 τοὶ
1026 1170 1219 1227 σύντομα
1256 1177 1332 1230 τῆς
1361 1173 1408 1217 ἐκ
1437 1173 1612 1231 Μήδων

352 1248 482 1304 ὁδοῦ,
513 1251 587 1294 ἵνα
614 1249 674 1309 μή
704 1248 1028 1308 ἐπιμισγόμενοι
1058 1253 1101 1296 οἱ
1118 1254 1270 1310 Μῆδοι
1288 1251 1611 1310 ἐκμανθάνοιεν

352 1454 406 1504 ὥς
433 1452 456 1497 ὅ
483 1471 524 1496 τε
552 1451 729 1508 ποταμός
757 1451 945 1507 βραδύτε-

296 1527 365 1566 ρος
387 1512 465 1564 εἴη
485 1535 542 1541 -
560 1511 628 1552 καὶ
655 1512 696 1552 οἱ
719 1511 838 1552 πλόοι
866 1512 944 1552 ἔω-

296 1581 345 1609 σι
374 1568 524 1610 σκολιοὶ
549 1568 589 1617 ἐς
603 1566 677 1620 τήν
697 1570 942 1620 Βαβυλῶνα]

293 1625 405 1664 Haud
423 1630 561 1665 temere
578 1626 616 1662 in
641 1626 758 1663 modis
785 1627 946 1664 variasse

294 1683 438 1720 videtur
454 1682 614 1730 Noster,
643 1682 705 1732 qui
731 1682 768 1719 in
799 1695 839 1720 re
858 1695 946 1733 pro-

293 1738 403 1777 babili
438 1742 597 1786 tantum,
648 1750 744 1788 quae
773 1738 851 1776 fieri
883 1743 946 1776 aut

294 1795 390 1834 effici
408 1798 539 1844 queat,
556 1795 717 1845 optativo
738 1793 840 1845 (εἴη)
856 1808 945 1832 usus

294 1855 371 1900 est,
415 1851 640 1888 coniunctivo
673 1855 794 1888 autem
821 1851 858 1887 in
886 1863 946 1899 eo,

293 1908 395 1957 quod
412 1907 482 1945 sibi
502 1911 638 1945 certum
657 1907 791 1945 habeat
806 1920 945 1957 propo-

293 1964 401 2001 situm
412 1964 584 2013 quodque
601 1976 667 1999 suo
684 1963 833 2000 consilio
854 1976 945 2012 ope-

293 2020 408 2069 raque
427 2019 596 2057 effectum
622 2018 718 2056 velit.
776 2019 883 2055 conf.
913 2018 944 2066 I,

296 2078 376 2116 196
403 2079 441 2113 et
459 2074 588 2112 Matth.
612 2074 677 2111 Gr.
700 2075 766 2111 Gr.
793 2087 830 2124 p.
847 2073 942 2115 994.

292 2131 432 2168 Similia
457 2131 557 2181 apud
579 2130 797 2167 Pausaniam
816 2130 944 2166 obser-

292 2187 390 2225 vavit
408 2186 574 2224 Siebelis.
595 2186 645 2222 ad
664 2185 720 2233 ΙΙ,
740 2187 794 2227 37
816 2183 854 2236 5.
876 2185 914 2226 4.

349 2241 393 2282 ἔκ
413 2256 454 2282 τε
478 2243 559 2281 τῶν
588 2237 725 2280 πλόων
742 2239 946 2291 ἐκδέκηται

292 2298 478 2350 περίοδος
504 2299 576 2347 τῆς
609 2297 752 2348 λίμνης
787 2292 942 2348 μακρή]

291 2355 396 2393 Haec
411 2355 460 2392 ad
491 2354 642 2392 verbum
660 2355 712 2391 sic
731 2354 918 2391 reddenda
933 2368 943 2392 z

292 2414 333 2449 ut
358 2423 401 2448 ex
430 2411 659 2459 navigatione
683 2422 745 2460 per
772 2409 943 2459 Euphra-

294 2471 362 2505 tem
399 2466 581 2515 (hostes)
621 2468 789 2516 exciperet
835 2466 944 2514 longa

288 2522 438 2576 paludis
477 2523 657 2570 circuitio,
702 2535 732 2559 s,
768 2525 809 2559 ut
842 2522 944 2559 finita

292 2593 361 2632 per
415 2578 637 2630 Euphratem
693 2578 947 2627 navigatione,

293 2636 356 2674 ubi
408 2635 447 2673 in
506 2639 639 2672 terram
693 2635 944 2682 escenderint,

293 2691 518 2741 Babylonem
566 2691 728 2741 pedestri
773 2690 830 2727 via
879 2703 946 2741 pe-

294 2752 439 2797 tentes,
479 2752 696 2796 cogerentur
731 2745 842 2795 longo
880 2747 940 2784 iti-

293 2817 384 2843 nere
437 2803 621 2841 circumire
668 2801 783 2839 lacum
834 2803 941 2840 istum

295 2873 415 2910 eoque
454 2859 565 2897 modo
611 2857 748 2896 facilius
794 2858 939 2896 cohibe-

295 2921 440 2967 rentur,
471 2927 580 2968 quam
608 2915 640 2952 si
669 2918 768 2953 recta
790 2915 847 2954 via
868 2915 941 2954 Ba-

1011 1457 1181 1507 bylonem
1226 1462 1406 1509 peterent.
1481 1451 1550 1498 Ἐκ
1586 1460 1667 1498 τῶν

1011 1509 1143 1554 πλόων
1164 1527 1206 1551 ex
1224 1516 1453 1564 navigatione
1481 1513 1504 1552 i.
1524 1528 1555 1553 e.
1585 1528 1667 1553 con-

1012 1572 1110 1608 tinuo
1131 1574 1213 1621 post
1244 1572 1527 1620 navigationem,
1556 1583 1666 1620 quam

1012 1640 1128 1676 usque
1155 1628 1203 1664 ad
1238 1626 1353 1664 lacum
1390 1626 1489 1663 illam
1525 1627 1666 1677 experti

1012 1688 1117 1721 erant
1127 1711 1138 1730 ,
1166 1696 1262 1720 nunc
1272 1683 1504 1732 egredientes
1522 1695 1567 1720 eo
1579 1695 1669 1720 con—-

1012 1739 1116 1787 silio,
1157 1744 1197 1776 ut
1235 1740 1307 1777 iam
1339 1738 1502 1789 pedestri
1538 1739 1667 1777 itinere
1726 1761 1731 1765 ,
1758 1724 1759 1752 ζ

1011 1795 1149 1846 quippe
1168 1795 1286 1844 magis
1315 1795 1578 1846 compendioso
1590 1795 1667 1832 Ba-

1011 1852 1181 1900 bylonem
1215 1855 1394 1902 peterent.
1445 1850 1529 1888 Hoc
1553 1851 1665 1888 modo

1012 1907 1211 1958 explicatus
1240 1907 1340 1944 locus
1359 1905 1491 1943 nullam
1509 1919 1590 1944 meo
1610 1907 1667 1943 iu-

1010 1964 1105 2000 dicio
1153 1963 1311 2000 admittit
1363 1962 1666 2011 emendationem,

1011 2018 1154 2068 qualem
1181 2017 1305 2069 plures
1345 2018 1442 2055 docti
1479 2018 1546 2055 viri
1577 2018 1665 2057 olim

1008 2078 1205 2112 tentarunt.
1274 2073 1443 2112 Eundem
1479 2074 1518 2111 in
1553 2074 1664 2113 finem

1009 2130 1172 2179 disputat
1197 2130 1394 2178 Breigerus
1412 2129 1435 2167 l.
1451 2128 1475 2167 l.
1503 2142 1590 2180 pag.
1607 2129 1664 2173 45

1012 2191 1139 2223 contra
1161 2198 1246 2233 θος,
1277 2186 1337 2234 qui
1366 2199 1478 2236 prave
1499 2185 1558 2224 hic
1586 2191 1664 2224 sta-

1012 2245 1130 2288 tuunt,
1140 2242 1410 2290 navigationem
1421 2255 1465 2279 ex
1475 2241 1663 2293 Euphrate

1011 2311 1078 2348 per
1096 2296 1260 2334 lacunam
1291 2298 1398 2335 istam
1417 2298 1661 2337 continuatam

1011 2354 1123 2391 fuisse
1145 2354 1256 2403 idque
1280 2353 1503 2392 Herodoteis
1541 2355 1662 2393 verbis

1011 2410 1106 2447 effici
1128 2423 1240 2460 posse
1258 2411 1492 2448 contendunt.

1065 2462 1164 2504 κατοῖ
1193 2467 1310 2505 τοῦτο
1341 2463 1384 2505 δὲ
1400 2487 1457 2495 —
1486 2467 1538 2520 τῇ
1557 2465 1603 2507 αἵ
1619 2480 1660 2507 τε

1009 2519 1168 2572 ἐσβολαὶ
1186 2516 1310 2572 ἦσαν,
1329 2521 1398 2562 καὶ
1417 2518 1465 2561 τοὶ
1482 2519 1661 2575 σύντομα

1009 2580 1080 2629 τῆς
1101 2576 1145 2618 ἐκ
1167 2573 1329 2629 Μήδων
1349 2576 1462 2629 ὁδοῦ]
1482 2577 1542 2617 De
1559 2575 1661 2619 κατὰ

1010 2636 1126 2674 τοῦτο
1142 2654 1200 2662 --
1216 2636 1267 2689 τῇ
1284 2635 1378 2672 conf.
1399 2646 1512 2684 supra
1529 2634 1569 2684 Ι,
1591 2634 1659 2677 84.

1011 2688 1218 2741 ἐσβολαὶ
1244 2694 1332 2727 sunt
1357 2691 1499 2737 sauceS,
1527 2692 1659 2740 quibus

1010 2747 1131 2784 aditus
1152 2760 1181 2782 s.
1197 2745 1362 2782 introitus
1381 2750 1484 2796 patet
1501 2746 1660 2786 eMedia

1007 2802 1046 2839 in
1063 2801 1298 2850 Babyloniam
1319 2806 1475 2848 terram3
1494 2799 1541 2841 τοὶ
1563 2798 1658 2842 σύν-

1006 2873 1106 2909 τομα
1126 2859 1196 2907 τῆς
1215 2857 1257 2897 ἐκ
1271 2860 1332 2896 Μ.
1346 2855 1369 2897 ὁ
1388 2858 1548 2896 indicant
1562 2860 1658 2896 viam

1005 2915 1229 2964 breviorem,
1294 2914 1658 2966 compendiosiorem,
