1759 3324
522 259 946 301 EUTERPE.
994 259 1041 298 11.

1316 261 1401 300 815

109 372 355 430 6οέυέδησαν
385 369 558 421 αὐτούς.
618 369 818 424 Πίρωμις
855 367 901 411 δέ
940 368 1029 411 ἐστι
1067 365 1170 409 κατ’
1214 365 1400 411 Ἑλλάδα

13 453 113 499 144
139 456 340 508 γλῶσσαν
372 449 503 500 καλὸς
532 446 736 502 κάγαθός.
783 444 897 502 ”Han
930 441 1015 497 οἷν,
1044 449 1133 488 τῶν
1164 447 1210 489 αἱ
1240 444 1403 498 εἰκόνες
1461 450 1539 478 oum
1558 452 1606 479 ὓῑῑ
1625 462 1731 488 reges:

135 527 273 587 ἦσαν,
315 525 546 578 τοιούτους
577 524 897 570 οἷπεδείκνυσάν
939 537 1076 581 σφεας
1105 524 1271 576 πάντας
1303 523 1456 568 ἐόν-50

107 617 235 660 mag,
275 611 393 652 θεῶν
426 608 472 650 δὲ
508 605 672 650 πολλόν
707 603 1076 660 ἀπαλλαγμένους.

1136 603 1185 648 τό
1216 605 1262 648 δὲ
1289 603 1399 658 πρό-

133 703 260 742 τερον
300 690 391 729 τῶν
434 684 611 742 ἀνδρῶν
659 683 828 729 τούτων
867 682 1000 735 θεοὺς
1044 681 1158 727 εἶναι
1205 683 1311 736 τούς
1353 683 1399 728 ἐν

75 887 145 931 est,
165 884 210 921 ab
230 883 426 921 Herodoto
444 883 629 920 confusam
649 895 730 920 esse

75 942 216 978 dixerat
236 953 315 977 cum
341 939 477 976 Pirama·
495 940 516 976 i.
537 953 566 977 e.
586 940 731 986 homine,

75 999 109 1035 ei
133 997 335 1033 sententiae
356 996 577 1045 suffragatur
592 997 728 1034 Gesen.

75 1054 123 1090 ad
142 1053 247 1090 Iesai.
271 1054 381 1099 XIX,
405 1055 453 1093 11
477 1066 513 1103 Ρ.
535 1055 616 1093 620
638 1057 730 1099 not.‚

75 1110 285 1158 obloquitur
303 1109 519 1156 Larcherus,
540 1110 650 1157 idque
672 1109 730 1146 vix

72 1165 151 1203 fieri
188 1166 353 1215 potuisse
383 1166 419 1201 in
447 1165 622 1202 vocabulo
654 1170 730 1202 tam

72 1222 220 1271 vulgato
254 1222 451 1259 contendit.
517 1221 633 1259 Recte
649 1251 659 1269 ‚
700 1222 729 1258 si

73 1278 161 1328 quid
187 1279 306 1315 video.
365 1277 417 1314 Ac
436 1277 550 1315 lucem
572 1279 729 1314 arbitror

71 1335 195 1372 afferri
212 1348 321 1385 posse
349 1334 431 1370 huic
455 1333 535 1371 loco
556 1334 729 1372 Herodo-

71 1396 155 1438 teo,
186 1392 215 1428 si
245 1391 441 1428 contuleris
462 1390 609 1427 Maxim.
637 1390 728 1439 Tyr.

72 1449 215 1485 dissert.
238 1447 344 1493 VIII,
373 1447 398 1488 5
429 1460 516 1497 pag.
543 1449 622 1488 137
650 1460 727 1496 seq.

71 1504 221 1551 Reisk.,
259 1505 359 1541 cuius
397 1504 508 1541 verba
545 1505 728 1553 insignem

71 1559 336 1610 Aegyptiarum
359 1560 652 1610 Graecarumque
671 1575 729 1599 re-

69 1616 247 1666 ligionum
273 1617 404 1654 indolis
425 1617 728 1665 significationem

71 1672 220 1711 habent.
277 1674 353 1710 Iam
372 1674 453 1721 quis
475 1673 628 1720 dubitet,
650 1675 728 1711 He-

72 1734 257 1776 cataeum,
278 1730 339 1778 qui
358 1729 457 1766 deum
477 1731 570 1767 adeo
594 1732 729 1768 fecerat

73 1786 217 1834 generis
248 1787 302 1822 sui
333 1781 569 1837 α’ρχηγέτην,
601 1788 648 1824 de
670 1800 727 1824 re-

72 1842 179 1892 liquis
214 1843 387 1892 deinceps
421 1843 615 1880 maioribus
654 1844 726 1881 suis

71 1899 158 1936 item
195 1899 485 1947 magnificentius
522 1913 600 1937 esse
626 1899 726 1937 locu-

73 1960 176 2001 tum,
219 1959 258 1991 ut
284 1968 346 1992 eos
379 1956 505 1993 saltem
529 1956 659 1994 heroas
686 1969 728 1994 ac

77 2012 316 2062 Κρείττονας
338 2012 548 2063 appellaret.
597 2013 728 2050 Cuius-

71 2068 172 2106 modi
212 2068 368 2105 orationi
403 2071 611 2107 sacerdotes
638 2069 728 2106 nihil

72 2125 192 2174 aptius
211 2137 399 2175 apponere
418 2130 601 2175 poterant,
617 2139 726 2176 quam

71 2181 181 2218 illud:
240 2181 452 2229 ‚,„H0rum
499 2183 725 2232 pontificum,

71 2249 225 2286 quorum
244 2238 422 2286 imagines
433 2239 601 2289 adspicis,
614 2252 727 2277 unus-

71 2294 225 2343 quisque
244 2295 313 2331 fuit
330 2297 386 2331 vir
404 2298 585 2345 quantivis
604 2293 725 2343 καλός

71 2345 266 2401 κάγαθὸς,
304 2364 425 2400 neque
449 2356 572 2390 tamen
596 2366 724 2402 quem-

73 2418 180 2454 quam
198 2405 347 2444 dicimus
368 2421 411 2445 ex
430 2409 500 2446 deo
518 2409 573 2446 vel
593 2423 635 2447 ex
657 2409 723 2447 he-

73 2463 137 2499 roe
155 2475 236 2501 esse
255 2466 541 2512 generatum.““
561 2465 723 2504 Attende

73 2522 248 2556 extrema:
278 2541 334 2548 —
348 2517 438 2559 οὔτε
456 2520 495 2568 ἐς
515 2518 636 2571 θεὸν,
657 2519 723 2562 οὕ-

73 2587 114 2612 τε
143 2573 182 2621 ἐς
206 2572 319 2627 ἥρωα
338 2572 537 2628 ἀνέδησαν
565 2574 720 2625 αὐτούς.

73 2629 172 2666 Nihil
197 2632 305 2680 igitur
331 2635 480 2681 certius,
509 2648 619 2685 quam
644 2636 724 2673 He-

74 2690 234 2724 cataeum
252 2716 263 2734 ,
301 2691 362 2739 qui
398 2691 506 2728 deum
538 2696 723 2730 auctorem

73 2741 129 2778 sui
167 2745 309 2791 generis
346 2749 525 2795 proferret
544 2777 555 2795 ,
603 2748 724 2786 heroas

73 2797 180 2835 etiam
200 2799 293 2838 inter
316 2801 476 2841 Milesios
498 2817 582 2841 suos
608 2805 724 2842 maio-

73 2865 132 2890 res
167 2854 335 2904 iactasse‚
375 2859 450 2897 sive
471 2860 720 2911 Κρείττονας.

75 2908 215 2952 Quibus
239 2912 333 2951 salse
353 2913 530 2954 Thebaici
552 2918 723 2956 sacerdo-

796 886 851 919 tes
874 880 1120 919 obtrudebant
1137 881 1216 919 illos
1233 894 1318 919 suos
1330 910 1341 929 ‚
1360 895 1453 931 quos

798 939 1051 975 tantummodo
1073 933 1251 990 ἀγαθούς
1269 940 1452 978 dicebant.

797 1017 853 1022 -—
885 995 990 1038 Quae
1015 1008 1092 1032 curn
1120 996 1171 1033 ita
1199 998 1295 1043 sint,
1332 997 1455 1034 Hero-

798 1052 924 1088 dotum
956 1065 1105 1101 prorsus
1137 1058 1305 1091 accurate
1340 1055 1455 1104 expli-

799 1121 904 1145 casse
934 1108 1085 1145 dixerim
1112 1109 1378 1160 Aegyptiacum
1408 1111 1452 1148 il-

797 1164 858 1200 lud
884 1164 1104 1215 Πίρωμις.“
1169 1167 1292 1216 Atque
1315 1167 1452 1205 Laero-

797 1221 893 1267 zius,
931 1222 1112 1259 referente
1133 1221 1339 1270 Larchero,
1369 1238 1451 1262 cum

796 1276 982 1327 Aegyptio
1012 1277 1123 1316 hocce
1154 1281 1300 1318 nomine
1338 1282 1451 1319 etiam

796 1333 970 1370 Indorum
999 1337 1222 1384 comparavit
1248 1336 1452 1385 Biroumas‚

796 1388 957 1427 Brahma
995 1390 1191 1440 (Bz'rma).
1266 1392 1373 1432 Adde
1408 1408 1452 1433 ex

797 1445 1027 1496 VVesseIingii
1053 1450 1101 1485 ad
1127 1449 1160 1485 h.
1179 1449 1201 1486 l.
1222 1454 1334 1497 nota,
1364 1452 1452 1488 Kir-

796 1503 904 1540 chero
924 1504 1163 1552 observante,
1197 1507 1358 1559 Πίρωμι
1377 1508 1452 1544 Co-

796 1561 869 1611 ptis
887 1573 966 1598 esse
986 1563 1099 1598 virum
1111 1561 1266 1611 fortem,
1299 1565 1451 1609 l1er0‹}·m;

797 1617 881 1653 alibi
920 1621 1043 1655 tamen
1082 1619 1289 1669 simpliciter
1323 1624 1452 1669 virum,

794 1674 959 1710 hominem
991 1675 1069 1712 sine
1098 1675 1170 1713 ullo
1201 1677 1287 1716 boni
1319 1678 1450 1716 malive

794 1731 1056 1768 additamenta
1112 1732 1158 1769 ‘Xe
1177 1735 1382 1783 nuperrime
1405 1748 1449 1772 ex

799 1787 979 1824 Welckeri
996 1788 1162 1837 prolegg.
1179 1791 1226 1826 ad
1239 1791 1273 1826 T
1277 1791 1450 1840 heognid.

794 1856 879 1893 pag.
911 1844 1035 1880 XXIV
1074 1846 1214 1882 notavit
1245 1847 1449 1885 Heerenius

794 1900 939 1947 (ldeen
960 1901 991 1937 II
1007 1929 1017 1947 ‚
1039 1905 1064 1942 2
1085 1915 1169 1952 pag.
1193 1906 1299 1952 128)
1328 1905 1450 1942 Hero-

795 1957 924 1994 doteas
959 1970 1067 1995 voces
1105 1956 1222 2006 καλὸς
1258 1956 1450 2012 κάγαθὸς,

795 2014 923 2062 quibus
942 2013 1160 2065 Aegyptium
1181 2030 1313 2055 nomen
1335 2018 1450 2068 expli-

795 2075 917 2117 cetur,
949 2071 1095 2109 minime
1114 2074 1161 2109 ad
1193 2087 1332 2111 morum
1361 2087 1450 2125 pro-

795 2127 945 2165 bitatem
973 2132 1084 2177 atque
1111 2129 1361 2179 integritatem
1391 2144 1452 2169 re-

793 2184 964 2221 ferendas
982 2197 1081 2231 esse,
1107 2199 1231 2224 verum
1254 2189 1301 2224 ad
1324 2188 1449 2239 stirpis

792 2240 1020 2279 nobilitatem
1044 2254 1086 2279 ac
1110 2245 1382 2293 praestantiam.

972 2327 1078 2377 Cap.
1111 2327 1278 2367 CXLrv.

847 2406 971 2456 θεοὺς
1001 2406 1103 2450 εἶναι
1131 2409 1224 2459 τούς
1259 2411 1302 2452 ἐν
1322 2408 1446 2465 Αἰγύ-

790 2480 874 2520 πτῳ
895 2463 1086 2518 ἄρχοντας
1104 2483 1138 2507 κ.
1157 2485 1190 2507 τ.
1208 2468 1256 2520 λ.]
1287 2470 1346 2507 De
1375 2471 1445 2508 diis

790 2524 828 2560 in
848 2524 1020 2573 Aegypto
1056 2527 1293 2573 regnantibus
1320 2527 1443 2564 scribit

790 2592 938 2629 quoque
955 2581 1106 2618 Diodor.
1136 2583 1172 2629 I,
1194 2586 1256 2624 12.
1279 2582 1353 2629 44,
1382 2583 1445 2620 ubi

790 2636 862 2673 vid.
890 2637 1108 2687 VVesseling.
1163 2638 1366 2677 Larcherus
1396 2640 1445 2677 ad

791 2692 879 2730 illud
918 2695 1023 2742 regni
1062 2708 1177 2743 genus
1210 2696 1298 2733 haec
1330 2696 1446 2734 relata

789 2749 888 2796 vult,
920 2751 1020 2799 quod
1043 2752 1193 2789 deorum
1212 2753 1358 2801 quidem
1374 2765 1444 2789 no-

790 2818 873 2843 men
906 2806 1066 2855 habeat,
1110 2821 1238 2846 revera
1265 2813 1389 2846 autem
1421 2821 1445 2846 a

789 2863 1036 2900 sacerdotibus
1049 2865 1331 2912 administretur,
1340 2866 1444 2903 theo-

788 2919 962 2957 craticum
976 2920 1083 2970 vulgo
1104 2921 1300 2972 appellant.
1330 2921 1446 2971 Equi-

1459 492 1583 518 quoruin
1619 493 1733 521 postre-

1458 519 1497 544 mi
1527 519 1640 553 osiris,
1669 522 1731 556 'l'y-

1460 552 1536 586 plion
1573 557 1603 578 et
1637 556 1732 586 ()rus;

1460 586 1560 612 Osirin
1585 586 1733 615 Bacchum

1458 627 1543 649 essm
1565 620 1676 655 orum,
1696 624 1732 648 A<

1456 652 1607 688 pollinem.
