1759 3324
500 262 1023 304 EUTERPE.II.
1300 263 1384 301 813

120 383 221 436 βῃσι
250 373 607 434 γενεηλογήσαντί
636 388 679 415 τε
698 371 886 423 ἑωυτόν,
917 372 991 414 καὶ
1013 368 1280 426 ἀναδήσαντι
1300 367 1380 424 τὴν
1439 366 1510 399 ἕῑῐω
1529 368 1648 403 divinas
1667 379 1715 397 ¹⁶³<

1436 401 1545 428 sellnnt
1577 404 1716 430 sacerdo-

1437 437 1482 460 tes
1560 437 1637 471 Aegy
1646 438 1715 472 ptii:

119 457 304 511 πατριὴν
342 454 385 504 ἐς
423 450 731 494 ἑκκαιδέκατον
771 450 903 501 θεὸν,
953 450 1164 505 ἐποίησαν
1199 449 1243 490 οἷ
1271 447 1382 501 ἱρέες
1439 475 1618 495 summor-nn
1668 480 1715 497 sa-

1437 501 1593 529 cerdotnm
1606 504 1716 531 colossi

119 539 198 579 τοῦ
231 531 368 583 Διὸς,
431 529 528 573 οἷόν
568 547 610 573 τι
661 530 734 572 καὶ
784 529 880 585 ἐμοὶ
925 527 979 572 οὐ
1023 525 1383 584 γενεηλογήσαντι
1440 534 1554 561 Thebis
1583 536 1611 561 in
1641 542 1715 564 tem-

1439 568 1488 601 plo
1539 568 1714 596 CCCXLV:

1436 602 1563 629 Pii-omis
1581 603 1717 632 eml‘iro-

90 608 350 668 Ξέμεωυτόν.
381 609 663 665 ἐσαγαγόντες
695 609 737 659 ἐς
768 608 816 652 τὸ
847 609 1036 664 μέγαρον
1066 608 1173 658 ἔσω,
1205 605 1279 650 ἐὸν
1304 605 1379 662 με’-
1439 635 1527 663 mide·

116 708 211 747 γα,
271 689 528 745 ἐξηρίθμεον
581 686 830 739 δεικνύντες
879 686 1123 738 κολοσσούς
1176 687 1440 738 ξυλίνους35

57 891 114 924 tas
144 886 255 924 fuisse
289 886 480 937 probabile
505 890 570 923 est.
632 885 713 923 Vid.

59 944 232 981 Crenzer.
256 943 278 979 l.
301 943 322 980 l.
345 956 430 994 pag.
447 943 500 984 45
521 957 638 992 seqq,
654 943 715 992 qui

58 1000 155 1037 idem
176 1001 223 1037 de
251 1000 437 1037 Hecataeo
467 999 571 1049 plura
591 1001 716 1049 dispu-

58 1057 148 1093 tavit
178 1069 264 1105 pag.
284 1058 310 1097 3
341 1070 442 1105 seqq.
471 1057 525 1096 38
546 1069 648 1105 seqq.
681 1059 717 1092 et

59 1126 155 1150 nunc
173 1113 304 1149 haecce
329 1114 454 1149 addit:
486 1112 571 1158 „De
593 1112 714 1149 Heca-

58 1174 141 1206 taeo
162 1168 304 1206 Milesio
324 1169 462 1205 Thebis
484 1174 649 1205 morante
677 1172 714 1205 et

58 1225 224 1263 Diodoro
253 1226 386 1263 deinde
406 1226 651 1261 narrationum
671 1225 713 1260 fi-

60 1283 107 1320 de
143 1283 437 1330 dignissimarum
474 1283 616 1330 copiam
655 1294 714 1318 re-

58 1338 267 1388 linquente,
297 1339 432 1388 optime
459 1338 619 1374 iudicant
648 1350 712 1373 an-

59 1399 178 1433 ctores
201 1396 321 1445 operis
345 1395 518 1444 descript.
541 1395 587 1431 de
619 1393 712 1443 l'Eg.

59 1452 91 1488 II
109 1466 144 1502 p.
165 1451 260 1493 59.“
291 1472 347 1478 —
377 1452 437 1488 Tu
468 1451 557 1487 add.
581 1450 713 1488 Ukert.

61 1508 82 1545 l.
104 1509 125 1545 l.
146 1508 182 1554 I,
202 1512 222 1549 1
251 1521 336 1558 pag.
363 1510 415 1549 69
439 1520 515 1556 seq.

113 1563 304 1616 Ἑκαταίῳ
324 1566 376 1616 τῷ
396 1562 618 1617 λογοποιῷ]
651 1566 713 1602 λο-

59 1618 228 1674 γοποιόν
262 1621 486 1658 Hecataeum
514 1626 619 1657 vocat
659 1621 715 1657 Ιιί-

61 1681 190 1715 εΐονίαε
217 1680 438 1726 scriptorem,
470 1681 715 1724 enarratorem,

60 1739 100 1771 ut
116 1736 210 1772 bene
231 1738 357 1771 monet
384 1733 644 1782 iVesselingius
668 1734 715 1770 ad

60 1791 107 1838 V,
128 1793 181 1832 36
210 1791 289 1828 coll.
319 1791 362 1836 V,
387 1791 465 1831 125
486 1794 522 1827 et
548 1790 602 1837 ll,
633 1790 712 1831 134

61 1848 149 1896 ibiq.
168 1852 261 1884 nott.
319 1848 457 1883 Eodem
478 1847 624 1884 nomine
634 1848 714 1884 He-

60 1905 230 1941 rodotum
251 1904 446 1953 appellavit
473 1902 630 1940 Iulianus
652 1906 714 1942 λο-

60 1957 248 2012 γοποιὸν,
272 1960 369 1996 hand
389 1960 612 2008 ignominiae
630 1973 715 1997 cau-

61 2030 102 2054 sa
132 2018 198 2054 sed
226 2021 399 2065 tanquam
426 2016 598 2053 historiae
629 2017 716 2054 scri-

59 2078 226 2124 ptorem,
253 2074 370 2124 probo
399 2086 519 2110 sensu.
578 2073 715 2110 Videa-

60 2134 121 2167 tur
136 2129 284 2180 Heyler.
305 2131 353 2166 ad
372 2129 496 2166 Iulian.
525 2143 582 2180 ep.
610 2130 717 2167 XXII

60 2199 144 2237 pag.
166 2187 249 2228 252
271 2199 347 2236 seq.
377 2199 398 2222 a
423 2186 489 2223 Cr.
512 2187 559 2224 ad
578 2187 673 2224 hunc
692 2187 715 2224 l.

61 2243 242 2280 laudatus.

120 2295 209 2339 οἷόν
235 2314 268 2338 τι
296 2297 364 2338 καὶ
396 2296 483 2349 ἐμοὶ
512 2294 562 2338 οὗ
580 2313 716 2350 γενεη-

61 2352 273 2409 λογήσαντι
303 2351 524 2407 ἐμεωυτόν]
570 2357 625 2393 Ex
659 2357 714 2393 his

62 2413 182 2450 verbis
211 2414 297 2449 satis
326 2418 448 2462 patet,
484 2414 716 2450 Herodotum

60 2469 180 2519 ipsum
193 2469 330 2506 Thebis
349 2474 610 2506 commoratum
630 2471 718 2506 suis-

63 2538 114 2562 se.
170 2525 252 2563 Vid.
276 2538 385 2576 supra
405 2526 461 2573 ll,
486 2527 522 2567 3.
549 2525 599 2567 15
628 2526 716 2576 ibiq.

64 2584 155 2617 nott.

120 2633 373 2689 ἐσαγαγόντες
397 2636 437 2685 ἒς
474 2635 516 2677 τὸ
545 2635 717 2690 μέγαρον

66 2689 164 2741 ἔσω,
195 2690 260 2732 ε’ὀν
281 2693 399 2745 μέγα]
432 2692 601 2747 μέγαρον
628 2695 718 2744 quid

66 2748 134 2794 sit,
174 2749 327 2787 diximus
355 2752 404 2787 ad
426 2751 464 2798 I,
487 2751 552 2792 47.
610 2751 717 2798 „Pro

65 2806 158 2840 atrio
177 2804 233 2841 hic
253 2808 364 2857 accipi
386 2807 514 2844 volunt
534 2807 629 2845 Galli
649 2808 717 2844 do-

67 2860 115 2896 cti
148 2860 343 2912 (descript.
374 2864 420 2901 de
442 2863 541 2912 l'Eg.
572 2864 714 2913 antiqq.

67 2915 101 2952 Il
122 2928 157 2966 p.
179 2918 278 2965 219)
306 2917 466 2969 illudque
491 2921 609 2970 ipsum
638 2933 716 2957 am-

783 885 985 936 plissimum
1006 898 1087 923 esse
1108 883 1257 930 atrium,
1279 883 1380 932 quod
1402 882 1439 919 in

785 944 863 979 vico
885 942 1038 979 Karnak
1069 942 1114 978 ab
1146 939 1312 977 orientali
1334 944 1439 990 parte

784 999 860 1036 Nili
881 999 1063 1047 hodieque
1082 999 1244 1048 pateat.“
1275 996 1337 1033 Cr.

842 1052 1062 1100 κολοσσούς
1092 1051 1300 1102 ξυλίνους]
1338 1052 1437 1089 Hee2

784 1113 884 1148 renio
913 1112 1053 1159 (ldeen
1084 1111 1138 1157 ll,
1163 1112 1188 1149 2
1216 1124 1252 1160 p.
1270 1110 1372 1157 302)
1402 1109 1435 1145 hi

782 1168 913 1204 colossi
941 1169 1109 1204 videntur
1139 1180 1238 1204 esse:
1269 1165 1439 1202 ltolossale

784 1224 970 1261 Pilaster-
991 1223 1235 1273 Kaiycztz'den5
1272 1223 1370 1259 unde
1390 1223 1439 1259 §i-

782 1282 855 1318 mnl
895 1282 992 1319 idem
1034 1281 1088 1316 vir
1120 1281 1248 1317 doctus
1287 1278 1440 1327 colligit,

782 1339 892 1375 etiam
941 1338 988 1373 in.
1014 1335 1252 1386 Aegyptiacis
1293 1335 1438 1386 templis

781 1395 870 1444 ligni
902 1394 1086 1443 quendam
1118 1394 1230 1429 fnisse
1257 1405 1360 1429 usum
1391 1393 1439 1429 ad

782 1455 1020 1496 ornamenta,
1051 1450 1121 1486 alia
1144 1450 1181 1485 id
1203 1461 1329 1497 genus.
1373 1447 1440 1484 At-

783 1521 854 1557 que
883 1507 1047 1544 adhibuit
1072 1506 1168 1542 hunc
1187 1506 1229 1553 l.,
1268 1509 1441 1543 monente

784 1565 969 1601 Crenzero
985 1595 998 1611 ,
1046 1562 1209 1600 Visconti
1250 1562 1298 1599 ad
1342 1561 1439 1598 Mus.

782 1621 850 1658 Pio
881 1620 1059 1657 Clement.
1093 1619 1163 1655 vol.
1197 1619 1228 1656 ΙΙ
1260 1632 1346 1669 pag.
1373 1620 1440 1659 32.

785 1677 879 1714 Galli
898 1690 982 1713 vero
1003 1676 1104 1712 docti
1131 1675 1172 1723 (l.
1192 1675 1214 1712 l.
1234 1689 1318 1725 pag.
1343 1677 1440 1721 169)

783 1734 849 1770 hos
874 1733 1015 1782 ligneos
1041 1732 1199 1769 colossos
1219 1733 1441 1769 arbitrantur

784 1792 895 1827 fuisse
916 1790 1162 1839 sarcophagos
1185 1790 1339 1837 ligneos,
1363 1789 1439 1825 sive

782 1847 997 1884 murniarnm
1036 1859 1137 1882 arcas
1160 1875 1170 1892 ,
1219 1847 1256 1881 in
1305 1845 1436 1894 quibus

781 1905 944 1953 ipsorum
970 1903 1183 1952 pontificum
1203 1903 1440 1938 maximorum

782 1961 961 1997 cadavera
994 1959 1175 1996 medicata
1201 1958 1338 1995 inclusa
1358 1959 1439 1994 fue-

781 2017 866 2053 rint.
925 2016 1068 2067 Quibus
1096 2016 1243 2052 mininne
1271 2015 1357 2051 illud
1377 2027 1437 2051 re-

782 2073 918 2121 fragari
942 2077 1068 2109 monet
1088 2073 1260 2109 Creuzer.
1288 2072 1436 2119 (comm.

784 2129 950 2167 Herodd.
976 2142 1062 2179 pag.
1082 2130 1198 2177 201),
1229 2129 1329 2177 qnod
1352 2141 1440 2164 con-

784 2187 885 2223 tinuo
904 2185 1057 2234 quisque
1081 2185 1249 2222 sacerdos
1267 2197 1437 2231 summus,

785 2244 871 2280 dnm
894 2242 1005 2288 vivit,
1034 2243 1230 2291 imaginem
1248 2255 1349 2278 suam
1370 2254 1439 2291 po-

784 2312 871 2337 nere
889 2299 1037 2340 dicitur,
1056 2312 1137 2335 nam
1161 2299 1322 2336 similiter
1340 2298 1440 2347 loqui

783 2356 958 2393 Nostrum
990 2356 1041 2402 ll,
1071 2358 1122 2396 86
1163 2357 1209 2393 de
1238 2356 1332 2392 veris
1362 2367 1442 2391 mu-

784 2414 887 2458 miis3
918 2412 1051 2449 deinde
1070 2413 1164 2448 viros
1185 2412 1381 2448 honoratos
1403 2411 1441 2447 in

784 2469 1011 2506 conclavibus
1036 2469 1283 2506 aedificiorum
1303 2481 1442 2505 memo-

784 2527 857 2563 rari
888 2525 1075 2575 sepultos,
1123 2531 1237 2573 atque
1267 2528 1443 2574 reputan-

785 2583 871 2619 dum
912 2582 1059 2618 omnino
1094 2595 1197 2628 esse,
1233 2594 1341 2630 quam
1369 2581 1442 2616 vim

785 2639 823 2675 in
833 2638 1097 2688 Aegyptiorum
1110 2639 1185 2674 vita
1201 2650 1242 2674 ac
1261 2638 1442 2674 societate

784 2695 950 2732 habuerit
966 2695 1180 2731 mumiarum
1195 2693 1441 2744 spectaculum

786 2752 868 2798 (Π,
889 2753 988 2799 78),
1029 2751 1188 2800 denique
1215 2762 1324 2799 quam
1350 2763 1439 2786 con-

786 2812 1001 2845 sentaneum
1020 2808 1066 2844 sit
1097 2807 1275 2845 eiusmodi
1294 2805 1441 2854 religio-

783 2876 870 2900 num
901 2864 1111 2910 sacerdoti,
1155 2864 1273 2899 vivum
1294 2876 1335 2899 ac
1365 2862 1439 2911 spi-

784 2924 926 2958 rantem
947 2920 1016 2958 sibi
1030 2919 1188 2958 arculam
1201 2920 1318 2970 ipsum
1336 2930 1437 2955 suam
