1759 3324
332 279 414 319 424

722 274 1202 317 HERODOTI

331 389 483 438 κοσίας
512 388 582 431 καὶ
612 387 817 444 ἑξήκοντά
855 403 931 442 μιν
970 386 1188 442 διώρυχας
1217 385 1461 441 διαλαβών.
1515 385 1590 429 καὶ

332 466 382 509 τὸ
422 466 628 522 δεύτερον
665 466 741 522 ἔαρ
783 466 1027 521 ὑπέλαμπε,
1078 465 1196 509 οὕτω
1238 465 1292 522 δὴ
1329 465 1493 522 ἤλαυνε
1521 464 1647 508 έπὶ4ο

305 545 415 601 Ξτὴν
437 549 690 602 Βαβυλῶνα.
723 547 766 589 οἱ
795 545 840 589 δὲ
861 542 1137 600 Βαβυλώνιοι
1165 543 1591 600 ἐκστρατευσάμενοι,

333 624 487 679 ἔμενον
516 623 663 668 αὐτόν.
722 624 812 668 ἐπεὶ
842 623 888 667 δὲ
914 623 1079 679 ἐγένετο
1118 623 1317 667 ἐλαύνων
1355 622 1491 680 ἀγχοῦ
1518 627 1594 680 τῆς

334 701 512 755 πόλιος,
570 699 811 758 συνέβαλόν
850 717 894 744 τε
931 703 975 744 οἱ
1002 702 1299 757 Βαβυλώνιοι,
1346 703 1422 747 καὶ
1459 702 1595 747 ἕσσω-

306 782 486 831 3θέντες
514 784 567 836 τῇ
596 780 732 836 μάχῃ,
762 778 1080 835 κατειλήθησαν
1108 780 1150 831 ές
1179 780 1228 824 τὸ
1258 779 1378 824 ἄστυ.

1445 779 1518 825 οἶα
1547 782 1595 826 δὲ

337 858 656 914 ἐξεπιστάμενοι
685 858 746 901 ἔτι
774 856 992 913 πρότερον
1020 858 1098 901 τὸν
1123 861 1280 913 Κῦρον
1310 858 1394 902 οὐκ
1421 857 1596 915 ἀτρεμί-

337 942 488 991 ζοντα,
547 935 643 980 ἀλλ’
695 935 896 992 ὁρέοντες
937 933 1076 980 αὐτὸν
1114 936 1243 980 παντὶ
1280 936 1402 981 ἔθνεϊ
1436 937 1654 994 ὁμοίως45

337 1017 648 1073 ἐπιχειρέοντα,
692 1016 991 1073 προεσάξαντο
1023 1016 1137 1058 σιτία
1166 1015 1296 1059 ἐτέων
1324 1015 1463 1072 κάρτα
1488 1022 1598 1063 πολ-

310 1100 445 1140 4λῶν.
490 1095 710 1140 Ἐνθαῦτα
739 1091 863 1140 οὗτοι
889 1097 968 1152 μὲν
1001 1094 1135 1150 λόγον
1164 1092 1281 1150 εἶχον
1311 1099 1389 1152 τῆς
1416 1101 1601 1153 πολιορ-
1665 1113 1721 1152 90

337 1177 432 1232 κίης
459 1173 642 1219 οὐδένα·
674 1178 827 1231 Κῦρος
857 1175 902 1219 δὲ
932 1173 1140 1231 α’πορίῃσι
1168 1173 1372 1230 ἐνείχετο,
1400 1174 1473 1219 ἅτε
1498 1176 1599 1232 χρό-

338 1272 424 1299 νου
450 1271 495 1298 τε
523 1255 805 1311 ἐγγινομένου
834 1257 1018 1311 συχνοῦ,
1049 1253 1249 1309 ἀνωτέρω
1276 1270 1322 1298 τε
1351 1251 1484 1299 οὐδὲν
1509 1259 1599 1300 τῶν

285 1480 354 1517 μιν
376 1462 571 1518 διώρυχας
598 1461 820 1515 διαλαβών]
861 1462 938 1501 Tot

284 1522 395 1571 igitur
406 1522 546 1559 canales
563 1520 700 1557 institui
712 1521 826 1568 iussit,
849 1524 938 1569 quot

286 1580 365 1616 dies
384 1578 492 1627 vulgo
507 1578 592 1615 anni
618 1581 818 1614 censentur.
856 1576 938 1614 Nec

286 1635 355 1672 hoc
373 1634 574 1671 inconsulto
594 1633 694 1669 illum
711 1634 840 1670 secisse
859 1645 938 1670 cre-

287 1691 463 1738 diderim,
494 1703 574 1727 cum
601 1689 638 1726 in
662 1689 794 1726 talibus
822 1694 939 1726 tesse-

288 1748 420 1784 rariam
448 1747 633 1796 quandam
658 1747 837 1783 rationem
854 1758 939 1795 spe-

288 1807 406 1842 ctasse
430 1808 569 1841 veteres
596 1803 670 1839 iam
698 1814 809 1852 supra
839 1800 939 1849 adl,

290 1862 372 1901 178
393 1860 714 1898 monuerimus.—-
739 1858 941 1908 διαλαβεῖν

288 1915 346 1953 hic
390 1916 502 1954 valet:
547 1915 723 1963 dividere,
768 1914 941 1961 diducere,

289 1976 332 2008 Ut
357 1971 396 2020 I,
422 1975 517 2014 201.
546 1971 600 2019 V,
618 1973 685 2013 52.
732 1971 810 2008 Iam
833 1982 943 2019 supra

290 2028 340 2065 ad
358 2027 398 2076 I,
419 2028 499 2068 114
519 2028 803 2064 Grammaticum
822 2026 940 2062 Grae-

291 2096 372 2121 cum
387 2084 571 2121 citavimus
585 2112 596 2130 ,
627 2082 689 2132 qui
710 2095 755 2120 ex
771 2083 840 2118 hoc
859 2082 940 2131 ipso

293 2138 372 2176 loco
389 2140 528 2189 profert
552 2138 705 2176 alteram
730 2138 830 2175 verbi
859 2137 941 2175 δια-

292 2195 427 2245 λαβεῖν
448 2195 653 2241 notionem,
681 2190 724 2233 τό
747 2194 803 2239 εἰς
819 2188 893 2232 δύο
913 2189 942 2244 ἢ

292 2248 444 2290 πλέονα
479 2250 708 2301 διαχωρίσαι
733 2246 761 2300 ἢ
783 2250 939 2288 διελεῖν.

293 2307 391 2344 Hinc
427 2306 463 2354 Ι,
491 2309 572 2347 201
603 2304 758 2357 διέλαβε
787 2305 940 2356 explicat

294 2358 480 2413 ἀπέτεμε,
503 2363 656 2401 διεῖλεν.
677 2383 734 2390 -
760 2360 820 2399 Ad
839 2359 941 2401 ὑπέ-

295 2421 424 2472 λαμπε
441 2419 537 2457 conf.
554 2418 660 2466 VIII,
681 2420 772 2460 130.

354 2525 513 2583 ἀγχοῦ
541 2532 611 2581 τῆς
629 2524 788 2581 πόλιος]
822 2525 943 2582 ἀγχοῦ

297 2588 321 2625 ἰ.
341 2600 373 2625 e.
402 2581 536 2639 ἐγγύςς
568 2589 662 2624 conf.
695 2587 771 2634 111,
794 2587 859 2629 85.
880 2590 948 2629 78.

299 2646 393 2684 111.
440 2642 500 2679 Ad
528 2638 824 2693 κατειλήθησαν
855 2645 950 2681 conf.

298 2699 336 2746 Ι,
355 2701 419 2740 80.
447 2702 526 2741 176
558 2704 594 2737 et
624 2700 671 2737 ad
700 2695 951 2751 α’ρτεμίζοντα

299 2755 338 2802 l,
365 2754 455 2796 185.

355 2862 623 2917 προεσάξαντο
684 2865 787 2905 σιτία
834 2866 950 2906 ἐτέων

301 2920 426 2973 κάρτα
458 2921 636 2972 πολλῶν]
668 2922 766 2961 Male
788 2924 949 2961 nonnulli

1003 1458 1309 1516 προσᾶξαντο.
1368 1462 1466 1502 Nam
1489 1461 1657 1516 προεσά-

1003 1525 1147 1574 γεσθαι
1173 1521 1309 1571 optime
1342 1519 1400 1557 hic
1432 1521 1470 1557 in
1497 1521 1658 1570 Babylo-

1003 1578 1084 1614 nios
1112 1578 1301 1623 convenit,
1330 1577 1393 1625 qui
1417 1583 1657 1614 commeatum

1003 1646 1088 1671 rure
1112 1634 1151 1669 in
1179 1634 1305 1670 urbem
1334 1637 1419 1670 ante
1449 1633 1562 1682 (Cyri
1584 1634 1658 1671 scil.

1004 1690 1220 1737 adventum)
1251 1703 1278 1726 s.
1300 1689 1400 1739 prius
1430 1689 1560 1739 (quam
1584 1690 1660 1739 Cy-

1006 1759 1067 1784 rus
1096 1746 1311 1794 adveniret)
1354 1746 1421 1782 sibi
1456 1750 1662 1796 comporta-

1007 1807 1092 1840 runt
1112 1806 1149 1840 et
1166 1801 1390 1851 colligerunt.
1431 1802 1539 1839 Conf.
1561 1802 1661 1850 VIII,

1009 1860 1075 1900 20.
1104 1858 1147 1895 In
1163 1858 1243 1908 ipsa
1259 1871 1299 1895 re
1315 1870 1391 1894 non
1408 1858 1575 1895 dissentit
1585 1858 1663 1896 Xe-

1008 1914 1181 1965 nophon,
1211 1914 1272 1963 qui
1286 1913 1509 1962 Babylonios
1530 1915 1661 1963 aCyro

1010 1971 1178 2008 obsessos
1216 1973 1455 2007 commeatum
1494 1983 1664 2008 necessa-

1008 2027 1102 2063 rium
1128 2026 1256 2074 viginti
1283 2026 1437 2076 amplius
1477 2027 1516 2063 in
1545 2039 1662 2063 annos

1008 2083 1077 2119 sibi
1103 2081 1292 2130 collegisse
1325 2083 1449 2120 scribit
1478 2083 1517 2120 in
1544 2082 1662 2121 Instit.

1007 2138 1094 2187 ομ.
1117 2138 1210 2185 vn,
1232 2138 1256 2179 5
1280 2136 1317 2190 g.
1341 2140 1406 2180 13.

1063 2244 1255 2304 ἀπορίῃσι
1302 2248 1555 2302 ἐνείχετο]
1603 2250 1663 2289 De

1008 2305 1190 2344 locutione
1207 2307 1301 2344 conf.
1319 2307 1427 2355 VIII,
1456 2307 1511 2349 52
1541 2311 1578 2345 et
1599 2307 1665 2356 IV,

1011 2364 1104 2403 131.
1133 2362 1210 2410 IX,
1243 2366 1319 2410 98,
1349 2365 1411 2401 ubi
1445 2377 1512 2414 pro
1541 2361 1666 2415 ἐνέχε-

1010 2422 1110 2458 σθαι
1127 2419 1277 2470 simplex
1297 2419 1468 2471 ἔχεσθαι.

1072 2525 1258 2583 ἀνωτέρω
1276 2546 1317 2571 τε
1342 2527 1462 2572 ου’δὲν
1476 2533 1557 2572 τῶν
1568 2547 1667 2586 πρη-

1016 2582 1178 2640 γμάτων
1214 2587 1578 2640 προκοπτομένων]
1626 2603 1668 2628 τε

1016 2643 1184 2681 meliores
1215 2644 1296 2681 libri
1316 2645 1453 2682 dabant
1475 2658 1543 2696 pro
1568 2646 1667 2694 vulg.

1019 2697 1074 2739 δέ.
1121 2699 1259 2737 Sensus
1296 2700 1365 2737 loci
1394 2705 1470 2738 est:
1505 2701 1665 2750 „(cum)

1017 2768 1125 2806 neque
1158 2768 1195 2792 eo
1224 2756 1371 2794 ulterius
1401 2771 1455 2794 ‘res
1480 2757 1667 2808 progrede-

1018 2815 1136 2849 rentur
1165 2825 1193 2848 S.
1226 2825 1304 2849 cum
1328 2826 1434 2863 neque
1461 2814 1584 2851 melias
1612 2827 1666 2851 res

1019 2867 1223 2905 succederet.
1279 2866 1582 2921 προκόπτεσθαι
1603 2884 1667 2909 eo-
1719 2862 1726 2870 ¹

1020 2926 1104 2963 dem
1125 2937 1232 2963 sensu
1247 2924 1317 2974 111,
1336 2925 1401 2968 56.
