<?xml version="1.0" encoding="UTF-8"?>
<!DOCTYPE html PUBLIC "-//W3C//DTD XHTML 1.0 Transitional//EN"
    "http://www.w3.org/TR/xhtml1/DTD/xhtml1-transitional.dtd">
<html xmlns="http://www.w3.org/1999/xhtml" xml:lang="en" lang="en">
 <head>
  <title>
</title>
<meta http-equiv="Content-Type" content="text/html;charset=utf-8" />
  <meta name='ocr-system' content='tesseract 3.04.00' />
  <meta name='ocr-capabilities' content='ocr_page ocr_carea ocr_par ocr_line ocrx_word'/>
</head>
<body>
  <div class='ocr_page' id='page_1' title='image "./musaeher01hero/musaeher01hero_0245.png"; bbox 0 0 1768 3315; ppageno 0'>
   <div class='ocr_carea' id='block_1_1' title="bbox 654 222 1432 270">
    <p class='ocr_par' dir='ltr' id='par_1_1' title="bbox 654 222 1432 270">
     <span class='ocr_line' id='line_1_1' title="bbox 654 222 1432 270; baseline 0.012 -9"><span class='ocrx_word' id='word_1_1' title='bbox 654 222 946 264; x_wconf 88' lang='lat' dir='ltr'><strong>cL10.1.</strong></span> <span class='ocrx_word' id='word_1_2' title='bbox 1350 229 1432 270; x_wconf 79' lang='grc'><strong>231</strong></span> 
     </span>
    </p>
   </div>
   <div class='ocr_carea' id='block_1_2' title="bbox 134 330 1539 1183">
    <p class='ocr_par' dir='ltr' id='par_1_2' title="bbox 134 330 1539 1183">
     <span class='ocr_line' id='line_1_2' title="bbox 172 330 1432 392; baseline 0.002 -13"><span class='ocrx_word' id='word_1_3' title='bbox 172 368 198 388; x_wconf 88' lang='grc'><strong>,,</strong></span> <span class='ocrx_word' id='word_1_4' title='bbox 215 338 367 391; x_wconf 81' lang='grc' dir='ltr'><em>ρεσθαι</em></span> <span class='ocrx_word' id='word_1_5' title='bbox 393 331 644 389; x_wconf 82' lang='grc' dir='ltr'><em>πέμψαντα,</em></span> <span class='ocrx_word' id='word_1_6' title='bbox 684 330 844 387; x_wconf 85' lang='grc' dir='ltr'><em>κότερα</em></span> <span class='ocrx_word' id='word_1_7' title='bbox 872 331 951 389; x_wconf 81' lang='grc' dir='ltr'><em>τὴν</em></span> <span class='ocrx_word' id='word_1_8' title='bbox 980 332 1148 377; x_wconf 79' lang='grc' dir='ltr'><em>ἑωυτοῦ</em></span> <span class='ocrx_word' id='word_1_9' title='bbox 1176 331 1206 391; x_wconf 83' lang='grc' dir='ltr'><em>ἢ</em></span> <span class='ocrx_word' id='word_1_10' title='bbox 1233 334 1312 392; x_wconf 80' lang='grc' dir='ltr'><em>τὴν</em></span> <span class='ocrx_word' id='word_1_11' title='bbox 1341 336 1432 381; x_wconf 85' lang='grc' dir='ltr'><strong>Κύ-</strong></span> 
     </span>
     <span class='ocr_line' id='line_1_3' title="bbox 140 408 1431 469; baseline 0.002 -13"><span class='ocrx_word' id='word_1_12' title='bbox 140 421 288 469; x_wconf 83' lang='grc' dir='ltr'><em>5,,ρου</em></span> <span class='ocrx_word' id='word_1_13' title='bbox 315 412 431 468; x_wconf 81' lang='grc' dir='ltr'><em>λέγοι</em></span> <span class='ocrx_word' id='word_1_14' title='bbox 459 408 609 468; x_wconf 74' lang='grc' dir='ltr'><em>ἀρχήν.</em></span> <span class='ocrx_word' id='word_1_15' title='bbox 641 409 696 456; x_wconf 81' lang='grc' dir='ltr'><em>οὐ</em></span> <span class='ocrx_word' id='word_1_16' title='bbox 725 410 956 468; x_wconf 76' lang='grc' dir='ltr'><em>συλλαβῶν</em></span> <span class='ocrx_word' id='word_1_17' title='bbox 986 411 1032 456; x_wconf 78' lang='grc' dir='ltr'><strong>δὲ</strong></span> <span class='ocrx_word' id='word_1_18' title='bbox 1060 410 1110 456; x_wconf 77' lang='grc' dir='ltr'><strong>τό</strong></span> <span class='ocrx_word' id='word_1_19' title='bbox 1142 413 1299 469; x_wconf 77' lang='grc' dir='ltr'><em>ῥηθὲν,</em></span> <span class='ocrx_word' id='word_1_20' title='bbox 1336 413 1431 459; x_wconf 80' lang='grc' dir='ltr'><em>οὐδ’</em></span> 
     </span>
     <span class='ocr_line' id='line_1_4' title="bbox 170 487 1432 551; baseline 0.002 -15"><span class='ocrx_word' id='word_1_21' title='bbox 170 525 196 545; x_wconf 90' lang='lat'>„</span> <span class='ocrx_word' id='word_1_22' title='bbox 207 490 557 546; x_wconf 77' lang='grc' dir='ltr'><em>ἐπανειρόμενος,</em></span> <span class='ocrx_word' id='word_1_23' title='bbox 586 489 751 534; x_wconf 82' lang='grc' dir='ltr'><em>ἑωυτὸν</em></span> <span class='ocrx_word' id='word_1_24' title='bbox 781 492 922 535; x_wconf 82' lang='grc' dir='ltr'><em>αἴτιον</em></span> <span class='ocrx_word' id='word_1_25' title='bbox 951 488 1243 547; x_wconf 77' lang='grc' dir='ltr'><em>ἀποφαινέτω.</em></span> <span class='ocrx_word' id='word_1_26' title='bbox 1293 487 1330 551; x_wconf 67' lang='grc' dir='ltr'><em>ᾧ</em></span> <span class='ocrx_word' id='word_1_27' title='bbox 1357 493 1432 538; x_wconf 81' lang='grc' dir='ltr'><strong>καὶ</strong></span> 
     </span>
     <span class='ocr_line' id='line_1_5' title="bbox 167 567 1430 628; baseline 0.002 -14"><span class='ocrx_word' id='word_1_28' title='bbox 167 570 252 624; x_wconf 83' lang='grc' dir='ltr'><strong>,,τὸ</strong></span> <span class='ocrx_word' id='word_1_29' title='bbox 280 572 527 613; x_wconf 83' lang='grc' dir='ltr'><em>τελευταῖον</em></span> <span class='ocrx_word' id='word_1_30' title='bbox 563 570 969 628; x_wconf 80' lang='grc' dir='ltr'><em>χρηστηριαζομένῳ</em></span> <span class='ocrx_word' id='word_1_31' title='bbox 1010 567 1103 614; x_wconf 79' lang='grc' dir='ltr'><em>εἶπε</em></span> <span class='ocrx_word' id='word_1_32' title='bbox 1139 570 1193 614; x_wconf 81' lang='grc' dir='ltr'><strong>τὰ</strong></span> <span class='ocrx_word' id='word_1_33' title='bbox 1223 569 1316 616; x_wconf 79' lang='grc' dir='ltr'><em>εἷπε</em></span> <span class='ocrx_word' id='word_1_34' title='bbox 1345 575 1430 616; x_wconf 86' lang='grc' dir='ltr'><em>Λο-</em></span> 
     </span>
     <span class='ocr_line' id='line_1_6' title="bbox 143 644 1454 707; baseline 0.003 -18"><span class='ocrx_word' id='word_1_35' title='bbox 143 649 296 704; x_wconf 83' lang='grc' dir='ltr'><em>6,,ξίης</em></span> <span class='ocrx_word' id='word_1_36' title='bbox 323 647 424 701; x_wconf 81' lang='grc' dir='ltr'><em>περὶ</em></span> <span class='ocrx_word' id='word_1_37' title='bbox 458 645 666 704; x_wconf 81' lang='grc' dir='ltr'><em>ἡμιόνου·</em></span> <span class='ocrx_word' id='word_1_38' title='bbox 694 646 797 693; x_wconf 83' lang='grc' dir='ltr'><em>οὐδὲ</em></span> <span class='ocrx_word' id='word_1_39' title='bbox 826 652 955 693; x_wconf 86' lang='grc' dir='ltr'><em>τοῦτο</em></span> <span class='ocrx_word' id='word_1_40' title='bbox 988 649 1214 706; x_wconf 81' lang='grc' dir='ltr'><strong><em>συνέλαβε.</em></strong></span> <span class='ocrx_word' id='word_1_41' title='bbox 1254 644 1311 707; x_wconf 78' lang='grc' dir='ltr'><em>ἦν</em></span> <span class='ocrx_word' id='word_1_42' title='bbox 1338 650 1454 707; x_wconf 77' lang='grc' dir='ltr'><strong>γὰρι</strong></span> 
     </span>
     <span class='ocr_line' id='line_1_7' title="bbox 164 719 1539 785; baseline 0.003 -15"><span class='ocrx_word' id='word_1_43' title='bbox 164 725 255 782; x_wconf 63' lang='grc' dir='ltr'><strong>»δὴ</strong></span> <span class='ocrx_word' id='word_1_44' title='bbox 284 724 307 770; x_wconf 92' lang='grc' dir='ltr'>ὁ</span> <span class='ocrx_word' id='word_1_45' title='bbox 337 729 490 782; x_wconf 83' lang='grc' dir='ltr'><em>Κῦρος</em></span> <span class='ocrx_word' id='word_1_46' title='bbox 522 721 651 779; x_wconf 79' lang='grc' dir='ltr'><em>οὗτος</em></span> <span class='ocrx_word' id='word_1_47' title='bbox 679 727 887 785; x_wconf 81' lang='grc' dir='ltr'><em>ἡμίονος·</em></span> <span class='ocrx_word' id='word_1_48' title='bbox 919 728 966 773; x_wconf 78' lang='grc' dir='ltr'><strong>ἐκ</strong></span> <span class='ocrx_word' id='word_1_49' title='bbox 995 728 1078 785; x_wconf 71' lang='grc' dir='ltr'><strong>γάρ</strong></span> <span class='ocrx_word' id='word_1_50' title='bbox 1112 731 1239 773; x_wconf 84' lang='grc' dir='ltr'><em>δυοῖν</em></span> <span class='ocrx_word' id='word_1_51' title='bbox 1269 728 1351 774; x_wconf 85' lang='grc' dir='ltr'><em>οὐκ</em></span> <span class='ocrx_word' id='word_1_52' title='bbox 1383 728 1427 774; x_wconf 87' lang='grc' dir='ltr'><strong>ὁ-</strong></span> <span class='ocrx_word' id='word_1_53' title='bbox 1484 719 1539 763; x_wconf 84' lang='lat'><strong>47</strong></span> 
     </span>
     <span class='ocr_line' id='line_1_8' title="bbox 164 796 1425 865; baseline 0.004 -17"><span class='ocrx_word' id='word_1_54' title='bbox 164 803 424 862; x_wconf 80' lang='grc' dir='ltr'><em>,,μοεθνέων</em></span> <span class='ocrx_word' id='word_1_55' title='bbox 452 805 666 864; x_wconf 77' lang='grc' dir='ltr'><em>ἐγεγόνεε,</em></span> <span class='ocrx_word' id='word_1_56' title='bbox 711 796 872 864; x_wconf 85' lang='grc' dir='ltr'><em>μητρὸς</em></span> <span class='ocrx_word' id='word_1_57' title='bbox 901 806 1154 864; x_wconf 75' lang='grc' dir='ltr'><em>ἀμείνονος,</em></span> <span class='ocrx_word' id='word_1_58' title='bbox 1184 808 1348 865; x_wconf 85' lang='grc' dir='ltr'><em>πατρὸς</em></span> <span class='ocrx_word' id='word_1_59' title='bbox 1378 810 1425 854; x_wconf 81' lang='grc' dir='ltr'><strong>δὲ</strong></span> 
     </span>
     <span class='ocr_line' id='line_1_9' title="bbox 134 880 1426 945; baseline 0.005 -19"><span class='ocrx_word' id='word_1_60' title='bbox 134 882 529 941; x_wconf 78' lang='grc' dir='ltr'><em>7,,ὖποδεεστέρου.</em></span> <span class='ocrx_word' id='word_1_61' title='bbox 572 886 600 943; x_wconf 79' lang='grc' dir='ltr'><strong><em>ἡ</em></strong></span> <span class='ocrx_word' id='word_1_62' title='bbox 629 885 706 944; x_wconf 79' lang='grc' dir='ltr'><strong>μὲν</strong></span> <span class='ocrx_word' id='word_1_63' title='bbox 734 885 820 942; x_wconf 72' lang='grc' dir='ltr'><strong>γάρ</strong></span> <span class='ocrx_word' id='word_1_64' title='bbox 850 880 907 943; x_wconf 80' lang='grc' dir='ltr'><em>ἦν</em></span> <span class='ocrx_word' id='word_1_65' title='bbox 935 888 1108 945; x_wconf 82' lang='grc' dir='ltr'><strong><em>Μηδὶς,</em></strong></span> <span class='ocrx_word' id='word_1_66' title='bbox 1147 889 1222 932; x_wconf 81' lang='grc' dir='ltr'><strong>καὶ</strong></span> <span class='ocrx_word' id='word_1_67' title='bbox 1245 886 1426 932; x_wconf 68' lang='lat' dir='ltr'><strong>&#39;Aemi-</strong></span> 
     </span>
     <span class='ocr_line' id='line_1_10' title="bbox 161 963 1425 1024; baseline 0.003 -17"><span class='ocrx_word' id='word_1_68' title='bbox 161 980 296 1021; x_wconf 87' lang='grc' dir='ltr'><em>,,γεος</em></span> <span class='ocrx_word' id='word_1_69' title='bbox 324 963 522 1022; x_wconf 79' lang='grc' dir='ltr'><em>θυγάτηρ</em></span> <span class='ocrx_word' id='word_1_70' title='bbox 552 970 632 1010; x_wconf 87' lang='grc' dir='ltr'><em>τοῦ</em></span> <span class='ocrx_word' id='word_1_71' title='bbox 661 965 834 1023; x_wconf 82' lang='grc' dir='ltr'><em>Μήδων</em></span> <span class='ocrx_word' id='word_1_72' title='bbox 874 967 1095 1024; x_wconf 80' lang='grc' dir='ltr'><em>βασιλέος·</em></span> <span class='ocrx_word' id='word_1_73' title='bbox 1142 965 1165 1012; x_wconf 88' lang='grc' dir='ltr'>ὁ</span> <span class='ocrx_word' id='word_1_74' title='bbox 1197 968 1266 1021; x_wconf 81' lang='grc' dir='ltr'><strong>δὲ,</strong></span> <span class='ocrx_word' id='word_1_75' title='bbox 1307 966 1425 1023; x_wconf 82' lang='grc' dir='ltr'><em>Πέρ-</em></span> 
     </span>
     <span class='ocr_line' id='line_1_11' title="bbox 162 1040 1452 1103; baseline 0.001 -16"><span class='ocrx_word' id='word_1_76' title='bbox 162 1054 279 1099; x_wconf 87' lang='grc' dir='ltr'><em>,,σης</em></span> <span class='ocrx_word' id='word_1_77' title='bbox 306 1060 350 1088; x_wconf 89' lang='grc' dir='ltr'><strong>τε</strong></span> <span class='ocrx_word' id='word_1_78' title='bbox 378 1040 454 1101; x_wconf 80' lang='grc' dir='ltr'><em>ἦν,</em></span> <span class='ocrx_word' id='word_1_79' title='bbox 484 1045 556 1088; x_wconf 84' lang='grc' dir='ltr'><strong>καὶ</strong></span> <span class='ocrx_word' id='word_1_80' title='bbox 585 1043 823 1103; x_wconf 78' lang='grc' dir='ltr'><em>ἀρχόμενος</em></span> <span class='ocrx_word' id='word_1_81' title='bbox 852 1044 924 1090; x_wconf 80' lang='grc' dir='ltr'><strong>ὑπ’</strong></span> <span class='ocrx_word' id='word_1_82' title='bbox 952 1046 1176 1090; x_wconf 79' lang='grc' dir='ltr'><em>ἐκείνοισι·</em></span> <span class='ocrx_word' id='word_1_83' title='bbox 1206 1047 1279 1091; x_wconf 78' lang='grc' dir='ltr'><strong>καὶ</strong></span> <span class='ocrx_word' id='word_1_84' title='bbox 1305 1046 1452 1102; x_wconf 51' lang='lat' dir='ltr'><strong>{vso-5</strong></span> 
     </span>
     <span class='ocr_line' id='line_1_12' title="bbox 162 1121 1424 1183; baseline 0.003 -18"><span class='ocrx_word' id='word_1_85' title='bbox 162 1126 249 1175; x_wconf 65' lang='lat'><strong>„138</strong></span> <span class='ocrx_word' id='word_1_86' title='bbox 278 1121 362 1167; x_wconf 75' lang='grc' dir='ltr'><em>ἐών</em></span> <span class='ocrx_word' id='word_1_87' title='bbox 390 1128 503 1168; x_wconf 87' lang='grc' dir='ltr'><em>τοῖσι</em></span> <span class='ocrx_word' id='word_1_88' title='bbox 532 1123 689 1178; x_wconf 79' lang='grc' dir='ltr'><em>ἅπασι,</em></span> <span class='ocrx_word' id='word_1_89' title='bbox 741 1127 947 1183; x_wconf 74' lang='grc' dir='ltr'><em>δεσποίνῃ</em></span> <span class='ocrx_word' id='word_1_90' title='bbox 984 1128 1039 1183; x_wconf 82' lang='grc' dir='ltr'><strong>τῇ</strong></span> <span class='ocrx_word' id='word_1_91' title='bbox 1077 1125 1246 1170; x_wconf 77' lang='grc' dir='ltr'><em>ἑωυτοῦ</em></span> <span class='ocrx_word' id='word_1_92' title='bbox 1281 1126 1424 1170; x_wconf 86' lang='grc' dir='ltr'><em>συνοί-</em></span> 
     </span>
    </p>
   </div>
   <div class='ocr_carea' id='block_1_3' title="bbox 112 1231 382 1239">
    <p class='ocr_par' dir='ltr' id='par_1_3' title="bbox 112 1231 382 1239">
     <span class='ocr_line' id='line_1_13' title="bbox 112 1231 382 1239; baseline 0 2076"><span class='ocrx_word' id='word_1_93' title='bbox 112 1231 382 1239; x_wconf 95' lang='lat' dir='ltr'><strong> </strong></span> 
     </span>
    </p>
   </div>
   <div class='ocr_carea' id='block_1_4' title="bbox 74 1297 759 2922">
    <p class='ocr_par' dir='ltr' id='par_1_4' title="bbox 102 1297 758 1630">
     <span class='ocr_line' id='line_1_14' title="bbox 107 1297 756 1350; baseline 0.003 -16"><span class='ocrx_word' id='word_1_94' title='bbox 107 1297 130 1334; x_wconf 86' lang='grc' dir='ltr'><strong>ὶ.</strong></span> <span class='ocrx_word' id='word_1_95' title='bbox 151 1310 183 1335; x_wconf 90' lang='lat' dir='ltr'><strong>e.</strong></span> <span class='ocrx_word' id='word_1_96' title='bbox 213 1309 289 1334; x_wconf 84' lang='lat' dir='ltr'><strong>eum</strong></span> <span class='ocrx_word' id='word_1_97' title='bbox 306 1310 387 1335; x_wconf 75' lang='lat' dir='ltr'><strong>vero</strong></span> <span class='ocrx_word' id='word_1_98' title='bbox 397 1297 447 1335; x_wconf 76' lang='lat' dir='ltr'><strong>ad</strong></span> <span class='ocrx_word' id='word_1_99' title='bbox 456 1297 644 1350; x_wconf 85' lang='lat' dir='ltr'><strong>(propter)</strong></span> <span class='ocrx_word' id='word_1_100' title='bbox 658 1298 756 1348; x_wconf 78' lang='lat' dir='ltr'><strong>haec,</strong></span> 
     </span>
     <span class='ocr_line' id='line_1_15' title="bbox 107 1354 756 1403; baseline 0.003 -13"><span class='ocrx_word' id='word_1_101' title='bbox 107 1355 141 1390; x_wconf 78' lang='lat' dir='ltr'><strong>si</strong></span> <span class='ocrx_word' id='word_1_102' title='bbox 164 1354 244 1390; x_wconf 82' lang='lat' dir='ltr'><strong>bene</strong></span> <span class='ocrx_word' id='word_1_103' title='bbox 277 1354 451 1392; x_wconf 84' lang='lat' dir='ltr'><strong>consulere</strong></span> <span class='ocrx_word' id='word_1_104' title='bbox 475 1355 545 1392; x_wconf 77' lang='lat' dir='ltr'><strong>sz&#39;bz&#39;</strong></span> <span class='ocrx_word' id='word_1_105' title='bbox 575 1355 756 1403; x_wconf 73' lang='lat' dir='ltr'><strong>voluisset,</strong></span> 
     </span>
     <span class='ocr_line' id='line_1_16' title="bbox 105 1410 755 1459; baseline 0.006 -13"><span class='ocrx_word' id='word_1_106' title='bbox 105 1410 279 1459; x_wconf 83' lang='lat' dir='ltr'><em>oportebat</em></span> <span class='ocrx_word' id='word_1_107' title='bbox 296 1410 406 1447; x_wconf 81' lang='lat' dir='ltr'><strong>denuo</strong></span> <span class='ocrx_word' id='word_1_108' title='bbox 432 1413 567 1448; x_wconf 79' lang='lat' dir='ltr'><strong>mittere</strong></span> <span class='ocrx_word' id='word_1_109' title='bbox 590 1415 755 1450; x_wconf 72' lang='lat' dir='ltr'><strong>sciscita-</strong></span> 
     </span>
     <span class='ocr_line' id='line_1_17' title="bbox 105 1464 758 1517; baseline 0.006 -14"><span class='ocrx_word' id='word_1_110' title='bbox 105 1469 189 1504; x_wconf 80' lang='lat' dir='ltr'><strong>tum.</strong></span> <span class='ocrx_word' id='word_1_111' title='bbox 245 1464 305 1504; x_wconf 88' lang='lat' dir='ltr'><strong>De</strong></span> <span class='ocrx_word' id='word_1_112' title='bbox 327 1468 427 1517; x_wconf 82' lang='grc' dir='ltr'><em>χρῆν</em></span> <span class='ocrx_word' id='word_1_113' title='bbox 457 1469 552 1505; x_wconf 87' lang='lat' dir='ltr'><strong>conf.</strong></span> <span class='ocrx_word' id='word_1_114' title='bbox 581 1467 621 1517; x_wconf 83' lang='grc' dir='ltr'><strong>Ι,</strong></span> <span class='ocrx_word' id='word_1_115' title='bbox 638 1470 692 1510; x_wconf 88' lang='lat'><strong>39</strong></span> <span class='ocrx_word' id='word_1_116' title='bbox 720 1474 758 1507; x_wconf 87' lang='lat' dir='ltr'><strong>et</strong></span> 
     </span>
     <span class='ocr_line' id='line_1_18' title="bbox 103 1520 756 1578; baseline 0.015 -19"><span class='ocrx_word' id='word_1_117' title='bbox 103 1521 235 1578; x_wconf 85' lang='lat' dir='ltr'><strong>Matth.</strong></span> <span class='ocrx_word' id='word_1_118' title='bbox 261 1520 298 1574; x_wconf 76' lang='lat'><strong>§-</strong></span> <span class='ocrx_word' id='word_1_119' title='bbox 322 1523 427 1572; x_wconf 86' lang='lat'>505,</span> <span class='ocrx_word' id='word_1_120' title='bbox 449 1526 476 1565; x_wconf 84' lang='lat'><strong>2</strong></span> <span class='ocrx_word' id='word_1_121' title='bbox 501 1528 577 1562; x_wconf 89' lang='lat' dir='ltr'><strong>not.</strong></span> <span class='ocrx_word' id='word_1_122' title='bbox 606 1538 643 1577; x_wconf 92' lang='lat' dir='ltr'><strong>p</strong></span> <span class='ocrx_word' id='word_1_123' title='bbox 660 1525 756 1574; x_wconf 83' lang='lat'><strong>958,</strong></span> 
     </span>
     <span class='ocr_line' id='line_1_19' title="bbox 102 1578 292 1630; baseline 0 -13"><span class='ocrx_word' id='word_1_124' title='bbox 102 1591 151 1618; x_wconf 86' lang='lat' dir='ltr'><strong>ne</strong></span> <span class='ocrx_word' id='word_1_125' title='bbox 177 1578 292 1630; x_wconf 83' lang='lat' dir='ltr'><strong>plura.</strong></span> 
     </span>
    </p>

    <p class='ocr_par' dir='ltr' id='par_1_5' title="bbox 74 1631 759 2922">
     <span class='ocr_line' id='line_1_20' title="bbox 162 1631 759 1690; baseline 0.005 -16"><span class='ocrx_word' id='word_1_126' title='bbox 162 1631 248 1674; x_wconf 81' lang='grc' dir='ltr'><em>εἷπε</em></span> <span class='ocrx_word' id='word_1_127' title='bbox 278 1631 326 1674; x_wconf 78' lang='grc' dir='ltr'><strong>τὰ</strong></span> <span class='ocrx_word' id='word_1_128' title='bbox 361 1631 448 1675; x_wconf 81' lang='grc' dir='ltr'><em>εἷπε</em></span> <span class='ocrx_word' id='word_1_129' title='bbox 485 1636 639 1688; x_wconf 80' lang='grc' dir='ltr'><em>Λοξίης</em></span> <span class='ocrx_word' id='word_1_130' title='bbox 668 1636 759 1690; x_wconf 83' lang='grc' dir='ltr'><em>περὶ</em></span> 
     </span>
     <span class='ocr_line' id='line_1_21' title="bbox 104 1686 759 1743; baseline 0.006 -13"><span class='ocrx_word' id='word_1_131' title='bbox 104 1686 301 1743; x_wconf 73' lang='grc' dir='ltr'><em>ἡμιόνου]</em></span> <span class='ocrx_word' id='word_1_132' title='bbox 338 1692 400 1730; x_wconf 90' lang='lat' dir='ltr'><strong>Sic</strong></span> <span class='ocrx_word' id='word_1_133' title='bbox 430 1692 488 1741; x_wconf 84' lang='grc' dir='ltr'><strong>ΙΙ,</strong></span> <span class='ocrx_word' id='word_1_134' title='bbox 520 1693 574 1736; x_wconf 84' lang='grc'><strong>49</strong></span> <span class='ocrx_word' id='word_1_135' title='bbox 601 1697 759 1734; x_wconf 82' lang='grc' dir='ltr'><em>ποιεῦσι</em></span> 
     </span>
     <span class='ocr_line' id='line_1_22' title="bbox 104 1744 759 1802; baseline 0.002 -15"><span class='ocrx_word' id='word_1_136' title='bbox 104 1763 152 1787; x_wconf 86' lang='grc' dir='ltr'><strong>τα</strong></span> <span class='ocrx_word' id='word_1_137' title='bbox 169 1750 327 1788; x_wconf 87' lang='grc' dir='ltr'><em>ποιεῦσι</em></span> <span class='ocrx_word' id='word_1_138' title='bbox 335 1744 545 1800; x_wconf 86' lang='grc' dir='ltr'><em>Ἕλληνες,</em></span> <span class='ocrx_word' id='word_1_139' title='bbox 565 1763 659 1800; x_wconf 84' lang='lat' dir='ltr'><strong>quae</strong></span> <span class='ocrx_word' id='word_1_140' title='bbox 676 1751 759 1802; x_wconf 82' lang='lat' dir='ltr'><strong>ipsa</strong></span> 
     </span>
     <span class='ocr_line' id='line_1_23' title="bbox 105 1804 757 1844; baseline 0.005 -3"><span class='ocrx_word' id='word_1_141' title='bbox 105 1804 220 1842; x_wconf 83' lang='lat' dir='ltr'><strong>citans</strong></span> <span class='ocrx_word' id='word_1_142' title='bbox 263 1804 525 1843; x_wconf 85' lang='lat' dir='ltr'>Valckenarius</span> <span class='ocrx_word' id='word_1_143' title='bbox 561 1807 670 1844; x_wconf 85' lang='lat' dir='ltr'>scribi</span> <span class='ocrx_word' id='word_1_144' title='bbox 701 1812 757 1844; x_wconf 81' lang='lat' dir='ltr'><strong>ta-</strong></span> 
     </span>
     <span class='ocr_line' id='line_1_24' title="bbox 104 1859 757 1910; baseline 0.009 -13"><span class='ocrx_word' id='word_1_145' title='bbox 104 1873 188 1899; x_wconf 88' lang='lat' dir='ltr'><strong>men</strong></span> <span class='ocrx_word' id='word_1_146' title='bbox 217 1860 252 1898; x_wconf 90' lang='lat' dir='ltr'><strong>h.</strong></span> <span class='ocrx_word' id='word_1_147' title='bbox 280 1860 303 1898; x_wconf 89' lang='lat' dir='ltr'><strong>l.</strong></span> <span class='ocrx_word' id='word_1_148' title='bbox 334 1861 486 1910; x_wconf 86' lang='lat' dir='ltr'><strong>mavult,</strong></span> <span class='ocrx_word' id='word_1_149' title='bbox 525 1861 639 1900; x_wconf 82' lang='lat' dir='ltr'><strong>altero</strong></span> <span class='ocrx_word' id='word_1_150' title='bbox 673 1859 757 1903; x_wconf 82' lang='grc' dir='ltr'><em>εἷπε</em></span> 
     </span>
     <span class='ocr_line' id='line_1_25' title="bbox 104 1913 756 1971; baseline 0.011 -18"><span class='ocrx_word' id='word_1_151' title='bbox 104 1917 257 1954; x_wconf 88' lang='lat' dir='ltr'><strong>omisso:</strong></span> <span class='ocrx_word' id='word_1_152' title='bbox 287 1913 335 1956; x_wconf 76' lang='grc' dir='ltr'><em>τοὶ</em></span> <span class='ocrx_word' id='word_1_153' title='bbox 366 1913 452 1957; x_wconf 83' lang='grc' dir='ltr'><em>εἷπε</em></span> <span class='ocrx_word' id='word_1_154' title='bbox 479 1919 633 1970; x_wconf 83' lang='grc' dir='ltr'><em>Λοξίης</em></span> <span class='ocrx_word' id='word_1_155' title='bbox 665 1918 756 1971; x_wconf 84' lang='grc' dir='ltr'><em>περὶ</em></span> 
     </span>
     <span class='ocr_line' id='line_1_26' title="bbox 103 1968 754 2027; baseline 0.008 -16"><span class='ocrx_word' id='word_1_156' title='bbox 103 1968 276 2024; x_wconf 76' lang='grc' dir='ltr'><em>ἡμιόνου</em></span> <span class='ocrx_word' id='word_1_157' title='bbox 297 1968 391 2013; x_wconf 85' lang='grc' dir='ltr'><em>ου’δὲ</em></span> <span class='ocrx_word' id='word_1_158' title='bbox 410 1989 529 2015; x_wconf 88' lang='grc' dir='ltr'><em>τουτο</em></span> <span class='ocrx_word' id='word_1_159' title='bbox 552 1974 754 2027; x_wconf 81' lang='grc' dir='ltr'><em>συνέλαβε,</em></span> 
     </span>
     <span class='ocr_line' id='line_1_27' title="bbox 97 2029 755 2080; baseline 0.006 -13"><span class='ocrx_word' id='word_1_160' title='bbox 97 2029 156 2068; x_wconf 80' lang='lat' dir='ltr'><strong>,ita</strong></span> <span class='ocrx_word' id='word_1_161' title='bbox 171 2033 210 2067; x_wconf 93' lang='lat' dir='ltr'><strong>ut</strong></span> <span class='ocrx_word' id='word_1_162' title='bbox 225 2030 335 2067; x_wconf 81' lang='lat' dir='ltr'><strong>verba</strong></span> <span class='ocrx_word' id='word_1_163' title='bbox 353 2032 544 2080; x_wconf 83' lang='lat' dir='ltr'><strong>sequentia</strong></span> <span class='ocrx_word' id='word_1_164' title='bbox 562 2037 659 2070; x_wconf 83' lang='lat' dir='ltr'><strong>arcte</strong></span> <span class='ocrx_word' id='word_1_165' title='bbox 675 2047 755 2071; x_wconf 89' lang='lat' dir='ltr'><strong>cum</strong></span> 
     </span>
     <span class='ocr_line' id='line_1_28' title="bbox 74 2085 756 2139; baseline 0.009 -17"><span class='ocrx_word' id='word_1_166' title='bbox 74 2136 81 2139; x_wconf 9' lang='grc' dir='ltr'>ᾖ</span> <span class='ocrx_word' id='word_1_167' title='bbox 104 2085 162 2123; x_wconf 86' lang='lat' dir='ltr'><strong>his</strong></span> <span class='ocrx_word' id='word_1_168' title='bbox 208 2090 487 2136; x_wconf 86' lang='lat' dir='ltr'><strong>connectantur,</strong></span> <span class='ocrx_word' id='word_1_169' title='bbox 554 2089 756 2138; x_wconf 85' lang='lat' dir='ltr'><strong>eademque</strong></span> 
     </span>
     <span class='ocr_line' id='line_1_29' title="bbox 105 2141 756 2194; baseline 0.008 -14"><span class='ocrx_word' id='word_1_170' title='bbox 105 2141 234 2180; x_wconf 82' lang='lat' dir='ltr'><strong>existat</strong></span> <span class='ocrx_word' id='word_1_171' title='bbox 256 2143 431 2180; x_wconf 80' lang='lat' dir='ltr'><strong>orationis</strong></span> <span class='ocrx_word' id='word_1_172' title='bbox 448 2149 628 2182; x_wconf 85' lang='lat' dir='ltr'><strong>structura</strong></span> <span class='ocrx_word' id='word_1_173' title='bbox 639 2143 710 2194; x_wconf 77' lang='grc' dir='ltr'><em>(ου’</em></span> <span class='ocrx_word' id='word_1_174' title='bbox 714 2144 756 2185; x_wconf 83' lang='grc' dir='ltr'><strong>δὲ</strong></span> 
     </span>
     <span class='ocr_line' id='line_1_30' title="bbox 102 2196 757 2251; baseline 0.005 -14"><span class='ocrx_word' id='word_1_175' title='bbox 102 2200 248 2238; x_wconf 83' lang='grc' dir='ltr'><em>τοῦτο</em></span> <span class='ocrx_word' id='word_1_176' title='bbox 268 2221 324 2226; x_wconf 85' lang='grc'>-</span> <span class='ocrx_word' id='word_1_177' title='bbox 347 2197 404 2238; x_wconf 80' lang='grc' dir='ltr'><em>τοὶ</em></span> <span class='ocrx_word' id='word_1_178' title='bbox 426 2196 543 2250; x_wconf 83' lang='grc' dir='ltr'><em>εἷπε),</em></span> <span class='ocrx_word' id='word_1_179' title='bbox 573 2215 681 2251; x_wconf 83' lang='lat' dir='ltr'><strong>quam</strong></span> <span class='ocrx_word' id='word_1_180' title='bbox 708 2203 757 2240; x_wconf 83' lang='lat' dir='ltr'><strong>ad</strong></span> 
     </span>
     <span class='ocr_line' id='line_1_31' title="bbox 102 2254 756 2302; baseline 0.011 -11"><span class='ocrx_word' id='word_1_181' title='bbox 102 2254 141 2302; x_wconf 92' lang='lat' dir='ltr'><strong>I,</strong></span> <span class='ocrx_word' id='word_1_182' title='bbox 171 2256 224 2296; x_wconf 87' lang='lat'><strong>89</strong></span> <span class='ocrx_word' id='word_1_183' title='bbox 255 2255 303 2294; x_wconf 90' lang='lat' dir='ltr'><strong>in.</strong></span> <span class='ocrx_word' id='word_1_184' title='bbox 335 2257 617 2295; x_wconf 81' lang='lat' dir='ltr'><strong>observavimus.</strong></span> <span class='ocrx_word' id='word_1_185' title='bbox 675 2259 756 2298; x_wconf 84' lang='lat' dir='ltr'><strong>Nec</strong></span> 
     </span>
     <span class='ocr_line' id='line_1_32' title="bbox 104 2313 754 2362; baseline 0.008 -14"><span class='ocrx_word' id='word_1_186' title='bbox 104 2313 225 2349; x_wconf 79' lang='lat' dir='ltr'><strong>tamen</strong></span> <span class='ocrx_word' id='word_1_187' title='bbox 254 2313 445 2362; x_wconf 87' lang='lat' dir='ltr'><strong>quisquam</strong></span> <span class='ocrx_word' id='word_1_188' title='bbox 475 2315 652 2352; x_wconf 83' lang='lat' dir='ltr'><strong>editorum</strong></span> <span class='ocrx_word' id='word_1_189' title='bbox 678 2316 754 2353; x_wconf 80' lang='lat' dir='ltr'><strong>viro</strong></span> 
     </span>
     <span class='ocr_line' id='line_1_33' title="bbox 104 2367 755 2416; baseline 0.009 -13"><span class='ocrx_word' id='word_1_190' title='bbox 104 2367 339 2416; x_wconf 84' lang='lat' dir='ltr'><strong>sagacissimo</strong></span> <span class='ocrx_word' id='word_1_191' title='bbox 359 2369 550 2408; x_wconf 77' lang='lat' dir='ltr'><strong>obsecutus</strong></span> <span class='ocrx_word' id='word_1_192' title='bbox 562 2376 628 2409; x_wconf 90' lang='lat' dir='ltr'><strong>est.</strong></span> <span class='ocrx_word' id='word_1_193' title='bbox 650 2372 755 2409; x_wconf 88' lang='lat' dir='ltr'><strong>Unus</strong></span> 
     </span>
     <span class='ocr_line' id='line_1_34' title="bbox 105 2421 754 2473; baseline 0.008 -13"><span class='ocrx_word' id='word_1_194' title='bbox 105 2421 281 2463; x_wconf 84' lang='lat' dir='ltr'>Matthiae</span> <span class='ocrx_word' id='word_1_195' title='bbox 301 2430 426 2464; x_wconf 85' lang='lat' dir='ltr'><strong>monet</strong></span> <span class='ocrx_word' id='word_1_196' title='bbox 439 2455 450 2473; x_wconf 90' lang='lat'>‚</span> <span class='ocrx_word' id='word_1_197' title='bbox 464 2440 604 2464; x_wconf 81' lang='lat' dir='ltr'><strong>comma</strong></span> <span class='ocrx_word' id='word_1_198' title='bbox 622 2430 754 2466; x_wconf 83' lang='lat' dir='ltr'><strong>rectius</strong></span> 
     </span>
     <span class='ocr_line' id='line_1_35' title="bbox 107 2479 756 2534; baseline 0.012 -20"><span class='ocrx_word' id='word_1_199' title='bbox 107 2479 194 2530; x_wconf 84' lang='lat' dir='ltr'><strong>poni</strong></span> <span class='ocrx_word' id='word_1_200' title='bbox 232 2485 317 2531; x_wconf 89' lang='lat' dir='ltr'><strong>post</strong></span> <span class='ocrx_word' id='word_1_201' title='bbox 351 2479 547 2533; x_wconf 73' lang='grc' dir='ltr'><em>ἡμιόνου,</em></span> <span class='ocrx_word' id='word_1_202' title='bbox 589 2486 756 2534; x_wconf 86' lang='lat' dir='ltr'><strong>quando-</strong></span> 
     </span>
     <span class='ocr_line' id='line_1_36' title="bbox 108 2535 754 2592; baseline 0.012 -21"><span class='ocrx_word' id='word_1_203' title='bbox 108 2535 250 2584; x_wconf 87' lang='lat' dir='ltr'><strong>quidem</strong></span> <span class='ocrx_word' id='word_1_204' title='bbox 269 2553 313 2578; x_wconf 90' lang='grc' dir='ltr'><em>το</em></span> <span class='ocrx_word' id='word_1_205' title='bbox 337 2541 558 2579; x_wconf 87' lang='grc' dir='ltr'><em>τελευταῖον</em></span> <span class='ocrx_word' id='word_1_206' title='bbox 581 2541 675 2592; x_wconf 79' lang='lat' dir='ltr'><strong>scrip</strong></span> <span class='ocrx_word' id='word_1_207' title='bbox 681 2547 754 2579; x_wconf 68' lang='lat' dir='ltr'><strong>{um</strong></span> 
     </span>
     <span class='ocr_line' id='line_1_37' title="bbox 110 2593 754 2645; baseline 0.016 -18"><span class='ocrx_word' id='word_1_208' title='bbox 110 2602 192 2628; x_wconf 81' lang='lat' dir='ltr'><strong>esse</strong></span> <span class='ocrx_word' id='word_1_209' title='bbox 205 2593 365 2632; x_wconf 85' lang='lat' dir='ltr'><strong>videatur</strong></span> <span class='ocrx_word' id='word_1_210' title='bbox 381 2608 449 2645; x_wconf 89' lang='lat' dir='ltr'><strong>pro</strong></span> <span class='ocrx_word' id='word_1_211' title='bbox 475 2611 497 2636; x_wconf 92' lang='lat' dir='ltr'><strong>o</strong></span> <span class='ocrx_word' id='word_1_212' title='bbox 519 2598 754 2637; x_wconf 84' lang='grc' dir='ltr'><em>τελευταῖον.</em></span> 
     </span>
     <span class='ocr_line' id='line_1_38' title="bbox 108 2644 756 2704; baseline 0.016 -22"><span class='ocrx_word' id='word_1_213' title='bbox 108 2644 152 2682; x_wconf 90' lang='lat' dir='ltr'><strong>ln</strong></span> <span class='ocrx_word' id='word_1_214' title='bbox 173 2658 244 2695; x_wconf 91' lang='lat' dir='ltr'><strong>quo</strong></span> <span class='ocrx_word' id='word_1_215' title='bbox 269 2649 474 2700; x_wconf 76' lang='lat' dir='ltr'><strong>obloquitur</strong></span> <span class='ocrx_word' id='word_1_216' title='bbox 499 2653 630 2692; x_wconf 89' lang='lat' dir='ltr'><strong>Struve</strong></span> <span class='ocrx_word' id='word_1_217' title='bbox 647 2654 756 2704; x_wconf 81' lang='lat' dir='ltr'><strong>Spec-</strong></span> 
     </span>
     <span class='ocr_line' id='line_1_39' title="bbox 112 2701 756 2759; baseline 0.018 -22"><span class='ocrx_word' id='word_1_218' title='bbox 112 2701 261 2745; x_wconf 84' lang='lat' dir='ltr'><strong>Quaest.</strong></span> <span class='ocrx_word' id='word_1_219' title='bbox 287 2705 424 2745; x_wconf 84' lang='lat' dir='ltr'><strong>Herod.</strong></span> <span class='ocrx_word' id='word_1_220' title='bbox 453 2722 491 2759; x_wconf 86' lang='lat' dir='ltr'><strong>p.</strong></span> <span class='ocrx_word' id='word_1_221' title='bbox 519 2712 574 2750; x_wconf 82' lang='grc'><strong>27</strong></span> <span class='ocrx_word' id='word_1_222' title='bbox 603 2711 652 2747; x_wconf 82' lang='lat' dir='ltr'><strong>ad</strong></span> <span class='ocrx_word' id='word_1_223' title='bbox 669 2710 756 2748; x_wconf 84' lang='lat' dir='ltr'><strong>Val-</strong></span> 
     </span>
     <span class='ocr_line' id='line_1_40' title="bbox 111 2757 757 2814; baseline 0.017 -21"><span class='ocrx_word' id='word_1_224' title='bbox 111 2757 268 2796; x_wconf 83' lang='lat' dir='ltr'><strong>ckenarii</strong></span> <span class='ocrx_word' id='word_1_225' title='bbox 289 2767 411 2811; x_wconf 84' lang='lat' dir='ltr'><strong>partes</strong></span> <span class='ocrx_word' id='word_1_226' title='bbox 437 2766 555 2814; x_wconf 84' lang='lat' dir='ltr'><strong>magis</strong></span> <span class='ocrx_word' id='word_1_227' title='bbox 581 2766 757 2804; x_wconf 83' lang='lat' dir='ltr'><strong>inclinans</strong></span> 
     </span>
     <span class='ocr_line' id='line_1_41' title="bbox 112 2813 757 2875; baseline 0.018 -25"><span class='ocrx_word' id='word_1_228' title='bbox 112 2817 149 2851; x_wconf 89' lang='lat' dir='ltr'><strong>et</strong></span> <span class='ocrx_word' id='word_1_229' title='bbox 168 2814 324 2854; x_wconf 80' lang='lat' dir='ltr'><strong>dativum</strong></span> <span class='ocrx_word' id='word_1_230' title='bbox 351 2813 417 2872; x_wconf 74' lang='grc' dir='ltr'><em>ᾦ</em></span> <span class='ocrx_word' id='word_1_231' title='bbox 409 2833 446 2858; x_wconf 85' lang='lat' dir='ltr'>m</span> <span class='ocrx_word' id='word_1_232' title='bbox 469 2824 523 2875; x_wconf 85' lang='grc' dir='ltr'><strong>τῷ</strong></span> <span class='ocrx_word' id='word_1_233' title='bbox 541 2821 670 2861; x_wconf 85' lang='lat' dir='ltr'><strong>saltem</strong></span> <span class='ocrx_word' id='word_1_234' title='bbox 699 2836 757 2862; x_wconf 89' lang='lat' dir='ltr'><strong>re-</strong></span> 
     </span>
     <span class='ocr_line' id='line_1_42' title="bbox 113 2869 759 2922; baseline 0.019 -15"><span class='ocrx_word' id='word_1_235' title='bbox 113 2869 320 2922; x_wconf 79' lang='lat' dir='ltr'><strong>fingendum</strong></span> <span class='ocrx_word' id='word_1_236' title='bbox 335 2887 496 2916; x_wconf 74' lang='lat' dir='ltr'><strong>monenS.</strong></span> <span class='ocrx_word' id='word_1_237' title='bbox 553 2878 609 2917; x_wconf 86' lang='lat' dir='ltr'><strong>Ex</strong></span> <span class='ocrx_word' id='word_1_238' title='bbox 627 2878 759 2919; x_wconf 78' lang='lat' dir='ltr'><strong>Aldina</strong></span> 
     </span>
    </p>
   </div>
   <div class='ocr_carea' id='block_1_5' title="bbox 821 1297 1482 2592">
    <p class='ocr_par' dir='ltr' id='par_1_6' title="bbox 821 1297 1482 2423">
     <span class='ocr_line' id='line_1_43' title="bbox 826 1297 1476 1351; baseline 0.003 -13"><span class='ocrx_word' id='word_1_239' title='bbox 826 1299 987 1338; x_wconf 78' lang='lat' dir='ltr'><strong>editores</strong></span> <span class='ocrx_word' id='word_1_240' title='bbox 1015 1300 1250 1338; x_wconf 86' lang='lat' dir='ltr'><strong>restituerunt</strong></span> <span class='ocrx_word' id='word_1_241' title='bbox 1274 1297 1476 1351; x_wconf 77' lang='grc' dir='ltr'><em>συνέλαβε,</em></span> 
     </span>
     <span class='ocr_line' id='line_1_44' title="bbox 824 1357 1480 1406; baseline 0.003 -14"><span class='ocrx_word' id='word_1_242' title='bbox 824 1357 876 1393; x_wconf 84' lang='lat' dir='ltr'><strong>nti</strong></span> <span class='ocrx_word' id='word_1_243' title='bbox 894 1357 965 1394; x_wconf 77' lang='lat' dir='ltr'><strong>iam</strong></span> <span class='ocrx_word' id='word_1_244' title='bbox 990 1357 1135 1406; x_wconf 83' lang='lat' dir='ltr'><strong>scripsit</strong></span> <span class='ocrx_word' id='word_1_245' title='bbox 1161 1357 1258 1394; x_wconf 82' lang='lat' dir='ltr'><strong>idem</strong></span> <span class='ocrx_word' id='word_1_246' title='bbox 1276 1357 1480 1394; x_wconf 81' lang='lat' dir='ltr'><strong>Valckena-</strong></span> 
     </span>
     <span class='ocr_line' id='line_1_45' title="bbox 824 1413 1480 1460; baseline 0 -10"><span class='ocrx_word' id='word_1_247' title='bbox 824 1413 1030 1460; x_wconf 81' lang='lat' dir='ltr'><strong>rius,cun1</strong></span> <span class='ocrx_word' id='word_1_248' title='bbox 1050 1413 1087 1449; x_wconf 90' lang='lat' dir='ltr'><strong>in</strong></span> <span class='ocrx_word' id='word_1_249' title='bbox 1113 1413 1278 1450; x_wconf 86' lang='lat' dir='ltr'><strong>omuibus</strong></span> <span class='ocrx_word' id='word_1_250' title='bbox 1308 1413 1408 1450; x_wconf 80' lang='lat' dir='ltr'><strong>libris</strong></span> <span class='ocrx_word' id='word_1_251' title='bbox 1431 1413 1480 1450; x_wconf 78' lang='lat' dir='ltr'><strong>sit</strong></span> 
     </span>
     <span class='ocr_line' id='line_1_46' title="bbox 825 1456 1482 1521; baseline -0.005 -13"><span class='ocrx_word' id='word_1_252' title='bbox 825 1468 1026 1521; x_wconf 82' lang='grc' dir='ltr'><em>συνέβαλε.</em></span> <span class='ocrx_word' id='word_1_253' title='bbox 1084 1468 1165 1506; x_wconf 85' lang='lat' dir='ltr'><strong>Nos</strong></span> <span class='ocrx_word' id='word_1_254' title='bbox 1201 1456 1391 1521; x_wconf 82' lang='grc' dir='ltr'><em>συνέλαβε</em></span> <span class='ocrx_word' id='word_1_255' title='bbox 1421 1469 1482 1506; x_wconf 92' lang='lat' dir='ltr'><strong>iti-</strong></span> 
     </span>
     <span class='ocr_line' id='line_1_47' title="bbox 827 1525 1478 1576; baseline -0.002 -13"><span class='ocrx_word' id='word_1_256' title='bbox 827 1526 912 1563; x_wconf 89' lang='lat' dir='ltr'><strong>dem</strong></span> <span class='ocrx_word' id='word_1_257' title='bbox 937 1525 1126 1574; x_wconf 83' lang='lat' dir='ltr'><strong>dedimus,</strong></span> <span class='ocrx_word' id='word_1_258' title='bbox 1156 1526 1256 1575; x_wconf 85' lang='lat' dir='ltr'><strong>quod</strong></span> <span class='ocrx_word' id='word_1_259' title='bbox 1285 1530 1359 1564; x_wconf 87' lang='lat' dir='ltr'><strong>est:</strong></span> <span class='ocrx_word' id='word_1_260' title='bbox 1396 1538 1478 1576; x_wconf 78' lang='lat' dir='ltr'><strong>per—</strong></span> 
     </span>
     <span class='ocr_line' id='line_1_48' title="bbox 827 1582 1481 1632; baseline 0 -13"><span class='ocrx_word' id='word_1_261' title='bbox 827 1584 939 1632; x_wconf 77' lang='lat' dir='ltr'><strong>cepit,</strong></span> <span class='ocrx_word' id='word_1_262' title='bbox 977 1582 1175 1628; x_wconf 46' lang='lat' dir='ltr'><strong>intellexa&amp;</strong></span> <span class='ocrx_word' id='word_1_263' title='bbox 1220 1595 1293 1632; x_wconf 84' lang='lat' dir='ltr'><strong>qua</strong></span> <span class='ocrx_word' id='word_1_264' title='bbox 1331 1582 1481 1632; x_wconf 84' lang='lat' dir='ltr'><strong>quidem</strong></span> 
     </span>
     <span class='ocr_line' id='line_1_49' title="bbox 826 1633 1482 1690; baseline 0.003 -15"><span class='ocrx_word' id='word_1_265' title='bbox 826 1638 1092 1687; x_wconf 81' lang='lat' dir='ltr'><strong>significatione</strong></span> <span class='ocrx_word' id='word_1_266' title='bbox 1120 1639 1270 1676; x_wconf 80' lang='lat' dir='ltr'><strong>verbum</strong></span> <span class='ocrx_word' id='word_1_267' title='bbox 1303 1633 1482 1690; x_wconf 76' lang='grc' dir='ltr'><em>συμβάλ-</em></span> 
     </span>
     <span class='ocr_line' id='line_1_50' title="bbox 826 1691 1480 1745; baseline -0.003 -12"><span class='ocrx_word' id='word_1_268' title='bbox 826 1697 933 1743; x_wconf 83' lang='grc' dir='ltr'><em>λειν,</em></span> <span class='ocrx_word' id='word_1_269' title='bbox 965 1691 1262 1745; x_wconf 79' lang='grc' dir='ltr'><em>συμβάλλεσθαι</em></span> <span class='ocrx_word' id='word_1_270' title='bbox 1292 1695 1333 1743; x_wconf 86' lang='grc' dir='ltr'><strong>(ἰ.</strong></span> <span class='ocrx_word' id='word_1_271' title='bbox 1356 1708 1480 1733; x_wconf 84' lang='lat' dir='ltr'><strong>e.con-</strong></span> 
     </span>
     <span class='ocr_line' id='line_1_51' title="bbox 824 1751 1479 1801; baseline 0 -13"><span class='ocrx_word' id='word_1_272' title='bbox 824 1752 971 1801; x_wconf 78' lang='lat' dir='ltr'><strong>iectare)</strong></span> <span class='ocrx_word' id='word_1_273' title='bbox 988 1752 1136 1789; x_wconf 89' lang='lat' dir='ltr'><strong>minime</strong></span> <span class='ocrx_word' id='word_1_274' title='bbox 1159 1751 1323 1789; x_wconf 81' lang='lat' dir='ltr'><strong>adhiberi</strong></span> <span class='ocrx_word' id='word_1_275' title='bbox 1349 1754 1479 1788; x_wconf 87' lang='lat' dir='ltr'><strong>notant</strong></span> 
     </span>
     <span class='ocr_line' id='line_1_52' title="bbox 823 1807 1478 1858; baseline 0.002 -15"><span class='ocrx_word' id='word_1_276' title='bbox 823 1808 889 1844; x_wconf 70' lang='lat' dir='ltr'><strong>viri</strong></span> <span class='ocrx_word' id='word_1_277' title='bbox 911 1808 1019 1845; x_wconf 81' lang='lat' dir='ltr'><strong>docti.</strong></span> <span class='ocrx_word' id='word_1_278' title='bbox 1077 1808 1185 1845; x_wconf 89' lang='lat' dir='ltr'><strong>Conf.</strong></span> <span class='ocrx_word' id='word_1_279' title='bbox 1218 1820 1330 1858; x_wconf 87' lang='lat' dir='ltr'><strong>supra</strong></span> <span class='ocrx_word' id='word_1_280' title='bbox 1354 1807 1390 1854; x_wconf 87' lang='lat' dir='ltr'><strong>I,</strong></span> <span class='ocrx_word' id='word_1_281' title='bbox 1422 1809 1478 1848; x_wconf 87' lang='lat'><strong>63</strong></span> 
     </span>
     <span class='ocr_line' id='line_1_53' title="bbox 825 1863 1478 1914; baseline 0 -14"><span class='ocrx_word' id='word_1_282' title='bbox 825 1865 911 1914; x_wconf 80' lang='lat' dir='ltr'><strong>ibiq.</strong></span> <span class='ocrx_word' id='word_1_283' title='bbox 931 1864 1054 1901; x_wconf 80' lang='lat' dir='ltr'><strong>laudd.</strong></span> <span class='ocrx_word' id='word_1_284' title='bbox 1112 1863 1163 1900; x_wconf 83' lang='lat' dir='ltr'><strong>Et</strong></span> <span class='ocrx_word' id='word_1_285' title='bbox 1184 1865 1284 1913; x_wconf 84' lang='lat' dir='ltr'><strong>quod</strong></span> <span class='ocrx_word' id='word_1_286' title='bbox 1306 1864 1478 1901; x_wconf 86' lang='lat' dir='ltr'><strong>continuo</strong></span> 
     </span>
     <span class='ocr_line' id='line_1_54' title="bbox 823 1917 1476 1971; baseline -0.003 -13"><span class='ocrx_word' id='word_1_287' title='bbox 823 1920 881 1958; x_wconf 76' lang='lat' dir='ltr'><strong>hie</strong></span> <span class='ocrx_word' id='word_1_288' title='bbox 905 1921 1086 1958; x_wconf 79' lang='lat' dir='ltr'><strong>antecedit</strong></span> <span class='ocrx_word' id='word_1_289' title='bbox 1114 1917 1339 1971; x_wconf 79' lang='grc' dir='ltr'><em>συλλαβών,</em></span> <span class='ocrx_word' id='word_1_290' title='bbox 1379 1920 1476 1957; x_wconf 85' lang='lat' dir='ltr'><strong>idem</strong></span> 
     </span>
     <span class='ocr_line' id='line_1_55' title="bbox 822 1977 1480 2026; baseline -0.002 -12"><span class='ocrx_word' id='word_1_291' title='bbox 822 1977 931 2014; x_wconf 87' lang='lat' dir='ltr'><strong>credo</strong></span> <span class='ocrx_word' id='word_1_292' title='bbox 951 1977 1009 2013; x_wconf 78' lang='lat' dir='ltr'><strong>hic</strong></span> <span class='ocrx_word' id='word_1_293' title='bbox 1026 1978 1075 2014; x_wconf 84' lang='lat' dir='ltr'><strong>ad</strong></span> <span class='ocrx_word' id='word_1_294' title='bbox 1099 1989 1247 2024; x_wconf 75' lang='lat' dir='ltr'><strong>veram&gt;</strong></span> <span class='ocrx_word' id='word_1_295' title='bbox 1276 1989 1386 2026; x_wconf 87' lang='lat' dir='ltr'><strong>quam</strong></span> <span class='ocrx_word' id='word_1_296' title='bbox 1412 1988 1480 2013; x_wconf 84' lang='lat' dir='ltr'><strong>no-</strong></span> 
     </span>
     <span class='ocr_line' id='line_1_56' title="bbox 822 2033 1479 2081; baseline 0 -11"><span class='ocrx_word' id='word_1_297' title='bbox 822 2034 879 2070; x_wconf 88' lang='lat' dir='ltr'><strong>bis</strong></span> <span class='ocrx_word' id='word_1_298' title='bbox 899 2033 1046 2071; x_wconf 87' lang='lat' dir='ltr'><strong>dedisse</strong></span> <span class='ocrx_word' id='word_1_299' title='bbox 1073 2033 1257 2081; x_wconf 86' lang='lat' dir='ltr'><strong>videmur,</strong></span> <span class='ocrx_word' id='word_1_300' title='bbox 1288 2033 1479 2070; x_wconf 85' lang='lat' dir='ltr'><strong>lectionem</strong></span> 
     </span>
     <span class='ocr_line' id='line_1_57' title="bbox 823 2088 1479 2140; baseline -0.002 -13"><span class='ocrx_word' id='word_1_301' title='bbox 823 2090 957 2128; x_wconf 89' lang='lat' dir='ltr'><strong>ducere</strong></span> <span class='ocrx_word' id='word_1_302' title='bbox 990 2093 1146 2140; x_wconf 86' lang='lat' dir='ltr'><strong>poterat.</strong></span> <span class='ocrx_word' id='word_1_303' title='bbox 1174 2110 1231 2117; x_wconf 92' lang='lat'><strong>—·</strong></span> <span class='ocrx_word' id='word_1_304' title='bbox 1268 2088 1328 2126; x_wconf 91' lang='lat' dir='ltr'><strong>Ad</strong></span> <span class='ocrx_word' id='word_1_305' title='bbox 1358 2089 1479 2139; x_wconf 89' lang='lat' dir='ltr'><strong>ipsum</strong></span> 
     </span>
     <span class='ocr_line' id='line_1_58' title="bbox 822 2145 1479 2196; baseline -0.002 -13"><span class='ocrx_word' id='word_1_306' title='bbox 822 2145 890 2184; x_wconf 88' lang='lat' dir='ltr'><strong>loci</strong></span> <span class='ocrx_word' id='word_1_307' title='bbox 908 2150 1162 2196; x_wconf 83' lang='lat' dir='ltr'><strong>argumentum</strong></span> <span class='ocrx_word' id='word_1_308' title='bbox 1193 2147 1287 2183; x_wconf 89' lang='lat' dir='ltr'><strong>conf.</strong></span> <span class='ocrx_word' id='word_1_309' title='bbox 1310 2145 1347 2191; x_wconf 87' lang='grc' dir='ltr'><strong>Ι,</strong></span> <span class='ocrx_word' id='word_1_310' title='bbox 1369 2145 1421 2186; x_wconf 83' lang='lat'><strong>55</strong></span> <span class='ocrx_word' id='word_1_311' title='bbox 1441 2149 1479 2183; x_wconf 92' lang='lat' dir='ltr'><strong>et</strong></span> 
     </span>
     <span class='ocr_line' id='line_1_59' title="bbox 823 2201 1478 2253; baseline -0.003 -12"><span class='ocrx_word' id='word_1_312' title='bbox 823 2215 919 2252; x_wconf 89' lang='lat' dir='ltr'><strong>quae</strong></span> <span class='ocrx_word' id='word_1_313' title='bbox 939 2203 989 2240; x_wconf 83' lang='lat' dir='ltr'><strong>ibi</strong></span> <span class='ocrx_word' id='word_1_314' title='bbox 1010 2203 1280 2253; x_wconf 82' lang='lat' dir='ltr'><strong>adscripsimus.</strong></span> <span class='ocrx_word' id='word_1_315' title='bbox 1325 2201 1375 2238; x_wconf 91' lang='lat' dir='ltr'>W</span> <span class='ocrx_word' id='word_1_316' title='bbox 1377 2214 1478 2239; x_wconf 89' lang='lat' dir='ltr'><strong>esse-</strong></span> 
     </span>
     <span class='ocr_line' id='line_1_60' title="bbox 821 2257 1475 2308; baseline -0.002 -13"><span class='ocrx_word' id='word_1_317' title='bbox 821 2259 954 2308; x_wconf 80' lang='lat' dir='ltr'><strong>lingius</strong></span> <span class='ocrx_word' id='word_1_318' title='bbox 974 2260 1008 2296; x_wconf 86' lang='lat' dir='ltr'><strong>h.</strong></span> <span class='ocrx_word' id='word_1_319' title='bbox 1021 2258 1044 2296; x_wconf 92' lang='lat' dir='ltr'><strong>l.</strong></span> <span class='ocrx_word' id='word_1_320' title='bbox 1063 2259 1165 2297; x_wconf 83' lang='lat' dir='ltr'><strong>addit</strong></span> <span class='ocrx_word' id='word_1_321' title='bbox 1184 2258 1320 2296; x_wconf 89' lang='lat' dir='ltr'><strong>Euseb.</strong></span> <span class='ocrx_word' id='word_1_322' title='bbox 1342 2257 1475 2308; x_wconf 86' lang='lat' dir='ltr'><strong>Praep.</strong></span> 
     </span>
     <span class='ocr_line' id='line_1_61' title="bbox 822 2313 1477 2364; baseline -0.002 -12"><span class='ocrx_word' id='word_1_323' title='bbox 822 2315 964 2364; x_wconf 81' lang='lat' dir='ltr'><strong>Evang.</strong></span> <span class='ocrx_word' id='word_1_324' title='bbox 1002 2315 1084 2362; x_wconf 88' lang='lat' dir='ltr'><strong>IX,</strong></span> <span class='ocrx_word' id='word_1_325' title='bbox 1128 2314 1182 2357; x_wconf 82' lang='lat'><strong>41</strong></span> <span class='ocrx_word' id='word_1_326' title='bbox 1230 2319 1267 2352; x_wconf 91' lang='lat' dir='ltr'><strong>et</strong></span> <span class='ocrx_word' id='word_1_327' title='bbox 1308 2313 1367 2362; x_wconf 84' lang='lat' dir='ltr'><strong>V,</strong></span> <span class='ocrx_word' id='word_1_328' title='bbox 1409 2317 1477 2355; x_wconf 83' lang='lat'><strong>21.</strong></span> 
     </span>
     <span class='ocr_line' id='line_1_62' title="bbox 822 2370 1326 2427; baseline -0.004 -18"><span class='ocrx_word' id='word_1_329' title='bbox 822 2370 965 2423; x_wconf 88' lang='lat' dir='ltr'><strong>Apulei.</strong></span> <span class='ocrx_word' id='word_1_330' title='bbox 991 2371 1163 2427; x_wconf 84' lang='lat' dir='ltr'><strong>Apolog.</strong></span> <span class='ocrx_word' id='word_1_331' title='bbox 1173 2385 1209 2421; x_wconf 89' lang='lat' dir='ltr'><strong>p.</strong></span> <span class='ocrx_word' id='word_1_332' title='bbox 1231 2373 1326 2413; x_wconf 76' lang='lat'><strong>289.</strong></span> 
     </span>
    </p>

    <p class='ocr_par' dir='ltr' id='par_1_7' title="bbox 822 2424 1476 2592">
     <span class='ocr_line' id='line_1_63' title="bbox 880 2424 1474 2492; baseline -0.005 -24"><span class='ocrx_word' id='word_1_333' title='bbox 880 2426 901 2468; x_wconf 81' lang='grc' dir='ltr'>ὁ</span> <span class='ocrx_word' id='word_1_334' title='bbox 937 2430 1080 2492; x_wconf 77' lang='grc' dir='ltr'><em>Κυρος</em></span> <span class='ocrx_word' id='word_1_335' title='bbox 1114 2428 1231 2473; x_wconf 79' lang='grc' dir='ltr'><em>οὗτος</em></span> <span class='ocrx_word' id='word_1_336' title='bbox 1280 2424 1474 2477; x_wconf 85' lang='grc' dir='ltr'><em>ημίονος]</em></span> 
     </span>
     <span class='ocr_line' id='line_1_64' title="bbox 822 2483 1476 2533; baseline -0.005 -11"><span class='ocrx_word' id='word_1_337' title='bbox 822 2513 847 2533; x_wconf 85' lang='lat'>„</span> <span class='ocrx_word' id='word_1_338' title='bbox 857 2483 997 2522; x_wconf 89' lang='lat' dir='ltr'><strong>Doctus</strong></span> <span class='ocrx_word' id='word_1_339' title='bbox 1009 2498 1029 2521; x_wconf 86' lang='lat' dir='ltr'>v</span> <span class='ocrx_word' id='word_1_340' title='bbox 1031 2485 1061 2521; x_wconf 90' lang='lat' dir='ltr'><strong>ir</strong></span> <span class='ocrx_word' id='word_1_341' title='bbox 1073 2486 1107 2522; x_wconf 87' lang='lat' dir='ltr'><strong>iu</strong></span> <span class='ocrx_word' id='word_1_342' title='bbox 1125 2485 1186 2522; x_wconf 85' lang='lat' dir='ltr'><strong>the</strong></span> <span class='ocrx_word' id='word_1_343' title='bbox 1202 2483 1363 2521; x_wconf 81' lang='lat' dir='ltr'><strong>classical</strong></span> <span class='ocrx_word' id='word_1_344' title='bbox 1374 2483 1476 2519; x_wconf 88' lang='lat' dir='ltr'><strong>Iour-</strong></span> 
     </span>
     <span class='ocr_line' id='line_1_65' title="bbox 822 2539 1476 2592; baseline -0.005 -14"><span class='ocrx_word' id='word_1_345' title='bbox 822 2541 1048 2578; x_wconf 78' lang='lat' dir='ltr'><strong>nalV01.11</strong></span> <span class='ocrx_word' id='word_1_346' title='bbox 1085 2555 1122 2592; x_wconf 83' lang='lat' dir='ltr'><strong>p.</strong></span> <span class='ocrx_word' id='word_1_347' title='bbox 1150 2542 1233 2582; x_wconf 84' lang='lat'><strong>588</strong></span> <span class='ocrx_word' id='word_1_348' title='bbox 1271 2539 1476 2590; x_wconf 81' lang='lat' dir='ltr'><strong>suspicatur</strong></span> 
     </span>
    </p>
   </div>
   <div class='ocr_carea' id='block_1_6' title="bbox 819 2591 1477 2704">
    <p class='ocr_par' dir='ltr' id='par_1_8' title="bbox 819 2591 1477 2704">
     <span class='ocr_line' id='line_1_66' title="bbox 822 2591 1477 2647; baseline -0.009 -10"><span class='ocrx_word' id='word_1_349' title='bbox 822 2591 941 2645; x_wconf 77' lang='grc' dir='ltr'><em>οὗτος</em></span> <span class='ocrx_word' id='word_1_350' title='bbox 964 2613 984 2637; x_wconf 94' lang='lat' dir='ltr'><strong>o</strong></span> <span class='ocrx_word' id='word_1_351' title='bbox 1005 2595 1197 2647; x_wconf 72' lang='grc' dir='ltr'><em>ἡμίονος,</em></span> <span class='ocrx_word' id='word_1_352' title='bbox 1226 2599 1267 2633; x_wconf 85' lang='lat' dir='ltr'><strong>ut</strong></span> <span class='ocrx_word' id='word_1_353' title='bbox 1290 2596 1337 2633; x_wconf 89' lang='lat' dir='ltr'><strong>sit</strong></span> <span class='ocrx_word' id='word_1_354' title='bbox 1361 2595 1477 2633; x_wconf 74' lang='lat' dir='ltr'><strong>mulas</strong></span> 
     </span>
     <span class='ocr_line' id='line_1_67' title="bbox 819 2652 1476 2704; baseline -0.006 -13"><span class='ocrx_word' id='word_1_355' title='bbox 819 2655 907 2702; x_wconf 72' lang='lat' dir='ltr'><strong>iste,</strong></span> <span class='ocrx_word' id='word_1_356' title='bbox 948 2667 1057 2704; x_wconf 87' lang='lat' dir='ltr'><strong>quem</strong></span> <span class='ocrx_word' id='word_1_357' title='bbox 1085 2653 1265 2691; x_wconf 80' lang='lat' dir='ltr'><strong>oraculum</strong></span> <span class='ocrx_word' id='word_1_358' title='bbox 1294 2652 1476 2701; x_wconf 82' lang='lat' dir='ltr'><strong>significa-</strong></span> 
     </span>
    </p>
   </div>
   <div class='ocr_carea' id='block_1_7' title="bbox 822 2707 1475 2931">
    <p class='ocr_par' dir='ltr' id='par_1_9' title="bbox 822 2707 1475 2818">
     <span class='ocr_line' id='line_1_68' title="bbox 822 2707 1475 2748; baseline -0.006 0"><span class='ocrx_word' id='word_1_359' title='bbox 822 2711 908 2748; x_wconf 77' lang='lat' dir='ltr'><strong>vit“</strong></span> <span class='ocrx_word' id='word_1_360' title='bbox 933 2710 998 2748; x_wconf 84' lang='lat' dir='ltr'><strong>Cr.</strong></span> <span class='ocrx_word' id='word_1_361' title='bbox 1046 2710 1136 2747; x_wconf 88' lang='lat' dir='ltr'><strong>Mihi</strong></span> <span class='ocrx_word' id='word_1_362' title='bbox 1167 2715 1288 2746; x_wconf 79' lang='lat' dir='ltr'><strong>tamen</strong></span> <span class='ocrx_word' id='word_1_363' title='bbox 1325 2707 1475 2746; x_wconf 85' lang='lat' dir='ltr'><strong>articulo</strong></span> 
     </span>
     <span class='ocr_line' id='line_1_69' title="bbox 822 2767 1306 2818; baseline -0.006 -14"><span class='ocrx_word' id='word_1_364' title='bbox 822 2767 921 2805; x_wconf 85' lang='lat' dir='ltr'><strong>haud</strong></span> <span class='ocrx_word' id='word_1_365' title='bbox 940 2779 1033 2818; x_wconf 87' lang='lat' dir='ltr'><strong>opus</strong></span> <span class='ocrx_word' id='word_1_366' title='bbox 1054 2780 1137 2805; x_wconf 88' lang='lat' dir='ltr'><strong>esse</strong></span> <span class='ocrx_word' id='word_1_367' title='bbox 1154 2767 1306 2803; x_wconf 87' lang='lat' dir='ltr'><strong>videtur.</strong></span> 
     </span>
    </p>

    <p class='ocr_par' dir='ltr' id='par_1_10' title="bbox 827 2816 1475 2931">
     <span class='ocr_line' id='line_1_70' title="bbox 881 2816 1474 2876; baseline -0.008 -13"><span class='ocrx_word' id='word_1_368' title='bbox 881 2823 949 2863; x_wconf 84' lang='grc' dir='ltr'><strong>καὶ</strong></span> <span class='ocrx_word' id='word_1_369' title='bbox 965 2838 1026 2863; x_wconf 85' lang='grc' dir='ltr'><strong>ενε</strong></span> <span class='ocrx_word' id='word_1_370' title='bbox 1031 2828 1105 2876; x_wconf 86' lang='grc' dir='ltr'><strong>ρθε</strong></span> <span class='ocrx_word' id='word_1_371' title='bbox 1125 2819 1315 2862; x_wconf 75' lang='grc' dir='ltr'><em>ἐώντοῖσι</em></span> <span class='ocrx_word' id='word_1_372' title='bbox 1335 2816 1474 2866; x_wconf 69' lang='grc' dir='ltr'><em>ἅπασι]</em></span> 
     </span>
     <span class='ocr_line' id='line_1_71' title="bbox 827 2876 1475 2931; baseline -0.009 -12"><span class='ocrx_word' id='word_1_373' title='bbox 827 2880 851 2918; x_wconf 85' lang='lat' dir='ltr'><strong>i.</strong></span> <span class='ocrx_word' id='word_1_374' title='bbox 884 2894 915 2919; x_wconf 89' lang='lat' dir='ltr'><strong>e.</strong></span> <span class='ocrx_word' id='word_1_375' title='bbox 964 2892 1040 2919; x_wconf 75' lang='lat' dir='ltr'><strong>cum</strong></span> <span class='ocrx_word' id='word_1_376' title='bbox 1075 2879 1222 2931; x_wconf 65' lang='lat' dir='ltr'><strong>inferior</strong></span> <span class='ocrx_word' id='word_1_377' title='bbox 1253 2880 1339 2916; x_wconf 80' lang='lat' dir='ltr'><strong>esset</strong></span> <span class='ocrx_word' id='word_1_378' title='bbox 1377 2876 1475 2914; x_wconf 79' lang='lat' dir='ltr'><strong>rebus</strong></span> 
     </span>
    </p>
   </div>
  </div>
 </body>
</html>
