1759 3324
335 255 421 295 69⁰

752 253 1221 293 HERODOTI

336 362 620 408 ἀνασπάσωσι
647 362 694 407 ἐκ
722 368 810 408 τῶν
841 363 996 416 ἑλέων,
1026 364 1079 406 τὰ
1107 363 1185 420 μὲν
1215 361 1306 407 ἅνω
1337 362 1469 421 αὐτῆς
1493 363 1602 410 ἀπο-

334 443 590 500 τάμνοντες,
640 444 681 494 ἔς
711 443 816 486 ἄλλο
851 460 893 486 τι
920 442 1157 496 τράπουσι·

1217 442 1264 486 τό
1306 443 1351 486 δὲ
1388 443 1504 487 κάτω
1534 449 1603 488 λε-

335 523 566 580 λειμμένον
596 523 704 566 ὅσον
733 539 777 565 τε
818 522 886 565 ἐπὶ
924 526 1088 577 πῆχυν,
1130 520 1369 577 τρώγουσι,
1407 523 1481 566 καὶ
1509 539 1602 566 πω-

306 604 496 647 9λέουσι.

558 604 599 644 οἳ
630 602 676 645 δὲ
706 601 762 644 ἂν
791 601 865 645 καὶ
901 599 1041 655 κάρτα
1078 599 1324 657 βούλωνται
1352 607 1514 659 χρηστῇ
1544 606 1597 660 τῇ
1647 606 1725 648 145

336 680 484 738 βύβλῳ
526 685 741 737 χρᾶσθαι,
800 680 847 722 ἐν
876 680 1067 737 κλιβάνῳ
1109 683 1316 736 διαφανέι·
1355 684 1656 735 affigamus-‚41

282 770 325 803 10
337 761 453 804 οὕτω
483 759 716 815 τρώγουσι.

783 760 836 801 Οἱ
866 757 912 802 δέ
943 775 1056 809 τινες
1086 758 1233 802 αὐτῶν
1264 764 1367 813 ζῶσι
1398 759 1484 803 ἀπὸ
1515 768 1603 804 τῶν

335 838 501 896 ἰχθύων
527 837 731 895 μούνων·
788 836 891 888 τούς
927 837 1059 881 ἐπεὰν
1097 838 1284 894 λάβωσι,
1323 839 1396 881 καὶ
1432 839 1604 891 ἐξέλωσι

334 918 414 974 τήν
451 920 640 975 κοιλίην,
703 916 937 961 αὐαίνουσι
978 916 1090 972 πρός
1137 916 1285 973 ἥλιον,
1344 917 1418 961 καὶ
1460 918 1603 962 ἔπειτα

337 997 475 1049 αὔους
504 996 655 1049 ἐόντας
689 996 917 1041 σιτέονται.

280 1219 489 1266 conficitur3
518 1218 618 1268 qnod
645 1218 764 1268 ipsum
795 1216 937 1254 silentio

280 1277 477 1326 praeterit,
505 1289 586 1313 cum
609 1275 712 1312 huius
730 1274 878 1325 plantae
895 1285 938 1311 ea

279 1337 419 1369 tantum
452 1333 588 1370 mentio
618 1332 683 1368 fiat
703 1361 713 1379 ,
758 1335 937 1380 quatenus

280 1390 326 1426 sit
346 1389 531 1426 esculenta
549 1389 732 1437 victuique
750 1387 937 1425 inserviat.

280 1446 340 1482 Ad
358 1445 428 1482 alia
446 1450 566 1482 autem
599 1458 746 1494 quoque
767 1457 847 1481 eam
871 1444 937 1480 ad-

283 1502 420 1551 hiberi,
455 1503 535 1553 ipse
567 1502 703 1538 indicat
728 1502 866 1538 verbis:
898 1499 937 1546 ἐς

285 1555 382 1597 ἄλλο
412 1574 448 1596 τι
477 1553 697 1608 τοοῖπουσι,·
742 1558 871 1606 quibus
901 1561 937 1593 et

280 1628 457 1665 papyrum
491 1620 526 1653 et
555 1615 647 1661 alia,
679 1626 772 1663 quae
800 1614 936 1650 Plinius

280 1676 458 1708 memorat
487 1672 572 1708 inde
610 1670 818 1718 elaborata,
858 1670 937 1707 vela

282 1728 379 1775 (vid.
400 1728 456 1775 Il,
480 1729 584 1775 96),
623 1727 843 1763 vestimenta
868 1731 936 1763 etc.

281 1785 479 1833 significari
498 1785 557 1820 vix
579 1784 740 1820 dubium.
787 1783 845 1820 De
867 1784 936 1831 by-

280 1841 342 1878 blo
371 1841 438 1877 loci
469 1841 647 1890 primarii,
688 1853 767 1877 cum
798 1839 937 1876 'Nostro

282 1898 493 1935 conserendi
513 1926 524 1944 ,
572 1902 656 1933 sunt
691 1896 938 1946 Theophrasti

281 1954 363 1991 hist.
381 1954 494 2004 plant.
516 1953 578 2001 IV,
604 1957 628 1994 9
661 1967 697 2002 p.
719 1952 772 1993 54
801 1953 892 1999 (lv,
912 1955 936 1994 8

285 2011 343 2047 ed.
363 2010 556 2058 Schneid.)
585 2015 621 2047 et
640 2009 745 2046 Plinii
766 2010 846 2046 hist.
863 2014 937 2046 nat.

282 2066 395 2112 XIII,
428 2068 477 2106 11
501 2095 512 2113 ,
552 2066 613 2114 qui
642 2065 939 2115 Theophrastum

287 2122 521 2172 exscripsisse
548 2123 702 2158 videtur.

340 2234 491 2286 χρηστῇ
520 2234 571 2286 τῇ
590 2228 727 2285 βύβλῳ
747 2231 937 2282 χρᾶσθαι]

283 2289 482 2327 Delicatum
509 2288 691 2325 admodum
720 2289 858 2338 byblum
885 2291 939 2325 in-

282 2350 503 2396 terpretatur
563 2345 938 2392 Schweighaeuserus.

283 2402 449 2450 Intelligo
471 2401 639 2450 equidem
658 2401 806 2450 byblum
821 2402 867 2438 ad
886 2403 938 2438 vi-

283 2462 378 2495 ctum
406 2457 512 2494 valde
539 2458 766 2494 commodum
798 2457 939 2494 utilem-

284 2527 379 2564 que,
429 2527 537 2563 quam
566 2514 719 2551 eandem
753 2514 781 2550 si
803 2514 937 2551 delica-

281 2572 409 2607 tiorem
429 2571 516 2607 inde
536 2569 739 2620 intelligere
760 2570 868 2617 velis,
885 2571 940 2607 ni-

283 2626 333 2664 hil
353 2627 549 2664 intercedo.

340 2737 384 2779 ἒν
409 2733 587 2790 κλιβάνῳ
618 2736 810 2788 διαφανέϊ
842 2738 938 2778 πνί-

284 2795 445 2844 ξαντες]
484 2795 671 2846 κλίβανος
711 2808 785 2832 non
821 2797 936 2845 quiw's

285 2856 341 2890 est
357 2854 483 2890 furnus
500 2853 634 2898 maior,
664 2853 729 2889 sed
747 2851 865 2889 minor
882 2856 938 2889 at-

285 2921 359 2960 que
386 2908 566 2960 portatilis
596 2909 764 2958 adeoque
799 2912 936 2957 testum,

1007 1215 1115 1262 lebes,
1156 1215 1248 1262 olla,
1283 1219 1413 1264 satago
1454 1220 1516 1254 aut
1549 1217 1662 1254 simile

1007 1272 1179 1323 quoddam
1197 1286 1261 1309 vas
1282 1275 1532 1323 coquinarium.
1563 1274 1661 1311 Hinc

1006 1330 1144 1365 lebetem
1167 1329 1371 1378 significare
1397 1335 1523 1367 monet
1540 1331 1662 1381 Hesy-

1005 1386 1127 1431 chius,
1156 1399 1224 1423 nec
1247 1386 1315 1422 alio
1344 1399 1453 1423 sensu
1482 1387 1662 1438 accipien-

1006 1444 1091 1479 dum
1110 1443 1145 1478 in
1157 1443 1333 1479 Athenaei
1352 1443 1432 1480 loco
1451 1443 1500 1480 Ill
1513 1457 1550 1493 p.
1567 1446 1659 1490 101,

1005 1498 1059 1546 A,
1080 1504 1232 1536 notante
1252 1499 1598 1548 Schweighaeusero
1621 1500 1659 1537 in

1006 1555 1074 1592 lex.
1111 1555 1251 1592 Herod.
1283 1569 1310 1592 s.
1343 1569 1376 1592 v,
1408 1556 1574 1608 πνίγειν.
1604 1579 1661 1583 -

1007 1612 1187 1661 διαφανῆ
1213 1613 1298 1648 dicit
1327 1614 1470 1649 furnum
1494 1613 1517 1650 i.
1540 1627 1572 1650 e.
1601 1626 1662 1649 ar-

1006 1668 1159 1715 dentem,
1190 1670 1364 1717 ignitum,
1393 1673 1433 1705 ut
1460 1674 1557 1707 recte
1584 1683 1662 1706 mo-

1006 1730 1071 1762 net
1087 1725 1374 1774 wesselingius3
1405 1727 1499 1763 conf.
1519 1726 1581 1774 IV,
1594 1728 1660 1767 73.

1007 1780 1072 1822 75.
1086 1804 1137 1808 —-
1169 1782 1378 1828 πνίξαντες
1398 1786 1496 1820 recte
1513 1783 1559 1819 ab
1582 1783 1662 1820 He-

1008 1838 1128 1887 sychio
1150 1838 1282 1887 exponi
1296 1833 1548 1888 ὀπτήσαντες,
1561 1838 1661 1876 idem

1006 1900 1133 1932 monet
1172 1895 1455 1944 lVesselingius3
1497 1895 1661 1946 pluribus

1008 1952 1055 1989 de
1075 1965 1118 1988 eo
1139 1953 1306 2001 exposuit
1324 1952 1660 2001 Schweighaeuser.

1007 2007 1030 2044 l.
1057 2008 1099 2054 l.‚
1140 2009 1270 2057 quibus
1303 2009 1529 2045 demonstrat
1555 2009 1594 2045 in
1621 2021 1662 2045 re

1007 2064 1178 2100 culinaria
1201 2065 1305 2101 huius
1323 2065 1422 2102 verbi
1442 2079 1557 2102 usum.
1585 2064 1663 2102 Ne-

1008 2133 1079 2169 que
1100 2122 1192 2157 euim
1211 2134 1293 2158 esse
1314 2125 1462 2168 torrere,
1495 2122 1560 2158 sed
1581 2120 1663 2171 suf-

1001 2176 1149 2227 focare,
1181 2178 1330 2225 quando
1365 2178 1518 2225 scilicet,
1548 2181 1587 2214 ut
1611 2178 1662 2215 ait

1008 2234 1248 2269 Casaubonus
1284 2234 1331 2269 ad
1358 2233 1490 2271 Athen.
1519 2233 1576 2281 II,
1605 2237 1661 2276 72

1007 2303 1043 2339 p.
1068 2290 1120 2330 65
1147 2290 1203 2325 ed.
1228 2289 1444 2338 Schweigh„
1476 2290 1547 2337 „in
1573 2303 1661 2340 pro-

1006 2346 1086 2394 prio
1108 2358 1212 2381 succo
1229 2345 1365 2394 aliquid
1383 2347 1547 2396 coquitur
1566 2348 1662 2384 intra

1007 2401 1113 2437 ollam
1145 2406 1207 2437 aut
1244 2403 1406 2452 patinam
1454 2403 1660 2440 conclusum

1006 2458 1075 2504 ita,
1106 2462 1146 2493 ut
1164 2458 1280 2494 nullus
1298 2458 1584 2496 exhalationibus
1593 2472 1661 2510 pa-

1005 2518 1080 2550 teat
1098 2519 1260 2560 meatus,
1291 2516 1388 2563 quod
1408 2529 1525 2565 genus
1550 2528 1661 2566 para-

1005 2574 1109 2608 turae
1135 2572 1250 2607 nostri
1277 2572 1386 2608 etiam
1411 2573 1519 2623 coqui
1546 2572 1662 2622 suffo-

1007 2629 1176 2663 cationem
1194 2629 1365 2664 vocant.“

1065 2685 1154 2729 ζῶσι
1176 2680 1256 2722 dno*
1283 2686 1362 2722 τῶν
1389 2680 1544 2735 ἰχθύων
1562 2680 1659 2735 μού-

1005 2738 1102 2789 νων]
1134 2740 1274 2778 Eodem
1293 2741 1403 2777 modo
1423 2737 1504 2780 οἷπό
1519 2742 1582 2788 IV,
1592 2745 1658 2783 22.

1007 2795 1072 2837 46.
1095 2799 1185 2837 103.
1204 2818 1260 2824 -
1287 2796 1347 2834 De
1365 2802 1478 2846 gente
1498 2798 1661 2848 Babylo-

1004 2852 1105 2898 nica,
1136 2865 1230 2902 quae
1250 2853 1376 2891 itidem
1399 2854 1485 2892 solis
1499 2854 1659 2905 piscibus

1003 2909 1180 2957 nutritur,
1211 2911 1306 2947 conf.
1324 2910 1362 2958 I,
1387 2913 1480 2952 200.
