1786 3324
21 1233 88 1279 96

536 247 962 286 EUTERPE.
1011 247 1058 284 11.

1339 249 1425 289 695

153 359 319 411 λέουσι,
349 359 391 409 ἐς
421 358 498 407 οὓς
529 356 839 411 ἀναβαίνοντες
865 356 1136 411 κοιμέονται·
1169 357 1214 399 οἷ
1232 355 1316 412 γὰρ
1337 355 1480 399 κώ-9ο

152 456 293 489 νωπες
320 437 408 481 ὑπὸ
438 440 526 478 τῶν
560 434 732 489 ἀνέμων
764 434 846 478 οὐκ
878 432 965 477 οἶοί
1001 435 1044 478 τέ
1075 437 1157 478 εἰσι
1185 433 1308 485 ὑψοῦ
1340 434 1420 479 πέ-

124 525 318 561 3τεσθαι.
377 520 489 558 τοῖσι
523 515 568 558 δὲ
599 515 699 568 περὶ
728 514 781 557 τοὶ
821 514 916 557 ἕλεα
955 514 1148 557 οἰκέουσι
1186 514 1289 557 τάδε
1320 513 1416 558 ἀντὶ

149 600 240 640 τῶν
279 593 460 650 πύργων
502 592 610 637 ἄλλα
653 593 957 650 μεμηχάνηται.
1016 598 1100 645 πᾶς
1130 591 1242 648 α’νὴρ
1273 592 1418 637 αὐτῶν

150 673 479 731 ἀμφίβληστρον
519 674 707 729 ἔκτηται,
766 678 827 729 τῷ
865 678 942 730 τῆς
979 674 1058 729 μὲν
1095 673 1255 729 ἡμέρης
1293 675 1421 729 ἰχθῦς

106 755 108 757 ’
148 753 345 811 ἀγρεύει,
400 753 478 810 τὴν
510 754 555 797 δὲ
585 755 724 797 νύκτα
761 752 864 796 τάδε
896 751 1016 810 αὐτῷ
1047 757 1226 809 χρᾶται·

1286 752 1333 796 ἐν
1363 757 1417 810 τῇ

148 832 418 877 ἀναπαύεται
448 835 594 889 κοίτῃ,
625 834 723 886 περὶ
751 832 912 889 ταύτην
942 835 1084 890 ἵστησι
1113 832 1161 876 τό
1196 831 1473 890 α’μφίβλη-95

118 918 311 968 4στρον,
355 913 429 956 καὶ
458 913 602 956 ἔπειτα
631 912 778 964 ἐνδὺς,

147 993 193 1036 δὲ
222 991 430 1044 κώνωπες
441 1027 450 1044 ,

834 911 913 956 ὑπ’
945 912 1065 969 αὐτῷ
1095 911 1313 956 καθεύδει.
1373 915 1418 957 οἱ

509 992 565 1049 ἢν
601 992 679 1047 μὲν
718 992 765 1035 ἐν
796 993 949 1049 ἱματίῳ
984 991 1278 1048 ἐνελιξάμενος
1308 991 1415 1049 εὕδῃ

146 1071 175 1128 ἢ
194 1071 384 1122 σινδόνι,
417 1071 487 1115 διὰ
510 1071 681 1115 τούτων
705 1069 938 1115 δάκνουσι·
972 1071 1043 1116 δια
1067 1071 1111 1116 δὲ
1133 1075 1216 1115 τοῦ
1238 1071 1417 1116 δικτύου

148 1150 252 1196 οὐδὲ
281 1155 518 1207 πειρῶνται
547 1149 697 1206 ἀρχήν.

262 1231 326 1275 Τὰ
355 1230 401 1275 δὲ
432 1229 485 1287 δή
516 1228 648 1274 πλοῖά
679 1241 784 1287 σφι,

286 1440 398 1490 Cap.
429 1438 546 1476 XCV.

142 1528 222 1573 πᾶς
251 1540 355 1577 ανηρ
386 1519 520 1563 αύτῶν
548 1517 746 1574 οἷμφίβλη-

88 1593 205 1634 στρον
243 1581 422 1633 ε’κτηται]
481 1576 630 1619 αύτων
664 1594 745 1617 cum

88 1640 206 1677 Gaisf.
232 1639 401 1688 rescripsi
428 1651 495 1688 pro
523 1633 617 1676 αύτέ
630 1652 686 1675 ων
708 1642 744 1674 et

87 1709 191 1734 mox.
213 1698 308 1745 τῆς
304 1694 372 1733 ιιὲν
391 1692 541 1745 ημέρης
561 1707 628 1744 pro
646 1693 741 1742 vulg.

87 1755 158 1802 τῆς
177 1750 326 1804 ημὲρης
347 1750 429 1802 μέν.
460 1771 515 1777 -·
545 1751 743 1787 Caeterum

87 1810 174 1847 talia
196 1809 286 1846 retia
305 1822 372 1846 nec
390 1808 540 1844 Graecis
558 1808 743 1856 incognita

86 1879 155 1904 nec
182 1866 342 1912 Latinis,
374 1865 434 1914 qui
460 1877 608 1914 conopea
640 1866 741 1911 (κω

87 1923 258 1971 νωπεῖα)
284 1923 425 1967 dicunt;
469 1923 564 1958 cons.
590 1920 742 1958 analect.

86 1980 245 2017 Brunck.
268 1983 292 2015 t.
314 1978 363 2014 ΙΙΙ
387 1991 421 2027 p.
443 1981 498 2019 92
525 1982 562 2014 et
584 1976 740 2014 Iuvenal.

87 2037 165 2073 Sat.
183 2036 256 2082 VI,
275 2037 328 2076 80
350 2035 473 2083 ibique
501 2034 610 2071 schol.
631 2038 742 2082 atque

87 2093 314 2143 interpretes.
384 2091 461 2128 Sed
494 2091 592 2140 quod
626 2090 741 2138 magis

87 2149 156 2186 huc
174 2150 259 2186 facit
275 2177 284 2195 ,
304 2148 393 2184 illud
412 2151 468 2185 est
488 2152 660 2184 monente
674 2146 739 2184 Cr.

88 2206 138 2242 ad
163 2206 197 2243 h.
218 2206 255 2253 l.‚
284 2205 468 2253 hodieque
492 2204 584 2241 haec
612 2204 741 2241 eadem

88 2262 165 2299 fieri
202 2263 247 2299 ab
287 2261 502 2310 Aegyptiis,
538 2273 631 2309 quae
659 2259 694 2296 h.
718 2259 739 2296 l.

89 2318 173 2355 olim
193 2319 355 2356 factitata
377 2331 457 2355 esse
476 2317 638 2365 legimus.
664 2316 700 2353 T
704 2330 742 2353 e-

89 2378 204 2412 statur
221 2375 410 2412 Iomardus
437 2376 474 2410 in
504 2375 674 2423 descript.
695 2374 742 2410 de

89 2431 248 2481 l’Egypt.
275 2432 310 2469 II
343 2445 380 2482 p.
400 2432 495 2472 386.
554 2430 604 2467 Et
626 2430 742 2467 simile

91 2489 274 2536 quoddam
314 2501 357 2525 ex
384 2487 539 2525 Maillet.
569 2486 742 2536 descript.

91 2544 138 2580 de
157 2544 313 2594 l’Egy.pt
341 2549 366 2581 t.
389 2544 422 2581 ΙΙ
447 2558 482 2595 p.
505 2543 585 2585 134
616 2548 744 2595 protu-

91 2599 180 2636 lerat
198 2599 410 2638 Larcherus.

147 2680 221 2734 τήν
247 2682 290 2723 δὲ
331 2681 456 2724 νύκτα
494 2682 588 2724 τάδε
632 2679 746 2738 αύτῷ

92 2741 249 2790 χρᾶται]
280 2741 497 2791 Recepimus
522 2756 602 2779 cum
623 2742 741 2780 Gaisf.

92 2792 184 2834 τάδε
213 2810 234 2834 e
262 2797 606 2837 Schellershemiano
637 2798 742 2846 libro,

92 2852 269 2901 probante
279 2854 630 2904 Schweighaeusero.
648 2855 742 2892 Inde

93 2920 239 2958 quoque
266 2910 378 2948 maius
421 2911 662 2949 distinctionis
691 2911 742 2948 si-

823 1234 937 1274 τοῖσι
966 1229 1281 1287 φορτηγέουσι,
1321 1230 1410 1275 ε’στι
1468 1233 1569 1293 2³2¹]
1573 1231 1749 1294 mtvrffici‘u‘riu

1466 1305 1498 1328 et
1516 1309 1632 1329 cursus.

816 1451 929 1487 gnum
968 1439 1154 1489 posuimus
1201 1442 1290 1489 post
1321 1441 1474 1491 χρᾶται,

816 1495 957 1531 sublato
985 1495 1045 1531 illo
1064 1524 1075 1542 ‚
1116 1496 1216 1544 quod
1244 1502 1330 1546 post
1359 1497 1472 1551 κοίτῃ

815 1557 913 1599 erat,
951 1551 1009 1589 vel
1036 1553 1157 1601 potius
1182 1554 1218 1589 in
1246 1553 1362 1590 minus
1394 1567 1474 1590 mu-

814 1612 913 1655 tato,
945 1621 1017 1657 quo
1038 1609 1228 1658 sequentia
1249 1623 1369 1647 secum
1387 1611 1470 1646 iun-

813 1670 871 1701 cta
912 1665 1050 1713 intellig
1037 1670 1210 1702 rerentur.
1277 1666 1335 1704 De
1373 1662 1469 1705 ‘cada

812 1721 884 1757 vid.
914 1721 972 1768 ΙΙ,
998 1724 1101 1762 106
1111 1722 1188 1758 coll.
1217 1722 1255 1770 Ι,
1277 1725 1342 1763 68
1374 1726 1470 1769 210,

811 1791 858 1815 ne
878 1778 991 1827 plura.
1022 1778 1159 1818 Matth.
1173 1778 1238 1815 Gr.
1260 1779 1324 1815 Gr.
1340 1777 1374 1829 ἓ.
1387 1779 1469 1820 409

812 1832 848 1885 ἓ
863 1837 899 1875 6.
920 1835 1031 1885 κοίτη
1050 1835 1108 1872 hic
1129 1838 1184 1871 est
1197 1835 1319 1882 lectus,
1333 1836 1466 1880 cubile;

812 1892 907 1928 conf.
930 1892 967 1938 I,
989 1894 1013 1932 9
1034 1892 1119 1941 ibiq.
1136 1897 1278 1929 not.-—
1307 1892 1366 1929 Ad
1385 1904 1467 1931 σιν-

813 1943 904 1987 δόνι
932 1949 1025 1984 conf.
1050 1948 1107 1995 ll,
1138 1950 1190 1989 86
1219 1949 1305 1997 ibiq.
1329 1953 1404 1985 not.
1433 1953 1469 1986 et

812 2006 860 2041 ad
879 2000 1002 2056 α’ρχήν
1024 2005 1209 2054 (omnino,
1235 2007 1408 2055 prorsus)
1438 2005 1468 2052 l,

866 2116 918 2156 ἐν
952 2119 1086 2172 τῇ-
1116 2116 1207 2170 περὶ
1240 2113 1464 2168 ταύτην]

809 2174 948 2211 Similia
973 2176 1153 2223 quaedam
1190 2174 1297 2212 affert
1334 2175 1465 2212 Struve

810 2235 950 2280 quaest.
983 2232 1030 2268 dc
1062 2231 1145 2268 dial.
1166 2232 1308 2269 Herod.
1338 2246 1374 2282 p.
1394 2233 1467 2271 39:

808 2288 881 2335 VI,
899 2290 951 2329 97
986 2287 1064 2324 coll.
1083 2289 1129 2334 V,
1151 2291 1214 2329 16.
1238 2288 1304 2329 49.
1364 2288 1467 2325 Idem

811 2346 942 2382 Struve
959 2358 995 2395 p.
1015 2345 1068 2385 41
1090 2345 1191 2381 initio
1212 2345 1317 2381 huius
1336 2344 1464 2393 capitis

809 2414 877 2452 pro
904 2401 942 2448 ἐς
979 2397 1069 2447 οὓς
1106 2396 1392 2452 ἀναβαίνοντες
1422 2412 1466 2438 ex

810 2458 990 2495 constanti
1020 2458 1204 2509 scriptoris
1240 2472 1307 2495 usu
1339 2457 1465 2505 (conf.

810 2515 865 2562 ll,
894 2517 960 2556 33.
984 2514 1056 2561 ΙΙΙ,
1088 2517 1152 2556 20.
1184 2515 1248 2562 IV,
1276 2518 1342 2555 71.
1373 2516 1465 2554 196.

809 2571 874 2619 VI,
901 2574 963 2612 10.
978 2571 1044 2612 49.
1075 2571 1150 2617 lX,
1172 2575 1225 2612 27
1249 2571 1335 2619 etc.)
1356 2584 1466 2620 repo-

812 2629 921 2665 situm
941 2628 1032 2664 vult:
1065 2626 1103 2673 ἐς
1120 2643 1140 2666 τ
1154 2624 1207 2666 οὐ
1222 2643 1240 2674 ς
1263 2623 1378 2677 α’ναβ.
1393 2655 1403 2673 ,
1426 2630 1467 2662 ut

813 2685 897 2721 olim
920 2686 1074 2722 dederat
1084 2684 1264 2722 Borheck.
1295 2684 1371 2721 Sed
1386 2682 1467 2720 nul-

810 2741 865 2779 lus
888 2741 1110 2790 suffragatur
1128 2741 1219 2778 liber
1235 2741 1400 2792 scriptus,

998 2825 1030 2862 c
1042 2838 1064 2863 a
1074 2839 1112 2876 p.
1143 2824 1280 2862 xcvl.

864 2909 947 2950 ἔστι
965 2908 1008 2950 ἐκ
1027 2911 1100 2962 τῆς
1119 2904 1308 2960 ἀκάνθης
1328 2901 1466 2947 ποιεύ-
