1777 3324
530 256 951 298 EUTERPE.
1005 256 1050 293 11.

1327 258 1411 297 869

153 371 329 427 ρώματα
359 371 526 425 ἕστηκε·
559 367 607 410 ἐν
637 365 683 410 δὲ
712 371 826 409 τοῖσι
855 363 1088 420 θυρώμασι
1116 362 1144 420 ἡ
1163 361 1283 420 θήκη
1306 363 1406 406 ἐστί.

31 457 127 502 170
151 451 252 494 Εἰσὶ
282 450 327 493 δὲ
354 448 428 492 καὶ
458 448 504 489 αἱ
531 445 665 500 ταφαὶ
703 448 782 488 τοῦ
825 443 908 488 οὐκ
946 444 1070 488 ὅσιον
1102 445 1309 497 ποιεῦμαι
1338 441 1406 485 ἐπὶ

147 611 207 664 τῷ
237 608 317 661 ἱρῷ
346 608 422 660 τῆς
445 603 700 659 Ἀθηναίης,
754 602 910 647 ὄπισθε
939 601 1019 645 τοῦ
1053 603 1191 656 νηοῦ,
1246 599 1410 652 παντὸς

117 689 226 728 Ξτοῦ
254 687 328 740 τῆς
354 681 584 739 Ἀθηναίης
623 682 819 738 ἐχόμεναι
858 681 1018 736 τοίχου.
1067 679 1140 723 καὶ
1171 678 1218 721 ἐν
1246 682 1308 736 τῷ
1336 695 1403 723 τε-

144 764 263 820 μένεϊ
291 762 438 819 ὀβελοὶ
468 762 613 805 ἑστᾶσι
644 760 823 816 μεγάλοι
851 761 1040 803 λίθινοι·
1083 759 1212 813 λίμνη
1243 759 1286 801 τέ
1316 757 1405 802 ἐστι

142 843 348 899 ἐχομένη,
398 843 548 898 λιθίνῃ
587 843 764 897 κρηπῖδι
807 836 1125 894 κεκοσμημένη,
1176 837 1249 880 καὶ
1279 837 1405 892 ἐργα-

145 923 277 978 σμένη
318 915 366 964 εὖ
403 920 577 979 κύκλῳ,
630 921 704 963 καὶ
738 919 961 977 μέγαθος,
1011 916 1069 967 ὠς
1101 915 1197 972 ἐμοὶ
1237 914 1462 969 ἐδόκεε,10

145 1000 225 1057 ὅση
271 1016 350 1055 περ
391 997 418 1056 ἡ
466 999 524 1043 ἐν
550 998 712 1057 Δήλῳ,
780 998 807 1055 ἡ
853 995 1101 1054 τροχοειδὴς
1156 995 1405 1052 καλεομένη.

87 1218 268 1264 tinerent‚
297 1231 364 1269 per
393 1218 576 1266 quandam
599 1217 738 1266 signifi-

85 1276 261 1312 cationem
295 1274 528 1322 (symbolice)
563 1286 738 1311 exornare

88 1331 289 1368 solitorum:
319 1330 457 1377 nullus,
490 1330 640 1380 opinor,
670 1331 737 1367 du-

87 1388 239 1434 bitabis,
273 1387 359 1436 quin
388 1386 476 1423 haec
504 1399 649 1435 quoque
671 1399 737 1435 ge-

84 1444 242 1482 minatae
271 1444 368 1481 fores
397 1443 433 1479 in
463 1443 627 1492 sepulcro
653 1444 737 1479 Sa'l'-

85 1501 158 1537 tico
178 1503 367 1550 patentes,
397 1500 444 1536 ad
470 1500 564 1536 vitae
589 1500 734 1536 mortis-

84 1569 155 1606 que
174 1556 268 1594 vices
300 1557 572 1604 animarumque
599 1556 736 1593 vicissi-

84 1613 229 1650 tudines
257 1612 539 1662 spectaverint.“
596 1612 638 1648 In
658 1626 735 1648 mu-

83 1670 233 1706 miarum
246 1670 340 1706 enim
356 1669 500 1718 picturis
519 1669 736 1718 conspicuae

85 1729 167 1762 sunt
204 1726 300 1762 fores
340 1728 520 1773 angustae
566 1725 734 1762 fenestris

83 1781 352 1830 quodammodo
370 1780 525 1827 similes,
558 1781 633 1818 sive
651 1794 736 1831 por-

84 1837 182 1874 tulae
201 1866 212 1884 ‚
255 1849 349 1886 quae
377 1837 422 1873 ab
448 1842 601 1885 utraque
628 1837 734 1873 Isidis

83 1894 261 1944 precantis
275 1897 379 1943 parte
396 1893 618 1943 aperiuntur.
632 1893 734 1936 Quas

85 1951 215 1989 eodem
235 1954 400 1999 spectare
429 1954 553 1986 monet
576 1950 735 1986 Creuze-

84 2019 142 2043 rus
164 2006 186 2042 l.
208 2005 230 2042 l.
250 2018 336 2055 pag.
355 2007 460 2053 390,
491 2005 568 2043 aliis
588 2018 736 2056 quoque

84 2063 168 2100 locis
192 2061 359 2098 laudatis.

138 2117 167 2169 ἡ
184 2113 297 2170 θήκη
319 2117 423 2168 ἐστί]
465 2118 574 2155 Conf.
595 2117 652 2166 ΙΙ,
670 2120 736 2160 67.

261 2259 292 2297 C
304 2272 325 2297 a
335 2273 371 2310 p.
403 2258 555 2296 CLXX.

141 2343 184 2382 αἱ
219 2341 345 2394 ταφαὶ
380 2345 452 2382 τοῦ
500 2339 574 2382 οὐκ
624 2340 736 2382 ὅσιον

86 2402 272 2451 ποιεῦμαι
289 2398 352 2440 ε’πὶ
371 2395 539 2453 τοιούτῳ
552 2395 733 2451 πρήγμα-

88 2471 122 2493 τι
136 2471 171 2494 κ.
189 2472 220 2495 τ.
239 2455 296 2507 λ.]
336 2457 447 2493 Haud
475 2457 578 2494 aliter
603 2462 658 2493 est
680 2456 733 2492 lo-

87 2517 186 2549 cutus
215 2512 352 2551 Noster
382 2512 436 2560 ΙΙ,
455 2515 521 2553 61.
542 2515 606 2553 86.
639 2514 731 2560 132,

88 2569 147 2621 nbi
180 2569 363 2607 Osiridem
407 2573 587 2606 mortuum
625 2582 734 2618 quem

89 2625 248 2662 serebant
276 2625 446 2674 intelligit
467 2654 478 2672 ‚
519 2626 619 2662 cuius
644 2623 734 2675 ὁμο-

87 2675 237 2729 τάφους
258 2683 413 2731 optimos
431 2694 598 2730 quosque
608 2681 731 2730 Aegy-

89 2736 243 2783 ptiorum
275 2738 354 2774 fieri
390 2738 546 2775 voluisse
580 2742 732 2775 constat.

90 2790 167 2828 Nec
193 2793 287 2841 sugit
305 2793 576 2842 Athenagoram
604 2795 651 2832 de
681 2794 734 2831 le-

89 2851 161 2894 gat.
181 2861 210 2884 c.
232 2849 284 2890 25
311 2849 401 2888 haec
422 2850 612 2887 Herodoti·
622 2851 734 2888 verba

91 2904 359 2943 exscribentem.
417 2934 442 2954 „
452 2904 505 2943 Ac
522 2907 655 2943 nemini
668 2919 735 2956 po-

806 1221 879 1255 test
896 1217 1086 1253 obscurum
1105 1215 1214 1252 esse“
1230 1214 1332 1262 (sunt
1344 1215 1459 1253 Creu-

805 1274 878 1311 zeri
892 1274 1002 1310 verba
1027 1273 1062 1308 in
1073 1276 1280 1309 commentt.
1290 1271 1455 1308 Herodd.

803 1343 888 1380 pag.
916 1331 1034 1376 107),
1063 1341 1153 1375 „eos
1173 1329 1281 1374 deos,
1312 1329 1374 1376 qui
1395 1328 1462 1364 hu-

803 1398 911 1423 mana
928 1386 1005 1436 pati
1029 1385 1197 1433 adeoque
1217 1389 1370 1420 mortem
1393 1398 1462 1433 Op·-

802 1447 929 1493 petere
951 1442 1206 1487 crederentur,
1237 1442 1273 1476 in
1294 1441 1460 1490 superio-

803 1512 882 1535 rum
905 1498 958 1535 vel
975 1498 1096 1548 potius
1117 1510 1139 1533 a
1157 1496 1361 1534 mortalium
1379 1510 1458 1533 sor-

802 1560 839 1592 te
868 1555 1079 1591 irnmunium
1114 1554 1264 1591 deorum
1291 1554 1455 1590 sacrariis

803 1612 969 1648 humatos
1001 1624 1091 1648 esse.
1139 1610 1214 1647 Iam
1233 1622 1313 1646 cum
1334 1614 1370 1646 et
1389 1610 1458 1658 ipsi

802 1667 966 1704 homines
992 1668 1092 1703 iuxta
1109 1666 1292 1703 Osiridem
1321 1666 1455 1702 ibidem

804 1724 1058 1769 humarentur,
1088 1723 1158 1759 hoc
1184 1723 1255 1758 ritu
1285 1721 1456 1758 credibile

805 1784 859 1817 est
871 1809 881 1826 ,
911 1779 997 1816 nihil
1014 1779 1109 1816 aliud
1127 1783 1313 1828 spectasse
1331 1777 1456 1827 Aegy-

803 1836 898 1886 ptios
919 1864 929 1883 ,
979 1848 1085 1884 qnam
1129 1838 1170 1871 ut
1202 1847 1268 1884 per
1302 1834 1458 1882 gradum

804 1893 907 1941 quasi
935 1895 971 1929 et
1002 1891 1148 1928 Osiride
1175 1890 1378 1940 opitulante
1409 1890 1458 1926 ad

803 1961 961 1986 summos
987 1948 1077 1984 deos
1103 1947 1362 1993 ascenderent,
1393 1946 1458 1983 ab-

804 2005 922 2042 soluto
942 2003 1115 2053 temporis
1138 2003 1229 2039 finiti
1250 2003 1360 2048 orbe,
1389 2001 1455 2038 ho-

803 2062 960 2098 1nines.“
997 2061 1105 2096 Conf.
1129 2060 1177 2095 ad
1196 2058 1249 2105 ll,
1272 2061 1350 2098 169
1381 2062 1458 2095 not.

861 2112 1136 2168 ἐξαγορεύειν]
1179 2115 1262 2151 Hoc
1305 2114 1456 2151 verbum

805 2174 970 2224 usurpari
990 2174 1036 2210 de
1054 2173 1195 2209 arcanis
1212 2170 1457 2219 divulganda&

801 2229 1010 2280 prodendis,
1039 2228 1242 2266 monuimus
1272 2228 1308 2264 in
1339 2227 1455 2264 Creu-

806 2288 880 2324 zeri
901 2286 1039 2324 Melett.
1059 2285 1109 2321 111
1130 2284 1215 2334 pag.
1235 2285 1300 2324 82.
1320 2305 1375 2310 -—
1392 2282 1454 2319 Ad

806 2339 983 2393 ἐχόμεναι
1022 2344 1039 2385 ί
1050 2341 1170 2391 prouti
1193 2345 1290 2377 recte
1314 2340 1454 2389 reposi-

799 2404 874 2437 tum
894 2404 949 2437 est
979 2412 1000 2435 a
1022 2397 1285 2445 WesselingiQ
1317 2396 1454 2433 discre-

798 2457 971 2507 pantibus
990 2455 1090 2492 libris
1111 2452 1279 2499 vetustis)
1300 2453 1393 2489 conf.
1407 2451 1454 2499 ll,

803 2513 883 2553 148
904 2512 964 2548 fin.
995 2511 1053 2548 Ad
1076 2507 1204 2561 ὀβελοί
1223 2509 1295 2546 vid.
1310 2508 1357 2556 ΙΙ,
1372 2510 1448 2549 111

800 2569 889 2617 ibiq.
909 2572 1001 2605 nott.

865 2622 893 2674 ἦ
937 2620 1165 2675 τροχοειδής
1210 2617 1455 2670 καλεομένη]

797 2680 919 2717 Lacus
942 2680 1086 2717 rotundi
1106 2678 1247 2715 Phoebi
1266 2677 1452 2714 natalibus

798 2737 952 2786 insignis
983 2737 1021 2773 in
1049 2735 1167 2772 insula
1196 2733 1291 2771 Delo
1325 2732 1451 2769 memi-

800 2797 932 2832 nerunt
951 2792 1143 2840 Theognis
1165 2793 1205 2831 7.
1239 2788 1450 2826 Callimach.

800 2850 922 2898 hymn.
941 2849 978 2885 in
990 2848 1073 2886 Del.
1097 2849 1191 2888 261.
1223 2844 1344 2889 Quem
1363 2856 1452 2881 eun-

802 2906 888 2943 dem
917 2904 1125 2944 recentioris
1142 2901 1273 2940 aetatis
1291 2899 1454 2952 peregri-

1462 448 1496 476 1n
1508 450 1611 478 eodem
1630 454 1741 486 templo

1461 483 1544 510 aliud
1572 487 1741 519 sepulcrum

149 527 334 584 τοιούτῳ
367 524 586 580 πρήγματι
616 523 891 580 ἐξαγορεύειν
920 522 1117 577 τοῦνομα
1147 522 1194 565 ἐν
1212 520 1323 573 Σαϊ,
1354 521 1433 564 ἐν5
1464 515 1512 544 ‘¹⁸³
1530 518 1696 547 ⁰⁰5⁰⁸d⁸¹¹¹·
