1759 3324
502 267 930 310 EUTERPE.
976 268 1021 305 ΙΙ.

1298 268 1382 307 847

123 383 323 428 ἁπασέων
353 383 517 425 πολίων
547 380 612 424 ἐπὶ
643 383 846 422 πλεῖστον
877 375 1037 433 χρόνον
1068 374 1381 429 πολιορκευμέ-

0 465 96 514 158
121 481 175 519 νη
205 462 398 517 ἀντέσχε,
437 464 526 502 τῶν
556 457 676 514 ἡμεῖς
705 459 839 513 ἴδμεν.

117 541 205 592 κῶς
234 546 334 590 παῖς
363 538 549 593 ἐγένετο,
579 538 653 580 καὶ
683 538 931 593 ἐβασίλευσε
963 534 1213 589 Αἰγύπτου·
1253 534 1300 586 ὃς
1328 539 1381 592 τῇ

118 618 296 674 διώρυχι
327 618 565 674 ἐπεχείρησε
596 620 769 672 πρῶτος
798 620 852 674 τῇ
883 616 924 667 ἐς
955 614 1035 671 τήν
1059 612 1277 671 Ἐρυθρὴν
1296 613 1381 658 θοὶ-

60 850 141 874 cum
180 836 279 873 libris
317 838 536 875 melioribus.
595 837 716 886 Vulgo

61 892 107 939 ἐς
134 890 207 941 τό,-
239 894 305 930 sed
322 896 394 932 vid.
419 896 552 932 Struve
573 899 716 944 quaest.

60 951 108 987 de
126 950 266 987 dialect.
297 951 435 989 Herod.
465 964 551 1002 pag.
568 951 632 992 42.
662 971 718 978 —

60 1005 119 1043 Ad
165 1006 383 1045 locutionem
422 1007 484 1047 ἐπὶ
534 1010 718 1046 πλεῖστον

60 1058 206 1115 χρόνον
235 1067 329 1102 conf.
353 1065 407 1112 ΙΙ,
437 1067 528 1106 119.
554 1066 645 1105 133.

233 1174 264 1212 C
274 1187 296 1212 a
304 1187 341 1226 p.
374 1175 538 1213 CLVIII.

122 1255 263 1305 Νεκῶς
299 1263 394 1306 παῖς
435 1258 608 1311 ἐγένετο]
649 1259 720 1298 Est

64 1315 205 1354 Pharao
234 1314 354 1354 Neclw
392 1317 429 1353 in
467 1317 565 1354 libris
607 1318 718 1354 sacris

63 1373 299 1421 (5221erem.
330 1373 472 1420 XLVI,
504 1377 551 1420 2,
582 1375 643 1411 ubi
672 1375 717 1411 cf.

61 1424 283 1478 Michaelis),
314 1430 375 1480 qui
404 1431 600 1468 secundum
624 1430 719 1468 Lar-

62 1487 158 1525 cheri
189 1486 344 1524 calculos
385 1500 539 1536 regnum
578 1487 719 1537 accepit

61 1556 146 1581 anu.
167 1546 247 1584 617
268 1556 299 1580 a.
321 1544 408 1580 Chr.
432 1557 467 1580 n.
500 1544 718 1591 (secundum

62 1600 149 1638 alios
170 1601 271 1647 610)
305 1605 341 1637 et
371 1600 528 1638 sedecim
556 1613 623 1651 per
650 1614 717 1638 an-

61 1669 129 1694 nos
165 1657 257 1704 (vid.
288 1657 426 1693 Herod.
447 1656 499 1703 II,
521 1658 600 1698 159
633 1657 715 1705 fin.)

62 1714 199 1758 tenuit3
231 1713 360 1762 quibus
386 1713 519 1763 elapsis
539 1714 715 1750 Psammis

63 1769 156 1806 filius
177 1769 225 1805 ad
251 1782 402 1818 regnum
427 1770 594 1818 pervenit
619 1783 715 1807 anno

65 1828 142 1867 601
171 1838 203 1862 a.
226 1826 310 1862 Chr.
330 1839 364 1862 n.
423 1826 508 1862 Vid.
541 1826 714 1863 Larcher.

61 1887 151 1920 tom.
173 1881 240 1918 VII
257 1896 292 1931 p.
309 1882 388 1922 114
408 1895 485 1931 seq.
509 1885 602 1924 609.
622 1885 715 1925 612.

61 1938 174 1976 Beck.
199 1938 422 1987 Weltgesch.
445 1951 532 1989 pag.
553 1942 648 1981 727.

119 2020 161 2069 ὃς
195 2024 246 2077 τῇ
283 2018 447 2073 διώρυχι
493 2022 717 2075 ἐπεχείρησε

62 2082 220 2131 πρῶτος
241 2094 275 2118 κ.
296 2094 327 2117 τ.
347 2078 394 2129 λ.]
424 2080 482 2117 De
508 2080 622 2117 canali
649 2080 718 2117 hoc

61 2137 223 2187 inprimis
244 2136 456 2173 consulendi
468 2141 551 2173 sunt
561 2137 718 2174 Roziere

61 2193 99 2230 in
128 2193 297 2243 descript.
329 2193 376 2230 de
404 2193 502 2242 l‘Eg.
527 2194 665 2242 antiqq.
698 2193 715 2229 Ι

63 2263 98 2300 p.
123 2251 201 2290 133
225 2262 327 2298 seqq.
348 2249 425 2286 coll.
451 2263 488 2300 p.
511 2252 590 2291 127
610 2262 714 2298 seqq.

63 2305 119 2343 Le
135 2306 228 2343 Pere
258 2306 373 2354 (ibid.
394 2306 454 2342 Et.
484 2307 678 2355 moderne)
700 2306 715 2343 Ι

65 2375 101 2412 p.
120 2364 171 2403 21
197 2375 299 2412 seqq.
333 2363 386 2404 59
412 2376 514 2412 seqq.
555 2366 607 2404 61
638 2375 715 2412 seq.

64 2418 140 2455 Iam
160 2431 182 2455 a
203 2418 354 2456 Sesostri
372 2420 466 2456 hunc
481 2420 643 2457 canalem
660 2419 716 2456 in-

66 2478 210 2524 ceptum
230 2476 341 2513 fuisse
368 2475 531 2512 nonnulli
552 2477 716 2514 tradide-

66 2535 172 2578 rant,
201 2535 296 2570 teste
321 2532 505 2570 Aristotel.
526 2531 715 2570 meteorol.

66 2586 106 2633 1,
127 2586 178 2627 14
202 2601 243 2625 ac
261 2588 428 2626 Strabon.
464 2590 479 2626 Ι
504 2603 538 2639 p.
562 2589 615 2630 65
636 2602 714 2638 seq.

68 2647 105 2680 et
120 2643 223 2680 XVII
251 2657 286 2694 p.
308 2645 438 2691 1156,
459 2646 502 2682 C.
542 2646 717 2683 Herodo-

67 2702 126 2735 tus
151 2711 172 2736 a
190 2699 339 2738 Necone
367 2702 528 2739 canalem
548 2715 715 2740 exorsum

67 2754 178 2792 fuisse
198 2757 342 2803 scribit3
369 2759 432 2806 qui
451 2771 513 2796 rex
530 2772 612 2796 cum
631 2771 715 2795 ora-

67 2810 136 2847 culi
174 2813 311 2850 monitu
342 2814 388 2851 ab
422 2815 569 2865 incepto
602 2815 716 2852 desti-

67 2866 196 2914 tisset,
228 2869 387 2906 canalem
413 2883 435 2906 a
454 2871 568 2908 Dario
588 2871 716 2908 Hista-

69 2921 144 2973 spis
164 2936 244 2962 esse
260 2927 467 2975 perfectum.
498 2927 575 2964 Sed
596 2928 716 2978 ipsum

906 456 1180 510 ’Ψαμμιτίχου
1211 456 1256 498 δὲ
1289 459 1379 498 Νε-

784 836 935 874 Darium
962 849 1109 885 quoque
1132 836 1179 873 de
1196 834 1343 885 incepto
1372 835 1439 873 de-

786 893 920 930 stitisse
948 892 1007 929 alii
1031 893 1201 939 tradunt,
1232 891 1439 929 Ptolemae-

786 963 846 986 um
875 949 1072 986 secundum
1097 950 1210 987 fuisse
1234 953 1439 996 narrantes,

787 1006 850 1055 qui
878 1019 969 1056 opus
998 1007 1046 1042 ad
1076 1005 1187 1043 finem
1216 1005 1438 1054 perduxerit.

791 1063 900 1099 Conf.
938 1062 1091 1099 Diodor.
1120 1062 1157 1109 I,
1185 1063 1250 1103 33.
1305 1062 1439 1098 Strabo

788 1118 891 1155 XVII
912 1133 947 1168 p.
972 1120 1092 1165 1156,
1115 1119 1158 1155 C.
1189 1118 1327 1155 Plinius
1348 1118 1383 1154 h.
1404 1131 1439 1154 n.

788 1175 860 1222 VI,
887 1178 952 1216 29.
1020 1175 1203 1223 Equidem
1232 1178 1354 1212 tamen
1384 1175 1442 1211 vix

788 1231 873 1269 mihi
891 1232 1112 1282 persuadere
1129 1245 1298 1281 possum,
1321 1231 1442 1268 Hero-

788 1290 935 1335 dotum,
966 1288 1027 1337 qui
1047 1300 1121 1324 non
1142 1289 1193 1324 ita
1212 1287 1324 1325 multo
1353 1291 1441 1337 post

785 1345 937 1382 Darium
966 1345 1175 1395 Aegyptum
1213 1345 1315 1391 visit,
1356 1357 1437 1381 eum

786 1402 823 1438 in
860 1402 1007 1438 modum
1045 1401 1188 1451 lapsum
1222 1402 1335 1437 fuisse
1357 1430 1367 1448 ‚
1401 1405 1441 1438 ut

785 1462 928 1495 tantum
959 1457 1093 1495 canalis
1117 1471 1208 1508 opus
1239 1458 1439 1508 perfectum

788 1515 948 1562 diceret,
989 1515 1088 1564 quod
1121 1515 1230 1551 modo
1258 1515 1443 1564 inceptum

785 1572 926 1609 fuisset.
973 1571 1107 1621 Neque
1129 1571 1276 1608 omnino
1299 1584 1319 1608 a
1338 1571 1443 1608 Darii

785 1628 933 1676 ingenio
956 1628 1030 1666 tale
1059 1628 1245 1665 consilium
1269 1629 1360 1664 tanti
1382 1640 1442 1665 ca-

787 1684 880 1721 nalis
920 1685 1136 1734 perficiundi
1177 1685 1369 1730 abhorret3
1420 1697 1442 1722 a

784 1754 856 1790 quo
886 1741 1070 1790 Scylacem
1105 1741 1214 1779 etiam
1248 1741 1296 1778 ad
1331 1753 1441 1791 expe-

785 1798 939 1835 ditiones
960 1798 1156 1835 maritimas
1186 1810 1253 1847 per
1273 1798 1440 1846 regiones

784 1853 892 1904 plane
932 1854 1135 1903 incognitas
1176 1855 1320 1890 missum
1360 1867 1440 1891 esse

784 1912 997 1961 accepimus.
1026 1912 1147 1960 Ipsum
1166 1915 1440 1947 monumentum

785 1967 969 2004 Persicum
1009 1968 1227 2015 imaginibus
1256 1971 1292 2004 et
1320 1966 1441 2004 litera-

785 2037 862 2061 rum
899 2024 1192 2070 characteribus,
1247 2022 1374 2072 quales
1401 2024 1438 2059 in

785 2079 1069 2130 Persepolitanis
1100 2081 1342 2117 monumentis
1381 2092 1438 2116 re-

783 2138 994 2188 periuntur,
1036 2142 1202 2174 ornatum
1229 2137 1267 2173 in
1295 2136 1351 2173 his
1382 2149 1440 2174 re-

784 2194 953 2242 gionibus
999 2206 1116 2244 prope
1161 2193 1259 2230 lacus
1295 2205 1438 2230 amaros

783 2251 845 2299 qui
865 2251 1052 2296 dicuntur,
1083 2250 1181 2287 docti
1210 2249 1307 2286 Galli
1338 2251 1440 2287 inve-

783 2311 916 2344 nerunt
939 2311 1110 2356 recteque
1127 2308 1290 2344 referunt
1310 2307 1358 2343 ad
1380 2320 1440 2343 ca-

783 2363 877 2400 nalis
897 2377 990 2414 opus
1010 2376 1031 2399 a
1051 2364 1162 2400 Dario
1187 2363 1298 2400 Persa
1318 2376 1440 2400 susce-

783 2424 899 2470 ptum.
967 2420 1050 2456 Vid.
1075 2420 1231 2457 Roziere
1263 2420 1438 2470 descript.

784 2477 831 2514 de
850 2476 946 2525 l’Eg.
978 2480 1054 2513 ant.
1080 2476 1095 2512 l
1132 2489 1218 2526 pag.
1250 2476 1330 2517 142
1359 2476 1438 2513 coll.

782 2545 869 2584 pag.
899 2532 977 2573 134
999 2546 1076 2582 seq.
1107 2537 1144 2570 et
1171 2532 1228 2570 Le
1257 2532 1350 2570 Pete
1377 2532 1399 2569 l.
1418 2533 1441 2570 l.

783 2603 820 2641 p.
841 2591 893 2630 66
922 2602 999 2638 seq.
1059 2589 1182 2625 Potuit
1212 2589 1336 2638 utique
1362 2589 1441 2626 fieri

784 2646 953 2694 adeoque
981 2647 1116 2682 factum
1142 2659 1223 2683 esse
1250 2645 1440 2696 probabile

783 2702 847 2749 fit,
878 2706 917 2739 ut
948 2706 1034 2752 post
1058 2702 1210 2739 Darium
1236 2707 1440 2752 temporum

783 2759 937 2796 decursu
954 2757 1087 2795 canalis
1116 2758 1306 2807 neglectus
1327 2759 1437 2796 arena

781 2815 940 2863 adgesta
957 2815 1333 2864 obtegeretursquod
1350 2815 1437 2852 Pto-

783 2870 960 2908 lemaeum
997 2872 1195 2909 secundum
1227 2871 1359 2918 movit,
1397 2874 1436 2906 ut

781 2928 984 2966 commercii
1041 2927 1166 2965 melius
1223 2927 1436 2965 instituendi

1438 458 1520 486 Neco
1551 469 1567 487 a

1437 493 1473 520 ad
1494 495 1566 533 1301:

1618 470 1643 490 a.

1573 528 1579 533 -
1605 495 1664 535 foss

1479 528 1499 552 N
1518 528 1544 553 lo
1572 537 1600 554 in
1636 538 1655 555 11

1440 535 1598 621 {caiacum
1615 538 1714 590 iucliiov

1440 602 1458 622 a
1474 614 1482 621 .

1665 464 1714 490 617

1668 505 1715 524 am
