<?xml version="1.0" encoding="UTF-8"?>
<!DOCTYPE html PUBLIC "-//W3C//DTD XHTML 1.0 Transitional//EN"
    "http://www.w3.org/TR/xhtml1/DTD/xhtml1-transitional.dtd">
<html xmlns="http://www.w3.org/1999/xhtml" xml:lang="en" lang="en">
 <head>
  <title>
</title>
<meta http-equiv="Content-Type" content="text/html;charset=utf-8" />
  <meta name='ocr-system' content='tesseract 3.04.00' />
  <meta name='ocr-capabilities' content='ocr_page ocr_carea ocr_par ocr_line ocrx_word'/>
</head>
<body>
  <div class='ocr_page' id='page_1' title='image "./musaeher01hero/musaeher01hero_0861.png"; bbox 0 0 1759 3324; ppageno 0'>
   <div class='ocr_carea' id='block_1_1' title="bbox 564 288 1081 327">
    <p class='ocr_par' dir='ltr' id='par_1_1' title="bbox 564 288 1081 327">
     <span class='ocr_line' id='line_1_1' title="bbox 564 288 1081 327; baseline 0.002 -1"><span class='ocrx_word' id='word_1_1' title='bbox 564 288 986 327; x_wconf 89' lang='lat' dir='ltr'><strong>EUTERPE.</strong></span> <span class='ocrx_word' id='word_1_2' title='bbox 1036 290 1081 327; x_wconf 88' lang='grc' dir='ltr'><strong><em>ΙΙ.</em></strong></span> 
     </span>
    </p>
   </div>
   <div class='ocr_carea' id='block_1_2' title="bbox 1360 294 1444 333">
    <p class='ocr_par' dir='ltr' id='par_1_2' title="bbox 1360 294 1444 333">
     <span class='ocr_line' id='line_1_2' title="bbox 1360 294 1444 333; baseline 0.012 -1"><span class='ocrx_word' id='word_1_3' title='bbox 1360 294 1444 333; x_wconf 80' lang='lat'><strong><em>835</em></strong></span> 
     </span>
    </p>
   </div>
   <div class='ocr_carea' id='block_1_3' title="bbox 181 394 1502 454">
    <p class='ocr_par' dir='ltr' id='par_1_3' title="bbox 181 394 1502 454">
     <span class='ocr_line' id='line_1_3' title="bbox 181 394 1502 454; baseline 0 -14"><span class='ocrx_word' id='word_1_4' title='bbox 181 396 445 454; x_wconf 67' lang='grc' dir='ltr'><strong><em>“Ηφαίστου,</em></strong></span> <span class='ocrx_word' id='word_1_5' title='bbox 494 401 549 454; x_wconf 86' lang='grc' dir='ltr'><strong><em>τῇ</em></strong></span> <span class='ocrx_word' id='word_1_6' title='bbox 577 395 740 453; x_wconf 79' lang='grc' dir='ltr'><em>ὑστάτῃ</em></span> <span class='ocrx_word' id='word_1_7' title='bbox 771 399 845 452; x_wconf 85' lang='grc' dir='ltr'><strong><em>τῆς</em></strong></span> <span class='ocrx_word' id='word_1_8' title='bbox 884 394 1014 453; x_wconf 81' lang='grc' dir='ltr'><strong><em>ὁρτῆς</em></strong></span> <span class='ocrx_word' id='word_1_9' title='bbox 1042 397 1289 454; x_wconf 82' lang='grc' dir='ltr'><strong><em>μελλόντων</em></strong></span> <span class='ocrx_word' id='word_1_10' title='bbox 1311 406 1502 442; x_wconf 78' lang='grc' dir='ltr'><strong><em>κατα-95</em></strong></span> 
     </span>
    </p>
   </div>
   <div class='ocr_carea' id='block_1_4' title="bbox 184 473 1445 533">
    <p class='ocr_par' dir='ltr' id='par_1_4' title="bbox 184 473 1445 533">
     <span class='ocr_line' id='line_1_4' title="bbox 184 473 1445 533; baseline 0 -13"><span class='ocrx_word' id='word_1_11' title='bbox 184 479 394 526; x_wconf 81' lang='grc' dir='ltr'><strong><em>σπείσειν,</em></strong></span> <span class='ocrx_word' id='word_1_12' title='bbox 441 473 464 518; x_wconf 89' lang='grc' dir='ltr'>ὁ</span> <span class='ocrx_word' id='word_1_13' title='bbox 497 473 700 530; x_wconf 76' lang='grc' dir='ltr'><strong><em>ἄρχιρεύς</em></strong></span> <span class='ocrx_word' id='word_1_14' title='bbox 729 475 905 526; x_wconf 79' lang='grc' dir='ltr'><strong><em>ἐξένεικέ</em></strong></span> <span class='ocrx_word' id='word_1_15' title='bbox 936 488 1015 531; x_wconf 85' lang='grc' dir='ltr'><strong><em>σφι</em></strong></span> <span class='ocrx_word' id='word_1_16' title='bbox 1060 476 1224 532; x_wconf 75' lang='grc' dir='ltr'><strong><em>φιάλας</em></strong></span> <span class='ocrx_word' id='word_1_17' title='bbox 1252 477 1445 533; x_wconf 75' lang='grc' dir='ltr'><em>χρυσέας,</em></span> 
     </span>
    </p>
   </div>
   <div class='ocr_carea' id='block_1_5' title="bbox 183 552 1447 612">
    <p class='ocr_par' dir='ltr' id='par_1_5' title="bbox 183 552 1447 612">
     <span class='ocr_line' id='line_1_5' title="bbox 183 552 1447 612; baseline 0.002 -15"><span class='ocrx_word' id='word_1_18' title='bbox 183 557 281 611; x_wconf 84' lang='grc' dir='ltr'><strong><em>τῇσί</em></strong></span> <span class='ocrx_word' id='word_1_19' title='bbox 309 571 386 609; x_wconf 85' lang='grc' dir='ltr'><strong><em>περ</em></strong></span> <span class='ocrx_word' id='word_1_20' title='bbox 417 554 612 597; x_wconf 75' lang='grc' dir='ltr'><strong><em>ἐώθεσαν</em></strong></span> <span class='ocrx_word' id='word_1_21' title='bbox 638 553 855 605; x_wconf 80' lang='grc' dir='ltr'><strong><em>σπένδειν,</em></strong></span> <span class='ocrx_word' id='word_1_22' title='bbox 886 552 1100 611; x_wconf 74' lang='grc' dir='ltr'><strong><em>ἁμαρτών</em></strong></span> <span class='ocrx_word' id='word_1_23' title='bbox 1128 560 1208 599; x_wconf 85' lang='grc' dir='ltr'><strong><em>τοῦ</em></strong></span> <span class='ocrx_word' id='word_1_24' title='bbox 1238 553 1447 612; x_wconf 75' lang='grc' dir='ltr'><strong><em>ἀριθμοῦ,</em></strong></span> 
     </span>
    </p>
   </div>
   <div class='ocr_carea' id='block_1_6' title="bbox 154 632 1446 690">
    <p class='ocr_par' dir='ltr' id='par_1_6' title="bbox 154 632 1446 690">
     <span class='ocr_line' id='line_1_6' title="bbox 154 632 1446 690; baseline 0.002 -15"><span class='ocrx_word' id='word_1_25' title='bbox 154 634 363 683; x_wconf 70' lang='grc' dir='ltr'><strong><em>Ξὲνδεκα,</em></strong></span> <span class='ocrx_word' id='word_1_26' title='bbox 405 632 602 676; x_wconf 79' lang='grc' dir='ltr'><strong><em>δυώδεκα</em></strong></span> <span class='ocrx_word' id='word_1_27' title='bbox 631 632 763 676; x_wconf 82' lang='grc' dir='ltr'><strong><em>ἐοῦσι.</em></strong></span> <span class='ocrx_word' id='word_1_28' title='bbox 796 632 994 677; x_wconf 81' lang='grc' dir='ltr'><strong><em>ἐνθαῦτα</em></strong></span> <span class='ocrx_word' id='word_1_29' title='bbox 1024 632 1082 685; x_wconf 74' lang='grc' dir='ltr'><strong><em>ὥς</em></strong></span> <span class='ocrx_word' id='word_1_30' title='bbox 1114 633 1197 678; x_wconf 74' lang='grc' dir='ltr'><strong><em>οὐκ</em></strong></span> <span class='ocrx_word' id='word_1_31' title='bbox 1227 632 1310 690; x_wconf 85' lang='grc' dir='ltr'><strong><em>εἶχε</em></strong></span> <span class='ocrx_word' id='word_1_32' title='bbox 1341 635 1446 690; x_wconf 79' lang='grc' dir='ltr'><strong><em>φιά-</em></strong></span> 
     </span>
    </p>
   </div>
   <div class='ocr_carea' id='block_1_7' title="bbox 181 709 1443 769">
    <p class='ocr_par' dir='ltr' id='par_1_7' title="bbox 181 709 1443 769">
     <span class='ocr_line' id='line_1_7' title="bbox 181 709 1443 769; baseline 0.002 -15"><span class='ocrx_word' id='word_1_33' title='bbox 181 716 262 768; x_wconf 87' lang='grc' dir='ltr'><strong><em>λην</em></strong></span> <span class='ocrx_word' id='word_1_34' title='bbox 292 709 315 754; x_wconf 87' lang='grc' dir='ltr'>ὁ</span> <span class='ocrx_word' id='word_1_35' title='bbox 347 712 522 768; x_wconf 76' lang='grc' dir='ltr'><em>ἔσχατος</em></span> <span class='ocrx_word' id='word_1_36' title='bbox 552 711 703 763; x_wconf 76' lang='grc' dir='ltr'><strong><em>ἑστεώς</em></strong></span> <span class='ocrx_word' id='word_1_37' title='bbox 734 711 880 755; x_wconf 80' lang='grc' dir='ltr'><strong><em>αὐτῶν</em></strong></span> <span class='ocrx_word' id='word_1_38' title='bbox 921 714 1210 769; x_wconf 79' lang='grc' dir='ltr'><em>Ψαμμίτιχος,</em></span> <span class='ocrx_word' id='word_1_39' title='bbox 1248 713 1443 768; x_wconf 88' lang='grc' dir='ltr'><strong><em>περιελό-</em></strong></span> 
     </span>
    </p>
   </div>
   <div class='ocr_carea' id='block_1_8' title="bbox 180 790 1444 848">
    <p class='ocr_par' dir='ltr' id='par_1_8' title="bbox 180 790 1444 848">
     <span class='ocr_line' id='line_1_8' title="bbox 180 790 1444 848; baseline 0.002 -16"><span class='ocrx_word' id='word_1_40' title='bbox 180 806 308 846; x_wconf 80' lang='grc' dir='ltr'><strong><em>μενος</em></strong></span> <span class='ocrx_word' id='word_1_41' title='bbox 337 790 415 847; x_wconf 82' lang='grc' dir='ltr'><strong><em>τὴν</em></strong></span> <span class='ocrx_word' id='word_1_42' title='bbox 444 791 606 848; x_wconf 82' lang='grc' dir='ltr'><strong><em>κυνέην</em></strong></span> <span class='ocrx_word' id='word_1_43' title='bbox 626 826 637 844; x_wconf 95' lang='grc'><strong><em>,</em></strong></span> <span class='ocrx_word' id='word_1_44' title='bbox 677 791 837 835; x_wconf 86' lang='grc' dir='ltr'><strong><em>ἐοῦσαν</em></strong></span> <span class='ocrx_word' id='word_1_45' title='bbox 865 791 1070 848; x_wconf 83' lang='grc' dir='ltr'><strong><em>χαλκέην,</em></strong></span> <span class='ocrx_word' id='word_1_46' title='bbox 1110 791 1269 847; x_wconf 79' lang='grc' dir='ltr'><em>ὑπέσχε</em></span> <span class='ocrx_word' id='word_1_47' title='bbox 1299 808 1342 835; x_wconf 91' lang='grc' dir='ltr'><strong><em>τε</em></strong></span> <span class='ocrx_word' id='word_1_48' title='bbox 1372 793 1444 835; x_wconf 84' lang='grc' dir='ltr'><strong><em>καὶ</em></strong></span> 
     </span>
    </p>
   </div>
   <div class='ocr_carea' id='block_1_9' title="bbox 153 869 1470 926">
    <p class='ocr_par' dir='ltr' id='par_1_9' title="bbox 153 869 1470 926">
     <span class='ocr_line' id='line_1_9' title="bbox 153 869 1413 910; baseline -0.002 -25"><span class='ocrx_word' id='word_1_49' title='bbox 153 869 205 910; x_wconf 75' lang='grc'><strong><em>371</em></strong></span> <span class='ocrx_word' id='word_1_50' title='bbox 524 870 532 885; x_wconf 83' lang='grc' dir='ltr'><strong><em>Ι</em></strong></span> <span class='ocrx_word' id='word_1_51' title='bbox 647 871 657 884; x_wconf 59' lang='grc' dir='ltr'>ἱ</span> <span class='ocrx_word' id='word_1_52' title='bbox 752 871 760 885; x_wconf 64' lang='lat' dir='ltr'>x</span> <span class='ocrx_word' id='word_1_53' title='bbox 827 871 839 886; x_wconf 76' lang='lat' dir='ltr'><strong>e</strong></span> <span class='ocrx_word' id='word_1_54' title='bbox 877 869 897 883; x_wconf 73' lang='lat'><strong><em>7!</em></strong></span> <span class='ocrx_word' id='word_1_55' title='bbox 1043 870 1065 885; x_wconf 68' lang='lat' dir='ltr'><strong><em>r!</em></strong></span> <span class='ocrx_word' id='word_1_56' title='bbox 1257 871 1268 885; x_wconf 78' lang='lat'><strong>7</strong></span> <span class='ocrx_word' id='word_1_57' title='bbox 1324 871 1333 882; x_wconf 80' lang='grc'><em>1</em></span> <span class='ocrx_word' id='word_1_58' title='bbox 1403 869 1413 883; x_wconf 77' lang='lat' dir='ltr'><em>l</em></span> 
     </span>
     <span class='ocr_line' id='line_1_10' title="bbox 184 872 1470 926; baseline 0.001 -14"><span class='ocrx_word' id='word_1_59' title='bbox 184 872 369 913; x_wconf 84' lang='grc' dir='ltr'><strong><em>εσπενδε.</em></strong></span> <span class='ocrx_word' id='word_1_60' title='bbox 429 887 586 922; x_wconf 77' lang='grc' dir='ltr'><strong><em>κυνέας</em></strong></span> <span class='ocrx_word' id='word_1_61' title='bbox 618 872 663 914; x_wconf 87' lang='grc' dir='ltr'><strong><em>δε</em></strong></span> <span class='ocrx_word' id='word_1_62' title='bbox 693 887 766 914; x_wconf 86' lang='grc' dir='ltr'><strong><em>και</em></strong></span> <span class='ocrx_word' id='word_1_63' title='bbox 797 887 839 913; x_wconf 89' lang='grc' dir='ltr'><strong><em>οι</em></strong></span> <span class='ocrx_word' id='word_1_64' title='bbox 870 875 993 914; x_wconf 86' lang='grc' dir='ltr'><strong><em>αλλοι</em></strong></span> <span class='ocrx_word' id='word_1_65' title='bbox 1035 887 1222 923; x_wconf 88' lang='grc' dir='ltr'><strong><em>απαντες</em></strong></span> <span class='ocrx_word' id='word_1_66' title='bbox 1252 879 1470 926; x_wconf 78' lang='grc' dir='ltr'><strong><em>εφορεονΙ</em></strong></span> 
     </span>
    </p>
   </div>
   <div class='ocr_carea' id='block_1_10' title="bbox 179 948 1203 1005">
    <p class='ocr_par' dir='ltr' id='par_1_10' title="bbox 179 948 1203 1005">
     <span class='ocr_line' id='line_1_11' title="bbox 179 948 1203 1005; baseline 0.001 -15"><span class='ocrx_word' id='word_1_67' title='bbox 179 964 223 991; x_wconf 89' lang='grc' dir='ltr'><strong><em>τε</em></strong></span> <span class='ocrx_word' id='word_1_68' title='bbox 254 949 470 1004; x_wconf 82' lang='grc' dir='ltr'><strong><em>βασιλέες,</em></strong></span> <span class='ocrx_word' id='word_1_69' title='bbox 519 950 593 993; x_wconf 82' lang='grc' dir='ltr'><strong><em>καὶ</em></strong></span> <span class='ocrx_word' id='word_1_70' title='bbox 625 948 860 1005; x_wconf 77' lang='grc' dir='ltr'><strong><em>ἐτύγχανον</em></strong></span> <span class='ocrx_word' id='word_1_71' title='bbox 894 950 992 993; x_wconf 89' lang='grc' dir='ltr'><strong><em>τότε</em></strong></span> <span class='ocrx_word' id='word_1_72' title='bbox 1024 950 1203 1005; x_wconf 76' lang='grc' dir='ltr'><strong><em>ἔχοντες.</em></strong></span> 
     </span>
    </p>
   </div>
   <div class='ocr_carea' id='block_1_11' title="bbox 1269 951 1442 1006">
    <p class='ocr_par' dir='ltr' id='par_1_11' title="bbox 1269 951 1442 1006">
     <span class='ocr_line' id='line_1_12' title="bbox 1269 951 1442 1006; baseline 0.006 -14"><span class='ocrx_word' id='word_1_73' title='bbox 1269 951 1442 1006; x_wconf 81' lang='grc' dir='ltr'><strong><em>Ψαμμί-</em></strong></span> 
     </span>
    </p>
   </div>
   <div class='ocr_carea' id='block_1_12' title="bbox 179 1027 1442 1086">
    <p class='ocr_par' dir='ltr' id='par_1_12' title="bbox 179 1027 1442 1086">
     <span class='ocr_line' id='line_1_13' title="bbox 179 1027 1442 1086; baseline 0.002 -16"><span class='ocrx_word' id='word_1_74' title='bbox 179 1044 296 1083; x_wconf 90' lang='grc' dir='ltr'><strong><em>τιχος</em></strong></span> <span class='ocrx_word' id='word_1_75' title='bbox 327 1027 405 1082; x_wconf 88' lang='grc' dir='ltr'><strong><em>μέν</em></strong></span> <span class='ocrx_word' id='word_1_76' title='bbox 434 1044 518 1071; x_wconf 90' lang='grc' dir='ltr'><strong><em>νυν</em></strong></span> <span class='ocrx_word' id='word_1_77' title='bbox 548 1028 694 1072; x_wconf 81' lang='grc' dir='ltr'><strong><em>οὐδενὶ</em></strong></span> <span class='ocrx_word' id='word_1_78' title='bbox 724 1031 888 1085; x_wconf 76' lang='grc' dir='ltr'><strong><em>δολερῷ</em></strong></span> <span class='ocrx_word' id='word_1_79' title='bbox 919 1027 1008 1086; x_wconf 81' lang='grc' dir='ltr'><strong><em>νόῳ</em></strong></span> <span class='ocrx_word' id='word_1_80' title='bbox 1037 1027 1296 1084; x_wconf 73' lang='grc' dir='ltr'><strong><em>χρεώμενος,</em></strong></span> <span class='ocrx_word' id='word_1_81' title='bbox 1334 1028 1442 1073; x_wconf 81' lang='grc' dir='ltr'><strong><em>ὑπέ-</em></strong></span> 
     </span>
    </p>
   </div>
   <div class='ocr_carea' id='block_1_13' title="bbox 148 1106 1445 1164">
    <p class='ocr_par' dir='ltr' id='par_1_13' title="bbox 148 1106 1445 1164">
     <span class='ocr_line' id='line_1_14' title="bbox 148 1106 1445 1164; baseline 0.003 -16"><span class='ocrx_word' id='word_1_82' title='bbox 148 1110 251 1162; x_wconf 80' lang='grc' dir='ltr'><strong><em>4σχε</em></strong></span> <span class='ocrx_word' id='word_1_83' title='bbox 276 1106 358 1162; x_wconf 77' lang='grc' dir='ltr'><strong><em>τὴν</em></strong></span> <span class='ocrx_word' id='word_1_84' title='bbox 386 1108 558 1164; x_wconf 79' lang='grc' dir='ltr'><strong><em>κυνέην.</em></strong></span> <span class='ocrx_word' id='word_1_85' title='bbox 617 1109 661 1151; x_wconf 79' lang='grc' dir='ltr'><strong><em>οἱ</em></strong></span> <span class='ocrx_word' id='word_1_86' title='bbox 690 1107 760 1160; x_wconf 84' lang='grc' dir='ltr'><strong><em>δὲ,</em></strong></span> <span class='ocrx_word' id='word_1_87' title='bbox 803 1107 850 1150; x_wconf 78' lang='grc' dir='ltr'><strong><em>ἐν</em></strong></span> <span class='ocrx_word' id='word_1_88' title='bbox 892 1108 1022 1163; x_wconf 89' lang='grc' dir='ltr'><strong><em>φρενὶ</em></strong></span> <span class='ocrx_word' id='word_1_89' title='bbox 1060 1106 1270 1163; x_wconf 81' lang='grc' dir='ltr'><strong><em>λαβόντες</em></strong></span> <span class='ocrx_word' id='word_1_90' title='bbox 1308 1106 1359 1151; x_wconf 91' lang='grc' dir='ltr'><strong><em>τό</em></strong></span> <span class='ocrx_word' id='word_1_91' title='bbox 1399 1124 1445 1152; x_wconf 86' lang='grc' dir='ltr'><strong><em>τε</em></strong></span> 
     </span>
    </p>
   </div>
   <div class='ocr_carea' id='block_1_14' title="bbox 179 1184 1468 1242">
    <p class='ocr_par' dir='ltr' id='par_1_14' title="bbox 179 1184 1468 1242">
     <span class='ocr_line' id='line_1_15' title="bbox 179 1184 1468 1242; baseline 0.001 -13"><span class='ocrx_word' id='word_1_92' title='bbox 179 1186 364 1242; x_wconf 78' lang='grc' dir='ltr'><strong><em>ποιηθὲν</em></strong></span> <span class='ocrx_word' id='word_1_93' title='bbox 403 1187 450 1230; x_wconf 86' lang='grc' dir='ltr'><strong><em>ἐκ</em></strong></span> <span class='ocrx_word' id='word_1_94' title='bbox 491 1188 767 1242; x_wconf 81' lang='grc' dir='ltr'><strong><em>Ψαμμιτίχου</em></strong></span> <span class='ocrx_word' id='word_1_95' title='bbox 789 1219 800 1239; x_wconf 90' lang='grc'><strong><em>,</em></strong></span> <span class='ocrx_word' id='word_1_96' title='bbox 853 1187 926 1229; x_wconf 85' lang='grc' dir='ltr'><strong><em>καὶ</em></strong></span> <span class='ocrx_word' id='word_1_97' title='bbox 963 1185 1012 1229; x_wconf 87' lang='grc' dir='ltr'><strong><em>τὸ</em></strong></span> <span class='ocrx_word' id='word_1_98' title='bbox 1048 1184 1311 1242; x_wconf 76' lang='grc' dir='ltr'><strong><em>χρηστήριον</em></strong></span> <span class='ocrx_word' id='word_1_99' title='bbox 1341 1186 1366 1229; x_wconf 84' lang='grc' dir='ltr'>ὅ</span> <span class='ocrx_word' id='word_1_100' title='bbox 1398 1195 1468 1230; x_wconf 89' lang='grc' dir='ltr'><strong><em>τι5</em></strong></span> 
     </span>
    </p>
   </div>
   <div class='ocr_carea' id='block_1_15' title="bbox 178 1263 1438 1322">
    <p class='ocr_par' dir='ltr' id='par_1_15' title="bbox 178 1263 1438 1322">
     <span class='ocr_line' id='line_1_16' title="bbox 178 1263 1438 1322; baseline 0 -14"><span class='ocrx_word' id='word_1_101' title='bbox 178 1264 378 1321; x_wconf 85' lang='grc' dir='ltr'><strong><em>έκέχρητό</em></strong></span> <span class='ocrx_word' id='word_1_102' title='bbox 411 1277 511 1321; x_wconf 86' lang='grc' dir='ltr'><strong><em>σφι,</em></strong></span> <span class='ocrx_word' id='word_1_103' title='bbox 542 1264 621 1309; x_wconf 80' lang='grc' dir='ltr'><strong><em>τόν</em></strong></span> <span class='ocrx_word' id='word_1_104' title='bbox 650 1266 807 1322; x_wconf 82' lang='grc' dir='ltr'><strong><em>χαλκέῃ</em></strong></span> <span class='ocrx_word' id='word_1_105' title='bbox 838 1267 1073 1309; x_wconf 80' lang='grc' dir='ltr'><strong><em>σπείσαντα</em></strong></span> <span class='ocrx_word' id='word_1_106' title='bbox 1104 1263 1249 1308; x_wconf 74' lang='grc' dir='ltr'><strong><em>αὐτῶν</em></strong></span> <span class='ocrx_word' id='word_1_107' title='bbox 1280 1263 1438 1322; x_wconf 75' lang='grc' dir='ltr'><strong><em>φιάλῃ,</em></strong></span> 
     </span>
    </p>
   </div>
   <div class='ocr_carea' id='block_1_16' title="bbox 177 1341 1443 1400">
    <p class='ocr_par' dir='ltr' id='par_1_16' title="bbox 177 1341 1443 1400">
     <span class='ocr_line' id='line_1_17' title="bbox 177 1341 1443 1400; baseline -0.002 -13"><span class='ocrx_word' id='word_1_108' title='bbox 177 1348 336 1387; x_wconf 84' lang='grc' dir='ltr'><strong><em>τοῦτον</em></strong></span> <span class='ocrx_word' id='word_1_109' title='bbox 366 1344 545 1400; x_wconf 80' lang='grc' dir='ltr'><strong><em>βασιλέα</em></strong></span> <span class='ocrx_word' id='word_1_110' title='bbox 575 1344 750 1388; x_wconf 77' lang='grc' dir='ltr'><strong><em>ἔσεσθαι</em></strong></span> <span class='ocrx_word' id='word_1_111' title='bbox 779 1348 950 1400; x_wconf 78' lang='grc' dir='ltr'><strong><em>μοῦνον</em></strong></span> <span class='ocrx_word' id='word_1_112' title='bbox 968 1343 1216 1400; x_wconf 77' lang='grc' dir='ltr'><strong><em>Αἰγύπτου·</em></strong></span> <span class='ocrx_word' id='word_1_113' title='bbox 1248 1341 1443 1400; x_wconf 72' lang='grc' dir='ltr'><strong><em>ἀναμνη-</em></strong></span> 
     </span>
    </p>
   </div>
   <div class='ocr_carea' id='block_1_17' title="bbox 180 1421 1440 1479">
    <p class='ocr_par' dir='ltr' id='par_1_17' title="bbox 180 1421 1440 1479">
     <span class='ocr_line' id='line_1_18' title="bbox 180 1421 1440 1479; baseline 0 -13"><span class='ocrx_word' id='word_1_114' title='bbox 180 1422 353 1474; x_wconf 77' lang='grc' dir='ltr'><strong><em>σθέντες</em></strong></span> <span class='ocrx_word' id='word_1_115' title='bbox 381 1427 462 1466; x_wconf 85' lang='grc' dir='ltr'><strong><em>τοῦ</em></strong></span> <span class='ocrx_word' id='word_1_116' title='bbox 490 1426 711 1479; x_wconf 84' lang='grc' dir='ltr'><strong><em>χρησμοῦ,</em></strong></span> <span class='ocrx_word' id='word_1_117' title='bbox 757 1428 922 1466; x_wconf 82' lang='grc' dir='ltr'><strong><em>κτεῖναι</em></strong></span> <span class='ocrx_word' id='word_1_118' title='bbox 950 1422 1029 1478; x_wconf 77' lang='grc' dir='ltr'><strong><em>μὲν</em></strong></span> <span class='ocrx_word' id='word_1_119' title='bbox 1069 1421 1151 1466; x_wconf 77' lang='grc' dir='ltr'><strong><em>οὐκ</em></strong></span> <span class='ocrx_word' id='word_1_120' title='bbox 1181 1423 1440 1466; x_wconf 83' lang='grc' dir='ltr'><strong><em>ἐδικαίωσαν</em></strong></span> 
     </span>
    </p>
   </div>
   <div class='ocr_carea' id='block_1_18' title="bbox 184 1500 1438 1559">
    <p class='ocr_par' dir='ltr' id='par_1_18' title="bbox 184 1500 1438 1559">
     <span class='ocr_line' id='line_1_19' title="bbox 184 1500 1438 1559; baseline 0.001 -15"><span class='ocrx_word' id='word_1_121' title='bbox 184 1503 476 1558; x_wconf 83' lang='grc' dir='ltr'><strong><em>Ψαμμίτιχον,</em></strong></span> <span class='ocrx_word' id='word_1_122' title='bbox 517 1500 577 1552; x_wconf 66' lang='grc' dir='ltr'><strong><em>οἷς</em></strong></span> <span class='ocrx_word' id='word_1_123' title='bbox 608 1501 868 1556; x_wconf 77' lang='grc' dir='ltr'><strong><em>ἀνεύρισκον</em></strong></span> <span class='ocrx_word' id='word_1_124' title='bbox 905 1503 1210 1559; x_wconf 81' lang='grc' dir='ltr'><strong><em>βασανίζοντες</em></strong></span> <span class='ocrx_word' id='word_1_125' title='bbox 1240 1502 1281 1553; x_wconf 78' lang='grc' dir='ltr'><strong><em>ἐξ</em></strong></span> <span class='ocrx_word' id='word_1_126' title='bbox 1312 1501 1438 1546; x_wconf 81' lang='grc' dir='ltr'><strong><em>οὐδε-</em></strong></span> 
     </span>
    </p>
   </div>
   <div class='ocr_carea' id='block_1_19' title="bbox 176 1579 1023 1637">
    <p class='ocr_par' dir='ltr' id='par_1_19' title="bbox 176 1579 1023 1637">
     <span class='ocr_line' id='line_1_20' title="bbox 176 1579 1023 1637; baseline 0.002 -14"><span class='ocrx_word' id='word_1_127' title='bbox 176 1583 275 1636; x_wconf 88' lang='grc' dir='ltr'><strong><em>μιῆς</em></strong></span> <span class='ocrx_word' id='word_1_128' title='bbox 314 1583 526 1637; x_wconf 88' lang='grc' dir='ltr'><strong><em>προνοίης</em></strong></span> <span class='ocrx_word' id='word_1_129' title='bbox 573 1580 711 1624; x_wconf 76' lang='grc' dir='ltr'><strong><em>αὐτόν</em></strong></span> <span class='ocrx_word' id='word_1_130' title='bbox 758 1579 1023 1637; x_wconf 85' lang='grc' dir='ltr'><strong><em>ποιήσαντα·</em></strong></span> 
     </span>
    </p>
   </div>
   <div class='ocr_carea' id='block_1_20' title="bbox 1083 1580 1439 1633">
    <p class='ocr_par' dir='ltr' id='par_1_20' title="bbox 1083 1580 1439 1633">
     <span class='ocr_line' id='line_1_21' title="bbox 1083 1580 1439 1633; baseline -0.006 -7"><span class='ocrx_word' id='word_1_131' title='bbox 1083 1582 1125 1633; x_wconf 81' lang='grc' dir='ltr'><strong><em>ἐς</em></strong></span> <span class='ocrx_word' id='word_1_132' title='bbox 1166 1581 1211 1625; x_wconf 79' lang='grc' dir='ltr'><strong><em>δὲ</em></strong></span> <span class='ocrx_word' id='word_1_133' title='bbox 1249 1582 1303 1623; x_wconf 79' lang='grc' dir='ltr'><strong><em>τα</em></strong></span> <span class='ocrx_word' id='word_1_134' title='bbox 1343 1580 1439 1624; x_wconf 78' lang='grc' dir='ltr'><strong><em>ἕλεα</em></strong></span> 
     </span>
    </p>
   </div>
   <div class='ocr_carea' id='block_1_21' title="bbox 177 1658 1494 1716">
    <p class='ocr_par' dir='ltr' id='par_1_21' title="bbox 177 1658 1494 1716">
     <span class='ocr_line' id='line_1_22' title="bbox 177 1658 1494 1716; baseline -0.001 -14"><span class='ocrx_word' id='word_1_135' title='bbox 177 1658 295 1710; x_wconf 73' lang='grc' dir='ltr'><strong><em>ἔδοξέ</em></strong></span> <span class='ocrx_word' id='word_1_136' title='bbox 326 1670 404 1715; x_wconf 85' lang='grc' dir='ltr'><strong><em>σφι</em></strong></span> <span class='ocrx_word' id='word_1_137' title='bbox 435 1661 604 1712; x_wconf 75' lang='grc' dir='ltr'><strong><em>διῶξαι,</em></strong></span> <span class='ocrx_word' id='word_1_138' title='bbox 652 1659 931 1712; x_wconf 78' lang='grc' dir='ltr'><strong><em>ψιλώσαντας</em></strong></span> <span class='ocrx_word' id='word_1_139' title='bbox 959 1661 1011 1703; x_wconf 72' lang='grc' dir='ltr'><strong><em>τοὶ</em></strong></span> <span class='ocrx_word' id='word_1_140' title='bbox 1039 1665 1216 1704; x_wconf 84' lang='grc' dir='ltr'><strong><em>πλεῖστα</em></strong></span> <span class='ocrx_word' id='word_1_141' title='bbox 1253 1664 1329 1716; x_wconf 84' lang='grc' dir='ltr'><strong><em>τῆς</em></strong></span> <span class='ocrx_word' id='word_1_142' title='bbox 1359 1662 1435 1703; x_wconf 88' lang='grc' dir='ltr'><strong><em>δυ-</em></strong></span> <span class='ocrx_word' id='word_1_143' title='bbox 1452 1669 1494 1701; x_wconf 88' lang='lat' dir='ltr'><strong><em>lo</em></strong></span> 
     </span>
    </p>
   </div>
   <div class='ocr_carea' id='block_1_22' title="bbox 177 1735 1435 1796">
    <p class='ocr_par' dir='ltr' id='par_1_22' title="bbox 177 1735 1435 1796">
     <span class='ocr_line' id='line_1_23' title="bbox 177 1735 1435 1796; baseline 0.001 -16"><span class='ocrx_word' id='word_1_144' title='bbox 177 1735 351 1792; x_wconf 75' lang='grc' dir='ltr'><strong><em>νάμιος·</em></strong></span> <span class='ocrx_word' id='word_1_145' title='bbox 384 1739 430 1782; x_wconf 82' lang='grc' dir='ltr'><strong><em>ἐκ</em></strong></span> <span class='ocrx_word' id='word_1_146' title='bbox 463 1739 508 1782; x_wconf 78' lang='grc' dir='ltr'><strong><em>δὲ</em></strong></span> <span class='ocrx_word' id='word_1_147' title='bbox 537 1743 626 1782; x_wconf 71' lang='grc' dir='ltr'><strong><em>τῶν</em></strong></span> <span class='ocrx_word' id='word_1_148' title='bbox 663 1739 791 1783; x_wconf 79' lang='grc' dir='ltr'><strong><em>ἑλέων</em></strong></span> <span class='ocrx_word' id='word_1_149' title='bbox 822 1737 1097 1795; x_wconf 81' lang='grc' dir='ltr'><strong><em>ὁρμεώμενον</em></strong></span> <span class='ocrx_word' id='word_1_150' title='bbox 1128 1739 1186 1796; x_wconf 88' lang='grc' dir='ltr'><strong><em>μὴ</em></strong></span> <span class='ocrx_word' id='word_1_151' title='bbox 1217 1738 1435 1794; x_wconf 80' lang='grc' dir='ltr'><strong><em>ἐπιμίσγε-</em></strong></span> 
     </span>
    </p>
   </div>
   <div class='ocr_carea' id='block_1_23' title="bbox 124 1860 396 1865">
    <p class='ocr_par' dir='ltr' id='par_1_23' title="bbox 124 1860 396 1865">
     <span class='ocr_line' id='line_1_24' title="bbox 124 1860 396 1865; baseline 0 0"><span class='ocrx_word' id='word_1_152' title='bbox 124 1860 396 1865; x_wconf 95' lang='lat' dir='ltr'><strong><em> </em></strong></span> 
     </span>
    </p>
   </div>
   <div class='ocr_carea' id='block_1_24' title="bbox 118 1920 772 2130">
    <p class='ocr_par' dir='ltr' id='par_1_24' title="bbox 118 1920 772 2130">
     <span class='ocr_line' id='line_1_25' title="bbox 123 1920 769 1974; baseline 0 -15"><span class='ocrx_word' id='word_1_153' title='bbox 123 1924 215 1963; x_wconf 85' lang='grc'><strong>173.</strong></span> <span class='ocrx_word' id='word_1_154' title='bbox 273 1920 332 1959; x_wconf 85' lang='lat' dir='ltr'><strong><em>Ad</em></strong></span> <span class='ocrx_word' id='word_1_155' title='bbox 361 1926 614 1971; x_wconf 81' lang='lat' dir='ltr'>argumentum</span> <span class='ocrx_word' id='word_1_156' title='bbox 652 1936 769 1974; x_wconf 85' lang='lat' dir='ltr'><strong>comp.</strong></span> 
     </span>
     <span class='ocr_line' id='line_1_26' title="bbox 119 1978 771 2030; baseline 0.002 -14"><span class='ocrx_word' id='word_1_157' title='bbox 119 1978 271 2016; x_wconf 85' lang='lat' dir='ltr'><strong>Diodor.</strong></span> <span class='ocrx_word' id='word_1_158' title='bbox 302 1978 341 2025; x_wconf 87' lang='grc' dir='ltr'><strong><em>Ι,</em></strong></span> <span class='ocrx_word' id='word_1_159' title='bbox 365 1982 439 2026; x_wconf 88' lang='grc'><strong><em>66,</em></strong></span> <span class='ocrx_word' id='word_1_160' title='bbox 471 1980 532 2029; x_wconf 85' lang='lat' dir='ltr'><strong><em>qui</em></strong></span> <span class='ocrx_word' id='word_1_161' title='bbox 561 1984 646 2030; x_wconf 85' lang='lat' dir='ltr'><strong>post</strong></span> <span class='ocrx_word' id='word_1_162' title='bbox 668 1981 771 2029; x_wconf 84' lang='lat' dir='ltr'><strong>quin-</strong></span> 
     </span>
     <span class='ocr_line' id='line_1_27' title="bbox 119 2036 772 2086; baseline 0.005 -15"><span class='ocrx_word' id='word_1_163' title='bbox 119 2036 236 2072; x_wconf 88' lang='lat' dir='ltr'>decim</span> <span class='ocrx_word' id='word_1_164' title='bbox 259 2048 434 2072; x_wconf 84' lang='lat' dir='ltr'><strong>annorum</strong></span> <span class='ocrx_word' id='word_1_165' title='bbox 453 2049 642 2074; x_wconf 88' lang='lat' dir='ltr'><strong>commune</strong></span> <span class='ocrx_word' id='word_1_166' title='bbox 659 2037 772 2086; x_wconf 87' lang='lat' dir='ltr'><strong>impe-</strong></span> 
     </span>
     <span class='ocr_line' id='line_1_28' title="bbox 118 2092 769 2130; baseline 0.003 -3"><span class='ocrx_word' id='word_1_167' title='bbox 118 2092 210 2128; x_wconf 86' lang='lat' dir='ltr'><strong>rium</strong></span> <span class='ocrx_word' id='word_1_168' title='bbox 232 2092 301 2128; x_wconf 91' lang='lat' dir='ltr'><strong><em>hoc</em></strong></span> <span class='ocrx_word' id='word_1_169' title='bbox 323 2093 495 2129; x_wconf 80' lang='lat' dir='ltr'><strong>accidisse</strong></span> <span class='ocrx_word' id='word_1_170' title='bbox 514 2094 635 2130; x_wconf 83' lang='lat' dir='ltr'>refert.</span> <span class='ocrx_word' id='word_1_171' title='bbox 676 2092 769 2129; x_wconf 84' lang='lat' dir='ltr'><strong>Add.</strong></span> 
     </span>
    </p>
   </div>
   <div class='ocr_carea' id='block_1_25' title="bbox 119 2147 731 2200">
    <p class='ocr_par' dir='ltr' id='par_1_25' title="bbox 119 2147 731 2200">
     <span class='ocr_line' id='line_1_29' title="bbox 119 2147 731 2200; baseline -0.002 -14"><span class='ocrx_word' id='word_1_172' title='bbox 119 2148 226 2186; x_wconf 83' lang='lat' dir='ltr'><strong>etiam</strong></span> <span class='ocrx_word' id='word_1_173' title='bbox 247 2147 378 2185; x_wconf 83' lang='lat' dir='ltr'><strong>Athen.</strong></span> <span class='ocrx_word' id='word_1_174' title='bbox 400 2149 473 2197; x_wconf 82' lang='lat' dir='ltr'><strong><em>VI,</em></strong></span> <span class='ocrx_word' id='word_1_175' title='bbox 495 2152 545 2190; x_wconf 84' lang='lat'><strong><em>19</em></strong></span> <span class='ocrx_word' id='word_1_176' title='bbox 575 2163 611 2200; x_wconf 90' lang='lat' dir='ltr'><strong><em>p.</em></strong></span> <span class='ocrx_word' id='word_1_177' title='bbox 638 2151 731 2190; x_wconf 76' lang='lat'><strong>231.</strong></span> 
     </span>
    </p>
   </div>
   <div class='ocr_carea' id='block_1_26' title="bbox 119 2227 771 2722">
    <p class='ocr_par' dir='ltr' id='par_1_26' title="bbox 119 2227 771 2722">
     <span class='ocr_line' id='line_1_30' title="bbox 175 2227 771 2282; baseline 0.003 -13"><span class='ocrx_word' id='word_1_178' title='bbox 175 2228 200 2270; x_wconf 77' lang='grc' dir='ltr'>ὁ</span> <span class='ocrx_word' id='word_1_179' title='bbox 238 2229 395 2282; x_wconf 71' lang='grc' dir='ltr'><strong><em>ἔσχατος</em></strong></span> <span class='ocrx_word' id='word_1_180' title='bbox 453 2229 592 2279; x_wconf 75' lang='grc' dir='ltr'><strong><em>ἑστεώς</em></strong></span> <span class='ocrx_word' id='word_1_181' title='bbox 638 2227 771 2271; x_wconf 69' lang='grc' dir='ltr'><strong><em>αὐτῶν</em></strong></span> 
     </span>
     <span class='ocr_line' id='line_1_31' title="bbox 125 2283 770 2338; baseline 0.002 -13"><span class='ocrx_word' id='word_1_182' title='bbox 125 2286 384 2338; x_wconf 79' lang='grc' dir='ltr'><strong><em>Ψαμμίτιχος]</em></strong></span> <span class='ocrx_word' id='word_1_183' title='bbox 413 2283 544 2327; x_wconf 73' lang='grc' dir='ltr'><strong><em>αὐτῶν</em></strong></span> <span class='ocrx_word' id='word_1_184' title='bbox 562 2302 640 2327; x_wconf 90' lang='lat' dir='ltr'><strong><em>cum</em></strong></span> <span class='ocrx_word' id='word_1_185' title='bbox 661 2289 770 2326; x_wconf 85' lang='lat' dir='ltr'><strong>Gais-</strong></span> 
     </span>
     <span class='ocr_line' id='line_1_32' title="bbox 119 2340 769 2395; baseline 0.006 -15"><span class='ocrx_word' id='word_1_186' title='bbox 119 2344 212 2383; x_wconf 87' lang='lat' dir='ltr'><strong>ford.</strong></span> <span class='ocrx_word' id='word_1_187' title='bbox 241 2345 327 2381; x_wconf 82' lang='lat' dir='ltr'><strong>dedi</strong></span> <span class='ocrx_word' id='word_1_188' title='bbox 373 2358 440 2394; x_wconf 90' lang='lat' dir='ltr'><strong><em>pro</em></strong></span> <span class='ocrx_word' id='word_1_189' title='bbox 474 2346 569 2395; x_wconf 85' lang='lat' dir='ltr'><strong>vulg.</strong></span> <span class='ocrx_word' id='word_1_190' title='bbox 601 2340 769 2384; x_wconf 70' lang='grc' dir='ltr'><strong><em>αὐτέων</em></strong></span> 
     </span>
     <span class='ocr_line' id='line_1_33' title="bbox 120 2402 770 2452; baseline 0.008 -17"><span class='ocrx_word' id='word_1_191' title='bbox 120 2403 228 2448; x_wconf 84' lang='lat' dir='ltr'><strong>atque</strong></span> <span class='ocrx_word' id='word_1_192' title='bbox 261 2403 383 2451; x_wconf 78' lang='grc' dir='ltr'><strong><em>Ψαμμ</em></strong></span> <span class='ocrx_word' id='word_1_193' title='bbox 399 2402 526 2452; x_wconf 84' lang='grc' dir='ltr'><strong><em>ίτιχος</em></strong></span> <span class='ocrx_word' id='word_1_194' title='bbox 553 2415 621 2452; x_wconf 89' lang='lat' dir='ltr'><strong><em>pro</em></strong></span> <span class='ocrx_word' id='word_1_195' title='bbox 655 2405 770 2452; x_wconf 79' lang='grc' dir='ltr'><strong><em>Ψαμ-</em></strong></span> 
     </span>
     <span class='ocr_line' id='line_1_34' title="bbox 121 2452 768 2507; baseline 0.009 -14"><span class='ocrx_word' id='word_1_196' title='bbox 121 2452 322 2507; x_wconf 76' lang='grc' dir='ltr'><strong><em>μήτιχος,</em></strong></span> <span class='ocrx_word' id='word_1_197' title='bbox 353 2458 400 2496; x_wconf 87' lang='lat' dir='ltr'><strong><em>de</em></strong></span> <span class='ocrx_word' id='word_1_198' title='bbox 427 2471 499 2507; x_wconf 90' lang='lat' dir='ltr'><strong><em>quo</em></strong></span> <span class='ocrx_word' id='word_1_199' title='bbox 529 2459 600 2496; x_wconf 88' lang='lat' dir='ltr'><strong>vid.</strong></span> <span class='ocrx_word' id='word_1_200' title='bbox 630 2458 669 2505; x_wconf 94' lang='grc' dir='ltr'><strong><em>Ι,</em></strong></span> <span class='ocrx_word' id='word_1_201' title='bbox 688 2457 768 2499; x_wconf 87' lang='grc'><strong><em>105</em></strong></span> 
     </span>
     <span class='ocr_line' id='line_1_35' title="bbox 122 2512 770 2560; baseline 0.006 -13"><span class='ocrx_word' id='word_1_202' title='bbox 122 2514 160 2548; x_wconf 85' lang='lat' dir='ltr'><strong><em>et</em></strong></span> <span class='ocrx_word' id='word_1_203' title='bbox 183 2512 239 2560; x_wconf 89' lang='grc' dir='ltr'><strong><em>ΙΙ,</em></strong></span> <span class='ocrx_word' id='word_1_204' title='bbox 272 2517 308 2554; x_wconf 94' lang='grc'><strong>2.</strong></span> <span class='ocrx_word' id='word_1_205' title='bbox 365 2513 611 2552; x_wconf 69' lang='lat' dir='ltr'><strong>Psamm&#39;tichi</strong></span> <span class='ocrx_word' id='word_1_206' title='bbox 636 2528 770 2552; x_wconf 88' lang='lat' dir='ltr'><strong>nomen</strong></span> 
     </span>
     <span class='ocr_line' id='line_1_36' title="bbox 120 2568 769 2621; baseline 0.008 -18"><span class='ocrx_word' id='word_1_207' title='bbox 120 2568 216 2605; x_wconf 89' lang='lat' dir='ltr'><strong>notis</strong></span> <span class='ocrx_word' id='word_1_208' title='bbox 233 2568 509 2621; x_wconf 81' lang='lat' dir='ltr'><strong>hieroglyphicis</strong></span> <span class='ocrx_word' id='word_1_209' title='bbox 529 2572 769 2621; x_wconf 81' lang='lat' dir='ltr'><strong>conscriptum</strong></span> 
     </span>
     <span class='ocr_line' id='line_1_37' title="bbox 122 2622 770 2677; baseline 0.008 -19"><span class='ocrx_word' id='word_1_210' title='bbox 122 2622 159 2659; x_wconf 89' lang='lat' dir='ltr'><strong><em>in</em></strong></span> <span class='ocrx_word' id='word_1_211' title='bbox 174 2628 410 2663; x_wconf 77' lang='lat' dir='ltr'><strong>monumentis</strong></span> <span class='ocrx_word' id='word_1_212' title='bbox 421 2627 652 2677; x_wconf 79' lang='lat' dir='ltr'>Aegyptiacis</span> <span class='ocrx_word' id='word_1_213' title='bbox 675 2640 770 2664; x_wconf 86' lang='lat' dir='ltr'><strong>nunc</strong></span> 
     </span>
     <span class='ocr_line' id='line_1_38' title="bbox 123 2678 771 2722; baseline 0.009 -8"><span class='ocrx_word' id='word_1_214' title='bbox 123 2678 336 2718; x_wconf 88' lang='lat' dir='ltr'><strong>detexerunt</strong></span> <span class='ocrx_word' id='word_1_215' title='bbox 368 2683 433 2719; x_wconf 85' lang='lat' dir='ltr'><strong>viri</strong></span> <span class='ocrx_word' id='word_1_216' title='bbox 466 2684 573 2721; x_wconf 85' lang='lat' dir='ltr'><strong>docti.</strong></span> <span class='ocrx_word' id='word_1_217' title='bbox 633 2684 771 2722; x_wconf 86' lang='lat' dir='ltr'><strong>Confer</strong></span> 
     </span>
    </p>
   </div>
   <div class='ocr_carea' id='block_1_27' title="bbox 121 2732 716 2790">
    <p class='ocr_par' dir='ltr' id='par_1_27' title="bbox 121 2732 716 2790">
     <span class='ocr_line' id='line_1_39' title="bbox 121 2732 716 2790; baseline 0.012 -20"><span class='ocrx_word' id='word_1_218' title='bbox 121 2732 174 2771; x_wconf 89' lang='lat' dir='ltr'><strong><em>M.</em></strong></span> <span class='ocrx_word' id='word_1_219' title='bbox 193 2734 348 2775; x_wconf 84' lang='lat' dir='ltr'><strong>Fritsch.</strong></span> <span class='ocrx_word' id='word_1_220' title='bbox 368 2738 390 2775; x_wconf 93' lang='lat' dir='ltr'><strong><em>l.</em></strong></span> <span class='ocrx_word' id='word_1_221' title='bbox 406 2738 429 2776; x_wconf 91' lang='lat' dir='ltr'><strong><em>l.</em></strong></span> <span class='ocrx_word' id='word_1_222' title='bbox 454 2753 541 2790; x_wconf 86' lang='lat' dir='ltr'><strong>pag.</strong></span> <span class='ocrx_word' id='word_1_223' title='bbox 563 2739 627 2781; x_wconf 78' lang='lat'><strong>54.</strong></span> <span class='ocrx_word' id='word_1_224' title='bbox 650 2743 716 2781; x_wconf 86' lang='lat'><strong><em>69.</em></strong></span> 
     </span>
    </p>
   </div>
   <div class='ocr_carea' id='block_1_28' title="bbox 122 2814 773 2985">
    <p class='ocr_par' dir='ltr' id='par_1_28' title="bbox 122 2814 773 2985">
     <span class='ocr_line' id='line_1_40' title="bbox 176 2814 773 2874; baseline 0.01 -18"><span class='ocrx_word' id='word_1_225' title='bbox 176 2814 220 2857; x_wconf 87' lang='grc' dir='ltr'><strong><em>τό</em></strong></span> <span class='ocrx_word' id='word_1_226' title='bbox 239 2834 279 2858; x_wconf 87' lang='grc' dir='ltr'><strong><em>τε</em></strong></span> <span class='ocrx_word' id='word_1_227' title='bbox 305 2819 478 2873; x_wconf 80' lang='grc' dir='ltr'><strong><em>ποιηθὲν</em></strong></span> <span class='ocrx_word' id='word_1_228' title='bbox 499 2821 551 2862; x_wconf 86' lang='grc' dir='ltr'><strong><em>ἐκ</em></strong></span> <span class='ocrx_word' id='word_1_229' title='bbox 579 2823 773 2874; x_wconf 81' lang='grc' dir='ltr'><strong><em>Ψαμμιτί-</em></strong></span> 
     </span>
     <span class='ocr_line' id='line_1_41' title="bbox 122 2872 771 2929; baseline 0.009 -18"><span class='ocrx_word' id='word_1_230' title='bbox 122 2872 216 2924; x_wconf 86' lang='grc' dir='ltr'><strong><em>χου]</em></strong></span> <span class='ocrx_word' id='word_1_231' title='bbox 246 2875 304 2913; x_wconf 90' lang='lat' dir='ltr'><strong><em>De</em></strong></span> <span class='ocrx_word' id='word_1_232' title='bbox 324 2891 393 2914; x_wconf 87' lang='lat' dir='ltr'><strong><em>usu</em></strong></span> <span class='ocrx_word' id='word_1_233' title='bbox 420 2879 699 2929; x_wconf 83' lang='lat' dir='ltr'><strong>praepositionis</strong></span> <span class='ocrx_word' id='word_1_234' title='bbox 728 2878 771 2918; x_wconf 83' lang='grc' dir='ltr'><strong><em>ἐκ</em></strong></span> 
     </span>
     <span class='ocr_line' id='line_1_42' title="bbox 123 2931 771 2985; baseline 0.009 -19"><span class='ocrx_word' id='word_1_235' title='bbox 123 2931 214 2967; x_wconf 83' lang='lat' dir='ltr'><strong>conf.</strong></span> <span class='ocrx_word' id='word_1_236' title='bbox 236 2931 290 2978; x_wconf 90' lang='grc' dir='ltr'><strong><em>ΙΙ,</em></strong></span> <span class='ocrx_word' id='word_1_237' title='bbox 315 2934 417 2981; x_wconf 83' lang='grc'><strong><em>148,</em></strong></span> <span class='ocrx_word' id='word_1_238' title='bbox 448 2939 486 2972; x_wconf 85' lang='lat' dir='ltr'><strong><em>et</em></strong></span> <span class='ocrx_word' id='word_1_239' title='bbox 512 2936 559 2972; x_wconf 88' lang='lat' dir='ltr'><strong><em>de</em></strong></span> <span class='ocrx_word' id='word_1_240' title='bbox 586 2935 666 2985; x_wconf 82' lang='lat' dir='ltr'><strong>ipso</strong></span> <span class='ocrx_word' id='word_1_241' title='bbox 689 2948 771 2972; x_wconf 86' lang='lat' dir='ltr'><strong>ora-</strong></span> 
     </span>
    </p>
   </div>
   <div class='ocr_carea' id='block_1_29' title="bbox 834 1921 1492 3029">
    <p class='ocr_par' dir='ltr' id='par_1_29' title="bbox 840 1921 1490 1974">
     <span class='ocr_line' id='line_1_43' title="bbox 840 1921 1490 1974; baseline 0.003 -14"><span class='ocrx_word' id='word_1_242' title='bbox 840 1922 941 1968; x_wconf 87' lang='lat' dir='ltr'><strong>culo,</strong></span> <span class='ocrx_word' id='word_1_243' title='bbox 982 1923 1083 1972; x_wconf 85' lang='lat' dir='ltr'><strong>quod</strong></span> <span class='ocrx_word' id='word_1_244' title='bbox 1112 1921 1252 1962; x_wconf 85' lang='lat' dir='ltr'><strong>Noster</strong></span> <span class='ocrx_word' id='word_1_245' title='bbox 1274 1924 1413 1974; x_wconf 82' lang='lat' dir='ltr'><strong>tangit,</strong></span> <span class='ocrx_word' id='word_1_246' title='bbox 1444 1924 1490 1972; x_wconf 91' lang='grc' dir='ltr'><strong><em>ΙΙ,</em></strong></span> 
     </span>
    </p>

    <p class='ocr_par' dir='ltr' id='par_1_30' title="bbox 839 2029 1491 2254">
     <span class='ocr_line' id='line_1_44' title="bbox 898 2029 1491 2086; baseline 0 -13"><span class='ocrx_word' id='word_1_247' title='bbox 898 2031 921 2073; x_wconf 75' lang='grc' dir='ltr'>ὅ</span> <span class='ocrx_word' id='word_1_248' title='bbox 955 2049 991 2073; x_wconf 90' lang='grc' dir='ltr'><strong><em>τι</em></strong></span> <span class='ocrx_word' id='word_1_249' title='bbox 1025 2029 1206 2086; x_wconf 81' lang='grc' dir='ltr'><strong><em>ἐκέχρητό</em></strong></span> <span class='ocrx_word' id='word_1_250' title='bbox 1238 2034 1334 2086; x_wconf 89' lang='grc' dir='ltr'><strong><em>σφι]</em></strong></span> <span class='ocrx_word' id='word_1_251' title='bbox 1374 2036 1491 2086; x_wconf 84' lang='lat' dir='ltr'><strong>Vulgo</strong></span> 
     </span>
     <span class='ocr_line' id='line_1_45' title="bbox 841 2089 1490 2143; baseline 0 -13"><span class='ocrx_word' id='word_1_252' title='bbox 841 2089 1057 2143; x_wconf 79' lang='grc' dir='ltr'><strong><em>ἐκέχρηστο,</em></strong></span> <span class='ocrx_word' id='word_1_253' title='bbox 1082 2093 1183 2140; x_wconf 91' lang='lat' dir='ltr'><strong>quod</strong></span> <span class='ocrx_word' id='word_1_254' title='bbox 1202 2092 1417 2138; x_wconf 78' lang='lat' dir='ltr'><strong>abiecimus3</strong></span> <span class='ocrx_word' id='word_1_255' title='bbox 1446 2094 1490 2130; x_wconf 80' lang='lat' dir='ltr'><strong>cs.</strong></span> 
     </span>
     <span class='ocr_line' id='line_1_46' title="bbox 839 2143 1490 2195; baseline 0.005 -11"><span class='ocrx_word' id='word_1_256' title='bbox 839 2147 893 2195; x_wconf 93' lang='lat' dir='ltr'><strong><em>II,</em></strong></span> <span class='ocrx_word' id='word_1_257' title='bbox 918 2148 1007 2188; x_wconf 84' lang='lat'><strong>147.</strong></span> <span class='ocrx_word' id='word_1_258' title='bbox 1066 2147 1124 2185; x_wconf 94' lang='lat' dir='ltr'><strong><em>De</em></strong></span> <span class='ocrx_word' id='word_1_259' title='bbox 1144 2143 1165 2186; x_wconf 72' lang='grc' dir='ltr'>ὅ</span> <span class='ocrx_word' id='word_1_260' title='bbox 1194 2162 1238 2186; x_wconf 90' lang='grc' dir='ltr'><strong><em>τι</em></strong></span> <span class='ocrx_word' id='word_1_261' title='bbox 1269 2149 1342 2185; x_wconf 89' lang='lat' dir='ltr'><strong>vid.</strong></span> <span class='ocrx_word' id='word_1_262' title='bbox 1359 2149 1490 2187; x_wconf 83' lang='lat' dir='ltr'><strong>Matth.</strong></span> 
     </span>
     <span class='ocr_line' id='line_1_47' title="bbox 841 2205 1216 2254; baseline 0 -14"><span class='ocrx_word' id='word_1_263' title='bbox 841 2205 905 2240; x_wconf 89' lang='lat' dir='ltr'><strong><em>Gr.</em></strong></span> <span class='ocrx_word' id='word_1_264' title='bbox 925 2205 989 2240; x_wconf 89' lang='lat' dir='ltr'><strong><em>Gr.</em></strong></span> <span class='ocrx_word' id='word_1_265' title='bbox 1017 2216 1102 2254; x_wconf 85' lang='lat' dir='ltr'><strong>pag.</strong></span> <span class='ocrx_word' id='word_1_266' title='bbox 1123 2206 1216 2245; x_wconf 88' lang='grc'><strong>906.</strong></span> 
     </span>
    </p>

    <p class='ocr_par' dir='ltr' id='par_1_31' title="bbox 834 2257 1492 2592">
     <span class='ocr_line' id='line_1_48' title="bbox 897 2257 1492 2310; baseline -0.002 -11"><span class='ocrx_word' id='word_1_267' title='bbox 897 2259 935 2307; x_wconf 84' lang='grc' dir='ltr'><strong><em>ἐς</em></strong></span> <span class='ocrx_word' id='word_1_268' title='bbox 965 2257 1007 2299; x_wconf 83' lang='grc' dir='ltr'><strong><em>δὲ</em></strong></span> <span class='ocrx_word' id='word_1_269' title='bbox 1037 2257 1083 2298; x_wconf 78' lang='grc' dir='ltr'><strong><em>τὰ</em></strong></span> <span class='ocrx_word' id='word_1_270' title='bbox 1125 2259 1236 2299; x_wconf 76' lang='grc' dir='ltr'><strong><em>ἕλεα</em></strong></span> <span class='ocrx_word' id='word_1_271' title='bbox 1273 2257 1382 2307; x_wconf 74' lang='grc' dir='ltr'><strong><em>ἔδοξέ</em></strong></span> <span class='ocrx_word' id='word_1_272' title='bbox 1419 2272 1492 2310; x_wconf 89' lang='grc' dir='ltr'><strong><em>σφι</em></strong></span> 
     </span>
     <span class='ocr_line' id='line_1_49' title="bbox 839 2313 1491 2366; baseline -0.002 -12"><span class='ocrx_word' id='word_1_273' title='bbox 839 2315 1001 2366; x_wconf 76' lang='grc' dir='ltr'><strong><em>διῶξαι]</em></strong></span> <span class='ocrx_word' id='word_1_274' title='bbox 1032 2313 1079 2355; x_wconf 75' lang='grc' dir='ltr'><strong><em>τοὶ</em></strong></span> <span class='ocrx_word' id='word_1_275' title='bbox 1099 2314 1186 2355; x_wconf 74' lang='grc' dir='ltr'><strong><em>ἕλεα</em></strong></span> <span class='ocrx_word' id='word_1_276' title='bbox 1206 2329 1301 2365; x_wconf 83' lang='lat' dir='ltr'><strong>quae</strong></span> <span class='ocrx_word' id='word_1_277' title='bbox 1319 2317 1410 2363; x_wconf 86' lang='lat' dir='ltr'><strong>sint,</strong></span> <span class='ocrx_word' id='word_1_278' title='bbox 1439 2318 1491 2353; x_wconf 87' lang='lat' dir='ltr'><strong><em>vi-</em></strong></span> 
     </span>
     <span class='ocr_line' id='line_1_50' title="bbox 839 2372 1492 2420; baseline 0 -11"><span class='ocrx_word' id='word_1_279' title='bbox 839 2373 955 2410; x_wconf 90' lang='lat' dir='ltr'><strong>dimus</strong></span> <span class='ocrx_word' id='word_1_280' title='bbox 979 2374 1027 2409; x_wconf 83' lang='lat' dir='ltr'><strong><em>ad</em></strong></span> <span class='ocrx_word' id='word_1_281' title='bbox 1048 2373 1102 2420; x_wconf 89' lang='grc' dir='ltr'><strong><em>ΙΙ,</em></strong></span> <span class='ocrx_word' id='word_1_282' title='bbox 1124 2376 1190 2414; x_wconf 81' lang='grc'><strong>92.</strong></span> <span class='ocrx_word' id='word_1_283' title='bbox 1214 2372 1304 2413; x_wconf 82' lang='lat'><strong>140.</strong></span> <span class='ocrx_word' id='word_1_284' title='bbox 1352 2372 1492 2410; x_wconf 87' lang='lat' dir='ltr'><strong>Admo-</strong></span> 
     </span>
     <span class='ocr_line' id='line_1_51' title="bbox 836 2429 1488 2478; baseline 0 -12"><span class='ocrx_word' id='word_1_285' title='bbox 836 2434 901 2466; x_wconf 87' lang='lat' dir='ltr'><strong><em>net</em></strong></span> <span class='ocrx_word' id='word_1_286' title='bbox 925 2442 1072 2478; x_wconf 88' lang='lat' dir='ltr'><strong>quoque</strong></span> <span class='ocrx_word' id='word_1_287' title='bbox 1097 2429 1293 2478; x_wconf 86' lang='lat' dir='ltr'><strong>paludum,</strong></span> <span class='ocrx_word' id='word_1_288' title='bbox 1323 2429 1371 2465; x_wconf 82' lang='lat' dir='ltr'><strong><em>ad</em></strong></span> <span class='ocrx_word' id='word_1_289' title='bbox 1398 2442 1488 2478; x_wconf 84' lang='lat' dir='ltr'><strong>quas</strong></span> 
     </span>
     <span class='ocr_line' id='line_1_52' title="bbox 835 2484 1490 2533; baseline 0.002 -11"><span class='ocrx_word' id='word_1_290' title='bbox 835 2485 1127 2522; x_wconf 82' lang='lat' dir='ltr'><strong>Psammitichum</strong></span> <span class='ocrx_word' id='word_1_291' title='bbox 1156 2484 1375 2533; x_wconf 80' lang='lat' dir='ltr'><strong>relegarint‚</strong></span> <span class='ocrx_word' id='word_1_292' title='bbox 1408 2485 1490 2523; x_wconf 74' lang='lat' dir='ltr'><strong>Rit-</strong></span> 
     </span>
     <span class='ocr_line' id='line_1_53' title="bbox 834 2542 1375 2592; baseline -0.004 -13"><span class='ocrx_word' id='word_1_293' title='bbox 834 2546 903 2580; x_wconf 84' lang='lat' dir='ltr'><strong>ter.</strong></span> <span class='ocrx_word' id='word_1_294' title='bbox 923 2542 1115 2578; x_wconf 89' lang='lat' dir='ltr'><strong>Erdkund.</strong></span> <span class='ocrx_word' id='word_1_295' title='bbox 1135 2542 1151 2578; x_wconf 93' lang='grc' dir='ltr'><strong><em>Ι</em></strong></span> <span class='ocrx_word' id='word_1_296' title='bbox 1179 2554 1263 2592; x_wconf 80' lang='lat' dir='ltr'><strong>pag.</strong></span> <span class='ocrx_word' id='word_1_297' title='bbox 1282 2543 1375 2582; x_wconf 79' lang='lat'><strong>822.</strong></span> 
     </span>
    </p>

    <p class='ocr_par' dir='ltr' id='par_1_32' title="bbox 836 2594 1489 2973">
     <span class='ocr_line' id='line_1_54' title="bbox 893 2594 1489 2647; baseline -0.002 -11"><span class='ocrx_word' id='word_1_298' title='bbox 893 2594 1146 2647; x_wconf 82' lang='grc' dir='ltr'><strong><em>ψιλώσαντας</em></strong></span> <span class='ocrx_word' id='word_1_299' title='bbox 1164 2594 1211 2636; x_wconf 74' lang='grc' dir='ltr'><strong><em>τοὶ</em></strong></span> <span class='ocrx_word' id='word_1_300' title='bbox 1230 2596 1405 2647; x_wconf 80' lang='grc' dir='ltr'><strong><em>πλεῖστα]</em></strong></span> <span class='ocrx_word' id='word_1_301' title='bbox 1421 2606 1489 2646; x_wconf 74' lang='grc' dir='ltr'><strong><em>’ψι-</em></strong></span> 
     </span>
     <span class='ocr_line' id='line_1_55' title="bbox 837 2653 1489 2704; baseline -0.006 -11"><span class='ocrx_word' id='word_1_302' title='bbox 837 2656 935 2693; x_wconf 83' lang='grc' dir='ltr'><strong><em>λοῦν</em></strong></span> <span class='ocrx_word' id='word_1_303' title='bbox 957 2654 1089 2691; x_wconf 80' lang='lat' dir='ltr'><strong>nudare</strong></span> <span class='ocrx_word' id='word_1_304' title='bbox 1106 2654 1130 2691; x_wconf 89' lang='lat' dir='ltr'><strong>i.</strong></span> <span class='ocrx_word' id='word_1_305' title='bbox 1153 2667 1182 2691; x_wconf 91' lang='lat' dir='ltr'><strong><em>e.</em></strong></span> <span class='ocrx_word' id='word_1_306' title='bbox 1201 2653 1364 2704; x_wconf 64' lang='lat' dir='ltr'><strong><em>potentia</em></strong></span> <span class='ocrx_word' id='word_1_307' title='bbox 1386 2666 1489 2690; x_wconf 77' lang='lat' dir='ltr'><strong>exue-</strong></span> 
     </span>
     <span class='ocr_line' id='line_1_56' title="bbox 837 2709 1488 2758; baseline -0.002 -11"><span class='ocrx_word' id='word_1_308' title='bbox 837 2724 892 2758; x_wconf 75' lang='lat' dir='ltr'><strong><em>re,</em></strong></span> <span class='ocrx_word' id='word_1_309' title='bbox 922 2713 1073 2748; x_wconf 77' lang='lat' dir='ltr'><strong><em>minuere</em></strong></span> <span class='ocrx_word' id='word_1_310' title='bbox 1096 2710 1250 2747; x_wconf 84' lang='lat' dir='ltr'><strong>illustrat</strong></span> <span class='ocrx_word' id='word_1_311' title='bbox 1268 2709 1488 2758; x_wconf 56' lang='lat' dir='ltr'><strong>WVesseling.</strong></span> 
     </span>
     <span class='ocr_line' id='line_1_57' title="bbox 838 2764 1487 2817; baseline 0.002 -13"><span class='ocrx_word' id='word_1_312' title='bbox 838 2767 1012 2817; x_wconf 86' lang='lat' dir='ltr'><strong>Xenoph.</strong></span> <span class='ocrx_word' id='word_1_313' title='bbox 1043 2767 1251 2817; x_wconf 82' lang='lat' dir='ltr'><strong>Cyropaed.</strong></span> <span class='ocrx_word' id='word_1_314' title='bbox 1274 2765 1344 2813; x_wconf 85' lang='lat' dir='ltr'><strong><em>IV,</em></strong></span> <span class='ocrx_word' id='word_1_315' title='bbox 1363 2764 1412 2812; x_wconf 82' lang='lat'><strong><em>5,</em></strong></span> <span class='ocrx_word' id='word_1_316' title='bbox 1436 2769 1487 2806; x_wconf 85' lang='lat'><strong><em>19</em></strong></span> 
     </span>
     <span class='ocr_line' id='line_1_58' title="bbox 836 2821 1489 2869; baseline -0.005 -9"><span class='ocrx_word' id='word_1_317' title='bbox 836 2828 877 2861; x_wconf 78' lang='lat' dir='ltr'><strong><em>et</em></strong></span> <span class='ocrx_word' id='word_1_318' title='bbox 895 2823 1003 2860; x_wconf 89' lang='lat' dir='ltr'><strong>Dion.</strong></span> <span class='ocrx_word' id='word_1_319' title='bbox 1027 2823 1131 2859; x_wconf 86' lang='lat' dir='ltr'><strong>Cass.</strong></span> <span class='ocrx_word' id='word_1_320' title='bbox 1153 2822 1243 2869; x_wconf 86' lang='lat' dir='ltr'><strong><em>XL,</em></strong></span> <span class='ocrx_word' id='word_1_321' title='bbox 1265 2824 1330 2863; x_wconf 89' lang='grc'><strong>62.</strong></span> <span class='ocrx_word' id='word_1_322' title='bbox 1360 2843 1416 2848; x_wconf 82' lang='lat'><strong><em>-—</em></strong></span> <span class='ocrx_word' id='word_1_323' title='bbox 1430 2821 1489 2857; x_wconf 78' lang='lat' dir='ltr'><strong><em>Ad</em></strong></span> 
     </span>
     <span class='ocr_line' id='line_1_59' title="bbox 840 2877 1486 2931; baseline -0.009 -13"><span class='ocrx_word' id='word_1_324' title='bbox 840 2878 1120 2931; x_wconf 79' lang='grc' dir='ltr'><strong><em>ἐπιμίσγεσθαι</em></strong></span> <span class='ocrx_word' id='word_1_325' title='bbox 1135 2879 1230 2916; x_wconf 87' lang='lat' dir='ltr'><strong>conf.</strong></span> <span class='ocrx_word' id='word_1_326' title='bbox 1252 2878 1281 2925; x_wconf 85' lang='lat' dir='ltr'><strong><em>l,</em></strong></span> <span class='ocrx_word' id='word_1_327' title='bbox 1301 2877 1380 2919; x_wconf 82' lang='lat'><strong><em>185</em></strong></span> <span class='ocrx_word' id='word_1_328' title='bbox 1400 2877 1486 2925; x_wconf 83' lang='lat' dir='ltr'><strong>ibiq.</strong></span> 
     </span>
     <span class='ocr_line' id='line_1_60' title="bbox 839 2940 930 2973; baseline -0.022 0"><span class='ocrx_word' id='word_1_329' title='bbox 839 2940 930 2973; x_wconf 81' lang='lat' dir='ltr'><strong>nott.</strong></span> 
     </span>
    </p>

    <p class='ocr_par' dir='ltr' id='par_1_33' title="bbox 1124 2989 1218 3029">
     <span class='ocr_line' id='line_1_61' title="bbox 1124 2989 1218 3029; baseline -0.011 0"><span class='ocrx_word' id='word_1_330' title='bbox 1124 2991 1180 3029; x_wconf 80' lang='lat'><strong><em>53</em></strong></span> <span class='ocrx_word' id='word_1_331' title='bbox 1201 2989 1218 3010; x_wconf 79' lang='lat'><strong><em>&#39;⁸¹</em></strong></span> 
     </span>
    </p>
   </div>
  </div>
 </body>
</html>
