1832 3315
367 261 449 303 128

779 254 1257 297 HERODOTI

368 367 534 422 Πυθώ,
562 365 768 423 Δελφοὺς
785 365 1014 422 δωρέεται,
1043 366 1295 422 πυθόμενος
1321 362 1467 408 αὐτῶν
1483 362 1532 406 τὸ
1548 365 1651 419 πλῆ-

347 451 478 501 Ξθος,
508 444 607 491 κατ’
643 445 784 500 ἄνδρα
805 444 887 489 δύο
913 449 1119 502 στατῆρσι
1140 445 1321 489 ἕκαστον
1340 446 1518 500 χρυσοῦ.
1547 445 1653 486 Λελ-

371 528 451 585 φοὶ
471 526 516 570 δὲ
537 523 635 568 ἀντὶ
654 524 824 569 τούτων
850 525 1008 568 ἔδοσαν
1031 526 1206 578 Κροίσῳ
1236 525 1310 568 καὶ
1335 524 1521 567 Λυδοῖσι
1546 537 1654 575 προ-

370 606 585 663 μαντηίην
620 605 694 649 καὶ
732 601 924 660 α’τελείην
966 604 1039 647 καὶ
1084 605 1342 661 προεδρίην,
1388 603 1462 647 καὶ
1499 602 1699 654 ἐξεῖναι25

325 804 396 842 lius
442 800 603 850 regionis
651 797 821 848 adeoque
861 798 978 845 urbis,

327 872 437 908 quam
486 858 555 894 illic
603 855 784 893 exstitisse
820 855 980 891 tradunt.

327 915 387 953 De
412 914 501 950 urbe
527 912 609 962 ipsa
641 907 828 958 Δελφούς
852 915 983 960 poste-

327 970 413 1007 riori
434 972 575 1006 tantum
595 980 684 1004 aevo
707 967 777 1003 dici
797 967 984 1004 contendit

328 1025 451 1072 Gail.‚
482 1024 594 1075 priori
616 1035 706 1061 aevo
738 1023 786 1061 de
813 1022 900 1059 vicis
929 1023 983 1058 vi-

328 1082 420 1132 ginti
440 1081 584 1118 duobus
597 1080 689 1117 circa
710 1078 983 1116 oraculisedem

327 1138 468 1189 sparsis
498 1149 697 1185 eorumque
726 1135 852 1172 incolis
882 1134 982 1183 (coll.

329 1194 451 1232 Schol.
473 1193 680 1242 Thucydid.
700 1191 730 1239 Ι,
755 1192 854 1240 112)
877 1191 984 1229 intel-

329 1250 394 1299 ligi
422 1250 579 1295 debere3
618 1244 773 1293 Πυθώ,
802 1260 874 1297 quo
903 1260 986 1284 ora-

330 1307 400 1345 culi
430 1307 539 1344 sedes
567 1317 610 1342 ac
648 1305 747 1342 locus
783 1304 985 1353 antiquitus

330 1363 532 1409 indicatur,
565 1362 696 1399 eodem
717 1361 867 1410 antiquo
895 1372 985 1398 aevo

331 1421 379 1457 de
399 1419 491 1457 urbe
517 1418 630 1469 accipi
660 1430 774 1468 posse
801 1417 899 1454 idem
920 1429 986 1454 ne-

331 1479 416 1526 gat,
460 1473 578 1525 qualis
602 1473 768 1511 nimirum
798 1473 857 1509 illa
883 1473 987 1509 Stra-

330 1532 437 1570 bonis
460 1534 580 1569 aetate
609 1531 754 1568 demum
784 1529 859 1578 (cf.
898 1528 985 1566 ibid.

331 1588 386 1626 lX
406 1601 443 1638 p.
469 1587 572 1636 640)
600 1590 662 1623 aut
688 1585 819 1623 Iustini
839 1586 986 1623 exstite-

327 1645 386 1682 rit.
427 1643 537 1681 Conf.
575 1643 652 1680 eius
683 1641 811 1689 Atlas,
861 1645 987 1678 conte-

328 1702 419 1739 nant
450 1698 504 1737 les
545 1703 663 1736 cartes
701 1697 870 1735 relatives
902 1698 924 1734 ἐι
951 1696 988 1733 la

329 1754 542 1806 Geograph.
568 1754 785 1792 d’Herodot.
805 1757 871 1791 etc.
896 1752 988 1801 (Pa-

329 1813 394 1851 ris,
421 1811 556 1860 1825)
595 1811 773 1848 Observv.
801 1808 986 1847 Prelimin.

332 1883 370 1921 p.
404 1868 487 1906 Xll.
543 1866 652 1905 Nunc
679 1864 742 1903 illa
772 1865 853 1902 loca
883 1878 990 1902 occu-

332 1928 398 1976 pat
428 1924 548 1970 vicus,
599 1923 655 1960 cui
684 1934 819 1960 nomen
854 1921 986 1958 Castri.

332 1981 394 2019 De
425 1993 498 2029 quo
532 1979 575 2016 C.
602 1979 649 2016 O.
678 1978 820 2016 Muller.
851 1977 889 2015 in
917 1978 990 2014 Or-

334 2036 499 2073 chomen.
529 2048 567 2085 p.
593 2034 676 2075 494
706 2034 785 2071 coll.
811 2033 891 2075 146
910 2046 987 2082 seq.

335 2096 373 2129 et
402 2091 524 2128 Kruse
554 2090 682 2128 Hellas
715 2090 771 2138 ΙΙ,
810 2092 837 2130 2
869 2103 906 2140 p.
934 2088 990 2130 44

335 2161 414 2197 seq.
471 2146 640 2196 Inprimis
663 2158 748 2184 vero
777 2145 990 2183 consulendi

335 2208 422 2241 sunt
441 2201 620 2240 Dodwell.
648 2201 688 2238 in
716 2202 832 2239 itiner.
858 2202 987 2239 Graec.

337 2259 396 2308 (Ι,
419 2261 441 2300 1
471 2272 507 2309 p.
527 2259 609 2300 225
642 2258 797 2295 version.
826 2258 989 2306 vernae.)

338 2319 376 2353 et
396 2314 632 2364 Pouqueville
662 2314 700 2350 in
716 2314 833 2360 itiner.
857 2314 987 2350 Graec.

336 2370 400 2420 (ΙΙ
422 2383 510 2421 pag.
534 2369 586 2412 14
611 2383 693 2421 sqq.
727 2370 883 2408 version.
910 2381 992 2408 ver-

335 2426 450 2476 nac).

392 2503 670 2557 προμαντηίην
701 2502 768 2544 καὶ
810 2499 992 2554 α’τελείην

337 2560 407 2601 καὶ
424 2559 664 2614 προεδρίην]
692 2556 889 2611 ’.Ατελείην
916 2573 994 2598 me-

339 2618 447 2656 liores
487 2618 650 2663 codices,
707 2630 800 2666 quos
842 2620 992 2654 recentt.

339 2674 442 2712 editt.
471 2673 585 2711 secuti
618 2676 715 2710 sunt.
773 2672 844 2710 Alii
876 2668 995 2725 ἅγγε-

338 2730 443 2781 λίην.
498 2728 648 2767 Reizius
667 2742 775 2766 vero:
805 2723 996 2779 οἷτεληΐην

297 2800 301 2804 ’
339 2787 468 2824 Ionum
489 2798 532 2823 ex
560 2797 661 2822 more
695 2797 763 2822 nec
785 2786 996 2833 refragante

341 2841 580 2880 Valckenario
592 2869 602 2888 ‚
620 2841 681 2890 qui
701 2854 774 2879 uno
793 2841 996 2890 eodemque

339 2898 454 2939 modo
486 2898 576 2937 haee
606 2901 642 2937 et
679 2896 752 2938 alia
791 2897 996 2938 istiusmodi

1046 801 1152 839 scribi
1170 799 1254 838 vult.
1314 800 1422 838 Conf.
1440 797 1511 846 ΙΙΙ,
1539 799 1604 840 67.
1630 796 1699 843 ΙΧ,

1046 859 1113 898 72.
1173 857 1285 900 Quod
1316 857 1354 893 in
1380 856 1572 894 Herodoto
1621 853 1701 891 fieri

1048 925 1124 950 non
1172 925 1309 963 posse,
1377 911 1560 962 persuasit
1613 910 1700 947 mihi

1049 969 1436 1017 Schweighaeuserus,
1465 967 1596 1018 prioris
1623 966 1700 1004 edi-

1048 1025 1138 1062 toris
1156 1024 1249 1061 hanc
1270 1028 1441 1074 repetens
1469 1023 1700 1069 sententiam,

1050 1093 1158 1131 quam
1186 1080 1243 1117 vel
1272 1080 1342 1116 hoc
1370 1079 1449 1117 loco
1485 1080 1601 1130 repeti
1626 1091 1702 1115 non

1051 1138 1297 1188 gravabuntur
1327 1135 1502 1173 lectores:
1551 1134 1703 1181 „Plane

1051 1194 1205 1243 cognovi
1225 1193 1456 1230 Herodotum
1477 1191 1630 1243 perinde
1661 1203 1705 1227 ac

1052 1257 1193 1289 ceteros
1213 1250 1409 1299 scriptores
1429 1249 1606 1295 Graecos,
1625 1247 1705 1284 dia-

1051 1307 1184 1345 lectum
1212 1306 1261 1342 ad
1288 1305 1558 1354 grammaticam
1586 1300 1706 1356 οἷκρί-

1053 1365 1166 1416 βειαν
1196 1375 1272 1399 non
1311 1374 1354 1399 ea
1397 1361 1585 1410 exegisse,
1631 1372 1707 1410 qua

1052 1419 1161 1469 vulgo
1183 1419 1339 1457 creditur
1366 1418 1570 1454 constantia
1595 1420 1705 1465 atque

1053 1475 1337 1528 perpetuitate.“
1367 1474 1492 1518 Quare
1507 1487 1576 1511 nos
1597 1473 1706 1510 etiam

1052 1534 1090 1570 in
1108 1533 1206 1570 hisce
1222 1531 1389 1569 meliores
1409 1530 1551 1568 codices
1562 1541 1707 1580 semper

1054 1589 1167 1628 secuti
1187 1601 1309 1625 sumus
1323 1616 1333 1634 ,
1364 1600 1386 1624 a
1408 1599 1562 1635 quorum
1582 1589 1707 1623 aucto-

1053 1646 1161 1683 ritate
1191 1645 1229 1681 in
1260 1644 1358 1681 hisce
1387 1643 1493 1680 unice
1522 1642 1706 1688 standum,

1053 1702 1122 1739 nisi
1139 1706 1276 1738 temere
1296 1699 1454 1736 criticam
1472 1699 1636 1736 factitare
1645 1710 1709 1735 ve-

1054 1758 1109 1795 lis.
1167 1757 1289 1806 Atque
1313 1755 1492 1793 Matthiae
1526 1755 1564 1791 in
1593 1767 1709 1791 anno-

1054 1818 1118 1852 tat.
1141 1814 1189 1850 ad
1209 1812 1338 1851 Nostri
1362 1811 1418 1860 II,
1438 1813 1492 1853 87
1519 1811 1614 1848 hanc
1639 1810 1709 1847 sibi

1054 1870 1159 1922 ponit
1195 1868 1378 1918 regulam,
1418 1871 1459 1905 ut
1484 1867 1710 1904 substantiva
1778 1914 1786 1918 -

1056 1928 1102 1964 ab
1133 1925 1319 1964 adiectivis
1348 1925 1387 1962 in
1405 1938 1517 1974 -ης
1538 1923 1710 1962 desinen-

1056 1998 1174 2045 tibus,
1215 2009 1310 2047 quae
1343 1995 1542 2044 genitivum
1577 1994 1615 2031 in
1646 2008 1711 2042 εος
1772 2035 1776 2038 Δ
1820 1998 1821 2041 J

1057 2054 1259 2100 declinant,
1317 2052 1500 2099 derivata,
1556 2052 1711 2089 formam

1057 2121 1216 2160 habeant
1246 2137 1318 2173 ειη.
1385 2123 1498 2161 Unde
1533 2121 1710 2171 sequitur,

1056 2180 1211 2229 probum
1231 2193 1335 2228 esse,
1356 2180 1456 2230 quod
1477 2179 1547 2215 hoc
1567 2177 1711 2215 locole-

1057 2236 1153 2283 gitur
1184 2230 1383 2288 ἀτελείην,
1422 2235 1519 2284 utI,
1548 2237 1603 2277 73
1633 2228 1712 2273 ἄει-

1056 2291 1165 2343 κείη,
1194 2295 1262 2329 etc.

1112 2392 1370 2444 προμαντεία,
1390 2406 1485 2444 quae
1494 2392 1637 2431 Croeso
1656 2395 1715 2430 est

1057 2449 1215 2496 tributa,
1253 2463 1298 2487 eo
1328 2450 1461 2496 valuit,
1508 2453 1550 2486 ut
1574 2449 1714 2499 primae

1058 2505 1097 2542 in
1117 2505 1338 2543 consulendo
1358 2504 1502 2543 oraculo
1521 2508 1647 2554 partes
1664 2503 1714 2540 illi

1064 2562 1303 2599 deferrentur.
1368 2560 1423 2598 Ac
1439 2560 1546 2611 plura
1570 2563 1716 2598 exstant

1060 2617 1288 2666 testimonia,
1332 2617 1462 2667 quibus
1491 2615 1714 2664 intelligitur,

1061 2673 1274 2725 plerumque
1300 2686 1376 2710 non
1404 2672 1475 2710 nisi
1495 2672 1541 2709 ab
1563 2672 1716 2723 Amphi-

1063 2729 1253 2778 ctyonibus
1262 2730 1331 2767 hoc
1350 2730 1406 2766 ius
1430 2729 1595 2778 cuiquam
1606 2728 1715 2766 tribui

1060 2785 1226 2836 potuisse
1239 2814 1249 2833 ‚
1297 2786 1432 2836 quippe
1467 2797 1582 2835 penes
1621 2797 1715 2834 quos

1046 2842 1179 2896 'omnis
1208 2843 1316 2879 fuerit
1341 2841 1465 2892 templi
1494 2845 1604 2891 atque
1633 2850 1716 2878 ora·
1757 2860 1760 2864 ·
1809 2870 1812 2900 l

1062 2897 1130 2938 culi
1159 2911 1254 2938 eura.
1313 2898 1391 2938 Sed
1419 2899 1520 2951 ipsos
1548 2896 1714 2950 Delphos
