1805 3315
654 238 958 278 cL10.1.
1398 247 1456 286 29

141 351 307 409 5,,γυνὴ
333 349 361 405 ἦ
391 347 470 404 ἐμή
499 348 544 400 ἐς
572 353 736 393 κοῖτον.
776 352 915 392 κεῖται
945 349 992 392 δὲ
1021 346 1162 405 ἀγχοῦ
1188 351 1265 405 τῆς
1294 349 1455 396 ἐσόδου

159 466 183 485 „
195 429 377 483 θρόνος·
419 427 490 471 ἐπὶ
519 432 681 472 τοῦτον
708 432 798 472 τῶν
828 429 1013 484 ἱματίων
1044 426 1156 471 κατα
1185 428 1236 472 ἓν
1266 428 1453 474 ἕκαστον
1499 438 1526 476 6

159 506 438 561 »ἐκδύνουσα
473 506 623 563 θήσει·
663 507 735 552 καὶ
775 504 876 551 κατ’
915 505 1101 563 ἡσυχίην
1140 507 1309 565 πολλὴν
1337 515 1500 566 παρ-46

135 588 274 640 6,,έξει
324 603 392 630 τοι
437 584 697 642 θεήσασθαι.
751 586 883 630 ἐπεοὶν
934 587 980 631 δὲ
1026 584 1111 630 ἀπὸ
1158 589 1239 630 τοῦ
1277 587 1451 642 θρόνου

155 667 332 722 »στείχῃ
363 665 429 709 ἐπὶ
460 665 541 723 τὴν
570 664 731 722 εὐνὴν,
771 664 882 709 κατα
911 665 1059 710 νώτου
1089 682 1133 709 τε
1164 663 1299 723 αὐτῆς
1327 668 1450 726 γένῃ,

154 746 262 797 ,,σοὶ
298 746 457 802 μελέτω
498 745 547 789 τὸ
586 745 791 788 ἐνθεῦτεν
831 744 946 796 ὅκως
975 745 1034 801 μή
1064 757 1110 789 σε
1141 743 1293 798 ὄψεται
1323 746 1450 792 ἰόντα

43 832 108 876 10
153 824 262 877 „oui
295 824 513 881 θυρέων.“
567 823 617 869 ‘O
642 825 721 881 μὲν
753 824 829 881 δὴ,
863 824 922 875 ὠς
952 822 1036 867 οὐκ
1064 823 1258 882 ἠδύνατο
1289 827 1495 882 &capu-50

152 905 287 961 γέειν,
334 899 390 960 ἧν
428 903 611 961 ἑτοῖμος.
671 903 695 948 ὁ
745 905 791 948 δὲ
830 904 1114 961 Κανδαύλης,
1162 904 1252 949 ἐπεὶ
1301 904 1447 950 ἐδόκεε

110 1105 198 1129 τον
216 1094 313 1129 recte
343 1094 524 1129 servatum
545 1091 589 1128 ab
615 1091 766 1128 editori-

110 1147 193 1186 bus.
232 1147 432 1196 Dionysius
470 1148 581 1185 habet
608 1148 762 1197 κοίτην,

110 1204 229 1253 magis
248 1203 387 1250 Attice3
417 1205 528 1253 idque
562 1204 681 1253 ipsum
706 1204 763 1240 hic

109 1260 148 1296 in
178 1261 393 1309 quibusdam
423 1260 522 1296 libris
551 1272 763 1309 comparere

109 1317 250 1354 dicitur,
292 1317 369 1354 Sed
394 1317 466 1353 vid.
493 1317 665 1354 Creuzer.
686 1320 763 1353 not.

109 1373 157 1410 ad
189 1373 304 1410 Cicer.
336 1374 383 1410 de
419 1372 552 1410 Natur.
587 1373 701 1410 Deor.
734 1372 764 1420 Ι,

110 1433 158 1470 11
244 1442 279 1478 g·
311 1429 364 1470 50
398 1429 477 1466 coll.
517 1429 648 1466 Matth.
695 1430 761 1465 Gr.

34 1505 39 1512 ι
110 1486 174 1523 Gr.
229 1514 234 1521 .
260 1485 312 1527 95
344 1499 380 1536 p.
402 1488 498 1527 207.
531 1485 613 1522 Alia
632 1488 762 1533 forma,

108 1555 224 1592 eaque
253 1544 370 1591 magis
401 1542 544 1580 dialecti
564 1542 762 1579 communis

108 1603 165 1637 est
182 1595 347 1647 κοιτών,
378 1599 424 1636 de
448 1612 520 1648 qua
539 1599 761 1648 WVesseling.

107 1656 156 1693 ad
180 1655 217 1693 h.
237 1655 285 1703 1.,
325 1657 422 1693 unde
441 1655 497 1693 vel
533 1655 590 1692 hic
615 1656 764 1705 quidam

107 1711 188 1749 libri
218 1714 401 1751 κοιτῶνα.
460 1711 571 1762 Apud
592 1712 765 1749 Herodo-

106 1773 182 1806 tum
212 1769 332 1819 ipsum
361 1769 434 1815 III,
477 1768 570 1809 134.
612 1768 667 1816 ΙΙ,
709 1768 763 1810 94

104 1826 254 1863 recurrit
279 1826 393 1877 κοίτη
432 1824 563 1872 lectus,
604 1825 764 1874 indeque

105 1894 261 1930 somnus,
291 1887 331 1920 ut
351 1881 532 1932 κοίτην
554 1885 763 1920 ποιεῖσθαι

104 1939 275 1987 dormire,
318 1942 527 1990 requiescere
554 1939 655 1988 apud
682 1938 762 1976 He-

103 1996 295 2044 rodotum,
324 1996 397 2033 vit.
418 1996 529 2033 Hom.
544 1997 596 2036 31
621 1999 657 2032 et
671 1995 759 2034 ibid.

104 2056 160 2094 22
191 2048 276 2105 ὥρη
313 2053 471 2092 κοίτου
502 2051 654 2089 cubandi
672 2055 757 2088 tem-

99 2122 170 2159 pus
196 2114 236 2146 ut
264 2109 303 2157 I,
336 2112 402 2151 10.
433 2131 489 2138 —
517 2108 760 2147 Locutionem

100 2168 288 2218 παρεῖναι
305 2188 362 2194 -—
383 2165 422 2214 ἐς
442 2169 577 2206 κοῖτον
606 2165 760 2203 illustrat

100 2221 319 2283 Valckener.
351 2224 400 2260 ad
427 2222 464 2271 Ι,
498 2225 565 2265 21.

157 2334 224 2376 ἐπὶ
272 2338 414 2376 τοῦτον
462 2338 544 2375 τῶν
591 2335 758 2388 ἷματίων

102 2389 224 2431 κατα
271 2393 326 2432 ἓν
380 2392 601 2432 ἕκαστον
646 2390 759 2433 ἐκδύ-

103 2450 230 2489 νουσα
248 2445 397 2501 θήσει]
441 2453 515 2498 „z'n
535 2450 608 2500 qud
628 2450 756 2500 (sella)

101 2505 168 2543 illa
189 2506 352 2555 singulas
371 2511 482 2544 vestes
508 2521 613 2555 suas,
645 2508 757 2545 aliam

99 2566 177 2612 post
224 2564 356 2612 aliam,
405 2577 531 2601 exuens
577 2565 757 2615 deponetf⁶

105 2618 182 2656 Ubi
220 2625 308 2657 nota
344 2634 449 2658 usum
487 2622 756 2659 distributivum

105 2677 387 2726 praepositionis
420 2675 541 2726 κατα),
579 2691 603 2716 a
621 2678 758 2715 Sohae-

107 2730 184 2767 fero
208 2733 256 2769 ad
283 2733 438 2783 Dionys.
477 2734 595 2773 locum
631 2748 669 2785 p.
702 2733 756 2775 44

107 2797 165 2834 sq.
190 2790 335 2838 egregie
360 2791 499 2840 aliquot
533 2792 756 2830 Herodoteis

106 2839 194 2878 locis
231 2843 453 2886 illustratum.
492 2869 549 2876 »-
603 2848 646 2885 In
682 2848 757 2885 fine

105 2898 234 2948 capitis
251 2902 298 2939 ad
317 2900 469 2942 verba'
447 2919 549 2952 οκως
573 2925 631 2934 -
659 2901 756 2954 όψε-

832 1105 897 1129 ται
916 1091 966 1127 cf.
985 1103 1096 1141 supra
1114 1091 1143 1138 Ι,
1157 1093 1202 1132 8:
1233 1090 1344 1130 ποίεε
1366 1085 1423 1129 5‘x
1435 1104 1493 1138 ως

831 1168 888 1174 —
916 1143 1168 1198 θεήσεαι,
1200 1148 1323 1197 ibique
1346 1151 1422 1184 not.

887 1207 1013 1242 κεῖται
1037 1201 1079 1241 δὲ
1104 1199 1230 1255 αγχοῦ
1251 1205 1322 1253 τῆς
1348 1199 1489 1242 ἐσόδου

831 1256 988 1312 θρόνο
1004 1259 1042 1310 ς]
1090 1261 1149 1297 De
1174 1259 1302 1297 vocula
1337 1255 1490 1312 θρόνος

834 1316 899 1354 Cr.
931 1317 1057 1353 laudat
1072 1320 1219 1367 praeter
1238 1316 1371 1353 Matth.
1399 1315 1490 1352 Ani·

831 1375 1034 1411 madverss.
1057 1374 1105 1410 ad
1137 1373 1250 1422 Hym.
1279 1373 1488 1411 Homerico.

828 1444 868 1481 p.
893 1432 976 1472 382
1003 1430 1215 1481 primarium
1238 1429 1417 1467 Athenaei
1437 1429 1492 1466 lo-

830 1500 911 1524 cum
941 1487 975 1524 V
1013 1501 1048 1538 p.
1084 1490 1187 1535 192,
1215 1486 1270 1523 E:
1312 1484 1374 1534 ,,ὁ“
1415 1482 1491 1539 γὰρ

831 1541 1005 1595 θρόνος,
1039 1539 1133 1583 αὐτὸ
1165 1539 1291 1594 μόνον
1323 1541 1491 1582 ἐλευθέ-

832 1597 918 1653 ριός
956 1600 1037 1641 ἐστι
1070 1599 1252 1653 καθέδρα
1285 1596 1360 1639 συν
1391 1598 1491 1639 ’ὕπο-

830 1658 980 1713 ποδίῳ·
1013 1654 1108 1710 όπερ
1135 1660 1298 1725 θρῆνυν
1318 1658 1489 1696 καλοῦν-

831 1729 914 1764 τες,
958 1714 1039 1754 ἐντς
1028 1717 1147 1753 ῦθεν
1177 1709 1302 1753 αὐτον
1332 1709 1488 1779 ωνόμα-

833 1784 907 1810 σαν
955 1766 1190 1836 θρόνον,
1255 1784 1327 1809 του
1379 1765 1490 1823 θρή-

832 1831 982 1868 σασθαι
1012 1823 1153 1893 χάριν,
1189 1823 1286 1879 ὅπερ
1316 1825 1382 1866 ἐπὶ
1417 1828 1490 1866 τοῦ

829 1886 1072 1932 καθίζεσθαι
1101 1895 1318 1923 τασσουσιν
1342 1898 1379 1922 κ
1399 1898 1431 1922 τ.
1452 1886 1489 1922 λ.

828 1942 1036 1991 Distinguit
1091 1941 1226 1979 deinde
1276 1939 1488 1978 Athenaeus

828 2003 905 2036 tum
926 2012 948 2037 a
956 1973 1153 2050 ζἐκλισμὸς,
1182 2001 1260 2035 tum
1286 2010 1309 2035 a
1312 1997 1485 2064 δίφρος,

829 2055 911 2105 (qui
945 2060 1002 2094 est
1042 2084 1066 2103 ,,
1078 2051 1233 2094 τούτων
1278 2048 1489 2093 εὐτελέστε-

829 2113 954 2165 ρος“).
981 2112 1078 2149 Hinc
1097 2110 1303 2149 Larcherus
1324 2111 1488 2149 voculam

826 2170 948 2207 reddit
976 2171 1096 2218 stege,
1124 2168 1148 2205 i.
1173 2181 1205 2206 e.
1239 2181 1325 2216 „un
1344 2169 1448 2217 siege
1465 2181 1487 2205 a

826 2225 911 2264 bras
931 2239 1018 2264 avec
1036 2239 1086 2263 un
1106 2225 1419 2276 marche-pied.“

1055 2315 1175 2366 Cap.
1206 2315 1256 2354 X.

880 2389 936 2447 ἦν
968 2393 1205 2446 ἑτοῖμος]
1250 2394 1362 2438 Quod
1394 2395 1483 2432 alias

825 2451 918 2490 hanc
945 2453 1140 2490 dictionem
1158 2452 1357 2488 infinitivus
1376 2449 1484 2491 ποιέ-

827 2523 886 2548 ειν
906 2508 963 2546 vel
982 2509 1099 2546 simile
1120 2509 1209 2558 quid
1238 2508 1403 2558 excipere
1425 2522 1486 2546 so-

824 2565 897 2603 leat
920 2565 972 2614 (v.
995 2566 1034 2613 I,
1054 2565 1122 2607 42.
1143 2565 1208 2614 ΙΙΙ,
1238 2564 1314 2612 75)
1343 2564 1485 2615 Diony-

825 2622 917 2659 sium
953 2622 988 2658 h.
1023 2622 1047 2659 l.
1081 2623 1131 2659 ita
1143 2621 1296 2678 legisse
1333 2622 1487 2672 putabat

824 2678 1107 2716 Valckenarius:
1131 2694 1185 2730 ην
1207 2677 1364 2730 ἑτοῖμος
1379 2677 1487 2718 ποιέ-

826 2749 885 2774 ειν
910 2737 1056 2783 ταῦτα,
1108 2735 1188 2773 vel:
1237 2734 1391 2775 ποιέειν
1431 2729 1486 2786 ἧν

824 2790 990 2843 ἑτοῖμος.
1034 2792 1112 2830 Sed
1161 2792 1259 2829 bene
1308 2792 1483 2843 opposuit

823 2849 1117 2897 Schweighaeus.
1145 2848 1183 2896 Ι,
1212 2851 1279 2890 70.
1309 2848 1365 2896 V,
1405 2849 1475 2889 31.

824 2905 1040 2956 Scripsimus
1061 2910 1181 2944 autem
1201 2904 1368 2955 ἑτοῖμος,
1398 2916 1477 2941 cum
