1759 3324
351 227 435 266 844

746 225 1215 264 HERODOTI

351 332 426 385 τὰς
456 334 534 390 μὲν
561 334 691 390 ἔγωγε
713 334 811 378 οὔτε
832 335 1075 386 πλέουσαν,
1107 333 1205 378 οὔτε
1225 338 1477 390 κινηθεῖσαν
1491 335 1610 378 ἴδον·

352 412 518 469 τέθηπα
548 414 592 457 δὲ
623 413 821 466 ἀκούων,
869 416 905 457 εἰ
934 418 1066 470 νῆσος
1105 412 1299 469 ἀληθέως
1335 413 1421 457 ἐστὶ
1451 413 1609 470 πλωτή.

320 492 401 536 3ἐν
431 494 482 548 δὴ
514 487 576 536 ὧν
604 492 741 549 ταύτῃ
770 492 876 548 νηός
905 508 948 535 τε
975 491 1244 544 ’Λπόλλωνος
1273 493 1405 549 μέγας
1433 493 1512 545 ἔνι,
1538 494 1611 536 καὶ

351 572 491 628 βωμοὶ
519 571 742 626 τριφάσιοι
772 571 1029 626 ἐνιδρύαται.
1069 572 1339 627 ἐμπεφύκασι
1382 571 1421 616 δ’
1454 572 1501 616 ἐν
1531 570 1610 615 αὐ-

350 654 404 706 τῇ
434 651 626 706 φοίνικες
656 651 824 705 συχνοὶ,
861 651 935 693 καὶ
965 651 1072 693 ἄλλα
1103 652 1305 705 δένδρεα,
1344 652 1417 695 καὶ
1445 667 1610 705 καρπο-

322 728 470 785 4φόρα
499 730 572 771 καὶ
602 727 774 783 ἄφορα,
804 728 956 771 πολλά.
996 729 1130 784 λόγον
1160 731 1206 773 δὲ
1234 730 1360 773 τόνδε
1390 731 1607 786 ἐπιλέγον-
1621 736 1666 771 95

323 816 421 858 5τες
450 809 494 850 οῖ
521 806 777 861 Αἰγύπτιοι,
807 807 916 861 φασὶ
947 805 1060 851 εἶναι
1090 807 1226 864 αὐτὴν
1255 808 1449 864 πλωτήν·
1482 809 1541 859 ὥς
1565 809 1611 852 ἐν

350 890 404 943 τῇ
429 885 547 942 νήσῳ
579 884 712 942 ταύτῃ
745 882 826 928 οὐκ
853 885 985 942 ἐούσῃ
1016 885 1233 941 πρότερον
1268 890 1439 942 πλωτῇ,
1469 886 1611 943 Λητώ,

350 965 483 1008 ἐοῦσα
510 968 598 1007 τῶν
628 963 738 1008 ὀκτὼ
767 967 885 1007 θεῶν
913 968 1001 1007 τῶν
1031 963 1217 1021 πρώτων
1246 965 1512 1021 γενομένων,
1546 967 1610 1009 οἰ-

293 1186 427 1235 po'etae
444 1184 562 1221 verbis
579 1182 822 1222 adhibuerunt
841 1188 946 1221 vete-

294 1255 352 1278 res
373 1241 668 1289 recentioresque
689 1241 824 1286 critici3
842 1240 947 1277 nimi-

294 1311 372 1334 rum
390 1297 445 1334 his
467 1297 659 1346 Odysseae
676 1293 724 1344 κ’,
747 1298 773 1337 3
807 1297 853 1334 de
872 1296 946 1333 Ae-

295 1353 344 1390 oli
383 1353 518 1391 insula:
559 1355 695 1407 πλωτῇ
726 1351 786 1392 ἐνὶ
818 1348 943 1406 νήσῳ.

294 1411 377 1447 vid.
412 1411 578 1447 Eustath.
610 1410 658 1447 ad
684 1410 718 1446 h.
750 1409 772 1446 l.
804 1423 840 1460 p.
864 1411 947 1450 377

293 1466 406 1504 Basil.
444 1466 584 1504 Alberti
627 1467 675 1502 ad
711 1466 873 1514 Hesych.
913 1465 946 1501 ΙΙ

293 1537 330 1574 p.
343 1522 424 1564 984
446 1527 484 1560 et
500 1523 689 1559 ViUoison.
707 1523 755 1558 ad
775 1521 946 1572 Apollon.

293 1579 361 1617 lex.
387 1580 497 1616 Hom.
530 1592 616 1629 pag.
633 1578 713 1619 555
742 1579 798 1616 ed.
824 1578 946 1615 Toll.“

295 1636 467 1673 Creuzer.
492 1636 530 1673 in
550 1639 758 1673 commentt.
779 1635 944 1672 Herodd.

294 1705 331 1743 p.
352 1694 434 1733 283
462 1696 537 1729 not.
559 1692 653 1733 258.
719 1690 946 1728 Aristarchus

293 1748 353 1785 illo
381 1749 535 1786 Homeri
563 1749 642 1785 loco
671 1744 803 1797 πλωτὴ
835 1761 948 1798 expo-

295 1813 432 1843 suerat:
475 1803 719 1856 κινονμένη,
757 1801 945 1852 πλέουσα,

294 1860 619 1913 περιφερομένη,-
677 1874 772 1910 quae
809 1862 948 1912 posteri

294 1919 520 1968 grammatici
549 1918 782 1967 repetierunt.

351 1969 465 2021 αὐτὸς
499 1971 570 2026 μὲν
592 1972 710 2026 ἔγωγε
740 1970 829 2012 οὔτε
858 1972 947 2012 πλέ-

296 2043 419 2070 ουσαν
448 2046 482 2069 κ.
510 2047 542 2069 τ.
565 2029 613 2080 λ.]
658 2031 764 2078 „Hic
799 2043 948 2080 quoque

295 2088 392 2125 locus
416 2088 502 2125 satis
522 2089 655 2124 docere
679 2100 862 2136 quemque
879 2100 949 2137 po-

295 2149 367 2181 test
386 2174 396 2191 ,
437 2144 499 2193 qui
527 2157 651 2180 verum
688 2143 813 2180 videre
849 2143 948 2190 velit,

294 2201 464 2239 historiae
487 2204 628 2249 patrem
649 2212 723 2236 non
741 2212 948 2248 usquequa-

295 2269 367 2304 que
387 2256 606 2305 pependisse
627 2257 672 2292 ab
684 2255 764 2292 Aesr
741 2256 950 2304 gyptiorum

295 2313 385 2348 mira
418 2312 641 2348 tradentium
660 2340 670 2358 ‚
720 2312 948 2347 sacerdotum

295 2367 491 2418 praecipue
513 2395 524 2412 ,
565 2379 628 2402 ore
644 2394 655 2412 ‚
693 2370 735 2402 ut
763 2367 826 2414 qui
848 2367 949 2403 haud

299 2436 380 2460 raro
416 2423 633 2459 sententiam
662 2434 763 2458 suam
802 2423 847 2458 ab
885 2435 949 2458 eo-

295 2493 374 2516 rum
391 2479 605 2515 auctoritate
628 2489 823 2526 segregare
841 2477 949 2514 intel-

295 2536 439 2584 ligatur.
443 2536 468 2554 ‘⁶
494 2535 664 2572 Creuzer.
682 2534 850 2582 fragmm.
861 2534 947 2570 hist

294 2605 331 2643 p.
353 2594 407 2632 27
437 2595 510 2627 not.

353 2643 443 2686 οὔτε
460 2648 696 2695 κινηθεῖσαν
718 2642 823 2695 ἰ’δον]
857 2643 946 2683 ἰδον

296 2717 317 2742 e
335 2703 498 2754 probatis
516 2702 613 2738 libris
635 2714 715 2738 cum
736 2701 946 2738 Gaissordio

296 2759 434 2798 restitui
459 2771 527 2809 pro
548 2757 645 2806 vulg.
670 2753 788 2796 εἶδον.
822 2778 869 2784 —-
903 2757 946 2793 In

298 2828 402 2866 seqq.
433 2827 500 2866 pro
516 2809 778 2879 ἐμπεφύκασι
802 2813 879 2850 bini
903 2813 945 2849 li-

297 2873 352 2909 bri
368 2865 612 2922 ἐμπεφύασι,
633 2870 732 2919 quod
752 2869 945 2906 Homerica

1013 1183 1215 1222 locutione:
1245 1181 1336 1235 περὶ
1355 1178 1395 1222 δ’
1414 1182 1584 1236 αἴγειρος
1601 1199 1668 1223 πε-

1016 1237 1167 1290 φύασιν
1194 1240 1309 1287 (conf.
1337 1241 1472 1289 Odyss.
1492 1241 1553 1288 IV,
1573 1240 1666 1282 484.

1014 1297 1055 1335 Il.
1075 1297 1165 1345 VII,
1189 1298 1299 1345 128),
1329 1298 1485 1347 probare
1503 1298 1668 1335 student.

1015 1355 1092 1391 Sed
1126 1353 1271 1402 vulgata
1304 1353 1410 1390 lectio
1449 1354 1610 1390 firmatur
1638 1354 1667 1400 J,

1018 1411 1109 1451 193.
1138 1410 1193 1456 ll,
1215 1412 1279 1450 91.

1072 1463 1193 1516 Λητώ
1213 1497 1223 1513 ,
1273 1464 1394 1504 ἐοῦσα
1441 1467 1519 1504 τῶν
1566 1460 1667 1504 ὄκταὶ

1014 1525 1128 1561 θεῶν
1149 1538 1182 1560 κ.
1202 1537 1231 1559 τ.
1251 1520 1298 1571 λ.]
1328 1522 1496 1559 Habe-tur
1522 1521 1666 1559 Latona

1013 1593 1086 1616 nox
1110 1578 1317 1629 principalis
1338 1606 1349 1624 ,
1391 1579 1489 1616 unde
1518 1579 1665 1627 quaevis

1016 1636 1201 1681 oriuntur,
1231 1636 1395 1685 proxime
1426 1639 1547 1672 autem
1578 1635 1668 1672 coeli

1014 1692 1150 1729 lumina
1169 1720 1179 1739 ‚
1228 1704 1323 1740 quae
1350 1695 1433 1727 sunt
1461 1690 1526 1727 Sol
1554 1695 1667 1741 atque

1013 1748 1133 1786 Luna.
1189 1748 1280 1785 Inde
1295 1747 1472 1784 'convenit
1497 1760 1576 1784 cum
1596 1749 1666 1785 dea

1015 1805 1146 1851 ΑέΙιον,
1165 1817 1259 1853 quae
1278 1808 1313 1842 et
1334 1805 1414 1854 ipsa
1432 1803 1591 1840 omnium
1609 1817 1667 1841 re-

1015 1874 1094 1898 rum
1115 1861 1152 1897 in
1182 1875 1221 1898 se
1248 1861 1408 1897 continet
1434 1861 1572 1897 semina
1593 1861 1665 1897 ori-

1016 1919 1193 1967 ginesque
1221 1921 1257 1954 et
1282 1917 1397 1967 primo
1429 1918 1579 1954 deorum
1608 1930 1667 1953 or-

1017 1974 1091 2012 dini
1107 1974 1330 2011 adscribitur.
1359 1972 1468 2010 Plura
1493 1973 1666 2010 Creuzer.

1016 2030 1176 2079 Symbol.
1195 2030 1212 2066 Ι
1230 2043 1266 2080 p.
1288 2030 1369 2070 519
1388 2043 1465 2078 seq.
1496 2029 1549 2076 ll,
1574 2033 1664 2071 121.

1020 2090 1111 2129 169.
1169 2085 1302 2134 Neque
1339 2086 1408 2122 hoc
1440 2086 1667 2136 praetermit-

1017 2143 1188 2189 tendum,
1219 2155 1313 2190 quae
1332 2142 1555 2179 Graecorum
1577 2156 1596 2179 e
1612 2143 1667 2178 sa-

1017 2199 1107 2236 bulis
1130 2197 1333 2248 Apollinem
1355 2202 1391 2234 et
1411 2198 1567 2235 Dianam
1584 2198 1667 2248 ipsa

1016 2255 1160 2306 peperit
1176 2253 1320 2290 Latona
1341 2254 1432 2300 dea,
1463 2266 1542 2290 eam
1568 2254 1666 2304 apud

1017 2310 1219 2360 Aegyptios
1237 2309 1410 2346 nutricem
1437 2314 1576 2346 tantum
1603 2323 1666 2347 eo-

1015 2380 1095 2403 rum
1129 2366 1321 2411 exhiberi,
1364 2378 1455 2414 quos
1486 2367 1532 2402 ab
1569 2366 1666 2404 Iside

1015 2427 1131 2459 matre
1153 2422 1310 2458 tuendos
1331 2427 1530 2471 acceperat.
1562 2423 1664 2466 Qua-

1014 2491 1072 2525 re,
1109 2482 1204 2514 teste
1231 2477 1475 2514 Hirt.:i·1ber
1499 2478 1558 2515 die
1588 2479 1665 2516 Ge—

1015 2538 1134 2582 genst.
1159 2534 1194 2570 d
1217 2533 1339 2570 Kunst
1358 2534 1416 2571 bei
1443 2534 1479 2572 d.
1504 2534 1663 2584 Aegypt

1015 2590 1051 2625 in
1086 2594 1168 2626 actt.
1204 2591 1341 2627 societt
1369 2590 1664 2631 Berolin.1820

1015 2646 1146 2692 (1822
1165 2646 1343 2693 Berolin.)
1375 2659 1411 2696 p.
1436 2648 1514 2686 122
1545 2659 1663 2695 seqq,

1013 2703 1051 2738 in
1082 2701 1298 2751 anaglyphis
1337 2701 1526 2751 Aegyptiis
1566 2702 1664 2739 haud

1013 2770 1094 2794 raro
1130 2757 1225 2794 illam
1271 2758 1376 2795 deam
1423 2758 1662 2807 conspicimus

1011 2813 1188 2863 Apollinis
1223 2818 1334 2863 atque
1372 2813 1514 2851 Dianae
1550 2814 1664 2851 nutri-

1014 2883 1104 2908 cem.
