1786 3315
354 253 501 295 226·
750 245 1221 288 HERODOTI

357 395 383 415 „
394 358 611 415 κατάσχῃ,
639 358 800 401 τοῦτον
826 357 1149 412 προσδέκεσθαί
1176 372 1246 400 τοι
1273 351 1618 410 ἐπαναστησόμε·
1629 354 1675 394 45

331 444 387 493 4,,
399 455 494 483 νον.
523 441 609 481 νῦν
637 431 702 479 ὦν
730 436 917 492 ποίησον
946 432 1053 490 ὦδε,
1083 438 1125 480 εἴ
1149 452 1219 480 τοι
1250 433 1421 490 ἀρέσκει
1449 431 1503 476 τὰ
1533 429 1616 488 ἐγώ

360 518 519 574 ,,λέγω.
576 513 759 559 κάτισον
786 518 876 558 τῶν
905 514 1173 572 δορυφόρων
1212 514 1283 558 ἐπὶ
1318 512 1484 570 πάσῃσι
1519 513 1619 568 τῇσι

360 595 556 652 ,,πύλῃσι
586 591 834 649 φυλάκους,
885 596 929 637 οἳ
956 593 1172 650 λεγόντων
1200 591 1314 648 πρὸς
1351 591 1456 644 τοὺς
1491 588 1620 646 ἐκφέ-

357 708 383 727 ,,
402 689 560 730 ροντας
587 672 640 715 τὰ
668 670 863 728 χρήματα
894 669 1221 728 ἀπαιρεόμενοι,
1254 671 1314 723 ὥς
1344 684 1458 728 σφεα
1487 668 1622 724 ἀναγ-

329 753 531 806 5,,καίως
560 751 643 807 ἔχει
684 752 1001 806 δεκατευθῆναι
1037 754 1099 809 τῷ
1128 753 1219 796 Διΐ.
1278 751 1351 795 καὶ
1380 748 1436 794 σύ
1464 765 1509 793 τε
1538 759 1618 804 σφι
1632 754 1678 788 50

358 829 477 884 „oux
517 827 786 886 ἀπεχθήσεαι
830 831 904 886 βίῃ
947 827 1264 885 ἀπαιρεόμενος
1302 827 1355 872 vo?
1405 827 1618 885 χρήματα·

359 909 467 962 »καὶ
495 908 678 960 ἐκεῖνοι,
712 907 973 965 συγγνόντες
1004 906 1167 950 ποιέειν
1185 918 1231 950 σε
1250 909 1420 960 δίκαια,
1451 905 1623 957 ἑκόντες

489 986 500 1001 Ι
801 992 818 1000 .-
920 986 931 1001 7
1006 985 1016 1000 Ι
1123 983 1135 999 Ρ
1220 990 1238 998 ¹-
1381 984 1392 1000 ?
1497 983 1508 998 Ι

240 999 307 1045 90
366 992 676 1044 ,,ποιησουσι.“
727 992 874 1031 Ταυτα
903 1003 1081 1031 ακουων
1112 1003 1136 1029 ο
1167 989 1337 1040 Κυρος,
1366 987 1622 1042 υπερηδετο,

28 1065 168 1095 lnfensus
178 1064 310 1093 Graeco-

31 1109 97 1128 rum
123 1100 185 1127 Deo
218 1099 275 1126 Cro
261 1106 310 1124 oe-

29 1141 98 1173 sus,
104 1132 193 1173 Gyri
218 1131 306 1159 venia

29 1154 127 1194 missis
153 1166 245 1206 legatj
235 1173 273 1199 1,s

30 1200 110 1227 mala
129 1207 184 1227 sua
195 1199 240 1227 illi
257 1205 307 1227 ex-

30 1233 164 1270 ιιι-οῦτοι.

367 1067 428 1119 ὥς
467 1068 511 1111 οἱ
551 1065 696 1112 ἐδόκεε
736 1062 786 1111 εὖ
827 1067 1131 1110 ὑποτίθεσθαι.
1192 1063 1367 1115 αἰνέσας
1397 1064 1442 1108 δὲ
1469 1062 1624 1116 πολλοὶ,

362 1146 436 1191 καὶ
465 1145 762 1202 ἐντειλάμενος
786 1151 900 1189 τοῖσι
931 1142 1223 1200 δορυφόροισι
1243 1142 1295 1186 τοὶ
1314 1146 1505 1198 Κροῖσος
1523 1142 1628 1186 ὑπε-

337 1222 536 1281 Ξθήκατο
569 1224 820 1274 ἐπιτελέειν,
854 1222 944 1269 εἰπε
961 1222 1072 1278 πρὸς
1091 1225 1288 1279 Κροῖσον
1306 1220 1428 1266 τάδε·
1460 1224 1627 1277 ,,Κροῖ-
1638 1226 1684 1263 55

363 1315 469 1357 ,,σε,
499 1300 805 1361 ἀναρτημένου
844 1308 921 1349 σεῦ
951 1301 1114 1357 ἀνδρὸς
1143 1301 1345 1358 βασιλέος
1372 1299 1535 1358 χρηστοὶ
1565 1300 1630 1356 ἔρ-

364 1397 456 1438 „yon
484 1382 558 1426 καὶ
587 1383 690 1427 ἔπεα
715 1384 903 1437 ποιέειν,
933 1382 1049 1427 αἰτέο
1076 1380 1202 1426 δόσιν
1226 1378 1305 1438 τήν
1334 1397 1432 1425 τινα
1451 1377 1631 1437 βούλεαί

308 1598 518 1666 γενέσθαι]
550 1598 714 1648 ἐπίδοξα
731 1599 896 1638 dicuntur
911 1595 961 1638 τὰ

308 1653 555 1722 προςδόκιμα
589 1670 618 1694 S.
638 1652 960 1708 προςδοκώμενα,

311 1709 562 1764 ἐλπιζόμενα,
595 1726 682 1763 quae
708 1716 877 1763 tanquam
892 1712 963 1763 fu-

310 1773 395 1807 tura
418 1769 646 1820 probabiliter
669 1773 814 1819 possunt
843 1782 963 1819 exspe-

310 1828 414 1863 ctari.
470 1826 569 1864 Hinc
593 1827 738 1863 additur
765 1826 963 1863 infinitivus

311 1882 369 1920 vel
390 1883 500 1919 futuri
518 1882 576 1920 vel
593 1882 729 1919 aoristi.
770 1883 855 1919 Vid.
876 1881 964 1919 Val-

311 1937 456 1976 ckenar.
483 1939 530 1975 ad
548 1938 689 1975 Herod.
715 1937 779 1986 IV,
805 1941 867 1979 11.
887 1937 964 1975 Lo-

312 1993 417 2031 beck.
436 1994 484 2031 ad
504 1993 695 2042 Phrynich.
712 2007 749 2044 p.
766 1995 847 2036 132
872 2007 965 2043 seq.‚

313 2062 469 2099 quorum
490 2054 618 2088 neuter
646 2049 751 2086 huius
781 2050 850 2087 loci
887 2054 966 2087 erat

312 2105 456 2143 oblitus.
483 2126 540 2133 ——
578 2100 741 2144 αὐτων
778 2105 835 2143 hic
859 2106 965 2143 dedi·

312 2174 416 2208 mu5‚
453 2164 495 2198 ut
523 2160 716 2210 aliquoties
743 2161 815 2198 iam
844 2174 966 2212 supra,

272 2265 275 2269 .
311 2230 380 2268 pro
398 2211 561 2255 αὐτέων.
576 2217 708 2254 Itidem
724 2217 823 2254 libris
839 2218 966 2255 iuben-

311 2273 410 2310 tibus
431 2273 560 2324 scripsi
584 2268 752 2325 ἀρέσκει
781 2287 848 2323 pro
868 2273 965 2322 vulg.

313 2324 504 2393 ἀρέσκοι.
552 2328 613 2367 De
635 2330 751 2366 forma
765 2329 967 2380 imperativi

316 2379 574 2437 (λεγόντων)
635 2385 771 2422 consul.
836 2384 966 2422 Matth.

315 2439 353 2492 §.
387 2442 490 2487 198,
529 2443 552 2482 1
589 2453 677 2491 pag.
711 2442 805 2482 396
893 2441 968 2484 Qui

312 2497 412 2534 idem
445 2495 514 2534 alio
542 2496 621 2534 loco
652 2495 718 2548 (ἓ.
739 2499 842 2544 511,
866 2497 917 2544 5,
943 2497 966 2534 b

311 2565 399 2604 pag.
409 2553 510 2601 973)
541 2553 635 2591 bene
655 2558 760 2590 notat
777 2554 968 2590 transitum

314 2621 359 2647 ex
393 2609 558 2647 oratione
587 2608 734 2658 obliqua
756 2610 794 2646 in
816 2613 967 2656 rectam,

313 2664 527 2715 imperativo
541 2665 663 2716 posito
674 2669 761 2716 post
777 2664 966 2703 relativum

312 2733 527 2772 pronomen.

527 2777 559 2814 C
575 2788 643 2828 ap.
673 2775 756 2814 XC.

363 2826 419 2880 ὥς
431 2831 472 2873 οἱ
481 2829 612 2873 ἐδόκεε
624 2826 670 2871 εὖ
681 2829 964 2883 ὑποτίθεσθαι]

311 2900 426 2938 „cum
445 2888 528 2929 haec
557 2891 591 2928 ei
612 2888 692 2928 bene
716 2891 848 2928 monita
867 2888 964 2927 vide-

1031 1602 1161 1636 rentur.
1166 1598 1191 1617 ‘⁵
1218 1595 1279 1636 De
1299 1594 1574 1637 ὑποτίθεσθαι
1591 1596 1686 1635 conf.

1089 1706 1367 1763 ἀναρτημένου
1418 1711 1489 1750 σεῦ
1539 1703 1688 1762 ἀνδρός

1033 1766 1215 1820 βασιλέος
1234 1783 1269 1806 κ.
1282 1782 1314 1806 τ.
1326 1765 1376 1817 λ.]
1409 1762 1687 1819 ἀναρτημένου

1031 1824 1198 1873 neglecto
1232 1827 1426 1873 augmento
1459 1823 1627 1861 meliores
1645 1822 1688 1859 li·-

1030 1880 1100 1927 bri,
1123 1881 1261 1931 quippe
1279 1880 1398 1929 magis
1418 1879 1546 1917 Ionum
1569 1890 1688 1916 econ-

1033 1937 1236 1974 suetudine.
1292 1936 1366 1974 Alii
1395 1931 1688 1988 ἀνηρτημένον.

1033 1992 1220 2030 Verbum
1212 2006 1331 2044 lpsum
1350 1986 1604 2044 ἀναρτᾶσθαι
1626 2003 1690 2029 ex-

1032 2054 1192 2100 ponunt:
1232 2052 1388 2087 animum
1414 2049 1597 2096 inducere,
1632 2049 1690 2085 in-

1033 2107 1187 2142 stztuere.
1226 2105 1334 2143 Conf.
1353 2104 1690 2153 V1,88.V1I,8;

1034 2162 1082 2199 de
1112 2165 1292 2199 structura
1328 2161 1443 2210 (nam
1472 2165 1691 2212 exspectan-

1034 2218 1120 2254 dum
1138 2222 1235 2256 certe
1258 2222 1354 2256 erat:
1385 2213 1690 2286 ἀναρτημένος

1035 2270 1093 2311 συ
1124 2268 1204 2323 ἀνη
1217 2288 1238 2324 ρ
1269 2271 1436 2325 βασιλεύ
1451 2291 1534 2322 ς-
1547 2271 1689 2322 αἰτέο)

1033 2334 1233 2380 provocant
1256 2331 1305 2367 ad
1335 2330 1488 2368 similem
1515 2330 1634 2368 locum
1658 2328 1690 2378 Ι,

1035 2386 1083 2432 3,
1121 2385 1182 2421 ubi
1210 2386 1318 2423 etiam
1345 2387 1525 2434 genitivus
1560 2397 1691 2423 conse-

1035 2441 1206 2490 quentiae
1242 2440 1312 2478 hoc
1357 2442 1469 2479 modo
1516 2442 1689 2479 occurrit:

1035 2493 1129 2542 τούς
1155 2493 1199 2535 δὲ
1225 2495 1526 2549 προϊσχομένων
1553 2499 1690 2545 ταῦτα,

1035 2550 1252 2604 προφέρειν
1280 2564 1354 2603 σφι
1380 2568 1417 2592 κ.
1443 2568 1475 2592 τ.
1499 2556 1553 2602 λ.;
1603 2566 1690 2591 nam

1034 2613 1186 2660 propter
1205 2608 1274 2645 hoc
1284 2609 1402 2660 ipsum
1414 2621 1486 2660 σφι
1502 2613 1691 2661 exspecta-

1034 2665 1101 2702 bas
1133 2664 1446 2716 προϊσχομένοις.
1503 2667 1581 2704 Sed
1614 2666 1688 2704 vid.

1034 2721 1084 2758 ibi
1105 2725 1197 2758 nott.
1220 2742 1276 2748 —-
1307 2721 1350 2759 In
1372 2735 1475 2771 seqq.
1499 2735 1626 2761 vocem
1646 2717 1689 2761 ἀ-

1033 2772 1110 2827 νήρ
1133 2789 1209 2814 non
1236 2777 1315 2815 sine
1336 2779 1486 2816 consilio
1507 2779 1689 2817 adiectum

1033 2833 1149 2885 quivis
1168 2834 1311 2871 sentiet.

1089 2887 1232 2930 αἰτέο
1248 2885 1385 2938 δόσιν]
1407 2889 1514 2933 αἰτέο
1543 2894 1600 2932 est
1621 2891 1689 2929 im-
