1759 3324
329 252 414 292 83⁰

745 248 1208 289 HERODOTI

331 361 405 406 καὶ
435 361 680 417 τρισχίλιοι,
726 361 912 416 σχοίνων
942 359 1148 415 ἑξήκοντα
1179 357 1359 403 ἐόντων·
1401 357 1491 400 ἰ’σοι
1519 358 1593 400 καὶ

302 439 470 497 Ξαύτῆς
499 440 723 496 Αἰγύπτου
752 441 801 484 τὸ
830 438 950 494 παρὰ
980 438 1220 482 θάλασσαν.
1260 437 1400 480 κέεται
1431 436 1477 479 δὲ
1506 453 1589 492 μα-

331 521 414 578 κρὴ
444 519 468 577 ἡ
500 522 628 576 λίμνη
665 521 774 573 πρὸς
812 521 953 575 βορῆν
980 535 1024 562 τε
1055 519 1128 561 καὶ
1156 517 1308 565 νότον,
1350 516 1484 559 ἐοῦσα
1514 514 1594 571 βά-

331 605 432 651 θος,
459 604 510 657 τῇ
540 598 766 655 βαθυτάτη
797 595 904 653 αὐτὴ
937 598 1122 654 ἑωυτῆς,
1162 594 1594 652 πεντηκοντόργυιος.

303 678 400 722 ὃὸτι
432 679 476 721 δὲ
506 677 807 733 χειροποίητός
847 677 935 720 ἐστι
974 677 1048 720 καὶ
1083 675 1269 732 ὀρυκτή,
1309 674 1419 732 αὐτή
1454 677 1593 731 δηλοῖ.

277 874 353 913 εἰσί
374 874 467 910 conf.
494 873 547 919 Π,
573 874 635 912 16.
660 871 750 912 124.
792 870 852 907 Ad
872 883 930 906 ar-

275 934 486 979 gumentum
514 929 608 965 conf.
636 931 711 963 not.
741 927 788 964 ad
811 926 866 973 ΙΙ,
891 928 928 966 6.

276 987 336 1024 De
356 986 437 1036 ipso
455 985 552 1022 lacus
575 984 717 1020 ambitu
736 984 847 1020 modo
875 983 930 1019 di-

275 1043 402 1079 ximus.
461 1040 591 1078 Monet
628 1053 713 1078 vero
745 1039 928 1076 Mannert.

278 1099 300 1135 l.
319 1099 340 1135 l.
361 1097 492 1149 p.426
514 1111 603 1146 seq„
623 1097 650 1133 si
679 1096 853 1134 schoenos
876 1097 932 1132 in-

275 1155 454 1193 tellexeris
508 1155 661 1202 triginta
719 1153 931 1200 stadiorum,

278 1213 430 1250 existere
465 1223 642 1248 summam
687 1209 931 1259 quadraginta

277 1269 439 1318 quinque
477 1267 720 1305 milliariorum
774 1278 932 1315 geogra-

277 1325 478 1376 phicorum,
500 1337 595 1374 quae
616 1336 637 1359 a
658 1323 765 1360 Plinii
784 1328 929 1359 senten-

276 1383 329 1418 tia
352 1394 428 1418 non
453 1380 560 1418 valde
589 1380 739 1417 recedat
759 1379 933 1416 ambitum

277 1438 377 1475 lacus
437 1438 631 1475 scribentis
694 1437 932 1473 ducentorum

278 1495 543 1544 quinquaginta
583 1492 828 1530 milliariorum
856 1492 935 1529 Ro-

276 1563 487 1597 manorum,
524 1563 618 1599 quae
648 1550 728 1599 ipsa
755 1550 934 1598 quinqua-

277 1609 380 1657 ginta
403 1607 565 1645 milliaria
585 1605 831 1655 geographica
851 1605 933 1642 effi-

278 1666 385 1701 ciant.
451 1664 529 1701 Sed
573 1668 658 1700 ante
698 1662 932 1699 Mannertum

278 1721 468 1758 Iomardus
494 1720 515 1756 l.
538 1719 560 1756 l.
590 1733 626 1769 p.
647 1719 699 1760 85
731 1719 931 1755 contende-

278 1782 360 1824 rat,
382 1778 428 1814 ab
456 1776 671 1822 Herodoto,
701 1775 799 1812 cuius
828 1787 930 1812 men-

278 1847 382 1871 suras
398 1833 525 1881 reliqui
537 1833 729 1882 scriptores
740 1832 932 1868 maximam

277 1894 421 1941 partem
454 1890 567 1927 secuti
605 1889 698 1935 sint,
738 1892 932 1937 utrumque

278 1947 517 1984 schoenorum
537 1958 652 1995 genus
670 1945 858 1981 confusum
880 1944 933 1980 vi-

279 2004 377 2050 deri,
414 2016 515 2050 cum,
554 2003 584 2039 si
612 2003 771 2038 minores
804 2001 932 2038 schoe-

278 2072 346 2096 nos
366 2059 585 2096 intellexeris
598 2087 608 2104 ‚
641 2070 779 2095 summa
800 2070 932 2108 prove-

278 2117 354 2152 niat
373 2116 573 2152 stadiorum
592 2116 720 2160 18003
744 2115 805 2162 qui
825 2127 930 2150 verus

278 2172 446 2208 videatur
465 2172 576 2208 fuisse
598 2170 694 2207 lacus
716 2171 886 2207 ambitus.

335 2226 463 2265 κέεται
483 2248 538 2253 ——-
558 2226 627 2265 καὶ
661 2221 803 2276 νότον]
842 2227 865 2262 i.
897 2238 929 2263 e.

279 2283 379 2320 lacus
397 2296 420 2319 a
444 2286 546 2332 parte
566 2282 697 2318 boreali
719 2286 751 2318 et
778 2282 932 2318 australi

281 2339 447 2387 oblongus
469 2342 530 2375 est.
568 2339 623 2375 Ita
643 2342 741 2375 recte
761 2338 928 2386 Schwgh.

280 2396 356 2433 Sed
376 2395 558 2432 Mannert.
582 2394 604 2430 l.
622 2393 644 2429 l.
669 2406 755 2443 pag.
775 2393 857 2434 425
879 2395 930 2429 ita

280 2452 450 2502 exponit:
496 2450 573 2497 „ln
604 2450 663 2486 die
698 2448 830 2498 Liinge
866 2462 931 2498 ge-

281 2508 440 2553 streckt,
461 2507 549 2555 liegt
571 2507 637 2543 der
653 2506 725 2542 See
743 2517 790 2541 an
813 2506 932 2542 seiner

280 2564 412 2602 Nord-
433 2564 506 2599 und
526 2562 742 2599 Siidseite“!
780 2561 930 2610 Disqui-

280 2622 328 2657 rit
355 2620 443 2657 haec
469 2619 623 2655 Iomard.
655 2617 677 2654 l.
702 2618 724 2654 l.
753 2631 840 2669 pag.
863 2620 928 2658 87.

281 2677 321 2713 In
345 2676 458 2713 lacum
471 2705 481 2723 ,
503 2675 618 2724 qualis
639 2687 735 2711 nunc
753 2680 820 2721 est,
841 2674 930 2711 haec

281 2733 428 2770 minime
444 2732 623 2780 quadrare
642 2731 699 2766 vix
718 2731 844 2779 negari
863 2743 931 2780 po-

281 2789 389 2834 terit3
425 2788 490 2825 sed
512 2793 670 2824 veterem
701 2786 796 2824 lacus
823 2787 931 2823 situm

284 2850 322 2883 et
376 2844 663 2892 magnitudinem
725 2843 931 2894 respicienti

283 2902 372 2939 haec
388 2913 463 2938 non
483 2912 505 2937 a
522 2913 608 2937 vero
621 2899 814 2938 abhorrere
829 2899 931 2936 vide-

997 871 1152 916 buntur,
1192 875 1234 907 ut
1270 871 1363 908 bene
1395 875 1500 907 notat
1526 869 1570 907 L.
1605 870 1652 908 de

996 926 1170 964 Laborde
1187 926 1209 963 l.
1231 926 1253 963 l.
1274 939 1359 976 pag.
1379 929 1444 967 66.

1054 986 1104 1038 τῇ
1123 979 1331 1034 βαθυτάτη
1358 977 1458 1032 αὐτῆ
1486 979 1649 1033 ἑωυτῆς]

999 1041 1107 1077 Conf.
1128 1040 1172 1086 ll,
1194 1040 1283 1081 124.
1314 1040 1422 1076 Hanc
1437 1051 1524 1076 vero
1544 1040 1653 1087 quin-

998 1097 1176 1146 quaginta
1215 1096 1378 1132 ulnarum
1426 1095 1650 1133 altitudinem

997 1154 1115 1204 repeti
1134 1152 1209 1189 vult
1229 1152 1410 1190 Mannert.
1426 1152 1448 1189 l.
1468 1151 1491 1188 l.
1511 1166 1547 1202 p.
1568 1151 1651 1193 427

999 1223 1019 1247 e
1039 1210 1309 1260 pyramidibus,
1338 1222 1452 1257 quae,
1482 1214 1523 1245 ut
1549 1209 1651 1245 inco-

997 1266 1054 1304 lae
1074 1267 1294 1303 crediderint
1320 1270 1356 1303 et
1376 1265 1569 1302 Herodoto
1597 1265 1653 1301 di-

1000 1324 1138 1369 xerint,
1180 1322 1445 1371 quinquaginta
1474 1321 1577 1358 ulnas
1607 1333 1652 1358 ex

1001 1381 1104 1428 aquis
1147 1379 1388 1424 eminuerint,
1427 1378 1653 1426 totidemque

1000 1437 1093 1472 infra
1115 1448 1228 1484 aquas
1249 1434 1501 1485 pertinuerint.
1532 1435 1653 1472 Hero-

1002 1494 1132 1530 doteas
1154 1504 1341 1529 mensuras
1362 1503 1519 1540 aequare
1538 1492 1652 1529 ferme

1002 1549 1084 1601 92}
1105 1554 1223 1586 metra
1241 1548 1412 1596 (metres)
1439 1561 1466 1584 s.
1484 1549 1565 1589 285
1585 1560 1652 1598 pe-

1002 1607 1066 1643 des
1098 1605 1260 1643 Gallicae
1284 1616 1476 1642 mensurae
1511 1605 1562 1641 ait
1594 1603 1652 1640 Io-

998 1663 1145 1699 mardus
1170 1661 1193 1699 l.
1212 1662 1234 1699 l.
1257 1674 1342 1712 pag.
1356 1664 1407 1702 97
1429 1659 1506 1697 coll.
1530 1673 1566 1710 p.
1581 1663 1653 1707 99,

999 1719 1061 1755 ubi
1089 1732 1213 1756 eorum
1242 1719 1433 1764 meminit,
1477 1718 1538 1765 qui
1560 1717 1652 1754 hanc

997 1775 1285 1827 profunditatem
1324 1774 1422 1811 lacus
1456 1773 1568 1811 talem
1594 1785 1653 1810 re-

998 1844 1084 1870 vera
1103 1832 1214 1869 fuisse
1239 1836 1431 1880 negarunt.

1053 1884 1111 1927 ὅτι
1131 1886 1172 1926 δὲ
1202 1881 1476 1938 χειροποίητός
1495 1883 1575 1925 ἔστι
1594 1905 1650 1912 -

1000 1940 1104 1994 αὕτη
1142 1943 1276 1995 δηλοῖ]
1335 1944 1477 1981 Contra
1516 1942 1650 1978 Strabo

999 2001 1103 2038 XVII
1127 2015 1162 2051 p.
1186 2002 1293 2042 1163
1313 2005 1443 2038 natura
1460 1999 1583 2049 prodit
1598 1998 1652 2034 la-

999 2071 1079 2095 cum
1120 2058 1288 2095 effectum
1325 2071 1424 2103 esse,
1469 2056 1532 2105 qui
1565 2054 1650 2091 olim

997 2127 1077 2151 eum
1089 2114 1170 2164 ipso
1190 2115 1281 2150 mari
1297 2114 1406 2151 fuerit
1428 2113 1649 2150 coniunctus.

998 2170 1047 2206 Et
1075 2183 1162 2208 sane
1190 2171 1400 2207 arctioribus
1428 2169 1559 2205 finibus
1582 2168 1651 2204 cir-

998 2227 1271 2264 cumscribenda
1293 2225 1476 2263 Herodoti
1505 2228 1650 2261 senten-

996 2284 1070 2329 tia,
1099 2296 1177 2319 cum
1199 2283 1236 2318 in
1257 2281 1335 2319 loco
1360 2286 1433 2318 tam
1452 2279 1560 2331 plano
1592 2285 1651 2317 at-

998 2351 1069 2387 que
1116 2338 1298 2387 profundo
1354 2338 1426 2373 iam
1482 2337 1648 2386 primitus

997 2405 1110 2441 aquas
1135 2393 1345 2430 subsedisse
1358 2392 1648 2430 verisimillimum

1001 2450 1047 2485 sit
1068 2462 1136 2486 nec
1158 2449 1351 2498 quisquam
1370 2449 1575 2486 universum
1595 2449 1650 2486 la-

999 2518 1060 2541 cus
1095 2505 1236 2543 alveum
1263 2506 1375 2556 opera
1407 2505 1565 2542 humana
1595 2506 1650 2543 ef-

997 2562 1134 2598 fossum
1164 2574 1244 2599 esse
1272 2562 1376 2600 facile
1401 2562 1469 2598 sibi
1498 2574 1648 2612 persua-

998 2618 1109 2665 serit,
1139 2618 1236 2667 qui,
1277 2631 1349 2667 quo
1381 2623 1479 2656 terra
1513 2618 1647 2655 effossa

998 2674 1122 2710 coniici
1152 2675 1312 2724 potuerit
1329 2703 1340 2722 ‚
1386 2686 1504 2712 secum
1536 2687 1646 2724 repu-

996 2730 1138 2767 taverit.
1178 2731 1300 2773 Quare
1319 2743 1363 2768 ea
1383 2735 1525 2768 tantum
1543 2742 1644 2780 pars,

996 2790 1037 2822 ut
1060 2791 1183 2823 monet
1199 2786 1329 2824 Ritter.
1350 2786 1372 2823 l.
1393 2786 1415 2824 l.
1443 2799 1529 2837 pag.
1547 2788 1644 2833 800,

997 2846 1076 2879 arte
1104 2843 1200 2880 facta
1229 2844 1395 2890 videtur,
1425 2855 1499 2891 qua
1525 2843 1646 2879 orien-

996 2904 1069 2936 tem
1093 2911 1215 2936 versus
1242 2899 1527 2948 coniungebatur
1545 2897 1644 2936 lacus
