1759 3324
21 753 86 799 34

521 236 944 281 EUTERPE.
994 235 1042 275 Π.

1317 235 1403 277 553

142 358 212 403 τοί
244 358 325 402 εἰσι
363 355 440 406 ἔξω
474 350 746 407 Ἡρακληΐων
784 346 995 404 στηλέων·
1048 342 1315 402 ὁμουρέουσι
1355 344 1402 388 δὲ

142 435 428 493 Κυνησίοισι,-
465 433 508 474 οἳ
537 429 706 485 ἔσχατοι
732 426 843 482 πρὸς
873 423 1073 481 δυσμέων
1103 424 1295 468 οἰκέουσι
1314 426 1403 467 τῶν

114 516 193 560 δέν
223 517 275 570 τῇ
303 508 500 566 Εὐρώπῃ
528 505 866 563 κατοικημένων.
891 507 1067 563 τελευτᾷ
1098 502 1142 549 δὲ
1173 503 1196 547 ὁ
1218 503 1402 558 Ἴστρος,

141 594 185 646 ἐς
211 590 440 636 θάλασσαν
479 588 591 643 ῥέων
629 586 712 643 τήν
748 588 831 629 τοῦ
871 583 1087 637 Εὐξείνου
1125 582 1293 627 πόντου
1331 582 1403 626 διοέ

139 670 277 727 πάσης
304 666 547 725 Εὐρώπης,
575 670 629 724 τῇ
655 664 837 721 Ἰστρίην
875 666 919 708 οἱ
945 664 1178 720 Μιλησίων
1209 661 1404 706 οἰκέουσι

141 748 331 795 ἄποικοι.
385 746 440 791 ‘O
469 748 547 804 μὲν
576 746 630 803 δή
657 745 851 801 Ἴστρος,
893 743 981 799 ῥέει
1009 742 1092 799 γὰρ
1124 740 1175 786 δι’
1207 741 1404 799 οἰκευμέ-
1464 751 1544 791 119

139 846 238 886 νης,
285 826 398 884 πρὸς
435 830 613 871 πολλῶν
647 825 920 883 γινώσκεται·
979 823 1077 878 περὶ
1119 822 1165 866 δὲ
1205 826 1292 865 τῶν
1329 825 1462 866 τοῦ61

140 909 304 952 Νείλου
329 907 502 963 πηγέων
532 904 676 957 οὐδεὶς
705 905 788 961 ἔχει
817 904 973 960 λέγειν·
1013 900 1216 958 ἀοίκητός
1243 917 1290 946 τε
1322 900 1407 958 γάρ

111 987 232 1032 Ξέστι
257 987 333 1031 καὶ
365 987 523 1043 ἐρῆμος
551 985 578 1042 ἡ
614 983 776 1041 Λιβύη,
808 982 860 1027 δι’
889 977 941 1040 ἧς
971 980 1066 1039 ῥέει,
1118 982 1216 1035 περὶ
1247 980 1292 1024 δὲ
1321 983 1404 1024 τοῦ

141 1065 356 1123 ῥεύματος
392 1064 558 1115 αὐτοῦ,
599 1064 668 1108 ἐπ’
705 1064 813 1109 ὅσον
848 1061 1121 1119 μακρότατον
1152 1062 1407 1115 ἱστορεῦντα

112 1140 201 1202 Βῆν
229 1144 469 1198 ἐξικέσθαι,
499 1147 676 1202 εἴρηται.
706 1144 874 1187 ἐκδιδοῖ
899 1143 945 1186 δὲ
974 1142 1016 1193 ἐς
1044 1144 1282 1197 Αἴγυπτον.
1314 1139 1337 1196 ἡ
1361 1140 1407 1183 δὲ
1419 1146 1465 1182 65

141 1227 363 1281 Αἴγυπτος
398 1228 474 1282 τῆς
513 1223 688 1280 ὀρεινῆς
728 1223 926 1278 Κιλικίης
964 1219 1147 1278 μάλιστα
1189 1236 1244 1276 κη
1283 1216 1408 1275 ἀντίη

142 1305 304 1349 κέεται·
335 1305 540 1349 ἐνθεῦτεν
569 1305 639 1361 δὲ,
670 1304 713 1356 ές
741 1302 954 1360 Σινώπην
982 1299 1062 1359 τήν
1092 1300 1140 1344 έν
1167 1302 1228 1358 τῷ
1251 1296 1408 1352 Εὐξεί-

90 1491 317 1542 eandemque
348 1491 510 1530 radicem
538 1493 612 1531 sint
635 1504 742 1531 revo-

90 1549 221 1587 canda.

148 1630 385 1685 ὁμουρέουσι
415 1630 458 1673 δὲ
476 1630 745 1686 Κυνησίοισι]

94 1687 259 1739 Cynesz'os
277 1691 372 1728 infra
391 1690 455 1738 IV,
475 1691 528 1732 49
547 1695 653 1728 vocat
676 1691 747 1741 Cy-

90 1749 212 1794 netas,
240 1759 332 1796 quos
356 1747 505 1785 eosdem
523 1747 748 1786 occidentem

91 1815 217 1840 versus
236 1802 381 1840 ultimos
405 1817 487 1842 esse
514 1804 565 1841 ait
591 1804 750 1854 Stepha-

92 1871 162 1896 nus
181 1858 405 1909 Byzantinus
417 1890 428 1909 ‚
440 1860 675 1910 'quorumque
693 1873 750 1898 se-

94 1915 159 1953 des
198 1917 399 1954 accuratius
440 1917 660 1955 definiuntur
703 1917 749 1954 ab

94 1971 233 2010 Avieno
254 1972 320 2010 Or.
342 1974 508 2011 maritim.
527 1976 620 2015 200.
638 1973 750 2010 —In

96 2041 200 2078 seqq.
234 2030 368 2078 verba,
398 2042 493 2079 quae
524 2030 605 2067 libri
629 2030 752 2080 scripti

97 2098 222 2123 omnes
252 2088 410 2125 retinent
447 2083 550 2138 ῥέων
575 2083 648 2136 τήν
677 2088 752 2125 τοῦ

97 2157 132 2182 κ.
152 2155 182 2180 τ.
202 2143 248 2190 λ.,
288 2142 358 2194 ipsi
381 2156 529 2193 quoque
558 2144 752 2181 retinenda

98 2198 320 2247 censuimus,
375 2199 548 2249 neglectis
601 2200 752 2238 aliorum

99 2255 309 2294 coniecturis
320 2286 331 2305 ,
352 2257 414 2306 qui
431 2270 540 2295 voces
558 2256 750 2294 nonnullas

100 2312 179 2404 fine
201 2312 334 2352 idonea
361 2325 470 2352 causa
499 2313 659 2352 sublatas
687 2326 754 2352 vo-

116 2372 255 2406 uerunt.

159 2453 209 2506 τῇ
226 2446 387 2506 Ἰστρίην
407 2454 449 2495 οἴ
467 2454 682 2506 Μιλησίων
699 2453 755 2495 οἶ-

104 2504 238 2547 κέουσι
265 2506 449 2558 ἄποικοι]
491 2512 599 2551 Hanc
626 2512 755 2550 urbem

106 2563 167 2600 alii
194 2572 323 2605 vocant
348 2568 485 2616 Istros,
514 2569 573 2606 alii
592 2568 756 2619 Istropo-

106 2618 156 2656 lin
170 2649 180 2667 ‚
208 2624 248 2658 ut
268 2629 390 2662 monet
409 2624 580 2664 Larcher.
602 2625 639 2662 in
656 2626 753 2663 Tab.

110 2676 248 2725 Geogr.
272 2691 309 2729 p.
326 2682 410 2722 282
425 2694 502 2731 seq.
559 2681 756 2720 Meridiem

110 2744 233 2770 versus
255 2735 300 2772 ab
321 2737 414 2774 ostio
442 2750 544 2775 sacro
576 2739 645 2775 sita
678 2751 762 2777 esse

111 2788 239 2825 dicitur
257 2803 302 2828 eo
318 2791 397 2831 loco
407 2822 418 2841 ,
431 2807 505 2844 quo
524 2807 620 2832 nunc
632 2793 760 2832 Chius-

112 2846 220 2892 tange
240 2846 313 2885 sive
338 2853 379 2887 ut
397 2849 474 2888 aliis
494 2850 615 2902 placet
636 2850 760 2890 Kara-

113 2899 254 2939 hirmen.

982 1488 1094 1539 Cap.
1124 1484 1298 1527 xxxw.

870 1596 935 1643 ἐπ’
950 1597 1047 1642 ὅσον
1071 1596 1467 1652 μακρότατον-ἕξι-

814 1656 979 1711 κέσθαι]
1029 1661 1166 1699 Confer
1189 1671 1299 1711 supra
1326 1657 1380 1706 ΙΙ,
1416 1658 1470 1699 29

815 1716 894 1754 init.

872 1771 901 1824 ‘11‘
921 1769 963 1811 δὲ
983 1771 1253 1824 Αἴγυπτος-
1272 1766 1390 1820 α’ντίη
1411 1766 1474 1808 κε’-

820 1828 924 1880 εται]
950 1828 1173 1866 Maritimam
1192 1827 1353 1878 Aegypti
1372 1839 1474 1863 oram

818 1900 893 1924 non
910 1899 1057 1937 prorsus
1075 1885 1224 1922 Ciliciae
1237 1884 1473 1934 respondere,

819 1957 899 1981 cum
921 1956 1016 1980 nunc
1037 1942 1184 1992 quidem
1208 1943 1294 1978 satis
1319 1943 1475 1986 constet,

817 2001 855 2037 in
864 1999 1093 2037 Herodotum
1108 2029 1118 2047 ,
1132 2001 1193 2049 qui
1216 2000 1374 2049 graviter
1392 2000 1473 2036 fue-

817 2057 864 2094 rit
891 2056 1034 2107 lapsns,
1072 2057 1218 2095 minime
1250 2056 1475 2103 invehamur,

820 2113 886 2152 sed
912 2114 1054 2151 veniam
1084 2113 1134 2150 illi
1166 2114 1315 2160 demus,
1345 2112 1407 2161 qui
1438 2112 1476 2149 in

818 2170 1024 2208 huiusmodi
1045 2170 1153 2208 rebus
1173 2183 1217 2208 ea
1244 2182 1318 2206 non
1334 2168 1479 2215 viderit,

819 2239 914 2277 quae
951 2231 1027 2264 tam
1066 2227 1216 2265 remotis
1248 2225 1477 2276 temporibus

819 2285 879 2321 vix
904 2283 1033 2321 melius
1073 2284 1246 2332 cognosci
1278 2281 1477 2334 potuerint.

822 2341 932 2378 Conf.
954 2340 1109 2378 Rennel.
1133 2340 1155 2377 l.
1170 2340 1192 2377 l.
1214 2354 1250 2392 p.
1273 2338 1368 2381 455.
1398 2337 1481 2376 Nec

823 2397 929 2436 aliter
954 2397 1186 2435 iudicandum
1219 2397 1266 2434 de
1289 2407 1483 2445 compara-

823 2455 924 2492 tione
944 2466 1054 2503 quam
1074 2454 1169 2491 inter
1179 2452 1254 2491 Nili
1276 2456 1386 2502 atque
1396 2451 1482 2488 Istri

822 2524 964 2549 cursum
974 2510 1185 2549 Herodotus
1203 2509 1376 2555 instituit3
1388 2520 1484 2557 quae

823 2571 1001 2618 quantum
1023 2580 1044 2605 a
1061 2580 1148 2605 vero
1168 2567 1374 2613 abhorreat,
1387 2577 1483 2602 nunc

823 2637 932 2662 nemo
951 2625 1029 2662 fere
1053 2624 1180 2662 nescit.
1238 2623 1349 2661 Conf.
1368 2621 1485 2659 Dahl-
1528 2619 1539 2627 ”

823 2693 946 2719 mann.
972 2680 995 2718 l.
1014 2680 1038 2718 l.
1057 2693 1144 2731 pag.
1167 2682 1234 2722 87.
1293 2679 1376 2723 Quo
1397 2690 1484 2726 gra-

827 2738 905 2775 vius
934 2737 1022 2774 illud
1053 2742 1129 2785 est,
1159 2736 1260 2786 quod
1283 2735 1374 2773 haec
1401 2735 1484 2784 ipsa

828 2793 1011 2831 Herodoti
1031 2794 1143 2832 verba
1166 2793 1286 2831 alieno
1308 2792 1377 2829 hoc
1402 2789 1483 2827 loco

828 2849 920 2899 legi,
952 2850 991 2887 in
1010 2853 1180 2900 quartum
1197 2848 1331 2887 scilicet
1353 2846 1483 2884 librum

827 2907 1045 2955 reiicienda,
1074 2906 1161 2944 olim
1183 2905 1266 2956 quis
1281 2904 1483 2955 suspicatus
