1759 3324
354 236 440 278 56⁰

326 342 521 388 ὅλὲουσι.
579 347 752 400 φυρῶσι
779 344 828 388 τό
860 345 940 401 μὲν
967 347 1086 395 σταῖς
1120 346 1235 387 τοῖσι
1269 342 1395 387 ποσί·

747 231 1219 275 HERODOTI

1455 341 1536 386 τόν
1569 342 1617 386 δὲ

353 422 496 480 πηλὸν
523 427 622 480 τῇσι
650 425 790 479 χερσὶ,
825 425 897 467 καὶ
925 424 1004 479 τὴν
1033 421 1202 478 κόπρον
1232 420 1521 475 ἀναιρέονται.
1564 422 1620 466 τὰ

355 504 502 547 αἰδοῖα
531 498 661 546 ὧλλοι
690 502 769 557 μὲν
799 503 900 546 ἐῶσι
931 502 989 554 ὦς
1017 502 1241 558 ἐγένοντο,
1271 501 1386 558 πλήν
1406 499 1505 545 ὅσοι
1524 499 1645 545 οἷπὸὄ

326 581 526 626 6τούτων
555 581 742 634 ἔμαθον·
773 579 1008 638 Αἰγύπτιοι
1039 581 1084 624 δὲ
1113 579 1463 637 περιτάμνονται.
1497 583 1617 638 εἵμα-

354 677 429 711 τα,
459 664 547 702 τῶν
575 659 653 714 μὲν
682 658 857 713 ἀνδρῶν
887 660 1066 711 ἕκαστος
1095 660 1176 715 ἔχει
1207 660 1308 704 δύο·
1348 664 1435 703 τῶν
1465 660 1511 704 δὲ
1538 677 1618 716 yv-

326 742 524 783 7ναικῶν
556 739 606 781 ἓν
645 735 812 793 ἑκάστη.
869 743 957 781 τῶν
998 740 1146 782 ἱστίων
1184 738 1288 789 τούς
1325 741 1506 794 κρίκους
1543 738 1619 783 καὶ

355 816 540 869 κάλους,
573 817 617 859 οἵ
645 815 724 873 μὲν
749 815 874 860 ἄλλοι
892 817 1052 870 ἔξωθεν
1069 815 1357 872 προσδέουσι·
1387 817 1619 873 Αἰγύπτιοι

327 895 432 948 8δὲ,
461 896 639 939 ἔσωθεν.
667 895 900 953 γράμματα
925 895 1148 953 γράφουσι
1175 896 1249 939 καὶ
1269 896 1514 951 λογίζονται
1532 895 1618 954 ψή-

299 1080 356 1128 Π,
389 1083 444 1121 77
473 1083 719 1119 memorantur
754 1093 870 1132 panes
912 1094 956 1120 ex

302 1137 402 1188 olyra
423 1138 598 1185 confecti,
628 1151 720 1187 quos
744 1139 854 1188 vulgo
883 1139 957 1187 cyl-

299 1193 398 1232 Iestis
411 1193 583 1244 Aegyptii
601 1194 797 1245 appellant.
818 1195 956 1233 Nostro

300 1250 380 1288 loco
401 1250 509 1287 Italus
530 1251 708 1301 interpres
722 1252 871 1303 copiosa
881 1253 955 1289 dis-

299 1307 488 1358 putatione
507 1303 652 1356 ὅλυραν
672 1309 857 1346 contendit
874 1321 955 1346 esse

301 1363 463 1401 hordeum
481 1362 689 1408 distz'clzum5
715 1364 824 1401 Gallo
845 1365 957 1401 inter-

299 1420 395 1471 preti
418 1419 522 1457 Miot.
551 1419 691 1457 videtur
711 1433 793 1459 esse
815 1420 954 1469 Sorglzo

302 1490 331 1514 s.
347 1476 480 1513 Holcus
496 1476 659 1525 sorglmm
669 1475 790 1525 Linn.,
807 1490 879 1527 quo
889 1478 956 1514 ho-

301 1534 434 1582 dieque
449 1533 603 1570 maxime
614 1536 761 1569 utantur
771 1534 955 1584 Aegyptii,

301 1594 472 1627 vocantes
494 1587 640 1626 Dourah
660 1589 803 1640 belady,
821 1590 859 1626 id
879 1595 954 1628 est:

301 1645 448 1684 Dourah
476 1645 696 1694 indigenam,
733 1659 805 1695 quo
826 1646 955 1683 distin-

301 1708 434 1751 guatur
459 1715 480 1739 a
498 1701 647 1739 Douralz
672 1702 799 1753 cluimy
823 1702 847 1740 i.
871 1715 902 1741 e.
931 1714 954 1740 a

301 1759 449 1797 Dourak
467 1762 618 1796 externo.

359 1817 517 1868 φυρῶσι
544 1811 586 1854 τὸ
619 1812 692 1866 μὲν
724 1817 832 1861 σταῖς
850 1817 953 1854 τοῖσι

301 1872 396 1912 ποσί
415 1888 448 1911 κ.
467 1887 498 1910 τ.
520 1869 568 1922 λ.]
599 1872 802 1909 Confirmat
819 1871 952 1908 Strabo

300 1928 407 1966 XVII
431 1943 468 1980 p.
493 1930 622 1975 1179,
642 1928 674 1965 C
705 1941 733 1964 s,
753 1939 839 1977 pag.
858 1930 954 1975 823,

303 1985 404 2034 quod
440 1984 652 2022 Herodotus
691 1983 827 2021 retulit:
868 1997 956 2034 pro-

301 2042 419 2091 prium
439 2040 534 2078 enim
561 2053 642 2077 esse
667 2039 878 2089 Aegyptiis:
908 2035 953 2078 τό

302 2093 375 2147 μὲν
402 2092 528 2146 πηλὸν
555 2099 640 2142 ταῖς
670 2095 776 2146 χερσὶ
805 2097 952 2145 φυρᾶν,

301 2149 347 2191 τό
378 2149 420 2191 δὲ
446 2150 559 2202 στέαρ
588 2148 632 2190 ro*
663 2151 718 2197 εἰς
743 2147 816 2201 τήν
835 2147 953 2202 α’ρτο·

301 2209 442 2248 ποιΐαν
461 2211 543 2253 τοῖς
561 2207 667 2246 ποσί.
727 2207 867 2250 Quibus
887 2208 954 2244 ad-

303 2265 357 2302 dit
380 2263 599 2313 VVesseling.
615 2263 795 2312 Anonym.
813 2263 850 2300 in
880 2263 953 2312 Py-

302 2321 403 2370 thag.
428 2320 556 2369 reliqq.
581 2332 666 2369 pag.
685 2321 768 2360 714
791 2320 847 2356 ed.
869 2319 950 2356 Gal.

301 2376 432 2414 Monet
460 2381 580 2413 autem
609 2375 670 2413 Cr.
699 2376 879 2424 hodieque
902 2376 953 2413 sic

301 2433 431 2471 fieriin
442 2432 631 2482 AegyptO,
660 2432 810 2469 testibus
832 2431 951 2468 Gallis

302 2489 417 2527 doctis
446 2488 484 2525 in
511 2488 694 2538 Descript.
723 2488 770 2526 de
791 2487 953 2538 l’Egypt.

300 2545 372 2582 vol.
389 2544 423 2581 II
442 2557 529 2594 pag.
549 2545 655 2586 3863
683 2544 780 2581 idem
796 2543 951 2581 laudans

301 2600 521 2639 Hamacker.
540 2600 578 2637 in
593 2598 710 2637 Lectt.
730 2599 950 2637 Philostratt.

302 2670 390 2708 pag.
425 2658 452 2699 5
481 2669 608 2706 seqq.‚
654 2656 716 2705 qui
746 2660 889 2703 tamen,
921 2656 950 2693 si

302 2709 431 2764 πηλόν
465 2712 616 2761 intelligi
647 2711 722 2749 vult
749 2714 888 2759 vinum,
928 2724 951 2749 a

303 2769 374 2808 loci
398 2769 576 2807 sententia
606 2767 794 2806 aberrasse
818 2773 950 2818 putan-

303 2827 372 2864 dus
405 2830 472 2863 est.
530 2824 668 2862 Confer
693 2825 741 2863 de
766 2824 834 2863 hac
862 2837 951 2863 voce

301 2886 394 2920 nott.
411 2882 460 2919 ad
479 2880 532 2929 ΙΙ,
552 2880 619 2922 85.

1079 1077 1293 1134 Αἰγύπτιοι
1331 1077 1374 1121 δὲ
1414 1075 1675 1133 περιτάμνον-

1024 1137 1109 1189 ται]
1168 1138 1371 1176 Confirmat
1403 1138 1502 1175 idem
1539 1138 1674 1175 Strabo

1023 1195 1128 1233 XVII
1160 1207 1245 1246 pag.
1272 1196 1398 1242 1180,
1416 1193 1449 1231 A
1473 1207 1502 1231 s.
1518 1207 1556 1244 p.
1578 1194 1672 1236 824.

1023 1252 1133 1290 Plura
1156 1252 1203 1289 de
1231 1250 1497 1289 circumcisione
1513 1251 1674 1289 invenies

1021 1313 1114 1346 nott.
1136 1308 1183 1344 ad
1209 1307 1262 1355 II,
1286 1309 1352 1349 37·
1375 1309 1467 1348 104.
1508 1306 1573 1344 Cr.
1594 1307 1630 1344 h.
1648 1307 1671 1345 l.

1023 1364 1194 1402 amandat
1211 1365 1258 1400 ad
1268 1363 1408 1400 Vonck.
1428 1363 1574 1414 specim.
1595 1364 1672 1401 crit.

1022 1434 1107 1472 pag.
1129 1421 1181 1461 55
1201 1420 1256 1467 (in
1272 1419 1442 1470 Append.
1462 1432 1541 1470 cap.
1562 1418 1606 1468 1)
1637 1424 1674 1457 et

1022 1477 1197 1514 Huetium
1216 1477 1264 1514 ad
1281 1477 1434 1526 Origen.
1448 1475 1518 1513 vol.
1536 1475 1553 1512 I
1569 1489 1606 1528 p.
1619 1477 1671 1517 16

1023 1534 1080 1572 ed.
1097 1533 1228 1570 Ruaei.

1080 1589 1236 1640 εἵματα,
1266 1589 1348 1627 τῶν
1366 1584 1438 1639 μὲν
1458 1582 1619 1637 ἅνδροῖν
1636 1602 1672 1626 κ.

1022 1661 1053 1685 τ.
1076 1645 1125 1696 λ.]
1157 1646 1265 1683 Conf.
1293 1644 1346 1691 Il,
1368 1646 1434 1685 81.
1493 1645 1674 1694 Compro-

1021 1703 1153 1739 bantur
1180 1701 1270 1739 haec
1290 1700 1546 1751 ijphodori
1570 1700 1674 1738 testi-

1019 1759 1141 1797 monio
1171 1770 1230 1808 ap.
1261 1756 1383 1794 Schol.
1417 1757 1465 1794 ad
1500 1755 1673 1808 Sophocl.

1021 1816 1154 1866 Oedip.
1179 1813 1310 1851 Colon.
1336 1814 1440 1860 331,
1478 1813 1539 1850 ubi
1563 1813 1676 1850 Seso-

1019 1872 1102 1909 stris
1143 1883 1282 1908 morem
1317 1869 1561 1908 introduxisse
1587 1881 1674 1907 nar-

1022 1932 1135 1965 ratur.

1077 1978 1287 2035 γράμματα
1306 1978 1507 2035 γράφουσι
1526 1996 1563 2021 κ.
1578 1995 1610 2020 τ.
1622 1982 1672 2028 λ.]

1022 2039 1139 2089 „Dici
1167 2053 1242 2077 non
1263 2044 1408 2091 potest,
1438 2051 1527 2089 quas
1547 2038 1672 2076 turbas

1022 2096 1167 2134 dederit
1182 2096 1280 2133 locus
1298 2096 1550 2142 Herodoteus,
1579 2106 1671 2144 quas

1020 2153 1117 2190 idem
1147 2152 1331 2190 molestias
1363 2150 1564 2189 exhibuerit
1583 2150 1669 2188 viris

1019 2209 1157 2256 doctis,
1187 2209 1249 2257 qui
1272 2208 1358 2245 inde
1387 2219 1409 2244 a
1434 2206 1568 2244 renatis
1590 2205 1672 2244 lite-

1018 2265 1066 2301 ris
1095 2264 1132 2301 in
1163 2264 1256 2301 hanc
1287 2276 1364 2301 rem
1397 2262 1670 2312 inquisiverunt.

1018 2320 1116 2358 Nam
1134 2320 1288 2370 primum
1308 2319 1376 2356 hoc
1395 2319 1602 2357 testimonio
1614 2319 1672 2357 usi

1020 2376 1161 2422 santii,
1181 2376 1242 2425 qui
1257 2376 1509 2413 Hebraeorum
1529 2387 1669 2413 sermo-

1018 2445 1103 2470 nem
1142 2432 1445 2482 scriptionemque
1474 2436 1671 2480 cognatum

1017 2489 1127 2526 fuisse
1154 2488 1418 2525 contenderunt
1443 2501 1522 2525 cum
1546 2487 1672 2537 Aegy-

1021 2544 1178 2595 ptiorum
1201 2557 1366 2581 sermone
1389 2556 1431 2581 ac
1459 2544 1669 2594 scriptione,

1019 2601 1148 2649 quibus
1165 2600 1223 2636 alii
1239 2599 1505 2649 obloquuntur,
1533 2601 1595 2649 qui
1613 2600 1671 2638 di-

1016 2669 1159 2693 versum
1185 2656 1296 2694 fuisse
1322 2655 1458 2692 volunt.
1524 2655 1670 2694 Deinde

1018 2711 1076 2749 alii
1105 2711 1284 2762 duplicem
1315 2712 1527 2763 scripturam
1548 2711 1672 2762 Aegy-

1016 2769 1171 2819 ptiacam
1239 2773 1399 2806 veterem
1453 2772 1670 2817 agnoscunt,

1015 2823 1183 2861 commoti
1211 2824 1291 2875 ipsa
1319 2825 1533 2862 auctoritate
1556 2824 1670 2874 patris

1017 2879 1208 2928 historiae,
1237 2885 1278 2918 ut
1303 2881 1365 2931 qui
1392 2880 1598 2929 vigentibus
1628 2879 1671 2917 li-
