1759 3324
530 268 952 310 EUTERPE.
1015 268 1057 304 11.

1343 269 1425 307 831

172 385 218 428 ἐν
246 384 331 441 γάρ
361 381 468 437 μέσῃ
498 382 552 436 τῇ
581 379 710 433 λίμνῃ
740 374 924 431 μάλιστά
961 392 1015 430 κη
1052 375 1196 418 ἑστᾶσι
1235 373 1317 418 δύο
1347 383 1483 418 etv-55

172 465 366 517 ραμίδες,
413 462 493 501 τοῦ
529 456 689 505 ὕδατος
727 453 1014 510 ὑπερέχουσαι
1052 453 1321 509 πεντήκοντα
1352 452 1426 508 ὄρ-

170 541 295 597 γυιάς
325 537 524 592 ἑκατέρη,
555 537 625 578 καὶ
656 535 704 577 τὸ
733 532 823 576 κατ’
851 533 1010 584 ὕδατος
1032 531 1314 589 οἰκοδόμηται
1339 533 1426 575 ἔτε-

169 635 250 674 ρον
277 620 485 660 τοσοῦτο·
533 615 602 657 καὶ
638 612 703 657 ἐπ’
737 611 1006 670 ἀμφοτέρῃσι
1036 613 1175 656 ἔπεστι
1214 612 1428 662 κολοσσός

140 699 358 747 4λίθινος,
389 694 630 751 κατήμενος
658 693 704 736 έν
732 692 897 749 θρόνῳ.

957 691 1071 735 οὕτω
1104 693 1149 734 αἱ
1177 692 1255 746 μὲν
1283 707 1427 746 πυρα-

167 778 286 831 μίδες
317 775 395 817 εἰσὶ
426 773 581 817 ἑκατὸν
613 770 850 828 ὀργυιέων,
899 773 943 815 αἷ
983 770 1023 815 δ’
1058 770 1212 815 ἑκατὸν
1254 769 1428 825 ὀργυιαὶ

164 856 329 899 δίκαιαί
360 856 438 897 εἰσι
471 852 649 896 στάδιον
680 853 961 903 ἑξάπλεθρον·
1005 850 1214 903 ἑξαπέδου
1247 850 1325 905 μὲν
1354 853 1483 906 τῆς63

166 933 346 990 ὀργυιῆς
375 931 680 988 μετρεομένης,
720 931 793 974 καὶ
824 929 1129 985 τετραπήχεος·
1161 934 1249 972 τῶν
1279 932 1428 972 ποδῶν

167 1013 246 1069 μὲν
276 1012 654 1067 τετραπαλαίστων
685 1008 872 1063 ἐόντων,
921 1013 1001 1052 τοῦ
1035 1009 1081 1053 δὲ
1111 1008 1289 1065 πήχεος,
1332 1009 1425 1061 ἑξα-

109 1246 189 1270 611111
208 1231 282 1268 Nili
302 1243 397 1279 aqua
417 1243 445 1267 5.
462 1242 541 1266 cum
562 1229 662 1265 Bahr
679 1227 761 1266 bela

110 1290 168 1326 ma
206 1287 468 1336 (,‚Herodot's
506 1286 661 1334 Angabe
696 1284 762 1333 gilt

109 1358 178 1382 nur
198 1357 268 1381 von
286 1344 418 1380 (1655611
441 1365 497 1370 ——
515 1343 579 1379 des
598 1343 686 1379 Sees
706 1363 761 1368 ——

109 1401 276 1439 iistlicher
322 1399 637 1436 Communication
697 1397 762 1434 mit

109 1459 191 1495 dem
213 1456 431 1502 Nilwasser,
451 1455 603 1491 namlich
623 1455 762 1491 diesem

109 1514 207 1551 Bahr
224 1513 305 1551 bela
328 1513 461 1559 ma“).
522 1511 629 1548 Conf.
653 1511 763 1548 etiam

109 1570 293 1607 Mannert.
326 1570 348 1606 l.
370 1569 391 1605 l.
418 1581 502 1619 pag.
523 1567 607 1609 423
637 1571 673 1605 et
701 1567 762 1604 Io-

109 1628 224 1664 mard.
248 1626 271 1663 l.
292 1626 315 1662 l.
337 1639 423 1675 pag.
443 1627 495 1666 97
518 1637 620 1674 seqq.

167 1709 302 1750 ἑστᾶσι
324 1704 398 1748 δύο
417 1705 652 1758 πυραμίδες]
683 1707 762 1744 Ha-

110 1781 189 1804 rum
231 1767 459 1816 pyramidum
489 1764 625 1801 nullum
668 1777 763 1800 nunc

108 1824 301 1872 vestigium
324 1834 513 1871 superesse
536 1825 689 1858 testatur
707 1820 764 1856 10-

110 1880 223 1917 mard.
244 1879 266 1915 l.
282 1871 409 1928 lspag.
425 1880 490 1924 98,
513 1877 573 1913 ubi
592 1878 664 1913 vid.
691 1875 763 1913 Ac-

110 1936 208 1973 cedit
225 1935 461 1972 recentissimi
479 1933 762 1983 peregrinatoris

111 1992 382 2037 testimonium,
420 1991 481 2039 qui
509 1990 545 2026 in
571 1989 685 2026 insula
717 1989 762 2025 El

110 2048 236 2093 Horn,
267 2060 361 2096 quae
380 2047 501 2084 medio
522 2047 556 2082 in
573 2045 652 2082 lacu
668 2059 764 2083 nunc

111 2104 349 2154 conspicitur,
380 2104 514 2139 frustra
534 2103 763 2152 pyramidum

110 2161 262 2209 vestigia
282 2174 321 2198 se
348 2159 567 2209 quaesivisse
595 2163 762 2196 testatur.

110 2217 192 2254 Vid.
213 2216 259 2254 L.
283 2217 329 2254 de
349 2216 522 2254 Laborde
540 2215 561 2251 l.
580 2215 602 2251 l.
635 2229 672 2266 p.
697 2217 761 2256 69.

170 2296 260 2340 αἵδ’
275 2297 414 2339 ἑκατόν
438 2294 593 2351 ὀργυιαὶ
613 2297 765 2337 δίκαιαί

115 2355 189 2395 εἶσι
215 2353 376 2396 στάδιον
400 2352 671 2407 ἑξάπλεθρον]
704 2355 764 2391 111-

116 2417 334 2463 terpretatur
355 2413 555 2462 Schweigh.
587 2413 642 2460 (in
662 2412 762 2449 lexic.

113 2468 291 2517 Herod.):
322 2474 455 2507 centum
483 2472 598 2506 iustae
621 2470 765 2518 orgyiae

114 2528 195 2561 sunt
229 2526 381 2563 stadium
424 2539 485 2562 sex
520 2527 654 2574 ingeris
683 2538 764 2561 con-

113 2583 230 2625 stans;
249 2595 276 2619 s.
297 2587 430 2619 centum
451 2584 595 2632 orgyz'ae
612 2585 764 2632 aequant

115 2636 267 2682 (exacte
293 2639 479 2688 efficiunt)
520 2638 673 2675 stadium
704 2651 764 2674 sex

114 2693 238 2740 iugera
271 2697 453 2731 continens.
511 2694 633 2744 Atque
666 2694 763 2731 haud

115 2748 188 2785 scio
208 2761 253 2786 an
277 2749 345 2787 huc
375 2755 512 2801 spectet
540 2751 763 2799 grammatici

116 2805 245 2840 veteris
265 2805 406 2853 glossa,
430 2807 502 2855 qua
522 2807 678 2846 δίκαιον
697 2804 763 2857 μέ-

116 2873 209 2909 τρον
237 2863 332 2910 apud
350 2862 577 2899 Herodotum
597 2864 642 2899 sit
664 2864 760 2900 idem

116 2919 225 2964 atque
254 2914 296 2955 zo*
316 2916 416 2956 ἴσον.
472 2919 580 2955 Cous.
600 2919 760 2956 Bekker.

829 1226 1018 1265 anecdd.I
1050 1239 1136 1276 pag.
1171 1230 1238 1268 90.
1296 1227 1483 1264 Iomardus

829 1285 964 1329 (deser.
993 1284 1039 1320 de
1067 1284 1159 1332 l’Eg.
1191 1287 1262 1320 ant.
1295 1283 1332 1329 l,
1363 1285 1388 1324 3
1408 1284 1483 1321 livr.

829 1354 913 1391 pag.
926 1342 1006 1380 670
1027 1341 1122 1387 not.)
1145 1340 1192 1377 de
1214 1353 1280 1375 usu
1301 1341 1401 1377 vocis
1426 1341 1483 1378 δί-

830 1411 942 1442 καιος
956 1396 992 1432 111
1016 1396 1112 1433 111566
1143 1397 1194 1432 ita
1225 1397 1370 1433 statuit:
1402 1410 1484 1444 „en

829 1454 979 1502 Egypte
999 1452 1021 1488 il
1042 1454 1162 1502 paroit
1193 1452 1303 1501 qu'on
1323 1453 1484 1503 appeloit

825 1511 924 1557 juste
944 1509 976 1546 le
997 1510 1123 1556 stade,
1146 1509 1209 1558 qui
1238 1509 1405 1546 re'sultoit
1437 1510 1485 1546 de

830 1567 865 1604 la
902 1578 1044 1603 mesure
1075 1566 1124 1602 du
1161 1566 1274 1614 degre'
1315 1566 1406 1602 dans
1443 1579 1484 1602 ce

830 1623 970 1674 pays.“
1035 1622 1249 1659 Herodoteo
1289 1622 1367 1658 loco
1406 1623 1484 1660 iure

830 1681 941 1716 utitur
952 1678 1091 1715 Wurm.
1112 1679 1158 1716 de
1177 1678 1316 1727 pondd.
1329 1679 1484 1725 Graece,

832 1740 869 1774 et
885 1736 1029 1772 Romm.
1051 1748 1136 1784 pag.
1157 1738 1222 1775 91.
1271 1735 1368 1771 Hinc
1388 1736 1483 1772 enim

831 1796 963 1842 patet,
1017 1792 1176 1828 stadium
1215 1795 1383 1827 constare
1421 1803 1484 1828 sex

830 1848 1003 1899 plethris,
1035 1860 1128 1896 quae
1158 1851 1303 1884 centum
1335 1848 1482 1896 orgyias
1510 1861 1513 1865 ·

832 1909 869 1942 et
913 1908 1101 1941 sexcentos
1144 1904 1259 1954 pedes
1297 1907 1482 1952 aequant3

830 1973 914 1997 nam
946 1960 1125 2010 plethrum
1164 1965 1306 1997 centum
1339 1964 1483 1997 constat

830 2018 1016 2068 pedibus,
1061 2017 1189 2066 orgyia
1227 2029 1289 2054 sex
1325 2017 1482 2067 pedibus

831 2074 906 2111 sive
938 2077 1096 2122 quatuor
1129 2073 1284 2119 cubitis3
1330 2074 1481 2119 cubitus,

830 2130 891 2179 qui
931 2143 1040 2166 unum
1080 2130 1212 2179 pedem
1263 2129 1483 2178 alteriusque

832 2186 1016 2223 dimidium
1037 2187 1218 2234 continet,
1241 2199 1303 2223 sex
1318 2199 1483 2236 compre-

832 2243 958 2280 hendit
977 2242 1199 2292 palaestras,
1221 2255 1373 2292 quarum
1393 2255 1483 2291 qua-

831 2303 909 2336 tuor
934 2312 1043 2335 unum
1074 2300 1207 2349 pedem
1248 2301 1481 2336 constituunt.

833 2356 941 2392 Conf.
969 2356 1078 2392 etiam
1101 2357 1244 2392 Herod.
1266 2355 1322 2403 II,
1345 2357 1422 2396 168
1445 2359 1483 2392 61

830 2411 1048 2449 Dahlmann.
1081 2413 1117 2448 in
1146 2413 1288 2449 Herod.
1322 2425 1407 2462 pag.
1428 2413 1482 2453 93

831 2488 886 2495 —-
905 2468 979 2515 95,
1017 2469 1079 2517 qui
1105 2468 1173 2505 hoc
1207 2469 1300 2505 bene
1332 2481 1482 2505 monere

831 2525 994 2571 videtur,
1032 2525 1265 2561 Herodotum
1296 2538 1370 2561 non
1401 2524 1480 2560 aliis

832 2580 901 2618 alio
921 2581 999 2617 loco
1020 2582 1071 2616 uti
1089 2582 1287 2627 mensuris,
1301 2581 1367 2617 sed
1386 2594 1480 2618 sem-

831 2650 898 2687 per
917 2637 1058 2674 iisdem.
1117 2636 1213 2673 Add.
1243 2637 1396 2673 Iomard.
1417 2638 1482 2674 de-

832 2694 954 2743 script.
986 2694 1033 2730 de
1060 2693 1153 2742 l’Eg.
1179 2697 1253 2730 ant.
1285 2693 1323 2740 I,
1355 2695 1381 2733 3
1403 2692 1480 2730 livr.

830 2763 916 2799 pag.
939 2752 1020 2791 613
1051 2762 1154 2798 seqq.
1192 2749 1268 2786 coll.
1291 2751 1373 2790 683
1403 2762 1479 2798 seq.

829 2806 913 2846 634
945 2818 1048 2854 seqq.
1115 2806 1243 2854 ltaque
1279 2818 1354 2842 non
1392 2809 1480 2850 erat,

830 2876 895 2899 cur
915 2866 1041 2898 nostro
1059 2862 1095 2898 in
1112 2861 1192 2899 loco
1211 2861 1481 2899 1136161612οὲ-

829 2930 877 2967 ga
896 2919 944 2956 (16
963 2917 1127 2955 obelisce.
1155 2931 1192 2968 p.
1219 2917 1298 2959 148
1318 2920 1392 2954 not.
1417 2919 1479 2956 12.
