1768 3315
371 266 455 305 224
761 260 1238 301 HERODOTI

240 374 308 420 88
1042 374 1193 426 Κῦρος
1234 371 1281 415 δὲ
1320 369 1456 415 αὐτὸν
1494 367 1628 421 λύσας

36 439 155 467 Colitur
182 438 313 467 Croesus

35 473 157 508 acym
174 472 292 512 5512qu
296 480 313 499 e.
369 449 514 496 κάτισέ
543 465 588 492 τε
617 448 745 506 ἐγγύς
776 449 962 503 ἑωυτοῦ,
1006 452 1080 494 καὶ
1108 467 1247 505 καρτα
1275 450 1324 493 ἐν
1351 453 1491 506 πολλῇ
1519 464 1628 504 προ-

35 507 144 534 bonum
170 516 198 534 en
217 506 312 535 cousi—

35 539 108 569 lium
126 540 189 571 dat.

471 370 521 414 ‘0
559 370 639 425 μὲν
676 373 812 414 ταῦτα
851 370 975 427 ἔλεγε.

367 530 505 587 μηθίῃ
550 525 656 584 εἶχε,
694 526 979 585 ἆπεθώυμαζέ
1016 546 1062 573 τε
1101 527 1242 585 ὁρέων
1269 530 1342 574 καὶ
1374 527 1523 580 αὐτὸς,
1555 528 1684 572 καὶ25

364 607 534 662 οἱπερὶ
566 607 736 651 ἐκεῖνον
777 606 920 660 ἐόντες
949 606 1116 660 πάντες.
1176 609 1199 653 ὁ
1232 609 1277 653 δὲ
1318 609 1501 666 συννοίῃ
1541 605 1629 663 ἐχό-

337 695 527 744 Ξμενος,
584 685 746 743 ἥσυχος
787 683 855 743 ἦν.
913 687 1018 743 μετὰ
1055 689 1120 740 δὲ,
1166 687 1445 744 ἐπιστραφείς
1483 703 1526 731 τε
1555 687 1630 730 καὶ

367 765 567 822 ἰδόμενος
607 765 712 817 τούς
742 765 912 820 Πέρσας
941 765 988 809 τὸ
1031 771 1119 810 τῶν
1158 769 1318 810 Λυδῶν
1350 766 1457 810 ἄστυ
1487 768 1630 821 κεραΐ*

365 850 539 900 ζοντας,
571 842 683 888 εἶπε·
733 840 815 896 »Ὧι
845 848 1046 901 βασιλεῦ,
1076 845 1256 899 κότερον
1286 844 1423 901 λέγειν
1451 845 1559 900 πρὸς
1583 845 1629 889 σὲ

364 925 452 978 »τὰ
481 924 620 968 νοέων
649 923 873 980 τυγχάνω,
901 922 932 980 ἢ
961 928 1090 980 σιγᾶν
1110 924 1156 967 ἐν
1184 928 1244 979 τῷ
1273 923 1478 978 παρεόντι
1494 922 1575 978 χρή
1588 928 1629 973 ;“

339 1008 523 1060 3Κῦρος
561 1004 606 1047 δέ
635 1021 711 1059 μιν
741 1003 988 1057 θαρσέοντα
1028 1002 1193 1046 ἐκέλευε
1222 1001 1360 1058 λέγειν
1401 1001 1427 1045 ὅ
1455 1019 1496 1046 τι
1525 1000 1688 1058 βού-ΒΟ

366 1089 503 1128 λοιτο.
562 1081 586 1126 ὁ
619 1082 664 1126 δὲ
695 1082 830 1126 αὐτὸν
860 1080 1039 1136 εἰρώτα,
1069 1081 1227 1137 λέγων·
1265 1077 1441 1134 »Οὗτος
1471 1081 1495 1125 ὁ
1526 1085 1630 1125 πολ·

366 1161 480 1216 ,,λός
523 1162 672 1217 ὅμιλος
708 1162 750 1204 τί
790 1165 926 1204 ταῦτα
965 1163 1135 1219 σπουδῇ
1175 1165 1314 1219 πολλῇ
1351 1160 1630 1217 ἐργάζεται;“

359 1242 411 1286 Ὁ
439 1241 485 1285 δὲ
515 1238 625 1284 εἷπε·
657 1273 680 1292 ,,
694 1240 834 1284 Πόλιν
863 1257 907 1283 τε
935 1239 1016 1297 τήν
1053 1240 1135 1296 σήν
1163 1240 1409 1296 διαρπάζει,
1441 1240 1514 1283 καὶ
1532 1240 1630 1296 χρή-

338 1323 521 1377 4,,ματα
554 1318 608 1362 τὰ
648 1320 703 1362 σὰ
751 1318 1016 1376 διαφορέει.“
1073 1322 1268 1374 Κροῖσος
1317 1320 1363 1364 δὲ
1406 1317 1626 1376 ἀμείβετο·

366 1432 393 1452 ,,
406 1398 516 1443 Οὔτε
543 1398 672 1444 πόλιν
700 1398 781 1457 τήν
810 1397 937 1456 ἐμὴν,
967 1396 1068 1442 οὔτε
1096 1397 1294 1455 χρήματα
1321 1399 1373 1442 τὰ
1405 1397 1486 1456 ἐμοὶ
1510 1401 1685 1454 διαρ-35

451 1596 561 1647 Cap.
591 1593 836 1633 Lxxxvm.

363 1671 498 1716 κάτισέ
517 1690 557 1714 τε
579 1670 693 1726 ἐγγῦς
714 1671 878 1724 ἑωυτοῦ]
896 1673 918 1710 i.
931 1686 963 1711 e.

302 1746 409 1783 prope
429 1745 463 1769 se
485 1744 558 1769 eum
580 1731 739 1768 adsidere
757 1732 871 1767 iussit.
882 1728 964 1768 Me-

308 1790 433 1827 diceus
458 1789 549 1826 liber
568 1790 731 1826 κατεῖσε.

362 1840 626 1894 ἅπεθῶυμαζέ
644 1858 684 1882 τε
707 1841 858 1894 ὁρέων]
881 1842 964 1880 Ho-

303 1902 394 1940 meri
414 1915 457 1940 ex
475 1915 543 1938 usu
564 1901 654 1938 haec
668 1901 817 1937 fluxisse
837 1903 961 1936 monet

303 1958 527 2007 Wesseling.
538 1969 754 2009 comparans
768 1955 809 1993 Il.
823 1955 961 2003 XXIV,

368 2069 534 2124 συννοίῃ
557 2063 767 2120 ἐχόμενος]
797 2068 820 2105 i.
844 2081 875 2105 e.
906 2081 963 2104 co-

309 2126 548 2175 gitabundus,
574 2126 766 2163 obstrietus
786 2124 890 2173 quasi
902 2137 963 2161 co-

314 2183 491 2232 gitatione
511 2195 553 2219 ac
571 2195 732 2232 pressus.
790 2182 913 2230 Supra
932 2180 961 2227 I,

308 2241 364 2281 35
395 2241 585 2304 συμφορῇ
604 2233 796 2289 ἐχόιιενος.
828 2236 957 2283 1,141

308 2291 411 2361 ω’ργῇ
443 2290 636 2346 ἐχόμενος.
665 2294 736 2340 ΙΙΙ,
761 2295 815 2334 50
842 2294 963 2345 θυμῷ

307 2348 505 2402 ἐχόμενος.
543 2350 639 2387 Alibi
661 2349 825 2387 adiunxit
839 2349 961 2385 datixo

310 2407 620 2475 praepositionem
640 2405 704 2453 ἐν,
733 2409 773 2442 ut
798 2404 861 2451 IV,
882 2406 960 2445 131

309 2464 354 2504 ἐν
379 2459 568 2517 απορίῃσι
595 2461 737 2513 εἴχετο,
779 2460 856 2508 IX,
896 2462 962 2502 98.

309 2519 390 2558 Alia
406 2533 501 2556 nunc
521 2519 659 2556 omitto.

368 2572 616 2625 ἰδόμενος
636 2570 731 2621 τοὺς
750 2571 908 2624 Πέρσας
925 2586 960 2611 κ.

305 2647 338 2671 τ.
359 2634 409 2678 λ.]
442 2630 633 2694 Excerpsit
656 2631 746 2668 haec
772 2630 960 2667 Diodorus

305 2688 475 2726 Siculus
466 2700 503 2723 111
526 2686 710 2736 Excerptt.
733 2684 769 2736 ᾗ.
791 2687 845 2726 30
866 2684 913 2722 T.
926 2684 961 2721 Π

304 2759 342 2797 p
356 2747 409 2786 26
431 2743 567 2793 scriptt.
587 2755 668 2778 nov⁸
693 2741 770 2778 coll.
796 2742 854 2778 ed.
866 2740 953 2777 Mai.

306 2823 363 2830 --
382 2796 562 2851 ἰδόμενος
582 2811 626 2835 ex
654 2797 723 2834 hoc
749 2797 828 2834 loco
863 2801 899 2834 et
933 2796 961 2844 Ι,

307 2859 391 2899 207
428 2856 554 2893 laudat
579 2853 756 2890 Matthiae
799 2853 864 2889 Gr.
895 2851 960 2889 Gr.

308 2912 347 2966 ὃ.
370 2914 452 2956 231
474 2924 560 2964 pag.
581 2910 674 2952 450.
713 2909 790 2947 Sed
809 2913 963 2959 utroque

1033 1593 1112 1631 loco
1135 1594 1281 1644 quidam
1312 1594 1392 1631 libri
1419 1594 1544 1644 scripti
1572 1589 1686 1633 εἶδό-

1034 1665 1162 1700 μενος.
1184 1651 1268 1688 Hoc
1287 1649 1366 1688 loco
1381 1650 1568 1688 Diodorus
1578 1663 1687 1702 prae-

1032 1707 1095 1745 bet
1115 1705 1228 1746 ἰδών.

1090 1756 1122 1801 ὦ
1148 1763 1330 1815 βασιλεῦ,
1374 1757 1558 1814 κότερον]
1608 1762 1685 1800 Re.-

1031 1824 1141 1856 centt.
1172 1820 1255 1857 edd.
1289 1820 1336 1856 ob
1367 1819 1407 1866 I,
1438 1822 1490 1860 91
1522 1819 1685 1867 aliosque

1031 1875 1130 1913 locos
1148 1872 1260 1927 κότερ
1273 1891 1309 1913 α.
1350 1875 1428 1913 Sed
1448 1888 1575 1913 omnes
1602 1875 1683 1912 libri

1031 1933 1155 1983 scripti
1176 1929 1290 1984 κότερ
1304 1946 1324 1970 ο
1337 1947 1381 1979 ν,
1415 1933 1516 1981 quod
1532 1932 1682 1969 restitui.

1087 1997 1134 2038 τὰ
1152 1997 1277 2038 νοέων
1294 1996 1488 2052 τυγχάνω]
1504 1999 1526 2036 i.
1539 2013 1570 2037 e.
1595 2012 1684 2049 quae

1030 2069 1120 2093 nunc
1136 2056 1234 2106 forte
1255 2058 1410 2094 animum
1428 2056 1522 2094 subit
1544 2057 1684 2104 cogita-

1031 2116 1103 2160 tio,
1139 2117 1179 2149 ut
1213 2114 1321 2151 docet
1353 2113 1484 2151 Matth.
1516 2113 1582 2149 Gr.
1617 2112 1683 2149 Gr.

1031 2167 1068 2220 ξ.
1088 2168 1192 2216 553,
1214 2171 1254 2216 3,
1279 2170 1301 2208 δ
1321 2183 1407 2220 pag.
1432 2169 1620 2211 1085.—-
1639 2169 1683 2206 In

1030 2238 1133 2274 seqq.
1153 2239 1234 2262 cum
1245 2225 1456 2263 Gaissordio
1475 2225 1682 2276 scripsimus

1030 2280 1072 2320 ἐν
1085 2283 1138 2335 τῷ
1147 2278 1333 2334 παρεόντι
1342 2277 1429 2335 χρή,
1442 2283 1504 2318 ubi
1513 2281 1680 2330 Schwgh.

1030 2338 1229 2376 seeundum
1249 2339 1362 2376 libros
1392 2339 1572 2389 quosdam
1592 2337 1682 2375 omi-
1754 2375 1755 2379 ,

1029 2393 1077 2430 sit
1097 2391 1185 2444 χρή.

1087 2458 1107 2499 ὅ
1132 2457 1174 2498 δὲ
1201 2455 1321 2499 αὐτὸν
1349 2457 1517 2512 εἰρώτα]
1540 2455 1682 2513 εἰρώτα
1750 2492 1751 2497 ,

1030 2521 1086 2554 est
1100 2515 1222 2552 Ionica
1245 2516 1444 2566 imperfecti
1461 2518 1596 2564 forma,
1615 2530 1682 2555 ne-

1030 2572 1147 2621 glecto
1168 2577 1376 2620 augmento.
1434 2572 1567 2622 Neque
1583 2575 1680 2611 enim
1746 2579 1749 2619 ξ

1029 2629 1218 2665 descendit
1238 2640 1260 2664 a
1277 2629 1389 2666 verbo
1410 2625 1582 2679 ἐρωτάω,
1611 2630 1680 2667 sed
1745 2625 1747 2637 ¹

1028 2684 1074 2720 ab
1103 2698 1120 2723 ε
1133 2683 1147 2722 ι’
1157 2681 1296 2735 ρωτοὲω
1313 2715 1323 2731 ,
1351 2687 1451 2734 quod
1467 2685 1594 2722 Ionum
1610 2690 1678 2732 est,

1028 2744 1179 2777 notante
1196 2741 1326 2777 Matth.
1343 2741 1365 2778 l.
1376 2741 1400 2778 l.
1417 2754 1504 2792 pag.
1517 2742 1678 2783 304.--
1740 2715 1744 2793 Α,

1027 2796 1071 2833 In
1089 2809 1193 2845 seqq.
1222 2797 1269 2833 ob
1299 2797 1471 2835 librorum
1488 2802 1679 2848 praestan·
1738 2799 1742 2841 J

1030 2853 1161 2889 tiorum
1189 2866 1407 2890 consensum
1433 2855 1565 2891 retinui
1594 2854 1677 2894 δια-

1031 2907 1168 2961 φορέει
1187 2921 1256 2961 pro
1277 2908 1526 2964 διαφθορέει.
