1759 3324
626 263 934 302 CL10.1.

1336 267 1425 306 449.

155 395 235 436 φοι
263 375 429 422 αὐτέων
456 373 560 426 εἶσὶ,
606 370 768 428 χρόνον
796 371 962 416 πολλὸν
992 372 1320 430 προσμένουσι,
1359 371 1417 417 οὐ

155 456 393 512 δυνάμεναι
429 452 508 496 τόν
539 450 682 507 νόμον
721 451 955 508 ἐκπλῆσαι·

100 548 144 580 10
156 537 228 582 καὶ
257 531 480 589 τετραέτεα
507 531 771 588 μετεξέτεραι
799 531 964 587 χρόνον
995 529 1193 586 μένουσι.

1012 452 1086 496 καὶ
1124 450 1211 508 γαρ
1250 450 1418 507 τριέτεα

1244 529 1474 588 Ἐνιαχῆὸο

155 616 200 659 δὲ
229 614 302 658 καὶ
331 615 406 668 τῆς
435 609 624 667 Κύπρου
655 611 744 655 ἐστὶ
772 609 1091 690 παραπλήσιος.
1102 608 1244 668 τούτῳ
1265 608 1413 666 νόμος.

123 780 211 818 Ξσι
267 772 370 815 Εἰσὶ
404 772 450 815 δὲ
482 769 629 815 αὐτῶν
665 771 842 826 πατριαὶ
880 776 1020 827 τρεῖς,
1068 774 1114 815 αι
1143 769 1276 814 οὐδὲν
1303 769 1409 814 ἄλλο

150 852 365 897 σιτέονται
394 852 430 894 εἰ
459 849 517 907 μή
549 852 675 907 ἰχθῦς
704 854 897 907 μοῦνον·
927 850 1033 902 τούς
1062 850 1153 894 ἐπεί
1180 865 1226 893 τε
1254 848 1309 893 ‹321›
1338 855 1415 906 θη-

150 930 381 987 ρεύσαντες
439 929 638 987 αὐήνωσι
695 930 806 984 πρὸς
861 930 1016 988 ἥλιον,
1084 933 1258 973 ποιεῦσι
1297 928 1470 973 τάδε.55

119 1010 413 1069 3ἐσβάλλουσι
442 1008 484 1061 ἐς
518 1010 681 1067 ὅλμον,
709 1011 784 1055 καὶ
802 1009 1030 1067 λεήναντες
1050 1007 1271 1066 ὑπέροισι,
1303 1012 1414 1054 σῶσι

92 1244 222 1270 nexam
259 1230 416 1279 habent,
463 1231 539 1269 sive
575 1234 750 1269 staturam

93 1294 219 1338 aptam
266 1288 482 1337 iustamque.
549 1289 609 1326 Sic
655 1288 749 1325 infra

92 1344 190 1391 VIII,
214 1343 313 1385 105:
334 1345 471 1390 παῖδες
492 1344 615 1391 εἴδεος
625 1343 747 1394 ἐπαμ-

94 1399 206 1452 μένοι
225 1403 423 1450 suntpuen'
445 1401 567 1451 forma
586 1415 613 1438 s.
637 1414 745 1438 venu-

93 1461 184 1495 state
203 1456 371 1507 praediti.
427 1457 609 1508 Explicuit
636 1457 746 1495 IVes-

93 1514 264 1563 selingius
282 1541 293 1560 ,
343 1513 393 1551 ita
437 1518 478 1551 ut
519 1515 747 1552 coniecturae

93 1567 316 1621 πεπαμέναι
326 1569 412 1621 (pro
430 1569 669 1621 ἐπαμμέναι)
689 1570 746 1606 ni-

92 1626 142 1664 hil
173 1627 218 1664 sit
244 1639 348 1677 opus.
406 1626 618 1664 Adsentitur
639 1626 748 1675 Wyc-

93 1682 261 1721 tenbaeh.
289 1682 327 1719 in
344 1683 479 1720 selectt.
505 1683 587 1720 hist.
614 1697 650 1734 p.
662 1682 745 1724 355

92 1743 258 1777 vertens:
293 1751 382 1788 quae
419 1741 533 1787 i‘gztar
553 1741 747 1804 partzcz‘pes

93 1799 175 1832 sunt
209 1795 483 1845 pulcritudines,
529 1809 608 1833 cum
646 1790 747 1848 ἐφα-

92 1851 264 1892 πτεσθαί
290 1867 398 1898 τινος
427 1852 492 1889 sit:
523 1852 661 1903 ali'quzd
686 1856 745 1889 at·-

92 1911 246 1957 tingere,
277 1908 402 1958 alequa
422 1922 458 1946 re
481 1911 613 1958 potzri,
638 1921 747 1959 prae-

93 1965 205 2002 ditum
223 1977 293 2002 esse
319 1965 444 2015 aliqua
472 1978 528 2013 re,
556 1979 616 2004 nec
632 1970 747 2004 tamen

94 2023 244 2069 omnino,
274 2021 333 2058 sed
354 2022 587 2072 aliquantum.

148 2076 217 2117 καὶ
233 2075 307 2130 γὰρ
328 2076 477 2130 τριέτεα
502 2077 569 2118 καὶ
587 2076 745 2128 τετραέ-

93 2148 160 2174 τεα
170 2155 224 2163 —
239 2132 415 2186 μένουσι]
427 2135 514 2173 Non
536 2136 745 2173 continuum

92 2192 150 2228 hic
182 2195 324 2242 tempus
367 2192 517 2229 indicari
554 2192 747 2229 arbitratur

92 2246 255 2297 Heynius
278 2247 300 2285 l.
323 2247 346 2285 l.
372 2261 410 2298 p.
430 2250 506 2296 33,
537 2249 600 2286 sed
630 2252 746 2286 certos

93 2303 202 2342 fuisse
220 2304 297 2342 dies
316 2306 428 2342 festos
441 2334 451 2352 ,
475 2305 603 2354 quibus
624 2306 671 2342 ad
689 2318 748 2342 re·-

93 2354 262 2408 ligionem
308 2360 520 2399 solvendam
573 2360 747 2413 templum

94 2415 257 2454 mulieres
276 2417 441 2454 adierint.

151 2471 284 2537 ἐνιαχῆ
313 2471 355 2512 δὲ
383 2472 450 2512 καὶ
479 2474 551 2524 τῆς
577 2469 745 2524 Κύπρου

96 2547 151 2555 -
171 2523 317 2579 νομος]
369 2530 482 2574 Quod
530 2531 746 2580 quibusdam

98 2582 210 2633 Cypri
231 2584 315 2622 locis
344 2587 500 2625 eundem
525 2600 663 2624 morem
680 2587 747 2623 ob-

98 2638 212 2678 tinere
228 2638 363 2680 Noster
395 2643 538 2691 scribit,
569 2643 607 2680 id
633 2647 747 2682 testa-

97 2696 155 2731 tur
179 2694 381 2736 Athenaeus
407 2699 478 2736 XII
511 2712 547 2749 p.
567 2699 672 2748 516,
699 2699 746 2747 B,

98 2762 246 2788 narrans
263 2753 427 2803 Cypros'
419 2768 456 2791 m
474 2768 575 2793 more
598 2755 744 2793 habuis-

99 2818 140 2843 se
166 2805 372 2873 ἑταιρισμῷ
397 2807 468 2857 τοὶς
495 2809 650 2851 ἓαυτων
676 2806 743 2850 κό-

100 2876 173 2912 ρας
195 2856 403 2911 ἆφοσιοῦν.
462 2867 626 2911 Quocum
645 2868 742 2906 conf.

100 2929 193 2967 quae
218 2919 264 2957 de
289 2919 504 2961 Amathusiis
521 2923 743 2976 Paphiisque

151 2973 357 3015 Hnaonom
387 2977 414 3015 Ι.

817 1228 965 1278 collegit
982 1227 1162 1267 Meursius
1180 1230 1217 1266 in
1237 1229 1348 1280 Cypr.
1368 1230 1387 1268 I
1401 1260 1411 1278 ‚
1430 1232 1470 1271 8.

815 1285 873 1333 ΙΙ,
898 1285 962 1327 15.
1019 1286 1123 1324 Haec
1150 1288 1303 1324 adnotat
1321 1287 1471 1324 Wesse-

814 1341 960 1391 lingius.
1019 1342 1082 1380 Tu
1116 1348 1308 1393 praeterea
1345 1344 1470 1382 confer

814 1398 1036 1437 Creuzerum
1063 1399 1086 1437 l.
1113 1413 1224 1450 supra
1250 1398 1274 1436 l.

1039 1509 1072 1548 C
1083 1523 1104 1548 a
1113 1524 1150 1561 p.
1182 1509 1262 1549 CC.

879 1591 996 1646 νόμοι
1018 1616 1075 1622 —
1106 1593 1363 1646 κατεστέασι]
1408 1594 1470 1634 De

815 1652 932 1689 forma
964 1649 1191 1691 κατεστέασι
1219 1654 1312 1690 conf.
1337 1650 1485 1690 Matth..

822 1708 888 1745 Gr.
910 1708 975 1745 Gr.
991 1720 1077 1759 pag.
1091 1708 1185 1750 358.
1209 1731 1256 1736 —
1282 1708 1372 1745 Mox
1387 1721 1468 1746 cum

816 1765 934 1801 Gaisf.
973 1765 1028 1802 bis
1070 1764 1197 1815 scripsi
1233 1760 1367 1804 αὐτῶν
1397 1777 1467 1815 pro

816 1816 981 1859 αὐτέων.
1051 1820 1161 1858 Conf.
1197 1821 1245 1859 de
1282 1821 1352 1859 hoc
1385 1820 1467 1859 loco

813 1877 985 1914 strabon.
1020 1877 1108 1914 XVI
1143 1890 1181 1928 p.
1217 1879 1347 1924 1082,
1376 1877 1408 1914 B
1438 1890 1469 1915 s.

813 1947 853 1985 p.
869 1934 952 1975 746
984 1934 1042 1971 ed.
1073 1933 1180 1981 Cas,
1210 1933 1272 1983 qui
1298 1946 1366 1984 pro
1395 1948 1469 1972 ποι-

813 1989 920 2043 τριαὶ
957 1989 1096 2039 vulgari
1130 2003 1299 2027 sermone
1325 1988 1470 2028 exhibet

814 2046 1016 2098 φρατρίαι.
1049 2067 1097 2074 -
1127 2046 1253 2085 Simile
1280 2046 1468 2095 quoddam

814 2104 862 2141 de
880 2103 958 2140 aliis
986 2102 1203 2152 quibusdam
1222 2101 1331 2140 Asiae
1349 2103 1469 2151 genti-

813 2160 883 2197 bus
911 2159 1108 2198 memoriae
1133 2159 1299 2210 prodidit
1323 2157 1468 2197 Arrian.

813 2216 927 2254 Indic.
954 2219 1007 2258 29
1041 2214 1079 2266 §
1112 2218 1177 2257 11.
1209 2218 1272 2257 12.
1342 2214 1468 2264 Magis

813 2285 899 2311 vero
926 2273 1014 2310 illud
1035 2285 1103 2309 nos
1125 2273 1315 2312 advertere
1340 2272 1466 2319 debet,

813 2331 915 2379 quod
941 2329 1042 2378 Syris
1071 2328 1182 2377 vulgo
1210 2329 1326 2367 saneti
1353 2328 1468 2366 habe-

815 2386 947 2424 bantur
963 2386 1094 2437 pisces,
1114 2385 1275 2434 indeque
1293 2398 1367 2423 non
1377 2385 1467 2422 ede-

814 2443 966 2489 bantur,
1005 2442 1106 2492 quod
1142 2442 1240 2479 idem
1274 2440 1467 2490 Babylone

813 2499 1012 2537 obtinuisse
1035 2498 1094 2535 vix
1126 2498 1275 2535 dubium
1312 2498 1468 2535 videtur.

814 2556 941 2600 Quare
967 2554 1146 2592 inferioris
1174 2557 1316 2592 tantum
1342 2553 1470 2591 condi-

812 2612 920 2649 tionis
939 2611 1104 2649 homines
1129 2610 1286 2661 piscibus
1315 2610 1467 2648 edendis

814 2682 855 2707 se
873 2669 1040 2715 dedisse,
1069 2666 1228 2716 reliquos
1246 2666 1466 2704 abstinuisse

813 2729 937 2764 censet
956 2724 1114 2762 Miinter.
1132 2723 1155 2760 l.
1174 2723 1196 2761 l.
1216 2735 1304 2774 pag.
1321 2722 1386 2764 34.
1398 2722 1466 2765 35.

867 2821 891 2849 σ
904 2811 993 2849 ὦσι
1022 2804 1089 2847 &oi
1113 2801 1323 2857 σινδόνος]
1353 2808 1468 2843 incer-

809 2870 898 2904 mmt
920 2878 983 2916 per
1009 2865 1166 2902 linteum.
1223 2862 1320 2901 Nam
1350 2864 1466 2908 σῶσι,

810 2926 982 2961 monente
992 2919 1297 3016 Etymolffll'vIagn.
1315 2932 1353 2970 p.
1370 2921 1467 2965 710,

1467 729 1565 755 victus

30 700 128 746 200
153 692 301 748 Νόμοι
328 707 407 747 μεν
438 690 490 748 δὴ
533 696 648 735 τοῖσι
682 692 1007 747 Βαβυλωνίοισι
1038 684 1163 734 οὗτοι
1191 689 1415 734 κατεστὲα-
1468 692 1524 734 '11‘1
1528 702 1576 722 ¹¹¹¹*
1616 696 1645 722 tr
1648 695 1746 724 ¹¹¹¹¹¹¹¹¹¹

1575 749 1584 763 ,
1626 730 1746 764 placen-

1466 764 1496 788 ta
1481 770 1517 789 ae
1542 770 1578 790 ac
1602 771 1648 798 pai
1651 772 1694 791 ies
1710 772 1745 791 ex

1466 795 1557 831 pisce.
