1759 3324
498 236 913 278 EUTERPE.
972 237 1019 275 11.
1295 239 1380 280 585

123 351 223 394 ἰ’δον
250 348 464 398 πλουσίως
491 345 891 401 κατεσκευασμένον
922 343 1091 388 ἄλλοισί
1110 360 1154 388 τε
1175 349 1375 389 πολλοῖσι
1432 346 1572 375 ¹³0101¹¹¹⁵
1636 351 1710 376 “³¹¹¹-

1453 380 1523 413 lum,
1542 381 1591 414 qui
1610 390 1662 408 con
1667 383 1709 408 ‹il—

122 427 393 484 ἀναθήμασι,
431 426 504 469 καὶ
533 424 580 468 ἐν
610 423 727 484 αὐτῷ
756 419 868 480 ἦσαν
897 428 1046 480 στῆλαι
1079 421 1183 474 δύο,
1222 442 1249 481 η
1280 425 1371 480 μὲν,
1427 456 1458 474 m
1449 414 1549 506 G:
1546 414 1610 514 153
1605 416 1709 483 τεὸιιεῗ

1429 488 1484 507 ΒΙΙΙΙ
1585 489 1618 507 ex
1669 483 1710 507 0-

120 511 284 563 χρυσοῦ
318 505 551 562 οέπέφθου·
605 503 633 560 ἡ
672 504 738 556 δὲ,
788 502 1041 560 σμαράγδου
1071 506 1224 556 λίθου,
1261 504 1371 560 λάμ-
1428 489 1569 574 lrymiiusp
1589 519 1620 542 et
1630 502 1711 542 ’.ιιι

119 601 272 636 ποντες
299 584 375 636 τοὶς
401 584 562 636 νύκτας
598 582 803 640 μέγαθος.
862 581 906 633 ἐς
951 580 1109 638 λόγους
1149 583 1194 626 δὲ
1232 582 1376 626 ἐλθών
1435 585 1514 625 125

118 669 230 707 τοῖσι
269 665 412 718 ἱρεῦσι
456 667 539 707 τοῦ
574 665 687 707 θεοῦ
724 660 903 718 εἰρόμην
943 661 1100 713 ὁκόσος
1128 661 1286 717 χρόνος
1315 664 1436 719 εἴηῖο

88 742 163 794 Ξέξ
195 736 249 786 οὗ
274 753 353 799 σφι
381 742 429 787 τό
462 742 558 798 ἱρὸν
595 744 779 796 ἵδρυται.
829 736 957 796 εὖρον
990 741 1035 784 δὲ
1065 739 1167 785 οὐδὲ
1198 739 1381 793 τούτους

118 825 231 865 τοῖσι
248 820 426 878 Ἕλλησι
456 822 826 881 συμφερομένους.
856 822 1024 876 ἔφασαν
1051 819 1135 876 γὰρ
1166 819 1255 876 ἅμα
1292 820 1379 864 Τύ-

120 916 183 960 ρῳ
223 901 468 958 οἰκιζομένῃ
504 903 579 946 καὶ
615 901 664 947 τὸ
707 900 805 959 ἱρὸν
842 903 924 945 τοῦ
962 903 1075 944 θεοῦ
1113 901 1375 956 ἱδρυθῆναι·

62 1084 118 1124 vel
163 1085 322 1123 validum
357 1099 470 1135 regem
510 1087 717 1136 significare

64 1144 287 1180 contendunt
304 1143 370 1179 viri
395 1144 504 1181 docti.
535 1144 718 1182 Convenit

63 1198 121 1236 ille
149 1213 230 1236 cum
257 1199 521 1249 Aeg)])tiorum
547 1200 717 1247 Hercule,

64 1267 174 1304 quum
198 1259 235 1294 et
254 1256 333 1307 ipse
359 1256 444 1292 solis
466 1257 647 1305 quaedam
671 1257 718 1293 sit

64 1311 262 1349 incarnatio
288 1313 449 1361 itemque
485 1313 619 1350 indicet
645 1313 717 1350 vim

64 1367 150 1404 solis
171 1367 294 1415 verni,
324 1369 397 1417 qua
425 1370 564 1406 semina
587 1369 718 1407 educat

65 1427 100 1461 et
117 1436 355 1473 quaecunque
374 1425 410 1461 in
421 1437 540 1461 rerum
552 1429 636 1462 sunt
650 1437 717 1461 na-

63 1484 155 1526 tura,
182 1483 221 1516 ut
235 1484 398 1518 crescant
413 1485 452 1518 et
471 1485 719 1518 maturescant

64 1537 206 1574 efficiat.
237 1536 346 1574 Plura
367 1536 538 1576 Creuzer.
553 1537 715 1588 Symbol.

64 1592 98 1629 11
116 1605 152 1644 p.
172 1595 252 1634 211
271 1605 373 1643 seqq.

124 1646 152 1700 ἦ
165 1645 248 1699 μὲν,
271 1651 419 1700 χρυσοῦ
443 1644 659 1699 ἀπέφθου·
689 1665 714 1701 η

69 1701 124 1752 δὲ,
146 1702 373 1758 σμαράγδου
396 1705 540 1757 λίθου]
573 1703 718 1757 χρυσός

67 1757 142 1800 ἅγιε
145 1765 254 1810 φθος
274 1762 388 1812 qualis
410 1763 468 1810 sit,
497 1763 650 1800 vidimus
670 1763 718 1800 ad

65 1817 94 1866 Ι,
123 1818 188 1860 50.
236 1818 310 1856 Pro
336 1815 565 1872 σμαράγδου
596 1820 718 1884 plures

66 1873 146 1912 libri
172 1870 396 1928 μαράγδους
442 1889 516 1926 qua
551 1877 599 1914 de
632 1877 720 1913 scri-

66 1934 171 1980 ptura
189 1936 335 1982 praeter
346 1932 469 1970 Wass.
488 1933 536 1970 ad
549 1932 717 1981 Thucy.d

66 1986 193 2034 IV,31
214 1989 308 2026 conf.
326 1989 555 2027 Brouckbus.
568 1990 616 2026 ad
627 1989 721 2026 Pro-

66 2048 157 2094 pert.
176 2043 223 2091 ΙΙ,
245 2046 310 2092 13,
329 2044 395 2086 43.
434 2045 493 2083 Ad
523 2058 719 2094 argumen-

69 2103 145 2137 tum
156 2101 243 2138 facit
253 2101 498 2152 Theophrasti
515 2101 614 2139 locus
631 2115 720 2152 opp.

67 2168 151 2206 pag.
182 2156 266 2198 394
294 2161 331 2195 et
359 2158 466 2196 Plinii
500 2158 598 2195 Hist.
633 2158 721 2196 Nat.

69 2212 394 2262 xxxvn,5(a1.
419 2215 511 2264 19),
542 2215 604 2264 qui
629 2214 722 2263 Tyri

69 2268 104 2305 in
133 2269 300 2307 Herculis
324 2271 460 2322 templo
487 2276 645 2309 stantem
667 2271 724 2321 pi-

69 2323 139 2361 lam
169 2339 189 2364 e
213 2328 408 2376 smaragdo
446 2341 528 2366 esse
560 2331 722 2374 narrant,

70 2381 139 2417 nisi
156 2383 277 2432 potius
295 2385 654 2434 pseudosmaragdus
665 2383 722 2421 sit.

73 2436 176 2480 Quae
195 2439 264 2476 alia
281 2440 331 2476 ibi
350 2441 535 2478 adduntur
557 2441 604 2479 de
626 2453 724 2477 sma-

70 2493 263 2541 ragdorum
277 2497 528 2545 magnitudine
546 2496 723 2547 exempla,

72 2548 182 2586 nolim
191 2550 260 2589 huc
267 2554 527 2600 transcribere,
541 2567 622 2591 cum
632 2552 725 2591 Lar-

74 2604 180 2641 chero
208 2619 254 2644 ne
285 2611 467 2659 smaragdi
495 2611 641 2660 quidem
663 2623 725 2647 co-

73 2659 193 2698 lumna
209 2663 318 2703 fuisse
336 2667 523 2714 videatur,
553 2667 658 2714 sed,
663 2666 725 2713 ‚du

74 2728 176 2754 serre
205 2719 342 2769 colore,
389 2723 481 2760 dont
512 2695 725 2760 l’interieur

76 2773 164 2809 etoit
194 2773 320 2814 eclaire
359 2791 426 2828 par
460 2779 526 2817 des
559 2780 690 2829 lamps.
700 2780 725 2799 ‘⁶

75 2827 276 2867 Heerenius
300 2832 431 2881 (Ideen
458 2835 495 2884 I,
516 2839 599 2886 21)
623 2837 725 2885 212)

77 2884 236 2934 quaerit,
267 2899 314 2926 an
336 2889 464 2929 Lazuli
484 2866 576 2944 lapis
606 2893 726 2940 fuerit,

783 1099 828 1125 ex
851 1099 922 1137 quo
935 1086 1063 1125 eodem
1074 1088 1240 1123 constent
1251 1084 1438 1123 columnae

782 1143 996 1180 Iesuitarum
1041 1143 1079 1180 in
1116 1141 1254 1192 templo
1268 1170 1279 1188 ‚
1337 1143 1437 1191 quod

782 1199 924 1237 Romae
936 1203 1001 1237 est.
1030 1198 1081 1235 Et
1097 1211 1227 1248 reapse
1238 1198 1336 1235 aliud
1349 1198 1437 1246 quid

785 1256 967 1304 smaragdi
988 1255 1134 1292 nomine
1152 1254 1291 1291 Noster
1310 1254 1439 1291 intelli-

784 1324 873 1361 gere
892 1312 1030 1362 potuit,
1058 1324 1168 1361 quam
1199 1311 1300 1360 quod
1331 1310 1439 1347 hodie

782 1367 997 1417 intelligunt.
1019 1367 1136 1411 Quale
1145 1380 1230 1404 vero
1240 1366 1310 1404 hoc
1320 1368 1439 1417 ipsum

786 1424 852 1472 sit,
892 1425 992 1474 quod
1016 1424 1074 1462 ille
1109 1422 1346 1471 intellexerit,
1379 1435 1440 1460 me

784 1480 926 1519 nescire
936 1481 1067 1518 fatcor.
1090 1479 1265 1518 Consului
1283 1479 1371 1516 alios
1387 1480 1440 1516 vi-

784 1550 845 1575 ros
875 1537 1026 1585 doctos,
1066 1537 1129 1587 qui
1159 1537 1283 1574 itidem
1312 1540 1439 1573 tantae

784 1593 888 1631 molis
909 1594 1142 1642 smaragdum
1160 1592 1313 1630 inveniri
1329 1605 1441 1643 posse

785 1654 978 1699 negarunt,
998 1650 1313 1701 splendescentem
1332 1662 1442 1700 prae-

784 1710 906 1755 terea,
944 1719 1026 1744 cum
1049 1720 1121 1756 quo
1151 1707 1265 1743 maior
1296 1709 1334 1743 et
1361 1718 1442 1742 am-

785 1763 901 1814 plior,
931 1776 974 1800 eo
997 1763 1114 1800 minus
1136 1762 1266 1800 clarior
1289 1765 1326 1799 et
1353 1760 1442 1798 luci-

787 1819 867 1857 dior
885 1819 953 1857 iste
972 1819 1019 1856 sit
1034 1818 1138 1870 lapis.
1179 1818 1317 1862 Quod
1309 1830 1346 1854 ln
1367 1818 1440 1856 fine

787 1875 920 1925 legitm
933 1874 1108 1926 μέγαθος
1127 1875 1157 1912 si
1174 1887 1242 1925 pro
1263 1868 1444 1926 μεγαλως

788 1907 859 1971 δεῖν
862 1932 1041 1970 erbialiter
1054 1932 1143 1982 poni
1162 1931 1357 1977 existimes,
1375 1931 1446 1967 hoc

786 1990 911 2038 utique
938 1988 1150 2026 insolentius
1181 1988 1315 2025 dictum
1342 1987 1448 2024 vide-

789 2049 868 2092 tur;
898 2057 946 2083 ne
966 2057 1053 2082 vero
1082 2039 1259 2097 μεγάλως
1287 2056 1446 2093 repona-

789 2115 868 2140 mus
888 2101 927 2138 in
946 2105 1067 2149 textu,
1098 2102 1245 2139 obstant
1263 2099 1344 2137 libri
1366 2112 1446 2137 ma-

790 2170 840 2196 nu
866 2157 991 2208 scripti
1018 2170 1157 2195 omnes.
1206 2157 1332 2200 Quare
1361 2155 1447 2194 mihi

791 2215 927 2264 aliquid
949 2215 1018 2252 hoc
1044 2213 1124 2252 loco
1151 2213 1328 2252 excidisse
1346 2213 1448 2250 vide-

791 2275 868 2319 tur,
898 2284 971 2320 quo
999 2272 1160 2308 sortasse
1188 2282 1357 2307 mensura
1385 2281 1449 2306 co-

790 2327 936 2365 lumnae
956 2327 1065 2365 fuerit
1089 2326 1269 2373 indicata,
1299 2326 1359 2363 ubi
1380 2337 1451 2362 vox

791 2382 968 2436 μέγαθος
998 2383 1190 2421 commode
1217 2382 1355 2434 adponi
1383 2394 1451 2433 po-

790 2444 898 2479 terat.

849 2495 916 2535 καὶ
935 2493 979 2536 τό
1002 2493 1087 2548 ἱρὸν
1115 2497 1190 2536 τοῦ
1209 2496 1314 2534 θεοῦ
1344 2493 1453 2545 ἵδρυ-

791 2555 940 2603 θῆναι]
956 2553 1089 2591 Aldina
1107 2554 1164 2591 ed.
1185 2556 1221 2590 et
1233 2550 1341 2589 codd.
1360 2563 1455 2588 non-

792 2610 880 2648 nulli
902 2610 991 2661 ἱδρυ
1002 2626 1024 2649 ν
1035 2612 1184 2662 θῆναι,
1214 2608 1454 2658 quemadmo-

792 2667 878 2704 dum
900 2667 930 2715 Ι,
953 2670 1034 2708 172
1055 2670 1192 2704 exstat:
1224 2663 1453 2715 ἴδρυνθέν-

792 2738 891 2772 των,
911 2724 1013 2773 quod
1030 2724 1130 2775 apud
1148 2721 1368 2760 recentiores
1382 2722 1455 2757 fre-

794 2780 1068 2830 quentissimum
1082 2809 1092 2828 ,
1120 2791 1197 2816 non
1220 2790 1342 2815 rarum
1361 2776 1455 2813 anti-

795 2836 980 2886 quioribus
1011 2837 1184 2875 observat
1210 2833 1372 2872 Lobeck.
1404 2833 1453 2868 ad

796 2892 989 2943 Phrynich.
1007 2907 1045 2945 p.
1058 2894 1112 2935 37
1125 2895 1201 2930 not.
1231 2889 1312 2929 Nec
1333 2892 1455 2926 tamen
