1759 3324
343 269 428 309 694

757 262 1223 305 HERODOTI

343 376 398 420 τὰ
424 376 562 433 χείλεα
591 379 679 420 τῶν
709 392 751 419 τε
791 378 1001 431 ποταμῶν
1040 375 1114 418 καὶ
1152 376 1238 417 τῶν
1276 372 1463 429 λιμνέων
1493 374 1669 417 anei-80

346 467 477 511 ρουσι
505 455 558 498 τοὶ
595 454 874 510 σιλλικύπρια
913 458 1075 506 ταῦτα,
1126 454 1178 497 τὰ
1208 452 1447 510 ἐν”Έλλησι
1481 453 1614 498 αὐτό-

318 541 463 590 ὃματα
492 534 621 590 ἄγρια
649 535 815 589 φύεται.

875 538 1010 577 ταῦτα
1041 534 1087 577 ἐν
1116 537 1169 590 τῇ
1200 532 1407 590 Αἰγύπτῳ
1439 532 1612 589 σπειρό-

319 617 482 670 4μενα,
512 612 682 666 καρπὸν
712 611 834 668 φέρει
863 612 1026 656 πολλὸν
1058 612 1157 668 μὲν,
1189 610 1388 655 δυσώδεα
1420 613 1476 655 δέ.
1507 615 1611 655 τοῦ-

346 709 426 736 τον
459 691 589 736 ἐπεάν
620 690 924 744 συλλέξωνται,
957 693 1000 735 οἱ
1028 692 1108 746 μὲν
1136 690 1351 742 κόψαντες
1381 689 1612 735 ἀπιποῦσι·

349 773 392 815 οἱ
423 771 468 815 δὲ
509 771 583 814 καὶ
621 768 867 826 φρύξαντες
906 768 1142 822 ἀπέψουσι,
1199 769 1349 813 καὶτὸ
1388 767 1610 826 ἄποῤῥέον
1626 777 1670 812 85

321 847 432 893 5ἄπ’
465 848 605 893 αὐτοῦ
635 850 981 904 συγκομίζονται.
1034 849 1122 892 ἔστι
1151 848 1196 892 δὲ
1224 853 1348 902 πῖον,
1378 849 1450 892 καὶ
1483 848 1614 892 οὐδὲν

350 924 487 985 ἧσσον
515 931 597 973 τοῦ
635 928 784 972 ἐλαίου
819 931 881 984 τῷ
921 926 1062 985 λύχνῳ
1103 926 1339 984 προσηνές·

326 1094 468 1139 Qvo-og
506 1087 681 1140 ἐόντας,
724 1085 826 1130 τάδε
864 1089 945 1143 σφί
984 1087 1073 1131 ἐστι
1112 1085 1454 1143 μεμηχανημένα.

1401 926 1540 983 ὀδμὴν
1570 927 1616 971 δὲ

223 1018 289 1067 95
350 1008 517 1065 βαρέαν
547 1007 791 1063 παρέχεται.
851 1007 973 1060 Πρός
995 1007 1040 1050 δὲ
1061 1006 1166 1059 τούς
1197 1006 1433 1059 κώνωπας,
1465 1004 1616 1062 ἀφθό-

18 1086 197 1114 Remedium
243 1085 298 1113 ad-

18 1129 124 1149 versus
142 1120 263 1148 culices.

1514 1085 1618 1138 τοὺς

350 1168 429 1225 μὲν
459 1167 511 1211 τὰ
543 1166 634 1212 ἄνω
664 1170 753 1211 τῶν
782 1166 914 1211 ἕλε’ων
954 1167 1177 1219 οἰκέοντας
1219 1167 1262 1210 οἱ
1301 1164 1463 1221 πύργοι
1501 1164 1617 1222 ὠφε-

292 1341 380 1380 lant.
421 1364 476 1369 -
517 1341 647 1379 Nostri
683 1354 764 1379 eam
801 1341 951 1379 ricinum

296 1402 428 1435 vocant
469 1411 491 1436 a
524 1399 755 1436 similitudine
794 1398 951 1436 seminis.

299 1455 481 1504 Coquitur
500 1455 537 1491 id
556 1457 593 1492 in
613 1467 730 1504 aqua,
760 1455 951 1491 innatans-

298 1524 371 1561 que
401 1510 518 1549 oleum
545 1511 692 1549 tollitur.
749 1510 799 1548 At
825 1512 861 1547 in
881 1510 955 1548 Ae-

298 1572 437 1618 gypto,
467 1568 529 1604 ubi
549 1568 730 1615 abundat,
762 1569 839 1604 siue
865 1568 954 1615 igne

299 1630 337 1662 et
354 1624 450 1673 aqua
477 1625 551 1662 sale
576 1637 765 1674 aspersum
786 1624 955 1674 exprimi-

297 1684 378 1728 tur,
408 1680 497 1718 cibis
517 1681 686 1728 foedum,
710 1680 862 1718 lucernis
881 1681 954 1716 uti-

297 1737 380 1774 le.“
447 1736 569 1786 Atque
612 1737 710 1786 apud
763 1737 954 1774 Hebraeos

301 1805 451 1843 quoque
492 1795 685 1844 scriptores
724 1792 794 1830 hoc
834 1792 956 1830 oleum

301 1852 577 1887 commemorari
616 1854 740 1887 monet
769 1849 954 1887 Iablonsk.

300 1906 324 1944 l.
344 1906 367 1943 l.
424 1906 529 1944 Haec
554 1906 673 1943 habeo
693 1918 788 1955 quae
814 1907 851 1943 in
876 1918 954 1943 me-

302 1963 402 2000 dium
418 1964 622 2013 proferam3
651 1975 745 2012 quae
764 1964 862 1999 enim
872 1961 954 1998 Sal-

302 2019 438 2056 masius
459 2019 507 2055 ad
528 2019 642 2055 Solin.
665 2031 750 2068 pag.
772 2019 855 2060 704
881 2019 956 2055 dis-

303 2075 408 2122 serit,
437 2075 496 2111 vix
513 2075 601 2111 talia
613 2079 695 2110 sunt
705 2103 718 2120 ,
731 2076 828 2112 unde
840 2103 850 2122 ‚
865 2074 956 2123 quid

307 2129 366 2168 ille
386 2130 559 2177 voluerit,
589 2134 687 2168 certo
708 2130 870 2179 colligas.

359 2182 407 2224 ‘col
433 2185 476 2225 ἐν
500 2182 666 2236 ΓΈλλησι
691 2181 894 2237 αὐτόματα
917 2182 959 2224 ἅ-

303 2257 395 2295 γρια
421 2237 588 2290 φύεται]
634 2241 807 2279 Voculam
842 2239 959 2294 ἄγρια

302 2311 371 2350 pro
399 2298 725 2348 interpretamento
752 2298 958 2336 Valckena-

304 2356 378 2392 rius
404 2354 548 2401 habuit,
578 2354 678 2403 quod
705 2355 784 2403 quis
811 2355 860 2391 ad
887 2350 957 2393 αύ-

304 2406 450 2461 τὸματα
472 2410 715 2459 adscripserit.
775 2410 958 2457 Conf.111‚

311 2469 403 2508 100.
432 2466 541 2514 VIII,
575 2467 653 2507 138
681 2465 759 2503 coll.
786 2466 860 2513 IV,
891 2466 957 2507 74.

307 2522 389 2561 Nec
406 2526 529 2560 tamen
561 2522 739 2559 editorum
766 2523 959 2571 quisquam

306 2579 530 2627 suffragatus
569 2582 635 2615 est.
694 2578 766 2615 Pro
795 2574 960 2627 μἘλλησι

308 2648 401 2672 unus
429 2635 519 2672 liber
546 2632 668 2682 ἓ’λεσι,·
706 2647 815 2683 quam
837 2634 960 2671 lectio-

307 2704 392 2729 nem
416 2691 514 2728 haud
534 2691 778 2739 spernendam
801 2690 884 2727 olim
906 2691 963 2727 iu-

315 2747 459 2784 dicabat
471 2746 757 2795 lVesselingius,
778 2746 864 2783 illud
884 2747 963 2796 opi-

312 2816 381 2841 nor
408 2803 716 2853 praetermittens,
747 2803 883 2852 opponi
906 2802 964 2840 hic

314 2859 382 2896 sibi
411 2859 554 2896 Graeca
579 2863 615 2896 et
642 2858 890 2909 Aegyptiam,
923 2863 964 2896 ut

315 2915 522 2966 sequentia:
550 2916 674 2954 ταῦτα
702 2914 745 2954 ἐν
772 2917 824 2968 τῇ
841 2911 965 2967 Αἰγύ·

1019 1354 1105 1394 πτῳ
1126 1336 1366 1393 σπειρόμενα
1396 1339 1481 1377 satis
1500 1340 1673 1391 produnt.

1020 1396 1071 1435 Et
1099 1397 1357 1446 obloqueretur
1389 1410 1476 1434 sane
1504 1397 1570 1434 sibi
1594 1398 1674 1447 ipse

1021 1452 1253 1501 Herodotus,
1293 1467 1395 1500 cum,
1433 1466 1528 1502 quae
1550 1452 1676 1502 Aegy-

1021 1510 1106 1560 ptii,
1137 1511 1199 1559 qui
1220 1508 1310 1562 περὶ
1331 1507 1378 1548 τοὶ
1395 1508 1480 1548 ἕλεα
1497 1510 1675 1558 habitant,

1020 1568 1121 1603 iuxta
1137 1568 1326 1604 fluviorum
1348 1568 1446 1617 ripas
1477 1570 1513 1603 et
1545 1571 1676 1615 stagna

1023 1628 1215 1670 sererent,
1267 1636 1311 1661 ea
1341 1622 1383 1662 ἐν
1413 1621 1515 1661 ἕλεσι
1546 1628 1676 1673 sponte

1022 1680 1123 1716 nasci
1160 1681 1308 1717 diceret.
1379 1679 1543 1730 Respicit
1581 1680 1676 1717 enim

1022 1736 1138 1786 ipsam
1157 1737 1364 1773 inferiorem
1383 1734 1608 1785 Aegyptum,
1642 1741 1679 1774 ct

1024 1805 1087 1829 eas
1115 1793 1260 1842 quidem
1292 1796 1438 1842 partes,
1476 1805 1570 1841 quae
1602 1797 1679 1831 sta-

1024 1848 1104 1898 gnis
1123 1862 1165 1886 ac
1195 1849 1389 1900 paludibus
1427 1850 1678 1898 abundabant,

1022 1918 1091 1942 nec
1121 1906 1211 1942 alios
1256 1906 1313 1942 hic
1347 1905 1515 1955 intelligit
1560 1921 1680 1945 ποτα-

1024 1957 1124 2013 μούς
1153 1962 1223 1998 nisi
1256 1961 1332 1999 Nili
1364 1963 1493 1999 fluvios
1518 1962 1680 2000 canales-

1023 2031 1095 2068 que
1118 2018 1205 2057 inde
1233 2019 1436 2067 deductos,
1478 2023 1519 2056 ut
1546 2019 1599 2067 ll,
1623 2021 1678 2061 93

1023 2075 1101 2111 init.

1083 2129 1124 2169 οἱ
1159 2127 1231 2181 μὲν
1268 2125 1524 2179 κόψαντες
1564 2127 1679 2170 οἷπι-

1026 2188 1179 2225 ποῦσι
1210 2200 1248 2224 κ.
1271 2201 1303 2224 τ.
1326 2184 1375 2236 λ.]
1418 2187 1522 2224 Haec
1538 2188 1680 2225 Salma-

1027 2243 1101 2279 sius
1124 2242 1161 2278 in
1191 2241 1307 2278 Solin-
1330 2255 1367 2292 p.
1388 2244 1469 2283 686
1501 2249 1599 2281 recte
1627 2246 1680 2282 sic

1025 2298 1203 2336 reddidit:
1243 2299 1344 2345 „alii
1364 2302 1543 2336 contusum
1564 2304 1682 2351 expri-

1025 2357 1144 2402 munt,
1174 2353 1243 2390 aliz·
1267 2354 1422 2404 frictum
1441 2359 1679 2406 excoquunt.“

1025 2410 1123 2448 Nam
1161 2405 1342 2449 α’πιποῦν
1395 2417 1452 2449 est
1495 2416 1681 2463 exprimere

1048 2478 1185 2515 granea
1205 2467 1277 2504 scil.
1300 2472 1340 2504 ut
1355 2469 1510 2518 prodeat
1529 2470 1681 2519 oleum),

1026 2520 1243 2570 ἐκπιέζειν,
1282 2528 1321 2560 ut
1355 2529 1458 2562 vetus
1487 2526 1682 2564 scholiasta

1028 2579 1178 2628 quidam
1215 2580 1378 2630 explicat.
1437 2582 1546 2620 conf.
1572 2584 1682 2622 IVes-

1029 2635 1156 2683 seling.
1175 2636 1222 2672 ad
1241 2637 1276 2673 h.
1296 2636 1319 2673 l.

1087 2693 1410 2742 συγκομίζονται]
1451 2693 1474 2730 i.
1508 2707 1539 2731 e.
1580 2694 1680 2732 colli-

1028 2751 1119 2796 gunt
1137 2749 1204 2785 sibi
1220 2751 1257 2786 in
1277 2762 1378 2786 usum
1397 2749 1565 2800 futurum
1592 2751 1684 2788 illud

1027 2809 1233 2853 reponentes.
1265 2806 1337 2843 Ubi
1352 2810 1441 2842 nota
1455 2807 1566 2844 medii
1581 2808 1683 2845 verbi

1029 2874 1134 2897 usum
1160 2874 1202 2898 ac
1222 2862 1305 2899 vim.
1333 2883 1390 2889 ·--
1412 2860 1610 2915 προσηνὲς
1625 2867 1683 2902 est

1031 2917 1265 2967 commodum,
1294 2917 1462 2957 idoneum.
