1768 3315
642 233 854 273 CLIO.
913 234 940 270 Ι.

1340 237 1420 278 261

159 353 232 406 τῆς
264 346 468 402 Κολχίδος
496 342 550 386 οὐ
578 343 744 386 πολλὸν
772 340 1014 399 ὑπερβῆναι
1036 342 1078 394 ἐς
1099 342 1178 400 τὴν
1199 344 1418 401 Μηδικὴν,

161 426 268 471 ἀλλὰ
296 427 345 467 ’ἐν
373 422 420 466 τὸ
449 421 520 465 διὰ
550 420 688 477 μέσου
719 422 849 474 ἔθνος
889 419 1038 465 αὐτῶν
1075 422 1186 476 ἐστὶ,
1237 422 1421 467 Σάσπει-

162 522 230 560 929
241 519 250 529 ⁰

103 695 239 730 tantum
262 689 401 726 diei-tun
431 687 499 725 iter
520 687 617 724 dicat
638 700 750 737 expe-

103 748 177 785 dito
198 747 273 783 viro
294 758 376 782 eum
393 748 545 780 tractum
558 756 751 794 permean-

101 805 145 850 ti,
178 803 237 852 qui
258 814 281 839 a
298 801 388 838 mari
404 801 669 838 mediterraneo
690 814 752 836 us-

100 873 171 910 que
199 859 246 896 ad
275 857 434 895 Pontum
466 857 647 894 Euxinum
686 870 753 906 per

98 917 220 953 Asiam
240 915 417 951 minorem
437 914 567 961 tendit,
584 913 751 962 Schwgh.

98 972 326 1010 Herodotum
356 970 412 1007 hic
438 970 537 1019 loqui
564 974 677 1018 negat
706 970 752 1007 de

99 1042 143 1067 ea
161 1028 361 1065 Maeotidis
372 1026 514 1077 paludis
527 1031 643 1076 parte,
659 1039 753 1074 quae

99 1084 267 1123 Colchidi
304 1088 360 1120 est
398 1083 582 1133 proxima,
629 1095 752 1119 verum

101 1143 147 1179 de
179 1141 272 1177 ostio
294 1139 513 1186 Maeotidis,
545 1143 582 1176 et
604 1139 752 1188 quidem

99 1199 144 1236 de
166 1197 337 1235 ulteriore
356 1208 420 1233 ora
445 1195 536 1232 illius
560 1196 662 1242 ostii,
691 1195 751 1231 ubi

99 1254 375 1291 cimmeriorum
394 1252 477 1289 olim
495 1252 597 1289 suere
619 1251 749 1298 sedes;

99 1311 178 1349 coll.
200 1310 262 1358 lv,
290 1311 339 1350 11
361 1321 439 1357 seq.

156 1362 205 1406 ου’
216 1362 363 1404 πολλδν
384 1363 609 1415 ὑπερβῆναι
627 1362 665 1410 ἐς
676 1360 750 1414 τὴν

100 1419 318 1474 Μηδικήν]
356 1419 415 1458 Ad
446 1425 661 1457 structuram
684 1420 750 1457 loci

98 1479 368 1530 grammaticam
398 1477 529 1528 supple
552 1476 655 1525 ἕστίς
684 1490 751 1514 non

97 1536 243 1574 multam
263 1535 332 1583 (sc.
354 1534 490 1571 itineris
514 1534 603 1582 est),
633 1538 750 1570 trans-

97 1592 252 1630 scendere
270 1594 309 1629 in
322 1590 495 1628 Mediam.
525 1590 622 1627 Nam
632 1588 751 1640 ’ὑπερ-

100 1649 254 1701 βαίνειν
276 1647 494 1696 transgredi,
514 1648 688 1695 frequens
704 1647 752 1684 de

99 1705 301 1752 montibus,
329 1704 458 1740 fluviis.
504 1703 564 1740 De
582 1703 663 1752 ipsa
680 1703 751 1750 vizi,

99 1763 171 1812 qua
191 1775 265 1798 non
283 1760 388 1798 valde
406 1760 516 1807 longit
537 1761 574 1796 in
584 1759 747 1797 Mediam

98 1832 119 1856 e
140 1817 314 1855 Colchide
342 1816 521 1866 perveniri
549 1829 662 1866 posse
688 1815 747 1853 hic

96 1879 219 1912 narrat
235 1874 471 1920 Herodotus,
499 1872 640 1909 monuit
665 1872 748 1909 Rit-

97 1936 163 1969 ter.
184 1930 388 1967 Erdknnde
403 1929 437 1965 Π
456 1942 492 1979 p.
505 1930 584 1969 911
600 1957 610 1975 ‚
642 1928 747 1964 Plinii

98 1999 244 2037 quoque
264 1986 475 2024 testimonio
488 1986 602 2022 accito
631 1985 748 2033 (Hist.

97 2043 185 2082 Nat.
205 2043 254 2081 Vl
268 2073 278 2091 ‚
300 2044 383 2091 19),
415 2042 477 2091 qui
494 2042 639 2079 Indicas
655 2054 751 2079 mer-

97 2114 158 2139 ces
185 2100 223 2137 in
250 2101 386 2148 Cyrum
412 2098 559 2136 fluvium
590 2111 633 2135 ex
657 2098 749 2134 mari

98 2157 235 2207 Caspio
257 2157 467 2203 subvectas,
506 2157 656 2205 quinque
682 2168 749 2191 non

97 2213 248 2264 amplius
267 2213 400 2250 dierum
416 2215 547 2249 terreno
563 2213 685 2248 itinere
699 2212 747 2248 ad

97 2270 233 2307 Phasin
250 2269 288 2306 in
308 2270 465 2306 Pontum
485 2268 613 2307 devehi
633 2281 748 2318 posse

98 2326 230 2364 scribit.
289 2326 373 2370 Quo
395 2326 433 2362 in
453 2325 580 2363 itinere
604 2324 745 2361 aPhasi

96 2395 211 2432 usque
247 2383 297 2419 ad
329 2383 465 2431 Cflum
495 2381 661 2419 curribus
703 2394 747 2418 ac

98 2439 268 2489 plaustris
306 2439 354 2475 ad
387 2452 526 2476 merces
560 2437 745 2475 vehendas

98 2499 237 2532 veteres
270 2509 357 2532 usos
387 2508 469 2533 esse
500 2495 597 2532 idem
622 2498 747 2532 monet

99 2551 259 2588 Ritterus
274 2552 431 2600 indeque
450 2551 629 2600 insignem
639 2564 746 2601 repe-

100 2606 144 2643 tit
157 2606 371 2644 Bactrorum·
377 2612 414 2645 et
424 2608 641 2644 Colchorum
652 2621 747 2645 mer-

101 2665 279 2710 caturam,
308 2677 403 2712 quae
419 2664 500 2713 ipsa
518 2665 566 2700 ad
583 2664 675 2701 illius
688 2677 747 2702 re-

102 2717 223 2765 gionis
241 2731 283 2756 ac
308 2721 466 2757 fluminis
492 2721 647 2768 famam,
692 2725 747 2757 tot

102 2773 233 2810 sabulis
275 2775 490 2814 celebratam
523 2790 747 2828 magnopere

102 2828 259 2867 valuerit.

159 2879 254 2925 (ἑλλοὶ
272 2885 318 2926 ’ἐν
339 2883 380 2927 τὸ
397 2884 461 2927 §ui
478 2886 599 2941 μέσου
623 2888 745 2936 ἔθνος

301 505 430 545 τοῦτο
461 501 508 544 δὲ
537 501 977 559 παραμειβομένοισι,
1015 499 1127 545 εἶναι
1157 501 1203 545 ἐν
1232 505 1287 558 τῇ
1320 506 1414 559 Μη-

821 681 956 726 aziz-aiv
987 685 1089 734 ἐστὶ,
1125 682 1374 739 Σάσπειρες]
1434 689 1473 725 ln

819 744 972 782 lectione
982 739 1202 793 Σάσπειρες
1221 744 1300 782 libri
1320 759 1475 783 consen-

819 801 938 847 tiunt,
959 801 1009 837 ita
1027 804 1067 837 ut
1079 800 1166 837 nihil
1184 802 1231 838 sit
1249 803 1472 839 mutandum.

820 856 935 894 Paulo
976 856 1125 894 inferius
1165 857 1203 904 I,
1242 861 1322 899 110
1368 858 1473 895 huius

821 913 941 964 gentis
967 916 1101 950 terrain
1136 914 1222 950 dicit
1249 914 1354 951 valde
1371 928 1475 951 mon-

821 974 955 1017 tosam,
970 969 1079 1006 altam
1101 969 1287 1019 sylvisque
1308 984 1471 1021 opacam.

821 1025 870 1063 Et
889 1027 983 1063 conf.
1002 1030 1194 1075 praeterea
1214 1028 1260 1064 ‹le
1279 1027 1349 1063 situ
1368 1027 1472 1063 liuius

820 1082 980 1119 nationis
1004 1082 1181 1119 Nostrum
1208 1082 1281 1129 Ul,
1315 1083 1379 1123 94.
1409 1084 1474 1131 lv,

819 1140 885 1180 37.
917 1137 1006 1184 Vll,
1029 1141 1082 1179 79
1108 1151 1150 1175 ac
1166 1138 1270 1188 plura
1289 1139 1474 1177 disseren-

819 1199 894 1232 tem
909 1194 1131 1231 Larcherum
1151 1194 1187 1231 in
1203 1195 1278 1232 tab.
1301 1195 1472 1244 Geogra-

819 1251 925 1300 pliica
944 1250 1029 1287 VllI
1048 1263 1135 1300 pag.
1158 1250 1240 1291 482
1261 1264 1339 1299 seq.
1369 1252 1474 1289 Ren-

818 1307 888 1344 nel.
904 1306 1118 1356 Geograph.
1136 1306 1315 1344 Herodot.
1325 1321 1361 1357 p.
1375 1307 1470 1349 503.

819 1363 983 1406 Quorum
996 1377 1016 1400 e
1026 1363 1343 1413 disputationibus,
1364 1376 1473 1414 prae-

817 1419 941 1457 sertim
969 1420 999 1456 si
1034 1419 1229 1466 adieceris,
1267 1432 1362 1468 quae
1389 1420 1471 1457 Rit-

817 1479 917 1513 terns
958 1477 1098 1513 notavit
1133 1476 1169 1512 in
1203 1476 1407 1513 Erdkunde
1437 1476 1471 1514 II

818 1545 904 1583 pag.
929 1533 1032 1579 922,
1063 1532 1150 1569 illud
1163 1532 1328 1579 efficitur,
1339 1532 1470 1583 Saspi-

818 1602 877 1626 res
902 1588 1087 1626 habitasse
1120 1589 1213 1625 circa
1243 1589 1470 1639 superiorem

819 1645 957 1694 Cyrum
980 1646 1127 1682 fluvium
1148 1645 1190 1680 iis
1212 1646 1289 1683 sere
1317 1646 1353 1681 in
1372 1646 1470 1695 regi-

819 1701 948 1738 onibus
961 1702 1159 1750 Gemgiae,
1179 1701 1215 1737 in
1235 1702 1473 1750 quibusnunc

823 1757 932 1808 Tiflz's
952 1758 1023 1795 sita
1048 1762 1122 1806 est,
1153 1770 1322 1806 quaeque
1342 1759 1470 1795 etiam-

817 1827 901 1851 num
926 1819 1099 1852 vocantur
1131 1813 1471 1862 Tscln'n-Kaituel,

818 1874 854 1910 et
883 1869 987 1921 plura
1016 1871 1202 1908 continent
1236 1870 1335 1919 loca,
1375 1884 1469 1920 quo-

815 1940 894 1964 rum
919 1928 1066 1964 nomina
1092 1927 1270 1976 incipiunt·
1288 1940 1310 1963 a
1331 1927 1470 1976 syllaba

821 1983 951 2020 Tscln’n
961 1997 974 2028 ‚·
1004 1985 1101 2021 unde
1117 1983 1310 2020 verisimile
1327 1985 1468 2021 videtui·

814 2040 981 2087 Rittero,
1011 2040 1180 2090 Saspires
1212 2053 1294 2077 esse
1313 2041 1466 2077 eosdem

814 2100 925 2146 atque
944 2097 1067 2134 Iberos
1090 2096 1283 2133 orientales
1295 2125 1305 2143 ,
1322 2098 1472 2133 nomine

813 2154 896 2204 ipso
927 2154 1012 2191 inde
1043 2155 1288 2200 con-formato,
1319 2153 1366 2189 de
1388 2154 1467 2202 qui—

816 2210 883 2247 bus
922 2215 1008 2260 post
1047 2209 1179 2247 Graeci
1226 2213 1282 2246 tot
1324 2209 1468 2246 fabulas

813 2267 994 2304 finxerint.
1091 2266 1199 2302 Conf.
1250 2265 1466 2303 Billerbeck.

812 2322 914 2361 Diss.
936 2324 983 2361 de
1002 2322 1117 2361 Asiae
1126 2323 1305 2360 Herodot.
1319 2322 1471 2359 difficili-

812 2392 897 2431 pag.
920 2383 970 2420 21
994 2384 1072 2417 not.

869 2439 985 2476 τοῦτο
1009 2434 1051 2475 δὲ
1071 2433 1468 2486 παραμειβομένοισι,

815 2488 919 2532 εἶναι
947 2493 991 2533 ἐν
1015 2496 1066 2546 τῇ
1085 2490 1280 2546 Μηδικῇ]
1310 2491 1369 2528 Ad
1385 2491 1468 2528 infi-

814 2550 966 2588 nitivum
996 2546 1099 2589 εἶναι
1123 2548 1298 2599 supplent
1329 2547 1465 2596 ἔξεστι,

814 2607 916 2656 quod
943 2607 1069 2658 aptius.
1094 2607 1258 2652 videtur,
1297 2618 1407 2654 qnam
1436 2603 1469 2640 si

813 2661 971 2716 λέγουσι
989 2664 1164 2701 omissum
1181 2665 1332 2698 statuas.
1349 2660 1468 2698 Nam-

814 2733 886 2769 que
921 2721 1134 2758 infinitivum
1173 2731 1246 2767 quo
1277 2719 1394 2755 minus
1423 2729 1467 2754 ex

813 2777 949 2814 omissa
972 2776 1148 2827 particula
1184 2771 1280 2813 ὥστε
1312 2773 1468 2824 explice-

813 2846 917 2882 mus,
952 2833 1105 2885 impedit
1135 2831 1266 2883 opinor
1290 2828 1472 2882 particula

815 2887 872 2928 δέ..
