1814 3315
2 2813 5 2831 l

620 273 918 312 cL10.1.

1316 274 1400 317 205

143 390 217 439 δος
244 386 419 443 μοίρης,
460 381 786 439 ἀποταμόμενοι
815 382 941 439 ἔσχον
971 384 1015 426 οἷ
1042 383 1393 440 Λακεδαιμόνιοι.
1406 392 1451 427 75

141 461 196 523 ἦν
224 466 269 509 δὲ
295 463 368 508 καὶ
396 460 422 518 ἦ
454 461 579 518 μέχρι
605 465 795 507 Μαλεεόν
823 461 851 518 ἦ
881 462 992 518 πρὸς
1031 462 1214 521 ἕσπέρην
1238 462 1394 520 Ἀργεί-

81 673 240 724 inprimis
259 675 355 709 terra
374 670 460 718 fuit,
489 670 537 708 de
553 683 625 720 qua
640 672 727 710 inde

81 731 127 767 ab
151 728 399 777 antiquissima
422 732 541 764 aetate
573 733 728 778 utraque

80 798 170 835 gens
189 785 438 834 disceptabat,
458 784 633 834 varioque
645 799 727 822 suc-

77 854 185 879 cessu
206 841 378 879 certabat.
436 840 498 877 Sic
526 846 611 890 post
640 842 727 878 Phi-

77 898 232 945 donem,
278 901 470 946 tyrannum
498 895 728 947 Argivorum,

76 955 195 992 denuo
213 957 416 1003 pugnatum
437 953 590 1002 legimus
600 954 728 1003 Olym-

74 1011 184 1062 piade
206 1010 289 1057 XV,
318 1008 547 1059 Argivosque
571 1011 724 1049 victores

75 1067 288 1105 discessisse
319 1079 339 1103 e
366 1079 493 1117 pugna
514 1067 562 1103 ad
590 1067 725 1116 Hysias

74 1123 268 1162 commissa
305 1122 452 1173 Olymp.
490 1123 652 1170 XXVII,
684 1123 722 1165 4.

11 1192 14 1196 ’
73 1181 246 1230 Sequitur
283 1179 369 1216 dein
402 1192 526 1229 pugna
556 1179 635 1227 illa,
675 1181 723 1218 de

74 1250 146 1286 qua
163 1237 198 1273 h.
222 1236 244 1272 l.
260 1236 491 1282 Herodotus,
530 1237 723 1273 commissa

73 1294 166 1331 circa
204 1292 412 1342 Olympiad.
449 1291 591 1338 LVIII,
621 1293 722 1329 cuius

71 1348 281 1388 memoriam
307 1348 465 1385 carmina
490 1347 723 1386 celebrabant

70 1406 108 1443 in
138 1405 326 1443 Laconum
345 1404 632 1453 Gymnopaediis
662 1418 722 1443 re-

70 1462 171 1500 citari
202 1461 330 1507 solita3
377 1464 419 1496 ut
447 1460 504 1498 vel
537 1461 623 1499 inde
652 1461 722 1499 hoc

68 1519 188 1570 ipsum
223 1518 355 1555 festum
385 1516 540 1567 Spartae
576 1517 721 1555 institu-

68 1579 145 1613 tum
168 1574 283 1612 fuisse
310 1573 432 1611 velint.
491 1573 589 1611 Nam
612 1574 718 1611 huius

66 1636 224 1679 tractus,
265 1630 427 1679 quamvis
457 1630 600 1679 exigui,
629 1644 719 1681 pos-

69 1689 188 1726 sessio
212 1686 362 1724 multum
382 1690 504 1724 tamen
530 1686 643 1723 valuit
670 1688 719 1724 ad

66 1758 126 1783 res
146 1743 334 1781 Laconum
359 1742 554 1779 firmandas
574 1756 717 1781 eorum-

67 1814 139 1851 que
170 1799 359 1850 imperium
390 1798 428 1834 in
459 1799 716 1850 Peloponneso

65 1856 338 1903 stabiliendum,
370 1868 480 1904 quum
499 1857 603 1893 facile
622 1869 717 1893 nunc

64 1914 184 1951 aditus
222 1915 365 1962 pateret
407 1913 456 1948 ad
502 1911 715 1961 Argolidem

64 1973 197 2007 terram
214 1970 364 2018 eiusque
382 1969 500 2005 urbes
560 1968 621 2005 Tu
643 1969 713 2006 vid.

63 2030 208 2076 praeter
237 2037 301 2071 ea,
332 2037 427 2074 quae
451 2024 717 2074 WVesselingius

62 2081 210 2129 laudat,
251 2081 508 2130 Wyttenbach.
534 2083 583 2118 ad
619 2081 713 2119 Plat.

61 2136 199 2176 Phaed.
243 2151 280 2188 p.
315 2139 417 2185 236,
455 2138 502 2174 ad
532 2138 712 2175 Plutarch.

61 2193 191 2232 Moral.
209 2194 245 2241 Ι,
266 2197 293 2235 2
321 2206 407 2243 pag.
430 2196 550 2235 1176.
581 2195 625 2231 C.
663 2195 710 2232 Ο.

61 2249 201 2288 Miiller.
218 2250 382 2300 Dor.Ip.
401 2250 479 2291 154
497 2263 600 2300 seqq.
617 2251 708 2292 158.

61 2305 121 2345 De
165 2307 451 2356 Gyr'nnopaediis
504 2307 711 2344 consulatur

61 2361 255 2401 Ruhnken.
275 2363 323 2399 ad
341 2363 485 2400 Timaei
503 2362 593 2400 Lex.
613 2363 708 2401 Plat.

61 2430 99 2467 p.
121 2418 174 2460 74
203 2423 240 2457 et
267 2431 362 2468 quae
398 2420 446 2456 ad
476 2420 614 2457 Herod.
645 2420 709 2468 VI,

63 2476 116 2514 67
142 2476 314 2512 dicentur.
361 2475 545 2524 Thyream
577 2476 707 2526 ipsam,

0 2540 1 2568 1
62 2542 155 2578 quae
194 2532 231 2568 in
261 2531 421 2579 Cynuria
452 2532 603 2581 regione
637 2533 708 2570 sita

61 2589 141 2633 est,
169 2599 263 2624 nunc
274 2587 398 2624 volunt
423 2602 505 2625 esse
531 2589 707 2639 Amethy-

62 2652 145 2687 νεα,
192 2644 260 2680 nisi
303 2657 403 2680 error
432 2644 470 2680 in
518 2646 705 2693 vocabulo,

61 2701 230 2736 monente
255 2699 298 2735 C.
329 2700 375 2736 O.
401 2699 597 2738 Miillerol.
619 2701 640 2738 l.
670 2701 705 2738 ΙΙ

60 2763 99 2800 P·
123 2751 216 2793 438
256 2754 327 2797 Qui
345 2755 470 2792 idem*
462 2770 498 2792 m
519 2756 702 2806 Aeginett.

62 2818 150 2856 pag.
173 2807 226 2849 46
246 2809 319 2847 de
311 2823 390 2860 ipsa
401 2812 561 2860 Cynuria
579 2814 704 2864 dispu-

62 2862 153 2899 tavit
171 2864 285 2911 terra,
314 2867 443 2914 exigua
470 2869 637 2917 quidem,
666 2870 704 2906 in

61 2917 217 2955 confinio
259 2918 461 2971 Argolidis,
505 2924 703 2972 Laconiae,

792 670 990 720 Arcadiae,
1013 673 1062 710 ad
1081 671 1288 709 Parnonem
1309 675 1346 709 et
1356 670 1447 708 Par-

792 729 952 766 thenium
979 729 1051 766 sita
1083 729 1177 766 circa
1209 728 1349 766 Panum
1378 729 1446 765 flu-

794 785 902 822 vium.

853 857 904 892 ην
924 838 966 880 δὲ
988 840 1057 880 καὶ
1084 858 1109 892 η
1134 839 1244 909 μέχρι
1266 842 1445 880 Μαλεων

796 895 825 949 ’ἦ
862 913 965 947 ποος
1011 897 1181 949 ἓσπέοην
1230 893 1443 949 Ἀργείων]

795 955 923 1005 Suppl.
937 952 1067 1005 χώοη,
1086 960 1125 991 ut
1144 955 1235 992 haec
1255 955 1303 991 sit
1324 955 1446 992 Hero-

794 1011 871 1048 doti
884 1012 1083 1049 sententia:
1102 1010 1320 1060 Argivorum
1332 1012 1445 1048 fuisse

794 1080 896 1105 oram
925 1067 1168 1118 Peloponnesi
1197 1081 1341 1106 omnem
1358 1068 1445 1105 inde

793 1124 974 1172 aThyrea
990 1137 1105 1173 usque
1115 1125 1163 1161 ad
1179 1123 1338 1162 Maleam
1356 1137 1444 1175 pro-

790 1181 1010 1217 montorium
1057 1180 1178 1229 (quae
1209 1180 1289 1217 Ioni
1316 1193 1358 1218 ac
1385 1180 1444 1218 vel

789 1236 859 1286 ipsi
875 1236 1012 1285 Argivo
1034 1237 1083 1273 ad
1101 1249 1268 1273 occasum
1295 1237 1363 1274 sita
1389 1237 1443 1274 vi-

790 1293 868 1330 deri
892 1296 1035 1343 potest,
1075 1306 1155 1329 cum
1186 1294 1232 1330 ab
1266 1292 1443 1342 Argolide

789 1361 906 1397 usque
942 1350 990 1386 ad
1027 1348 1115 1386 illud
1154 1349 1442 1399 promontorium

788 1418 938 1442 occasus
965 1418 1090 1442 versus
1121 1405 1206 1444 inde
1233 1404 1380 1455 tendat)
1405 1410 1442 1444 et

787 1464 922 1499 terram
953 1462 1197 1500 continentem
1228 1466 1265 1500 et
1303 1462 1440 1511 Cythe-

787 1531 864 1555 ram
899 1518 1052 1555 insulam
1082 1519 1314 1568 reliquasque
1336 1520 1440 1556 insu-

789 1573 855 1612 las.
930 1575 1042 1613 Unde
1086 1579 1189 1626 patet
1232 1588 1439 1614 sermonem

786 1630 843 1668 hic
862 1643 943 1668 esse
961 1632 1008 1669 de
1034 1644 1078 1669 ea
1097 1632 1342 1683 Peloponnesi
1359 1634 1437 1680 ora,

786 1699 896 1736 quam
933 1687 1146 1726 orientalem
1174 1702 1242 1725 nos
1266 1702 1437 1726 vocamus

785 1756 901 1792 usque
919 1745 967 1780 ad
984 1744 1145 1781 Maleam
1159 1773 1169 1791 ‚
1190 1746 1288 1783 unde
1308 1746 1356 1783 ad
1375 1759 1438 1783 oe-

784 1800 963 1837 cidentem
991 1802 1109 1850 vergit
1131 1814 1215 1847 ora3
1254 1803 1302 1839 ad
1326 1815 1437 1852 quam

783 1857 936 1893 eandem
956 1858 1139 1907 pertinent
1158 1859 1267 1896 urbes
1287 1858 1436 1897 Prasiae

784 1913 1001 1963 Cyphanta,
1032 1913 1259 1964 Epidaurus,
1298 1915 1436 1965 Epide-

782 1968 867 2006 lion.
928 1970 1013 2013 Quo
1049 1970 1126 2007 iure
1150 1970 1262 2020 igitur
1292 1972 1338 2009 de
1371 1972 1436 2009 ora

781 2026 994 2063 occidentali
1027 2026 1079 2074 (,‚
1094 2027 1152 2065 die
1180 2040 1299 2076 ganze
1323 2027 1435 2064 West-

781 2081 888 2120 kiiste
917 2083 982 2120 des
1003 2083 1237 2133 Peloponnes
1267 2085 1322 2121 bis
1350 2084 1434 2121 Ma-

781 2137 863 2187 lea)
904 2139 947 2175 C.
976 2140 1022 2176 Ο.
1053 2139 1229 2178 Miillerus
1269 2141 1384 2189 (Dor.
1415 2141 1434 2179 I

780 2208 817 2245 p.
842 2195 949 2244 154)
980 2196 1151 2247 accipiat,
1191 2198 1271 2247 ipse
1297 2198 1431 2235 videat.

777 2251 879 2288 Idem
898 2256 1006 2290 antea
1036 2253 1239 2302 (Aeginett.
1258 2267 1344 2304 pag.
1356 2254 1430 2303 54)

777 2308 1009 2357 quaesierat,
1042 2322 1115 2358 quo
1137 2314 1301 2360 tempore
1319 2312 1431 2349 hocce

775 2363 958 2402 Laconiae
978 2365 1061 2402 litus
1080 2366 1118 2402 in
1135 2365 1353 2415 Argivorum
1373 2368 1431 2404 di-

774 2421 910 2457 tionem
958 2422 1119 2470 venerit‚
1174 2423 1286 2472 idque
1334 2424 1429 2461 inter

774 2476 979 2514 Echestrati
991 2478 1087 2527 regis
1096 2483 1240 2530 tempus
1249 2485 1285 2518 et
1299 2481 1429 2529 Olym-

774 2533 919 2583 piadem
964 2536 1328 2584 undesexagesimam
1370 2538 1429 2574 sa-

775 2593 870 2626 ctum
897 2591 963 2627 sub
986 2604 1075 2641 rege
1093 2590 1308 2641 Argivorum
1339 2593 1427 2630 Phi-

774 2646 871 2683 done
891 2652 1116 2694 asseruerat,
1136 2662 1217 2686 cum
1235 2654 1319 2687 ante
1337 2650 1426 2687 Phi-

774 2703 907 2740 donem
926 2716 1067 2741 summa
1088 2704 1334 2756 Peloponnesi
1359 2719 1427 2756 pe-

772 2771 839 2796 nes
859 2759 1061 2809 Spartanos
1080 2761 1188 2798 fuerit
1219 2766 1254 2800 et
1275 2764 1323 2799 ad
1342 2776 1426 2799 eos-

773 2815 858 2852 dem
889 2820 975 2865 post
1015 2817 1219 2855 Phidonem
1257 2832 1423 2856 eversum

772 2883 920 2919 quoque
946 2872 1104 2909 redierit.
1164 2875 1270 2917 Quae
1298 2879 1423 2912 tamen

772 2932 857 2976 post
884 2928 955 2977 ipsi
996 2927 1116 2976 (Dor.
1145 2929 1162 2966 I
1194 2943 1281 2981 pag.
1313 2929 1421 2977 154)
