1805 3315
661 263 880 302 CLlO.
938 264 965 302 Ι.

1386 266 1467 308 117

180 376 320 436 τούτῳ
371 374 399 419 ὅ
436 389 478 418 τι
523 373 615 429 ἔχοι
655 372 845 424 ἕκαστος.
905 371 965 423 ὥς
1010 372 1057 416 δὲ
1095 373 1143 417 ἐκ
1183 375 1258 430 τῆς
1307 375 1468 431 θυσίης

179 457 366 512 ἐγένετο,
405 451 722 509 καταχεάμενος
758 451 925 509 χρυσὸν
954 451 1161 505 ἄπλετον,
1201 451 1510 508 ἡμιπλίνθια55

174 534 219 586 ἐξ
246 529 384 577 αὐτοῦ
415 530 639 589 ἐξήλαυνε·
682 532 753 577 ἐπὶ
791 531 871 590 μὲν
906 530 960 576 τὰ
989 529 1259 590 μακρότερα,
1300 531 1464 576 ποιέων

184 715 239 766 ὥς
259 714 303 758 δὲ
327 716 371 758 ἐκ
387 718 460 769 τῆς
485 716 634 770 θυσίης
654 715 778 772 ἐγένε-

127 773 196 826 το]
226 776 250 812 i.
264 788 295 814 e.
309 777 467 826 peractis
485 776 682 826 sacrificiis.
712 775 779 813 Di-

125 832 282 869 ctionem
301 832 488 884 γίνεσθαι
517 827 599 872 οἷπό
629 833 706 870 sive
737 830 779 870 ἔκ

124 902 233 935 τινος
256 888 344 925 satis
363 888 568 936 illustrant,
599 901 693 938 quae
706 888 779 925 eol-

124 944 213 993 legit
237 944 430 983 Fischerus
460 947 509 983 ad
534 945 682 983 iVeller.
715 944 780 992 111,

123 1002 152 1041 6
179 1013 266 1051 pag.
294 1003 385 1044 108.
443 1001 486 1039 In
515 1015 618 1052 seqq.
655 1002 703 1039 ad
735 997 776 1040 ἅ-

122 1059 266 1097 πλετον
301 1057 464 1107 (ingens,
494 1058 677 1107 magnum)
708 1057 775 1097 Cr.

122 1114 263 1152 confert
286 1114 434 1152 Graevii
452 1114 570 1153 Lectt.
592 1115 773 1153 Hesiodd.

122 1183 202 1222 cap.
226 1170 537 1209 XX1n1tadv.s
560 1173 653 1212 147.

178 1223 432 1291 ’ἡμιπλίνθια
450 1225 491 1275 ἐξ
527 1222 653 1267 αυτοῦ
681 1221 771 1278 ἐξή

121 1282 271 1334 λαυνε]
295 1278 519 1330 ἐξελαννειν
542 1284 600 1321 hic
629 1285 677 1322 de
696 1296 774 1321 me-

121 1339 239 1387 tanis,
285 1352 380 1390 quae
422 1339 598 1377 ducuntur
634 1339 772 1388 malleo,

120 1407 194 1432 non
217 1395 303 1444 igne
317 1395 516 1445 liquefiunt.
547 1396 630 1434 Nos
640 1396 771 1446 vulgo:

120 1451 269 1500 treiben,
300 1452 474 1502 sclaelagen.
534 1452 596 1490 Tu
613 1453 685 1490 vid.
716 1453 772 1490 in-

119 1510 175 1545 sra
195 1508 338 1547 Herod.
359 1509 401 1557 Ι,
423 1511 477 1551 68
497 1515 534 1547 et
565 1522 659 1559 quae
687 1509 771 1558 alia,

116 1568 290 1603 monente
312 1565 394 1614 Cr„
431 1566 564 1603 excitat
592 1566 771 1605 Graevius

117 1621 156 1658 in
182 1620 300 1660 Lectt.
328 1621 509 1660 Hesiodd.
537 1635 616 1673 cap.
639 1626 691 1665 19
721 1623 770 1660 ad

115 1690 170 1714 vs,
205 1679 297 1719 143.
369 1677 468 1716 Hinc
514 1674 771 1729 σφυρήλατος

118 1729 238 1773 εἰκῶν
267 1735 367 1784 apud
381 1733 561 1773 Herodot.
583 1735 673 1784 VII,
692 1738 768 1783 693

114 1789 200 1827 hinc
229 1787 427 1841 ἐλάσματα
459 1787 627 1843 σιδήρου
657 1792 713 1840 (i.
735 1806 765 1831 e.

113 1845 350 1896 Eisenbleclz)
400 1850 501 1897 apud
547 1849 765 1887 Pausaniam

112 1902 174 1951 X,
205 1906 277 1950 163
315 1904 378 1953 qui
402 1903 500 1942 idem
536 1904 668 1953 (VIII,
699 1907 762 1946 17.

114 1960 188 2008 14)
207 1960 494 2010 antiquissimum
513 1973 605 2011 opus
624 1975 668 2000 ex
679 1974 764 2000 aere

110 2014 206 2053 hunc
223 2016 262 2053 in
270 2017 418 2054 modum
429 2017 653 2055 elaboratum
664 2031 765 2056 com—

109 2077 307 2122 memorat,
336 2073 629 2124 Iovem-Hypatis
646 2076 763 2126 Spar-

109 2132 288 2168 tanorum,
319 2129 384 2167 Cr.
405 2130 509 2167 addit
534 2130 668 2180 Heyne
684 2130 762 2168 An-

109 2185 201 2234 tiqq.
221 2185 386 2224 Aufsiitz.
404 2186 422 2223 I
439 2199 477 2237 p.
501 2188 556 2228 73
578 2192 615 2225 et
625 2186 759 2238 Apion.

109 2241 147 2278 in
169 2242 295 2280 Gloss.
310 2242 516 2281 Homerico.
535 2256 591 2281 nr.
614 2243 668 2286 55
682 2258 719 2294 p.
733 2246 760 2286 8

109 2297 190 2347 (ubi
216 2298 390 2349 legimus:
427 2297 549 2351 ’ἤλασε
569 2321 626 2328 -
653 2297 760 2352 ἐχάλ-

107 2354 263 2405 κευσε),
292 2355 362 2393 alia
381 2356 420 2393 in
439 2357 658 2394 Commentt.
679 2357 760 2395 He-

108 2411 244 2449 rodott.
271 2425 360 2462 pag.
379 2414 474 2454 302.
495 2435 552 2441 —-
572 2411 759 2465 ἡμιπλίν-

109 2469 205 2516 θια,
242 2468 424 2507 dimidiati
451 2469 598 2519 lateres,
646 2469 757 2520 vulgo

109 2522 218 2561 iidem
233 2524 412 2563 habentur
428 2530 539 2576 atque
571 2527 757 2575 πλίνθοι,

110 2577 254 2629 latere-⁹,
315 2583 378 2632 qui
419 2583 516 2621 scili«,
504 2587 555 2622 et
600 2586 755 2621 formam

111 2640 235 2674 exacte
273 2640 487 2688 quadratam
522 2643 559 2678 et
596 2645 755 2689 quatuor

110 2688 394 2744 lateraaequalia
409 2697 620 2745 praebeant.
643 2696 753 2735 Plura

112 2744 359 2787 Hemsterhus.
394 2752 442 2788 ad
473 2752 626 2790 Lucian.
654 2753 757 2790 Con-

112 2802 236 2851 templ
272 2807 325 2846 12
349 2806 458 2845 '10m.
487 2809 540 2846 111
564 2821 651 2859 pag.
673 2811 762 2852 390

112 2858 170 2895 ed.
192 2858 275 2910 Bip.
304 2862 381 2900 Sed
398 2864 601 2903 Herodotei
624 2866 757 2904 lateres

111 2914 289 2953 eiusmodi
321 2919 467 2958 minime
502 2923 672 2970 fuerunt,
717 2926 758 2960 ut

846 717 958 757 verba
971 720 1058 769 post
1068 718 1194 757 addita
1214 718 1303 757 satis
1319 730 1504 758 common-

847 779 986 821 strant3
1007 776 1107 814 fuere
1127 776 1222 814 enim
1243 776 1417 814 illisorma
1427 789 1504 814 non

847 844 1112 882 usquequaque
1132 833 1330 882 quadrata,
1354 834 1422 871 sed
1433 833 1501 870 ob-

847 888 977 936 longa,
1005 901 1085 926 cum
1115 902 1179 927 sex
1202 889 1402 940 palmarum
1420 889 1500 926 lon-

847 944 1068 993 gitudinem,
1100 946 1208 983 trium
1243 959 1330 984 vero
1358 949 1499 984 tantum

846 1000 1072 1038 latitudinem
1117 1003 1294 1040 referrent
1347 1001 1499 1052 (neque

845 1070 932 1106 sex,
957 1058 1087 1107 quibus
1108 1059 1226 1096 forma
1253 1062 1378 1097 exacte
1406 1071 1499 1109 qua-

844 1115 949 1151 drata
998 1114 1252 1164 efficeretur);
1307 1116 1409 1163 sive,
1456 1118 1497 1153 ut

842 1169 1177 1218 Schweighaeuseri
1226 1174 1308 1208 utar
1351 1172 1495 1219 verbis,

841 1228 917 1274 „in
954 1225 1142 1274 longiorem
1175 1230 1315 1277 partem
1350 1225 1416 1266 ἐπὶ
1445 1225 1494 1267 τοὶ

841 1277 1060 1334 μακρότερα
1089 1283 1158 1331 (sc.
1179 1281 1299 1335 μέρη)
1328 1296 1389 1320 sex
1409 1284 1494 1334 pal-

839 1351 916 1376 mas
942 1339 1190 1388 metiebantur,
1237 1341 1275 1378 in
1308 1340 1493 1379 breviorem

840 1399 910 1432 tres
934 1395 1100 1445 palmam
1142 1397 1194 1433 ita
1226 1400 1266 1433 ut
1299 1397 1373 1434 duo
1404 1397 1491 1435 talia

836 1450 1105 1503 ἡμιπλίνθια,
1134 1452 1285 1491 alterum
1309 1453 1406 1490 iuxta
1439 1454 1491 1491 al-

837 1513 954 1547 terum
987 1510 1130 1560 posita,
1174 1509 1280 1547 unius
1323 1509 1493 1559 integrae

837 1566 1015 1606 πλίνθου
1032 1566 1187 1615 figuram
1204 1568 1419 1605 reserrentf‘

893 1620 960 1663 ἐπὶ
981 1619 1052 1674 μὲν
1067 1619 1115 1662 τοὶ
1125 1618 1362 1676 μακρότερα,
1381 1621 1487 1662 ποιέ-

838 1693 895 1718 ων
912 1675 1178 1727 ἑξαπάλαιστα
1197 1694 1234 1718 κ.
1254 1694 1287 1719 τ.
1311 1682 1360 1726 L]
1392 1680 1486 1718 V-er

836 1734 918 1772 ba’
901 1735 968 1775 επὶ
987 1732 1035 1775 vo?
1067 1730 1309 1788 μακρότερα,
1340 1731 1486 1787 βραχύ-

832 1806 926 1843 τερα
935 1821 945 1840 ,
975 1788 1085 1843 ν’ψος
1101 1793 1150 1830 ad
1158 1792 1335 1844 triplicem
1346 1793 1486 1831 dimen-

832 1849 972 1887 sionem
1005 1851 1043 1886 in
1081 1849 1252 1898 longum,
1305 1848 1418 1887 latum
1448 1853 1485 1888 et

829 1906 1052 1956 profundum
1091 1906 1273 1955 pertinere
1310 1918 1356 1944 ex
1391 1905 1483 1942 Bar-

830 1962 1001 2011 thelemyi
1046 1962 1303 2001 observatione
1359 1966 1485 2000 monet

828 2017 1052 2066 Lareherus‚
1104 2031 1214 2068 quem
1243 2022 1387 2056 secutus
1426 2023 1485 2057 est

828 2075 1012 2114 Schaefer.
1070 2075 1148 2113 Sed
1165 2074 1274 2124 vulgo
1291 2074 1395 2113 aliter
1414 2074 1481 2112 has

827 2144 935 2168 voces
968 2131 1169 2182 accipiunt,
1199 2144 1244 2170 eo
1275 2133 1377 2181 quod
1402 2131 1481 2169 He-

825 2189 978 2225 rodotus
988 2187 1097 2239 paulo
1118 2188 1267 2226 inferius
1276 2201 1351 2225 non
1364 2188 1480 2225 omni-

827 2244 898 2281 bus
932 2244 1104 2283 lateribus
1144 2257 1212 2296 par
1251 2245 1480 2283 constituerit

825 2301 992 2352 pondus,
1048 2301 1216 2351 adeoque
1263 2301 1341 2338 auri
1394 2302 1478 2351 puri

826 2357 1068 2406 quatuorillos
1076 2358 1225 2395 minoris
1237 2357 1368 2396 dixerit
1382 2370 1478 2407 pon-

825 2414 923 2451 deris
953 2427 1064 2463 quam
1089 2413 1271 2463 reliquos,
1300 2414 1360 2464 qui
1387 2425 1479 2451 auro

825 2469 896 2507 alia
916 2471 1077 2508 admixta
1102 2470 1290 2508 haberent.
1345 2469 1478 2520 Itaque

824 2530 982 2576 quatuor
996 2527 1075 2563 illos
1096 2527 1304 2574 breviores,
1333 2525 1475 2575 longio-

824 2596 884 2621 res
905 2583 1064 2632 reliquos
1086 2584 1202 2620 fuisse
1220 2587 1398 2630 statuunt,
1418 2581 1475 2619 id-

821 2652 894 2690 que
913 2640 1032 2677 verbis
1058 2639 1284 2677 Herodoteis
1314 2637 1380 2678 ἔπι
1401 2635 1474 2689 μὲν

820 2711 868 2736 τα
864 2691 1107 2762 μακρότερα
1125 2700 1162 2733 et
1178 2693 1242 2735 ἔπι
1263 2692 1305 2734 δὲ
1317 2692 1364 2734 τὰ
1379 2696 1474 2747 βρα-

823 2748 966 2805 χύτεοα
1012 2752 1188 2791 declarari
1234 2753 1473 2799 contendunt,

821 2812 1023 2860 praeeunte
1037 2808 1191 2847 Aemilio
1208 2807 1352 2846 Porto'
1343 2821 1381 2845 111
1396 2807 1472 2845 Le—

822 2865 889 2903 xie.
908 2865 1021 2903 Ionio.
1075 2863 1130 2902 Ac
1161 2865 1259 2902 dictu
1286 2868 1343 2902 est
1373 2863 1471 2901 diffi-

824 2921 907 2970 cile,
936 2935 1000 2960 cur
1023 2921 1255 2970 Herodotus,
1291 2919 1354 2970 qui
1382 2919 1470 2957 scri-
