1777 3324
530 253 1052 294 EUTERPE.11.

1326 256 1410 295 865

151 367 322 421 μένους.
352 363 631 421 μεμαθήκασι
661 359 703 404 δ’
736 355 799 405 ὦν
827 365 960 405 τοῦτο
992 361 1149 413 πάντες
1179 363 1222 406 οἱ
1252 361 1406 417 ‘'Estn—

151 462 241 498 υες,
271 445 342 488 καὶ
370 443 552 498 μάλιστα
581 438 934 495 Λακεδαιμόνιοι.
979 440 1136 497 ἥκιστα
1166 441 1212 484 δὲ
1242 442 1408 495 Κορίν-

29 532 128 579 168
152 530 247 568 θιοι
286 522 463 565 ὄνονται
499 519 604 570 τούς
641 519 921 575 χειροτέχνας.

981 519 1118 573 Γέρεα
1155 519 1201 562 δέ
1243 530 1323 575 σφι
1348 514 1405 575 ἦν

146 601 248 647 τάδε
277 598 590 655 ἐξαραιρημένα
619 597 828 654 μούνοισι
856 599 1133 654 Αἰγυπτίων,
1164 596 1299 652 πάρεξ
1318 601 1405 641 τῶν

148 681 293 735 ἱρέων·
334 679 525 733 ἄρουραι
553 678 763 732 ἐξαίρετοι
801 677 1001 721 δυωδεκα
1030 677 1195 737 ἑκαστῳ
1228 676 1403 730 ἀτελέες.

1462 536 1595 573 Singulis
1637 540 1698 568 mill
1701 542 1738 568 tl-

1462 571 1516 598 bus
1545 573 1624 607 apud
1643 576 1739 609 Aeg)-

1461 605 1540 640 ptios
1584 607 1739 635 duodenae

1462 639 1737 668 arui-aeimmune.:

1461 676 1590 706 quantus
1600 682 1739 701 numerus

1462 713 1495 731 ex
1524 710 1650 737 utroque
1687 715 1739 747 ge-

1464 746 1538 764 nere
1557 739 1680 766 militum
1708 741 1737 767 in

114 758 172 817 Ξή
205 759 251 804 δὲ
284 758 454 814 ἄρουρα
484 756 638 800 ἑκατὸν
667 756 836 812 πηχέων
866 756 952 800 ἐστὶ
975 758 1224 813 Αἰγυπτίων
1253 756 1404 812 πάντη.
1417 763 1476 798 70s
1464 772 1598 810 mgnios
1644 781 1701 799 an..

146 836 169 882 ὁ
202 839 248 882 δὲ
276 836 515 894 Αἰγύπτιος
553 841 691 892 πῆχυς
731 835 932 892 τυγχάνει
973 833 1064 887 ἶσος
1105 835 1189 879 ἐων
1217 840 1279 892 τῷ
1308 839 1400 878 Σα-

117 919 243 976 3μίῳ.
285 921 422 960 ταῦτα
451 916 529 971 μὲν
564 915 616 971 δὴ
654 920 768 959 τοῖσι
806 914 941 958 ἅπασι
979 910 1036 971 ἦν
1072 915 1399 970 ἐξαραιρημένα.

144 997 245 1040 τάδε
287 996 332 1039 δὲ
373 996 418 1039 ἐν
462 998 699 1051 περιτροπῇ
746 994 1045 1049 ἐκαρποῦντο,
1108 994 1182 1037 καὶ
1228 994 1403 1050 οὐδαμοὶ

117 1079 138 1116 4
149 1074 293 1119 ώυτοί.

88 1268 255 1322 μένους]
288 1271 396 1308 Conf.
416 1275 492 1308 not.
512 1271 560 1308 ad
585 1270 631 1318 II,
657 1268 736 1310 165

86 1328 150 1365 fin.

141 1379 283 1435 ἥκιστα
311 1381 354 1423 δὲ
375 1382 591 1436 Κορίνθιοι
624 1378 736 1421 duov-

85 1455 148 1479 ται
166 1455 258 1487 τους
276 1439 542 1491 χειροτέχνας]
569 1435 738 1477 ὅνεσθαι

85 1496 201 1535 valet:
234 1501 461 1543 contemnere,
491 1508 661 1545 spernere,
680 1497 735 1531 ni—

85 1553 153 1591 hili
169 1556 361 1590 aestzmare.
421 1554 529 1591 Conf.
558 1565 666 1602 supra
687 1551 733 1599 II,

88 1611 166 1651 136
186 1606 434 1649 κατὸνεσθαι.
473 1609 521 1646 Et
547 1609 640 1646 bene
668 1608 735 1644 ad-

83 1673 208 1704 monet
238 1666 501 1715 IVesselingius
530 1665 628 1701 urbis
659 1664 734 1701 Co-

83 1723 192 1759 rinthi
236 1726 436 1760 mercatura
482 1721 734 1776 celeberrignae

83 1779 323 1828 opificumque
345 1779 470 1815 studiis
496 1778 663 1815 maxime,
679 1778 733 1814 in-

85 1835 220 1884 signis,
260 1839 300 1872 ut
336 1837 428 1872 adeo
456 1835 520 1872 has
549 1838 644 1871 artes
672 1846 733 1871 ea·

82 1904 234 1940 rumque
262 1892 442 1929 studiosos
463 1890 640 1928 Corinthii
659 1902 735 1926 ma-

84 1960 158 1995 gno
176 1949 213 1984 in
230 1948 368 1985 honore
387 1947 588 1984 habuerint.
627 1946 734 1983 Conf.

84 2004 205 2042 Strab.
232 2004 317 2041 VIII
343 2017 380 2055 p.
402 2006 485 2046 382
515 2017 543 2040 S.
564 2003 668 2049 586,
689 2000 733 2039 A.

252 2116 364 2167 Cap.
395 2115 592 2154 CLXVIII.

139 2197 252 2252 γέρεα
264 2198 306 2239 δέ
324 2211 397 2249 σφι
413 2193 482 2250 ἦν]
497 2198 611 2251 γέρεα
627 2212 734 2249 agros

85 2257 171 2294 dicit
204 2257 373 2294 militibus
415 2258 643 2306 assignatos,
691 2268 734 2294 ex

85 2325 237 2361 quorum
282 2313 458 2352 reditibus
494 2314 625 2350 victum
665 2312 733 2349 sibi

85 2375 312 2417 quaererent.
362 2370 471 2407 Conf.
497 2370 636 2407 Herod.
668 2368 732 2415 IV,

87 2426 178 2465 162.
204 2427 282 2468 165
313 2430 350 2464 et
376 2430 450 2463 not.
479 2427 527 2464 ad
555 2425 612 2472 ΙΙ,
641 2424 732 2466 164-

83 2479 164 2518 Hos
189 2495 274 2519 vero
304 2495 412 2531 agros
440 2481 537 2520 omni
566 2481 734 2530 vectigali

86 2541 243 2575 exemtos
271 2540 399 2588 fuisse,
430 2551 474 2577 ex
500 2538 534 2575 h.
556 2538 579 2576 l.
601 2538 734 2576 intelli-

48 2603 53 2608 ’
85 2592 212 2642 gimus.

141 2674 170 2726 ’ἡ
184 2673 226 2716 δὲ
242 2673 394 2730 ἄρουρα
412 2698 462 2705 -
483 2677 732 2730 Αἰγυπτίων]

86 2731 192 2769 Conf.
208 2733 262 2780 Π,
284 2734 361 2776 149
385 2736 472 2785 ibiq.
493 2740 569 2772 not.
623 2735 735 2778 Quod

85 2800 171 2825 vero
190 2789 319 2827 Suidas
336 2791 457 2828 scribit
468 2819 479 2838 ‚
499 2792 634 2841 plethri
649 2803 735 2840 par-

86 2846 159 2881 tem
175 2850 339 2893 quartam
361 2847 535 2896 appellari
556 2844 734 2898 ἄρουραν

88 2903 125 2936 et
161 2901 422 2950 quinquaginta
451 2902 605 2953 pedibus
647 2915 734 2941 con-

134 2954 340 2995 Hssnonor.
371 2958 401 2995 I.

352 1076 636 1129 Καλασιρίων
664 1075 816 1129 χίλιοι,
847 1074 917 1117 καὶ
945 1070 1243 1129 Ἑρμοτυβίων
1263 1072 1401 1126 ἄλλοι,

1463 806 1528 840 regi
1556 783 1738 840 apparuerit,

1458 842 1488 865 et
1520 846 1595 878 quan
1581 843 1661 866 ntum
1688 849 1723 866 eo

1457 880 1523 899 rum
1541 873 1666 907 quisque
1685 881 1736 908 pa-

1460 926 1540 964 186

1459 990 1516 1024 nis
1528 991 1624 1018 caruis
1636 991 1736 1019 etvini

1461 1011 1597 1086 ἓιέοῑίᾱίο
1613 1033 1735 1061 accepe-

1479 1067 1486 1085 1

807 1273 933 1317 stare,
981 1269 1018 1306 id
1054 1271 1104 1307 ad
1138 1275 1300 1308 nostrum
1340 1271 1458 1310 locum

807 1326 996 1363 commode
1017 1327 1143 1364 referri
1162 1329 1296 1376 nequit.
1336 1328 1458 1377 Ma‹ris

804 1383 874 1419 huc
902 1383 1007 1429 facit,
1051 1383 1150 1432 quod
1174 1388 1298 1421 monet
1316 1384 1458 1421 IVurm.

805 1439 852 1475 de
883 1440 1025 1505 pondd‘,
1056 1444 1138 1476 ratt.
1175 1453 1261 1490 pag.
1288 1440 1342 1482 94
1379 1441 1458 1477 coll.

804 1508 840 1545 p
864 1498 965 1542 100,
1010 1491 1188 1548 ἄρουραν
1222 1510 1303 1534 esse
1339 1501 1459 1535 terrae

801 1556 941 1601 partem
977 1556 1144 1599 aratam,
1185 1566 1306 1591 aream
1326 1582 1336 1600 ‚
1379 1566 1454 1590 non

802 1607 1067 1656 longitudinem
1093 1610 1359 1658 quinquaginta
1388 1623 1453 1659 pe-

803 1664 899 1700 dum.
960 1665 1088 1713 Itaque
1116 1666 1150 1701 h.
1171 1665 1194 1702 l.
1219 1666 1454 1714 intelligenda.

803 1724 857 1757 est
877 1733 962 1757 area
981 1726 1122 1758 centum
1141 1722 1268 1758 cubitis
1289 1734 1455 1771 quaqua-

800 1789 921 1813 versus
943 1781 1090 1814 extensa
1123 1778 1197 1815 sive
1220 1791 1306 1815 area
1326 1779 1453 1815 decem

800 1832 894 1870 mille
919 1833 1119 1870 cubitorum
1145 1834 1403 1883 quadratorum
1423 1848 1452 1871 s.

803 1889 953 1935 22‚5OO
998 1891 1133 1939 pedum
1181 1891 1453 1938 quadratorum.

801 1945 896 1981 Add.
943 1945 1098 1982 Iomard.
1141 1946 1179 1982 in
1209 1946 1379 1997 descript.
1407 1948 1455 1984 de

802 2001 896 2049 l'Eg.
917 2002 1057 2051 antiqq.
1084 2001 1100 2038 Ι
1126 2001 1283 2051 (31ivr.)
1310 2017 1346 2053 p.
1374 2004 1455 2044 683

804 2070 907 2106 seqq·

858 2109 952 2152 τάδε
971 2110 1013 2152 δὲ
1039 2111 1081 2152 ἐν
1098 2116 1320 2168 περιτροπῇ
1344 2112 1455 2166 ἐκαρ-

802 2169 982 2234 πουντο]
1015 2166 1108 2209 τάδε
1142 2171 1299 2220 pertinet
1324 2172 1371 2207 ad
1397 2184 1453 2218 ea,

802 2239 897 2276 quae
933 2227 970 2263 in
1010 2226 1084 2264 fine
1123 2239 1201 2276 cap.
1239 2227 1455 2274 indicantur,

800 2284 929 2334 panis,
959 2283 1076 2320 carnis
1102 2295 1143 2320 ac
1162 2283 1233 2319 vini
1253 2284 1452 2333 portiones.

878 2338 954 2387 ,,ἐν
973 2341 1194 2392 περιτροπῇ
1218 2339 1239 2375 i.
1259 2352 1290 2376 e
1313 2338 1355 2378 ἐκ
1378 2354 1453 2378 πε-

803 2391 938 2447 ριόδου
958 2408 1020 2445 per
1048 2408 1160 2443 vzces,
1189 2396 1454 2445 interpretante

800 2452 828 2489 I.
848 2453 909 2489 Fr.
933 2452 1120 2488 Gronovio
1146 2452 1194 2488 ad
1222 2451 1340 2489 Taciti
1356 2452 1452 2490 Ger-

795 2521 896 2547 man.
919 2521 999 2558 cap.
1017 2509 1109 2550 26.“
1140 2507 1205 2545 Cr.

858 2565 1116 2616 Καλασιρίων
1132 2564 1262 2614 χίλιοι,
1291 2560 1358 2601 καὶ
1369 2561 1453 2615 Ἑρ-

804 2621 1004 2672 μοτυβίων
1027 2618 1161 2670 ἄλλοι]
1192 2616 1303 2658 ἄλλοι
1321 2621 1452 2656 rectius

804 2690 901 2714 nunc
929 2677 1095 2715 additum
1123 2675 1302 2713 invenitur
1319 2704 1330 2723 ‚
1368 2675 1453 2712 olim

803 2735 987 2771 omissum.
1043 2733 1166 2781 Atque
1195 2732 1331 2769 dudum
1367 2732 1454 2768 illud

804 2793 1032 2840 expresserat
1067 2788 1182 2825 Valla.
1258 2787 1454 2824 Caeterum

802 2846 859 2882 hic
892 2845 1043 2882 militum
1072 2857 1266 2892 numerus,
1303 2842 1452 2880 collatus

803 2914 883 2939 cum
903 2902 1053 2939 militum
1079 2912 1230 2938 numero
1259 2911 1337 2949 cap.
1361 2898 1450 2940 165.

1147 2955 1207 2997 55
