1759 3324
304 210 390 253 552

700 209 1171 251 HERODOTI

299 317 387 374 γοέρ
424 317 621 374 ποταμός
660 317 902 376 ἀρξάμενος
947 321 994 364 ἐκ
1032 323 1210 363 Κελτῶν
1246 320 1321 364 καὶ
1359 319 1625 377 Πυρήνης55

273 395 480 449 5πόλιος,
509 396 596 452 ῥέει
624 398 761 456 μέσην
782 401 935 455 σχίζων
952 398 1030 455 τήν
1050 397 1291 456 Εὐρώπην.
1323 401 1367 443 οἱ
1389 399 1435 444 δὲ
1455 402 1568 444 Κελ-

248 617 377 655 seqq.,
413 606 512 642 unde
538 603 780 655 proficiscitur
804 603 903 642 Pau-

249 661 370 699 sanias
391 661 437 708 V,
459 664 497 701 7.
529 660 638 697 Plura
654 660 794 698 dabant
814 660 903 698 Pin-

247 717 327 755 dari
355 718 585 766 interpretes.

291 769 490 823 ’Ίστροςτε
502 768 576 822 γάρ
595 767 772 821 ποταμός
787 765 902 821 ἐρξά-

248 842 369 882 μενος
390 827 433 866 ἐκ
468 825 635 866 Κελτῶν
663 825 730 865 καὶ
765 821 903 877 Πυρή-

247 899 323 934 νης
350 879 516 933 πόλιος]
555 883 701 933 Pyrene
730 883 816 920 urbs
844 883 903 919 vix

246 939 394 978 aliunde
418 943 518 977 nota.
578 940 672 977 Cum
699 951 785 976 vero
814 939 902 976 satis

247 1000 412 1043 constet,
446 995 580 1033 Istrum
603 1008 677 1033 non
704 995 742 1032 in
769 995 904 1032 monti-

247 1052 316 1090 bus
336 1051 534 1101 Pyrenaeis
552 1052 645 1101 (quo
666 1052 815 1101 quidem
835 1052 904 1089 du-

248 1109 298 1146 cit
317 1109 533 1146 Herodotea
552 1109 637 1146 urbs
648 1108 827 1158 Pyrene),
840 1120 904 1146 ve-

247 1176 326 1202 rum
338 1165 375 1202 in
386 1164 545 1203 Abnoba
561 1169 685 1203 monte
695 1164 904 1212 (Schwarz-

247 1220 372 1270 wald)
411 1222 559 1269 exoriri,
596 1222 645 1259 ad
679 1234 761 1259 eum
785 1221 904 1272 ipsum

247 1281 414 1315 montem
450 1277 688 1327 eiusdemque
728 1278 804 1315 sere
840 1281 904 1314 aut

248 1335 396 1383 cognati
435 1334 592 1371 nominis
629 1335 753 1372 urbem
782 1333 904 1372 Hero-

249 1389 328 1427 doti
346 1384 546 1442 Πυρήνην
578 1389 742 1427 nonnulli
769 1391 904 1428 referre

249 1446 479 1485 studuerunt.
536 1445 707 1485 Afferunt
737 1446 904 1483 nimirum

248 1501 354 1550 illud,
384 1515 500 1554 prope
523 1502 607 1540 Istri
622 1504 744 1540 fontes
764 1503 836 1539 duo
856 1504 905 1539 ri-

248 1571 313 1596 vos
333 1557 481 1609 Brygen
515 1573 543 1597 s.
571 1558 710 1608 Pregen
731 1559 905 1597 scaturire

249 1619 287 1653 et
312 1628 393 1652 cum
418 1615 511 1653 Istro
541 1616 705 1663 misceri,
733 1615 904 1652 vicinam-

249 1683 322 1721 que
350 1671 418 1709 illis
439 1672 627 1720 regionem
653 1671 844 1721 Pregz'nam
875 1685 902 1708 s.

250 1726 450 1777 Pryginam
471 1727 672 1778 adpellari3
700 1729 799 1766 unde
827 1728 905 1766 fieri

249 1784 430 1835 potuisse,
463 1788 503 1821 ut
525 1785 709 1822 Herodoti
733 1781 905 1836 Πυρήνη

250 1840 300 1877 sit
317 1844 408 1878 orta.
431 1840 572 1885 Quibus
585 1840 656 1878 noli
666 1844 707 1877 tu
724 1842 905 1887 assentiri3

249 1895 436 1934 Herodoti
460 1897 555 1934 enim
584 1898 790 1934 universam
821 1910 906 1934 nar-

250 1952 429 1991 rationem
457 1956 496 1990 et
524 1954 766 2000 sententiam,
795 1966 904 2002 quam

249 2007 298 2045 de
324 2007 411 2045 Nilo
439 2012 552 2057 atque
579 2009 672 2045 Istro
707 2021 751 2046 ex
774 2009 903 2046 iisdem

249 2063 412 2101 fontibus
438 2066 645 2114 profluente
672 2065 903 2113 eundemque

250 2131 392 2157 cursum
429 2119 501 2167 (ex
531 2121 701 2170 opposito
728 2121 898 2169 quidem)

250 2179 401 2213 tenente
452 2176 632 2225 protulit,
700 2178 902 2214 accuratius

250 2231 494 2268 consideranti
520 2232 579 2268 vix
614 2232 786 2280 dubium,
817 2233 905 2282 quin

250 2285 520 2336 Pyrenaeorum
539 2289 717 2325 montium
736 2290 904 2338 regiones

251 2342 490 2390 intellexerit,
520 2343 644 2393 ibique
677 2344 758 2382 Istri
783 2347 904 2384 fontes

252 2397 492 2437 collocaverit.
523 2400 606 2443 Quo
625 2413 747 2439 errore
767 2414 810 2439 eo
828 2414 906 2439 ma·-

253 2455 310 2504 gis
344 2455 412 2492 erit
440 2457 690 2504 excusandus,
737 2470 807 2507 quo
836 2458 905 2496 hae

251 2510 423 2560 regiones
449 2511 562 2561 ipsius
603 2517 726 2551 aetate
756 2527 905 2564 prorsus

251 2567 461 2615 incognitae
480 2569 644 2616 fuerunt,
674 2570 826 2620 ipseque
851 2571 907 2607 hi-

253 2622 387 2660 storiae
405 2626 511 2674 pater
531 2637 574 2662 eo
603 2637 718 2674 usque
742 2626 779 2662 in
800 2627 907 2664 itine-

253 2678 353 2716 ribus
392 2679 464 2716 suis
496 2681 687 2730 pervenire
711 2681 809 2719 haud
838 2696 908 2733 po-

254 2734 374 2772 tuerit.
433 2735 542 2772 Conf.
574 2736 680 2774 etiam
707 2736 907 2775 Dahlman-

254 2803 341 2828 num
359 2790 396 2826 in
414 2789 592 2829 Herodot.
611 2806 647 2843 p.
659 2794 711 2833 89
727 2793 908 2831 Herodoti

253 2859 396 2897 lapsum
416 2846 452 2884 in
478 2846 532 2884 his
548 2853 801 2899 exponentem.
849 2849 907 2889 De

970 606 1118 655 reliquis
1140 607 1234 644 conf.
1261 604 1411 644 Aristot.
1432 605 1624 645 Meteorol.

970 661 1008 708 Ι,
1029 663 1093 703 13.
1116 662 1328 714 Dalecamp.
1351 664 1399 701 ad
1420 662 1623 702 Plin.Hist.

970 716 1019 754 N.
1037 717 1101 764 IV,
1124 721 1188 759 12.

1028 772 1069 811 οἷ
1087 770 1129 811 δὲ
1153 772 1296 812 Κελτοί
1325 772 1400 813 εἶσι
1422 773 1494 822 ἔξω
1511 774 1624 828 Ἡρα-

969 828 1121 877 κληΐων
1171 826 1364 880 στηλέων]
1417 830 1627 870 Maluerunt

971 884 1140 933 quidam:
1164 883 1185 923 ἔ
1193 896 1216 923 σ
1232 899 1261 922 ω
1277 882 1524 936 Ἡρακληῖὼν
1536 899 1624 938 στη-

970 937 1094 990 λέων,
1124 954 1204 978 cum
1223 940 1373 989 Celtae,
1393 955 1547 992 quorum
1557 956 1626 981 no-

969 997 1067 1035 mine
1105 996 1309 1048 Hispaniae
1344 998 1483 1037 incolae
1511 1000 1626 1037 conti-

969 1057 1146 1102 neantur,
1182 1057 1284 1091 extra
1313 1054 1498 1093 columnas
1526 1056 1626 1094 Her-

971 1109 1091 1147 culeas
1124 1110 1263 1148 censeri
1292 1115 1488 1160 nequeant.
1547 1112 1626 1150 Sed

972 1166 1066 1204 bene
1082 1171 1206 1204 monet
1216 1166 1492 1217 W'esselingius‚
1504 1169 1627 1206 omnia

972 1227 1074 1261 extra
1100 1222 1266 1260 Herculis
1294 1225 1426 1261 fretum
1452 1225 1488 1262 in
1506 1225 1626 1262 Ocea-

971 1291 1059 1316 num
1070 1291 1177 1317 versa
1188 1278 1274 1316 inde
1293 1293 1315 1317 a
1325 1280 1441 1332 Calpe
1449 1294 1626 1332 promon-

971 1336 1087 1383 torio,
1116 1335 1178 1373 ubi
1205 1335 1411 1375 Herculeae
1438 1337 1626 1375 columnae

972 1392 1066 1429 fixae
1092 1391 1354 1441 credebantur,
1393 1398 1493 1431 extra
1516 1394 1626 1431 hasce

973 1448 1156 1485 columnas
1176 1448 1267 1495 dici3
1287 1453 1327 1486 ut
1348 1462 1423 1487 v.c.
1442 1455 1479 1487 et
1497 1449 1624 1488 Gades

973 1509 1010 1542 et
1025 1509 1219 1542 extremam
1243 1504 1456 1543 Lusitaniae
1481 1510 1630 1557 partem-

971 1561 1011 1597 in
1043 1561 1229 1598 Oceanum
1262 1562 1509 1612 porrigentem
1527 1591 1539 1610 ,
1588 1566 1626 1600 et

970 1618 1124 1655 fortasse
1149 1617 1352 1666 veteribus,
1390 1619 1453 1668 qui
1481 1631 1627 1656 accura-

972 1673 1055 1710 tiori
1071 1672 1174 1710 huius
1194 1677 1314 1712 terrae
1341 1675 1549 1724 cognitione
1565 1687 1626 1712 ca-

972 1730 1123 1777 rebant,
1144 1729 1351 1768 ulteriorem
1368 1731 1504 1780 visam,
1517 1743 1627 1781 quam

971 1799 1104 1836 reapse
1129 1790 1196 1824 est.
1235 1787 1318 1824 Vid.
1340 1787 1461 1825 strab.
1478 1788 1496 1825 Ι
1516 1801 1554 1839 Ρ.
1570 1789 1626 1829 82

973 1856 1002 1881 s.
1024 1844 1089 1883 47.
1119 1856 1156 1893 p.
1178 1844 1259 1885 112
1278 1856 1307 1881 s,
1329 1843 1394 1884 64.
1424 1844 1476 1881 ΙΙΙ
1493 1857 1529 1894 p.
1542 1843 1626 1885 256

973 1910 1002 1936 s.
1033 1899 1125 1939 168.
1183 1898 1380 1937 Praeterea
1418 1899 1540 1937 Celtas
1575 1899 1626 1936 ad

971 1956 1108 1992 flumen
1125 1953 1243 1991 Anam
1265 1959 1301 1993 et
1309 1954 1522 1994 Lusitaniae
1539 1969 1626 2006 pro-

971 2011 1191 2049 montorium
1223 2011 1374 2048 Sacrum
1404 2016 1440 2050 et
1457 2011 1625 2059 Nerium,

971 2067 1027 2104 cui
1049 2070 1085 2104 et
1097 2067 1234 2104 Celtico
1251 2080 1397 2115 nomen,
1418 2069 1525 2106 sedes
1541 2068 1626 2106 olim

970 2123 1160 2170 habuisse,
1190 2123 1287 2161 idem
1315 2128 1468 2162 testatur
1492 2125 1627 2162 Strabo

972 2179 1025 2217 ΠΙ
1048 2192 1083 2229 p.
1106 2180 1209 2227 230,
1227 2180 1259 2217 B
1281 2193 1308 2218 s.
1329 2193 1414 2231 pag.
1439 2182 1518 2223 153
1539 2182 1626 2219 Cas.

974 2235 1048 2279 Qui
1067 2235 1194 2273 Celtae
1223 2249 1296 2286 quo
1321 2238 1439 2274 minus
1460 2237 1529 2275 hoc
1546 2237 1627 2276 loco

972 2291 1235 2341 intelligantur,
1265 2292 1352 2330 nihil
1370 2298 1466 2331 certe
1486 2294 1626 2340 obstat3

975 2348 1076 2397 quod
1114 2349 1233 2397 ipsum
1278 2350 1495 2387 documento
1545 2350 1626 2398 erit,

973 2403 1143 2453 Pyrenen
1183 2405 1435 2443 Herodoteam
1470 2418 1546 2443 non
1587 2407 1627 2444 in

975 2460 1175 2497 Germania
1202 2461 1268 2498 sed
1298 2462 1391 2498 circa
1408 2462 1626 2513 Hispaniam

973 2520 1189 2565 montesque
1214 2516 1424 2565 Pyrenaeos
1448 2531 1627 2568 quaeren-

975 2572 1060 2609 dam
1079 2585 1170 2609 esse.
1192 2572 1251 2610 De
1269 2573 1384 2610 Celtis
1401 2576 1496 2612 conf.
1517 2575 1626 2612 etiam

973 2627 1038 2675 IV,
1054 2630 1107 2669 49
1133 2632 1169 2665 et
1185 2628 1228 2665 C.
1241 2629 1286 2666 O.
1301 2629 1442 2668 Miiller.
1461 2630 1625 2669 Etrusco.

972 2684 990 2721 I
1008 2697 1094 2734 pag.
1115 2683 1194 2725 151
1208 2713 1219 2731 ,
1250 2686 1310 2734 qui
1341 2699 1421 2723 cum
1445 2686 1628 2725 Herodoti

976 2740 1089 2778 Celtis
1106 2745 1292 2790 comparat
1300 2741 1482 2780 Herodoti
1497 2743 1626 2792 Gletes,

975 2809 1054 2834 cum
1093 2797 1235 2833 Graeca
1271 2798 1420 2836 nomina
1461 2799 1625 2848 Κελτοὶ,

976 2848 1149 2892 Γαλάτοι
1165 2881 1177 2900 ,
1224 2854 1371 2903 Γλῆτες
1417 2856 1466 2892 ad
1516 2868 1626 2894 uuam
