1814 3315
631 214 844 253 CLIO.
902 213 928 251 I.

1331 214 1413 253 153

122 335 195 386 6ἐς
218 331 463 387 Ἐρέτριαν,
505 322 758 382 ἐβουλεύετο
791 322 880 379 ἅμα
909 326 1024 366 τοῖσι
1053 322 1190 366 παισί.
1243 320 1412 365 Ἱππίεω

148 414 194 457 δὲ
221 410 397 468 γνώμην
423 404 703 461 νικήσαντος,
746 401 1023 446 ἀνακτᾶσθαι
1059 400 1198 444 ὀπίσω
1228 401 1309 457 τήν
1338 418 1411 444 τυ-

150 491 358 546 ραννίδα,
389 487 584 530 ἐνθαῦτα
613 483 793 539 ἤγειρον
823 483 1006 531 δωτίνας
1039 481 1085 524 ἐκ
1114 484 1203 524 τῶν
1231 482 1410 528 πολίων.

150 571 199 613 αἴ
222 567 333 617 τινές
363 577 443 620 σφι
473 561 719 620 προῃδέατό
749 561 831 606 κου’
862 578 915 604 τι.
965 564 1141 603 πολλῶν
1171 561 1216 604 δὲ
1248 560 1411 616 μεγάλα

146 644 454 702 παρασχόντων
492 643 689 699 χρήματα
700 677 711 696 ,

774 645 960 698 Θηβαῖοι
995 638 1318 695 ὑπερεβάλοντο
1358 643 1412 694 τῇ
1426 647 1470 680 60

118 726 268 771 7δόσεϊ
296 729 383 768 τῶν
416 723 658 780 χρημάτων.
703 720 807 778 μετὰ
838 721 907 773 δὲ,
955 717 1008 764 οὐ
1039 722 1185 776 πολλῷ
1215 718 1329 776 λόγῳ
1362 720 1414 761 εἰ·

145 809 262 857 πεῖν,
321 802 478 860 χρόνος
517 802 670 858 διέφυ,
730 801 802 845 καὶ
840 799 983 843 πάντα
1019 810 1099 852 σφι
1134 797 1336 854 ἐξήρτυτο
1371 799 1414 848 ἐς

117 884 227 941 8τὴν
255 882 456 927 κάτοδον.
515 883 587 926 καὶ
624 881 710 938 γὰρ
747 878 931 935 Ἀργεῖοι
960 879 1175 935 μισθωτοὶ
1205 878 1413 921 ἀπίκοντο

145 965 192 1008 ἐκ
224 961 590 1018 Πελοποννήσου·
621 961 695 1005 καὶ
726 959 894 1013 Νάξιός
925 970 1003 1016 σφι
1034 957 1147 1015 ἀνήρ
1180 955 1415 1013 ἀπιγμένος

146 1042 398 1099 ἐθελοντής,
454 1044 515 1098 τῷ
556 1040 726 1097 οὔνομα
765 1035 821 1095 ἦν
851 1039 1100 1095 Λύγδαμις,
1157 1038 1470 1093 προθυμίην65

147 1124 350 1179 πλείστην
393 1122 639 1176 παρείχετο,
685 1121 867 1177 κομίσας
903 1119 977 1164 καὶ
1005 1118 1201 1176 χρήματα
1229 1117 1303 1161 καὶ
1341 1115 1412 1160 ἄν·

143 1329 297 1369 Ἱππίεω
333 1325 377 1368 δὲ
419 1325 584 1380 γνώμην
626 1323 745 1379 νική-

91 1386 253 1436 σαντος]
290 1385 440 1435 Aliquot
475 1385 555 1422 libri
592 1381 745 1440 γνώμῃ,

90 1445 189 1493 quod
221 1443 310 1480 alter
344 1443 443 1479 locus
471 1441 543 1489 111,
579 1443 633 1483 82
670 1444 745 1479 sor—

90 1513 157 1536 san
179 1499 322 1536 firmare
342 1499 471 1549 possit.
528 1498 609 1536 Nec
628 1499 746 1535 minus

88 1560 210 1594 tamen
240 1551 405 1608 γνώμην
428 1557 567 1608 νικᾷν,
609 1556 679 1592 alia
706 1555 744 1591 id

89 1625 205 1661 genus
225 1613 295 1650 dici
325 1625 410 1649 vere
435 1612 576 1649 monuit
593 1612 643 1649 W
644 1625 745 1649 esse-

89 1669 222 1717 lingius
237 1673 315 1706 tum
331 1669 380 1706 ad
398 1669 434 1705 h.
445 1668 468 1705 l.
490 1673 567 1705 tum
587 1669 636 1706 ad
654 1668 747 1706 Dio-

90 1727 168 1763 dor.
190 1725 262 1763 Sic.
287 1725 354 1774 XI,
377 1728 442 1767 26.

146 1803 194 1844 αἴ
209 1802 312 1850 τινές
333 1816 406 1853 σφι
420 1799 646 1858 προῃδὲατό
669 1799 746 1843 κού

90 1859 150 1912 τι]
183 1861 278 1899 Tres
304 1860 384 1898 libri
413 1859 635 1911 προηδέατο
665 1861 746 1898 sine

89 1919 166 1955 iota
184 1918 401 1968 subscripto,
432 1917 492 1954 alii
505 1916 744 1969 προειδέατο.

90 1974 172 2012 Nos
206 1978 354 2012 recentt.
405 1974 506 2012 editt.
536 1974 649 2012 secuti
685 1987 746 2010 sn-

90 2044 190 2078 mus,
210 2044 290 2068 cum
305 2029 527 2085 προῃδέατο
547 2031 748 2068 descendat

91 2099 114 2124 a
141 2087 250 2124 verbo
271 2085 536 2141 προαιδέομαι
571 2088 594 2124 i.
615 2100 647 2125 e.
666 2100 747 2135 „re-

90 2145 298 2192 verentiam,
348 2145 387 2181 ob
441 2148 620 2195 acceptam
665 2147 747 2180 ante

91 2200 291 2250 beneficium
328 2204 362 2238 et
408 2205 554 2251 gratum
593 2201 747 2238 αηίηιιιπι

93 2259 236 2305 testor,“
265 2261 306 2294 ut
333 2257 408 2306 III,
438 2261 506 2299 40.
531 2257 746 2306 Intelligun-

92 2317 150 2350 tur
169 2314 264 2351 enim
280 2314 534 2352 Pisistratidae
558 2316 656 2351 dona
677 2314 746 2351 sibi

92 2369 282 2419 collegisse
310 2372 356 2408 ab
378 2371 421 2408 iis
450 2371 623 2419 urbibus,
653 2384 748 2420 quae

92 2426 276 2464 beneficiis
289 2432 373 2465 ante
389 2429 546 2478 acceptis
561 2427 748 2465 devinctae

93 2482 184 2531 illis,
211 2497 307 2521 nunc
335 2486 485 2522 eosdem
506 2484 564 2521 hic
589 2484 749 2521 muneri—

93 2538 163 2575 bus
202 2542 471 2589 quodammodo
513 2553 747 2578 remuneran-

95 2598 163 2633 tur.
218 2596 362 2634 Eodem
391 2599 469 2635 fere
507 2610 621 2635 sensu
652 2611 747 2646 προ-

97 2653 213 2700 τιμᾶν
240 2654 379 2691 notavit
407 2655 560 2704 Seguar.
587 2654 636 2691 ad
665 2653 750 2691 Cle-

96 2711 206 2744 ment.
251 2708 350 2747 Alex.
405 2711 497 2754 Quis
549 2710 632 2748 Div.
680 2713 746 2747 etc.

97 2774 184 2812 pag·
212 2766 312 2812 368,
341 2779 447 2816 quem
473 2767 590 2804 locum
612 2766 749 2804 adscri-

98 2822 223 2868 pserat
268 2821 329 2860 Cr.
364 2821 602 2873 προηδέατο,
648 2823 748 2874 quod

99 2875 137 2912 in
170 2875 381 2924 quibusdam
408 2878 556 2929 legitur,
598 2881 745 2918 Grono-

813 1328 891 1365 vius
925 1327 1022 1364 ducit
1039 1339 1061 1363 a
1086 1326 1197 1364 verbo
1225 1320 1470 1376 προήδομαι,

813 1385 883 1422 hoc
900 1397 1030 1421 sensu:
1070 1396 1195 1432 „quae
1226 1384 1314 1431 ipsis
1348 1384 1471 1418 nonni-

815 1441 867 1478 Ιιὶί
893 1444 975 1477 ante
999 1439 1247 1489 placuerant.“
1288 1439 1364 1475 Sed
1395 1439 1472 1476 iure

814 1498 883 1535 hoc
913 1497 1095 1548 displicuit
1123 1495 1383 1544 lVesselingio.
1417 1516 1472 1523 -—-

814 1554 883 1591 Ad.
913 1550 1085 1606 ἀγείρειν
1117 1554 1269 1603 (stipem
1297 1552 1472 1601 colligere,

813 1610 1033 1659 mendicare)
1069 1610 1134 1648 Cr.
1163 1611 1312 1647 confert.
1344 1610 1473 1646 Ruhn—

814 1668 899 1704 ken.
945 1668 993 1704 ad
1028 1666 1173 1704 Timaei
1200 1666 1290 1704 Lex.
1326 1666 1470 1702 Platon.

815 1737 902 1775 pag.
929 1727 979 1764 10
1009 1728 1045 1761 et
1063 1723 1231 1760 Eustath.
1261 1723 1310 1759 ad
1334 1723 1471 1770 Odyss.

815 1780 929 1828 XIX,
960 1780 1041 1822 284
1071 1788 1126 1831 (p.
1160 1781 1243 1821 697
1275 1791 1386 1829 supra
1414 1779 1470 1816 ed.

816 1837 997 1885 Bas.)ubi
1021 1838 1068 1874 de
1087 1831 1342 1890 ἀγυρτάζειν,
1375 1846 1473 1874 συν-

816 1894 1045 1946 αγείρεσθαι
1074 1898 1111 1931 et
1139 1888 1368 1943 πτωχεύειν.

873 1969 922 2013 ου’
945 1974 1080 2028 πολλῷ
1099 1969 1203 2026 λόγῳ
1226 1972 1365 2018 εἰπεῖν]
1394 1972 1414 2008 i.
1441 1985 1471 2008 e.

813 2033 855 2067 ut
900 2033 1027 2080 paucis
1077 2030 1276 2077 absolvam,
1341 2032 1475 2078 tempus

808 2088 1088 2139 praeterlapsum
1131 2091 1181 2123 est
1214 2087 1272 2134 (s.
1308 2089 1475 2134 tempore

815 2145 1022 2193 interiecto)
1042 2147 1074 2180 et
1102 2145 1218 2181 onmia
1240 2145 1328 2193 ipsis
1350 2142 1398 2180 ad
1418 2155 1474 2179 re-

815 2201 928 2238 ditum
964 2204 1100 2251 parata
1139 2203 1231 2237 sunt.
1287 2200 1349 2237 De
1376 2199 1474 2236 locu-

815 2259 915 2296 tione
964 2259 1057 2295 conf.
1108 2256 1239 2294 Matth.
1307 2254 1344 2306 ἓ.
1392 2255 1474 2296 545

816 2329 851 2365 p.
885 2318 1005 2356 1069.
1031 2314 1155 2362 Viger.
1193 2327 1229 2363 p.
1264 2316 1357 2354 206.
1379 2311 1474 2353 744.

815 2372 938 2409 Verba
969 2369 989 2410 ὁ
1018 2367 1160 2422 χρόνος
1192 2367 1313 2419 διέφυ
1342 2369 1476 2419 poetici

816 2429 905 2477 quid
935 2441 1067 2465 sonare
1095 2428 1283 2473 videntur,
1314 2438 1393 2463 cum
1420 2426 1476 2462 ni-

816 2485 866 2521 hil
889 2485 986 2522 aliud
1008 2484 1192 2532 indicent,
1220 2484 1312 2520 nisi:
1343 2486 1476 2532 tempus

817 2545 867 2578 est
896 2543 1134 2588 interiectum,
1174 2540 1236 2576 ubi
1263 2539 1476 2589 plerumque

815 2598 955 2637 Noster
976 2599 1088 2635 utitur
1114 2597 1226 2634 verbo
1249 2594 1476 2648 διέρχεσθαι

817 2668 860 2693 ac
880 2655 1066 2692 similibus.
1104 2676 1160 2681 --
1195 2653 1255 2690 De
1273 2653 1476 2703 Lygdamo,

818 2725 925 2761 quem
945 2711 1041 2749 Naxi
1061 2715 1256 2759 tyrannum
1279 2714 1384 2747 vocat
1403 2708 1475 2745 Po-

815 2768 967 2817 lyaenus
985 2768 1145 2816 Strateg.
1162 2766 1193 2817 Ι,
1215 2767 1270 2809 23
1291 2766 1329 2819 ς.
1347 2770 1385 2814 2,
1405 2765 1475 2804 vid.

814 2825 908 2863 infra
928 2825 958 2873 Ι,
979 2824 1044 2867 64.
