2912 4368
831 878 1258 918 EUTERPE.

1305 879 1349 917 H.
1626 883 1709 921 <373

447 996 542 1050 λίην
570 995 734 1035 πᾶσαν’
766 989 1087 1044 ἐκκαθήραντες
1114 988 1159 1031 δὲ
1183 987 1343 1043 αὐτὴν,
1373 989 1445 1031 καὶ
1468 988 1707 1045 διηθήσαν-

446 1089 513 1122 τες
557 1073 661 1125 οἴνῳ
702 1070 953 1124 φοινικηΐῳ,

418 1160 437 1191 T
451 1148 773 1203 τετριμμὲιόισι.

1015 1086 1040 1110 α
1049 1063 1137 1118 ῧτις
1185 1067 1414 1123 διηθέουσι
1460 1067 1707 1123 θυμιήμασι

834 1147 976 1190 ἔπειτα
1015 1148 1094 1202 τὴν
1134 1147 1273 1202 νηδὺν
1312 1146 1505 1201 σμύρνης
1543 1146 1705 1203 ἀκηρά-

442 1245 520 1271 του
553 1227 851 1283 τετριμμένης,
882 1226 954 1270 καὶ
984 1228 1148 1282 κασίης,
1186 1226 1259 1269 καὶ
1289 1229 1376 1269 τῶν
1407 1225 1551 1269 ἄλλων
1579 1232 1701 1270 θυω-

439 1443 707 1497 διηθήσαυτες
755 1445 852 1499 οἷ’νῳ
901 1460 1035 1494 φοινι-

381 1503 504 1556 κηΐῳ]
536 1506 557 1540 1.
580 1518 609 1541 e.
637 1505 756 1540 eluunt
778 1504 1034 1552 “υιἠσ])(1[ιιιθο;

381 1561 417 1596 in
442 1574 512 1609 quo
545 1574 624 1597 cum
655 1561 793 1597 ‘Nostro
824 1560 930 1609 plane
950 1562 1033 1597 facit

379 1617 566 1653 Diodorus
599 1617 635 1663 l,
669 1619 733 1656 91.
810 1616 868 1653 De
896 1618 978 1652 vino
1012 1630 1032 1654 e

379 1673 644 1723 palmisparato
658 1674 810 1709 diximus
828 1675 874 1710 ad
897 1674 922 1719 l,
941 1675 1031 1713 193.

378 1729 517 1777 Magna
554 1730 752 1778 palmarum
791 1730 827 1765 in
862 1729 1031 1778 Aegypto

376 1787 443 1822 suit
464 1787 589 1835 copia,
610 1799 730 1835 neque
749 1791 872 1822 tamen
892 1786 1030 1822 illarum

379 1855 421 1878 ea
456 1844 680 1891 praestantia
717 1847 826 1891 atque
862 1843 897 1878 in
929 1842 1029 1879 Asia.

377 1898 484 1934 Plura
503 1900 672 1936 Creuzer.
690 1899 710 1935 l.
731 1899 752 1934 l.

432 1951 661 2004 θυμιήμασι
690 1952 974 2005 τετριμμένοισι
992 1969 1028 1992 κ.

376 2025 408 2049 τ.
429 2010 476 2061 L]
508 2012 682 2058 „Horum
709 2016 911 2048 aromatum
942 2025 1029 2060 pro-

376 2073 522 2104 ventum
537 2097 546 2113 ‚
577 2069 612 2104 in
628 2068 762 2104 Arabia
785 2068 1026 2105 felicissimum

375 2137 416 2161 ac
434 2125 656 2174 percipiendi
679 2126 825 2160 modum
847 2125 924 2173 ipse
946 2125 1020 2160 No-

375 2185 448 2217 ster
482 2182 650 2217 describit
695 2181 766 2227 HI,
810 2184 900 2221 107.
933 2184 1024 2221 110.

377 2240 466 2277 111.
497 2259 552 2264 --
581 2237 704 2285 Atque
732 2238 917 2274 Gmelinus
939 2237 979 2281 (l.
1003 2238 1024 2273 l.

373 2306 408 2342 p.
431 2295 510 2335 18)
551 2294 587 2328 in
618 2294 671 2330 his
696 2294 877 2330 Herodoti
906 2294 1024 2330 verbis

373 2350 482 2385 docet
504 2349 587 2385 bina
607 2350 709 2385 nobis
737 2351 895 2387 tenenda
925 2364 1024 2386 esse:

372 2407 544 2454 primum,
581 2406 744 2442 adhibita
767 2407 878 2442 fuisse
905 2406 1024 2442 herbas

373 2466 408 2497 et
436 2475 554 2497 succos
586 2463 800 2499 aromaticos
832 2464 1025 2499 odoratos-

372 2531 463 2566 que3
504 2519 655 2555 alterum
685 2519 771 2565 hoc,
802 2520 936 2555 ventris
965 2532 1024 2555 ca-

370 2588 453 2610 vum
476 2588 548 2611 non
565 2577 752 2624 perfusum
776 2589 856 2612 esse
875 2576 1023 2612 materia

370 2632 583 2678 condiente,
622 2633 687 2668 sed
714 2632 940 2668 subtilis-sinu)
959 2645 1023 2680 per

369 2687 479 2723 colum
514 2689 587 2724 sive
608 2690 757 2724 cribrum
786 2691 930 2725 traiecto
949 2692 1022 2725 eius

366 2744 506 2793 pulnere
543 2745 731 2793 replebam
770 2747 869 2794 quod
892 2746 1020 2782 intelli-

368 2805 475 2848 gatur
508 2815 527 2838 e
553 2803 671 2838 verbis
701 2798 928 2852 θυμιήμασι
962 2816 1019 2839 τε-

368 2856 610 2907 τριμμένοισι
660 2863 695 2895 et
749 2857 1017 2909 τετριμμένης.

368 2912 424 2950 De
446 2914 632 2950 herbarum
653 2919 772 2951 autem
790 2916 937 2965 pulvere
957 2929 1019 2951 co-

369 2970 461 3016 gitat
485 2972 591 3006 etiam
615 2971 778 3018 Heynius
807 2973 1016 3016 (comment.

370 3037 439 3061 soc.
460 3026 560 3063 Gott.
578 3027 627 3063 IV
647 3041 681 3077 p.
699 3030 781 3074 18),
812 3030 847 3064 in
870 3029 938 3065 hoc
961 3033 1017 3064 ta-

368 3094 451 3118 men
472 3082 600 3130 falsus,
630 3085 729 3132 quod
752 3086 887 3121 viscera
910 3085 945 3121 in
965 3084 1017 3121 al-

368 3150 413 3173 vo
446 3141 653 3187 reponenda
682 3154 724 3177 eo
765 3141 913 3192 pulvere
950 3142 1017 3177 ad-

369 3206 492 3241 spersa
526 3200 639 3244 putat.
706 3197 747 3233 In
787 3198 857 3234 alia
896 3199 1017 3234 omnia

368 3250 442 3285 abit
476 3249 647 3288 Rouellus
674 3253 709 3289 in
737 3267 878 3290 memm.
913 3254 1016 3290 acad.

369 3304 450 3341 Par.
472 3307 608 3344 scientt.
638 3321 719 3346 ann.
741 3312 847 3351 1750
874 3324 909 3360 p.
935 3313 1015 3350 120

368 3373 471 3409 seqq.
544 3362 666 3412 Negat
699 3368 793 3403 enim
830 3367 1014 3416 pulverem

368 3422 566 3454 aromatum
595 3421 629 3456 in
659 3422 795 3459 viscera
823 3424 1015 3468 iniectunv,

368 3473 518 3521 eiusque
535 3475 583 3511 rei
606 3477 694 3513 duas
715 3491 860 3514 caussas
874 3480 1013 3524 adfert3

366 3541 484 3575 neque
507 3531 598 3567 enim
617 3533 785 3570 idoneum
799 3547 879 3572 esse
899 3534 1014 3571 solum

411 3584 618 3624 HLRoDoT.
651 3588 678 3625 Ι.

1103 1446 1286 1496 pulverem
1299 1447 1474 1484 eiusmodi
1488 1448 1662 1486 siccandis
1679 1463 1758 1487 cor-

1103 1504 1251 1553 poribus
1273 1533 1283 1550 ,
1323 1517 1443 1552 neque
1481 1518 1565 1541 vero
1606 1507 1755 1555 reperiri

1104 1560 1178 1596 eius
1194 1560 1350 1609 pulveris
1368 1561 1537 1609 reliquias
1552 1562 1588 1597 in
1602 1564 1754 1599 mumiis.

1102 1616 1242 1653 Contra
1266 1617 1355 1654 haec
1382 1618 1543 1665 disputat
1578 1618 1754 1655 Lauthius

1101 1672 1138 1708 in
1169 1673 1306 1709 histoir.
1342 1673 1389 1710 de
1418 1674 1439 1709 Γ
1452 1679 1610 1711 anatom.
1641 1676 1709 1711 vol.
1741 1676 1754 1712 [

1102 1742 1137 1778 p.
1159 1732 1211 1769 20
1242 1742 1318 1777 seq.
1352 1734 1388 1766 et
1421 1730 1610 1767 oblocutus
1640 1733 1753 1780 priori

1101 1790 1315 1833 argumento
1347 1785 1416 1821 hoc
1445 1785 1596 1823 alterum
1622 1789 1671 1823 ita
1696 1788 1754 1824 in-

1098 1842 1241 1889 fringit,
1273 1846 1311 1878 ut
1332 1842 1445 1878 dicat:
1476 1842 1752 1892 pulveremeum

1098 1898 1300 1934 adhibitum
1334 1911 1414 1935 esse
1442 1900 1584 1935 nonnisi
1612 1901 1752 1949 pretio-

1099 1955 1240 1990 sissimo
1293 1955 1419 2003 generi
1464 1956 1751 1993 condiendorum

1096 2023 1286 2060 corporum
1305 2024 1421 2059 eaque
1440 2012 1616 2048 cadavera
1636 2013 1751 2049 medi-

1095 2071 1175 2103 cata
1199 2080 1347 2117 perrara
1376 2080 1479 2113 esse,
1516 2069 1670 2118 proinde
1695 2070 1749 2105 fa-

1096 2123 1161 2160 cile
1189 2125 1354 2173 potuisse
1386 2124 1485 2169 fieri,
1514 2129 1553 2160 ut
1574 2125 1747 2162 Rouellus

1096 2180 1165 2216 hoc
1196 2194 1311 2229 genus
1340 2181 1555 2216 mumiarum
1588 2194 1661 2218 non
1693 2183 1749 2217 vi-

1096 2237 1203 2273 derit.
1269 2237 1374 2273 Haec
1400 2236 1599 2284 Laiuhius,
1633 2244 1748 2275 recte—

1095 2306 1165 2341 que
1187 2294 1215 2329 si
1238 2294 1327 2341 quid
1356 2293 1473 2329 video.
1531 2294 1629 2330 Nam
1652 2307 1746 2342 quae

1094 2362 1160 2398 per
1187 2349 1373 2398 Europam
1410 2355 1642 2386 asservantur
1665 2364 1746 2387 mu-

1094 2406 1208 2451 nnae,
1240 2418 1305 2441 eae
1332 2405 1526 2454 pleraeque
1553 2406 1746 2444 herbarum

1092 2462 1250 2511 ipsarum
1279 2462 1505 2509 aliarumque
1524 2476 1642 2499 rerum
1673 2464 1746 2499 far-

1091 2519 1217 2566 ragine
1238 2518 1398 2566 repletae
1420 2523 1512 2554 sunt.
1572 2519 1680 2567 Atqui
1701 2532 1745 2556 ex

1091 2575 1295 2610 istiusmodi
1322 2575 1536 2610 centonibus
1557 2574 1745 2623 haudqua-

1092 2644 1200 2679 quam
1224 2631 1361 2679 pendet
1393 2631 1588 2667 auctoritas
1622 2632 1745 2668 Hero-

1090 2688 1165 2723 doti
1180 2717 1189 2734 ,
1220 2691 1258 2722 ut
1280 2688 1340 2735 qui
1358 2687 1394 2722 in
1415 2687 1606 2724 Thebaide
1626 2688 1744 2737 hypo-

1089 2744 1263 2792 gaeisque
1294 2744 1437 2791 Regum
1469 2743 1556 2779 alias
1590 2744 1742 2781 mumias

1089 2800 1317 2849 spectaverit.
1376 2800 1569 2836 Caeterum
1590 2801 1625 2836 in
1646 2802 1743 2837 exitu

1087 2857 1185 2892 iuvat
1207 2856 1416 2893 adscribere
1439 2857 1549 2892 verba
1574 2856 1742 2906 Appuleii

1086 2914 1122 2949 iu
1149 2913 1292 2962 apolog.
1319 2926 1354 2962 p.
1378 2914 1460 2953 295
1485 2912 1648 2949 Elmenh.
1664 2927 1738 2949 :--

1086 2973 1125 3006 ut
1166 2970 1195 3005 si
1230 2970 1310 3006 tlucs
1339 2973 1376 3006 et
1409 2971 1542 3005 casiam
1584 2974 1619 3005 et
1647 2983 1742 3019 myr-

1086 3026 1186 3061 rham
1207 3031 1419 3074 ceterosque
1438 3026 1476 3062 id
1502 3038 1619 3073 genus
1650 3027 1742 3061 odo-

1086 3096 1143 3119 res
1158 3082 1285 3131 suueri
1311 3087 1450 3119 tantum
1479 3086 1620 3131 emptos
1644 3082 1742 3118 arbi-

1084 3140 1212 3184 treris,
1239 3152 1318 3176 cum
1347 3143 1382 3175 et
1404 3138 1649 3175 medicamento
1674 3151 1740 3187 pa·-

1085 3200 1209 3232 rentur
1227 3200 1263 3232 et
1284 3195 1497 3232 sacrifici0.“
1527 3195 1659 3232 Creuz.
1678 3194 1699 3232 l.
1714 3195 1738 3233 l.

1084 3265 1168 3302 pag.
1190 3253 1255 3293 36.
1273 3253 1339 3292 37.

1140 3305 1215 3358 τήν
1241 3304 1369 3357 νηδύν
1388 3303 1567 3358 σμύρνης
1590 3300 1738 3357 ἆκηρᾶ-

1083 3378 1153 3402 του
1172 3358 1735 3415 τετριμμένης-πλήσαντες]

1082 3418 1212 3470 νηδύν
1244 3422 1300 3458 hic
1330 3433 1477 3469 quoque
1503 3420 1587 3456 dicit
1611 3431 1737 3455 cavum

1081 3478 1216 3514 ventris
1229 3507 1239 3523 ,
1266 3477 1444 3514 intestinis
1465 3475 1694 3512 exenteratis.

1140 3529 1319 3586 σμύρνης
1350 3527 1552 3582 οἷκηράτου
1589 3544 1736 3581 τετριμ-

1429 3588 1484 3627 43
