1768 3315
641 235 946 276 CL10.1.

1344 237 1429 277 2323

170 357 279 408 θηκε
305 352 365 406 τῷ
390 346 623 391 Ἀπόλλωνι
652 348 715 404 τῷ
743 343 964 402 Ἰσμηνίῳ·
1012 343 1060 388 εἶν
1090 343 1137 388 δὲ
1161 339 1351 401 Ἐφέσῳ,
1383 345 1485 387 αΐ15

172 445 218 475 τε
244 428 342 486 βόες
371 428 417 471 αἱ
442 424 637 482 χρύσεαι,
678 424 752 468 καὶ
781 427 871 468 τῶν
898 422 1061 468 κιόνων
1091 423 1138 467 αἱ
1164 422 1340 466 πολλαί·
1380 421 1428 466 ἐν

172 508 219 553 δὲ
246 507 466 562 Προνηΐης
493 508 569 561 τῆς
599 505 646 549 ἐν
674 507 911 560 Δελφοῖσι,
951 501 1082 554 ἀσπὶς
1109 501 1268 559 χρυσέη
1300 500 1427 558 μεγά-

84 742 88 748 .
112 707 149 744 p.
172 693 251 734 123
267 704 370 741 seqq.
398 690 450 728 III
474 702 560 741 pag.
582 692 634 732 23
656 702 761 739 seqq.

114 770 168 777 —
186 748 245 786 De
263 747 424 798 Apolline
443 746 593 784 Ismenio
621 748 715 785 conf.
733 746 763 796 I,

113 805 177 847 52.
209 804 254 851 V,
271 806 337 845 59.
360 804 469 852 VIII,
490 804 582 844 134

168 859 211 900 ἓν
232 858 274 900 δὲ
291 856 460 915 Ἐφέσῳ,
481 860 528 899 αἵ
546 874 586 898 τε
607 855 699 911 βόες
720 858 766 899 αἵ

111 912 286 970 χρύσεαι,
317 916 392 956 καὶ
424 919 503 955 τῶν
528 911 676 957 κιόνων
721 916 766 955 αἱ

112 974 278 1019 πολλαί]
300 976 381 1013 τῶν
398 968 545 1013 κιόνων
564 973 608 1012 αἱ
621 971 763 1013 πολλαὶ

112 1035 200 1069 noto
217 1031 440 1068 Graecorum
458 1043 500 1067 ex
519 1044 586 1066 usu
607 1031 762 1077 dicendi,

113 1088 161 1125 de
187 1100 259 1136 quo
287 1086 423 1124 consul.
458 1085 587 1123 Matth.
617 1085 653 1137 ξ.
677 1086 762 1129 442

113 1157 201 1194 pag·
224 1142 318 1185 825.
348 1146 441 1184 826.
501 1144 696 1180 Caeterum
719 1155 762 1181 ex

113 1200 183 1237 hoc
204 1199 306 1247 loco,
343 1199 493 1248 aliisque
525 1200 673 1236 adiectis
712 1199 762 1247 (Ι,

113 1259 178 1298 26.
209 1255 262 1303 lI,
285 1258 346 1297 10.
373 1258 470 1303 148)
494 1256 589 1292 haud
613 1255 707 1293 male
724 1256 762 1293 id

112 1312 257 1360 collegit
275 1312 402 1361 Heyse
423 1313 574 1355 Quaest.
594 1312 761 1349 Herodd.

111 1367 127 1404 I
143 1382 178 1419 p.
191 1371 244 1410 88
255 1369 483 1406 Herodotum
494 1368 612 1418 ipsum
624 1368 762 1419 Ephesi

110 1425 236 1462 urbem
271 1425 406 1462 adiisse
444 1425 636 1475 ipsumque
672 1424 762 1462 haec

111 1481 241 1519 Croesi
261 1482 414 1518 donaria
434 1482 678 1532 conspexisse.

166 1535 210 1577 ἐν
228 1535 272 1577 δὲ
293 1538 500 1589 Προνηίης
520 1540 590 1588 τῆς
612 1536 654 1577 ἐν
666 1539 761 1577 Δελ-

110 1597 244 1642 φοῖσι,
276 1589 396 1641 donis
419 1592 562 1645 χρυσέη
584 1589 759 1646 μεγάλη]

111 1649 153 1689 ἔν
182 1651 392 1703 Προνηΐης
429 1651 533 1688 simili
561 1652 672 1688 modo
704 1651 761 1688 di-

112 1710 220 1755 ctum,
241 1720 314 1757 quo
335 1720 447 1758 supra
468 1708 497 1755 I,
511 1709 564 1749 35
589 1707 631 1755 ἐν
643 1707 763 1759 Κροί-

112 1775 205 1803 σου;
253 1765 326 1811 „in
368 1764 529 1801 aedicula
575 1763 763 1802 Ilfi‘nervae

112 1819 294 1858 Promeae
325 1820 539 1871 Delphicaf‘
595 1821 762 1859 Mherva

111 1876 297 1925 Προναία
321 1877 382 1925 (s.
403 1877 525 1916 Ionice
553 1877 760 1930 Προνηΐη)

109 1932 261 1984 Delphis
277 1933 371 1971 culta
387 1947 409 1971 a
428 1934 589 1985 pluribus
608 1934 762 1985 scripto-

111 1989 210 2026 ribus
241 1994 462 2028 memoratur
495 2004 650 2041 eumque
675 1991 762 2028 titu-

110 2045 184 2083 lum
209 2046 295 2085 inde
336 2048 464 2086 sortita
502 2048 632 2085 dicitur
660 2047 761 2096 quod

110 2102 225 2153 ipsius
257 2103 421 2141 aedicula
462 2108 547 2142 ante
580 2103 760 2155 Apollinis

111 2158 286 2196 collocata
305 2161 413 2198 suerit
429 2160 602 2211 templum
614 2190 624 2208 ,
653 2162 762 2198 vesti-

111 2215 246 2253 bularz's
263 2216 375 2265 igitur
400 2230 429 2254 S.
441 2217 764 2268 protemplczrz'sMi-

109 2283 231 2310 nerva.
287 2273 371 2311 Vid.
399 2274 625 2324 potissimum
651 2275 762 2313 Wes-

110 2328 240 2378 seling.
260 2330 309 2366 ad
327 2329 481 2369 Diodor.
503 2331 574 2368 Sic.
599 2330 672 2379 XI,
697 2329 762 2372 14.

112 2383 249 2422 Meurs.
268 2385 386 2423 Lectt.
411 2385 649 2435 Att.11,17.
679 2387 762 2425 Un-

113 2441 161 2478 de
173 2441 352 2492 duplicem
368 2443 476 2492 vulgo
505 2447 668 2481 statuunt
688 2443 762 2480 Mi-

113 2509 281 2546 nervam,
343 2499 493 2537 alteram
551 2500 762 2566 Προναίαν

112 2551 263 2604 Delphis
287 2555 436 2604 cultam,
474 2556 624 2594 alteram
655 2551 762 2609 Πρό-

117 2622 230 2648 νοιαν
255 2609 407 2649 Athenis
435 2612 589 2661 cultam,
625 2617 762 2651 utram-

117 2677 189 2714 que
221 2665 313 2704 inter
354 2681 395 2705 se
430 2669 536 2707 valde
569 2670 764 2717 diversam,

117 2720 253 2771 quippe
284 2722 428 2761 alterins
470 2726 714 2776 appellatione
742 2739 764 2763 e

118 2774 198 2812 loco
232 2776 338 2815 ducta
371 2777 468 2828 (6202
502 2778 545 2821 τὸ
573 2778 651 2834 πρὸ
692 2783 765 2821 τοῦ

119 2833 220 2870 ναοῦ
239 2830 466 2885 ἷδρύσθαι),
496 2837 642 2875 alterius
661 2838 764 2876 titulo

120 2900 142 2924 a
160 2888 351 2938 prudentia
370 2905 400 2928 s
419 2893 567 2931 consilio
583 2895 764 2942 desumto,

831 688 995 738 quamvis
1011 686 1068 726 vel
1091 692 1233 726 veteres
1251 686 1486 725 Grammatici

829 746 1019 795 utriusque
1049 744 1279 794 cognominis
1306 744 1486 781 rationem

830 803 1040 840 confudisse
1062 815 1130 839 nec
1148 802 1237 838 satis
1255 804 1486 852 perspectam

829 858 1002 897 habuisse
1030 858 1232 895 videantur.
1296 857 1394 894 Hinc
1424 870 1486 894 co-

830 915 937 966 piosa
964 919 1000 953 et
1026 918 1190 952 accurata
1229 913 1486 961 disquisitione

831 971 1043 1022 Lennepius
1073 971 1141 1020 (ad
1162 970 1347 1007 Phalarid.
1363 969 1484 1020 Epist.

830 1041 917 1079 pag.
940 1028 1020 1069 143
1040 1040 1144 1076 seqq.
1164 1027 1234 1064 hoc
1262 1030 1378 1063 totum
1400 1038 1486 1076 per-

830 1085 998 1122 tractavit
1016 1086 1290 1132 argumentum,
1319 1095 1392 1131 quo
1416 1083 1485 1118 do-

831 1145 947 1188 ceret,
978 1144 1158 1189 quotquot
1177 1152 1198 1176 e
1216 1139 1398 1177 veteribus
1417 1137 1485 1174 hu-

828 1197 883 1234 ius
903 1197 1005 1234 aedis
1022 1196 1209 1232 Minervae
1224 1194 1378 1244 Delphis
1398 1208 1485 1231 con-

829 1258 992 1291 sectatae
1010 1252 1260 1298 meminerint,
1287 1263 1362 1287 non
1377 1251 1485 1301 Προ-

828 1309 999 1356 ναίαν,
1039 1309 1107 1346 sed
1138 1303 1387 1360 Πρόνοιαν
1420 1320 1486 1343 vo-

828 1366 960 1413 luisse,
1004 1377 1185 1413 omneque
1224 1365 1322 1401 istud
1357 1364 1485 1400 discri-
1528 1369 1531 1371 ’

829 1436 913 1460 men
950 1423 998 1460 de
1038 1421 1171 1472 duplici
1206 1421 1277 1457 ista
1317 1419 1485 1457 Minerva

827 1479 958 1518 falsum
1010 1491 1104 1516 esse.
1181 1477 1314 1515 Fuisse
1359 1476 1485 1525 utique

830 1535 1036 1588 Προνοίας
1061 1530 1240 1585 Ἀθηνᾶς
1269 1546 1352 1571 aras
1379 1535 1485 1570 sana-

828 1606 900 1643 que
913 1606 992 1630 cum
1005 1593 1041 1629 in
1053 1592 1130 1629 aliis
1150 1591 1352 1629 civitatibus
1366 1589 1484 1627 Grae·

829 1650 905 1687 ciae
916 1678 926 1696 ,
955 1653 1031 1686 tum
1051 1649 1158 1685 etiam
1169 1648 1266 1684 iuxta
1274 1646 1483 1697 Apollinem

828 1705 985 1755 Delphis
1006 1704 1282 1756 pulcherrimam
1312 1706 1350 1741 et
1369 1703 1485 1739 maxi-

829 1775 926 1800 mam
945 1763 1074 1800 aedem
1093 1762 1140 1798 ad
1160 1761 1368 1809 ingressum
1389 1763 1483 1797 tem-

829 1819 901 1870 pli,
941 1823 978 1856 et
1008 1818 1112 1855 huius
1149 1817 1264 1868 ipsius
1295 1815 1484 1853 Minervae

829 1875 1040 1914 meminisse
1069 1878 1105 1912 et
1125 1874 1355 1911 Herodotum
1381 1876 1417 1910 et
1444 1884 1484 1908 a·-

831 1932 920 1980 lios,
956 1935 1135 1982 quotquot
1167 1930 1298 1968 excitat
1331 1928 1484 1966 Wesse-

827 1989 960 2038 lingius
984 1988 1007 2025 l.
1032 1987 1055 2024 l.
1074 1987 1239 2037 Delphos
1259 1998 1367 2033 vem,
1397 1986 1483 2022 dum

828 2046 1032 2084 Minervam
1042 2046 1296 2082 consecrarent
1309 2038 1484 2094 Πρόνοι-

829 2118 899 2150 αν,
928 2115 1003 2138 non
1035 2101 1136 2139 aliud
1165 2103 1354 2150 spectasse
1373 2111 1484 2148 quam

821 2159 1069 2211 prudentiam,
1108 2156 1338 2194 consiliorum
1368 2156 1485 2192 facto-

827 2229 980 2265 rumque
1025 2213 1324 2260 moderatricem,
1381 2211 1483 2248 cuius

826 2272 889 2310 illa
909 2276 1086 2322 tanquam
1107 2271 1179 2308 dea
1198 2272 1298 2308 esset
1318 2267 1483 2306 colenda.

828 2329 933 2367 Haec
959 2327 1113 2380 paucula
1142 2339 1186 2364 ex
1209 2325 1391 2363 uberrima
1417 2324 1485 2361 viri

829 2386 927 2424 docti
936 2385 1184 2436 disputatione
1191 2381 1380 2432 adscripsi,
1389 2393 1485 2430 quae

828 2443 979 2494 propius
999 2442 1048 2478 ad
1067 2441 1187 2491 ipsum
1198 2438 1377 2476 Nostrum
1396 2437 1485 2474 scri-

827 2503 972 2550 ptorem
993 2497 1245 2535 illustrandum
1262 2495 1418 2542 faciunt,
1446 2494 1485 2530 in

829 2568 901 2605 quo
922 2559 1068 2602 tamen,
1097 2553 1128 2590 si
1153 2552 1301 2590 omnino
1329 2563 1416 2589 vera
1442 2563 1485 2587 ac

829 2612 947 2663 proba
990 2614 1097 2657 sunt,
1141 2622 1236 2659 quae
1269 2606 1484 2657 Lennepius

830 2668 1050 2718 disputavit,
1096 2666 1154 2703 vix
1186 2664 1333 2714 vulgata
1376 2663 1484 2701 lectio

831 2728 928 2762 stare
950 2724 1105 2775 poterit,
1133 2722 1203 2759 nisi
1221 2722 1340 2772 ipsum
1363 2719 1484 2758 Hero-

832 2781 958 2818 dotum
979 2780 1016 2817 in
1038 2780 1141 2818 Deae
1170 2778 1315 2815 nomine
1341 2777 1483 2827 lapsum

831 2837 977 2874 dixeris.
1035 2837 1202 2880 Quorum
1219 2837 1388 2872 neutrum
1403 2846 1484 2869 cum

831 2905 855 2930 a
872 2906 931 2932 me
965 2893 1158 2944 impetrare
1185 2902 1360 2942 possem,
1396 2887 1483 2926 nihil
