1759 3324
335 287 420 328 486

747 281 1211 324 HERoDo'rl

340 407 447 449 σαν,
476 396 684 454 ἑξήκοντα
713 399 904 450 σχοῖνοι,
935 392 1043 436 κατὰ
1065 390 1191 448 ἡμέες
1213 388 1460 446 διαιρέομεν
1482 388 1594 433 εἶναι

339 476 563 531 Αἴγυπτον
598 473 684 519 ἀπὸ
717 477 796 518 τοῦ
816 471 1119 528 Πλινθινήτεω
1149 468 1316 516 κόλπου
1344 469 1593 526 μέχριΣερ-

283 681 442 732 applicat
467 682 691 728 Larchems,
728 692 796 718 nec
817 683 940 716 tamen

284 742 424 774 tantum
445 745 549 788 putat
571 739 664 775 inter
681 735 863 774 Herodoti
883 740 940 772 at-

288 806 359 842 que
375 794 565 831 Strabonis
585 792 810 842 (quiscilicet
829 791 943 828 maio-

287 850 385 886 ribus
433 850 559 887 stadiis
598 847 800 899 Olympieis
836 846 946 884 fuerit

288 907 393 953 usus)
421 918 590 943 numeros
621 904 846 942 intercedere
868 903 944 939 dis-

288 962 457 1010 criminis,
486 963 574 1011 quin
589 961 781 998 convenire
793 960 830 996 in
849 971 946 995 sum-

288 1030 348 1055 ma
391 1019 468 1056 fere
512 1022 665 1067 uterque
714 1016 946 1055 existimetur.

290 1074 414 1118 Quare
435 1075 738 1124 acquiescendum
758 1073 887 1123 opinor
908 1071 947 1107 in

289 1130 355 1178 iis,
384 1144 480 1179 quae
516 1130 716 1169 Danvillius
753 1128 945 1177 (Memoir.

290 1199 353 1224 sur
369 1186 530 1238 l’Egypt.
551 1201 588 1238 p.
614 1188 682 1236 11)
705 1186 846 1237 posuit,
871 1183 946 1222 Ae-

291 1245 396 1293 gypti
431 1243 696 1293 longitudinem
731 1241 944 1279 maritimam

217 1350 219 1352 Ι
292 1312 315 1337 a
327 1299 545 1338 Plinthinete
563 1301 644 1337 sinu
661 1311 777 1348 usquc
797 1298 845 1335 ad
858 1297 947 1334 Ser-

293 1355 463 1394 bonidem
485 1356 601 1394 lacum
619 1368 744 1406 parem
771 1367 851 1392 esse
877 1352 945 1390 ἀα-

293 1414 402 1449 centis
423 1413 663 1463 quadraginta
679 1424 741 1449 sex
758 1410 945 1448 Romano-

293 1481 372 1505 rum
391 1469 581 1516 milliariis,
608 1481 630 1506 a
651 1481 724 1518 quo
752 1479 827 1505 non
853 1465 946 1504 mul-

293 1529 371 1562 tum
396 1526 549 1564 discedit
573 1525 808 1571 Herodotus,
836 1534 945 1572 quem

293 1582 412 1618 minus
441 1587 605 1620 accurate
628 1579 861 1629 caeteroquin
881 1579 947 1616 de-

295 1638 433 1676 finiisse
478 1638 638 1688 Aegypti
684 1636 948 1686 longitudinem

295 1694 483 1732 contendit
540 1693 811 1731 Schlichthorst.
861 1691 885 1728 l.
924 1690 948 1728 l.

295 1763 381 1801 pag.
399 1752 465 1798 24,
485 1751 628 1788 ubivid.
649 1750 764 1799 plura.
795 1748 868 1792 Qui
882 1760 950 1784 nu-

295 1807 452 1857 perrime
468 1807 673 1857 disquisivit
694 1806 852 1843 Iomard.
869 1804 948 1841 loco

295 1864 390 1900 infra
426 1863 610 1901 laudando
637 1876 723 1914 pag.
754 1863 836 1903 508
871 1873 948 1910 seq.

298 1920 380 1960 657
401 1920 462 1957 et
454 1933 534 1970 lpse
553 1932 629 1956 non
655 1918 806 1956 multum
824 1929 846 1954 a
864 1930 950 1954 vero

298 1975 494 2014 abhorrere
521 1977 658 2013 iudicat
686 1985 874 2012 mensuras
902 1973 948 2009 ab

297 2030 490 2069 Herodoto
505 2032 687 2081 proditas,
715 2029 826 2067 modo
844 2028 953 2066 intel-

298 2086 392 2134 ligas
432 2088 551 2124 stadia
575 2092 717 2125 centum
755 2091 952 2124 metrorum

300 2143 493 2191 (meti-es),
520 2143 572 2180 ita
592 2147 633 2180 ut
661 2154 800 2179 summa
821 2141 952 2179 evadat

299 2201 480 2245 360‚000
499 2204 706 2236 metrorum.
745 2198 868 2241 Quare
887 2197 952 2233 mi-

298 2254 396 2292 nime
407 2255 609 2293 audiendus
620 2254 803 2292 Mannert.
814 2254 850 2289 in
863 2266 952 2302 geo-

301 2311 429 2361 graph.
464 2312 500 2348 d.
535 2312 601 2348 Gr.
636 2323 670 2348 u.
700 2311 807 2348 Rom.
834 2309 889 2357 X,
927 2311 950 2350 1

299 2379 386 2417 pag.
397 2368 478 2408 253
502 2380 617 2416 seqq,
638 2366 699 2416 qui
717 2366 824 2403 ullam
833 2365 955 2403 Hero-

301 2422 418 2460 doteis
448 2424 625 2461 mensuris
654 2423 765 2460 fidem
790 2422 954 2459 tribuen-

301 2479 386 2516 dam
407 2492 488 2517 esse
515 2484 648 2528 negat,
676 2479 813 2529 quippe
835 2478 954 2514 minus

301 2536 474 2572 accuratis
485 2535 707 2584 multumque
726 2547 868 2585 semper
892 2546 954 2571 ex-

301 2592 499 2640 aggeratis,
521 2591 678 2630 confusis
692 2595 881 2641 praeterea
889 2602 953 2627 va-

301 2647 363 2684 riis
379 2652 416 2685 et
431 2648 630 2685 stadiorum
645 2651 683 2685 et
694 2646 838 2684 schoeni
850 2658 952 2683 men-

304 2703 407 2741 suris.
448 2704 552 2747 Quae
568 2703 654 2741 talia
673 2703 758 2750 sint,
787 2708 828 2740 ut
845 2701 952 2740 refel-

302 2758 377 2797 lere
397 2760 564 2810 putidum
582 2760 638 2797 sit.

359 2813 458 2854 κατὰ
474 2813 591 2867 ἡμέες
608 2830 642 2854 κ.
659 2829 690 2854 τ.
703 2813 751 2865 t]
770 2811 869 2854 κατοὶ
884 2827 953 2866 pro

305 2866 406 2910 καθ’
437 2867 486 2920 ἃ,
516 2877 556 2909 ut
576 2871 604 2918 l,
627 2874 721 2914 208.

361 2922 440 2968 ebro
461 2930 533 2968 τοῦ
557 2921 837 2980 Πλινθινήτεω
863 2921 953 2967 κόλ-

995 693 1075 718 που
1095 676 1208 743 με’χοι
1223 677 1476 730 Σερβωνίδος
1492 675 1651 729 λίμνης]

998 730 1280 785 Πλινθινήτης
1306 735 1405 772 sinus
1433 748 1567 774 nomen
1591 748 1653 772 ac-

997 792 1094 841 cepit
1118 792 1163 828 ab
1184 791 1273 828 urbe
1296 792 1526 842 Πλινθίνῃ,
1557 804 1653 841 quae

998 851 1056 885 est
1081 847 1261 884 maritima
1281 846 1319 883 in
1346 851 1509 885 extrema
1525 847 1653 897 Aegy-

997 904 1054 953 pti
1073 915 1137 939 ora
1154 901 1310 950 Libyam
1328 915 1452 941 versus
1469 904 1540 940 sita
1558 904 1652 941 inter

1001 958 1201 1009 Taposirin
1229 962 1265 995 et
1288 958 1384 997 Nicii
1413 971 1573 1010 pagum,
1615 963 1654 997 et

1000 1014 1092 1052 lacui
1108 1014 1324 1063 Mareotico,
1352 1015 1407 1052 cui
1428 1016 1543 1052 vicina
1563 1019 1654 1064 erat,

1003 1067 1283 1121 Πλινθινήτου
1297 1083 1430 1109 nomen
1450 1072 1565 1110 dedit.
1595 1071 1654 1110 De

1001 1129 1091 1166 urbe
1109 1129 1203 1166 conf.
1216 1128 1349 1164 Strabo
1364 1127 1468 1165 XVII
1483 1141 1520 1178 p.
1533 1128 1655 1176 1150,

1001 1185 1033 1221 B
1054 1199 1082 1222 s.
1105 1197 1142 1235 p.
1163 1187 1257 1226 799.
1305 1184 1433 1221 Sinum
1457 1183 1657 1222 Plinthine-

1001 1244 1067 1278 tem
1095 1240 1206 1278 hodie
1236 1239 1396 1277 Arabum
1434 1241 1551 1278 sinum
1586 1239 1657 1278 dici

1002 1298 1127 1336 scribit
1154 1296 1355 1334 Danvillius
1384 1295 1429 1344 (l.
1459 1296 1483 1334 l.
1506 1310 1544 1348 p.
1567 1298 1654 1346 63).

1001 1354 1110 1392 Conf.
1126 1353 1309 1391 Mannert.
1330 1353 1469 1402 Geogr.
1489 1354 1526 1391 d.
1538 1353 1604 1391 Gr.
1621 1366 1657 1391 u.

998 1410 1105 1450 Rom.
1126 1409 1175 1457 X,
1198 1412 1225 1451 2
1241 1423 1329 1460 pag.
1349 1408 1417 1451 24.

1059 1466 1223 1505 Serbonis
1243 1465 1362 1513 lacus,
1390 1465 1440 1506 de
1458 1478 1536 1516 qno
1562 1466 1658 1503 infra

1000 1522 1074 1571 ΠΙ,
1102 1524 1152 1571 5,
1183 1521 1392 1574 Aegyptum
1421 1523 1519 1561 inter
1546 1526 1658 1572 atque

1001 1579 1249 1617 Palaestinam
1260 1585 1317 1617 est
1338 1581 1428 1617 situs
1450 1580 1497 1617 ab
1515 1580 1658 1617 oriente

1004 1636 1106 1674 Casii
1123 1637 1271 1684 montis,
1287 1636 1332 1674 ab
1344 1637 1533 1674 occidente
1541 1646 1659 1686 prope

1003 1692 1283 1731 Rhinocoluram
1312 1692 1427 1742 (quae
1450 1692 1561 1730 hodie
1592 1703 1660 1742 ap-

1003 1749 1160 1800 pellatur
1185 1748 1425 1798 Al-Arisch).
1476 1748 1659 1798 Perquam

1004 1809 1203 1855 angustum
1214 1806 1323 1843 fuisse
1339 1804 1455 1843 lacum
1467 1809 1593 1843 auctor
1602 1807 1660 1842 est

1003 1861 1188 1900 Diodorus
1208 1861 1239 1908 Ι,
1256 1863 1331 1908 30,
1363 1862 1429 1900 sed
1442 1862 1554 1899 mirae
1570 1873 1662 1911 pro-

1004 1919 1195 1956 funditatis
1217 1922 1253 1956 et
1278 1918 1517 1955 ducentorum
1543 1918 1659 1954 ferme

1008 1974 1205 2012 stadiorum
1215 1973 1452 2023 longitudinis
1463 1988 1473 2021 3
1484 1973 1553 2011 alia
1561 1973 1659 2010 idem

1009 2031 1133 2068 scribit
1159 2031 1206 2068 de
1231 2031 1384 2068 exitiosa
1417 2030 1574 2081 palude,
1603 2029 1659 2066 cui

1006 2091 1206 2138 perpetuus
1227 2087 1340 2124 austri
1357 2088 1465 2124 flatus
1487 2097 1661 2136 magnam

1005 2143 1151 2192 ingerat
1169 2156 1300 2181 arenae
1316 2144 1399 2181 vim.
1435 2143 1571 2181 Plinius
1590 2141 1662 2189 (H.

1007 2198 1056 2237 N·
1068 2199 1114 2246 V,
1137 2200 1208 2248 13)
1232 2199 1382 2247 15,000
1400 2212 1573 2251 passuum
1593 2198 1663 2236 cir-

1008 2256 1142 2293 cuitum
1153 2256 1331 2304 quosdam
1342 2255 1389 2293 illi
1400 2257 1559 2294 tribuere
1573 2267 1661 2292 nar-

1008 2316 1082 2357 rat,
1111 2312 1177 2349 sed
1195 2324 1291 2349 nunc
1307 2313 1483 2350 modicam
1503 2324 1586 2350 esse
1594 2323 1662 2362 pa·-

1007 2367 1142 2406 ludem.
1192 2368 1241 2405 Et
1262 2370 1325 2418 qui
1352 2373 1446 2407 teste
1474 2368 1662 2406 Strabone

1009 2424 1098 2462 XVI
1115 2438 1152 2475 p.
1172 2427 1292 2473 1102,
1311 2425 1344 2462 Β
1362 2439 1398 2477 p.
1415 2427 1512 2473 760,
1528 2424 1561 2462 A
1580 2436 1663 2462 cum

1010 2481 1100 2518 mari
1122 2485 1262 2518 tantum
1288 2494 1356 2532 per
1383 2479 1558 2535 ἔκρηγμα
1575 2492 1664 2518 con·
1742 2516 1744 2536 ἶ

1008 2536 1150 2574 iunctus
1169 2542 1247 2575 erat
1268 2537 1388 2585 lacus,
1416 2542 1544 2576 nostra
1562 2540 1664 2574 aeta-
1742 2538 1743 2541 ’

1009 2597 1048 2631 te
1069 2594 1168 2630 sinus
1187 2595 1297 2631 maris
1322 2595 1443 2645 potius
1472 2606 1582 2643 quam
1609 2592 1664 2629 la-

1009 2663 1073 2687 cus
1101 2650 1167 2686 erit
1195 2651 1402 2699 vocandus,
1439 2651 1496 2688 cui
1530 2661 1664 2687 nomen

1009 2704 1161 2743 Sebaket
1179 2704 1346 2744 Barduil.
1376 2707 1461 2744 Vid.
1485 2705 1664 2744 schlicht-

1009 2761 1112 2799 horst
1141 2761 1164 2799 l.
1183 2762 1206 2799 1.
1234 2776 1320 2813 pag.
1347 2763 1411 2805 50.
1442 2762 1662 2801 Hartmann.

1010 2816 1034 2854 l.
1053 2817 1076 2853 l.
1105 2830 1191 2867 pag.
1219 2820 1301 2861 867
1324 2819 1401 2856 coll.
1431 2818 1616 2856 Mannert.
1638 2817 1662 2854 l.
1738 2851 1739 2854 ,

1011 2872 1033 2910 1.
1046 2873 1130 2919 X‚1
1151 2887 1237 2924 pag.
1249 2878 1344 2923 497,
1363 2875 1424 2925 qui
1442 2874 1665 2913 laeumnune
1738 2870 1739 2918 J

1008 2942 1158 2981 prorsus
1189 2932 1429 2981 exsicoetum,
1475 2943 1521 2972 ex
1549 2930 1665 2971 muria
