1805 3315
632 239 849 278 CLIO.
907 240 935 278 Ι.
1381 249 1436 288 47

145 393 224 434 την
250 369 472 429 στρατιήν·
517 370 795 428 (Σαδυάττης
821 371 907 428 γάρ
939 366 1072 424 οὗτος
1101 373 1175 417 καὶ
1204 372 1228 418 ὁ
1258 374 1338 419 τόν
1361 375 1436 420 πό-

143 461 274 512 λεμον
299 446 356 507 ἦν
385 449 627 507 συνάψας·)
666 450 720 494 τὰ
749 451 796 495 δὲ
824 451 951 495 πέντε
980 456 1067 496 τῶν
1097 452 1228 497 ἐτέων
1255 455 1309 498 τὰ
1339 455 1436 501 ἑπό-

147 549 252 594 μενα
281 535 395 574 τοῖσι
432 530 478 582 ἓξ
512 528 744 588 Ἀλυάττης
781 529 806 575 ὁ
838 531 1100 576 Σαδυάττεω
1131 532 1354 589 ἐπολέμεε,
1387 535 1436 587 ὃς

143 609 490 666 παραδεξάμενος
519 608 601 664 (ὥς
630 611 704 654 καὶ
727 609 944 666 πρότερόν
974 629 1050 668 μοι
1079 610 1329 669 δεδήλωται)
1361 630 1438 658 πα-

141 691 198 747 ρὰ
225 693 305 734 τοῦ
335 689 498 744 πατρὸς
526 688 606 733 τὸν
633 688 852 747 πόλεμον,
891 696 1090 747 προσεῖχε
1131 692 1484 749 ἐντεταμένως.7ο

117 774 252 814 3τοῖσι
271 768 317 813 δὲ
335 770 596 825 Μιλησίοισι
618 769 807 826 οὐδαμοὶ
831 769 992 814 Ἰώνων
1021 771 1100 816 τὸν
1121 769 1317 828 πόλεμον
1339 776 1438 816 τοῦ-

117 857 219 894 4τον
249 848 660 905 συνεπελάφρυνον,
713 848 780 893 ὅτι
810 849 868 906 μὴ
901 855 1003 894 Χῖοι
1027 855 1204 908 μοῦνοι.
1236 846 1360 897 οὗτοι
1389 852 1437 897 δὲ

139 928 189 973 τό
229 927 386 985 ὁμοῖον
425 927 792 981 ἀνταποδιδόντες
831 929 1087 986 ἐτιμώρεον·
1136 919 1210 975 και
1253 930 1336 987 γάρ
1381 931 1435 989 δή

139 1007 358 1065 πρότερον
395 1009 439 1052 οἱ
478 1006 689 1065 Μιλήσιοι
726 1013 843 1053 τοῖσι
880 1011 1029 1053 Χίοισι
1070 1008 1150 1054 τὸν
1177 1009 1290 1066 πρὸς
1314 1009 1437 1069 Ἐρυ-

140 1090 328 1145 θραίους
362 1086 555 1144 πόλεμον
593 1087 913 1145 συνδιήνεικαν.
986 1093 1059 1146 Τῷ
1089 1089 1135 1133 δὲ
1171 1090 1757 1147 δυωδεκάτῳ·75ι«“,ῑιιειιιιοῑιιιιειειιιΝ

1483 1150 1521 1170 no
1558 1142 1632 1169 belli
1667 1143 1758 1170 Mile-

1481 1176 1555 1202 siaci
1571 1175 1760 1209 duodecimo,

1482 1212 1513 1236 ct
1545 1209 1674 1244 Pythiae
1709 1217 1758 1238 rc-

137 1249 288 1304 νείχθη
332 1264 373 1290 τι
410 1246 582 1290 τοιόνδε
614 1247 820 1302 γενέσθαι
857 1250 1057 1304 πρῆγμα·
1099 1245 1159 1299 ὥς
1199 1248 1324 1306 ἅφθη
1366 1252 1435 1295 τά-
1483 1251 1637 1278 ⁵¹³⁰”⁸¹¹¹¹¹·

30 1103 94 1149 19

139 1169 223 1213 ἔτεϊ
249 1170 378 1225 ληΐου
421 1167 750 1224 ἐμπιπραμένου
793 1166 882 1212 ὑπὸ
922 1171 999 1223 τῆς
1039 1173 1266 1225 στρατιῆς,
1308 1182 1435 1230 συνη-

136 1338 260 1383 χιστα
288 1325 337 1370 τὸ
367 1324 492 1382 λήϊον
522 1325 667 1383 ἀνέμῳ
698 1325 936 1382 βιώμενον,
975 1326 1117 1379 ἅψατο
1159 1332 1273 1384 νηοῦ
1309 1327 1435 1387 Ἀθη-

112 1407 282 1462 Ξναίης,
313 1404 536 1461 ἐπίκλησιν
563 1403 798 1462 Ἀσσησίης.
830 1403 993 1462 οἶφθεὶς
1023 1407 1070 1451 δὲ
1100 1405 1123 1450 ὁ
1154 1407 1282 1464 νηὸς,
1315 1426 1437 1454 κατε-

112 1484 297 1541 3καύθη.
335 1485 411 1528 καὶ
439 1485 486 1529 τὰ
518 1486 767 1540 παραυτίκα
800 1486 880 1541 μὲν
908 1484 1037 1542 λόγος
1069 1486 1216 1538 οὐδεὶς
1245 1487 1435 1544 ἐγένετο·

135 1563 241 1621 μετά
272 1564 339 1616 δὲ,
384 1567 460 1620 τῆς
491 1569 695 1622 στρατιῆς
730 1564 995 1623 ἀπικομένης
1035 1565 1078 1617 ἐς
1113 1565 1304 1623 Σάρδις,
1345 1569 1483 1618 {vd-80

113 1654 240 1699 4σησε
271 1641 294 1686 ὁ
330 1641 576 1701 Ἀλυάττης.
634 1644 905 1702 μακροτέρης
946 1645 991 1689 δέ
1023 1647 1068 1689 οἵ
1097 1648 1332 1705 γενομένης
1360 1655 1437 1707 τῆς

137 1720 324 1774 νούσου,
373 1723 527 1779 πέμπει
567 1724 610 1775 ἐς
648 1723 855 1780 Δελφοὺς
893 1724 1207 1780 θεοπρόπους,
1257 1712 1338 1772 ε’ίτε
1381 1731 1434 1788 δὴ

137 1801 545 1858 συμβουλεύσαντός
574 1821 670 1859 τευ,
701 1805 784 1848 εἴτε
812 1804 887 1848 καὶ
916 1803 1038 1862 αὐτῷ
1064 1805 1182 1859 ἔδοξε
1202 1807 1435 1864 πέμψαντα

95 2006 189 2042 quae
208 1992 358 2031 excitavi
384 1993 434 2030 ad
461 1991 643 2030 Plutarch.
663 1991 750 2030 Phi-

94 2049 251 2100 lopoem.
275 2063 361 2100 pag.
385 2052 451 2090 67.

151 2102 232 2146 ὅτι
265 2103 325 2157 μή
355 2108 452 2145 Χῖοι
481 2104 649 2155 μοῦνοι]
683 2101 745 2145 ὅτι

95 2158 151 2214 μή
171 2165 262 2210 nisi,
282 2167 422 2213 praeter
449 2162 593 2211 (Chios
619 2162 747 2210 solos)

94 2219 192 2257 haud
213 2220 424 2269 infrequens
447 2219 548 2269 apud
558 2218 750 2266 Nostrum,

32 2288 43 2303 ·=
97 2288 142 2313 ex
163 2289 237 2325 quo
257 2276 436 2314 formulae
466 2289 554 2312 usus
583 2277 632 2312 ad
653 2276 752 2313 Pau-

96 2333 236 2370 saniam
258 2333 415 2380 transiit,
434 2336 606 2370 monente
617 2332 752 2370 Siebel.

97 2389 202 2436 adl,
233 2391 284 2430 18
312 2388 337 2440 ἓ
361 2392 398 2430 6.
430 2389 491 2427 Tu
520 2389 592 2425 vid.
619 2389 752 2426 Matth.
796 2391 798 2394 ’

98 2444 163 2483 Gr.
176 2445 241 2483 Gr.
255 2444 292 2496 ἓ.
303 2445 385 2487 624
397 2475 408 2493 ‚
430 2447 468 2487 3.
482 2448 519 2487 6.
532 2458 619 2516 pag.
632 2448 751 2487 1271.

302 2529 411 2581 Cap.
442 2530 544 2567 XIX.

151 2609 356 2664 ἐπίκλησιν
370 2609 605 2665 Ἀσσησίης]
628 2614 669 2651 In
686 2627 750 2652 vo-

100 2678 142 2703 ce
159 2662 369 2721 Ἀσσησίης
389 2671 608 2708 conveniunt
624 2672 748 2722 scripti

100 2719 180 2768 ljbri
208 2725 361 2774 plurimi.
438 2727 480 2764 In
511 2728 584 2766 fine
619 2729 748 2778 capitis

97 2775 229 2825 legitur
244 2777 456 2834 Ἀσσησός,
485 2784 552 2821 vici
582 2798 612 2821 s.
641 2785 749 2835 opp‘b-

97 2833 173 2869 duli
185 2847 312 2875 nomen
325 2868 336 2885 ‚
351 2840 450 2877 unde
461 2840 531 2877 dea
542 2852 747 2890 cognomen

95 2888 266 2941 Assepiae
301 2897 457 2933 traxerit.
524 2896 635 2934 Plura
670 2910 747 2934 non

816 1994 995 2029 constant.
1045 1991 1155 2029 Conf.
1192 1992 1368 2042 Stephan.
1404 1992 1481 2042 By-

816 2052 914 2085 zant.
943 2062 971 2084 s.
990 2060 1023 2084 v.
1044 2043 1233 2098 Ἀσσησὸς
1255 2053 1292 2087 et
1307 2049 1480 2099 Polyaen.

816 2105 979 2153 Strateg.
1012 2104 1084 2152 VI,
1116 2105 1182 2146 47.

872 2161 915 2197 In
934 2174 1038 2210 seqq.
1059 2175 1139 2199 cum
1154 2166 1303 2200 reeentt.
1323 2164 1472 2214 reposui

818 2213 861 2256 τὸ
890 2218 1137 2268 παραυτίκα,
1176 2219 1381 2257 disiunctim
1406 2234 1476 2271 pro

818 2275 1116 2327 τοπαραυτίκας
1165 2277 1265 2324 quod
1303 2277 1339 2312 in
1380 2277 1481 2314 haud

818 2332 943 2382 paucis
970 2331 1074 2368 istius
1104 2332 1204 2369 modi
1235 2332 1479 2370 locutionibus

819 2400 887 2425 nos
918 2401 1063 2438 semper
1091 2389 1241 2436 secisse,
1279 2389 1392 2427 semel
1422 2390 1479 2428 hic

820 2445 1006 2482 monuisse
1023 2445 1191 2482 sufficiat.

880 2500 956 2540 εἴτε
995 2500 1063 2540 καὶ
1098 2497 1210 2556 αὐτῷ
1236 2501 1345 2550 ἔδοξε
1380 2500 1476 2554 πέμ-

821 2556 981 2608 ψαντα]
1047 2558 1235 2595 Structura
1284 2560 1477 2610 participii,

820 2627 929 2664 quam
959 2614 1022 2663 qui
1054 2615 1296 2664 ignorabant,
1334 2616 1474 2654 malue-

816 2675 900 2708 runt
926 2669 1153 2722 πέμψαντι,
1182 2685 1300 2719 nunc,
1330 2673 1475 2722 opinor,

816 2728 997 2766 neminem
1015 2728 1189 2766 offendet.
1249 2730 1370 2779 Supra
1382 2729 1409 2776 Ι,
1427 2731 1475 2770 3:

817 2779 921 2823 οὕτω
944 2781 994 2834 δή
1017 2805 1073 2812 --
1101 2788 1242 2824 τοῖσι
1260 2781 1474 2835 ‘'Eli-vot

815 2836 946 2889 δόξαι,
977 2843 1139 2893 πρῶτον
1168 2839 1475 2891 πέμψαντας

814 2893 1020 2950 ἀγγέλους,
1052 2893 1267 2937 ἀπαιτέειν.
1315 2897 1411 2934 Add.
1438 2897 1467 2943 1,
