1759 3324
518 229 942 270 EUTERPE.
993 229 1040 266 ΙΙ.

1319 229 1403 269 583

138 363 230 391 νων
260 346 413 400 ἔλαβον
450 340 498 384 τὸ
540 339 710 395 οὕνομα
751 342 832 382 τοῦ
869 336 1106 392 Ἡρακλέος
1147 336 1457 392 Αἰγύπτιοι,45

139 424 246 468 ἀλλά
277 423 478 476 Ἓλληνες
506 422 672 474 μᾶλλον
698 417 807 472 παρ’
838 417 1114 471 Αἰγυπτίων,
1152 416 1227 459 καὶ
1257 413 1402 470 Ἑλλή-

137 519 226 547 νων
255 495 376 543 οὗτοι
406 500 448 540 οἱ
475 497 653 553 θέμενοι
681 501 743 553 τῷ
777 496 1107 552 Ἀμφιτρύωνος
1143 494 1259 552 γόνῳ
1298 493 1402 538 τοῦ-

136 597 250 635 νομα
274 576 511 631 “Ηρακλέα,
561 575 699 620 πολλά
728 593 803 632 μοι
832 577 907 619 καὶ
941 575 1047 618 ἄλλα
1077 573 1284 629 τεκμήριά
1315 573 1403 617 ἐστι

134 662 265 703 τοῦτο
297 655 412 700 οὕτω
444 657 577 712 ἔχειν,
609 657 655 700 ἐν
687 655 732 699 δὲ
761 655 834 699 καὶ
856 654 977 706 τόδε,
1010 654 1077 698 ὅτι
1099 670 1143 696 τε
1163 657 1242 697 τοῦ
1268 652 1400 707 Ἡρα-

132 737 256 787 κλέος
294 733 456 779 τούτου
495 737 538 778 οἱ
585 734 731 791 γονέες
780 733 1025 790 ἀμφότεροι
1063 729 1199 789 ἦσαν,
1246 731 1400 788 Ἀμφι-

131 815 279 872 τρύων
307 816 381 859 καὶ
422 813 663 871 Ἀλκμήνη,
717 813 941 870 γεγονότες
980 811 1030 856 τὸ
1074 810 1291 856 ἀνέκαθεν
1321 808 1397 854 ἀπ’
1412 819 1458 852 50

129 894 378 950 Αἰγύπτου,
424 895 498 938 καὶ
536 893 646 938 διότι
686 893 921 949 Αἰγύπτιοι
959 891 1059 935 οὔτε
1100 891 1403 941 Ποσειδέωνος

134 974 235 1019 οὕτε
263 972 558 1027 Διοσκούρων
587 973 639 1016 τὰ
673 971 897 1028 οὐνόματά
929 983 1039 1028 φασι
1070 971 1253 1022 εἰδέναι,
1298 969 1401 1013 οὐδὲ

132 1066 213 1109 σφι
241 1054 337 1097 ’θεοὶ
368 1047 492 1096 οὗτοι
532 1052 581 1096 ἐν
616 1058 729 1096 τοῖσι
761 1051 932 1096 ἄλλοισι
960 1056 1105 1096 θεοῖσι
1138 1049 1401 1105 ἀποδεδέχα-

102 1139 218 1177 4ται.
276 1133 350 1177 καὶ.
379 1131 467 1188 μήν
504 1134 612 1187 εἴγε
641 1130 752 1188 παρ’

789 1130 1009 1186 Ἑλλήνων
1038 1131 1197 1186 ἔλαβον
1231 1127 1401 1183 οὔνομά

132 1229 207 1256 τευ
246 1213 477 1267 δαίμονος,
524 1212 695 1255 τούτων
749 1210 833 1255 οὐκ
872 1209 1028 1268 ἥκιστα
1065 1208 1173 1253 ἀλλὰ
1209 1207 1400 1264 μάλιστα

131 1291 312 1347 ἔμελλον
348 1290 522 1348 μνήμην
565 1292 701 1345 ἕξειν,
754 1292 871 1346 εἴπερ
910 1291 983 1334 καὶ
1023 1288 1120 1333 τότε
1154 1289 1456 1344 ναυτιλίῃσιὸὅ

131 1475 173 1516 ἐν
193 1472 235 1515 δὲ
254 1474 322 1515 καὶ
339 1471 448 1527 τόδε]
481 1475 599 1525 Vulgo
621 1475 663 1515 ἐν
687 1473 730 1516 δὲ

75 1530 132 1583 δή
152 1531 219 1572 καὶ
246 1529 354 1581 τόδε,
385 1534 446 1570 ubi
476 1530 548 1583 δὴ,
579 1535 680 1582 quod
708 1546 731 1570 a

72 1590 171 1627 libris
192 1590 296 1627 abest
317 1591 481 1640 scriptis,
509 1591 729 1628 recentiores

72 1648 265 1684 eiecerunt.
313 1646 518 1695 Utrumque
548 1652 729 1684 caeterum

73 1703 213 1740 Nostro
224 1703 261 1740 in
274 1716 359 1749 usu,
378 1704 471 1739 conf.
488 1703 516 1750 l,
531 1704 622 1744 185.
640 1707 727 1744 192.

74 1760 137 1806 ΙΙΙ,
162 1761 224 1801 15.
243 1761 309 1800 38.
330 1759 376 1806 ll,
395 1762 460 1800 78.
490 1762 579 1800 176.
621 1759 731 1796 Plura

72 1816 277 1864 Schweigh.
300 1816 413 1852 Paulo
441 1821 526 1853 ante
552 1830 633 1853 cuin
665 1817 729 1852 iis-

72 1873 156 1910 dem
185 1872 361 1910 edidimus
393 1868 437 1911 τό
467 1869 623 1923 οὕνομα
661 1886 728 1922 pro

70 1926 261 1979 τοῦνομα.
300 1950 357 1956 -
415 1927 474 1965 Ad
517 1924 730 1976 ἀνέκαθεν,

73 1986 172 2035 quod
191 1986 238 2023 de
253 1989 420 2036 ternpore
440 1985 656 2033 adhibetur,
684 1986 727 2023 cf.

70 2042 98 2090 l,
124 2044 215 2083 170.

128 2094 190 2138 ὅτι
206 2111 246 2136 τε
267 2099 342 2136 τοῦ
354 2095 564 2149 Ἡρακλέος
582 2091 729 2137 τούτου

73 2154 115 2194 οἵ
141 2153 274 2207 γονέες
303 2169 339 2194 κ.
362 2169 396 2195 τ.
415 2155 472 2204 L]
524 2155 730 2192 Commode

72 2210 240 2249 Larcher.
260 2211 384 2248 laudat
401 2211 582 2248 Plutarch.
598 2212 645 2248 de
657 2211 728 2248 So-

72 2272 158 2306 crat.
181 2268 277 2305 Gen.
302 2281 339 2318 p.
370 2267 472 2315 577,
502 2268 563 2304 ubi
589 2281 728 2305 memo-

72 2329 170 2361 ratur
191 2325 480 2373 antiquissimum
508 2324 664 2361 Haliarti
690 2324 728 2360 in

73 2380 227 2417 Boeotia
267 2380 469 2430 sepulcrum
508 2380 727 2427 Alcmenae,

71 2435 183 2473 literis
211 2436 420 2487 inscriptum
448 2439 587 2475 formae
614 2450 725 2487 pecu-

71 2491 168 2528 liaris
198 2494 261 2530 sed
291 2493 470 2532 barbarae
497 2495 574 2531 fere
603 2493 728 2542 Aegy-

72 2547 228 2597 ptiisque
263 2549 410 2597 similis;
449 2551 499 2587 ita
527 2555 567 2587 ut
594 2549 728 2598 Agesi-

76 2602 174 2650 laus,
204 2605 265 2653 qui
286 2606 490 2656 sepulcrum
509 2607 661 2657 aperuit,
689 2607 727 2643 in

74 2658 279 2709 Aegyptum
299 2664 456 2701 mitteret
485 2663 728 2712 inscriptionis

78 2716 280 2765 exemplar,
307 2720 407 2767 quod
435 2721 645 2757 sacerdotes
676 2719 729 2757 le-

78 2776 219 2818 gerent.
248 2772 301 2810 Ac
317 2788 357 2812 re
376 2789 461 2813 vera
480 2789 593 2812 unum
612 2789 729 2825 quen-

79 2827 165 2863 dam
189 2841 232 2864 ex
261 2829 448 2880 Aegyptiis
480 2833 729 2870 sacerdotibus

79 2881 202 2931 legere
221 2887 381 2935 potuisse
403 2889 562 2926 tradunt.
593 2910 632 2916 —
671 2887 730 2926 Ad

797 1475 980 1514 Herodoti
1023 1474 1142 1512 locum
1183 1474 1455 1523 intelligendum

797 1533 867 1570 hoc
883 1532 1031 1570 omnino
1046 1536 1085 1568 tu
1103 1533 1226 1582 paucis
1246 1537 1348 1569 tene:
1369 1530 1456 1567 Am-

797 1589 1000 1640 phitryonis
1030 1602 1151 1637 aeque
1182 1593 1291 1637 atque
1311 1587 1456 1624 Alcme-

797 1659 867 1683 nae
888 1659 1003 1695 genus
1025 1646 1139 1694 repeti
1164 1658 1184 1681 a
1206 1646 1341 1682 Perseo
1355 1673 1365 1689 ,
1393 1644 1456 1692 qui

797 1703 876 1752 ipse
898 1704 1052 1740 refertur
1080 1702 1128 1737 ad
1154 1702 1302 1747 Belum,
1332 1700 1457 1749 Aegy-

797 1759 852 1808 pti
874 1772 1008 1807 regem.
1040 1758 1170 1806 Itaque
1191 1757 1369 1795 Hercules
1390 1769 1456 1806 pa-

798 1820 903 1852 terna
932 1820 969 1852 et
996 1818 1162 1851 materna
1187 1814 1299 1864 stirpe
1330 1812 1454 1861 Aegy-

797 1872 894 1921 ptius
913 1873 1026 1909 fertur
1046 1884 1090 1907 ex
1109 1871 1334 1908 Graecorum
1351 1870 1456 1906 fabu-

797 1928 850 1964 lis.
882 1950 937 1955 —
984 1927 1131 1976 Reliqui
1159 1927 1195 1963 in
1229 1931 1333 1963 textu
1363 1929 1456 1965 Διο-

798 1979 1004 2035 σκούρων,
1033 1983 1118 2020 licet
1136 1997 1226 2020 unus
1249 1982 1341 2019 liber
1361 1985 1456 2021 Διο-

798 2038 976 2092 σκόρων,
1016 2039 1138 2076 Atti-co
1165 2039 1309 2076 dicendi
1341 2053 1453 2077 more.

797 2098 874 2135 Sed
883 2097 1069 2146 vulgatum
1084 2100 1181 2133 recte
1192 2099 1312 2133 tuetur
1320 2096 1455 2133 Sebae-

795 2155 861 2192 fer.
882 2155 931 2191 ad
952 2154 1066 2202 Greg.
1088 2153 1174 2190 Cor.
1203 2166 1239 2202 p.
1264 2154 1347 2192 300
1367 2153 1452 2189 add.

794 2210 955 2248 Lobeck.
975 2210 1024 2246 ad
1036 2209 1226 2258 Phrynich.
1245 2223 1280 2258 p.
1303 2209 1397 2249 235.

853 2263 1008 2306 τούτων
1048 2261 1122 2305 οὐκ
1164 2261 1306 2315 ἥκιστα
1355 2260 1453 2303 nimo}

795 2319 964 2374 μάλιστα
984 2322 1146 2373 ἔμελλον
1158 2318 1321 2372 μνήμην
1337 2320 1451 2368 ἕξειν]

793 2381 942 2418 Laudat
972 2380 1090 2416 locum
1126 2378 1258 2415 Matth.
1291 2379 1356 2415 Gr.
1388 2379 1453 2415 Gr.

794 2436 831 2488 ἓ·
855 2438 938 2478 498
963 2450 999 2488 p-
1020 2435 1125 2482 944,
1155 2436 1202 2472 ob
1229 2449 1331 2471 usum
1354 2435 1454 2471 verbi

796 2492 970 2545 μέλλειν,
1001 2506 1075 2542 quo
1108 2492 1165 2529 hic
1188 2492 1226 2528 id
1256 2492 1452 2537 indicatur,

796 2551 899 2600 quod
927 2562 971 2586 ex
1003 2549 1221 2600 procedenti
1258 2548 1453 2598 hypothasi

796 2606 1002 2644 necessario
1048 2609 1324 2642 consecuturum
1365 2609 1453 2641 erat.

798 2663 924 2707 Quare
946 2661 1105 2712 ἔμελλον
1137 2660 1237 2708 ἕξειν
1259 2662 1355 2697 idem
1378 2662 1453 2697 sere

797 2720 898 2769 quod
919 2717 1032 2769 ἔσχον
1049 2715 1111 2765 ὄῖν,
1130 2722 1303 2755 monente
1318 2717 1454 2753 Selme-

796 2777 875 2813 fero
902 2776 939 2812 in
969 2775 1109 2812 Melett.
1139 2775 1268 2811 critice.
1301 2787 1334 2823 p.
1362 2775 1452 2820 131,

799 2845 907 2882 quein
928 2832 1047 2869 locum
1068 2831 1261 2880 adscripsit
1283 2831 1346 2867 Cr.
1385 2829 1453 2864 Est

799 2889 983 2926 verohaec
999 2888 1065 2925 loci
1079 2888 1280 2925 sententia:
1315 2886 1360 2922 »Si
1374 2887 1450 2935 qui—
