1786 3324
188 389 291 435 2⁰8

13 457 122 492 Cyrus,
131 454 290 483 transmin-

30 501 46 517 n
83 493 122 517 M
124 498 157 516 ax
152 498 202 523 e,

11 525 104 585 ”aiio
82 531 290 590 Γεέιιὶωηεῗδέ
347 552 499 592 μὲνΟς,
546 552 815 592 προηγορδυδ
858 535 1026 592 Τομυρι
1064 535 1163 588 {gaz
1168 550 1394 590 αχωοέἓιν,
1443 550 1501 584 ως
1540 530 1616 576 αὖ·

11 568 63 652 ἕεις
66 577 294 660 ἑιιᾱειὶιῃξωεὲῗι

344 268 429 309 464

461 380 644 435 Γνῶμαι
689 377 768 434 μὲν
817 372 947 422 αὗται
993 376 1276 422 συνέστασαν.

744 265 1215 306 HERODOTI

1352 377 1498 430 Κῦρος
1539 374 1586 419 δὲ
1600 406 1611 425 ,
1625 381 1672 416 80

348 456 487 513 μετεὶς
515 457 594 514 τὴν
621 458 837 513 προτέρην
864 455 1068 514 γνώμην,
1099 472 1178 512 την
1208 455 1406 509 Κροίσου
1437 455 1484 498 δὲ
1515 452 1613 497 ἐλό-

351 620 432 659 τοῦ
464 615 785 671 διαβησομένου
814 615 883 659 ἐπ’
924 615 1104 672 ἐκείνην
1160 614 1187 671 ἡ
1217 614 1295 671 μὲν
1322 612 1374 669 δή
1407 610 1615 668 ἐξαναχω-

319 701 446 749 Ξρεε,
476 694 586 737 κατά
616 692 823 750 ὑπέσχετο
853 699 1017 749 πρῶτα.
1076 697 1227 748 Κῦρος
1256 693 1325 745 δὲ,
1355 696 1553 747 Κροῖσον
1572 691 1616 742 ἐς

346 773 422 824 τὰς
451 778 596 828 χεῖρας
625 772 769 824 ἐσθεὶς
797 777 859 830 τῷ
898 773 1066 817 ἑωυτοῦ
1109 772 1232 815 παιδὶ
1269 770 1510 828 Καμβύσῃ,
1553 774 1615 829 τῷ

344 868 425 907 περ
456 849 537 907 τήν
567 853 798 907 βασιληίην
829 851 1002 903 ἐδίδου,
1047 850 1120 894 καὶ
1149 849 1288 894 πολλὰ
1317 849 1615 906 ἐντειλάμενός
1627 858 1672 892 85

347 932 391 974 οἱ
419 934 549 986 τιμᾶν
577 946 621 973 τε
654 928 793 973 αὐτὸν
822 931 897 974 καὶ
931 925 979 975 εὖ
1010 930 1199 980 ποιέειν,
1224 928 1280 984 ἢν
1307 926 1335 985 ἡ
1367 929 1567 984 διάβασις
1585 929 1613 986 ἡ

347 1009 417 1053 ἐπὶ
445 1009 737 1064 Μασσαγέτας
765 1008 823 1065 μή
865 1008 1052 1067 ὀρθωθῇ
1062 1024 1070 1033 ·

1129 1011 1268 1052 ταῦτα
1307 1007 1616 1065 ἐντειλάμενος,

405 1089 414 1105 ἱ
468 1088 478 1103 5
621 1090 630 1105 Ι
809 1087 819 1102 Ι
959 1087 971 1102 ’1
1087 1087 1095 1101 Ι
1311 1086 1321 1101 7
1361 1088 1369 1100 1
1482 1087 1490 1101 Ι

345 1105 421 1134 και
450 1094 709 1141 αποστειλας
737 1105 925 1140 τουτους
954 1105 997 1139 ες
1033 1092 1225 1143 Περσας,
1266 1105 1398 1139 αυτος
1429 1090 1616 1145 διεβαινε

191 1172 292 1218 209
349 1168 428 1212 τὸν
463 1168 684 1225 ποταμόν,
735 1168 807 1213 καὶ
848 1165 871 1211 ὁ
911 1168 1093 1222 στρατὸς
1131 1165 1281 1211 αὐτοῦ.
1334 1165 1450 1211 Ἐπεί
1485 1183 1532 1212 τε
1569 1167 1617 1212 δὲ

349 1247 597 1305 ἐπεραιώθη
626 1248 704 1292 τὸν
740 1246 944 1303 Ἀράξεα,
994 1246 1153 1298 νυκτὸς
1191 1245 1481 1304 ἐπελθούσης,
1530 1244 1673 1291 εἶδε9ο

349 1326 477 1380 ὄψιν,
509 1327 653 1371 εὕδων
683 1329 731 1371 ἐν
759 1331 848 1371 τῶν
877 1326 1198 1382 Μασσαγετέων
1226 1331 1279 1384 τῇ
1301 1326 1445 1385 χώρῃ,
1474 1324 1618 1384 τοιήν-

323 1409 415 1450 Ξδε.
447 1405 591 1451 ἐδόκεε
620 1406 644 1450 ὁ
683 1411 832 1462 Κῦρος
863 1407 910 1450 ἐν
948 1410 1010 1464 τῷ
1048 1405 1175 1465 ὕπνῳ
1218 1405 1330 1461 ὁρᾶν
1357 1411 1445 1450 τῶν
1468 1404 1617 1451 Ὑστά-

348 1498 476 1538 σπεος
513 1488 685 1530 παίδων
739 1486 816 1531 τὸν
873 1484 1174 1542 πρεσβύτατον
1221 1485 1372 1541 ἔχοντα
1418 1485 1488 1529 ἐπὶ
1525 1489 1615 1529 τῶν

347 1565 480 1622 ὤμων
508 1566 746 1621 πτέρυγας·
777 1565 851 1610 καὶ
879 1563 1070 1609 τουτέων
1098 1568 1152 1622 τῇ
1169 1565 1248 1620 μὲν
1269 1563 1349 1620 τὴν
1374 1564 1539 1622 Ἀσίην,
1561 1569 1615 1623 τῇ

319 1645 401 1688 3δὲ
429 1643 510 1702 τη“ν
539 1643 765 1702 Εὐρώπην
794 1642 1066 1698 ἐπισκιάζειν.

1111 1642 1341 1687 Ὑστάσπεϊ
1367 1643 1414 1687 δὲ
1442 1649 1503 1702 τῷ
1527 1643 1615 1700 Ἀρ-

347 1721 528 1780 σάμεος,
575 1723 692 1769 ἐόντι
722 1722 851 1780 ἀνδρὶ
885 1721 1180 1781 Ἀχαιμενίδῃ,
1229 1719 1285 1780 ἧν
1313 1726 1402 1767 τῶν
1440 1724 1666 1768 παίδων95

460 1911 492 1949 C
503 1924 524 1949 a
533 1924 572 1963 p.
612 1909 779 1948 CCVIII.

348 1997 436 2048 γναῗ
437 2010 507 2045 μαι
527 1992 599 2046 μὲν
619 1988 736 2033 αὗται
758 1990 947 2033 συνέστα-

293 2051 389 2102 σαν]
421 2052 544 2090 Verbo
571 2049 836 2099 συνέστασαν,
869 2064 949 2087 con-

290 2110 424 2144 trarias
447 2121 475 2145 s.
497 2110 671 2158 oppositas
702 2107 797 2144 inter
826 2120 865 2144 se
893 2107 949 2143 in-

290 2165 402 2201 dicari
426 2166 636 2211 sententias,
677 2163 715 2200 in
744 2176 854 2200 unum
891 2162 950 2200 hic

291 2221 396 2268 quasi
428 2219 598 2267 collatas,
645 2223 770 2257 monet
797 2219 949 2257 wesse-

292 2275 381 2325 ling.
415 2276 613 2326 laudatque
631 2276 702 2323 IV,
731 2277 822 2317 132.
866 2274 947 2322 VII,

293 2335 388 2374 142.
425 2332 536 2380 vul,
579 2334 645 2373 79.
704 2331 754 2368 Et
792 2331 948 2368 conferri

291 2401 440 2438 quoque
460 2388 595 2439 poterit
618 2387 655 2435 l,
679 2387 774 2429 214.
790 2408 845 2414 -
858 2386 947 2424 Mox

290 2442 390 2484 κατά
432 2444 561 2482 Ionum
594 2457 695 2482 more
737 2457 804 2493 pro
833 2439 945 2482 καθ-α

291 2496 413 2550 (καθ’
435 2497 479 2549 ὁὶ)
501 2504 618 2551 prout.
678 2500 821 2548 „Confi
849 2500 946 2537 Gre-

291 2571 371 2607 gor.
389 2557 552 2595 Corinth.
581 2558 628 2594 de
650 2556 791 2594 dialect.
811 2569 848 2607 p.
862 2555 944 2597 400

294 2615 353 2653 ed.
373 2614 547 2651 Schaef.“
578 2613 648 2651 Cr.

346 2699 401 2753 τῷ
419 2711 492 2748 περ
517 2693 591 2747 τήν
624 2696 836 2747 βασιληίην
868 2693 945 2735 ἐδί-

291 2755 389 2802 δου]
427 2753 570 2792 Notant
592 2753 668 2800 hic,
708 2753 832 2790 solitos
862 2765 943 2790 esse

290 2824 400 2860 reges
407 2809 598 2849 Persarum
615 2809 746 2847 bellum
757 2809 942 2858 ingressu-

291 2881 374 2915 ros,
403 2867 450 2904 ob
470 2867 644 2904 incertum
661 2870 840 2912 eventum,
860 2878 941 2902 suc-

292 2935 474 2962 cessorem
493 2936 514 2962 e
531 2922 614 2973 lege
635 2922 703 2961 sibi
721 2922 937 2972 designare·
928 2950 939 2969 ‚

1018 1910 1113 1947 conf.
1148 1907 1239 1955 VII,
1278 1911 1316 1949 2.
1374 1907 1484 1945 Plura
1510 1907 1671 1945 Barnab.

1016 1966 1181 2002 Brisson.
1212 1965 1259 2001 de
1286 1977 1364 2014 reg.
1384 1964 1486 2002 Pers.
1515 1964 1671 2014 princip.

1016 2021 1055 2068 Ι,
1075 2024 1112 2063 9.
1172 2019 1333 2057 Ctesiam
1361 2034 1447 2059 vero
1489 2021 1519 2057 si
1550 2020 1674 2070 sequi-

1017 2090 1119 2124 mur,
1152 2077 1268 2125 erus
1301 2077 1338 2113 in
1362 2077 1443 2127 ipso
1463 2077 1589 2114 mortis
1610 2089 1671 2113 ar-

1016 2133 1126 2170 ticulo
1146 2133 1365 2181 Cambysem
1388 2133 1499 2170 filium
1528 2145 1673 2170 succes-

1015 2203 1133 2227 sorem
1152 2189 1219 2226 sibi
1241 2190 1449 2236 constituit,
1480 2188 1517 2241 ξ.
1534 2191 1560 2230 8
1579 2189 1672 2227 Per-

1016 2246 1097 2283 sice.
1119 2245 1329 2295 Excerptt.:
1362 2248 1499 2298 Κῦρος
1520 2243 1562 2284 δὲ
1583 2243 1670 2296 με’λ-
1724 2270 1737 2287 ·

1014 2304 1094 2340 λων
1125 2317 1164 2340 τε
1152 2303 1309 2340 λευταν
1354 2302 1469 2350 (nam
1514 2301 1674 2351 graviter

1014 2358 1238 2396 vulneratum
1281 2359 1318 2395 in
1366 2371 1494 2409 pugna
1532 2358 1671 2407 Cyrum

1013 2415 1125 2452 fuisse
1153 2413 1189 2465 ἓ.
1213 2417 1238 2456 6
1268 2415 1472 2464 retulerat),
1502 2408 1670 2465 Καμβύ-

1015 2482 1089 2521 σην
1110 2468 1181 2522 μὲν
1199 2485 1270 2510 τον
1290 2486 1451 2524 πρωτον
1477 2468 1568 2510 υἱὸν
1602 2471 1672 2522 βα-

1014 2526 1122 2566 σιλέα
1142 2528 1328 2579 καθίστη.
1388 2526 1448 2564 Ad
1482 2540 1588 2576 quem
1615 2527 1673 2564 lo-

1012 2597 1092 2622 cum
1119 2583 1292 2621 nonnulla
1324 2583 1507 2634 disputavi
1528 2596 1566 2634 p.
1589 2583 1670 2624 113

1013 2641 1061 2678 de
1092 2641 1326 2678 successionis
1347 2640 1458 2677 modo
1485 2639 1525 2677 in
1553 2651 1670 2688 regno

1011 2695 1204 2735 Persarum
1235 2696 1413 2734 instituto.

1198 2781 1312 2832 Cap.
1343 2778 1477 2818 CCIX.

1063 2860 1274 2904 Ὑστάσπεϊ
1291 2862 1334 2905 δὲ
1356 2865 1412 2918 τῷ
1432 2856 1666 2915 Ἀρσάμεος]

1003 2915 1222 2973 Ἀρσάμεος
1249 2921 1375 2974 optimi
1400 2924 1548 2959 tuentur
1570 2918 1666 2966 libri,

1684 456 1759 497 99.
