1805 3315
642 255 860 296 CLIO.
916 255 946 294 Ι.

1367 255 1448 297 123

161 373 244 431 ἐγώ
273 370 432 421 δοκέω,
469 366 524 413 ου’
554 365 637 423 γάρ
665 365 713 410 τό
744 364 959 421 συντυχὸν
988 365 1192 419 φαίνεταί
1213 381 1289 421 μοι
1315 364 1494 421 ἔργονεο

162 452 284 498 εἶναι.
322 450 395 494 καὶ
430 449 594 498 πίθους
621 462 666 490 τε
698 445 942 501 ἀργυρέους
971 444 1182 500 τέσσαρας
1211 444 1447 500 ἀπέπεμψε,

137 535 205 576 4οἳ
229 530 276 575 ἐν
305 531 368 586 τῷ
393 527 648 582 Κορινθίων
675 528 888 584 θησαυρῷ
917 524 1083 568 ἑστᾶσι·
1113 524 1186 568 καὶ
1216 525 1447 581 περιῤῥαν-

158 609 284 666 τήρια
321 605 402 652 δύο
442 606 649 663 ἀνέθηκε,
687 604 872 662 χρύσεόν
906 621 951 649 τε
978 603 1052 648 καὶ
1081 601 1321 659 ἀργύρεον·
1361 607 1448 648 τῶν

156 692 218 748 τῷ
243 687 411 746 χρυσέῳ
441 686 760 743 ἐπιγέγραπται,
792 686 1337 738 ΛΑΚΕΛΑΙΜΟΝΙΩΝ,
1367 701 1448 741 φα-

109 869 236 921 pulsos
257 868 395 906 Plinius
417 866 530 906 refert
557 864 655 903 Hist.
676 864 765 903 Nat.

111 925 268 974 XXXV,
291 928 343 968 12
367 928 456 963 sect.
475 923 541 965 45.
600 922 767 960 Archite-

111 988 206 1022 ctum
227 983 383 1020 eundem
401 982 514 1019 fuisse
544 980 615 1017 alia
646 979 767 1018 decla-

112 1044 195 1078 rant
213 1043 374 1077 veterum
393 1037 612 1076 testimonia.
665 1036 768 1074 Alter

112 1096 335 1134 Theodorus
356 1095 475 1132 minor
503 1098 592 1130 natu
621 1097 658 1131 et
686 1094 766 1143 ipse

113 1153 280 1200 Samius,
321 1152 357 1189 Τ
361 1151 481 1189 eleclis
517 1150 631 1196 filius,
670 1150 767 1187 idem

114 1213 189 1257 est,
218 1209 319 1246 cuius
348 1212 384 1246 et
404 1209 472 1244 hoe
498 1207 577 1243 loco
603 1207 643 1243 fit
662 1219 765 1243 men-

113 1267 164 1303 tio
184 1269 222 1303 et
241 1266 335 1302 infra
354 1264 418 1311 III,
432 1264 484 1305 41
505 1263 656 1312 aliisque
669 1263 767 1313 apud

113 1322 334 1360 Pausaniam
349 1320 448 1358 locis,
478 1319 680 1368 Polycratis
702 1331 768 1355 an-

113 1378 238 1416 nulum
265 1378 327 1415 ille
365 1378 522 1422 fecerat3
568 1389 654 1412 nam
681 1376 768 1412 vixit

111 1435 216 1473 huius
254 1434 369 1484 ipsius
417 1433 562 1482 tyranni
608 1433 768 1481 indeque

113 1492 222 1530 etiam
240 1490 370 1527 Croesi
382 1493 513 1527 aetate.
573 1490 675 1527 Obiit
694 1489 768 1526 Po-

113 1547 266 1597 lycrates
287 1546 434 1597 Olymp.
449 1544 585 1594 LXIV,
606 1546 768 1588 3s.522

114 1618 149 1643 a.
173 1604 282 1651 Chr.;
312 1604 458 1641 calicem
484 1616 570 1640 vero
600 1602 766 1653 Delphos

114 1660 264 1699 missum
290 1673 375 1698 esse
419 1659 479 1697 Ol.
504 1658 648 1707 LVIII,
683 1661 706 1700 1
737 1673 768 1696 s.

116 1717 199 1760 548
227 1729 260 1754 a.
290 1716 400 1763 Chr.‚
437 1715 552 1766 ipsius
587 1715 770 1753 Herodoti

115 1774 228 1812 verba
246 1773 455 1810 ostendunt.
515 1772 668 1811 Consul.
698 1771 770 1809 Sil-

115 1830 179 1879 lig.
216 1829 255 1866 in
283 1828 421 1866 Artific.
463 1829 633 1878 Catalog.
668 1843 697 1866 s.
735 1842 769 1866 v.

113 1900 152 1938 p.
175 1885 258 1928 439
296 1899 403 1935 seqq.
433 1885 511 1923 coll.
537 1886 619 1927 435
647 1899 770 1935 seqq.‚

115 1942 178 1993 qui
223 1947 390 1979 nostrum
441 1941 557 1979 locum
604 1943 770 1993 inprimis

115 2003 241 2050 aptum
289 1999 418 2046 habet,
449 2011 494 2037 ex
541 2012 614 2049 quo
664 1999 769 2036 binos

117 2055 337 2094 Theodoros
376 2055 532 2093 artifices
560 2056 674 2093 fuisse
705 2056 770 2093 de-

115 2113 311 2150 monstrari
328 2112 470 2163 possit,
500 2124 580 2149 cum
603 2125 684 2149 eam
697 2112 768 2149 vir-

115 2172 251 2216 tutem,
281 2181 391 2219 quam
420 2168 551 2218 prioris
579 2168 770 2206 Theodori

117 2225 288 2276 operibus
310 2226 491 2262 abiudicet
508 2225 708 2262 Pausanias
720 2225 769 2273 X,

118 2282 194 2329 38,
222 2283 272 2329 3,
309 2281 523 2319 Herodotus
567 2295 770 2331 agnoscere

117 2338 294 2378 videatur.
349 2339 410 2378 De
444 2337 622 2376 Theodoro
644 2339 771 2388 dispu-

118 2395 208 2431 tavit
245 2395 351 2432 etiam
383 2395 546 2433 Boeckh.
586 2396 625 2432 in
657 2396 770 2446 Corp.

117 2448 300 2502 Inscriptt.
319 2451 358 2499 I,
379 2453 406 2493 3
425 2465 513 2503 pag.
530 2454 615 2494 872
637 2465 716 2501 seq.

174 2514 220 2558 vo*
239 2516 433 2571 συντυχὸν
445 2518 575 2572 ἔργον]
592 2520 614 2558 i.
630 2533 662 2558 e.
679 2533 772 2570 opus

121 2573 278 2624 vulgaris
298 2577 480 2626 fabricae,
509 2578 547 2614 in
578 2588 652 2625 quo
685 2577 775 2614 nihil

125 2634 200 2678 est,
227 2632 327 2680 quod
351 2646 464 2684 supra
495 2634 660 2685 vulgaria
687 2634 776 2671 arti-

125 2685 229 2723 ficum
245 2700 357 2738 opera
375 2690 543 2728 emineat.

181 2740 248 2781 καὶ
293 2742 607 2799 περιρῤαντήρια
669 2741 774 2796 δύο]

130 2794 315 2836 Pei-tinent
338 2801 427 2840 haec
456 2803 505 2841 ad
529 2815 652 2842 sacras
675 2807 777 2841 vete—

126 2864 205 2890 rum
241 2854 492 2906 lustrationes3
550 2864 636 2898 sunt
679 2859 777 2898 enim

128 2913 323 2960 aquariae.
356 2912 477 2964 labra,
507 2928 583 2957 non
607 2915 779 2956 solumin

835 863 1055 914 templorum
1064 864 1187 902 limine
1199 865 1394 902 constituta
1404 877 1490 915 pur-

838 922 997 972 gationis
1017 934 1125 959 causa
1155 922 1236 970 (ut,
1255 922 1318 971 qui
1340 923 1490 960 accede-

834 982 934 1027 rent,
964 979 1059 1028 aqua
1073 983 1285 1016 consecrata
1303 992 1344 1016 se
1365 991 1491 1029 asper-

834 1035 996 1086 gerent),
1026 1035 1093 1073 sed
1123 1036 1232 1073 etiam
1267 1035 1305 1071 in
1326 1036 1491 1085 compitis

833 1093 989 1143 ipsoque
1017 1092 1054 1128 in
1085 1093 1165 1129 foro
1194 1091 1491 1138 Atheniensiuni3

835 1150 937 1198 quod
957 1162 977 1187 e
997 1148 1080 1196 lege
1102 1148 1310 1196 intelligitur
1332 1150 1492 1197 quadam

835 1206 934 1255 apud
974 1203 1144 1242 Aeschin.
1185 1206 1266 1241 adV.
1305 1204 1341 1241 T
1344 1205 1490 1242 imarch.

835 1260 873 1313 ᾗ.
898 1264 970 1308 10,
1000 1261 1061 1297 ubi
1082 1261 1183 1309 quod
1202 1261 1326 1298 Bremi
1348 1262 1395 1299 de
1406 1275 1491 1298 can-

835 1318 934 1356 cellis
964 1317 1153 1366 intelligit,
1182 1318 1278 1354 intra
1307 1331 1400 1366 quos
1427 1331 1493 1355 ne-

836 1375 922 1412 mini
941 1374 1081 1424 impuro
1103 1374 1238 1411 intrare
1257 1373 1373 1422 liceat,
1390 1387 1493 1412 vere-

836 1444 898 1479 or,
926 1435 967 1468 ut
983 1431 1059 1468 viro
1081 1431 1292 1468 doctissimo
1323 1431 1493 1468 assentiri

836 1488 986 1538 possim.
1054 1487 1205 1525 Rectius
1241 1487 1415 1525 intellexit
1439 1487 1492 1524 Io.

834 1544 1017 1582 Lomeier.
1050 1544 1088 1581 in
1125 1548 1307 1593 syntagm.
1337 1545 1384 1581 ‹le
1406 1547 1494 1582 vett.

836 1600 992 1640 lustratt.
1025 1600 1238 1651 (Zutphan.
1263 1600 1398 1649 1700)
1435 1614 1492 1650 ep.

836 1658 981 1695 XXXV
1002 1671 1090 1708 pag.
1118 1658 1200 1698 437
1232 1671 1334 1707 seq.,
1363 1658 1425 1694 ubi
1446 1659 1494 1695 de

837 1715 945 1751 variis
967 1714 1074 1751 huius
1098 1714 1197 1751 vocis
1218 1715 1493 1763 significationi-

837 1772 906 1808 bus
933 1771 1115 1821 exposuit.
1149 1770 1215 1807 Cr.
1247 1772 1388 1808 confert
1406 1771 1493 1808 Pol-

837 1827 905 1864 luc.
930 1828 1122 1865 Onomast.
1139 1827 1154 1864 I
1173 1825 1210 1877 ᾖ.
1233 1829 1258 1868 8
1282 1840 1361 1864 cum
1380 1827 1494 1865 inter-

837 1888 947 1936 prett.
980 1883 1017 1935 ᾗ.
1046 1887 1101 1926 32
1127 1883 1209 1921 coll.
1234 1896 1306 1920 van
1326 1883 1421 1922 Dale
1447 1885 1494 1921 de

838 1954 952 1978 oracc.
974 1953 1061 1991 pag.
1078 1943 1157 1982 100
1170 1953 1275 1990 seqq.
1300 1945 1335 1977 et
1345 1940 1493 1990 Ioseph.

836 1996 988 2046 Antiqq.
1010 1998 1114 2034 Iudd.
1143 1997 1216 2045 III,
1234 1999 1259 2038 6
1289 1995 1325 2047 §.
1341 2001 1377 2038 2.
1409 1997 1456 2034 T.
1477 1997 1494 2033 Ι

837 2067 873 2104 Ρ.
899 2056 980 2096 132
999 2055 1045 2092 (le
1066 2054 1284 2091 Iudaeorum
1306 2053 1415 2090 labris
1428 2082 1438 2101 ,
1457 2053 1495 2090 in

838 2110 971 2159 quibus
993 2111 1202 2148 sacerdotes
1224 2123 1352 2148 manus
1376 2124 1417 2147 ac
1428 2123 1494 2160 pe-

837 2168 903 2205 des
936 2171 1148 2217 purgarent.
1177 2188 1234 2195 ——
1263 2166 1382 2206 Nobis
1410 2170 1495 2203 sunt

844 2223 1226 2276 Wez'lzwassergefc'isse.

893 2294 988 2332 τῶν
1007 2314 1064 2321 ——-
1083 2291 1385 2345 ἐπιγέγραπται]
1412 2288 1496 2327 No-

838 2353 935 2388 tetur
961 2349 1100 2387 relatixi
1137 2349 1364 2401 pronominis
1393 2361 1498 2395 usus,

840 2406 940 2445 cuius
951 2404 1030 2443 loco
1042 2419 1247 2456 pronomen
1265 2407 1496 2443 demonstra-

841 2464 953 2501 tivum
984 2463 1110 2501 addita
1147 2462 1326 2515 particula
1361 2462 1497 2499 substi-

840 2524 944 2558 tuere
970 2520 1104 2569 possis.
1184 2519 1329 2557 Monuit
1365 2520 1498 2556 Struve

842 2575 1000 2627 Specim.
1029 2576 1182 2620 Quaest.
1205 2576 1296 2614 Her.
1319 2588 1406 2625 pag.
1431 2577 1497 2616 27.

900 2632 1259 2684 Λακεδαιμονίων]
1288 2631 1499 2669 Istiusmodi

844 2689 1024 2739 genitivus
1045 2689 1211 2728 absolute
1239 2689 1382 2739 positus
1401 2688 1501 2725 haud

845 2759 928 2783 raro
950 2746 987 2782 in
1006 2746 1093 2783 artis
1113 2747 1287 2797 operibus
1306 2745 1501 2792 invenitur,

843 2802 905 2840 ubi
924 2801 1137 2853 plerumque
1164 2803 1384 2840 subaudiunt
1405 2796 1501 2840 οἷνοὶ-

844 2862 960 2909 θημοι
981 2873 1009 2896 s.
1030 2860 1182 2911 δῶρον,
1212 2871 1286 2910 qua
1309 2863 1433 2895 tamen
1447 2856 1499 2894 el-

842 2913 927 2968 lipsi
951 2928 1027 2955 non
1053 2929 1147 2969 opus
1185 2928 1269 2955 esse
1298 2915 1386 2953 mihi
1413 2925 1497 2965 per-
