1759 3324
631 254 937 311 cL10.L

1328 270 1414 310 413

152 389 196 441 ἐς
221 388 302 444 τὴν
330 381 466 440 αὕτῆν
490 379 657 437 ταύτην
691 377 844 436 κώμην
870 378 1212 434 παραγίνονται,
1260 377 1336 421 καὶ
1363 377 1413 421 ἐν

123 466 268 522 4τρισὶ
295 462 488 520 ἡμέρῃσι.
526 463 657 503 τοῦτο
688 459 767 514 μὲν
796 458 849 514 δή
879 461 1054 501 τοιοῦτο
1085 458 1271 514 ἐποίησε.
1313 460 1411 501 Χῶ-

151 561 212 601 μα
240 542 286 587 δὲ
313 539 535 596 παρέχωσε
564 535 664 594 παρ’
694 537 899 593 ἑκάτερον
926 540 1006 581 τοῦ
1034 541 1236 592 ποταμοῦ
1258 536 1306 581 τὸ
1328 540 1409 593 χεῖ-

149 627 246 673 λος,
293 617 415 672 ἄξιον
441 617 703 674 θώυματος,
752 616 944 673 μέγαθος
977 617 1050 660 καὶ
1088 615 1203 668 ὕψος
1233 615 1341 660 ὅσον
1368 619 1465 661 τί45

120 701 251 746 ὅέστι.
281 697 530 752 κατύπερθε
573 697 617 741 δὲ
643 700 790 753 πολλῷ
820 698 1086 753 Βαβυλῶνος
1115 694 1285 751 ὤρυσσε
1315 696 1409 740 ἔλυ-

146 795 255 834 τρον
276 779 429 835 λίμνῃ,
460 775 610 833 ὀλίγον
637 793 678 820 τι
706 777 1029 830 παρατείνουσα
1059 774 1142 819 οΞπό
1167 779 1248 819 τοῦ
1277 791 1408 820 ποτα-

147 861 257 915 μοῦ,
296 856 437 914 βάθος
464 857 544 912 μὲν
574 856 616 907 ἐς
644 855 693 899 τὸ
722 854 843 911 ὕδωρ
874 854 937 900 ἀεὶ
965 854 1240 911 ὀρύσσουσα,
1278 850 1406 912 εὖρος

146 936 193 981 δὲ
220 935 269 980 τὰ
297 937 552 992 περίμετρον
583 933 722 980 αὐτοῦ
750 939 933 981 ποιεῦσα
971 936 1108 979 εἴκοσί
1143 951 1188 979 τε
1231 934 1306 979 καὶ
1342 951 1405 980 τε-

90 1181 161 1216 tur.
219 1177 328 1216 conf.
354 1181 429 1215 not.
445 1177 737 1228 praecedentem.

92 1235 327 1285 Quapropter
382 1235 492 1271 miror
551 1233 739 1272 Letronne

92 1290 238 1338 (Journ.
262 1291 297 1328 d.
315 1291 455 1328 Savans
478 1292 584 1333 1807
604 1290 738 1341 p.48),

91 1347 208 1384 locum
227 1348 278 1384 sic
298 1348 550 1385 emendantem
563 1375 574 1395 ,
595 1352 636 1384 ut
653 1350 740 1397 post

90 1398 290 1454 θαλάττης
323 1403 593 1441 distinctionem
623 1406 739 1452 ponat

92 1471 243 1508 eamque
269 1463 412 1510 repetat
437 1464 525 1511 post
551 1456 739 1498 καταπλέ-

91 1529 218 1564 οντες,
247 1528 320 1565 quo
337 1517 533 1565 iungentur
548 1516 738 1567 κομίζων-

87 1586 152 1611 ται
171 1569 212 1618 ἔς
228 1569 302 1611 τόν
319 1567 547 1624 Εὐφρήτην
569 1578 606 1610 et
622 1587 738 1611 κατα-

87 1626 272 1674 πλέοντες
307 1628 346 1675 ἐς
383 1629 624 1679 Βαβυλῶνα,
668 1628 739 1666 hoc

88 1696 218 1721 sensu:
252 1688 285 1721 et
304 1698 396 1722 nunc
413 1687 495 1734 qui,
524 1685 568 1722 ab
596 1685 736 1721 bacno-

87 1743 162 1776 stro
193 1742 287 1778 mari
314 1740 536 1791 Euphratem
569 1740 736 1790 profecti,

86 1795 234 1833 secundo
255 1797 407 1846 flumine
424 1796 639 1847 Babylonem
657 1810 735 1834 ver-

86 1865 146 1888 sus
172 1851 403 1902 devehuntur,
442 1857 493 1890 ter
518 1853 567 1890 ad
595 1853 737 1891 eundem

82 1910 223 1945 vicum!
290 1910 374 1954 Quo
414 1910 504 1959 quid
548 1910 738 1957 lucremur,

85 1964 254 2014 equidem
285 1965 385 2003 haud
431 1979 521 2003 sane
562 1966 737 2015 intelligo,

86 2019 209 2058 Unum
235 2021 305 2059 hoc
326 2022 544 2072 probamus,
571 2023 671 2072 quod
698 2023 736 2059 in

86 2075 244 2114 clausula
278 2078 381 2116 addit
406 2079 556 2116 verbum
585 2079 734 2130 κομίζε-

87 2136 186 2172 σθαι
214 2145 290 2171 non
317 2134 364 2172 de
397 2135 572 2171 maritimo
591 2139 734 2173 tantum

84 2188 212 2227 itinere
230 2191 399 2241 usurpari
415 2191 473 2239 (ut
492 2191 538 2239 II,
557 2192 644 2239 60),
665 2192 734 2229 sed

86 2244 135 2282 de
152 2246 314 2284 terrestri
338 2260 505 2298 quoque,
535 2252 575 2285 ut
599 2248 646 2297 V,
664 2249 730 2290 98.

86 2299 174 2350 Vll,
195 2304 288 2345 182.

142 2410 317 2466 μέγαθος
335 2412 404 2454 καὶ
431 2410 541 2466 ῧψος
570 2411 668 2456 ὅσον
695 2416 734 2457 τί

88 2465 190 2519 ἐστι]
219 2471 242 2508 i.
262 2484 294 2509 e.
322 2475 446 2509 tantae
464 2477 515 2510 est
542 2473 632 2510 illud
649 2487 733 2523 opus

87 2527 340 2573 magnitudinis
350 2531 383 2566 et
390 2529 604 2576 altitudinis,
619 2543 731 2579 quan-

86 2581 147 2616 tae
162 2583 225 2618 via:
249 2583 439 2634 quidquam
469 2586 571 2623 aliud
594 2588 730 2624 inveni-

88 2637 157 2672 tur.
212 2637 294 2676 Hoc
309 2642 419 2678 modo
451 2640 567 2679 locum
592 2643 730 2680 facilius

87 2690 254 2740 explicari
265 2707 376 2745 posse
389 2710 538 2746 censeo,
567 2711 678 2748 quam
696 2700 729 2737 si

88 2757 169 2783 cum
187 2747 384 2800 Schweigh.
401 2750 497 2793 ὅσον
514 2758 652 2792 statuas
671 2756 728 2793 di-

87 2804 182 2839 ctum
201 2815 281 2843 esse
297 2819 364 2857 pro
379 2803 437 2848 Za
452 2807 619 2850 τοσοῦτό
634 2810 727 2851 ἐστι.

88 2877 145 2883 -
162 2856 220 2896 De
237 2860 317 2910 ipso
331 2875 442 2914 opere
461 2867 724 2906 conffleeren.

808 1189 884 1225 ger.
907 1177 954 1214 de
985 1177 1131 1215 difficill.
1152 1179 1323 1227 quibusd.
1348 1178 1460 1219 Asiae

805 1232 985 1270 Herodot.
1006 1234 1072 1270 loc.
1095 1247 1181 1285 pag.
1198 1235 1250 1277 43
1263 1249 1366 1285 seqq.

863 1286 1014 1340 ὤρυσσε
1035 1289 1194 1343 ἔλυτρον
1222 1291 1372 1346 λίμνῃ]
1403 1293 1459 1333 λί-

807 1359 886 1399 μνῃ
930 1345 1096 1396 plerique
1150 1347 1231 1384 libri
1275 1350 1457 1397 exhibent,

806 1413 1025 1451 quamquam
1073 1404 1270 1452 genitivum
1309 1405 1458 1455 linguae

805 1457 907 1506 leges
926 1471 1001 1495 non
1020 1464 1208 1511 respuunt.
1267 1461 1376 1499 Conf.
1393 1462 1457 1511 lv,

809 1516 900 1555 173.
930 1515 1089 1553 Pausan.
1108 1516 1199 1564 VII,
1221 1519 1287 1558 27.
1317 1518 1372 1566 II,
1389 1522 1456 1561 27.

806 1570 988 1623 ἔλυτρον,
1018 1573 1119 1622 quod
1150 1573 1238 1610 alias
1264 1574 1374 1623 vulgo
1399 1580 1457 1613 est

804 1631 1059 1677 tegumentum,
1078 1630 1308 1679 involucrum,
1323 1632 1458 1669 Gram-

805 1685 1016 1734 maticisque
1069 1686 1261 1736 exponitur
1317 1686 1454 1739 σκέπη,

804 1741 903 1790 apud
922 1741 1149 1779 Herodotum
1169 1742 1319 1792 eiusque
1336 1745 1457 1783 imita·-

803 1800 921 1834 torem
957 1797 1176 1835 Pausaniam
1200 1812 1269 1849 pro
1295 1800 1394 1838 alveo
1421 1814 1453 1839 S.

802 1853 1018 1903 receptaculo
1041 1868 1212 1904 aquarum
1237 1857 1326 1906 poni
1353 1858 1455 1896 vide-

803 1913 871 1947 tur.
912 1910 1020 1948 Conf.
1038 1910 1139 1948 locos
1160 1911 1339 1951 laudatos.
1376 1914 1454 1952 Re-

803 1966 891 2014 gina
909 1967 1004 2003 enim
1036 1967 1145 2014 (haec
1174 1972 1230 2005 est
1245 1968 1410 2019 Breigeri
1426 1970 1450 2009 l.

803 2021 826 2058 l.
852 2022 1052 2072 sententia)
1073 2023 1190 2061 lacum
1203 2024 1316 2063 effodi
1335 2027 1452 2075 iussit,

802 2077 840 2114 in
872 2081 945 2128 quo
982 2084 1159 2129 stagnans
1200 2093 1317 2130 aqua,
1355 2096 1452 2133 quae

801 2147 912 2183 agros
933 2141 1198 2187 corrumperet,
1216 2139 1392 2188 paulatim
1409 2153 1452 2178 se

800 2192 961 2243 recipere
986 2194 1078 2230 etin
1101 2206 1209 2243 quem
1228 2195 1333 2233 simul
1362 2196 1451 2246 (sed

798 2246 868 2285 hoc
887 2261 954 2299 pro
969 2249 1173 2288 coniectura
1186 2250 1346 2289 habitum
1355 2253 1449 2301 vult)

798 2303 837 2341 in
863 2309 1072 2355 posterum,
1111 2307 1142 2343 si
1169 2307 1290 2345 denuo
1318 2310 1449 2347 fluvius

801 2361 839 2397 in
849 2361 996 2399 nimiam
1014 2366 1192 2401 cresceret
1207 2364 1449 2415 altitudinem,

799 2430 935 2467 magna
953 2431 1039 2469 pars
1050 2432 1169 2469 aquae
1181 2420 1336 2459 derivari
1356 2436 1447 2474 pos-

799 2479 867 2512 set.
913 2475 1114 2513 Consilium
1132 2489 1219 2513 vero
1237 2478 1448 2528 primarium

799 2532 899 2580 quod
916 2532 1067 2580 reginae
1096 2533 1135 2569 in
1160 2533 1372 2573 effodienda
1392 2535 1448 2573 la-

797 2600 890 2624 cuna
908 2587 1048 2626 Noster
1068 2589 1183 2627 fuisse
1198 2591 1342 2639 scribit,
1372 2605 1445 2642 quo

795 2642 920 2681 hostes
936 2644 1164 2694 prohiberet,
1192 2646 1328 2685 firmari
1345 2648 1446 2687 idem

795 2700 847 2737 ait
864 2699 1019 2737 Diodori
1036 2701 1153 2740 verbis
1170 2702 1228 2750 H,
1249 2707 1289 2746 7.
1318 2724 1370 2732 —-
1401 2705 1445 2744 In

791 2756 955 2807 proxime
979 2770 1084 2807 seqq.
1116 2756 1156 2804 ἒς
1174 2755 1220 2798 το“
1237 2755 1348 2812 ὕδωρ
1365 2765 1443 2800 est:

792 2812 897 2850 donec
925 2827 1020 2863 aqua
1046 2817 1257 2865 scaturiret,
1297 2822 1339 2855 ut
1362 2817 1444 2855 No-

791 2873 923 2906 strates
943 2883 1113 2921 quoque:
1134 2871 1188 2909 bis
1208 2872 1284 2924 aus
1303 2873 1442 2911 Wasser

86 2910 199 2950 ldeen
216 2913 255 2963 1,
275 2919 302 2959 2
322 2931 409 2970 pag.
428 2921 508 2964 140
517 2935 601 2973 seq.
620 2924 725 2962 Brei-
787 2925 931 2974 graben.
