1786 3324
239 587 306 632 68

370 244 456 285 638

786 246 1255 287 HERODOTI

372 352 530 404 ἐούσας
559 356 765 407 σπανίας,
813 355 886 399 καὶ
915 355 1018 407 τούς
1057 356 1244 409 λύκους,
1295 355 1350 401 ού
1383 362 1531 414 πολλῷ
1559 359 1641 418 τέῲ

370 430 522 484 ἐόντας
552 431 1027 491 ἅ).ωπὲκων“μὲζονας,
1082 434 1223 481 αὐτοῦ
1251 436 1474 481 θάπτουσι
1503 442 1557 495 τῇ
1587 438 1643 482 ἂν

370 509 605 566 εὑρεθέωσι
635 516 837 568 κείμενοι.

483 595 583 634 Τῶν
616 591 663 636 ὁὲ
695 595 988 648 κροκοδείλων
1019 593 1151 651 φύσις
1190 595 1279 640 ἐστὶ
1317 595 1478 652 τοιήδε.
1536 596 1641 650 τούς
1682 606 1765 646 136

34 650 184 678 crocodili
226 656 314 679 natu-

33 692 86 711 ra:
124 693 228 720 pacem
247 686 313 720 agit

31 726 99 747 cnm
116 719 179 747 eolo
199 719 312 749 trochi-

31 751 73 781 lo.

310 812 514 863 Aegyptios
551 811 706 849 diximus
736 812 784 849 ad
822 811 880 860 II,
901 812 969 853 75.

309 870 394 906 Hoc
427 868 506 904 loco
535 868 622 905 illud
646 869 877 919 potissimum
912 874 970 906 te-

309 926 387 962 neri
414 925 606 972 volumus,
634 926 735 974 quod
764 926 860 973 Ibis,
889 939 970 963 cum

310 982 476 1020 Niliacae
516 982 764 1019 inundationis
794 987 892 1019 esset
921 983 971 1019 si-

310 1052 423 1088 gnum
453 1051 494 1075 ac
521 1038 724 1088 symbolum
743 1068 754 1086 ,
784 1038 968 1076 Mercurio

310 1108 460 1144 quoque
479 1108 581 1132 sacra
603 1096 884 1144 perhibebatur,
905 1096 968 1145 qui

311 1153 402 1189 deus
422 1155 558 1202 primus
568 1152 642 1189 Nili
658 1153 853 1189 crescentis
863 1166 969 1190 men-

311 1222 414 1246 suras
435 1210 599 1258 percepit
626 1214 662 1246 et
681 1209 877 1255 indicavit,
911 1211 966 1246 in-

307 1267 429 1315 deque
452 1265 558 1302 ibidis
575 1266 695 1316 capite
714 1266 886 1316 imposito
907 1280 967 1304 re-

305 1327 562 1374 praesentatus
595 1328 785 1372 comparet
813 1324 848 1359 in
879 1336 967 1360 ana-

307 1379 452 1429 glyphis
476 1392 517 1415 ac
527 1380 676 1429 picturis
688 1379 964 1428 Aegyptiorum.

308 1436 434 1479 Quare
455 1436 671 1486 Herinopoli
698 1436 721 1473 i.
743 1450 772 1473 e.
794 1436 966 1473 Mercurii

308 1493 346 1529 in
367 1493 480 1539 urbe,
518 1505 656 1529 sacrani
683 1505 787 1530 avem
820 1492 964 1542 sepeliri

309 1562 351 1586 ac
371 1550 499 1599 reponi
526 1554 821 1587 consentaneum.
853 1551 960 1586 Conf.

309 1605 482 1644 Creuzeri
503 1606 655 1655 spnboi.
676 1605 689 1642 Ι
710 1620 745 1656 p.
758 1606 959 1648 486.487.

364 1659 434 1709 τοὶς
447 1659 489 1701 δὲ
503 1660 693 1710 ἄρκτους,
705 1659 849 1709 ἐούσας
863 1674 959 1701 σπα-

306 1720 398 1766 νίας
420 1718 554 1770 κ.τ.λ.]
585 1720 722 1757 Auctor
739 1725 794 1758 est
804 1720 962 1770 Prosper

306 1777 462 1827 Alpinus
481 1776 563 1813 hist.
592 1781 667 1826 liat.
698 1776 873 1827 Aegyptt.
901 1775 962 1823 lV,

307 1836 334 1874 9
356 1846 443 1883 pag.
470 1835 569 1880 132,
601 1846 726 1880 ursos,
746 1834 866 1883 lupos,
887 1832 965 1870 vul-

306 1904 372 1941 pes
393 1891 428 1926 in
444 1890 616 1940 Aegypto
640 1891 810 1940 reperiri,
837 1902 965 1939 quam-

307 1960 418 1996 quam
446 1946 546 1983 haud
589 1959 721 1994 magna
754 1948 801 1984 sit
839 1959 964 1984 eorum

307 2004 423 2053 copia.
486 2003 601 2040 Ursus
627 2004 723 2040 idem
755 2003 859 2040 addit
889 2003 966 2038 ovi-

307 2060 376 2096 bus
414 2060 546 2095 nostris
580 2060 677 2095 haud
702 2060 856 2096 maiores
884 2072 964 2096 esse

305 2116 507 2163 itidemque
526 2115 632 2165 lupos
654 2120 690 2152 et
708 2115 834 2165 vulpes
852 2115 963 2165 duplo

305 2172 464 2209 minores
494 2184 601 2220 quain
632 2172 733 2220 apud
764 2185 831 2208 nos
866 2173 965 2208 inve-

305 2229 385 2265 niri.
454 2227 506 2264 Ac
534 2232 717 2264 testantur
744 2227 962 2264 Aristoteles

305 2285 419 2333 (hist.
452 2296 510 2320 an.
530 2284 636 2330 VM,
655 2285 740 2331 23)
770 2288 805 2321 et
824 2284 962 2321 Plinius

305 2342 388 2379 hist.
412 2346 484 2377 nat.
505 2340 613 2387 vlu,
643 2343 721 2387 22,
763 2340 868 2390 lupos
897 2353 964 2390 per

306 2398 518 2447 Aegyptum
545 2398 704 2433 minores
738 2409 819 2434 esse
851 2409 962 2445 quam

306 2455 346 2491 in
366 2454 534 2491 Graecia.
594 2453 716 2496 Quum
744 2466 830 2490 vero
851 2453 962 2489 hodie

305 2512 345 2548 in
371 2510 542 2560 Aegypto
570 2509 676 2560 lupos
705 2510 857 2559 reperiri
885 2509 962 2560 ple-

304 2568 409 2616 rique
436 2570 595 2615 negent,
625 2566 703 2603 aliis
731 2567 895 2615 quamvis
922 2578 962 2602 se

304 2623 361 2661 vel
393 2623 531 2660 vidisse
563 2622 667 2672 lupos
692 2622 749 2660 vel
783 2622 960 2659 ululantes

304 2680 467 2717 audiisse
486 2679 756 2725 asserentibus,
778 2691 843 2726 ea,
866 2690 962 2727 quae

307 2737 356 2774 de
376 2736 431 2773 his
457 2736 668 2773 animalibus
699 2736 799 2785 apud
820 2739 961 2772 veteres

307 2796 540 2840 enarrantur,
580 2793 628 2830 ad
659 2792 758 2842 lupos
790 2792 962 2828 cei-varios

306 2862 337 2886 s.
357 2848 520 2885 chacalos
539 2848 654 2886 relata
675 2848 824 2895 volunt,
855 2847 963 2897 quip-

305 2918 356 2956 pe
370 2917 526 2955 quorum
545 2905 744 2944 etiamnum
762 2904 860 2943 haud
868 2917 962 2957 pau-

1040 826 1104 850 cae
1132 814 1361 863 reperiantur
1380 816 1559 864 mumiae,
1590 819 1695 855 testi-

1039 870 1108 906 bus
1130 869 1299 906 Ioinardo
1320 871 1360 919 (l.
1383 871 1405 908 l.
1425 872 1460 908 X
1481 871 1516 922 ἓ.
1530 876 1695 923 8p.353

1039 939 1069 962 s.
1083 926 1216 963 recueil
1237 931 1305 964 etc.
1325 941 1361 977 p.
1374 931 1580 978 317.314)
1600 931 1696 968 aliis-

1038 996 1111 1031 que
1126 1012 1137 1030 ,
1167 996 1259 1032 quos
1276 983 1403 1021 laudat
1421 985 1637 1023 Reinhurdt.
1657 988 1696 1024 in

1038 1039 1222 1076 dissertat.
1244 1040 1342 1076 laud.
1364 1053 1447 1090 pag.
1463 1044 1524 1083 16.
1544 1046 1591 1083 17
1613 1043 1693 1081 coll.

1035 1098 1073 1136 7.
1120 1096 1219 1133 Add.
1252 1096 1466 1146 Langguth.
1506 1100 1553 1135 de
1585 1100 1694 1137 bestt.

1034 1152 1210 1202 Aegyptt.
1231 1160 1298 1190 etc.
1330 1168 1365 1204 p.
1387 1157 1441 1196 36
1460 1168 1536 1204 seq.
1579 1155 1694 1205 Equi-

1036 1210 1120 1246 dem
1139 1209 1189 1246 nil
1219 1210 1421 1247 discernam
1444 1212 1480 1248 in
1502 1212 1568 1259 iis,
1597 1225 1694 1262 quae

1034 1280 1093 1304 1ne
1112 1267 1344 1317 peritioribus
1366 1273 1471 1305 erunt
1489 1268 1694 1306 diiudican-

1035 1324 1094 1359 da.
1152 1323 1236 1360 Hoc
1257 1324 1367 1360 modo
1401 1325 1557 1371 addam,
1587 1325 1692 1376 lupos

1032 1380 1324 1428 frequentissime
1395 1386 1691 1431 repraesentatos

1032 1437 1225 1473 memorari
1249 1437 1287 1473 in
1309 1437 1573 1487 Aegyptiorum
1603 1451 1693 1475 aua-

1033 1493 1178 1542 glyphis
1208 1497 1318 1542 atque
1344 1495 1559 1531 mumiarum
1587 1494 1691 1531 invo-

1030 1549 1164 1595 lucris3
1194 1562 1267 1599 qua
1292 1550 1339 1588 de
1360 1564 1400 1588 re
1416 1552 1509 1588 conf.
1530 1555 1623 1588 nott.
1642 1552 1692 1588 ad

1031 1606 1086 1654 11,
1113 1609 1204 1648 122.

1208 1690 1316 1742 Cap.
1345 1690 1517 1730 vam.

1086 1776 1168 1813 τῶν
1196 1772 1239 1813 δὲ
1270 1775 1535 1826 κροκοδείλων
1566 1772 1691 1826 φύσις

1033 1830 1114 1870 ἐστὶ
1135 1827 1292 1882 τοιήδε]
1325 1831 1524 1870 Articulum
1551 1831 1580 1883 ἦ
1603 1837 1690 1870 ante

1035 1884 1158 1938 φύσις
1184 1889 1360 1925 excidisse
1386 1893 1494 1940 putat
1515 1890 1689 1927 Schaese-

1033 1959 1092 1981 rus
1114 1946 1150 1981 in
1172 1945 1314 1983 Melett.
1338 1959 1374 1995 p.
1398 1948 1461 1986 11.
1485 1949 1549 1987 12.
1588 1945 1690 1983 Libri

1032 2003 1164 2039 vetusti
1184 2001 1282 2038 illum
1299 2002 1469 2050 ignorant
1490 2007 1527 2039 et
1544 2002 1614 2039 hoc
1633 2002 1690 2038 lo-

1033 2071 1075 2095 co
1094 2062 1130 2095 et
1149 2058 1242 2104 alio,
1272 2071 1380 2107 quem
1409 2060 1488 2109 ipse
1513 2059 1690 2096 Schaefe-

1031 2127 1093 2151 rus
1113 2114 1246 2150 attulit.
1269 2135 1325 2142 —-·
1347 2113 1487 2151 Locum
1502 2115 1689 2152 Herodoti

1033 2171 1080 2207 de
1126 2170 1316 2207 crocodilis
1356 2170 1461 2208 valde
1506 2171 1687 2219 insignem

1031 2226 1135 2263 multi
1163 2230 1199 2263 et
1218 2232 1378 2263 veterum
1392 2232 1427 2263 et
1444 2228 1687 2264 recentiorum

1030 2283 1089 2319 vel
1129 2283 1333 2331 attigerunt
1368 2283 1424 2319 vel
1471 2287 1685 2320 tractarunt.

1030 2338 1151 2387 Atque
1178 2340 1249 2375 iam
1272 2343 1356 2376 ante
1375 2339 1609 2376 Herodotum
1638 2340 1687 2378 de

1030 2395 1219 2432 crocodilis
1237 2394 1474 2445 Aegyptiacis
1502 2396 1686 2445 quaedam

1030 2452 1285 2501 perscripsisse
1314 2453 1453 2488 videtur
1472 2453 1683 2490 Hecataeus

1030 2507 1214 2554 Milesius,
1246 2521 1289 2544 ex
1316 2521 1389 2556 quo
1407 2509 1487 2559 ipso
1508 2508 1685 2546 nonnulla.

1029 2563 1208 2602 Nostrum
1235 2565 1407 2601 sumsisse
1443 2569 1584 2602 veteres
1610 2569 1687 2602 sta-

1028 2621 1192 2657 tuebant.
1251 2620 1334 2657 Vid.
1353 2622 1519 2670 sragmm.
1541 2622 1682 2670 antiqq.

1029 2677 1208 2713 historice.
1251 2689 1336 2727 pag.
1369 2681 1418 2718 19
1459 2678 1517 2715 ed.
1551 2678 1682 2714 Creuz.

1029 2733 1119 2771 Post
1136 2733 1365 2770 Herodotum
1392 2734 1454 2782 qui
1483 2734 1529 2771 de
1557 2746 1684 2771 croco-

1030 2789 1112 2826 dilis
1131 2793 1297 2837 egerunt,
1310 2803 1372 2827 eos
1383 2790 1514 2827 excitat
1528 2789 1681 2827 Schnei-

1029 2846 1106 2883 der.
1135 2846 1173 2882 in
1207 2845 1321 2893 libro,
1361 2846 1423 2895 qui
1451 2846 1681 2883 inscribitur:

1028 2902 1154 2940 histor.
1185 2901 1398 2954 amphibior.
1439 2901 1614 2941 naturalis
1643 2905 1683 2940 et
