1768 3315
294 246 377 285 248
705 233 1168 274 HERODOTI

265 360 287 393 Ξ
298 352 433 396 ἐποίεε
489 345 647 391 τοιάδε.

704 344 1046 402 Κατοικημένων
1094 344 1182 386 τῶν
1229 338 1399 396 Μήδων
1443 340 1552 382 κατὰ

300 428 466 484 κώμας,
513 425 559 469 ἐν
588 429 641 482 τῇ
687 423 853 468 ἑωυτοῦ
892 422 975 467 ἐών
1012 422 1085 466 καὶ
1113 419 1330 476 πρότερον
1360 415 1552 474 δόκιμος,

299 507 371 552 καὶ
399 503 565 560 μᾶλλόν
600 521 642 547 τι
677 504 752 547 καὶ
794 501 1127 558 προθυμότερον
1157 497 1439 554 δικαιοσύνην
1468 497 1554 541 ἐπι-

300 586 483 639 θέμενος
511 581 657 639 ἤσκεε·

699 581 771 625 καὶ
799 585 935 624 ταῦτα
964 580 1134 635 μέντοι,
1182 578 1337 634 ἐούσης
1371 577 1551 633 ἀνομίης
1569 584 1613 618 10

302 667 464 718 πολλῆς
494 659 580 705 ἀνά
612 663 758 703 πᾶσαν
797 658 876 715 τὴν
912 658 1144 714 Μηδικὴν,
1186 659 1346 709 ἐποίεε,
1392 657 1557 701 ἐπιστά-

302 758 433 798 μενος
463 740 530 784 ὅτι
557 742 618 798 τῷ
648 739 802 797 δικαίῳ
831 739 881 781 τό
912 737 1065 781 ἄδικον
1094 735 1301 792 πολέμιόν
1330 736 1430 780 ἐστι.
1461 738 1504 780 οἷ
1523 733 1559 780 δ’

306 822 352 864 ἐκ
381 824 458 877 τῆς
494 817 628 875 αὐτῆς
665 815 816 873 κώμης
852 818 1024 872 Μῆδοι,
1076 815 1261 872 ὁρῶντες
1292 815 1430 859 αὐτοῦ
1457 815 1562 866 τούς

304 899 516 953 τρόπους,
556 897 763 953 δικαστήν
793 913 868 951 μιν
897 895 1068 938 ἑωυτῶν
1097 894 1306 949 αἱρέοντο.

1367 895 1391 938 ὁ
1421 895 1467 938 δὲ
1494 895 1562 950 δή,

282 975 386 1022 ὃοῖα
408 977 656 1034 μνεώμενος
686 975 846 1031 ἀρχὴν,
879 972 980 1025 ἰθύς
1009 990 1054 1017 τε
1082 976 1155 1018 καὶ
1185 975 1354 1024 δίκαιος
1372 969 1440 1029 ἦν.
1471 988 1563 1017 ποι·
1579 980 1621 1014 16

310 1059 394 1101 ε’ων
425 1073 469 1100 τε
498 1060 656 1108 ταῦτα,
703 1055 883 1098 ἔπαινον
920 1051 1003 1108 εἶχε
1044 1052 1125 1097 οὐκ
1162 1052 1311 1108 ὀλίγον
1339 1052 1449 1108 πρὸς
1477 1055 1566 1096 τῶν

309 1134 542 1188 πολιτέων,
583 1134 696 1179 οὕτω
728 1134 836 1178 ὥστε
865 1132 1191 1188 πυνθανόμενοι
1222 1134 1266 1175 οἱ
1295 1133 1340 1176 ἐν
1369 1136 1468 1190 τῇσι
1497 1131 1567 1176 ἄλ-

312 1220 414 1272 λῃσι
443 1213 615 1271 κώμῃσι
646 1213 704 1265 ὠς
732 1212 925 1269 Δηϊόκης
954 1214 1017 1268 εἴη
1042 1209 1154 1269 ἀνὴρ
1183 1216 1348 1267 μοῦνος
1383 1211 1493 1256 κατοέ
1521 1213 1569 1256 τὸ

314 1294 456 1350 ὀρθὸν
494 1293 705 1347 δικάζων,
759 1291 974 1348 πρότερον
1014 1293 1342 1346 περιπίπτοντες
1381 1291 1572 1336 ἀδίκοισι

314 1371 532 1430 γνώμῃσι,
567 1372 663 1417 τότε
691 1373 782 1417 ἐπεί
812 1388 856 1415 τε
884 1371 1107 1428 ἤκουσαν,
1159 1371 1342 1426 ἄσμενοι
1371 1371 1572 1426 ἐφοίτεον
1584 1377 1630 1412 20
1659 1366 1664 1373 ’

316 1452 436 1509 παρὰ
463 1452 542 1496 τὸν
569 1451 758 1509 Δηϊόκεκ
786 1451 859 1495 καὶ
889 1451 1015 1495 αὐτοὶ
1046 1450 1345 1506 δικασόμενοι·
1375 1450 1497 1502 τέλος
1514 1450 1574 1503 δὲ,

265 1649 514 1690 ΒεεΙιειηεεΙιίά
542 1647 704 1697 (Annall.
716 1647 848 1686 Vienn.
860 1649 915 1686 IX

264 1722 302 1760 p.
323 1710 375 1749 10
395 1719 499 1756 seqq.
524 1707 576 1747 13
597 1705 722 1753 nott..)
761 1705 821 1744 De
842 1718 915 1756 quo

267 1763 437 1815 equidem
457 1761 544 1799 nihil
563 1762 767 1799 decernam.

323 1813 587 1868 δικαιοσύνην
613 1816 850 1869 ἐπιθέμενος
873 1813 921 1868 ἤ-

269 1875 379 1927 σκεε]
428 1875 488 1912 Ad
521 1872 758 1925 ἐπιθέμενος
798 1878 920 1912 mente

269 1932 517 1983 supplendum
537 1927 771 1995 δικαιοσύνῃ
785 1960 795 1977 ,
826 1943 920 1976 cum,

270 1989 371 2057 quod
406 1988 512 2025 adest
550 1971 830 2036 δικαιοσύνην,
872 1986 921 2022 ad

271 2041 391 2095 η’σκεε
413 2043 604 2092 pertineat.
642 2042 711 2079 Est
726 2043 820 2079 enim
841 2056 922 2080 επι-

254 2099 464 2140 -τίθεσθαί
479 2113 557 2136 τινι
585 2111 720 2147 operam
746 2098 831 2135 clare
849 2097 920 2134 ali-

274 2158 353 2202 cui,
382 2154 534 2203 aggredi
549 2154 708 2203 aliquid,
739 2154 800 2190 ubi
820 2166 923 2190 accu-

275 2212 428 2249 sativum
447 2210 502 2248 vel
523 2211 682 2247 reflexivi
700 2210 924 2260 pronominis

274 2267 333 2305 vel
364 2266 519 2303 nominis
545 2268 642 2312 νοῦς
662 2265 718 2303 vel
743 2266 833 2302 alius
863 2279 924 2302 cu-

275 2323 421 2362 iuslibet
458 2322 612 2359 nominis
637 2323 832 2370 cogitando
859 2322 925 2359 ad-

278 2381 368 2418 dere
394 2378 527 2429 possis.
593 2378 676 2425 Sic,
705 2383 746 2414 ut
772 2378 843 2415 alia
871 2383 926 2414 ta-

279 2447 402 2482 ceam,
451 2446 564 2484 supra
591 2433 629 2482 I,
664 2437 699 2475 1.
748 2433 823 2482 ΙΙΙ,
859 2436 926 2475 76.

278 2491 376 2529 Hinc
403 2490 604 2527 accuratius
641 2491 795 2528 vertenti
839 2492 927 2528 erit:

281 2548 504 2596 „iustitiam,
556 2547 616 2583 cui
652 2546 756 2584 valde
793 2559 929 2598 operam

281 2602 398 2650 dedit,
427 2602 615 2639 exercebat.
620 2603 644 2622 “

309 2653 598 2727 ἐπιστάμενος
625 2654 684 2698 ότι
711 2660 764 2713 τῷ
792 2659 929 2699 δικαίω

284 2708 327 2755 τό
345 2711 484 2753 ἄδικον
505 2712 693 2765 πολέμιόν
710 2714 805 2761 ἐστι]
837 2717 931 2754 Sen-

285 2771 435 2809 tentiam
459 2771 632 2809 trivialem
667 2784 710 2808 ac
731 2772 837 2808 nimis
854 2772 931 2808 ml-

287 2839 413 2877 garem
450 2827 596 2865 habent.
657 2828 747 2865 Inde
782 2828 933 2865 Fontei-

289 2884 392 2931 nius,
424 2884 603 2934 probante
626 2883 831 2933 Larchero,
860 2884 932 2934 legi

983 1643 1098 1686 wlt'
1075 1662 1136 1687 οτι
1162 1649 1213 1701 τῇ
1236 1643 1417 1702 ἀδικίῃ
1443 1643 1498 1688 το
1526 1663 1552 1687 α
1542 1641 1634 1687 ’δι-

985 1721 1009 1745 κ
1023 1720 1039 1744 ε
1050 1700 1071 1744 ό
1085 1720 1113 1755 μ
1124 1718 1140 1743 ε
1150 1719 1172 1743 ν
1184 1719 1204 1743 ο
1215 1719 1238 1743 ν
1293 1699 1485 1755 πολέμιόν
1541 1703 1637 1752 ἐστι,

988 1761 1095 1799 simili
1114 1761 1263 1797 laudata
1285 1760 1473 1811 Euripidis
1488 1765 1638 1799 senten-

988 1820 1039 1856 tia
1058 1819 1096 1854 in
1113 1817 1305 1854 Phoeniss.
1328 1817 1422 1858 541.
1452 1817 1532 1854 Nec
1550 1829 1637 1854 vero

987 1874 1069 1911 libri
1084 1873 1357 1922 suffragantur,
1386 1886 1455 1911 nec
1480 1873 1561 1923 ipsa
1579 1885 1638 1910 ra-

987 1931 1037 1967 tio
1059 1930 1206 1976 suadet,
1217 1933 1258 1965 ut
1278 1942 1322 1966 ea
1334 1934 1526 1973 mutemus,
1543 1941 1639 1979 quae

988 1986 1077 2035 quin
1090 1986 1208 2021 minus
1223 1985 1317 2023 bene
1336 1987 1383 2023 de
1394 1986 1542 2024 Deiocis
1553 1998 1640 2023 con-

989 2042 1068 2078 silio
1089 2042 1158 2078 dici
1172 2046 1330 2090 queant,
1360 2042 1493 2079 nullam
1506 2043 1640 2079 iustam

990 2097 1158 2147 equidem
1176 2098 1357 2147 perspicio
1376 2111 1532 2136 causam.
1559 2098 1642 2136 Nec

989 2154 1135 2202 longius
1165 2155 1370 2203 disputem,
1413 2160 1534 2192 utrum
1563 2154 1644 2192 He-

991 2203 1162 2257 r'odotus‚
1181 2222 1275 2259 quae
1283 2210 1314 2247 F
1319 2211 1470 2248 onteinii
1491 2216 1548 2249 est
1557 2223 1644 2248 sen-

991 2267 1127 2313 tentia,
1159 2279 1292 2316 reapse
1320 2267 1358 2304 in
1382 2272 1504 2306 mente
1528 2268 1646 2305 habu-

993 2323 1063 2361 erit
1085 2322 1232 2359 Solonis
1261 2323 1349 2360 illud
1375 2321 1419 2364 τό
1448 2320 1537 2363 ἴσον
1569 2318 1645 2363 πό-

993 2382 1111 2430 λεμον
1136 2374 1185 2417 οὗ
1204 2383 1330 2428 ποιεῖς
1358 2381 1456 2431 apud
1466 2380 1559 2418 Plut.
1572 2380 1645 2418 Vit.

994 2436 1069 2473 Sol.
1086 2434 1161 2483 85,
1177 2435 1225 2473 D.
1255 2457 1311 2463 —
1337 2435 1381 2473 In
1408 2450 1513 2486 seqq.
1545 2451 1598 2487 μν
1609 2450 1646 2475 ε-

996 2487 1158 2543 ιόμενος
1188 2491 1241 2539 (a
1265 2492 1477 2542 μνᾶσθαι)
1515 2493 1647 2531 eodem

995 2550 1106 2586 modo
1128 2547 1306 2595 effictum,
1323 2561 1396 2598 quo
1414 2544 1649 2600 χρεώμενος,

998 2605 1069 2642 alia
1088 2605 1193 2641 huius
1225 2606 1383 2653 generis,
1441 2605 1540 2643 Male
1566 2606 1650 2643 libri

998 2662 1148 2711 quidem
1168 2657 1396 2711 μνώμενος,
1427 2663 1544 2699 forma
1569 2661 1650 2700 vul-

1000 2718 1089 2767 gari.
1128 2716 1342 2765 Leguntur‚
1372 2730 1467 2767 quae
1485 2719 1650 2769 proxime

1000 2773 1236 2819 antecedunt,
1252 2786 1311 2822 ap.
1327 2774 1509 2811 Plutarch.
1521 2775 1569 2812 de
1583 2787 1651 2811 no-

1003 2830 1060 2867 bil.
1075 2829 1122 2867 T.
1135 2828 1183 2865 1V
1198 2843 1233 2879 p.
1249 2832 1328 2871 190
1348 2829 1526 2868 Analectt.
1538 2830 1652 2868 Wolf.

1058 2884 1125 2926 καὶ
1143 2881 1257 2926 αὐτοὶ
1287 2882 1649 2938 δικασόμενοι]

1632 863 1753 978 503
