1759 3324
366 242 452 281 698
766 244 1239 286 HERODOTI

369 352 565 409 ῥάμμὲνη
597 355 711 409 ῥίπεϊ
736 353 965 411 καλάμων,
1015 357 1088 400 καὶ
1117 358 1243 408 λίθος
1282 357 1539 413 τετρημένος
1569 360 1635 402 δι-

364 430 576 484 τάλαντας
605 434 790 490 μάλιστά
817 452 871 491 κη
903 436 1120 491 σταθμόν·
1151 436 1319 480 τούτων
1348 436 1428 494 τὴν
1448 438 1525 493 μὲν
1548 437 1632 481 θύ-
1646 447 1689 480 15

365 529 470 568 ρην,
508 514 739 570 δεδεμένην
765 515 909 569 κάλῳ,
960 516 1179 570 ἔμπροσθε
1209 521 1289 561 τοῦ
1328 519 1485 560 πλοίου
1517 515 1632 561 ἀπίει

335 591 669 648 δέπιφὲρεσθαι,
721 594 797 637 τὸν
829 593 873 637 δὲ
904 597 1033 638 λίθον
1074 594 1187 653 ἄλλῳ
1225 596 1342 655 κάλῳ
1381 595 1548 640 ὄπισθε.
1603 594 1631 653 ἡ

364 672 444 727 μὲν
471 672 523 728 δὴ
544 673 682 728 θύρη,
713 677 794 715 τοῦ
818 673 927 728 ῥόου
953 673 1260 729 ἐμπίπτοντος,
1290 676 1437 731 χωρέει
1456 679 1628 732 ταχέως,

366 751 439 794 καὶ
471 751 582 795 ἕλκει
622 751 703 808 τὴν
741 752 889 808 βάριν·
950 756 1106 806 (τοῦτο
1137 753 1220 808 γὰρ
1253 755 1305 809 61)
1339 753 1510 811 οὔνομά
1541 757 1630 799 ἐστι

360 835 473 873 τοῖσι
502 833 695 875 πλοίοισι
725 832 972 887 τούτοισι·)
1025 832 1048 875 ὁ
1082 833 1127 876 δὲ
1160 835 1285 884 λίθος
1315 832 1470 877 ὄπισθε
1505 834 1629 878 ἐπελ-

359 907 566 964 κόμενος,
605 912 678 955 καὶ
707 911 791 955 ἐών
822 912 868 956 ἐν
901 915 1073 971 βυσσῷ,
1115 912 1342 955 κατιθύνει
1370 913 1448 956 τὸν
1477 912 1686 957 πλόον.20

330 987 451 1031 7ἕστι
481 989 527 1032 δέ
554 1003 633 1045 σφι
654 990 706 1033 τὰ
736 996 867 1035 πλοῖα
899 995 1036 1034 ταῦτα
1066 991 1226 1047 πλήθεϊ
1254 993 1405 1044 πολλὰ,
1436 994 1510 1036 καὶ
1533 992 1627 1047 ἄγει

231 1071 297 1115 97
356 1067 450 1110 ἔνια
478 1071 641 1121 πολλὰς
670 1069 866 1125 χιλιάδας
905 1070 1142 1114 ταλάντων.
1199 1070 1354 1114 Ἐπεὰν
1392 1071 1438 1115 δὲ
1468 1072 1628 1130 ἐπέλθῃ

24 1134 154 1168 Aegypti
172 1134 241 1162 Nilo
258 1136 303 1162 iu-

23 1169 159 1195 undaiae
207 1170 302 1198 facies

44 1207 55 1230 ι
134 1203 139 1208 1
185 1203 206 1231 t·
361 1145 385 1190 ὁ
425 1151 587 1201 Νεῖλος
620 1149 701 1206 τήν
739 1149 907 1208 χώρην,
967 1153 1013 1195 αἱ
1040 1150 1165 1204 πόλις
1201 1155 1362 1208 μοῦναι
1392 1153 1627 1208 φαίνονται

23 1210 41 1230 e
71 1211 183 1238 naviga
198 1211 236 1232 10.

297 1375 515 1432 καλάμων]
547 1378 657 1434 θύρη
678 1383 737 1420 hic
755 1383 880 1421 tabula
899 1388 957 1422 est

298 1438 430 1476 ianuae
447 1439 602 1476 formam
623 1452 664 1477 ac
679 1441 832 1489 figuram
842 1454 957 1491 prae-

299 1494 390 1531 bens
413 1524 423 1542 ,
474 1508 519 1533 ex
552 1498 735 1534 tamaricis
770 1498 956 1535 fruticibus

299 1553 465 1589 confecta
484 1556 520 1589 et
534 1554 666 1591 vimine
694 1555 894 1591 arundineo
927 1569 955 1592 s.

299 1608 473 1656 ligamine
491 1623 533 1646 ex
545 1611 781 1647 arundinibus
793 1616 955 1648 consuta.

296 1665 396 1702 Hinc
413 1669 543 1703 cratem
565 1667 673 1716 vulgo
694 1667 865 1704 reddunt.
898 1669 956 1705 Cf.

300 1722 522 1772 lYesseling.
546 1725 594 1760 ad
615 1723 650 1760 h.
670 1724 691 1760 l.
753 1724 865 1767 Quod
879 1725 957 1762 He-

297 1780 430 1816 rodoto
451 1785 508 1817 est
531 1780 669 1830 ῥῐπος,
695 1781 772 1817 aliis
800 1786 855 1818 est
880 1782 954 1831 ρίψ

300 1850 328 1873 s.
350 1836 463 1886 ῥῖπες
499 1837 567 1884 (ut
594 1838 689 1874 infra
711 1838 782 1884 IV,
803 1840 885 1887 71)
919 1843 956 1876 et

300 1892 453 1943 ριπτοὶ,
493 1900 611 1931 crates
636 1907 656 1931 e
679 1895 870 1932 viminibus
893 1899 957 1932 aut

296 1949 445 1986 calamis
484 1951 776 1988 arundinibusve.
846 1952 956 1990 Conf.

298 2005 509 2043 Casaubon.
542 2008 589 2043 ad
619 2007 784 2045 Aeneam
814 2008 954 2045 Tactic.

297 2075 386 2112 pag.
409 2066 489 2104 221
519 2064 577 2101 ed.
599 2064 711 2100 Orell.

354 2117 422 2157 καὶ
443 2118 544 2158 ἕλκει
567 2117 639 2169 τήν
661 2115 804 2170 βάριν]
834 2119 955 2157 Hero-

297 2175 442 2212 doteam
464 2177 510 2214 de
529 2176 676 2213 nomine
687 2177 870 2226 Aegyptio
888 2178 954 2214 ob-

297 2232 540 2269 servationem
561 2232 659 2268 haud
678 2233 783 2282 pauci
796 2238 954 2270 veterum

296 2289 537 2338 comprobant
555 2289 697 2338 ipsique
717 2289 952 2336 recentiores,

297 2344 446 2393 linguae
467 2344 673 2394 Aegyptiae
692 2346 821 2394 periti,
853 2345 954 2382 barin

295 2400 563 2451 Aegyptiorum
581 2413 748 2439 sermone
767 2403 952 2449 navigium

297 2471 340 2495 ac
360 2462 469 2494 ratem
487 2458 555 2494 dici
573 2458 797 2494 confirmant.
858 2458 952 2496 Vide

296 2527 405 2564 supra
436 2513 469 2550 ll
483 2542 493 2560 ,
515 2513 568 2554 41
596 2519 632 2551 et
652 2515 745 2551 conf.
766 2514 950 2551 Iablonsk.

296 2584 395 2607 voce.
408 2570 583 2620 Aegyptt.
596 2584 632 2620 p.
644 2571 783 2612 4950.
817 2571 952 2608 Cham-

293 2626 381 2678 poll.
409 2626 568 2676 l’Egypt.
607 2640 693 2663 sous
723 2627 744 2663 l.
773 2626 876 2676 phar.
915 2628 948 2664 11

293 2697 331 2735 p.
351 2686 432 2724 202
455 2695 558 2731 seqq.
594 2683 672 2720 coll.
688 2683 947 2733 W‘yttenbach.

294 2741 342 2777 ad
371 2738 465 2776 Plut.
495 2738 620 2776 moral.
650 2740 703 2787 ΙΙ,
733 2743 755 2780 1
795 2752 831 2788 p.
854 2741 946 2781 194.

297 2798 492 2833 Caeterum
510 2796 706 2834 observatu
726 2795 890 2845 dignum,
909 2798 946 2834 in

294 2852 443 2903 picturis
492 2851 727 2903 Aegyptiacis
742 2881 753 2900 ‚
824 2852 946 2901 quales

296 2909 438 2959 grande
485 2908 739 2962 descriptionis
787 2906 950 2961 Aegypti

1026 1397 1119 1435 opus
1152 1384 1336 1432 continet,
1378 1383 1584 1422 huiusmodi
1615 1397 1683 1422 na-

1023 1454 1088 1479 ves
1123 1441 1314 1490 conspici,
1360 1445 1400 1477 ut
1427 1442 1523 1479 bene
1558 1446 1683 1479 monet

1022 1497 1184 1535 Heeren.
1204 1497 1319 1535 ldeen
1333 1501 1400 1535 etc.
1420 1498 1465 1546 ll,
1480 1500 1507 1538 2
1530 1498 1682 1548 p.374;

1024 1555 1117 1591 conf.
1150 1554 1198 1604 pl.
1229 1556 1282 1595 68
1302 1576 1358 1581 —-
1379 1557 1445 1595 71.
1511 1554 1574 1593 Tu
1604 1555 1679 1591 vid.

1026 1612 1248 1661 description
1279 1611 1326 1647 de
1355 1610 1509 1661 l‘Egyp.
1548 1610 1618 1648 vol.
1645 1610 1681 1647 ΙΙ

1027 1667 1218 1716 (Thebes)
1247 1680 1331 1717 pag.
1347 1668 1399 1708 55
1422 1681 1499 1716 seq.
1526 1668 1592 1708 57.
1613 1668 1679 1708 63.

1024 1723 1122 1761 Alias
1147 1737 1295 1773 quoque
1323 1725 1419 1760 baris
1450 1724 1585 1762 indicat
1614 1736 1681 1761 na-

1023 1781 1161 1830 vigium
1185 1795 1213 1818 s.
1242 1782 1406 1829 cymbam
1429 1794 1472 1818 ex
1490 1794 1629 1831 papyro
1650 1793 1680 1817 s.

1025 1839 1202 1875 arundine
1223 1843 1428 1875 contextam
1442 1868 1452 1885 ,
1474 1837 1599 1887 quales
1613 1849 1680 1874 na-

1024 1908 1086 1932 ves
1113 1900 1189 1931 tum
1221 1894 1306 1931 olim
1337 1894 1375 1930 in
1405 1894 1576 1944 Aegypto
1606 1895 1681 1931 fre·

1025 1956 1198 2000 quentes,
1231 1957 1306 1988 tum
1335 1951 1520 1999 hodieque
1550 1951 1587 1986 in
1605 1950 1680 1987 Ae-

1023 2008 1164 2057 thiopia
1189 2009 1340 2044 usitatas
1374 2021 1455 2045 esse
1476 2010 1681 2044 monstrant

1026 2064 1178 2101 Gesenii
1231 2065 1417 2114 disputata
1472 2065 1522 2100 ad
1571 2063 1676 2100 [esai.

1023 2120 1166 2167 XVIII,
1207 2124 1234 2161 2
1278 2133 1364 2170 pag.
1404 2121 1496 2161 577.
1554 2119 1678 2168 Atque

1024 2177 1133 2214 etiam
1150 2177 1312 2214 Ritterus
1333 2176 1468 2224 (Erdk.
1488 2176 1505 2213 I
1523 2189 1559 2226 p.
1573 2176 1675 2223 881)

1022 2233 1059 2268 in
1076 2232 1178 2269 huius
1201 2232 1268 2269 loci
1287 2238 1502 2281 argumento
1527 2245 1570 2270 eo
1595 2244 1674 2268 ma-

1022 2290 1079 2337 gis
1099 2289 1339 2326 insistendum
1356 2293 1484 2340 putat,
1515 2301 1586 2337 quo
1599 2302 1677 2326 cer-

1021 2346 1090 2381 tius
1113 2346 1198 2382 inde
1221 2346 1373 2394 intelligi
1393 2350 1516 2394 queat,
1537 2345 1676 2394 quanta

1020 2402 1247 2450 navigiorum
1270 2403 1475 2451 frequentia
1499 2415 1675 2439 commer-

1020 2459 1112 2494 cium
1133 2459 1281 2495 interius
1301 2473 1367 2509 per
1377 2459 1586 2508 Aegyptum
1603 2460 1673 2495 flo-

1018 2515 1148 2561 ruerit,
1178 2515 1283 2563 quale
1303 2517 1361 2552 vix
1390 2515 1470 2551 aliis
1501 2516 1538 2551 in
1562 2514 1674 2552 Asiae

1019 2572 1156 2618 fluviis,
1187 2572 1298 2609 Sinae
1316 2577 1426 2621 atque
1446 2571 1594 2618 Indiae,
1623 2572 1674 2608 si-

1018 2627 1102 2664 mile
1125 2628 1323 2677 quidquam
1348 2628 1561 2678 reperiatur.

1202 2713 1312 2764 Cap.
1341 2712 1493 2750 XCVH.

1071 2793 1191 2836 ἒπεοέν
1220 2792 1263 2837 δ’
1290 2796 1439 2852 ἐπέλθῃ
1473 2794 1494 2837 ὁ
1525 2799 1673 2844 Νεῖλος

1014 2849 1088 2903 τήν
1122 2850 1281 2906 χώρην]
1328 2854 1386 2893 De
1417 2854 1528 2892 verbo
1560 2853 1670 2907 ἐπέρ-

1015 2913 1157 2961 χεσθαι
1177 2912 1273 2950 conf.
1292 2911 1349 2960 H,
1375 2913 1427 2954 19
1449 2911 1536 2962 ibiq.
1554 2914 1630 2949 not.
