1759 3324
365 241 452 284 656

29 359 311 399 minumsintseo-
338 354 466 410 Ξκρῷ
504 355 593 396 τῶν
631 351 713 408 ἐγώ
762 353 806 404 ἐς
846 351 1074 406 διάπειραν
1104 351 1336 410 ἀπικόμην.

30 403 95 422 rum
114 401 249 428 (ἾΠᾪΟΪΙΒ
259 401 310 420 (Ξυ-

28 436 89 490 ἷιῗὲ.
102 427 185 455 cibus
211 430 242 455 et
258 434 312 464 [to-

761 241 1236 282 HERODOTI

1402 351 1560 411 Τρόπῳ
1590 352 1637 397 δὲ

370 430 467 488 ζόης
494 434 650 491 τοιῷδε
680 432 974 488 διαχρέωνται.
1000 436 1303 488 Συρμαΐζουσι
1331 437 1444 487 τρεῖς
1472 430 1637 488 ἡμέρας

366 511 516 566 ἐπεξῆς
548 510 682 567 μηνός
711 510 917 562 ἑκάστου,
948 511 1134 565 ἐμέτοισι
1163 511 1416 568 θηρώμενοι
1436 512 1517 568 τήν
1538 510 1635 567 ὑγι-

367 591 460 646 είην
488 590 560 633 καὶ
590 589 828 645 κλύσμασι,
869 592 1118 645 νομίζοντες
1149 588 1233 634 ἀπὸ
1262 595 1351 634 τῶν
1380 590 1636 647 τρεφόντων

367 671 517 713 σιτίων
546 667 689 719 πάσας
718 667 794 719 τοὶς
823 667 1016 720 νούσους
1056 675 1171 713 τοῖσι
1203 667 1479 725 ἀνθρώποισι
1518 671 1634 726 γίνε-
1648 672 1692 709 45

336 754 485 792 ὃσθαι.
529 747 610 790 εἰσὶ
639 747 719 802 μὲν
747 746 832 802 γάρ
863 748 938 791 καὶ
983 748 1123 800 ἄλλως
1153 748 1386 804 Αἰγύπτιοι
1413 750 1519 806 μετὰ
1554 750 1636 792 Λί-

366 830 476 883 βυας
504 824 806 882 ὑγιηρέστατοι
839 825 1018 870 πάντων
1049 825 1324 882 ἀνθρώπων,
1369 832 1458 872 τῶν
1488 827 1637 882 ὡρέων

368 904 566 959 (δοκέειν
597 905 722 961 ἐμοὶ)
758 907 945 957 εἵνεκεν,
1006 905 1074 949 ὅτι
1114 905 1168 949 οὐ
1211 907 1555 961 μεταλλάσσουσι
1593 909 1641 951 αἱ

339 979 497 1039 4ὦραι.
529 985 576 1029 ἐν
605 984 689 1041 γάρ
720 989 819 1043 τῇσι
850 987 1113 1042 μεταβολῇσι
1141 990 1255 1029 τοῖσι
1286 983 1563 1040 ἀνθρώποισι
1593 987 1640 1030 αἱ

368 1067 527 1108 νοῦσοι
555 1063 741 1120 μάλιστα
778 1066 999 1121 γίνονται,
1047 1068 1137 1108 τῶν
1174 1082 1219 1109 τε
1260 1063 1405 1109 ἄλλων
1443 1064 1633 1120 πάντων,
1650 1071 1696 1107 50

343 1145 451 1188 5καὶ
482 1143 536 1201 δή
564 1144 639 1188 καὶ
667 1148 757 1188 τῶν
785 1143 936 1202 ὠρὲων
963 1144 1160 1202 μάλιστα.
1207 1144 1545 1202 ’Λρτοφαγέουσι
1574 1146 1636 1201 δὲ,

313 1323 447 1370 tempus
467 1323 501 1356 et
519 1319 566 1356 acl
588 1324 743 1371 posteros
759 1334 968 1371 propagan-

311 1376 382 1422 da3
412 1377 449 1413 id
472 1378 571 1426 quod
591 1379 724 1428 scripto
741 1379 969 1428 potissimum

311 1433 366 1471 fit.
426 1433 546 1477 Quam
575 1435 621 1472 ob
653 1448 729 1472 rem
756 1436 865 1472 etiam
896 1435 970 1472 Ae-

313 1491 430 1541 gyptii
446 1519 457 1537 ‚
515 1495 555 1527 ut
592 1493 714 1542 pergit
751 1492 969 1540 Schweigh.‚

311 1547 481 1584 dicuntur
493 1544 724 1599 λογιώτατοι
740 1549 762 1584 i.
776 1562 807 1585 e.
819 1550 969 1585 omnium

310 1606 464 1641 maxime
480 1607 607 1653 periti,
632 1618 753 1642 rerum
774 1606 969 1654 praecipue

309 1661 585 1712 praeteritarum
605 1691 615 1709 ‚
660 1662 801 1711 patriae
819 1690 830 1708 ‚
875 1661 970 1698 anti-

311 1717 458 1767 quitatis
481 1722 548 1755 etc.
606 1718 665 1755 De
685 1731 758 1767 qua
778 1718 881 1755 huius
903 1731 970 1755 vo-

313 1774 363 1811 cis
403 1774 552 1812 notione
580 1775 734 1811 diximus
772 1774 820 1811 ad
854 1775 893 1822 Ι,
933 1777 969 1815 1.

313 1829 413 1868 Alias
435 1836 541 1868 erunt
564 1832 807 1878 disertissimi,
831 1831 971 1882 sacun-

313 1887 464 1925 dissz'mz'.
520 1888 642 1938 Atque
689 1889 837 1925 omnino
885 1889 972 1925 inde

314 1944 579 1994 Aegyptiorum
608 1945 788 1995 sapientia
816 1958 883 1995 per
915 1949 974 1981 to-

316 2005 391 2038 tam
412 2001 667 2049 antiquitatem
689 2002 793 2039 valde
812 2001 973 2039 celebra-

316 2060 377 2104 ta,
408 2061 450 2093 ut
471 2057 507 2092 in
527 2058 760 2107 proverbium
779 2059 873 2095 adeo
896 2058 974 2094 abi-

318 2114 399 2149 erit.
448 2112 506 2150 De
526 2126 599 2162 quo
618 2114 712 2150 bene
732 2115 873 2150 monuit
893 2114 972 2151 Ge-

320 2169 442 2205 senius
469 2169 506 2205 in
547 2174 755 2206 commentt.
788 2171 835 2206 ad
868 2170 972 2207 Iesai.

317 2225 421 2270 XIX,
444 2227 495 2266 12
516 2238 599 2274 pag.
633 2228 736 2273 621,
768 2229 808 2262 ut
824 2225 871 2263 αἱ]
895 2226 928 2263 h.
951 2225 974 2262 l.

316 2281 511 2331 adscripsit
538 2281 603 2318 Cr.

373 2339 454 2375 τῶν
478 2334 551 2388 ἐγώ
581 2336 621 2384 ἐς
646 2332 857 2387 διάπειραν
883 2332 974 2375 ἀπι-

315 2389 470 2443 κόμην]
503 2393 600 2436 Quos
631 2407 695 2442 ego
727 2396 877 2442 cognovi
910 2407 975 2431 seu

318 2450 519 2501 quibuscum
547 2463 610 2499 ego
647 2463 851 2498 congressus
886 2463 972 2486 sum.

319 2508 428 2544 Conf.
452 2507 506 2554 ΙΙ,
530 2509 582 2547 28
608 2506 688 2543 coll.
710 2507 747 2553 1,
767 2506 834 2546 47.
885 2506 974 2543 Mox

319 2577 400 2600 curn
427 2567 578 2600 recentt.
604 2563 690 2600 dedi
718 2560 974 2614 διαχρέωνται

318 2633 387 2670 pro
424 2618 520 2668 vulg.
552 2616 610 2668 δή
640 2617 852 2670 χρέωνται,
891 2632 973 2656 cum

318 2675 517 2727 particulae
546 2672 596 2725 δὴ
628 2676 686 2712 vix
718 2675 808 2712 ullus
837 2675 894 2712 hic
920 2675 973 2711 vi-

320 2732 450 2770 deatur
465 2745 546 2769 esse
564 2731 676 2768 locus.

376 2791 475 2840 θηρ
491 2783 523 2826 ω’
539 2802 660 2838 μενο
674 2802 688 2826 ι
704 2783 779 2837 τὴν
798 2784 968 2839 ὑγιείην]

319 2844 343 2881 ἰ.
373 2857 405 2882 e.
434 2848 605 2881 sectantes
625 2873 636 2890 ,
674 2856 809 2894 operam
833 2856 971 2880 navan-

318 2903 380 2939 tes.
438 2900 600 2939 Verbum
618 2902 851 2954 θηρᾶσθαι,
870 2901 972 2951 quod

1038 1324 1251 1358 venatorum
1275 1321 1421 1372 proprie
1444 1324 1522 1369 est,
1540 1321 1588 1358 ad
1606 1320 1695 1358 alias

1037 1391 1095 1415 res
1125 1379 1346 1425 transferri,
1383 1391 1473 1428 quas
1517 1382 1696 1415 sectamur

1039 1438 1076 1471 et
1103 1434 1232 1483 quibus
1261 1435 1367 1472 valde
1395 1435 1605 1482 studemus,
1638 1447 1696 1471 sa-

1038 1491 1084 1527 tis
1107 1495 1244 1528 notum.
1293 1491 1388 1528 Hinc
1408 1492 1577 1540 frequens
1597 1491 1697 1541 apud

1037 1547 1229 1585 Platonem
1263 1548 1309 1585 de
1335 1548 1572 1596 indagandae
1602 1548 1697 1584 veri-

1037 1604 1120 1640 tatis
1137 1605 1256 1641 studio
1276 1617 1319 1641 ac
1338 1617 1424 1641 vero
1446 1605 1526 1654 ipso
1546 1604 1696 1641 investi-

1038 1661 1174 1709 gando.
1232 1661 1315 1697 vid.
1357 1660 1531 1698 Creuzeri
1573 1660 1698 1699 laudd.

1039 1718 1088 1754 ad
1105 1717 1223 1754 Procli
1247 1721 1453 1754 commentt.
1484 1718 1522 1753 in
1550 1716 1697 1755 Platon„

1039 1772 1155 1810 Alcib.
1180 1778 1206 1811 t.
1226 1774 1241 1810 Ι
1263 1786 1350 1824 pag.
1374 1777 1465 1814 177.

1095 1828 1371 1883 ’ὑγιηρέστατοι
1410 1825 1575 1868 πάντων
1620 1824 1697 1868 ἀν·

1041 1884 1243 1938 θρώπων,
1264 1889 1346 1925 τῶν
1370 1884 1504 1936 (ὁρέων
1526 1884 1696 1937 (δοκέειν

1041 1942 1144 1995 ἐμοὶ)
1170 1941 1340 1993 εἵνεκεν]
1371 1943 1430 1979 Ad
1451 1941 1584 1992 ω’ρέων
1601 1943 1697 1980 conf.

1041 2005 1116 2037 not.
1142 2002 1188 2037 ad
1215 2001 1254 2048 I,
1278 2000 1370 2041 142.
1410 1999 1507 2037 Dedi
1529 2013 1609 2036 cum
1634 2011 1698 2037 re-

1042 2061 1149 2094 centt.
1171 2055 1322 2096 δοκέειν
1344 2054 1454 2106 ἐμοὶ,
1471 2068 1565 2105 quae
1585 2055 1697 2104 vulgo

1041 2113 1184 2149 inverso
1238 2114 1365 2149 ordine
1425 2112 1697 2149 exhibebantur.

1040 2169 1127 2219 Ipsa
1151 2170 1283 2206 locutio
1307 2168 1393 2205 satis
1416 2174 1526 2214 nota,
1556 2171 1593 2204 et
1620 2180 1699 2205 cre-

1044 2226 1142 2262 brius
1161 2238 1307 2274 quoque
1333 2224 1493 2260 adhibita
1517 2236 1539 2259 a
1559 2223 1700 2260 Pausa-

1043 2282 1104 2317 nia
1156 2281 1333 2318 Nostrnm
1379 2279 1556 2317 imitante.
1614 2280 1699 2318 Vid.

1043 2337 1208 2374 Siebelis.
1228 2338 1275 2374 ad
1289 2337 1446 2374 Pausan.
1470 2336 1517 2383 11,
1543 2335 1593 2377 14
1611 2334 1695 2387 §.2

1043 2393 1132 2439 Vll,
1170 2397 1196 2434 7
1228 2392 1264 2444 ἓ.
1287 2392 1335 2440 4,
1383 2393 1442 2429 ubi
1472 2397 1599 2429 monet
1626 2393 1698 2430 dici

1043 2447 1159 2500 ἐμοὶ
1202 2449 1269 2487 hac
1307 2450 1343 2485 in
1383 2449 1536 2486 formula
1574 2461 1698 2498 neque

1043 2522 1070 2557 μ
1084 2520 1103 2544 ο
1119 2521 1208 2544 ι.-
1219 2507 1414 2543 Caeterum
1433 2505 1481 2542 ad
1501 2518 1698 2554 argumen-

1041 2567 1116 2599 tum
1147 2562 1215 2599 loci
1253 2563 1473 2608 observant,
1505 2563 1697 2599 convenire

1040 2618 1234 2656 Herodoto
1270 2631 1349 2656 cum
1377 2619 1627 2668 Hippocrate,
1665 2617 1697 2654 si

1042 2675 1190 2724 quidem
1204 2675 1261 2711 hic
1275 2675 1422 2711 morbos
1443 2687 1486 2712 ex
1498 2677 1697 2724 tempesta-

1038 2735 1115 2767 tum
1160 2731 1420 2768 mutationibus
1467 2730 1697 2781 potissimum

1039 2788 1124 2823 oriri
1154 2788 1340 2824 docuerat.

1097 2838 1388 2897 ἀρτοφαγέουσι
1426 2839 1497 2891 δὲ,
1536 2841 1579 2881 ἐκ
1615 2843 1697 2881 τῶν
1758 2868 1759 2888 ;

1039 2893 1212 2952 ὀλυρέων
1259 2901 1465 2947 ποιεῦντες
1521 2895 1693 2951 ἄρτους]
1757 2909 1759 2917 ¹
