1805 3315
637 233 855 273 CLIO.
909 233 937 272 1.

1354 235 1436 275 121

128 349 363 395 5ἕλκουσαν
390 343 585 400 σταθμὸν
612 343 803 388 τάλαντα
841 342 957 387 δέκα.
989 335 1118 393 οὗτος
1147 339 1171 385 ὁ
1191 340 1317 395 λέων,
1345 342 1438 386 ἐπεί

151 445 195 472 τε
215 427 459 472 κατεκαίετο
498 423 522 467 ὁ
553 423 600 467 ἐν
614 427 829 480 Δελφοῖσι
854 421 979 479 νηός,
1009 419 1213 466 κατέπεσε
1233 418 1318 464 ἀπὸ
1347 424 1438 464 τῶν

149 505 457 564 ἡμιπλινθίων·
498 501 567 546 ἐπὶ
594 501 679 559 γάρ
710 500 906 546 τούτοισι
933 503 1108 557 ἵδρυτο·
1139 500 1214 545 καὶ
1243 503 1329 544 νῦν
1354 505 1482 544 κεῖ-65

149 601 219 628 ται
246 583 293 627 ἐν
319 585 380 641 τῷ
401 583 657 638 Κορινθίων
676 585 904 638 θησαυρῷ,
937 580 1074 624 ἕλκων
1095 579 1295 636 σταθμόν
1314 580 1434 637 ἕβδο-

146 678 231 720 μον
257 660 562 719 ἡμιτάλαντον.
605 659 797 718 ἀπετάκη
828 659 912 717 γὰρ
942 658 1081 704 αὐτοῦ
1109 659 1317 714 τέταρτον
1344 657 1437 716 ἡμι-

36 744 100 791 51
145 740 372 786 τάλαντον.
400 741 667 794 Ἐπιτελέσας
696 741 742 785 δὲ
772 739 795 785 ὁ
824 743 1019 795 Κροῖσος
1047 743 1185 784 ταῦτα
1215 737 1436 795 ἀπέπεμπε

145 820 188 872 ἐς
210 819 434 877 Δελφούς·
466 822 539 866 καὶ
566 820 669 866 τάδε
699 819 809 865 ἄλλα
839 820 929 877 ἅμα
947 824 1072 864 τοῖσι·
1101 823 1318 878 κρητῆρας
1348 817 1481 863 δύοῗο

144 899 327 957 μεγάθεϊ
350 900 586 958 μεγάλους,
617 901 805 958 χρύσεον
827 901 901 945 καὶ
929 898 1169 956 ἀργύρεον·
1198 904 1287 943 τῶν
1310 898 1334 943 ὁ
1353 899 1433 955 μὲν
1478 906 1532 950 24

146 977 330 1036 χρύσεος
355 980 497 1025 ἐκέετο
528 981 597 1025 ἐπὶ
627 981 744 1034 δεξιοὶ
774 978 936 1026 ἐσιόντι
975 980 1018 1032 ἐς
1046 978 1125 1023 τὸν
1153 978 1286 1037 νηόν,
1330 977 1354 1025 ὁ
1386 979 1433 1023 δὲ

123 1058 364 1116 Ξοῖργύρεος
399 1058 470 1105 ἐπ’
502 1057 722 1118 ἀριστερά.
760 1058 1102 1118 μετεκινήθησαν
1131 1060 1178 1105 δὲ
1206 1059 1281 1103 καὶ
1309 1053 1435 1103 οὗτοι

103 1244 199 1284 infra
216 1246 255 1295 Ι,
273 1247 328 1289 84
349 1246 640 1297 relatalegimus.
659 1245 758 1285 Nam

104 1302 154 1339 ad
181 1302 336 1341 solarem
366 1303 497 1341 cultum
527 1305 759 1353 siderumque

102 1360 373 1397 venerationem
383 1359 525 1397 leonem
537 1361 669 1408 facere,
686 1373 758 1409 quo

102 1414 217 1452 solem
247 1416 392 1465 signum
422 1415 560 1454 Leonis
590 1418 628 1454 in
656 1416 757 1455 coelo

102 1472 297 1510 intrantem
338 1473 564 1522 designarint
601 1477 758 1521 veteres,

102 1540 198 1565 nunc
217 1529 306 1566 satis
337 1533 490 1567 constat.
548 1531 653 1569 Haec
681 1531 758 1567 suf-

101 1584 226 1621 ficiant
246 1598 363 1636 pauca
384 1587 421 1624 in
439 1600 502 1636 re,
531 1601 627 1638 quae
653 1587 758 1624 altio-

101 1640 152 1678 ris
174 1645 231 1678 est
265 1642 448 1692 indaginis
462 1672 473 1691 ,
503 1657 613 1694 quam
636 1648 677 1681 ut
700 1643 758 1681 hic

103 1696 252 1747 copiose
269 1700 401 1749 exponi
425 1705 556 1749 queat,
583 1701 645 1738 ubi
665 1700 758 1736 ratio

104 1757 183 1791 erat
203 1754 412 1804 afferenda,
442 1769 524 1794 cum
540 1757 681 1795 leonem
691 1769 759 1807 po-

103 1810 282 1848 tissimum
304 1824 327 1848 a
346 1812 487 1850 Croeso
495 1813 661 1864 Delphos
671 1813 758 1850 mis-

103 1878 207 1914 sum,
235 1879 304 1906 nec
333 1868 434 1906 aliud
463 1870 651 1921 quidpiam
680 1883 758 1908 cre-

103 1921 214 1961 dibile
234 1923 291 1962 sit.
345 1924 407 1962 Tu
426 1926 563 1964 consul.
585 1927 757 1964 Creuzer.

105 1978 142 2016 in
160 1979 323 2029 Symbol.
341 1981 375 2019 II
393 1995 481 2033 pag.
507 1985 590 2026 230
615 1996 719 2033 seqq.
739 2011 743 2015 .

160 2062 354 2106 ἕλκουσαν
382 2063 565 2118 σταθμὸν
587 2063 761 2107 τάλαντα

104 2116 222 2168 δέκα]
262 2121 305 2159 In
347 2123 508 2162 Bekkeri
545 2123 710 2163 Anecdd.
741 2125 759 2162 I

103 2189 141 2227 p.
162 2176 239 2226 94,
262 2181 316 2221 26
352 2179 442 2218 haec
477 2180 667 2231 leguntur:
701 2180 758 2221 ἕλ-

104 2246 165 2272 κει
181 2231 374 2286 σταθμόν·
387 2231 477 2276 α’ντὶ
490 2240 567 2277 τοῦ
580 2235 677 2292 ἄγει·
700 2237 759 2278 ἐκ·

106 2285 322 2340 βάλλουσιν
342 2291 396 2341 ὥς
412 2289 608 2347 ἀδόκιμον
621 2305 630 2315 ·
649 2289 761 2348 Ἡρό-

107 2345 221 2395 δοτος
240 2344 400 2405 πρώτῳ.

162 2442 249 2485 ἐπεί
267 2460 307 2486 τε
328 2446 554 2487 κατεκαίετο
567 2445 592 2488 ὅ
612 2445 656 2487 ἔν
665 2449 760 2487 Δελ-

109 2504 222 2550 φοῖσι
239 2499 354 2554 νηὸς]
382 2502 416 2542 Α
443 2504 695 2543 Phocensibus
723 2505 761 2542 in

107 2556 202 2595 bello
219 2572 322 2597 sacro
348 2561 438 2599 haec
460 2561 612 2599 donaria
639 2560 760 2598 ablata

109 2625 192 2651 esse
211 2620 334 2653 auctor
346 2621 402 2654 est
410 2617 563 2655 Diodor.
578 2617 678 2665 XVI,
692 2617 758 2659 56·

67 2692 78 2706 2
110 2667 307 2721 Detemplo
315 2672 493 2724 Delphico
505 2675 661 2712 flammis
672 2687 760 2711 con-

112 2729 229 2762 sumto
249 2727 387 2767 Noster
412 2729 469 2777 II,
487 2732 567 2773 180
577 2762 588 2779 ,
605 2730 667 2768 ubi
684 2731 756 2767 vid.

113 2783 188 2837 not.
217 2781 314 2822 Nam
329 2785 452 2823 incidit
467 2786 537 2824 hoc
553 2788 593 2825 in
608 2787 756 2837 Olymp.

112 2834 254 2885 LVIII,
274 2841 296 2879 1
315 2842 484 2880 archonte
493 2841 665 2881 Erxilide.
684 2843 759 2881 Ve-

113 2895 172 2928 tus
192 2894 361 2945 templum
379 2909 402 2936 a
413 2897 628 2951 Trophonio
647 2902 758 2951 atque

824 1244 1016 1296 Agamede
1039 1249 1258 1284 exstructum
1285 1246 1478 1285 ferebatur.

825 1303 970 1341 Recens
1023 1303 1124 1352 quod
1172 1302 1481 1354 Amphictyonum

825 1360 926 1396 iussu
954 1359 1000 1396 ab
1032 1358 1302 1397 Alcmaeonidis
1339 1363 1480 1398 exstru-

825 1420 922 1454 ctum
941 1420 998 1454 est
1014 1416 1185 1466 templum
1197 1446 1208 1464 ‚
1221 1417 1343 1468 priore
1353 1415 1477 1466 splen-

825 1474 945 1510 didius
967 1484 1010 1509 ac
1026 1473 1339 1521 magnificentiuS‚
1369 1485 1481 1522 supra

825 1530 951 1567 urbem
973 1529 1041 1566 suit
1067 1530 1173 1566 situm
1196 1529 1398 1580 amplisque
1417 1542 1480 1567 ve-

826 1586 968 1623 stibulis
988 1586 1134 1624 atriisve
1157 1591 1335 1624 ornatum.
1394 1585 1478 1623 Vid.

824 1642 948 1680 Kruse
967 1642 1093 1680 Hellas
1112 1643 1158 1691 ΙΙ,
1180 1647 1206 1685 2
1221 1656 1308 1694 pag.
1326 1645 1391 1684 36.
1412 1643 1479 1684 37.

882 1707 949 1749 ε’πὶ
985 1706 1059 1762 γάρ
1099 1706 1276 1750 τούτοισι
1317 1710 1479 1762 ἵδρυτο]

827 1766 940 1810 Quod
966 1765 1166 1815 lateribus,
1211 1780 1278 1805 nec
1309 1767 1368 1804 alii
1401 1766 1482 1804 basi

826 1822 965 1860 solidae
982 1836 1015 1860 v.
1039 1836 1069 1860 c.
1089 1823 1202 1874 lapidi
1218 1823 1409 1861 metallove
1420 1835 1482 1859 so-

826 1879 900 1916 lido
920 1878 977 1917 leo
995 1880 1065 1918 iste
1085 1880 1386 1931 superimpositus
1402 1880 1483 1927 fuit,

826 1937 863 1973 in
885 1948 930 1974 eo
951 1936 1082 1988 respici
1106 1936 1233 1974 volunt
1260 1949 1398 1974 morem
1418 1948 1481 1974 ae-

827 1993 1020 2041 dificandi,
1050 1994 1112 2044 qui
1138 1994 1315 2030 Sardibus
1333 1992 1482 2031 omnino

828 2049 1003 2098 obtinuit,
1061 2050 1124 2087 ubi
1163 2049 1328 2100 singulae
1367 2051 1480 2088 aedes

827 2119 903 2143 non
921 2105 1122 2157 lapidibus,
1151 2108 1220 2144 sed
1250 2106 1396 2144 calamis
1424 2105 1482 2144 vel

826 2162 998 2200 lateribus
1017 2163 1127 2201 coetis
1146 2167 1349 2202 exstructae
1365 2166 1479 2201 erant.

828 2219 912 2257 Vid.
940 2220 1121 2258 Herodot.
1144 2220 1192 2269 V,
1222 2222 1313 2261 101.
1339 2217 1483 2256 Antho-

827 2276 902 2325 log.
926 2276 988 2313 Br.
1004 2276 1060 2325 ΙΙ,
1083 2277 1175 2318 157.
1213 2277 1324 2314 Hunc
1341 2289 1482 2313 morem

828 2337 975 2371 secutus
992 2333 1155 2371 Croesus
1171 2333 1288 2371 leonis
1309 2333 1414 2371 basin
1432 2332 1482 2369 si-

828 2390 903 2428 mili
939 2390 1049 2427 modo
1086 2403 1108 2429 e
1143 2390 1317 2428 lateribus
1346 2389 1482 2437 effecit,

829 2458 955 2485 verum
983 2460 1058 2484 non
1089 2447 1221 2495 coctis,
1251 2447 1318 2485 sed
1348 2446 1479 2484 aureis.

831 2504 999 2547 Quatuor
1016 2503 1148 2542 lateres
1165 2504 1247 2554 puri
1267 2503 1345 2541 auri
1369 2515 1481 2552 supe-

828 2560 961 2597 riorem
981 2560 1018 2597 in
1051 2560 1132 2597 basi
1157 2559 1296 2608 locum,
1325 2559 1382 2596 cui
1406 2558 1479 2609 ipsi

827 2615 884 2655 leo
904 2620 1172 2667 superstructus
1193 2620 1290 2664 erat,
1316 2616 1480 2653 tenuisse

827 2674 1014 2722 videntur,
1043 2673 1173 2722 reliqui
1201 2672 1333 2710 lateres
1355 2672 1481 2710 inferi-

825 2742 1004 2768 orem.--
1022 2729 1082 2767 De
1105 2729 1378 2767 Corinthiorum
1397 2729 1479 2766 the-

825 2799 934 2824 sauro
952 2786 1024 2824 vid.
1049 2790 1140 2824 nott.
1174 2786 1223 2823 ad
1249 2785 1284 2834 I,
1315 2784 1369 2827 14
1397 2784 1478 2823 coll.

824 2842 1005 2881 Plutarch.
1020 2843 1068 2882 de
1076 2842 1182 2893 Pyth.
1196 2843 1324 2881 Oraec.
1335 2855 1373 2894 p.
1382 2841 1480 2889 400,
