1759 3324
329 265 414 304 314

726 256 1194 299 HERODOTI

329 370 466 429 ταύτῃ
510 370 556 415 δὲ
592 369 706 414 πλέω
745 372 872 414 δαῖτα
910 371 999 412 τῶν
1035 366 1179 411 ἄλλων
1209 368 1421 411 δικαιεῦσι
1450 366 1592 418 προτί·
1605 372 1650 407 55

330 455 512 495 θέσθαι·
543 449 590 493 έν
614 453 669 507 τῇ
699 451 743 493 οἱ
771 447 1027 504 εὐδαίμονες
1060 445 1207 492 αὐτῶν
1233 449 1345 503 βοῦν
1365 444 1440 487 καὶ
1458 445 1596 488 ἵππον

330 530 404 575 καὶ
433 528 630 586 κάμηλον
659 530 730 573 καὶ
769 528 876 573 ὄνον
905 531 1212 583 προτιθέαται,
1261 524 1391 574 ὅλους
1431 521 1596 574 ὀπτούς

329 609 378 653 ἐν
405 610 649 665 καμίνοισι·

701 609 745 650 οἱ
774 607 819 651 δὲ
848 606 1025 663 πένητες
1062 605 1211 650 αὐτῶν
1247 604 1298 648 τὰ
1339 601 1470 646 λεπτὰ
1508 605 1597 645 τῶν

303 686 571 744 3προβάτων
598 685 893 742 προτιθέαται.
925 687 1081 730 σίτοισι
1105 684 1151 728 δὲ
1173 681 1359 739 ὀλίγοισι
1374 681 1597 738 χρέωνται,

331 764 627 823 ἐπιφορήμασι
658 766 704 809 δὲ
732 769 964 817 πολλοῖσι,
1005 765 1080 808 καὶ
1121 761 1204 807 οὐκ
1242 761 1379 805 ἁλέσι·
1422 760 1496 805 καὶ
1525 759 1652 804 διὰ60

332 850 462 890 τοῦτο
499 845 609 902 φασὶ
646 843 817 900 Πέρσαι
874 842 1014 896 7,τούς
1052 843 1268 898 ’Έλληνας
1308 840 1594 896 σιτεομένους,

333 1051 376 1092 ἐν
395 1053 446 1106 τῇ
472 1051 515 1091 οἷ
542 1045 754 1101 εὐδαίμονι·
757 1065 777 1096 ς
798 1046 930 1089 αὐτων

275 1125 312 1150 u
329 1124 363 1150 τ.
382 1112 432 1156 L]
464 1108 505 1149 οἱ
526 1102 758 1158 εὐδαίμονες
774 1112 857 1144 sunt
874 1107 931 1145 ᾱί-

275 1169 388 1215 vites,
417 1165 666 1216 opulentzores,
705 1169 747 1200 ut
769 1164 863 1201 infra
885 1163 932 1210 V

275 1227 317 1269 8.
347 1223 471 1261 Latini
489 1221 605 1260 beatos
623 1220 819 1272 appellant.
849 1220 933 1257 Vid.

276 1279 449 1319 Larcher.
466 1279 516 1317 ad
540 1278 576 1316 h.
599 1277 622 1315 l.
680 1277 722 1314 In
748 1290 852 1326 seqq.
884 1277 932 1314 ad

276 1339 431 1375 formam
459 1333 722 1388 προτιθέαται
748 1335 842 1371 conf.
870 1347 932 1371 su-

277 1393 402 1445 pral,
439 1395 523 1460 119,
557 1388 817 1443 παρετιθέατο
844 1390 930 1439 ibiq.

278 1454 355 1488 not.
384 1470 441 1477 -—-
471 1443 667 1496 αυτέων,
698 1448 799 1497 quod
823 1460 867 1485 ex
895 1446 931 1484 h.

278 1507 301 1544 l.
332 1506 458 1543 laudat
497 1503 696 1555 Mat1h.§.
723 1507 771 1545 11
807 1508 884 1541 not.
909 1507 936 1544 2

279 1576 365 1615 pag.
387 1563 442 1604 52
466 1563 684 1599 mutavimus
715 1573 795 1598 cum
817 1560 934 1596 Gaisf.

279 1621 316 1658 in
339 1615 421 1659 αὐτ
435 1621 468 1658 ὦ
479 1633 503 1659 ν
531 1632 553 1657 e
575 1616 936 1656 Schellershemiano.

337 1700 387 1743 τοὶ
407 1693 528 1742 ’λεπτοὶ
545 1704 627 1742 τῶν
644 1697 884 1754 προβάτων]
909 1701 931 1738 i.

280 1775 311 1799 e.
339 1774 439 1809 oves,
469 1773 617 1810 caprae,
648 1771 807 1809 omneque
827 1771 935 1808 pecus

279 1820 415 1866 minus,
445 1817 494 1855 du
514 1829 613 1854 metm
633 1815 760 1863 be'tail,
782 1819 821 1852 ut
839 1814 935 1851 Galli

279 1875 451 1912 reddunt.
508 1873 653 1911 Eodem
700 1874 777 1910 fere
825 1871 935 1908 modo

280 1931 481 1969 Pausanias
506 1930 559 1967 IX
572 1958 583 1978 ,
603 1931 629 1970 3
657 1925 705 1968 τοὶ
726 1923 935 1978 λεπτότερα

279 1990 362 2026 τῶν
392 1982 618 2038 προβάτων.
676 1984 849 2033 Namque
871 1995 936 2020 ve-

280 2044 416 2081 teribus
465 2044 609 2094 quaevis
651 2054 801 2091 pecora,
842 2040 935 2076 inter

281 2100 465 2138 edendum
485 2103 640 2148 quatuor
665 2098 819 2148 pedibus
840 2109 935 2146 προ-

281 2155 493 2207 βαίνοντα,
539 2149 722 2205 πρόβατα
763 2153 935 2190 dioeban-

281 2217 350 2250 tur,
389 2212 485 2248 Sunt
506 2209 732 2248 Valckenarii
754 2209 864 2246 verba
886 2208 935 2245 ad

281 2268 421 2306 Herod.
440 2267 504 2314 IV,
517 2269 584 2314 61,
610 2267 670 2304 ubi
689 2270 800 2303 testes
815 2265 934 2302 Grae-

282 2338 342 2363 cos
362 2324 466 2361 huius
489 2322 762 2372 significationis
778 2322 934 2360 adiicere

282 2381 380 2419 haud
409 2379 578 2429 neglexit.
637 2378 745 2416 Conf.
781 2378 875 2415 infra
901 2377 932 2425 I,

285 2439 365 2479 188
385 2437 464 2474 init.
484 2437 586 2483 203,
616 2435 744 2485 quibus
764 2435 852 2472 locis
870 2435 936 2472 be-

282 2507 330 2531 ne
358 2507 443 2532 usus
479 2496 533 2530 est
559 2492 674 2541 Ilgen.
713 2491 760 2529 ad
796 2491 935 2540 Hymn.

282 2550 432 2587 Homer.
454 2562 540 2599 pag.
560 2548 640 2590 479
658 2561 731 2598 quo
751 2548 936 2598 probaret,

283 2601 462 2656 πρόβατα
482 2618 563 2642 esse
575 2605 688 2642 omnis
701 2605 845 2654 generis
858 2605 936 2642 ani-

283 2662 391 2701 malia
411 2662 674 2713 quadrupedia.

340 2746 483 2786 σίτοισι
515 2743 558 2785 δὲ
590 2739 758 2796 ὀλίγοισι
787 2767 841 2774 -—
870 2744 939 2785 καὶ

286 2798 362 2844 οὐκ
385 2801 516 2853 οἵλέσι]
548 2798 826 2854 ἐπιφόρηματα
854 2807 938 2840 sunt

284 2859 432 2898 bellaria
445 2889 456 2907 ‚
487 2859 661 2910 opsonia,
701 2871 938 2908 quaecunque

285 2918 321 2953 in
362 2917 496 2955 mensis
538 2915 723 2963 secundis,
766 2916 936 2966 prunario

1000 1049 1082 1086 cibo
1103 1052 1242 1095 sumto,
1260 1049 1513 1097 apponuntur,
1536 1044 1654 1082 Grae-

1001 1107 1050 1144 cis
1068 1105 1155 1142 alias
1186 1107 1316 1141 vocata
1340 1102 1655 1153 ἐπιδορπίσματα

1003 1167 1040 1201 et
1069 1156 1321 1214 τραγήματα,
1356 1163 1505 1197 auctore
1532 1158 1656 1206 Hesy-

1001 1219 1091 1258 chio.
1149 1218 1217 1255 His
1248 1229 1364 1266 quam
1402 1215 1563 1267 plurimis
1602 1213 1655 1250 uti

999 1275 1130 1313 Persas
1151 1273 1289 1312 Noster
1311 1272 1399 1310 dicit
1426 1272 1526 1309 haud
1553 1269 1656 1308 aliter

998 1333 1076 1370 sere
1095 1335 1206 1380 atque
1225 1329 1336 1367 multo
1357 1332 1453 1380 post,
1473 1326 1654 1365 Ammian.

999 1387 1161 1426 Marcell.
1175 1386 1311 1433 XXIII,
1331 1389 1355 1427 6
1380 1385 1480 1437 §.77
1501 1384 1584 1433 (ubi
1609 1384 1655 1421 cf.

1000 1445 1136 1492 Vales.,
1154 1447 1327 1481 monente
1347 1442 1448 1491 Cr.)‚
1479 1441 1536 1478 sed
1549 1441 1654 1477 mini-

1002 1514 1054 1540 me
1070 1500 1235 1552 confertis
1252 1513 1287 1549 q.
1300 1511 1332 1537 e.
1353 1498 1420 1537 καὶ
1438 1493 1512 1538 οὔκ
1525 1495 1657 1546 ἁλέσις

1004 1563 1187 1609 quatenus
1224 1556 1396 1607 cupedias
1436 1560 1473 1593 et
1503 1554 1658 1592 bellaria

1004 1615 1118 1654 multa
1144 1614 1269 1662 utique
1288 1613 1326 1648 in
1344 1624 1505 1650 mensam
1523 1611 1657 1648 infere-

1006 1672 1117 1719 bant,
1147 1670 1215 1709 sed
1231 1683 1297 1706 non
1325 1669 1508 1719 confertim
1531 1669 1657 1705 omnia.

1002 1729 1065 1766 Sic
1084 1729 1178 1766 bene
1196 1725 1314 1763 locum
1333 1725 1493 1777 expediit
1503 1723 1657 1761 lVesse-

1003 1785 1157 1834 lingius,
1196 1795 1308 1834 prave
1361 1782 1446 1820 olim
1486 1780 1658 1830 seriptum

1005 1840 1092 1891 (καὶ
1114 1835 1164 1880 ov’
1191 1839 1374 1887 καλοῖσι)
1407 1842 1444 1876 et
1469 1836 1657 1875 infeliciter

1003 1902 1181 1936 tentatum
1210 1908 1233 1933 a
1253 1895 1336 1932 viris
1355 1895 1483 1932 doctis.
1540 1889 1658 1943 Ἄλης

1002 1954 1070 1992 hac
1122 1952 1387 2001 significatione
1430 1950 1591 1989 invenies
1627 1949 1658 1997 I,

1006 2011 1098 2051 196.
1127 2009 1192 2056 IV,
1213 2007 1292 2049 184
1311 2012 1378 2045 etc.
1409 2007 1519 2051 Quod
1536 2005 1658 2055 sequi-

1002 2070 1060 2103 tur
1081 2066 1215 2102 dictum
1243 2063 1438 2101 Persarum
1468 2064 1516 2101 de
1539 2063 1658 2100 Grae-

1003 2122 1052 2160 cis
1086 2121 1346 2168 coenantibus,
1392 2123 1443 2157 ita
1479 2119 1659 2169 accipien-

1003 2180 1090 2216 dum
1114 2183 1190 2226 est,
1220 2178 1406 2224 Graecos,
1437 2177 1524 2214 dum
1537 2175 1657 2213 cibum

1002 2240 1208 2282 sumerent,
1249 2233 1384 2271 esurire
1412 2234 1578 2272 desinere
1608 2231 1657 2280 (s.

1004 2292 1166 2330 Graecos
1205 2290 1317 2328 finem
1353 2291 1487 2328 edendi
1523 2291 1659 2336 facere,

1002 2349 1087 2386 dum
1112 2348 1229 2386 adhuc
1260 2346 1478 2395 esurirent),
1506 2349 1659 2396 propte-

1002 2418 1065 2443 rea
1095 2405 1195 2454 quod
1227 2403 1348 2440 statim
1385 2407 1470 2454 post
1507 2413 1658 2439 coenam

1002 2466 1158 2499 sumtam
1175 2460 1263 2498 nihil
1275 2463 1463 2510 praeterea
1475 2457 1658 2508 (opsonii)

1002 2519 1091 2569 ipsis
1121 2520 1386 2568 apponeretur,
1420 2516 1521 2565 quod
1548 2514 1660 2551 alicu-

1003 2575 1058 2613 ius
1078 2579 1176 2613 esset
1193 2572 1366 2611 momenti
1388 2577 1450 2609 aut
1469 2571 1598 2622 pretii;
1627 2570 1658 2607 si

1003 2645 1088 2670 vero
1107 2631 1195 2680 quid
1215 2633 1460 2680 apponeretur
1474 2627 1658 2665 huiusmo-

1007 2689 1045 2726 di
1057 2717 1067 2736 ,
1094 2701 1157 2726 eos
1177 2699 1252 2724 non
1265 2689 1466 2723 cessaturos
1479 2686 1559 2722 fore
1570 2683 1659 2733 quin

1006 2746 1158 2783 ederent
1184 2742 1242 2791 (s.
1272 2754 1347 2779 non
1376 2742 1486 2778 finem
1525 2739 1659 2778 edendi

1004 2803 1185 2847 facturos,
1215 2799 1334 2836 donec
1362 2798 1483 2835 satiati
1503 2796 1656 2844 essent).

1005 2878 1061 2888 --·
1089 2852 1186 2896 ’Ano‘
1220 2855 1385 2894 δείπνου
1421 2855 1550 2892 eodem
1583 2854 1661 2890 sere

1005 2919 1134 2966 pacto,
1163 2925 1235 2963 quo
1259 2912 1293 2959 l,
1318 2914 1408 2952 126.
