1759 3324
509 250 930 292 EUTERPE.
988 252 1035 289 Ιῐ.

1323 253 1408 293 589

122 364 360 417 2,,πυέντας
390 361 524 418 σφέας
552 363 921 416 καταφονεῦσαι.“
960 359 1080 416 Ἐμοὶ
1107 358 1189 416 μέν
1215 375 1300 402 νυν
1329 362 1404 404 δο-

149 443 318 492 κέουσι,
347 443 486 483 ταῦτα
515 439 732 494 λέγοντες,
762 443 839 494 τῆς
866 440 1117 495 Αἰγυπτίων
1148 436 1306 494 φύσιος
1329 440 1404 482 καὶ

118 524 237 564 3τῶν
261 519 407 573 νόμων
427 517 606 575 πάμπαν
635 517 823 573 ἀπείρως
855 517 967 574 ἔχειν
984 519 1028 562 οἱ
1045 517 1258 574 Ἕλληνες.
1289 522 1404 562 τοῖσι
1415 525 1461 559 95

144 597 226 653 γὰρ
259 596 361 640 οὐδὲ
389 597 545 653 κτήνεα
576 597 673 652 ὁσίη
703 595 833 640 θύειν
862 595 974 649 ἐστὶ,
1015 597 1146 653 χωρὶς
1173 595 1291 650 ὑῶν,
1330 598 1404 640 καὶ

143 675 330 729 ἐρσένων
359 678 477 731 βοῶν
505 677 578 719 καὶ
606 675 801 733 μόσχων,
838 675 938 720 ὅσοι
968 674 1024 719 ἂν
1053 677 1245 732 καθαροὶ
1288 676 1403 729 ἔωσι,

114 755 215 797 ‘tuoni
243 755 426 810 χηνέων,
465 758 551 807 κῶς
581 755 637 799 ἂν
668 750 792 800 οὗτοι
822 754 1090 810 ἀνθρώπους
1116 754 1291 806 θύοιεν,
1341 755 1403 800 ἔτι

143 833 189 876 δὲ
219 833 295 877 ἕνα
324 833 450 878 ἐόντά
478 835 556 879 τὸν
586 834 822 891 ‘Haemum
860 835 933 878 καὶ
961 834 1021 878 ἔτι
1051 833 1309 890 ἄνθρωπον,
1341 833 1400 887 οἷς
1458 850 1539 890 126

141 911 195 967 δή
223 924 353 968 φασι,
402 917 490 965 κῶς
520 916 658 970 φύσιν
687 914 769 969 ἔχει
797 914 956 965 πολλὰς
991 913 1207 971 μυριάδας
1236 920 1402 970 φονεῦ-

141 1002 235 1041 σαις
286 992 373 1036 Καὶ
402 993 499 1048 περὶ
528 993 607 1049 μὲν
640 991 809 1036 τούτων
842 996 1035 1036 τοσαῦτα
1071 991 1175 1049 ἡμῖν
1214 995 1398 1048 εἰποῦσι,

138 1070 212 1112 καὶ
241 1069 358 1126 παρὰ
387 1076 473 1116 τῶν
500 1076 619 1117 θεῶν
649 1072 722 1116 καὶ
749 1071 880 1132 παρὰ,
899 1075 988 1116 τῶν
1014 1071 1173 1129 ἡρώων
1201 1072 1424 1130 εὐμένεια1

141 1150 215 1204 εἴη.

123 1321 347 1374 χωρὶςύῶν,
359 1321 425 1362 καὶ
437 1320 606 1375 ἐρσένων
623 1324 731 1375 βοῶν

80 1393 114 1416 κ.
126 1394 157 1417 τ.
167 1378 216 1429 L]
246 1379 417 1431 Aegyptii
433 1393 512 1417 cum
532 1394 614 1418 sues
628 1393 731 1418 aver-

81 1436 149 1472 sati
177 1437 267 1484 sint,
298 1450 388 1485 quas
413 1449 486 1473 uno
514 1440 656 1474 tantum
676 1438 729 1474 fe-

81 1495 136 1528 sto
158 1492 285 1530 Lunae
311 1494 541 1540 mactabant,
583 1497 622 1530 ut
649 1492 729 1530 No-

81 1551 154 1586 ster
179 1550 308 1586 asserit
327 1550 420 1586 infra
438 1549 483 1596 Il,
504 1549 571 1597 47,
601 1549 731 1599 aliique

80 1608 261 1642 testantur
277 1607 483 1656 scriptores,
502 1606 636 1642 mavult
646 1605 731 1642 Val-

80 1661 270 1698 ckenarius
291 1675 357 1711 pro
387 1660 473 1699 ύῶυ
502 1663 652 1699 rescribi
674 1657 731 1700 ὀί·-

81 1731 156 1764 ων,
186 1721 226 1754 ut
254 1731 331 1755 oves
360 1717 602 1766 intelligantur
631 1731 730 1755 suum

77 1773 170 1810 loco.
230 1774 340 1817 Quod
374 1787 454 1810 cum
487 1774 732 1812 Schellershe-

77 1830 217 1866 mianus
250 1830 341 1868 liber
368 1831 602 1880 comprobare
629 1831 730 1867 vide-

77 1890 176 1924 retur
203 1886 373 1924 exhibens
393 1886 500 1933 οἴων,
514 1891 729 1936 receperunt

77 1942 280 1992 Schweigli.
302 1947 412 1991 atque
432 1943 638 1989 Gaisford.;
659 1956 726 1980 nos

78 2011 99 2035 a
124 1999 272 2048 vulgata
299 2003 394 2036 stare
422 1999 632 2046 maluimus,
670 2000 728 2036 cui

79 2055 165 2092 satis
193 2068 237 2092 ea
263 2055 343 2105 ipsa
364 2056 580 2105 patrocinari
605 2056 729 2092 statuit

75 2110 295 2158 Larcherus,
327 2124 421 2160 quae
441 2112 495 2158 Il,
514 2111 567 2152 47
590 2125 728 2149 memo-

75 2172 208 2204 rantur.
238 2167 297 2205 De
315 2168 433 2204 bobus
453 2169 500 2205 ad
516 2169 728 2205 sacrificium

76 2224 246 2261 adhibitis
273 2224 344 2260 vid.
368 2237 477 2275 supra
499 2224 553 2271 ΙΙ,
572 2225 627 2264 38
648 2238 724 2274 seq.

131 2282 209 2326 κῶς
242 2275 294 2318 ‹322›
332 2274 442 2319 οὗτοι
480 2275 727 2330 οἷνθρώπους

77 2333 241 2387 θύοιεν]
271 2336 453 2374 Herodoti
484 2337 633 2386 quidem
664 2351 725 2374 ae-

75 2397 150 2430 tate
167 2394 213 2430 ab
231 2392 424 2444 Aegyptiis
445 2394 590 2430 minime
611 2393 725 2430 homi-

75 2462 139 2486 nes
157 2462 236 2486 esse
247 2454 426 2486 mactatos
440 2462 637 2498 sanequam
650 2463 727 2487 cre-

78 2505 204 2542 damus
221 2505 303 2543 licet
323 2506 494 2543 historiae
511 2507 617 2556 patri,
646 2519 726 2543 cum

78 2560 149 2597 iam
172 2565 278 2599 antea
308 2561 450 2599 Amasis
477 2575 541 2599 rex
568 2561 726 2600 humana

80 2617 249 2654 sacrificia
264 2630 330 2667 per
350 2618 557 2668 Aegyptum
578 2619 726 2667 quibus-

80 2672 164 2708 dam
182 2671 266 2709 locis
293 2674 372 2711 fieri
399 2674 505 2711 solita
529 2674 727 2722 sustulerit,

79 2731 116 2764 et
135 2728 280 2765 omniuo
303 2729 496 2768 Persarum
521 2732 727 2781 occupatio-

79 2795 125 2819 ne
142 2783 178 2819 in
201 2783 298 2822 hisce
317 2786 430 2824 multa
457 2791 597 2824 mutata
613 2788 726 2826 fuisse

78 2851 253 2888 perquam
284 2841 346 2878 fiat
375 2842 555 2880 credibile.
615 2844 726 2887 Quod

80 2894 176 2932 enim
192 2894 250 2932 alii
264 2899 443 2935 testantur
455 2899 645 2949 scriptores
663 2913 726 2938 ve-

797 1327 907 1372 teres,
937 1324 1021 1362 olim
1039 1337 1104 1375 per
1119 1322 1327 1375 Aegyptum
1345 1326 1381 1362 in
1394 1338 1455 1363 sa-

798 1381 867 1417 cris
889 1393 1015 1419 caesos
1037 1382 1147 1418 fuisse
1167 1381 1354 1428 homines,
1384 1382 1454 1419 hoc

797 1437 1013 1475 confirmant
1042 1450 1105 1484 ea,
1150 1450 1244 1487 quae
1271 1438 1309 1475 in
1339 1439 1455 1489 hypo-

797 1494 897 1542 gaeis
925 1493 1158 1543 Aegyptiacis
1179 1499 1455 1544 repraesentata

799 1551 1037 1600 conspicimus
1071 1550 1246 1587 sacrificia
1282 1550 1451 1588 humana.

799 1608 904 1643 Conf.
924 1607 1144 1656 lVesseliug.
1168 1608 1216 1644 ad
1243 1607 1277 1643 h.
1300 1608 1320 1643 l.
1344 1612 1379 1644 et
1404 1608 1453 1644 ad

798 1661 951 1700 Diodor.
986 1663 1023 1709 I,
1056 1665 1120 1704 88.
1152 1664 1319 1701 Creuzer.
1345 1664 1454 1713 Sym-

797 1718 871 1755 bol.
902 1719 917 1756 Ι
946 1732 983 1768 p.
1008 1718 1091 1760 354
1122 1732 1197 1769 seq.
1227 1724 1263 1756 et
1290 1720 1451 1769 inprimis

799 1774 948 1811 Costaz.
961 1776 1129 1824 descript.
1142 1776 1187 1812 de
1196 1776 1288 1824 l’Eg.
1299 1776 1452 1826 Antiqq.

797 1829 814 1866 I
835 1831 940 1868 mem.
966 1844 1052 1881 pag.
1076 1832 1141 1873 75.
1163 1853 1219 1859 --
1258 1832 1316 1869 De
1336 1834 1454 1870 forma

799 1888 950 1935 genitivi
990 1885 1144 1937 χηνέων
1192 1889 1286 1925 conf.
1315 1888 1450 1926 Matth.

797 1943 958 1980 Gramm.
978 1944 1044 1980 Gr.
1066 1958 1151 1994 pag.
1175 1947 1267 1986 166.

852 2001 933 2045 πῶς
963 1996 1086 2047 φύσιν
1117 1999 1215 2051 ἔχει]
1268 2001 1373 2039 Haec
1401 2001 1452 2039 ita

796 2056 917 2093 reddit
962 2056 1117 2105 Vigerus
1178 2059 1225 2094 de
1269 2056 1448 2095 Idiotism.

794 2125 830 2161 p.
852 2112 932 2154 255
954 2126 1048 2162 seq.:
1083 2114 1248 2163 quomodo
1263 2115 1450 2152 verisimile

794 2170 852 2205 sz't.
899 2168 1024 2206 Malim
1058 2171 1247 2219 equidem:
1285 2170 1452 2220 quomodo

794 2229 1073 2273 consentaneum,
1102 2227 1177 2264 sive
1190 2226 1369 2276 probabile
1388 2230 1449 2275 sit,

794 2294 874 2317 cum
890 2282 927 2318 id
939 2282 1154 2320 Herodotus
1173 2283 1335 2321 indicare
1352 2285 1450 2331 velit,

793 2338 892 2386 quod
917 2351 983 2387 per
1015 2352 1134 2376 rerum
1175 2344 1340 2377 naturam
1371 2341 1450 2378 fieri

793 2394 938 2431 minime
959 2396 1129 2445 potuerit.
1170 2396 1277 2433 conf.
1307 2396 1448 2434 Platon.

792 2450 950 2500 Republ.
978 2451 1011 2488 V
1040 2465 1126 2502 pag.
1160 2451 1265 2499 473,
1297 2452 1340 2490 A.
1369 2453 1449 2502 Vll,

792 2519 829 2556 p.
850 2506 945 2555 489,
965 2507 1009 2544 B.

848 2561 917 2601 καὶ
934 2560 1043 2615 πικροὶ
1062 2565 1144 2602 τοῖν
1169 2566 1283 2603 θεῶν
1309 2586 1357 2592 -
1384 2560 1448 2604 ευ’-

794 2616 928 2667 μένεια
956 2617 1041 2671 εἴη]
1071 2620 1144 2658 Pro
1168 2615 1348 2671 εὐμένεια
1374 2622 1449 2659 (1υο

794 2675 875 2712 libri
895 2671 1072 2726 εὕμενέα,
1103 2678 1203 2726 quod
1222 2677 1260 2714 in
1281 2673 1448 2729 εὖμενέη

794 2731 863 2779 (ut
889 2733 1149 2770 substantivum
1179 2734 1346 2772 nimirum
1374 2734 1447 2783 sit)

793 2787 827 2824 h.
850 2787 871 2824 l.
898 2793 1074 2826 mutatum
1105 2790 1219 2826 voluit
1246 2790 1365 2828 Koen.
1399 2791 1447 2827 ad

794 2844 948 2893 Gregor.
980 2845 1146 2883 Corinth.
1178 2847 1225 2883 de
1252 2846 1335 2883 dial.
1368 2846 1444 2882 Ion.

792 2898 828 2951 §-
846 2901 915 2948 41,
942 2902 1140 2940 accedente
1155 2902 1298 2940 Schaef.
1315 2915 1352 2954 p.
1362 2902 1440 2943 521
