1805 3315
20 543 87 591 50

615 276 835 317 cL10.
892 278 921 316 1.

1340 284 1422 326 115

129 406 193 448 γε,
222 390 251 447 ἢ
279 388 341 433 ὅτι
370 386 442 431 καὶ
470 388 601 430 τοῦτο
632 386 807 445 ἐνόμισε
836 386 1050 446 μαντήϊον
1080 385 1263 442 ἀψευδὲς
1293 389 1418 448 ἐκτῆ-

134 476 249 515 σθαι,

242 544 364 589 Μετὰ
395 545 440 589 δὲ
477 549 613 589 ταῦτα
649 548 831 605 θυσίῃσι
869 547 1076 606 μεγάλῃσι
1113 548 1192 592 τόν
1228 548 1276 592 ἐν
1312 552 1420 592 Λελ-

131 632 251 683 φοῖσι
279 625 386 669 θεὸν
414 623 622 669 ἱλάσκετο.
652 626 812 684 κτήνεά
836 644 881 671 τε
909 628 993 684 γὰρ
1016 627 1068 671 τὰ
1089 626 1260 684 θύσιμα
1275 626 1419 672 πάντα

83 797 137 822 wr
154 784 281 821 doctus
307 782 474 833 quidam:
502 797 554 822 το
569 778 674 822 ν’του
703 796 733 820 s.

82 840 168 892 περὶ
198 835 354 879 τούτου.
380 840 582 889 Schweigh.
613 841 736 891 suspi-

82 902 201 934 catur.
237 895 388 948 λέγεται
424 891 526 935 οὐδ’
566 893 704 936 ἄλλον
684 911 736 949 ,ωε

80 953 264 1003 Equidem
284 952 449 990 voculam
466 956 605 1000 τοῦτο,
630 955 737 1004 quip-

81 1024 130 1062 pe
149 1023 170 1048 e
190 1010 428 1060 sequentibus
454 1009 525 1047 huc
549 1010 737 1058 intrusam,

83 1067 267 1114 eiicerem,
297 1067 368 1103 nisi
400 1066 588 1116 scriptoris
620 1067 737 1103 oratio

82 1124 267 1173 copiosior
298 1123 454 1160 subinde
483 1136 526 1160 ac
551 1123 739 1161 verbosior

82 1181 171 1216 satis
191 1193 271 1218 eam
294 1180 389 1217 tueri
403 1179 596 1216 videretur.
616 1200 672 1208 —
695 1179 738 1216 In

82 1249 190 1286 seqq.
227 1249 295 1287 pro
321 1237 438 1274 τοῦτο
481 1235 561 1272 libri
589 1236 738 1285 quidam

82 1296 226 1332 τοῦτον
241 1323 252 1342 ,
281 1295 322 1329 ut
339 1292 387 1329 ad
404 1290 665 1341 Amphiaraum
682 1305 741 1330 re-

82 1351 239 1396 seratur3
268 1360 337 1399 pro
371 1346 582 1398 ἐκτῆσθαι
615 1349 740 1386 itidem

82 1406 205 1456 plures
226 1420 250 1444 κ
263 1419 279 1443 ε
292 1406 478 1455 κτῆσθαι.
536 1405 613 1442 Sed
629 1404 738 1443 Iones

82 1475 200 1511 aeque
218 1465 328 1510 atque
353 1458 494 1498 Atticos
519 1461 740 1512 duplicatam

82 1518 224 1556 literam
263 1517 418 1555 abiicere
453 1518 566 1555 tradit
604 1517 740 1555 Eusta-

82 1575 179 1612 thius
209 1575 258 1612 ad
287 1574 439 1611 Homer.
460 1573 500 1611 Il.
526 1587 612 1625 pag.
633 1577 740 1622 662,

81 1634 137 1674 39
158 1632 216 1669 ed.
233 1630 346 1668 Basil.
400 1630 463 1668 Tu
480 1631 613 1668 consul.
636 1631 739 1668 Bek-

82 1687 210 1726 kerum
230 1700 351 1724 meum
376 1686 415 1724 in
437 1687 596 1738 Specim.
618 1687 742 1724 Philo-

83 1748 185 1781 strat.
205 1755 291 1794 pag.
310 1745 365 1785 29
393 1756 470 1793 seq.
500 1743 631 1791 „Add.
659 1743 740 1781 Ast.

83 1801 133 1838 ad
158 1800 301 1837 Platon.
341 1799 438 1838 Rem
465 1800 565 1850 publ.
591 1800 645 1848 V,
687 1799 740 1842 15

82 1869 169 1908 pag.
184 1856 267 1900 524
287 1856 544 1894 Commentt.“
585 1856 654 1895 Cr.

321 1959 436 2011 Cap.
464 1957 512 1997 L.

138 2021 285 2078 κτήνεα
312 2041 355 2067 τε
398 2023 475 2081 γάρ
506 2042 555 2066 τα
583 2023 742 2079 θύσιμα

84 2079 216 2123 πάντα
237 2084 428 2137 τρισχίλια
447 2082 593 2135 ἔθυσε]
622 2085 742 2122 Vertit

83 2140 203 2178 locum
223 2140 274 2179 sic
297 2142 531 2180 Hermannus
558 2142 605 2178 ad
624 2141 741 2190 Vige-

84 2210 165 2233 rum
202 2210 240 2247 p.
278 2200 383 2240 727:
437 2200 643 2246 „maetam
688 2202 741 2235 ter

83 2253 244 2291 millenas
267 2253 402 2292 hostias
429 2267 446 2292 e
467 2268 600 2305 quoque
619 2267 741 2303 genere

85 2312 341 2359 animantium,
379 2311 506 2362 quibus
532 2325 636 2349 sacra
656 2313 744 2364 fieri

84 2366 231 2405 solent.“
287 2367 357 2405 Est
379 2372 502 2406 autem
527 2364 658 2408 πάντα
683 2369 741 2407 hic

85 2423 183 2460 idem
231 2425 332 2473 quod
372 2420 538 2464 ἑκάστου
585 2424 738 2477 γένους.

87 2479 200 2523 Quod
235 2484 323 2530 post
375 2482 636 2519 casaubonum
692 2483 740 2519 ad

87 2535 208 2573 Strab.
239 2537 293 2575 III
319 2550 356 2588 p
378 2540 460 2580 232
484 2543 521 2577 et
540 2539 588 2576 ad
606 2538 739 2576 Athen.

88 2590 163 2639 IV,
201 2594 254 2634 10
283 2593 356 2642 (al.
382 2595 468 2644 25)
511 2594 739 2635 Animadvss

90 2645 170 2684 Vol.
187 2647 264 2700 Hp
267 2651 374 2693 .476
395 2652 453 2689 ed.
473 2651 640 2702 Sehwgh.
670 2651 741 2689 hoc

91 2701 171 2740 loco
195 2704 315 2744 docuit
353 2708 579 2745 Gronovius.
631 2708 741 2745 Plura

94 2757 306 2809 interpretes
330 2763 512 2802 Herodoti
529 2766 576 2802 ad
596 2764 660 2813 IV,
671 2766 737 2806 88.

94 2813 176 2852 Nee
225 2816 377 2857 discedit
408 2820 633 2868 Larchems,
679 2821 741 2870 qui

95 2874 240 2920 praeter
258 2873 328 2911 alia
352 2876 448 2914 hunc
477 2877 593 2914 attulit
611 2876 742 2916 Nostri

95 2925 241 2975 lOCUffl,
268 2928 339 2979 IX,
361 2933 414 2973 80
451 2934 663 2989 Παυσανίῃ
698 2931 741 2973 δὲ

804 780 976 824 πάντα
1006 782 1128 824 δέκα
1158 782 1345 836 ἐξαιρέθη
1374 786 1397 822 i.
1428 798 1460 824 e.

805 855 905 890 „une
941 842 1085 879 ‹lixaz’ne
1119 841 1160 878 cle
1181 842 1297 879 ΐοιιίέί
1356 841 1464 886 Quae

805 912 886 937 cum
906 899 960 936 ita
978 899 1051 936 sint
1079 897 1194 947 (nam
1215 897 1379 949 exempla
1405 899 1464 936 hic

805 955 986 994 cumulare
1006 968 1081 992 non
1108 955 1272 1004 attinet),
1314 967 1389 992 non
1408 956 1464 993 vi-

805 1014 898 1060 deo,
937 1012 1027 1061 quid
1064 1012 1218 1049 moverit
1255 1012 1463 1060 Stegerum,

804 1073 846 1106 ut
881 1069 950 1105 hac
987 1067 1287 1118 interpretatione
1330 1069 1463 1106 reiecta

806 1121 937 1164 πάντα
958 1124 994 1162 h.
1003 1124 1025 1161 l.
1039 1125 1203 1162 absolute
1213 1124 1463 1174 accipiendum

807 1194 891 1220 esse
928 1185 1084 1218 statuat:
1122 1182 1160 1217 in
1197 1180 1319 1217 Allem.
1386 1181 1463 1219 Ubi

807 1250 851 1276 ex
870 1237 1074 1275 Hermanni
1096 1241 1294 1287 praecepto
1306 1236 1328 1275 l.
1339 1235 1361 1274 l.
1373 1238 1461 1275 scri-

807 1294 967 1331 bendum
988 1295 1084 1331 soret
1109 1289 1157 1332 τοὶ
1188 1289 1338 1342 πάντα,
1362 1295 1463 1343 quod

807 1351 866 1388 ille
884 1363 918 1388 v.
941 1363 970 1387 c.
986 1350 1025 1387 in
1038 1349 1220 1388 Herodoti
1241 1348 1320 1387 loco
1337 1350 1366 1398 Ι,
1379 1353 1462 1391 163

806 1408 1014 1445 restitutum
1045 1406 1131 1444 vult.
1209 1406 1344 1456 Neque
1375 1420 1463 1444 vero

806 1465 846 1501 id
860 1476 1031 1512 urgeam,
1052 1476 1131 1501 cum
1141 1462 1345 1500 Hermanni
1354 1476 1464 1514 prae-

807 1526 953 1570 ceptum
972 1522 1088 1571 probe
1102 1520 1214 1557 sciam
1235 1520 1463 1558 aSchaesero

807 1578 856 1615 ad
870 1577 1027 1626 Dionys.
1037 1577 1285 1614 HalicarnaSS.
1304 1577 1351 1614 de
1363 1590 1462 1614 com-

806 1647 888 1685 pos.
919 1634 1019 1670 verb.
1049 1648 1086 1684 p.
1115 1632 1198 1675 335
1234 1645 1317 1670 esse
1343 1633 1462 1684 impu-

809 1693 973 1739 gnatum.
1031 1690 1140 1727 Conf.
1163 1689 1462 1739 deniqueMatth.

809 1747 876 1784 Gr.
898 1747 964 1783 Gr.
989 1744 1027 1798 ἓ.
1051 1748 1133 1788 266
1158 1749 1236 1782 not.
1260 1759 1348 1796 pag.
1369 1746 1464 1788 550.

807 1823 865 1832 —
884 1798 1031 1854 κτήνη,
1061 1815 1157 1853 quae
1175 1802 1284 1840 etiam
1307 1804 1354 1840 de
1373 1816 1463 1852 qua-

808 1860 862 1897 vis
882 1872 922 1897 re
941 1859 1107 1897 familiari
1123 1858 1279 1896 subinde
1305 1863 1390 1896 sunt
1408 1860 1464 1897 in-

810 1916 1029 1964 telligenda,
1076 1916 1135 1953 hic
1180 1915 1228 1952 de
1269 1916 1463 1965 pecoribus

809 1973 996 2023 quibusvis
1037 1972 1086 2010 ad
1125 1973 1358 2009 mactandum
1396 1973 1464 2010 de-

808 2029 953 2066 stinatis
980 2029 1173 2075 (licuntur,
1203 2023 1330 2080 κτήνη
1355 2029 1466 2081 κυρί-

809 2100 863 2133 ως
886 2083 958 2137 μὲν
985 2081 1033 2124 τοὶ
1062 2079 1262 2136 θυόμενα,
1299 2082 1373 2124 όσα
1398 2082 1467 2125 νό-

809 2157 884 2194 μος
912 2137 1054 2191 σφαζει
1076 2139 1143 2181 καὶ
1166 2141 1311 2181 κτείνει
1331 2157 1366 2181 κ.
1383 2157 1414 2181 τ.
1429 2145 1461 2182 λ.

808 2204 849 2237 ut
872 2212 915 2237 ex
930 2199 1088 2248 Etymol.
1112 2199 1272 2235 Gudian.
1300 2212 1337 2250 p.
1358 2200 1463 2247 350,

808 2256 863 2297 25
895 2269 973 2306 seq.
1006 2255 1201 2305 adscripsit
1231 2254 1294 2292 Cr.
1352 2256 1464 2293 Plura

808 2313 932 2349 Sturz.
970 2313 1008 2348 in
1053 2312 1177 2350 Lexic.
1195 2320 1198 2322 “
1214 2311 1385 2362 Xenoph.
1426 2312 1462 2350 II

808 2382 845 2420 p.
866 2369 960 2410 798.
996 2367 1057 2406 Ne
1074 2381 1162 2406 vero
1188 2368 1269 2417 quis
1287 2381 1461 2418 magnam

809 2427 1007 2464 demiretur
1045 2425 1245 2462 hostiarum
1274 2438 1463 2464 numerum

807 2495 829 2520 a
849 2482 990 2519 Croeso
1012 2485 1269 2529 mactatarum,
1295 2481 1463 2520 laudatur

807 2538 1014 2575 Salomonis
1043 2537 1269 2588 exemplum,
1307 2538 1344 2575 in
1371 2552 1461 2576 con-

807 2596 984 2632 secrando
1003 2595 1138 2645 templo
1156 2595 1463 2644 Hierosolymita-

807 2664 856 2688 no
881 2652 1011 2701 viginti
1036 2652 1147 2689 millia
1175 2652 1286 2689 boum
1314 2656 1351 2690 et
1377 2665 1461 2690 cen-

807 2713 884 2746 tum
912 2708 1053 2758 viginta
1087 2707 1198 2746 millia
1232 2708 1352 2746 ovium
1383 2722 1462 2747 ma-

808 2764 939 2802 ctantis
969 2764 1044 2814 (de
1068 2763 1227 2813 Regibb.
1258 2764 1311 2802 Ill
1345 2779 1402 2816 cp.
1420 2766 1460 2811 8,

808 2822 882 2870 63)
898 2835 908 2868 3
938 2820 1132 2858 laudantur
1152 2821 1377 2859 Graecorum
1393 2822 1460 2858 he-

808 2879 1014 2925 catombae‚
1043 2878 1131 2925 alia,
1161 2878 1209 2914 de
1232 2879 1363 2927 quibus
1389 2879 1461 2914 iam

808 2933 846 2972 T
847 2934 1035 2973 heodoret.
1057 2934 1162 3028 Orag
1170 2933 1243 3009 *Vll
1263 2934 1312 2972 ad
1330 2934 1460 2971 Graec.

1500 534 1613 569 Quibus
1647 538 1738 566 rebus

1466 567 1561 596 Deum
1614 570 1735 606 Delphi-

1466 609 1493 628 οι
1486 610 1532 629 ιιιιι
1575 603 1633 630 cto
1618 612 1667 630 osc
1654 613 1706 631 eus

1465 635 1640 672 placarffiet
1624 641 1740 671 etquao

1466 677 1535 696 mnu
1539 678 1593 696 cru.
1610 670 1739 707 Delphos

1467 704 1595 733 miserit.
