1759 3324
507 265 1029 305 EUTERPE.11.

127 384 303 436 ποιῆσαι
316 394 323 402 ·

125 455 462 512 κατακρεμάσαι·

1306 268 1390 309 755

383 380 462 420 τοῦ
500 375 649 432 φωρὸς
686 375 762 419 τὸν
802 375 934 419 νέκυν
973 375 1083 420 κατὰ
1122 379 1201 418 τοῦ
1230 378 1387 431 τείχεος

515 454 742 510 φυλάκους
785 456 829 497 δὲ
865 454 1003 499 αὐτοῦ
1033 454 1360 509 καταστήσαντα
1372 464 1441 508 ,80

80 537 83 542 ’
125 536 394 582 ἐντείλασθαί
424 546 527 590 σφι,
567 533 643 576 τὸν
674 532 728 576 ἄν
758 535 939 577 ἴδωνται
968 533 1329 586 άποκλαύσαντα,
1358 533 1387 590 ἢ

121 613 522 670 κατοικτισάμενον,
572 612 871 668 συλλαβόντας
909 611 1031 670 ἄγειν
1067 613 1178 668 πρὸς
1206 612 1384 657 ἑωυτόν.

67 703 108 736 18
121 692 480 749 ἀνακρεμαμένου
519 693 564 736 δὲ
594 696 675 735 τοῦ
709 692 888 744 νέκυος,
934 692 1013 749 τήν
1039 693 1201 749 μητέρα
1231 694 1385 744 δεινῶς

121 774 291 829 φέρειν·
326 770 485 829 λόγους
514 771 560 816 δὲ
589 770 700 828 πρὸς
729 771 807 815 τὸν
828 772 1055 826 περιεόντα
1077 774 1213 816 παῖδα
1231 787 1381 816 ποιευ-

119 852 254 909 μένην
264 885 276 906 ,

326 849 616 907 προστάσσειν
655 850 804 910 αὐτῷ,
852 851 960 909 ὅτεῳ
999 850 1147 910 τρόπῳ
1187 850 1438 903 δύναται,85

120 935 400 989 μηχανᾶσθαι
440 931 553 982 ὅκως
589 930 638 974 τὸ
680 936 803 987 σῶμα
832 935 912 975 τοῦ
943 929 1162 987 ἀδελφεοῦ
1191 930 1384 974 καταλύα

121 1023 199 1063 σας
228 1016 390 1067 κομιεῖ·
423 1012 459 1054 εἰ
489 1011 535 1054 δὲ
563 1010 733 1054 τούτων
760 1009 981 1067 ἀμελήσει,
1014 1009 1272 1055 διαπειλέειν
1303 1010 1383 1054 αὐ-
1419 1031 1421 1033 ’

119 1090 216 1147 τὴν,
247 1089 306 1142 ὦς
337 1090 529 1134 ἐλθοῦσα
557 1089 668 1146 πρὸς
696 1089 772 1135 τὸν
802 1090 1006 1148 βασιλέα,
1034 1089 1217 1147 μηνύσει
1247 1087 1384 1134 αὐτὸν

11 1181 40 1220 4
69 1178 109 1212 19
122 1170 273 1226 ἔχοντα
301 1170 352 1214 τοὶ
382 1169 588 1226 χρήματα.

119 1249 265 1307 μήτηρ
284 1253 366 1294 τοῦ
394 1247 642 1304 περιεόντος
676 1250 856 1303 παιδὸς,
886 1250 960 1294 καὶ
988 1249 1128 1294 πολλοὶ
1156 1250 1268 1305 πρὸς
1297 1248 1378 1294 αὐ-

653 1168 732 1222 Ὡς
761 1170 807 1214 δὲ
835 1174 1030 1227 χαλεπαῖς
1059 1169 1323 1227 ἐλαμβάνετο
1352 1170 1380 1227 ἡ

119 1328 197 1386 τὴν
226 1330 362 1386 λέγων
393 1329 476 1374 οὐκ
505 1330 677 1382 ἔπειθε,
727 1328 1086 1387 ἐπιτεχνήσασθαι
1121 1327 1269 1374 τοιάδε
1297 1346 1382 1386 μιν.
1394 1337 1439 1371 90

63 1415 109 1449 20
122 1407 254 1462 ὅνους
279 1409 736 1465 κατασκευασάμενον,
767 1411 840 1454 καὶ
869 1408 1031 1461 άσκούς
1059 1409 1285 1466 πλήσαντα
1315 1411 1379 1453 οἵ·

119 1504 226 1541 νου,
267 1489 483 1533 ἐπιθεῖναι
514 1490 581 1533 ἐπὶ
610 1494 698 1533 τῶν
727 1489 865 1542 ὄνων,
910 1490 983 1533 καὶ
1012 1489 1156 1532 ἔπειτα
1185 1487 1382 1532 ἐλαύνειν

121 1565 309 1620 αὐτούς·
342 1568 400 1621 ὠς
430 1569 476 1613 δὲ
505 1569 614 1613 κατὰ
647 1570 749 1622 τοὺς
781 1568 1087 1626 φυλάσσοντας
1107 1563 1163 1625 ἦν
1182 1566 1261 1612 τὸν
1278 1584 1378 1623 κρε-

67 1796 206 1846 δεμίαν
232 1811 311 1836 cum
336 1799 452 1836 Gaisf.
479 1801 624 1851 reposui
647 1813 715 1851 pro

66 1849 285 1905 ου’δεμίην.

120 1907 218 1949 κατὰ
248 1913 320 1950 τοῦ
347 1911 493 1962 τείχεος
530 1926 714 1962 κατακρε-

64 1962 202 2018 μάσαι]
233 1968 254 2003 i.
278 1981 308 2005 e.
339 1980 382 2004 ex
400 1982 498 2006 muro
516 1969 715 2019 suspendes-

64 2037 108 2061 se.
144 2023 201 2061 De
220 2037 288 2061 usu
312 2026 593 2076 praepositionis
618 2023 716 2065 κατοὶ

62 2081 237 2117 monitum
257 2082 326 2118 hoc
351 2081 430 2119 loco
453 2082 561 2120 allato
584 2084 620 2119 in
651 2082 715 2120 Fi-

63 2137 177 2175 scheri
208 2138 465 2177 animadverss.
496 2140 544 2176 ad
566 2139 714 2177 VVeller.

65 2194 131 2230 Gr.
161 2194 225 2231 Gr.
259 2194 330 2242 ΙΙΙ,
360 2197 385 2233 b
422 2209 507 2246 pag.
538 2199 628 2237 177.
658 2216 714 2224 --

63 2249 153 2287 Mox
179 2249 431 2291 ἐντείλασθαί
468 2265 555 2301 σφι
597 2252 715 2290 edidi-

66 2319 146 2343 mus
168 2320 246 2344 cum
276 2307 392 2349 Gaisf.
411 2322 479 2360 pro
507 2308 604 2358 vulg.
639 2308 714 2349 ἕντ.

68 2373 91 2401 σ
103 2377 133 2413 φ
147 2377 159 2401 ι
172 2375 194 2402 σ
206 2379 230 2402 ι.

122 2415 196 2470 τὴν
223 2418 367 2472 μητέρα
390 2421 531 2468 δειναῖς
561 2419 713 2472 φέρειν]

67 2473 270 2513 Moerorem
296 2480 420 2515 matris
451 2478 538 2516 inde
564 2478 716 2529 explico,

69 2532 167 2579 quod
185 2532 246 2569 filii
266 2534 431 2582 cadaver,
451 2547 524 2571 non
541 2536 610 2572 rite
629 2548 716 2572 con-

69 2587 181 2624 ditum
204 2601 246 2626 ac
271 2590 471 2640 sepultum,
519 2596 560 2628 ut
591 2590 716 2641 Aegy-

67 2643 224 2693 ptiorum
251 2646 458 2695 postulabat
483 2647 609 2696 religio
640 2648 717 2695 (ΙΙ,

69 2697 123 2739 85
145 2702 279 2750 seqq),
307 2704 479 2740 remansit
495 2717 615 2753 noque
631 2705 718 2742 inde

71 2755 119 2791 ad
158 2756 351 2796 inferorum
393 2759 530 2798 incolas
573 2760 718 2798 admitti

69 2811 148 2861 ipse
167 2812 258 2850 filius
280 2819 435 2864 poterat.

97 2942 99 2945 ⁴
129 2937 184 2970 ως
204 2921 246 2963 δὲ
265 2922 718 2978 χαλεπῶςέλαμβά-

784 1812 897 1838 νετο
917 1814 942 1849 η
967 1813 1095 1851 μητηρ
1117 1799 1190 1838 τοῦ
1212 1791 1439 1863 περιεόντος

785 1852 938 1901 παιδὸς]
959 1856 1143 1893 Immerito
1164 1855 1294 1892 verba:
1315 1869 1340 1905 η
1365 1850 1439 1920 μή-

783 1927 855 1963 τηρ
904 1926 974 1950 του
1025 1908 1256 1963 περιεόντος
1298 1908 1439 1957 παιδὸς

783 1968 1028 2018 Wesselingio
1067 1968 1218 2018 aliisque
1269 1972 1439 2017 suspecta

785 2030 868 2063 sunt
886 2025 973 2062 visa.
1012 2024 1145 2074 Neque
1167 2025 1261 2061 enim
1288 2024 1438 2061 subiecti

782 2083 819 2118 in
848 2082 1012 2132 proxima
1039 2081 1213 2117 orationis
1241 2085 1345 2130 parte
1379 2093 1440 2117 su-

782 2139 858 2176 bita
877 2139 1030 2176 mutatio
1059 2151 1127 2175 nos
1159 2137 1348 2174 offendere
1374 2137 1441 2174 de-

784 2196 847 2232 bet
870 2195 975 2242 (nam
995 2195 1043 2231 ad
1069 2193 1138 2233 καὶ
1157 2189 1284 2233 πολλοὶ
1305 2214 1361 2222 ·—
1377 2190 1438 2231 λε’-

782 2266 863 2304 γων
882 2246 956 2290 οὐκ
977 2249 1115 2290 ἔπειθε
1132 2250 1250 2301 suppl.
1264 2247 1285 2289 ὁ
1302 2250 1437 2298 παῖς),

784 2309 919 2359 quippe
945 2320 1062 2358 quae,
1092 2308 1226 2345 omisso
1251 2306 1436 2357 pronomi-

782 2378 850 2412 ne,
879 2365 937 2402 vel
968 2364 1111 2402 serioris
1136 2364 1266 2403 aetatis
1287 2364 1438 2413 scripto-

783 2422 880 2459 ribus
910 2422 1008 2459 haud
1046 2426 1102 2458 est
1135 2420 1293 2457 insolita.
1352 2419 1436 2456 Vid.

783 2491 878 2528 quae
914 2478 952 2515 in
996 2477 1168 2515 Creuzeri
1209 2476 1350 2514 Melett.
1388 2474 1440 2512 111

782 2548 869 2586 pag.
890 2537 945 2576 36
977 2534 1170 2584 disputavi.
1226 2532 1360 2582 Neque
1385 2532 1440 2568 10-

783 2592 881 2628 cutio
936 2592 1114 2642 χαλεπῶς
1161 2585 1440 2639 λαμβάνεσθαι

783 2647 897 2685 habet
924 2647 1026 2697 quod
1054 2660 1122 2684 nos
1152 2646 1340 2691 offendat3
1381 2649 1440 2682 est

786 2704 883 2741 enim
918 2705 1117 2754 interprete
1159 2701 1440 2750 Schweighaeu-

786 2773 891 2797 sero:
921 2772 1040 2810 aspere
1066 2771 1250 2805 zncessere‚
1275 2770 1439 2821 premere.

844 2831 898 2862 ως
915 2813 957 2855 δὲ
983 2811 1110 2854 κατὰ
1140 2829 1259 2860 τους
1289 2806 1439 2863 φυλάσ-

789 2884 930 2919 σοντας
955 2865 1024 2922 ἡν]
1061 2872 1084 2908 i.
1112 2884 1144 2908 e.
1185 2883 1265 2908 cum
1290 2883 1328 2906 eo
1359 2869 1439 2906 loco

789 2932 908 2976 esset,
935 2929 998 2965 ubi
1018 2927 1068 2964 ini
1093 2930 1218 2973 erant,
1247 2926 1309 2975 qui
1331 2925 1439 2962 cada-

1124 2982 1221 3022 48*

1435 1170 1469 1198 Id
1488 1179 1546 1211 quo
1570 1174 1638 1198 astu
1661 1170 1713 1199 de-

1434 1205 1712 1268 553253232‘31‘1'2255
