<?xml version="1.0" encoding="UTF-8"?>
<!DOCTYPE html PUBLIC "-//W3C//DTD XHTML 1.0 Transitional//EN"
    "http://www.w3.org/TR/xhtml1/DTD/xhtml1-transitional.dtd">
<html xmlns="http://www.w3.org/1999/xhtml" xml:lang="en" lang="en">
 <head>
  <title>
</title>
<meta http-equiv="Content-Type" content="text/html;charset=utf-8" />
  <meta name='ocr-system' content='tesseract 3.04.00' />
  <meta name='ocr-capabilities' content='ocr_page ocr_carea ocr_par ocr_line ocrx_word'/>
</head>
<body>
  <div class='ocr_page' id='page_1' title='image "./musaeher01hero/musaeher01hero_0908.png"; bbox 0 0 1777 3324; ppageno 0'>
   <div class='ocr_carea' id='block_1_1' title="bbox 391 270 476 310">
    <p class='ocr_par' dir='ltr' id='par_1_1' title="bbox 391 270 476 310">
     <span class='ocr_line' id='line_1_1' title="bbox 391 270 476 310; baseline 0 0"><span class='ocrx_word' id='word_1_1' title='bbox 391 270 476 310; x_wconf 80' lang='lat'>882</span> 
     </span>
    </p>
   </div>
   <div class='ocr_carea' id='block_1_2' title="bbox 786 269 1254 308">
    <p class='ocr_par' dir='ltr' id='par_1_2' title="bbox 786 269 1254 308">
     <span class='ocr_line' id='line_1_2' title="bbox 786 269 1254 308; baseline -0.002 0"><span class='ocrx_word' id='word_1_2' title='bbox 786 269 1254 308; x_wconf 84' lang='lat' dir='ltr'>HERODOTI</span> 
     </span>
    </p>
   </div>
   <div class='ocr_carea' id='block_1_3' title="bbox 363 376 1650 436">
    <p class='ocr_par' dir='ltr' id='par_1_3' title="bbox 363 376 1650 436">
     <span class='ocr_line' id='line_1_3' title="bbox 363 376 1650 436; baseline 0.002 -16"><span class='ocrx_word' id='word_1_3' title='bbox 363 383 506 422; x_wconf 72' lang='grc' dir='ltr'><em>Ξτοῖσι</em></span> <span class='ocrx_word' id='word_1_4' title='bbox 537 377 826 433; x_wconf 71' lang='grc' dir='ltr'><em>ἀνθρώποισι.</em></span> <span class='ocrx_word' id='word_1_5' title='bbox 866 379 939 422; x_wconf 89' lang='grc' dir='ltr'><em>καὶ</em></span> <span class='ocrx_word' id='word_1_6' title='bbox 966 377 1093 430; x_wconf 81' lang='grc' dir='ltr'><strong><em>πόλις</em></strong></span> <span class='ocrx_word' id='word_1_7' title='bbox 1124 377 1170 421; x_wconf 81' lang='grc' dir='ltr'>ἐν</span> <span class='ocrx_word' id='word_1_8' title='bbox 1200 376 1311 436; x_wconf 81' lang='grc' dir='ltr'><em>αὐτῇ</em></span> <span class='ocrx_word' id='word_1_9' title='bbox 1338 378 1542 434; x_wconf 75' lang='grc' dir='ltr'><em>γενέσθαι</em></span> <span class='ocrx_word' id='word_1_10' title='bbox 1573 378 1650 430; x_wconf 75' lang='grc' dir='ltr'><em>τὰς</em></span> 
     </span>
    </p>
   </div>
   <div class='ocr_carea' id='block_1_4' title="bbox 392 456 1653 514">
    <p class='ocr_par' dir='ltr' id='par_1_4' title="bbox 392 456 1653 514">
     <span class='ocr_line' id='line_1_4' title="bbox 392 456 1653 514; baseline 0.001 -13"><span class='ocrx_word' id='word_1_11' title='bbox 392 457 561 508; x_wconf 76' lang='grc' dir='ltr'><em>ἁπάσας</em></span> <span class='ocrx_word' id='word_1_12' title='bbox 595 456 692 501; x_wconf 87' lang='grc' dir='ltr'><em>τότε</em></span> <span class='ocrx_word' id='word_1_13' title='bbox 732 459 961 513; x_wconf 75' lang='grc' dir='ltr'><em>δισμυρίας</em></span> <span class='ocrx_word' id='word_1_14' title='bbox 994 456 1071 508; x_wconf 80' lang='grc' dir='ltr'><em>τὰς</em></span> <span class='ocrx_word' id='word_1_15' title='bbox 1109 458 1372 514; x_wconf 81' lang='grc' dir='ltr'><em>οἰκεομένας.</em></span> <span class='ocrx_word' id='word_1_16' title='bbox 1427 457 1567 514; x_wconf 87' lang='grc' dir='ltr'><em>νόμον</em></span> <span class='ocrx_word' id='word_1_17' title='bbox 1607 458 1653 502; x_wconf 83' lang='grc' dir='ltr'>δὲ</span> 
     </span>
    </p>
   </div>
   <div class='ocr_carea' id='block_1_5' title="bbox 390 535 1708 593">
    <p class='ocr_par' dir='ltr' id='par_1_5' title="bbox 390 535 1708 593">
     <span class='ocr_line' id='line_1_5' title="bbox 390 535 1708 593; baseline -0.002 -13"><span class='ocrx_word' id='word_1_18' title='bbox 390 539 670 592; x_wconf 83' lang='grc' dir='ltr'><em>Αἰγυπτίοισι</em></span> <span class='ocrx_word' id='word_1_19' title='bbox 699 536 824 580; x_wconf 82' lang='grc' dir='ltr'><em>τόνδε</em></span> <span class='ocrx_word' id='word_1_20' title='bbox 841 535 1024 591; x_wconf 76' lang='grc' dir='ltr'><em>’Ἀμασίς</em></span> <span class='ocrx_word' id='word_1_21' title='bbox 1056 537 1144 579; x_wconf 80' lang='grc' dir='ltr'><em>ἐστι</em></span> <span class='ocrx_word' id='word_1_22' title='bbox 1177 535 1200 581; x_wconf 87' lang='grc' dir='ltr'>ὁ</span> <span class='ocrx_word' id='word_1_23' title='bbox 1219 536 1507 593; x_wconf 77' lang='grc' dir='ltr'><em>καταστήσας·</em></span> <span class='ocrx_word' id='word_1_24' title='bbox 1540 536 1708 581; x_wconf 65' lang='lat' dir='ltr'>cino-25</span> 
     </span>
    </p>
   </div>
   <div class='ocr_carea' id='block_1_6' title="bbox 391 614 1650 672">
    <p class='ocr_par' dir='ltr' id='par_1_6' title="bbox 391 614 1650 672">
     <span class='ocr_line' id='line_1_6' title="bbox 391 614 1650 672; baseline -0.001 -13"><span class='ocrx_word' id='word_1_25' title='bbox 391 616 613 659; x_wconf 83' lang='grc' dir='ltr'><em>δεικνύναι</em></span> <span class='ocrx_word' id='word_1_26' title='bbox 655 616 769 665; x_wconf 76' lang='grc' dir='ltr'><em>ἔτεος</em></span> <span class='ocrx_word' id='word_1_27' title='bbox 807 615 989 658; x_wconf 77' lang='grc' dir='ltr'><em>ἑκάστου</em></span> <span class='ocrx_word' id='word_1_28' title='bbox 1031 619 1090 672; x_wconf 77' lang='grc' dir='ltr'><em>τῷ</em></span> <span class='ocrx_word' id='word_1_29' title='bbox 1129 615 1327 672; x_wconf 77' lang='grc' dir='ltr'><em>νομάρχῃ</em></span> <span class='ocrx_word' id='word_1_30' title='bbox 1368 614 1510 659; x_wconf 80' lang='grc' dir='ltr'><em>πάντα</em></span> <span class='ocrx_word' id='word_1_31' title='bbox 1550 616 1650 658; x_wconf 84' lang='grc' dir='ltr'><em>τινὰ</em></span> 
     </span>
    </p>
   </div>
   <div class='ocr_carea' id='block_1_7' title="bbox 389 693 1042 750">
    <p class='ocr_par' dir='ltr' id='par_1_7' title="bbox 389 693 1042 750">
     <span class='ocr_line' id='line_1_7' title="bbox 389 693 1042 750; baseline -0.003 -12"><span class='ocrx_word' id='word_1_32' title='bbox 389 696 663 750; x_wconf 84' lang='grc' dir='ltr'><em>Αἰγυπτίων,</em></span> <span class='ocrx_word' id='word_1_33' title='bbox 704 693 809 737; x_wconf 82' lang='grc' dir='ltr'><em>ὅθεν</em></span> <span class='ocrx_word' id='word_1_34' title='bbox 846 697 1042 749; x_wconf 82' lang='grc' dir='ltr'><em>βιοῦται·</em></span> 
     </span>
    </p>
   </div>
   <div class='ocr_carea' id='block_1_8' title="bbox 1103 697 1649 750">
    <p class='ocr_par' dir='ltr' id='par_1_8' title="bbox 1103 697 1649 750">
     <span class='ocr_line' id='line_1_8' title="bbox 1103 697 1649 750; baseline 0.002 -13"><span class='ocrx_word' id='word_1_35' title='bbox 1103 697 1208 750; x_wconf 80' lang='grc' dir='ltr'><em>μηδὲ</em></span> <span class='ocrx_word' id='word_1_36' title='bbox 1247 699 1455 738; x_wconf 81' lang='grc' dir='ltr'><em>ποιεῦντα</em></span> <span class='ocrx_word' id='word_1_37' title='bbox 1499 699 1649 745; x_wconf 85' lang='grc' dir='ltr'><em>ταῦτα,</em></span> 
     </span>
    </p>
   </div>
   <div class='ocr_carea' id='block_1_9' title="bbox 391 771 1650 829">
    <p class='ocr_par' dir='ltr' id='par_1_9' title="bbox 391 771 1650 829">
     <span class='ocr_line' id='line_1_9' title="bbox 391 771 1650 829; baseline 0.002 -13"><span class='ocrx_word' id='word_1_38' title='bbox 391 774 497 829; x_wconf 81' lang='grc' dir='ltr'><em>μηδὲ</em></span> <span class='ocrx_word' id='word_1_39' title='bbox 528 771 834 828; x_wconf 71' lang='grc' dir='ltr'><em>ἀποφαίνοντα</em></span> <span class='ocrx_word' id='word_1_40' title='bbox 875 774 1047 828; x_wconf 81' lang='grc' dir='ltr'><em>δικαίην</em></span> <span class='ocrx_word' id='word_1_41' title='bbox 1078 771 1202 828; x_wconf 81' lang='grc' dir='ltr'><em>ζόην,</em></span> <span class='ocrx_word' id='word_1_42' title='bbox 1244 772 1479 818; x_wconf 76' lang='grc' dir='ltr'><em>ἰθύνεσθαι</em></span> <span class='ocrx_word' id='word_1_43' title='bbox 1507 774 1650 818; x_wconf 79' lang='grc' dir='ltr'><em>θανά-</em></span> 
     </span>
    </p>
   </div>
   <div class='ocr_carea' id='block_1_10' title="bbox 362 859 466 909">
    <p class='ocr_par' dir='ltr' id='par_1_10' title="bbox 362 859 466 909">
     <span class='ocr_line' id='line_1_10' title="bbox 362 859 466 909; baseline 0.019 -16"><span class='ocrx_word' id='word_1_44' title='bbox 362 859 383 892; x_wconf 89' lang='grc'>3</span> <span class='ocrx_word' id='word_1_45' title='bbox 394 868 466 909; x_wconf 82' lang='grc' dir='ltr'><em>τῳ.</em></span> 
     </span>
    </p>
   </div>
   <div class='ocr_carea' id='block_1_11' title="bbox 538 849 1650 908">
    <p class='ocr_par' dir='ltr' id='par_1_11' title="bbox 538 849 1650 908">
     <span class='ocr_line' id='line_1_11' title="bbox 538 849 1650 908; baseline 0.004 -15"><span class='ocrx_word' id='word_1_46' title='bbox 538 851 693 894; x_wconf 74' lang='grc' dir='ltr'><em>Σόλων</em></span> <span class='ocrx_word' id='word_1_47' title='bbox 735 852 781 894; x_wconf 81' lang='grc' dir='ltr'>δὲ</span> <span class='ocrx_word' id='word_1_48' title='bbox 819 849 841 894; x_wconf 90' lang='grc' dir='ltr'>ὁ</span> <span class='ocrx_word' id='word_1_49' title='bbox 878 849 1109 906; x_wconf 76' lang='grc' dir='ltr'><em>Ἀθηναῖος</em></span> <span class='ocrx_word' id='word_1_50' title='bbox 1156 852 1303 906; x_wconf 74' lang='grc' dir='ltr'><em>λαβὼν</em></span> <span class='ocrx_word' id='word_1_51' title='bbox 1341 853 1382 905; x_wconf 76' lang='grc' dir='ltr'>ἐξ</span> <span class='ocrx_word' id='word_1_52' title='bbox 1427 852 1650 908; x_wconf 79' lang='grc' dir='ltr'><em>Αἰγύπτου</em></span> 
     </span>
    </p>
   </div>
   <div class='ocr_carea' id='block_1_12' title="bbox 389 928 1707 989">
    <p class='ocr_par' dir='ltr' id='par_1_12' title="bbox 389 928 1707 989">
     <span class='ocr_line' id='line_1_12' title="bbox 389 928 1707 989; baseline -0.002 -15"><span class='ocrx_word' id='word_1_53' title='bbox 389 934 548 974; x_wconf 85' lang='grc' dir='ltr'><em>τοῦτον</em></span> <span class='ocrx_word' id='word_1_54' title='bbox 583 929 661 973; x_wconf 88' lang='grc' dir='ltr'><em>τὸν</em></span> <span class='ocrx_word' id='word_1_55' title='bbox 697 928 860 985; x_wconf 86' lang='grc' dir='ltr'><em>νόμον,</em></span> <span class='ocrx_word' id='word_1_56' title='bbox 904 928 1174 986; x_wconf 81' lang='grc' dir='ltr'><em>Ἀθηναίοισι</em></span> <span class='ocrx_word' id='word_1_57' title='bbox 1203 931 1346 974; x_wconf 75' lang='grc' dir='ltr'><em>ἔθετο·</em></span> <span class='ocrx_word' id='word_1_58' title='bbox 1400 935 1461 989; x_wconf 77' lang='grc' dir='ltr'><em>τῷ</em></span> <span class='ocrx_word' id='word_1_59' title='bbox 1493 931 1649 975; x_wconf 79' lang='grc' dir='ltr'><em>ἐκεῖνοι</em></span> <span class='ocrx_word' id='word_1_60' title='bbox 1662 939 1707 972; x_wconf 87' lang='grc' dir='ltr'><em>3ο</em></span> 
     </span>
    </p>
   </div>
   <div class='ocr_carea' id='block_1_13' title="bbox 334 1051 610 1059">
    <p class='ocr_par' dir='ltr' id='par_1_13' title="bbox 334 1051 610 1059">
     <span class='ocr_line' id='line_1_13' title="bbox 334 1051 610 1059; baseline 0 2265"><span class='ocrx_word' id='word_1_61' title='bbox 334 1051 610 1059; x_wconf 95' lang='lat' dir='ltr'> </span> 
     </span>
    </p>
   </div>
   <div class='ocr_carea' id='block_1_14' title="bbox 332 1114 988 1324">
    <p class='ocr_par' dir='ltr' id='par_1_14' title="bbox 332 1114 988 1324">
     <span class='ocr_line' id='line_1_14' title="bbox 332 1114 988 1168; baseline -0.006 -13"><span class='ocrx_word' id='word_1_62' title='bbox 332 1116 554 1168; x_wconf 82' lang='lat' dir='ltr'>impendisse</span> <span class='ocrx_word' id='word_1_63' title='bbox 581 1116 705 1153; x_wconf 87' lang='lat' dir='ltr'>fertur.</span> <span class='ocrx_word' id='word_1_64' title='bbox 743 1114 881 1151; x_wconf 89' lang='lat' dir='ltr'>Iustum</span> <span class='ocrx_word' id='word_1_65' title='bbox 905 1127 988 1152; x_wconf 83' lang='lat' dir='ltr'>cae-</span> 
     </span>
     <span class='ocr_line' id='line_1_15' title="bbox 334 1171 988 1222; baseline -0.002 -12"><span class='ocrx_word' id='word_1_66' title='bbox 334 1174 479 1222; x_wconf 87' lang='lat' dir='ltr'>teroqui</span> <span class='ocrx_word' id='word_1_67' title='bbox 500 1177 535 1210; x_wconf 90' lang='lat' dir='ltr'>et</span> <span class='ocrx_word' id='word_1_68' title='bbox 554 1185 710 1221; x_wconf 90' lang='lat' dir='ltr'>aequum</span> <span class='ocrx_word' id='word_1_69' title='bbox 730 1171 911 1209; x_wconf 85' lang='lat' dir='ltr'>Amasidis</span> <span class='ocrx_word' id='word_1_70' title='bbox 930 1184 988 1209; x_wconf 89' lang='lat' dir='ltr'>re·</span> 
     </span>
     <span class='ocr_line' id='line_1_16' title="bbox 333 1228 987 1279; baseline -0.005 -12"><span class='ocrx_word' id='word_1_71' title='bbox 333 1243 445 1279; x_wconf 87' lang='lat' dir='ltr'>gnum</span> <span class='ocrx_word' id='word_1_72' title='bbox 485 1229 523 1267; x_wconf 90' lang='lat' dir='ltr'>in</span> <span class='ocrx_word' id='word_1_73' title='bbox 559 1228 784 1278; x_wconf 76' lang='lat' dir='ltr'>Aegyptios,</span> <span class='ocrx_word' id='word_1_74' title='bbox 831 1241 987 1278; x_wconf 90' lang='lat' dir='ltr'>quorum</span> 
     </span>
     <span class='ocr_line' id='line_1_17' title="bbox 332 1284 987 1324; baseline -0.003 0"><span class='ocrx_word' id='word_1_75' title='bbox 332 1289 493 1324; x_wconf 80' lang='lat' dir='ltr'>favorem</span> <span class='ocrx_word' id='word_1_76' title='bbox 510 1286 580 1322; x_wconf 91' lang='lat' dir='ltr'>hoc</span> <span class='ocrx_word' id='word_1_77' title='bbox 599 1286 710 1323; x_wconf 90' lang='lat' dir='ltr'>modo</span> <span class='ocrx_word' id='word_1_78' title='bbox 734 1285 801 1321; x_wconf 89' lang='lat' dir='ltr'>sibi</span> <span class='ocrx_word' id='word_1_79' title='bbox 822 1284 987 1322; x_wconf 88' lang='lat' dir='ltr'>concilia-</span> 
     </span>
    </p>
   </div>
   <div class='ocr_carea' id='block_1_15' title="bbox 331 1340 985 1392">
    <p class='ocr_par' dir='ltr' id='par_1_15' title="bbox 331 1340 985 1392">
     <span class='ocr_line' id='line_1_18' title="bbox 331 1340 985 1392; baseline -0.003 -12"><span class='ocrx_word' id='word_1_80' title='bbox 331 1344 401 1392; x_wconf 89' lang='lat' dir='ltr'>rit,</span> <span class='ocrx_word' id='word_1_81' title='bbox 433 1342 595 1380; x_wconf 79' lang='lat' dir='ltr'>dilaudat</span> <span class='ocrx_word' id='word_1_82' title='bbox 610 1342 765 1380; x_wconf 91' lang='lat' dir='ltr'>Diodor.</span> <span class='ocrx_word' id='word_1_83' title='bbox 789 1340 826 1390; x_wconf 86' lang='lat' dir='ltr'>I,</span> <span class='ocrx_word' id='word_1_84' title='bbox 849 1343 901 1382; x_wconf 88' lang='grc'>68</span> <span class='ocrx_word' id='word_1_85' title='bbox 923 1341 985 1378; x_wconf 86' lang='lat' dir='ltr'>fin.</span> 
     </span>
    </p>
   </div>
   <div class='ocr_carea' id='block_1_16' title="bbox 328 1440 987 2116">
    <p class='ocr_par' dir='ltr' id='par_1_16' title="bbox 328 1440 987 2116">
     <span class='ocr_line' id='line_1_19' title="bbox 387 1440 987 1495; baseline -0.007 -10"><span class='ocrx_word' id='word_1_86' title='bbox 387 1443 456 1485; x_wconf 77' lang='grc' dir='ltr'>καὶ</span> <span class='ocrx_word' id='word_1_87' title='bbox 476 1441 659 1491; x_wconf 78' lang='grc' dir='ltr'><em>πόλις-</em></span> <span class='ocrx_word' id='word_1_88' title='bbox 680 1443 898 1495; x_wconf 83' lang='grc' dir='ltr'><em>δυσμυρίας</em></span> <span class='ocrx_word' id='word_1_89' title='bbox 916 1440 987 1490; x_wconf 69' lang='grc' dir='ltr'>τοίς</span> 
     </span>
     <span class='ocr_line' id='line_1_20' title="bbox 332 1501 987 1552; baseline -0.008 -11"><span class='ocrx_word' id='word_1_90' title='bbox 332 1501 578 1552; x_wconf 79' lang='grc' dir='ltr'><em>οἰκεομένας]</em></span> <span class='ocrx_word' id='word_1_91' title='bbox 608 1501 760 1538; x_wconf 85' lang='lat' dir='ltr'>Diodor.</span> <span class='ocrx_word' id='word_1_92' title='bbox 779 1501 807 1547; x_wconf 84' lang='lat' dir='ltr'>l,</span> <span class='ocrx_word' id='word_1_93' title='bbox 824 1502 876 1541; x_wconf 83' lang='lat'>31</span> <span class='ocrx_word' id='word_1_94' title='bbox 901 1501 987 1538; x_wconf 90' lang='lat' dir='ltr'>scri-</span> 
     </span>
     <span class='ocr_line' id='line_1_21' title="bbox 330 1557 984 1608; baseline -0.002 -12"><span class='ocrx_word' id='word_1_95' title='bbox 330 1560 384 1596; x_wconf 88' lang='lat' dir='ltr'>bit</span> <span class='ocrx_word' id='word_1_96' title='bbox 410 1560 568 1608; x_wconf 80' lang='lat' dir='ltr'>antiquis</span> <span class='ocrx_word' id='word_1_97' title='bbox 595 1558 819 1607; x_wconf 83' lang='lat' dir='ltr'>temporibus</span> <span class='ocrx_word' id='word_1_98' title='bbox 842 1559 878 1593; x_wconf 91' lang='lat' dir='ltr'>in</span> <span class='ocrx_word' id='word_1_99' title='bbox 910 1557 984 1595; x_wconf 88' lang='lat' dir='ltr'>Ae-</span> 
     </span>
     <span class='ocr_line' id='line_1_22' title="bbox 331 1613 981 1667; baseline -0.003 -15"><span class='ocrx_word' id='word_1_100' title='bbox 331 1620 446 1667; x_wconf 84' lang='lat' dir='ltr'>gypto</span> <span class='ocrx_word' id='word_1_101' title='bbox 470 1616 582 1653; x_wconf 87' lang='lat' dir='ltr'>fuisse</span> <span class='ocrx_word' id='word_1_102' title='bbox 604 1615 702 1650; x_wconf 86' lang='lat' dir='ltr'>vicos</span> <span class='ocrx_word' id='word_1_103' title='bbox 726 1613 981 1651; x_wconf 84' lang='lat' dir='ltr'>memorabiles</span> 
     </span>
     <span class='ocr_line' id='line_1_23' title="bbox 330 1669 981 1722; baseline -0.006 -12"><span class='ocrx_word' id='word_1_104' title='bbox 330 1678 369 1710; x_wconf 87' lang='lat' dir='ltr'>et</span> <span class='ocrx_word' id='word_1_105' title='bbox 387 1672 492 1710; x_wconf 89' lang='lat' dir='ltr'>urbes</span> <span class='ocrx_word' id='word_1_106' title='bbox 510 1672 630 1722; x_wconf 89' lang='lat' dir='ltr'>plures</span> <span class='ocrx_word' id='word_1_107' title='bbox 647 1670 894 1719; x_wconf 66' lang='lat' dir='ltr'>duodeviginti</span> <span class='ocrx_word' id='word_1_108' title='bbox 903 1669 981 1707; x_wconf 74' lang='lat' dir='ltr'>mil-</span> 
     </span>
     <span class='ocr_line' id='line_1_24' title="bbox 330 1727 981 1775; baseline -0.003 -10"><span class='ocrx_word' id='word_1_109' title='bbox 330 1729 442 1775; x_wconf 70' lang='lat' dir='ltr'>libus,</span> <span class='ocrx_word' id='word_1_110' title='bbox 470 1734 511 1765; x_wconf 91' lang='lat' dir='ltr'>ut</span> <span class='ocrx_word' id='word_1_111' title='bbox 532 1729 570 1765; x_wconf 91' lang='lat' dir='ltr'>in</span> <span class='ocrx_word' id='word_1_112' title='bbox 591 1727 854 1765; x_wconf 89' lang='lat' dir='ltr'>commentariis</span> <span class='ocrx_word' id='word_1_113' title='bbox 871 1728 981 1764; x_wconf 88' lang='lat' dir='ltr'>sacris</span> 
     </span>
     <span class='ocr_line' id='line_1_25' title="bbox 330 1783 980 1828; baseline -0.003 -6"><span class='ocrx_word' id='word_1_114' title='bbox 330 1799 396 1823; x_wconf 89' lang='lat' dir='ltr'>suo</span> <span class='ocrx_word' id='word_1_115' title='bbox 421 1785 501 1822; x_wconf 91' lang='lat' dir='ltr'>loco</span> <span class='ocrx_word' id='word_1_116' title='bbox 529 1789 693 1822; x_wconf 86' lang='lat' dir='ltr'>notatum</span> <span class='ocrx_word' id='word_1_117' title='bbox 712 1784 835 1821; x_wconf 73' lang='lat' dir='ltr'>videre</span> <span class='ocrx_word' id='word_1_118' title='bbox 856 1783 980 1828; x_wconf 83' lang='lat' dir='ltr'>liceat3</span> 
     </span>
     <span class='ocr_line' id='line_1_26' title="bbox 328 1839 981 1889; baseline -0.005 -10"><span class='ocrx_word' id='word_1_119' title='bbox 328 1841 538 1879; x_wconf 82' lang='lat' dir='ltr'>Ptolemaeo</span> <span class='ocrx_word' id='word_1_120' title='bbox 560 1845 682 1878; x_wconf 92' lang='lat' dir='ltr'>autem</span> <span class='ocrx_word' id='word_1_121' title='bbox 699 1839 795 1889; x_wconf 82' lang='lat' dir='ltr'>Lagi</span> <span class='ocrx_word' id='word_1_122' title='bbox 823 1852 981 1888; x_wconf 86' lang='lat' dir='ltr'>regnan-</span> 
     </span>
     <span class='ocr_line' id='line_1_27' title="bbox 329 1896 981 1948; baseline -0.002 -13"><span class='ocrx_word' id='word_1_123' title='bbox 329 1903 390 1946; x_wconf 84' lang='lat' dir='ltr'>te,</span> <span class='ocrx_word' id='word_1_124' title='bbox 419 1898 542 1948; x_wconf 87' lang='lat' dir='ltr'>plures</span> <span class='ocrx_word' id='word_1_125' title='bbox 568 1897 720 1947; x_wconf 81' lang='lat' dir='ltr'>triginta</span> <span class='ocrx_word' id='word_1_126' title='bbox 742 1896 898 1934; x_wconf 91' lang='lat' dir='ltr'>millibus</span> <span class='ocrx_word' id='word_1_127' title='bbox 924 1909 981 1934; x_wconf 82' lang='lat' dir='ltr'>re-</span> 
     </span>
     <span class='ocr_line' id='line_1_28' title="bbox 329 1952 981 2002; baseline -0.002 -10"><span class='ocrx_word' id='word_1_128' title='bbox 329 1956 487 1992; x_wconf 85' lang='lat' dir='ltr'>censitas</span> <span class='ocrx_word' id='word_1_129' title='bbox 517 1967 608 1992; x_wconf 90' lang='lat' dir='ltr'>esse.</span> <span class='ocrx_word' id='word_1_130' title='bbox 667 1952 729 1990; x_wconf 87' lang='lat' dir='ltr'>Tu</span> <span class='ocrx_word' id='word_1_131' title='bbox 762 1954 857 1990; x_wconf 91' lang='lat' dir='ltr'>conf.</span> <span class='ocrx_word' id='word_1_132' title='bbox 887 1965 981 2002; x_wconf 87' lang='lat' dir='ltr'>quae</span> 
     </span>
     <span class='ocr_line' id='line_1_29' title="bbox 328 2009 980 2048; baseline -0.003 0"><span class='ocrx_word' id='word_1_133' title='bbox 328 2010 398 2048; x_wconf 87' lang='lat' dir='ltr'>alia</span> <span class='ocrx_word' id='word_1_134' title='bbox 424 2011 573 2048; x_wconf 86' lang='lat' dir='ltr'>aliorum</span> <span class='ocrx_word' id='word_1_135' title='bbox 600 2009 809 2048; x_wconf 86' lang='lat' dir='ltr'>testimonia</span> <span class='ocrx_word' id='word_1_136' title='bbox 837 2010 885 2047; x_wconf 84' lang='lat' dir='ltr'>ad</span> <span class='ocrx_word' id='word_1_137' title='bbox 903 2010 937 2046; x_wconf 90' lang='lat' dir='ltr'>h.</span> <span class='ocrx_word' id='word_1_138' title='bbox 957 2009 980 2047; x_wconf 92' lang='lat' dir='ltr'>l.</span> 
     </span>
     <span class='ocr_line' id='line_1_30' title="bbox 328 2067 744 2116; baseline -0.005 -12"><span class='ocrx_word' id='word_1_139' title='bbox 328 2067 450 2104; x_wconf 86' lang='lat' dir='ltr'>attulit</span> <span class='ocrx_word' id='word_1_140' title='bbox 469 2067 744 2116; x_wconf 56' lang='lat' dir='ltr'>lVesselingius.</span> 
     </span>
    </p>
   </div>
   <div class='ocr_carea' id='block_1_17' title="bbox 326 2150 981 2362">
    <p class='ocr_par' dir='ltr' id='par_1_17' title="bbox 326 2150 981 2362">
     <span class='ocr_line' id='line_1_31' title="bbox 384 2150 981 2208; baseline -0.002 -13"><span class='ocrx_word' id='word_1_141' title='bbox 384 2152 511 2207; x_wconf 84' lang='grc' dir='ltr'><em>νόμον</em></span> <span class='ocrx_word' id='word_1_142' title='bbox 531 2154 573 2196; x_wconf 81' lang='grc' dir='ltr'>δὲ</span> <span class='ocrx_word' id='word_1_143' title='bbox 591 2155 846 2208; x_wconf 79' lang='grc' dir='ltr'><em>Αἰγυπτίοισι</em></span> <span class='ocrx_word' id='word_1_144' title='bbox 864 2150 981 2194; x_wconf 82' lang='grc' dir='ltr'><em>τόνδε</em></span> 
     </span>
     <span class='ocr_line' id='line_1_32' title="bbox 327 2211 981 2262; baseline -0.005 -11"><span class='ocrx_word' id='word_1_145' title='bbox 327 2226 363 2251; x_wconf 84' lang='grc' dir='ltr'>κ.</span> <span class='ocrx_word' id='word_1_146' title='bbox 374 2227 405 2250; x_wconf 91' lang='grc' dir='ltr'><em>τ.</em></span> <span class='ocrx_word' id='word_1_147' title='bbox 419 2212 469 2262; x_wconf 85' lang='grc' dir='ltr'>λ.]</span> <span class='ocrx_word' id='word_1_148' title='bbox 503 2211 545 2251; x_wconf 81' lang='grc' dir='ltr'>δὲ</span> <span class='ocrx_word' id='word_1_149' title='bbox 566 2227 646 2250; x_wconf 90' lang='lat' dir='ltr'>cum</span> <span class='ocrx_word' id='word_1_150' title='bbox 676 2217 829 2250; x_wconf 88' lang='lat' dir='ltr'>recentt.</span> <span class='ocrx_word' id='word_1_151' title='bbox 853 2212 981 2262; x_wconf 88' lang='lat' dir='ltr'>scripsi</span> 
     </span>
     <span class='ocr_line' id='line_1_33' title="bbox 326 2268 981 2318; baseline 0.002 -14"><span class='ocrx_word' id='word_1_152' title='bbox 326 2281 394 2318; x_wconf 86' lang='lat' dir='ltr'>pro</span> <span class='ocrx_word' id='word_1_153' title='bbox 430 2282 499 2316; x_wconf 88' lang='grc' dir='ltr'>τε,</span> <span class='ocrx_word' id='word_1_154' title='bbox 547 2270 647 2318; x_wconf 89' lang='lat' dir='ltr'>quod</span> <span class='ocrx_word' id='word_1_155' title='bbox 680 2268 766 2305; x_wconf 90' lang='lat' dir='ltr'>olim</span> <span class='ocrx_word' id='word_1_156' title='bbox 794 2268 981 2316; x_wconf 82' lang='lat' dir='ltr'>vulgatum</span> 
     </span>
     <span class='ocr_line' id='line_1_34' title="bbox 327 2329 418 2362; baseline 0 0"><span class='ocrx_word' id='word_1_157' title='bbox 327 2329 418 2362; x_wconf 88' lang='lat' dir='ltr'>erat.</span> 
     </span>
    </p>
   </div>
   <div class='ocr_carea' id='block_1_18' title="bbox 323 2409 979 2970">
    <p class='ocr_par' dir='ltr' id='par_1_18' title="bbox 323 2409 979 2970">
     <span class='ocr_line' id='line_1_35' title="bbox 380 2409 979 2464; baseline -0.003 -11"><span class='ocrx_word' id='word_1_158' title='bbox 380 2409 481 2454; x_wconf 65' lang='grc' dir='ltr'><em>ὅθεν</em></span> <span class='ocrx_word' id='word_1_159' title='bbox 508 2411 688 2464; x_wconf 81' lang='grc' dir='ltr'><em>βιοῦται]</em></span> <span class='ocrx_word' id='word_1_160' title='bbox 728 2413 783 2450; x_wconf 86' lang='lat' dir='ltr'>Ita</span> <span class='ocrx_word' id='word_1_161' title='bbox 812 2426 879 2463; x_wconf 93' lang='lat' dir='ltr'>pro</span> <span class='ocrx_word' id='word_1_162' title='bbox 916 2414 979 2463; x_wconf 87' lang='grc' dir='ltr'><em>βε-</em></span> 
     </span>
     <span class='ocr_line' id='line_1_36' title="bbox 326 2469 977 2522; baseline -0.006 -12"><span class='ocrx_word' id='word_1_163' title='bbox 326 2471 512 2522; x_wconf 83' lang='grc' dir='ltr'><em>βαιοῦται</em></span> <span class='ocrx_word' id='word_1_164' title='bbox 530 2483 626 2507; x_wconf 90' lang='lat' dir='ltr'>nunc</span> <span class='ocrx_word' id='word_1_165' title='bbox 653 2483 673 2506; x_wconf 91' lang='lat' dir='ltr'>e</span> <span class='ocrx_word' id='word_1_166' title='bbox 694 2469 792 2506; x_wconf 90' lang='lat' dir='ltr'>libris</span> <span class='ocrx_word' id='word_1_167' title='bbox 814 2469 977 2519; x_wconf 86' lang='lat' dir='ltr'>pluribus</span> 
     </span>
     <span class='ocr_line' id='line_1_37' title="bbox 325 2526 974 2577; baseline -0.003 -13"><span class='ocrx_word' id='word_1_168' title='bbox 325 2528 483 2574; x_wconf 88' lang='lat' dir='ltr'>editum,</span> <span class='ocrx_word' id='word_1_169' title='bbox 521 2527 705 2577; x_wconf 88' lang='lat' dir='ltr'>probante</span> <span class='ocrx_word' id='word_1_170' title='bbox 738 2526 873 2572; x_wconf 57' lang='lat' dir='ltr'>Sume,</span> <span class='ocrx_word' id='word_1_171' title='bbox 911 2526 974 2575; x_wconf 90' lang='lat' dir='ltr'>qui</span> 
     </span>
     <span class='ocr_line' id='line_1_38' title="bbox 324 2582 973 2636; baseline -0.002 -15"><span class='ocrx_word' id='word_1_172' title='bbox 324 2584 480 2635; x_wconf 82' lang='grc' dir='ltr'><em>βιοῦται</em></span> <span class='ocrx_word' id='word_1_173' title='bbox 497 2582 649 2619; x_wconf 86' lang='lat' dir='ltr'>laudans</span> <span class='ocrx_word' id='word_1_174' title='bbox 670 2582 824 2632; x_wconf 84' lang='lat' dir='ltr'>explicat</span> <span class='ocrx_word' id='word_1_175' title='bbox 845 2584 910 2636; x_wconf 80' lang='grc' dir='ltr'>ζῇ,</span> <span class='ocrx_word' id='word_1_176' title='bbox 936 2586 973 2620; x_wconf 91' lang='lat' dir='ltr'>et</span> 
     </span>
     <span class='ocr_line' id='line_1_39' title="bbox 325 2638 970 2685; baseline -0.005 -8"><span class='ocrx_word' id='word_1_177' title='bbox 325 2640 462 2677; x_wconf 91' lang='lat' dir='ltr'>dudum</span> <span class='ocrx_word' id='word_1_178' title='bbox 498 2643 670 2676; x_wconf 88' lang='lat' dir='ltr'>monente</span> <span class='ocrx_word' id='word_1_179' title='bbox 714 2638 970 2685; x_wconf 86' lang='lat' dir='ltr'>Valckenario,</span> 
     </span>
     <span class='ocr_line' id='line_1_40' title="bbox 324 2696 970 2745; baseline 0.002 -14"><span class='ocrx_word' id='word_1_180' title='bbox 324 2696 387 2745; x_wconf 85' lang='lat' dir='ltr'>qui</span> <span class='ocrx_word' id='word_1_181' title='bbox 398 2699 495 2732; x_wconf 88' lang='lat' dir='ltr'>recte</span> <span class='ocrx_word' id='word_1_182' title='bbox 514 2696 793 2745; x_wconf 87' lang='lat' dir='ltr'>interpretatur:</span> <span class='ocrx_word' id='word_1_183' title='bbox 823 2706 970 2742; x_wconf 81' lang='lat' dir='ltr'>quonam</span> 
     </span>
     <span class='ocr_line' id='line_1_41' title="bbox 324 2751 973 2800; baseline 0.003 -13"><span class='ocrx_word' id='word_1_184' title='bbox 324 2754 471 2800; x_wconf 83' lang='lat' dir='ltr'>quaestu</span> <span class='ocrx_word' id='word_1_185' title='bbox 490 2755 764 2798; x_wconf 79' lang='lat' dir='ltr'>sustentaretur,</span> <span class='ocrx_word' id='word_1_186' title='bbox 794 2751 884 2789; x_wconf 92' lang='lat' dir='ltr'>haec</span> <span class='ocrx_word' id='word_1_187' title='bbox 906 2752 973 2788; x_wconf 92' lang='lat' dir='ltr'>ad-</span> 
     </span>
     <span class='ocr_line' id='line_1_42' title="bbox 323 2801 973 2854; baseline 0.006 -12"><span class='ocrx_word' id='word_1_188' title='bbox 323 2806 469 2844; x_wconf 87' lang='lat' dir='ltr'>iiciens:</span> <span class='ocrx_word' id='word_1_189' title='bbox 517 2835 542 2854; x_wconf 83' lang='lat'>‚,</span> <span class='ocrx_word' id='word_1_190' title='bbox 556 2801 845 2846; x_wconf 81' lang='grc' dir='ltr'><em>οἷποδεικνύντα</em></span> <span class='ocrx_word' id='word_1_191' title='bbox 874 2804 973 2846; x_wconf 75' lang='grc' dir='ltr'><em>ὅθεν</em></span> 
     </span>
     <span class='ocr_line' id='line_1_43' title="bbox 323 2862 973 2915; baseline 0.005 -17"><span class='ocrx_word' id='word_1_192' title='bbox 323 2862 371 2915; x_wconf 70' lang='grc' dir='ltr'>ζῇ</span> <span class='ocrx_word' id='word_1_193' title='bbox 383 2891 394 2910; x_wconf 87' lang='grc'><em>,</em></span> <span class='ocrx_word' id='word_1_194' title='bbox 416 2862 527 2899; x_wconf 88' lang='lat' dir='ltr'>habet</span> <span class='ocrx_word' id='word_1_195' title='bbox 544 2863 591 2900; x_wconf 91' lang='lat' dir='ltr'>de</span> <span class='ocrx_word' id='word_1_196' title='bbox 609 2876 649 2900; x_wconf 91' lang='lat' dir='ltr'>re</span> <span class='ocrx_word' id='word_1_197' title='bbox 667 2864 794 2901; x_wconf 84' lang='lat' dir='ltr'>eadem</span> <span class='ocrx_word' id='word_1_198' title='bbox 818 2863 973 2912; x_wconf 87' lang='lat' dir='ltr'>loquens</span> 
     </span>
     <span class='ocr_line' id='line_1_44' title="bbox 323 2914 971 2970; baseline 0.005 -15"><span class='ocrx_word' id='word_1_199' title='bbox 323 2917 463 2956; x_wconf 84' lang='lat' dir='ltr'>Aelian.</span> <span class='ocrx_word' id='word_1_200' title='bbox 489 2930 522 2955; x_wconf 84' lang='lat' dir='ltr'>v.</span> <span class='ocrx_word' id='word_1_201' title='bbox 539 2917 575 2955; x_wconf 93' lang='lat' dir='ltr'>h.</span> <span class='ocrx_word' id='word_1_202' title='bbox 605 2918 668 2966; x_wconf 89' lang='lat' dir='ltr'>IV,</span> <span class='ocrx_word' id='word_1_203' title='bbox 692 2922 725 2959; x_wconf 90' lang='lat'>1.</span> <span class='ocrx_word' id='word_1_204' title='bbox 756 2914 878 2970; x_wconf 79' lang='grc' dir='ltr'><em>λόγον</em></span> <span class='ocrx_word' id='word_1_205' title='bbox 897 2916 971 2958; x_wconf 71' lang='grc' dir='ltr'><em>δαί-</em></span> 
     </span>
    </p>
   </div>
   <div class='ocr_carea' id='block_1_19' title="bbox 1037 1111 1707 2690">
    <p class='ocr_par' dir='ltr' id='par_1_19' title="bbox 1037 1111 1707 2690">
     <span class='ocr_line' id='line_1_45' title="bbox 1057 1111 1706 1171; baseline 0 -17"><span class='ocrx_word' id='word_1_206' title='bbox 1057 1126 1195 1162; x_wconf 90' lang='grc' dir='ltr'><em>σοντα,</em></span> <span class='ocrx_word' id='word_1_207' title='bbox 1236 1111 1369 1155; x_wconf 80' lang='grc' dir='ltr'><em>πόθεν</em></span> <span class='ocrx_word' id='word_1_208' title='bbox 1392 1137 1447 1144; x_wconf 85' lang='grc'><strong>-</strong></span> <span class='ocrx_word' id='word_1_209' title='bbox 1467 1117 1583 1171; x_wconf 79' lang='grc' dir='ltr'><em>διαζῇ</em></span> <span class='ocrx_word' id='word_1_210' title='bbox 1616 1117 1706 1155; x_wconf 86' lang='grc' dir='ltr'>1)ἰο-</span> 
     </span>
     <span class='ocr_line' id='line_1_46' title="bbox 1055 1171 1706 1221; baseline 0.009 -13"><span class='ocrx_word' id='word_1_211' title='bbox 1055 1185 1138 1221; x_wconf 81' lang='lat' dir='ltr'>gen.</span> <span class='ocrx_word' id='word_1_212' title='bbox 1158 1171 1280 1209; x_wconf 80' lang='lat' dir='ltr'>La&#39;ert.</span> <span class='ocrx_word' id='word_1_213' title='bbox 1300 1173 1389 1220; x_wconf 79' lang='lat' dir='ltr'>Vll,</span> <span class='ocrx_word' id='word_1_214' title='bbox 1417 1176 1509 1215; x_wconf 87' lang='grc'><strong>168.</strong></span> <span class='ocrx_word' id='word_1_215' title='bbox 1551 1171 1630 1213; x_wconf 81' lang='grc' dir='ltr'><em>α’πὸ</em></span> <span class='ocrx_word' id='word_1_216' title='bbox 1653 1175 1706 1213; x_wconf 86' lang='grc' dir='ltr'><em>τί-</em></span> 
     </span>
     <span class='ocr_line' id='line_1_47' title="bbox 1055 1227 1704 1281; baseline 0.003 -15"><span class='ocrx_word' id='word_1_217' title='bbox 1055 1243 1139 1267; x_wconf 88' lang='grc' dir='ltr'>νων</span> <span class='ocrx_word' id='word_1_218' title='bbox 1151 1227 1309 1276; x_wconf 51' lang='lat' dir='ltr'>{wotos</span> <span class='ocrx_word' id='word_1_219' title='bbox 1320 1230 1519 1280; x_wconf 75' lang='grc' dir='ltr'><em>πορίζεται</em></span> <span class='ocrx_word' id='word_1_220' title='bbox 1531 1228 1598 1270; x_wconf 82' lang='grc' dir='ltr'><em>τὸν</em></span> <span class='ocrx_word' id='word_1_221' title='bbox 1614 1231 1704 1281; x_wconf 87' lang='grc' dir='ltr'><em>βίον</em></span> 
     </span>
     <span class='ocr_line' id='line_1_48' title="bbox 1055 1285 1707 1333; baseline -0.002 -10"><span class='ocrx_word' id='word_1_222' title='bbox 1055 1285 1209 1323; x_wconf 90' lang='lat' dir='ltr'>Diodor.</span> <span class='ocrx_word' id='word_1_223' title='bbox 1233 1286 1339 1323; x_wconf 91' lang='lat' dir='ltr'>Sicul.</span> <span class='ocrx_word' id='word_1_224' title='bbox 1366 1286 1401 1333; x_wconf 86' lang='lat' dir='ltr'>l,</span> <span class='ocrx_word' id='word_1_225' title='bbox 1424 1290 1489 1327; x_wconf 90' lang='grc'>77.</span> <span class='ocrx_word' id='word_1_226' title='bbox 1518 1308 1574 1315; x_wconf 85' lang='grc'>-</span> <span class='ocrx_word' id='word_1_227' title='bbox 1606 1288 1707 1331; x_wconf 85' lang='lat' dir='ltr'>Quid</span> 
     </span>
     <span class='ocr_line' id='line_1_49' title="bbox 1052 1341 1707 1392; baseline 0.003 -14"><span class='ocrx_word' id='word_1_228' title='bbox 1052 1341 1276 1392; x_wconf 81' lang='lat' dir='ltr'>Aegyptium</span> <span class='ocrx_word' id='word_1_229' title='bbox 1302 1344 1455 1380; x_wconf 85' lang='lat' dir='ltr'>moverit</span> <span class='ocrx_word' id='word_1_230' title='bbox 1483 1345 1530 1381; x_wconf 92' lang='lat' dir='ltr'>ad</span> <span class='ocrx_word' id='word_1_231' title='bbox 1563 1344 1707 1381; x_wconf 90' lang='lat' dir='ltr'>utilissi-</span> 
     </span>
     <span class='ocr_line' id='line_1_50' title="bbox 1053 1398 1706 1448; baseline 0.003 -13"><span class='ocrx_word' id='word_1_232' title='bbox 1053 1411 1150 1435; x_wconf 90' lang='lat' dir='ltr'>mam</span> <span class='ocrx_word' id='word_1_233' title='bbox 1166 1399 1258 1436; x_wconf 87' lang='lat' dir='ltr'>hanc</span> <span class='ocrx_word' id='word_1_234' title='bbox 1273 1398 1391 1448; x_wconf 84' lang='lat' dir='ltr'>legem</span> <span class='ocrx_word' id='word_1_235' title='bbox 1406 1401 1594 1437; x_wconf 86' lang='lat' dir='ltr'>ferendam</span> <span class='ocrx_word' id='word_1_236' title='bbox 1605 1429 1616 1447; x_wconf 82' lang='lat'>‚</span> <span class='ocrx_word' id='word_1_237' title='bbox 1638 1401 1706 1437; x_wconf 91' lang='lat' dir='ltr'>do-</span> 
     </span>
     <span class='ocr_line' id='line_1_51' title="bbox 1055 1455 1702 1494; baseline 0.003 -3"><span class='ocrx_word' id='word_1_238' title='bbox 1055 1460 1112 1492; x_wconf 91' lang='lat' dir='ltr'>cet</span> <span class='ocrx_word' id='word_1_239' title='bbox 1149 1455 1315 1492; x_wconf 89' lang='lat' dir='ltr'>Perizon.</span> <span class='ocrx_word' id='word_1_240' title='bbox 1346 1457 1394 1493; x_wconf 89' lang='lat' dir='ltr'>ad</span> <span class='ocrx_word' id='word_1_241' title='bbox 1428 1457 1564 1494; x_wconf 84' lang='lat' dir='ltr'>Aelian.</span> <span class='ocrx_word' id='word_1_242' title='bbox 1602 1469 1635 1494; x_wconf 82' lang='lat' dir='ltr'>v.</span> <span class='ocrx_word' id='word_1_243' title='bbox 1667 1457 1702 1493; x_wconf 92' lang='lat' dir='ltr'>h.</span> 
     </span>
     <span class='ocr_line' id='line_1_52' title="bbox 1054 1510 1704 1563; baseline 0.002 -15"><span class='ocrx_word' id='word_1_244' title='bbox 1054 1511 1102 1558; x_wconf 88' lang='lat' dir='ltr'>X,</span> <span class='ocrx_word' id='word_1_245' title='bbox 1136 1512 1186 1552; x_wconf 81' lang='lat'>14</span> <span class='ocrx_word' id='word_1_246' title='bbox 1232 1510 1298 1561; x_wconf 89' lang='lat' dir='ltr'>[ut</span> <span class='ocrx_word' id='word_1_247' title='bbox 1330 1512 1462 1549; x_wconf 87' lang='lat' dir='ltr'>scilicet</span> <span class='ocrx_word' id='word_1_248' title='bbox 1492 1513 1704 1563; x_wconf 89' lang='lat' dir='ltr'>quotidiano</span> 
     </span>
     <span class='ocr_line' id='line_1_53' title="bbox 1050 1569 1702 1620; baseline 0.003 -16"><span class='ocrx_word' id='word_1_249' title='bbox 1050 1569 1144 1605; x_wconf 73' lang='lat' dir='ltr'>victo</span> <span class='ocrx_word' id='word_1_250' title='bbox 1163 1570 1372 1617; x_wconf 86' lang='lat' dir='ltr'>quaerendo</span> <span class='ocrx_word' id='word_1_251' title='bbox 1394 1570 1574 1620; x_wconf 89' lang='lat' dir='ltr'>occupatis</span> <span class='ocrx_word' id='word_1_252' title='bbox 1591 1570 1702 1606; x_wconf 88' lang='lat' dir='ltr'>otium</span> 
     </span>
     <span class='ocr_line' id='line_1_54' title="bbox 1050 1625 1703 1674; baseline 0.002 -13"><span class='ocrx_word' id='word_1_253' title='bbox 1050 1637 1124 1661; x_wconf 89' lang='lat' dir='ltr'>non</span> <span class='ocrx_word' id='word_1_254' title='bbox 1172 1626 1217 1661; x_wconf 88' lang='lat' dir='ltr'>sit</span> <span class='ocrx_word' id='word_1_255' title='bbox 1257 1626 1306 1661; x_wconf 92' lang='lat' dir='ltr'>ad</span> <span class='ocrx_word' id='word_1_256' title='bbox 1335 1625 1482 1663; x_wconf 82' lang='lat' dir='ltr'>insidias</span> <span class='ocrx_word' id='word_1_257' title='bbox 1519 1627 1703 1674; x_wconf 87' lang='lat' dir='ltr'>tyrannidi</span> 
     </span>
     <span class='ocr_line' id='line_1_55' title="bbox 1047 1679 1704 1733; baseline 0 -15"><span class='ocrx_word' id='word_1_258' title='bbox 1047 1679 1268 1730; x_wconf 66' lang='lat' dir='ltr'>struendas}</span> <span class='ocrx_word' id='word_1_259' title='bbox 1327 1682 1448 1725; x_wconf 86' lang='lat' dir='ltr'>Quam</span> <span class='ocrx_word' id='word_1_260' title='bbox 1471 1695 1515 1720; x_wconf 85' lang='lat' dir='ltr'>ex</span> <span class='ocrx_word' id='word_1_261' title='bbox 1533 1682 1704 1733; x_wconf 82' lang='lat' dir='ltr'>Aegypto</span> 
     </span>
     <span class='ocr_line' id='line_1_56' title="bbox 1048 1738 1702 1788; baseline 0.005 -15"><span class='ocrx_word' id='word_1_262' title='bbox 1048 1738 1199 1788; x_wconf 80' lang='lat' dir='ltr'>petitam</span> <span class='ocrx_word' id='word_1_263' title='bbox 1228 1738 1364 1774; x_wconf 85' lang='lat' dir='ltr'>civibus</span> <span class='ocrx_word' id='word_1_264' title='bbox 1390 1739 1461 1775; x_wconf 91' lang='lat' dir='ltr'>suis</span> <span class='ocrx_word' id='word_1_265' title='bbox 1482 1739 1607 1777; x_wconf 86' lang='lat' dir='ltr'>tulisse</span> <span class='ocrx_word' id='word_1_266' title='bbox 1628 1744 1702 1776; x_wconf 86' lang='lat' dir='ltr'>tra—</span> 
     </span>
     <span class='ocr_line' id='line_1_57' title="bbox 1050 1793 1700 1845; baseline 0.005 -16"><span class='ocrx_word' id='word_1_267' title='bbox 1050 1795 1147 1830; x_wconf 89' lang='lat' dir='ltr'>ditur</span> <span class='ocrx_word' id='word_1_268' title='bbox 1166 1793 1279 1830; x_wconf 88' lang='lat' dir='ltr'>Solon</span> <span class='ocrx_word' id='word_1_269' title='bbox 1291 1822 1301 1841; x_wconf 89' lang='lat'>‚</span> <span class='ocrx_word' id='word_1_270' title='bbox 1325 1794 1383 1831; x_wconf 82' lang='lat' dir='ltr'>lex</span> <span class='ocrx_word' id='word_1_271' title='bbox 1401 1794 1559 1832; x_wconf 89' lang='lat' dir='ltr'>Draconi</span> <span class='ocrx_word' id='word_1_272' title='bbox 1577 1795 1700 1845; x_wconf 89' lang='lat' dir='ltr'>potius</span> 
     </span>
     <span class='ocr_line' id='line_1_58' title="bbox 1048 1851 1701 1890; baseline 0.002 -3"><span class='ocrx_word' id='word_1_273' title='bbox 1048 1851 1192 1888; x_wconf 75' lang='lat' dir='ltr'>videtur</span> <span class='ocrx_word' id='word_1_274' title='bbox 1217 1851 1480 1888; x_wconf 88' lang='lat' dir='ltr'>contribuenda</span> <span class='ocrx_word' id='word_1_275' title='bbox 1509 1852 1606 1890; x_wconf 84' lang='lat' dir='ltr'>velut</span> <span class='ocrx_word' id='word_1_276' title='bbox 1636 1864 1701 1888; x_wconf 88' lang='lat' dir='ltr'>au-</span> 
     </span>
     <span class='ocr_line' id='line_1_59' title="bbox 1049 1907 1702 1958; baseline 0.002 -15"><span class='ocrx_word' id='word_1_277' title='bbox 1049 1907 1162 1943; x_wconf 87' lang='lat' dir='ltr'>ctori:</span> <span class='ocrx_word' id='word_1_278' title='bbox 1193 1907 1266 1944; x_wconf 78' lang='lat' dir='ltr'>vid.</span> <span class='ocrx_word' id='word_1_279' title='bbox 1292 1907 1508 1958; x_wconf 60' lang='lat' dir='ltr'>lVesseling.</span> <span class='ocrx_word' id='word_1_280' title='bbox 1535 1909 1582 1945; x_wconf 88' lang='lat' dir='ltr'>ad</span> <span class='ocrx_word' id='word_1_281' title='bbox 1609 1908 1702 1946; x_wconf 95' lang='lat' dir='ltr'>Dio-</span> 
     </span>
     <span class='ocr_line' id='line_1_60' title="bbox 1050 1963 1699 2014; baseline 0.005 -15"><span class='ocrx_word' id='word_1_282' title='bbox 1050 1964 1128 1999; x_wconf 93' lang='lat' dir='ltr'>dor.</span> <span class='ocrx_word' id='word_1_283' title='bbox 1147 1963 1163 1999; x_wconf 95' lang='grc' dir='ltr'>Ι</span> <span class='ocrx_word' id='word_1_284' title='bbox 1188 1976 1274 2013; x_wconf 86' lang='lat' dir='ltr'>pag.</span> <span class='ocrx_word' id='word_1_285' title='bbox 1297 1965 1349 2004; x_wconf 88' lang='lat'>88</span> <span class='ocrx_word' id='word_1_286' title='bbox 1372 1968 1409 2001; x_wconf 93' lang='lat' dir='ltr'>et</span> <span class='ocrx_word' id='word_1_287' title='bbox 1429 1964 1578 2014; x_wconf 86' lang='lat' dir='ltr'>Taylor.</span> <span class='ocrx_word' id='word_1_288' title='bbox 1599 1964 1699 2002; x_wconf 89' lang='lat' dir='ltr'>lectt.</span> 
     </span>
     <span class='ocr_line' id='line_1_61' title="bbox 1047 2018 1698 2072; baseline 0.003 -16"><span class='ocrx_word' id='word_1_289' title='bbox 1047 2018 1198 2069; x_wconf 77' lang='lat' dir='ltr'>Lyss.p.</span> <span class='ocrx_word' id='word_1_290' title='bbox 1213 2023 1293 2060; x_wconf 84' lang='lat'>707</span> <span class='ocrx_word' id='word_1_291' title='bbox 1315 2033 1390 2069; x_wconf 87' lang='lat' dir='ltr'>seq.</span> <span class='ocrx_word' id='word_1_292' title='bbox 1415 2020 1581 2058; x_wconf 86' lang='lat' dir='ltr'>Eandem</span> <span class='ocrx_word' id='word_1_293' title='bbox 1599 2021 1698 2072; x_wconf 86' lang='lat' dir='ltr'>apud</span> 
     </span>
     <span class='ocr_line' id='line_1_62' title="bbox 1049 2076 1699 2126; baseline 0.003 -13"><span class='ocrx_word' id='word_1_294' title='bbox 1049 2076 1139 2113; x_wconf 90' lang='lat' dir='ltr'>alios</span> <span class='ocrx_word' id='word_1_295' title='bbox 1158 2077 1266 2113; x_wconf 89' lang='lat' dir='ltr'>etiam</span> <span class='ocrx_word' id='word_1_296' title='bbox 1285 2077 1441 2126; x_wconf 90' lang='lat' dir='ltr'>populos</span> <span class='ocrx_word' id='word_1_297' title='bbox 1463 2078 1622 2126; x_wconf 85' lang='lat' dir='ltr'>viguisse</span> <span class='ocrx_word' id='word_1_298' title='bbox 1633 2090 1699 2114; x_wconf 91' lang='lat' dir='ltr'>an-</span> 
     </span>
     <span class='ocr_line' id='line_1_63' title="bbox 1047 2132 1697 2171; baseline 0.002 -2"><span class='ocrx_word' id='word_1_299' title='bbox 1047 2136 1084 2170; x_wconf 89' lang='lat' dir='ltr'>te</span> <span class='ocrx_word' id='word_1_300' title='bbox 1102 2132 1267 2170; x_wconf 91' lang='lat' dir='ltr'>Perizon.</span> <span class='ocrx_word' id='word_1_301' title='bbox 1289 2134 1500 2171; x_wconf 88' lang='lat' dir='ltr'>ostenderat</span> <span class='ocrx_word' id='word_1_302' title='bbox 1517 2133 1697 2171; x_wconf 87' lang='lat' dir='ltr'>Abramus</span> 
     </span>
     <span class='ocr_line' id='line_1_64' title="bbox 1049 2189 1699 2240; baseline 0.002 -15"><span class='ocrx_word' id='word_1_303' title='bbox 1049 2190 1096 2225; x_wconf 86' lang='lat' dir='ltr'>ad</span> <span class='ocrx_word' id='word_1_304' title='bbox 1117 2189 1233 2226; x_wconf 91' lang='lat' dir='ltr'>Cicer.</span> <span class='ocrx_word' id='word_1_305' title='bbox 1255 2202 1307 2226; x_wconf 95' lang='lat' dir='ltr'>or.</span> <span class='ocrx_word' id='word_1_306' title='bbox 1330 2202 1398 2240; x_wconf 89' lang='lat' dir='ltr'>pro</span> <span class='ocrx_word' id='word_1_307' title='bbox 1416 2190 1542 2227; x_wconf 82' lang='lat' dir='ltr'>Sextio</span> <span class='ocrx_word' id='word_1_308' title='bbox 1564 2189 1699 2230; x_wconf 82' lang='lat' dir='ltr'>c.48.“</span> 
     </span>
     <span class='ocr_line' id='line_1_65' title="bbox 1047 2245 1696 2296; baseline 0.002 -15"><span class='ocrx_word' id='word_1_309' title='bbox 1047 2245 1206 2282; x_wconf 90' lang='lat' dir='ltr'>Heeren.</span> <span class='ocrx_word' id='word_1_310' title='bbox 1224 2246 1336 2283; x_wconf 89' lang='lat' dir='ltr'>Ideen</span> <span class='ocrx_word' id='word_1_311' title='bbox 1358 2246 1410 2293; x_wconf 86' lang='grc' dir='ltr'>ΙΙ,</span> <span class='ocrx_word' id='word_1_312' title='bbox 1425 2250 1451 2287; x_wconf 82' lang='grc'>2</span> <span class='ocrx_word' id='word_1_313' title='bbox 1471 2260 1508 2296; x_wconf 88' lang='lat' dir='ltr'>p.</span> <span class='ocrx_word' id='word_1_314' title='bbox 1520 2248 1602 2287; x_wconf 88' lang='grc'>338</span> <span class='ocrx_word' id='word_1_315' title='bbox 1618 2250 1696 2283; x_wconf 90' lang='lat' dir='ltr'>not.</span> 
     </span>
     <span class='ocr_line' id='line_1_66' title="bbox 1047 2301 1694 2351; baseline 0.002 -13"><span class='ocrx_word' id='word_1_316' title='bbox 1047 2301 1229 2338; x_wconf 90' lang='lat' dir='ltr'>Herodoti</span> <span class='ocrx_word' id='word_1_317' title='bbox 1266 2301 1345 2338; x_wconf 93' lang='lat' dir='ltr'>loco</span> <span class='ocrx_word' id='word_1_318' title='bbox 1378 2303 1509 2350; x_wconf 86' lang='lat' dir='ltr'>utitur,</span> <span class='ocrx_word' id='word_1_319' title='bbox 1552 2315 1596 2339; x_wconf 85' lang='lat' dir='ltr'>ex</span> <span class='ocrx_word' id='word_1_320' title='bbox 1621 2315 1694 2351; x_wconf 93' lang='lat' dir='ltr'>quo</span> 
     </span>
     <span class='ocr_line' id='line_1_67' title="bbox 1045 2358 1697 2407; baseline 0.002 -12"><span class='ocrx_word' id='word_1_321' title='bbox 1045 2359 1276 2395; x_wconf 87' lang='lat' dir='ltr'>manifestum</span> <span class='ocrx_word' id='word_1_322' title='bbox 1298 2358 1361 2394; x_wconf 88' lang='lat' dir='ltr'>fiat</span> <span class='ocrx_word' id='word_1_323' title='bbox 1375 2387 1386 2405; x_wconf 84' lang='lat'>‚</span> <span class='ocrx_word' id='word_1_324' title='bbox 1415 2370 1523 2406; x_wconf 92' lang='lat' dir='ltr'>quam</span> <span class='ocrx_word' id='word_1_325' title='bbox 1541 2358 1697 2407; x_wconf 86' lang='lat' dir='ltr'>diligen-</span> 
     </span>
     <span class='ocr_line' id='line_1_68' title="bbox 1046 2413 1693 2464; baseline 0.005 -15"><span class='ocrx_word' id='word_1_326' title='bbox 1046 2417 1122 2450; x_wconf 89' lang='lat' dir='ltr'>tem</span> <span class='ocrx_word' id='word_1_327' title='bbox 1144 2419 1181 2450; x_wconf 91' lang='lat' dir='ltr'>et</span> <span class='ocrx_word' id='word_1_328' title='bbox 1201 2418 1404 2450; x_wconf 83' lang='lat' dir='ltr'>accuratam</span> <span class='ocrx_word' id='word_1_329' title='bbox 1424 2413 1585 2464; x_wconf 86' lang='lat' dir='ltr'>politiam</span> <span class='ocrx_word' id='word_1_330' title='bbox 1607 2415 1693 2461; x_wconf 92' lang='lat' dir='ltr'>(nos</span> 
     </span>
     <span class='ocr_line' id='line_1_69' title="bbox 1044 2469 1695 2518; baseline 0.005 -12"><span class='ocrx_word' id='word_1_331' title='bbox 1044 2470 1195 2507; x_wconf 89' lang='lat' dir='ltr'>dicimus</span> <span class='ocrx_word' id='word_1_332' title='bbox 1216 2469 1371 2518; x_wconf 73' lang='lat' dir='ltr'>Pvlz‘zez&#39;)</span> <span class='ocrx_word' id='word_1_333' title='bbox 1389 2471 1426 2506; x_wconf 90' lang='lat' dir='ltr'>in</span> <span class='ocrx_word' id='word_1_334' title='bbox 1440 2470 1602 2518; x_wconf 86' lang='lat' dir='ltr'>singulos</span> <span class='ocrx_word' id='word_1_335' title='bbox 1621 2471 1695 2509; x_wconf 85' lang='lat' dir='ltr'>Ae-</span> 
     </span>
     <span class='ocr_line' id='line_1_70' title="bbox 1041 2526 1693 2577; baseline 0 -14"><span class='ocrx_word' id='word_1_336' title='bbox 1041 2527 1186 2577; x_wconf 78' lang='lat' dir='ltr'>gyptios</span> <span class='ocrx_word' id='word_1_337' title='bbox 1203 2526 1239 2562; x_wconf 91' lang='lat' dir='ltr'>hi</span> <span class='ocrx_word' id='word_1_338' title='bbox 1259 2526 1444 2564; x_wconf 90' lang='lat' dir='ltr'>nomarchi</span> <span class='ocrx_word' id='word_1_339' title='bbox 1459 2527 1693 2575; x_wconf 84' lang='lat' dir='ltr'>exercuerint,</span> 
     </span>
     <span class='ocr_line' id='line_1_71' title="bbox 1040 2582 1691 2632; baseline 0.002 -13"><span class='ocrx_word' id='word_1_340' title='bbox 1040 2583 1101 2632; x_wconf 89' lang='lat' dir='ltr'>qui</span> <span class='ocrx_word' id='word_1_341' title='bbox 1120 2582 1268 2632; x_wconf 84' lang='lat' dir='ltr'>singulis</span> <span class='ocrx_word' id='word_1_342' title='bbox 1297 2583 1414 2620; x_wconf 84' lang='lat' dir='ltr'>nornis</span> <span class='ocrx_word' id='word_1_343' title='bbox 1435 2584 1691 2620; x_wconf 85' lang='lat' dir='ltr'>administran-</span> 
     </span>
     <span class='ocr_line' id='line_1_72' title="bbox 1037 2639 1633 2690; baseline 0.002 -14"><span class='ocrx_word' id='word_1_344' title='bbox 1037 2640 1092 2676; x_wconf 88' lang='lat' dir='ltr'>dis</span> <span class='ocrx_word' id='word_1_345' title='bbox 1107 2639 1283 2690; x_wconf 85' lang='lat' dir='ltr'>praefecti</span> <span class='ocrx_word' id='word_1_346' title='bbox 1302 2639 1416 2676; x_wconf 82' lang='lat' dir='ltr'>fuisse</span> <span class='ocrx_word' id='word_1_347' title='bbox 1433 2639 1633 2677; x_wconf 79' lang='lat' dir='ltr'>videantur.</span> 
     </span>
    </p>
   </div>
   <div class='ocr_carea' id='block_1_20' title="bbox 1038 2748 1691 2960">
    <p class='ocr_par' dir='ltr' id='par_1_20' title="bbox 1038 2748 1691 2960">
     <span class='ocr_line' id='line_1_73' title="bbox 1078 2748 1691 2803; baseline -0.007 -10"><span class='ocrx_word' id='word_1_348' title='bbox 1078 2750 1178 2803; x_wconf 80' lang='grc' dir='ltr'><em>μηδὲ</em></span> <span class='ocrx_word' id='word_1_349' title='bbox 1185 2752 1375 2792; x_wconf 80' lang='grc' dir='ltr'><em>ποιεῦντα</em></span> <span class='ocrx_word' id='word_1_350' title='bbox 1381 2748 1517 2800; x_wconf 83' lang='grc' dir='ltr'><em>ταῦτα]</em></span> <span class='ocrx_word' id='word_1_351' title='bbox 1527 2750 1691 2798; x_wconf 85' lang='lat' dir='ltr'>„schae-</span> 
     </span>
     <span class='ocr_line' id='line_1_74' title="bbox 1040 2807 1690 2859; baseline -0.002 -14"><span class='ocrx_word' id='word_1_352' title='bbox 1040 2809 1105 2847; x_wconf 91' lang='lat' dir='ltr'>ser.</span> <span class='ocrx_word' id='word_1_353' title='bbox 1131 2809 1290 2859; x_wconf 89' lang='lat' dir='ltr'>append.</span> <span class='ocrx_word' id='word_1_354' title='bbox 1312 2808 1359 2845; x_wconf 92' lang='lat' dir='ltr'>ad</span> <span class='ocrx_word' id='word_1_355' title='bbox 1373 2807 1474 2843; x_wconf 89' lang='lat' dir='ltr'>Bast.</span> <span class='ocrx_word' id='word_1_356' title='bbox 1496 2807 1601 2856; x_wconf 86' lang='lat' dir='ltr'>epist.</span> <span class='ocrx_word' id='word_1_357' title='bbox 1621 2808 1690 2844; x_wconf 93' lang='lat' dir='ltr'>cri-</span> 
     </span>
     <span class='ocr_line' id='line_1_75' title="bbox 1039 2859 1689 2914; baseline 0.002 -13"><span class='ocrx_word' id='word_1_358' title='bbox 1039 2865 1098 2901; x_wconf 89' lang='lat' dir='ltr'>tic.</span> <span class='ocrx_word' id='word_1_359' title='bbox 1135 2878 1220 2914; x_wconf 84' lang='lat' dir='ltr'>pag.</span> <span class='ocrx_word' id='word_1_360' title='bbox 1251 2866 1304 2905; x_wconf 83' lang='lat'>29</span> <span class='ocrx_word' id='word_1_361' title='bbox 1346 2862 1483 2900; x_wconf 78' lang='lat' dir='ltr'>mavult</span> <span class='ocrx_word' id='word_1_362' title='bbox 1526 2859 1590 2914; x_wconf 78' lang='grc' dir='ltr'>μὴ</span> <span class='ocrx_word' id='word_1_363' title='bbox 1636 2860 1689 2902; x_wconf 79' lang='grc' dir='ltr'>δὲ</span> 
     </span>
     <span class='ocr_line' id='line_1_76' title="bbox 1038 2918 1364 2960; baseline -0.012 0"><span class='ocrx_word' id='word_1_364' title='bbox 1038 2921 1269 2960; x_wconf 86' lang='grc' dir='ltr'><em>ποιεῦντα.“</em></span> <span class='ocrx_word' id='word_1_365' title='bbox 1300 2918 1364 2956; x_wconf 90' lang='lat' dir='ltr'>Cr.</span> 
     </span>
    </p>
   </div>
  </div>
 </body>
</html>
