1759 3324
347 263 434 304 646
805 259 1275 300 HERODOTI

348 372 519 423 δείλους
548 370 594 415 δὲ
621 370 769 423 Ἴωνες
797 369 1054 427 ὠνόμασαν,
1114 370 1354 424 εἰκάζοντες
1389 367 1537 413 αὐτῶν
1564 368 1618 412 τά
1661 372 1741 413 137

347 452 463 496 εἴδεα
502 455 615 495 τοῖσι
661 452 782 506 παροῖ
829 453 955 506 σφίσι
992 451 1265 507 γινομένοισι
1301 450 1618 504 κροκοδείλοισι

217 527 285 574 70
342 535 459 576 τοῖσι
489 531 536 574 ἐν
572 534 668 588 τῇσι
711 532 947 587 αῖμασιῇσι.

15 593 150 630 Captum
158 593 293 622 crocodi-

13 629 123 657 lorum.

994 529 1151 586 ’Ἄγραι
1190 530 1237 575 δέ
1278 542 1424 586 σφεων
1461 528 1618 572 πολλαὶ

349 611 622 662 κατεστέασι,
654 609 725 652 καὶ
753 614 983 651 παντοῖαι·
1041 609 1070 665 ἣ
1103 607 1144 653 δ’
1177 605 1241 653 ὧν
1278 611 1373 665 ἐμοί
1401 624 1448 664 γε
1479 605 1675 652 δοκέει65

349 687 560 744 ἀξιωτάτη
602 686 845 744 ἀπηγήσιος
882 686 1016 738 εἶναι,
1059 687 1223 744 ταύτην
1259 686 1429 744 γράφω.
1489 687 1619 731 ἐπεάν

351 773 497 813 νῶτον
528 765 609 818 ὑὸς
640 765 820 823 δελεάσῃ
859 768 957 820 περὶ
1002 766 1264 822 ἄγκιστρον,
1311 768 1443 823 μετίει
1472 766 1517 817 ἐς
1545 765 1620 823 μέ-

351 858 434 892 σον
472 845 552 889 τὸν
589 845 810 900 ποταμόν·
869 845 1001 898 αὐτὸς
1042 846 1088 891 δὲ
1129 846 1199 889 ἐπὶ
1227 849 1308 889 τοῦ
1350 846 1512 901 χείλεος
1540 850 1621 889 τοῦ

320 929 555 982 Ξποταμοῦ
585 925 694 982 ἔχων
723 924 921 980 δέλφακα
952 925 1086 982 ζωήν,
1116 925 1280 980 ταύτην
1309 922 1468 968 τύπτει.
1518 925 1622 969 ἐπα-

349 1005 518 1057 κούσας
550 1005 596 1049 δὲ
634 1009 710 1061 τῆς
752 1010 903 1061 φωνῆς
943 1003 965 1048 ὁ
1002 1003 1301 1060 κροκόδειλος,
1359 1006 1469 1048 ἰἐται
1512 1003 1622 1048 κατὰ

349 1084 430 1141 τὴν
460 1083 637 1140 φωνήν·

321 1164 402 1208 3δ“ε
440 1163 626 1208 ἕλκουσι.

690 1084 884 1141 ἐντυχών
922 1085 968 1128 δὲ
1008 1088 1069 1144 τῷ
1099 1082 1248 1140 νώτῳ,
1280 1085 1529 1127 καταπίνει·
1578 1085 1623 1127 οἷ

691 1164 820 1208 ἐπεὰν
861 1164 907 1208 δὲ
946 1164 1185 1220 ἐξελκυσθῇ
1225 1163 1268 1214 ἐς
1298 1167 1404 1220 γῆν,
1444 1166 1680 1218 πρῶτονῗο

351 1241 559 1288 ἁπάντων
589 1243 613 1288 ὁ
640 1244 857 1300 θηρευτὴς
898 1248 1021 1301 πηλῷ
1060 1242 1155 1287 κατ’
1196 1237 1259 1286 ὦν
1296 1242 1452 1286 ἔπλασε
1482 1240 1623 1286 αὐτοῦ

347 1321 454 1375 τοὺς
482 1322 746 1379 ὀφθαλμούς
757 1338 767 1348 ·

349 1401 456 1454 τέως
492 1402 545 1446 τὰ
580 1402 713 1447 λοιποὶ
751 1407 993 1459 χειροῦται·

221 1488 287 1536 71
346 1481 431 1526 σὺν
454 1479 591 1539 πόνῳ.

292 1679 390 1717 vices
417 1679 522 1728 gerit.
588 1677 729 1715 Arabes
760 1691 858 1716 nunc
887 1692 952 1715 vo-

294 1740 380 1774 cant
399 1734 577 1773 Temtsak.
609 1735 716 1773 Conf.
739 1735 951 1774 Schneider.

296 1792 320 1830 l.
348 1792 371 1830 l.
404 1804 492 1843 pag.
523 1794 614 1833 114.
665 1791 808 1829 Graeca
847 1792 953 1830 huius

297 1849 440 1887 bestiae
458 1848 654 1899 appellatio
677 1848 764 1886 inde
783 1855 954 1899 repeten-

299 1906 362 1953 da,
380 1906 482 1955 quod
497 1905 712 1943 lacertarum
730 1907 954 1943 terrestrium

299 1974 417 2011 genus
436 1962 643 1999 vocitabant
655 1963 954 2012 κροκοδείλους,
948 1979 955 1986 ·

300 2030 415 2067 quare
433 2017 646 2055 Aristoteles
667 2018 750 2055 hist.
770 2032 828 2056 an.
851 2019 898 2065 ΙΙ,
917 2022 954 2060 6.

298 2074 524 2124 Aegyptium
545 2074 679 2111 animal
703 2075 790 2111 dicit
816 2070 957 2126 κροκό-

300 2130 431 2169 δειλον
463 2126 531 2169 τὸν
553 2125 775 2180 ποτάμιον,
807 2131 957 2169 alterum

296 2199 384 2224 vero
411 2185 626 2223 lacertarum
664 2199 780 2234 genus
807 2183 955 2238 κροκό-

299 2242 433 2282 δειλον
452 2239 520 2281 τὸν
548 2247 744 2293 χερσαῖον.
792 2243 874 2281 Nec
891 2244 957 2280 ali-

298 2303 356 2337 ter
374 2300 450 2336 fere
466 2299 547 2349 ipse
562 2298 774 2336 Herodotus
796 2299 859 2347 IV,
878 2303 956 2341 192

298 2355 339 2392 in
355 2354 477 2404 Libya
506 2360 766 2392 commemorat
782 2371 806 2394 κ
818 2371 837 2406 ρ
852 2371 870 2394 ο
884 2371 907 2395 κ
920 2371 957 2395 o-

300 2411 325 2451 δ
339 2426 354 2451 ε
367 2411 412 2450 ίλ
425 2426 480 2450 ου
494 2426 513 2457 ς
540 2407 634 2451 όσον
673 2426 713 2450 τε
743 2408 957 2478 τριπήχεας

301 2467 548 2520 χερσαίου
563 2482 582 2514 ς
599 2497 610 2515 ,
654 2470 745 2522 τῇσι
786 2465 957 2523 σαύρῃσι

302 2518 626 2576 ἐμφερεστατους.
682 2509 786 2568 Quas
802 2538 889 2562 xero
910 2526 957 2562 de

302 2582 386 2633 ipsa
402 2581 573 2618 crocodili
602 2593 691 2618 voce
718 2581 956 2631 etymologias

302 2637 531 2689 protulerunt
545 2637 783 2675 Grammatici
802 2642 958 2686 veteres,

302 2707 348 2733 ea
365 2694 502 2731 referre
522 2693 688 2743 putidum
711 2699 778 2731 est.

348 2747 486 2796 Ἴωνες
503 2745 740 2800 ὠνόμασαν]
767 2750 956 2798 Intelligit,

304 2807 440 2853 credo,
469 2819 524 2843 eos
543 2804 664 2853 Iones,
696 2807 756 2856 qui
775 2806 812 2843 in
833 2806 958 2856 Aegy-

304 2867 371 2913 pto
393 2863 462 2900 sub
487 2862 743 2900 Psammiticho
762 2862 836 2912 (ΙΙ,
857 2862 956 2911 154)

305 2919 560 2957 consederant.

826 1327 957 1368 τοῦτο
989 1324 1035 1367 δὲ
1073 1323 1280 1379 ποιήσας,
1320 1321 1462 1377 κάρτα
1497 1320 1624 1365 εὐπε-

1054 1403 1112 1460 μὴ
1159 1401 1346 1459 ποιήσας
1386 1401 1432 1445 δὲ
1475 1405 1681 1454 τοῦτο,75

655 1484 710 1526 Οἱ
738 1483 783 1526 δὲ
814 1484 940 1526 ἵπποι
979 1484 1023 1526 οἱ
1058 1481 1266 1538 ποτάμιοι
1304 1485 1426 1540 νομῷ
1454 1481 1535 1539 μὲν
1563 1484 1626 1540 τῷ

1222 1680 1330 1745 Cap.
1360 1677 1481 1716 LXX.

1078 1731 1228 1785 ταύτην
1240 1732 1400 1788 γραφω]
1415 1736 1562 1784 Steger.
1573 1747 1682 1786 prae-

1021 1794 1087 1832 fat.
1110 1807 1147 1844 p.
1171 1792 1223 1830 XI
1246 1791 1384 1830 mavult
1403 1801 1562 1844 γραψω.
1595 1791 1681 1835 Quo

1023 1854 1148 1888 tamen
1175 1850 1322 1887 minime
1341 1862 1444 1900 opuS.
1503 1848 1683 1896 „Hodie-

1023 1920 1095 1956 que
1123 1906 1387 1944 crocodilorum
1417 1909 1603 1955 capturam
1632 1906 1684 1942 si-

1023 1964 1144 2001 milem
1162 1964 1329 2000 obtinere
1351 1966 1508 2000 testatur
1525 1961 1684 1999 Iomard.

1023 2020 1046 2057 l.
1067 2020 1089 2057 l.
1109 2033 1189 2070 cap.
1209 2021 1234 2062 5
1267 2018 1303 2070 ἓ.
1328 2018 1353 2060 5
1382 2031 1469 2069 pag.
1490 2019 1584 2060 27.“
1616 2017 1682 2056 Cr.

1082 2073 1202 2116 ἐπεὰν
1231 2098 1288 2104 ——-
1315 2071 1505 2128 δελεάσῃ]
1548 2074 1631 2111 Scil.
1659 2072 1684 2114 ό

1026 2128 1179 2185 ἅγρεύς.
1239 2133 1345 2170 Conf.
1376 2131 1508 2168 Matth.
1527 2130 1593 2167 Gr.
1617 2131 1684 2168 Gr.

1027 2188 1063 2240 ἓ
1088 2188 1169 2231 295
1199 2201 1286 2239 pag·
1310 2189 1391 2230 589
1418 2192 1454 2226 et
1474 2187 1613 2224 Herod.
1636 2187 1683 2236 ll,

1026 2247 1092 2287 47.
1113 2267 1169 2273 ——
1200 2259 1321 2296 μετιει
1339 2244 1437 2292 utI
1460 2247 1508 2286 6.
1540 2242 1645 2291 ἐξίει.

1084 2301 1125 2341 οἵ
1155 2297 1196 2339 δὲ
1241 2299 1420 2351 ε’λκουσι]
1476 2300 1624 2338 Scilicet
1661 2301 1686 2340 6

1027 2354 1122 2409 εἷὶρε
1106 2360 1172 2403 ἴς.
1196 2378 1252 2385 —-
1279 2357 1337 2394 Ad
1357 2369 1459 2407 seqq
1483 2353 1598 2395 κατ’
1628 2358 1687 2396 ῶν

1026 2413 1216 2454 ε’πλασε
1247 2414 1341 2451 conf
1362 2413 1422 2461 ΙΙ,
1443 2415 1510 2455 39
1531 2412 1598 2455 40.
1618 2415 1685 2456 70.

1220 2499 1331 2549 Cap.
1362 2496 1497 2536 LXXI.

1082 2580 1125 2622 οἵ
1151 2578 1193 2621 δὲ
1222 2581 1339 2621 ἵπποι
1370 2581 1412 2621 οἷ
1437 2576 1628 2633 ποτάμιοι
1647 2596 1684 2621 κ.

1023 2653 1056 2677 τ.
1071 2641 1118 2686 λ.]
1150 2638 1210 2677 De
1231 2638 1400 2689 Papremi
1419 2639 1514 2676 conf.
1533 2642 1624 2676 nott.
1635 2638 1685 2676 ad

1024 2695 1081 2743 ΙΙ,
1109 2697 1174 2737 63.
1240 2695 1300 2733 Ad
1328 2699 1584 2745 argumentum
1613 2694 1685 2732 loci

1025 2752 1120 2789 conf.
1149 2751 1333 2789 Plutarch.
1367 2753 1415 2789 de
1441 2751 1488 2788 Is.
1518 2755 1556 2789 et
1586 2751 1686 2788 Osir.

1024 2821 1062 2858 p.
1088 2809 1192 2855 364,
1220 2807 1270 2856 A,
1311 2808 1374 2857 qui
1414 2820 1495 2845 eam
1525 2808 1573 2844 ob
1600 2819 1687 2844 cau-

1026 2877 1104 2901 sam
1133 2864 1202 2901 hoc
1233 2863 1367 2901 animal
1394 2876 1538 2901 sacrum
1556 2863 1687 2900 haberi

1025 2924 1171 2968 narrat,
1205 2921 1305 2970 quod
1320 2932 1388 2972 per
1409 2921 1483 2959 vim
1508 2932 1590 2958 cum
1607 2931 1686 2957 ma-
