<?xml version="1.0" encoding="UTF-8"?>
<!DOCTYPE html PUBLIC "-//W3C//DTD XHTML 1.0 Transitional//EN"
    "http://www.w3.org/TR/xhtml1/DTD/xhtml1-transitional.dtd">
<html xmlns="http://www.w3.org/1999/xhtml" xml:lang="en" lang="en">
 <head>
  <title>
</title>
<meta http-equiv="Content-Type" content="text/html;charset=utf-8" />
  <meta name='ocr-system' content='tesseract 3.04.00' />
  <meta name='ocr-capabilities' content='ocr_page ocr_carea ocr_par ocr_line ocrx_word'/>
</head>
<body>
  <div class='ocr_page' id='page_1' title='image "./musaeher01hero/musaeher01hero_0532.png"; bbox 0 0 1759 3324; ppageno 0'>
   <div class='ocr_carea' id='block_1_1' title="bbox 358 250 1234 295">
    <p class='ocr_par' dir='ltr' id='par_1_1' title="bbox 358 250 1234 295">
     <span class='ocr_line' id='line_1_1' title="bbox 358 250 1234 295; baseline -0.007 0"><span class='ocrx_word' id='word_1_1' title='bbox 358 254 442 295; x_wconf 71' lang='lat'><strong>514</strong></span> <span class='ocrx_word' id='word_1_2' title='bbox 770 250 1234 291; x_wconf 87' lang='lat' dir='ltr'>HERODOTI</span> 
     </span>
    </p>
   </div>
   <div class='ocr_carea' id='block_1_2' title="bbox 355 359 1618 576">
    <p class='ocr_par' dir='ltr' id='par_1_2' title="bbox 355 359 1618 576">
     <span class='ocr_line' id='line_1_2' title="bbox 357 359 1618 417; baseline 0 -11"><span class='ocrx_word' id='word_1_3' title='bbox 357 360 516 406; x_wconf 80' lang='grc' dir='ltr'><em>τούτου</em></span> <span class='ocrx_word' id='word_1_4' title='bbox 542 361 652 406; x_wconf 80' lang='grc' dir='ltr'><strong><em>κατὰ</em></strong></span> <span class='ocrx_word' id='word_1_5' title='bbox 677 361 726 406; x_wconf 85' lang='grc' dir='ltr'><strong>τὸ</strong></span> <span class='ocrx_word' id='word_1_6' title='bbox 754 361 832 414; x_wconf 83' lang='grc' dir='ltr'><strong>όξύ</strong></span> <span class='ocrx_word' id='word_1_7' title='bbox 862 359 1204 417; x_wconf 69' lang='grc' dir='ltr'><em>περιρρήγνυται</em></span> <span class='ocrx_word' id='word_1_8' title='bbox 1234 360 1258 404; x_wconf 88' lang='grc' dir='ltr'>ὁ</span> <span class='ocrx_word' id='word_1_9' title='bbox 1290 363 1471 416; x_wconf 83' lang='grc' dir='ltr'><em>Νεῖλος,</em></span> <span class='ocrx_word' id='word_1_10' title='bbox 1509 361 1618 406; x_wconf 72' lang='grc' dir='ltr'><strong>ὥστε</strong></span> 
     </span>
     <span class='ocr_line' id='line_1_3' title="bbox 357 438 1615 499; baseline -0.001 -15"><span class='ocrx_word' id='word_1_11' title='bbox 357 441 405 485; x_wconf 81' lang='grc' dir='ltr'><strong>ἐν</strong></span> <span class='ocrx_word' id='word_1_12' title='bbox 443 445 506 499; x_wconf 78' lang='grc' dir='ltr'><strong>τῷ</strong></span> <span class='ocrx_word' id='word_1_13' title='bbox 548 442 705 497; x_wconf 82' lang='grc' dir='ltr'><em>μεταξὺ</em></span> <span class='ocrx_word' id='word_1_14' title='bbox 753 438 894 497; x_wconf 82' lang='grc' dir='ltr'><strong><em>Ἀσίης</em></strong></span> <span class='ocrx_word' id='word_1_15' title='bbox 930 457 975 484; x_wconf 85' lang='grc' dir='ltr'><strong>τε</strong></span> <span class='ocrx_word' id='word_1_16' title='bbox 1012 441 1086 484; x_wconf 75' lang='grc' dir='ltr'><strong>καὶ</strong></span> <span class='ocrx_word' id='word_1_17' title='bbox 1136 440 1302 496; x_wconf 81' lang='grc' dir='ltr'><strong>Λιβύης</strong></span> <span class='ocrx_word' id='word_1_18' title='bbox 1343 438 1505 496; x_wconf 74' lang='grc' dir='ltr'><em>γίνοιτ’</em></span> <span class='ocrx_word' id='word_1_19' title='bbox 1547 439 1615 484; x_wconf 76' lang='grc' dir='ltr'><strong>ἄν.</strong></span> 
     </span>
     <span class='ocr_line' id='line_1_4' title="bbox 355 514 1617 576; baseline 0 -12"><span class='ocrx_word' id='word_1_20' title='bbox 355 521 444 564; x_wconf 88' lang='grc' dir='ltr'><strong>Καὶ</strong></span> <span class='ocrx_word' id='word_1_21' title='bbox 472 520 550 576; x_wconf 85' lang='grc' dir='ltr'><strong>τὴν</strong></span> <span class='ocrx_word' id='word_1_22' title='bbox 579 520 657 575; x_wconf 76' lang='grc' dir='ltr'><em>μὲν</em></span> <span class='ocrx_word' id='word_1_23' title='bbox 678 518 840 562; x_wconf 73' lang='grc' dir='ltr'><em>Ἰώνων</em></span> <span class='ocrx_word' id='word_1_24' title='bbox 867 519 1045 576; x_wconf 73' lang='grc' dir='ltr'><em>γνώμην</em></span> <span class='ocrx_word' id='word_1_25' title='bbox 1075 518 1270 575; x_wconf 80' lang='grc' dir='ltr'><em>α’πίεμεν·</em></span> <span class='ocrx_word' id='word_1_26' title='bbox 1305 518 1426 575; x_wconf 75' lang='grc' dir='ltr'><em>ἡμεῖς</em></span> <span class='ocrx_word' id='word_1_27' title='bbox 1457 521 1502 563; x_wconf 79' lang='grc' dir='ltr'><strong>δὲ</strong></span> <span class='ocrx_word' id='word_1_28' title='bbox 1532 514 1617 564; x_wconf 72' lang='grc' dir='ltr'><strong>ὦδε</strong></span> 
     </span>
    </p>
   </div>
   <div class='ocr_carea' id='block_1_3' title="bbox 237 596 1617 654">
    <p class='ocr_par' dir='ltr' id='par_1_3' title="bbox 237 596 1617 654">
     <span class='ocr_line' id='line_1_5' title="bbox 237 596 1617 654; baseline -0.002 -10"><span class='ocrx_word' id='word_1_29' title='bbox 237 605 304 651; x_wconf 72' lang='lat'><strong>17</strong></span> <span class='ocrx_word' id='word_1_30' title='bbox 359 601 433 644; x_wconf 82' lang='grc' dir='ltr'><strong>καὶ</strong></span> <span class='ocrx_word' id='word_1_31' title='bbox 462 599 561 653; x_wconf 87' lang='grc' dir='ltr'><em>περὶ</em></span> <span class='ocrx_word' id='word_1_32' title='bbox 582 598 750 641; x_wconf 84' lang='grc' dir='ltr'><em>τούτων</em></span> <span class='ocrx_word' id='word_1_33' title='bbox 778 598 968 654; x_wconf 81' lang='grc' dir='ltr'><em>λέγομεν.</em></span> <span class='ocrx_word' id='word_1_34' title='bbox 1027 600 1250 653; x_wconf 80' lang='grc' dir='ltr'><em>Αἴγυπτον</em></span> <span class='ocrx_word' id='word_1_35' title='bbox 1279 599 1358 654; x_wconf 75' lang='grc' dir='ltr'><em>μὲν</em></span> <span class='ocrx_word' id='word_1_36' title='bbox 1384 603 1527 642; x_wconf 80' lang='grc' dir='ltr'><em>πᾶσαν</em></span> <span class='ocrx_word' id='word_1_37' title='bbox 1557 596 1617 642; x_wconf 83' lang='grc' dir='ltr'><strong>εἶ-</strong></span> 
     </span>
    </p>
   </div>
   <div class='ocr_carea' id='block_1_4' title="bbox 24 670 1616 812">
    <p class='ocr_par' dir='ltr' id='par_1_4' title="bbox 24 670 1616 812">
     <span class='ocr_line' id='line_1_6' title="bbox 27 670 303 706; baseline -0.008 -7"><span class='ocrx_word' id='word_1_38' title='bbox 27 670 117 699; x_wconf 71' lang='lat' dir='ltr'><strong>Asiae</strong></span> <span class='ocrx_word' id='word_1_39' title='bbox 124 673 214 706; x_wconf 78' lang='lat' dir='ltr'><strong>atque</strong></span> <span class='ocrx_word' id='word_1_40' title='bbox 225 670 303 697; x_wconf 71' lang='lat' dir='ltr'><strong>Afri-</strong></span> 
     </span>
     <span class='ocr_line' id='line_1_7' title="bbox 26 704 303 732; baseline -0.007 0"><span class='ocrx_word' id='word_1_41' title='bbox 26 713 81 732; x_wconf 75' lang='lat' dir='ltr'><strong>cae</strong></span> <span class='ocrx_word' id='word_1_42' title='bbox 142 704 303 731; x_wconf 78' lang='lat' dir='ltr'><strong>terminum</strong></span> 
     </span>
     <span class='ocr_line' id='line_1_8' title="bbox 25 737 303 766; baseline -0.007 0"><span class='ocrx_word' id='word_1_43' title='bbox 25 746 94 766; x_wconf 67' lang='lat' dir='ltr'><strong>oenc</strong></span> <span class='ocrx_word' id='word_1_44' title='bbox 104 737 224 765; x_wconf 85' lang='lat' dir='ltr'><strong>Nilum·</strong></span> <span class='ocrx_word' id='word_1_45' title='bbox 238 738 303 764; x_wconf 79' lang='lat' dir='ltr'><strong>eius</strong></span> 
     </span>
     <span class='ocr_line' id='line_1_9' title="bbox 24 753 1616 812; baseline 0.001 -14"><span class='ocrx_word' id='word_1_46' title='bbox 24 771 84 798; x_wconf 72' lang='lat' dir='ltr'><strong>iter</strong></span> <span class='ocrx_word' id='word_1_47' title='bbox 117 775 149 799; x_wconf 79' lang='lat' dir='ltr'><strong>et</strong></span> <span class='ocrx_word' id='word_1_48' title='bbox 188 774 304 807; x_wconf 74' lang='lat' dir='ltr'><strong>septem</strong></span> <span class='ocrx_word' id='word_1_49' title='bbox 359 774 438 811; x_wconf 84' lang='grc' dir='ltr'><strong>περ</strong></span> <span class='ocrx_word' id='word_1_50' title='bbox 470 757 670 810; x_wconf 81' lang='grc' dir='ltr'><strong>Κιλικίην</strong></span> <span class='ocrx_word' id='word_1_51' title='bbox 700 771 780 810; x_wconf 83' lang='grc' dir='ltr'><strong>την</strong></span> <span class='ocrx_word' id='word_1_52' title='bbox 808 753 895 798; x_wconf 79' lang='grc' dir='ltr'><strong>ὑπὸ</strong></span> <span class='ocrx_word' id='word_1_53' title='bbox 926 758 1145 807; x_wconf 79' lang='grc' dir='ltr'><strong>Κιλίκων,</strong></span> <span class='ocrx_word' id='word_1_54' title='bbox 1184 757 1257 798; x_wconf 85' lang='grc' dir='ltr'><strong>καὶ</strong></span> <span class='ocrx_word' id='word_1_55' title='bbox 1282 755 1512 812; x_wconf 79' lang='grc' dir='ltr'><em>Ἀσσυρίην</em></span> <span class='ocrx_word' id='word_1_56' title='bbox 1536 757 1616 809; x_wconf 86' lang='grc' dir='ltr'><strong>τὴν</strong></span> 
     </span>
    </p>
   </div>
   <div class='ocr_carea' id='block_1_5' title="bbox 25 804 104 833">
    <p class='ocr_par' dir='ltr' id='par_1_5' title="bbox 25 804 104 833">
     <span class='ocr_line' id='line_1_10' title="bbox 25 804 104 833; baseline 0 0"><span class='ocrx_word' id='word_1_57' title='bbox 25 804 104 833; x_wconf 64' lang='grc' dir='ltr'><strong>011,Ιῦ</strong></span> 
     </span>
    </p>
   </div>
   <div class='ocr_carea' id='block_1_6' title="bbox 361 674 1673 733">
    <p class='ocr_par' dir='ltr' id='par_1_6' title="bbox 361 674 1673 733">
     <span class='ocr_line' id='line_1_11' title="bbox 361 674 1673 733; baseline -0.005 -10"><span class='ocrx_word' id='word_1_58' title='bbox 361 696 436 723; x_wconf 84' lang='grc' dir='ltr'><strong>ναι</strong></span> <span class='ocrx_word' id='word_1_59' title='bbox 463 676 628 733; x_wconf 78' lang='grc' dir='ltr'><em>ταύτην</em></span> <span class='ocrx_word' id='word_1_60' title='bbox 659 675 737 731; x_wconf 82' lang='grc' dir='ltr'><strong>τὴν</strong></span> <span class='ocrx_word' id='word_1_61' title='bbox 773 674 854 719; x_wconf 82' lang='grc' dir='ltr'><strong>ὑπ’</strong></span> <span class='ocrx_word' id='word_1_62' title='bbox 886 679 1137 731; x_wconf 79' lang='grc' dir='ltr'><em>Αἰγυπτίων</em></span> <span class='ocrx_word' id='word_1_63' title='bbox 1166 679 1444 733; x_wconf 78' lang='grc' dir='ltr'><em>οἰκεομένην,</em></span> <span class='ocrx_word' id='word_1_64' title='bbox 1482 677 1673 720; x_wconf 79' lang='grc' dir='ltr'>κατά-70</span> 
     </span>
    </p>
   </div>
   <div class='ocr_carea' id='block_1_7' title="bbox 325 832 1617 1050">
    <p class='ocr_par' dir='ltr' id='par_1_7' title="bbox 325 832 1617 1050">
     <span class='ocr_line' id='line_1_12' title="bbox 326 832 1615 890; baseline 0 -12"><span class='ocrx_word' id='word_1_65' title='bbox 326 834 447 880; x_wconf 72' lang='grc' dir='ltr'><strong>215πό</strong></span> <span class='ocrx_word' id='word_1_66' title='bbox 472 833 724 888; x_wconf 79' lang='grc' dir='ltr'><em>Ἀσσυρίων.</em></span> <span class='ocrx_word' id='word_1_67' title='bbox 776 832 962 888; x_wconf 82' lang='grc' dir='ltr'><em>οὔρισμα</em></span> <span class='ocrx_word' id='word_1_68' title='bbox 993 835 1038 876; x_wconf 81' lang='grc' dir='ltr'><strong>δὲ</strong></span> <span class='ocrx_word' id='word_1_69' title='bbox 1063 832 1181 890; x_wconf 82' lang='grc' dir='ltr'><em>Ἀσίῃ</em></span> <span class='ocrx_word' id='word_1_70' title='bbox 1213 835 1286 876; x_wconf 79' lang='grc' dir='ltr'><strong>καὶ</strong></span> <span class='ocrx_word' id='word_1_71' title='bbox 1316 834 1460 890; x_wconf 79' lang='grc' dir='ltr'><em>Λιβύῃ</em></span> <span class='ocrx_word' id='word_1_72' title='bbox 1493 837 1615 878; x_wconf 81' lang='grc' dir='ltr'><em>οἴδα-</em></span> 
     </span>
     <span class='ocr_line' id='line_1_13' title="bbox 354 911 1617 971; baseline -0.002 -13"><span class='ocrx_word' id='word_1_73' title='bbox 354 930 434 971; x_wconf 80' lang='grc' dir='ltr'><em>μεν</em></span> <span class='ocrx_word' id='word_1_74' title='bbox 464 913 594 957; x_wconf 80' lang='grc' dir='ltr'><em>οὐδὲν</em></span> <span class='ocrx_word' id='word_1_75' title='bbox 625 911 698 956; x_wconf 80' lang='grc' dir='ltr'><strong>ἐὰν</strong></span> <span class='ocrx_word' id='word_1_76' title='bbox 728 911 854 968; x_wconf 77' lang='grc' dir='ltr'><em>ὀρθῷ</em></span> <span class='ocrx_word' id='word_1_77' title='bbox 891 912 1026 969; x_wconf 75' lang='grc' dir='ltr'><em>λόγῳ,</em></span> <span class='ocrx_word' id='word_1_78' title='bbox 1082 914 1117 955; x_wconf 83' lang='grc' dir='ltr'><strong>εἰ</strong></span> <span class='ocrx_word' id='word_1_79' title='bbox 1145 913 1202 969; x_wconf 80' lang='grc' dir='ltr'><em>μὴ</em></span> <span class='ocrx_word' id='word_1_80' title='bbox 1233 912 1335 963; x_wconf 74' lang='grc' dir='ltr'><em>τούς</em></span> <span class='ocrx_word' id='word_1_81' title='bbox 1365 914 1617 968; x_wconf 82' lang='grc' dir='ltr'><em>Αἰγυπτίων</em></span> 
     </span>
     <span class='ocr_line' id='line_1_14' title="bbox 325 990 1616 1050; baseline -0.002 -14"><span class='ocrx_word' id='word_1_82' title='bbox 325 993 535 1048; x_wconf 78' lang='grc' dir='ltr'><em>Βοῦρους.</em></span> <span class='ocrx_word' id='word_1_83' title='bbox 579 993 616 1035; x_wconf 81' lang='grc' dir='ltr'><strong>εἰ</strong></span> <span class='ocrx_word' id='word_1_84' title='bbox 646 992 691 1035; x_wconf 81' lang='grc' dir='ltr'><strong>δὲ</strong></span> <span class='ocrx_word' id='word_1_85' title='bbox 719 995 780 1050; x_wconf 77' lang='grc' dir='ltr'><strong>τῷ</strong></span> <span class='ocrx_word' id='word_1_86' title='bbox 817 991 898 1035; x_wconf 78' lang='grc' dir='ltr'><strong>ὑπ’</strong></span> <span class='ocrx_word' id='word_1_87' title='bbox 937 990 1151 1047; x_wconf 79' lang='grc' dir='ltr'><em>Ἑλλήνων</em></span> <span class='ocrx_word' id='word_1_88' title='bbox 1190 992 1482 1049; x_wconf 80' lang='grc' dir='ltr'><em>νενομισμένῳ</em></span> <span class='ocrx_word' id='word_1_89' title='bbox 1511 1009 1616 1049; x_wconf 82' lang='grc' dir='ltr'><em>χρη-</em></span> 
     </span>
    </p>
   </div>
   <div class='ocr_carea' id='block_1_8' title="bbox 359 1071 1314 1128">
    <p class='ocr_par' dir='ltr' id='par_1_8' title="bbox 359 1071 1314 1128">
     <span class='ocr_line' id='line_1_15' title="bbox 359 1071 1314 1128; baseline -0.003 -11"><span class='ocrx_word' id='word_1_90' title='bbox 359 1071 548 1128; x_wconf 78' lang='grc' dir='ltr'><em>σόμεθα,</em></span> <span class='ocrx_word' id='word_1_91' title='bbox 597 1075 838 1128; x_wconf 81' lang='grc' dir='ltr'><em>νομιοῦμεν</em></span> <span class='ocrx_word' id='word_1_92' title='bbox 873 1072 1098 1126; x_wconf 80' lang='grc' dir='ltr'><em>Αἴγυπτον</em></span> <span class='ocrx_word' id='word_1_93' title='bbox 1146 1075 1314 1123; x_wconf 84' lang='grc' dir='ltr'><em>πᾶσαν,</em></span> 
     </span>
    </p>
   </div>
   <div class='ocr_carea' id='block_1_9' title="bbox 301 1203 576 1216">
    <p class='ocr_par' dir='ltr' id='par_1_9' title="bbox 301 1203 576 1216">
     <span class='ocr_line' id='line_1_16' title="bbox 301 1203 576 1216; baseline 0 2108"><span class='ocrx_word' id='word_1_94' title='bbox 301 1203 576 1216; x_wconf 95' lang='lat' dir='ltr'><strong> </strong></span> 
     </span>
    </p>
   </div>
   <div class='ocr_carea' id='block_1_10' title="bbox 295 1267 951 2264">
    <p class='ocr_par' dir='ltr' id='par_1_10' title="bbox 296 1267 951 1883">
     <span class='ocr_line' id='line_1_17' title="bbox 296 1267 951 1316; baseline -0.003 -8"><span class='ocrx_word' id='word_1_95' title='bbox 296 1273 495 1308; x_wconf 87' lang='lat' dir='ltr'><strong>retractans</strong></span> <span class='ocrx_word' id='word_1_96' title='bbox 529 1281 650 1315; x_wconf 88' lang='lat' dir='ltr'><strong>suam,</strong></span> <span class='ocrx_word' id='word_1_97' title='bbox 687 1267 872 1316; x_wconf 81' lang='lat' dir='ltr'>vulgatam</span> <span class='ocrx_word' id='word_1_98' title='bbox 897 1268 951 1306; x_wconf 91' lang='lat' dir='ltr'><strong>le-</strong></span> 
     </span>
     <span class='ocr_line' id='line_1_18' title="bbox 297 1324 951 1375; baseline -0.006 -11"><span class='ocrx_word' id='word_1_99' title='bbox 297 1327 455 1365; x_wconf 87' lang='lat' dir='ltr'><strong>ctionem</strong></span> <span class='ocrx_word' id='word_1_100' title='bbox 483 1330 604 1363; x_wconf 90' lang='lat' dir='ltr'><strong>tuetur</strong></span> <span class='ocrx_word' id='word_1_101' title='bbox 637 1324 675 1361; x_wconf 91' lang='lat' dir='ltr'><strong>in</strong></span> <span class='ocrx_word' id='word_1_102' title='bbox 702 1324 871 1375; x_wconf 88' lang='lat' dir='ltr'><strong>Append.</strong></span> <span class='ocrx_word' id='word_1_103' title='bbox 902 1325 951 1361; x_wconf 85' lang='lat' dir='ltr'><strong>ad</strong></span> 
     </span>
     <span class='ocr_line' id='line_1_19' title="bbox 299 1381 950 1433; baseline -0.005 -12"><span class='ocrx_word' id='word_1_104' title='bbox 299 1383 401 1421; x_wconf 90' lang='lat' dir='ltr'><strong>Bast.</strong></span> <span class='ocrx_word' id='word_1_105' title='bbox 423 1382 541 1433; x_wconf 87' lang='lat' dir='ltr'><strong>Epist.</strong></span> <span class='ocrx_word' id='word_1_106' title='bbox 563 1381 670 1418; x_wconf 83' lang='lat' dir='ltr'>critic.</span> <span class='ocrx_word' id='word_1_107' title='bbox 700 1393 786 1431; x_wconf 86' lang='lat' dir='ltr'>pag.</span> <span class='ocrx_word' id='word_1_108' title='bbox 803 1384 868 1422; x_wconf 79' lang='lat'><strong>28.</strong></span> <span class='ocrx_word' id='word_1_109' title='bbox 907 1381 950 1418; x_wconf 93' lang='lat' dir='ltr'><strong>In</strong></span> 
     </span>
     <span class='ocr_line' id='line_1_20' title="bbox 298 1435 950 1489; baseline 0.005 -13"><span class='ocrx_word' id='word_1_110' title='bbox 298 1439 534 1489; x_wconf 84' lang='lat' dir='ltr'><strong>grammatica</strong></span> <span class='ocrx_word' id='word_1_111' title='bbox 563 1437 692 1474; x_wconf 88' lang='lat' dir='ltr'><strong>Matth.</strong></span> <span class='ocrx_word' id='word_1_112' title='bbox 722 1435 758 1487; x_wconf 61' lang='grc' dir='ltr'><strong>ἓ.</strong></span> <span class='ocrx_word' id='word_1_113' title='bbox 791 1437 896 1484; x_wconf 80' lang='lat'>354,</span> <span class='ocrx_word' id='word_1_114' title='bbox 924 1438 950 1488; x_wconf 85' lang='grc' dir='ltr'>β</span> 
     </span>
     <span class='ocr_line' id='line_1_21' title="bbox 299 1493 951 1548; baseline -0.005 -15"><span class='ocrx_word' id='word_1_115' title='bbox 299 1510 337 1548; x_wconf 91' lang='lat' dir='ltr'><strong>p.</strong></span> <span class='ocrx_word' id='word_1_116' title='bbox 358 1498 462 1542; x_wconf 89' lang='grc'><strong>666,</strong></span> <span class='ocrx_word' id='word_1_117' title='bbox 493 1495 553 1531; x_wconf 90' lang='lat' dir='ltr'><strong>ubi</strong></span> <span class='ocrx_word' id='word_1_118' title='bbox 573 1494 630 1531; x_wconf 89' lang='lat' dir='ltr'><strong>hic</strong></span> <span class='ocrx_word' id='word_1_119' title='bbox 651 1493 750 1531; x_wconf 90' lang='lat' dir='ltr'><strong>locus</strong></span> <span class='ocrx_word' id='word_1_120' title='bbox 772 1493 818 1530; x_wconf 93' lang='lat' dir='ltr'><strong>ob</strong></span> <span class='ocrx_word' id='word_1_121' title='bbox 846 1494 951 1543; x_wconf 88' lang='lat' dir='ltr'><strong>geni-</strong></span> 
     </span>
     <span class='ocr_line' id='line_1_22' title="bbox 298 1550 951 1599; baseline -0.002 -10"><span class='ocrx_word' id='word_1_122' title='bbox 298 1552 361 1590; x_wconf 86' lang='lat' dir='ltr'><strong>tivi</strong></span> <span class='ocrx_word' id='word_1_123' title='bbox 377 1564 480 1588; x_wconf 89' lang='lat' dir='ltr'><strong>usum</strong></span> <span class='ocrx_word' id='word_1_124' title='bbox 496 1550 683 1597; x_wconf 82' lang='lat' dir='ltr'><strong>laudatur,</strong></span> <span class='ocrx_word' id='word_1_125' title='bbox 703 1550 874 1599; x_wconf 88' lang='lat' dir='ltr'><strong>scriptum</strong></span> <span class='ocrx_word' id='word_1_126' title='bbox 893 1564 951 1588; x_wconf 85' lang='lat' dir='ltr'><strong>re-</strong></span> 
     </span>
     <span class='ocr_line' id='line_1_23' title="bbox 299 1607 951 1660; baseline -0.005 -14"><span class='ocrx_word' id='word_1_127' title='bbox 299 1608 402 1660; x_wconf 81' lang='lat' dir='ltr'>perio</span> <span class='ocrx_word' id='word_1_128' title='bbox 433 1607 676 1657; x_wconf 84' lang='grc' dir='ltr'><em>δουρίζων;</em></span> <span class='ocrx_word' id='word_1_129' title='bbox 715 1607 780 1643; x_wconf 89' lang='lat' dir='ltr'><strong>sed</strong></span> <span class='ocrx_word' id='word_1_130' title='bbox 805 1608 842 1644; x_wconf 87' lang='lat' dir='ltr'><strong>in</strong></span> <span class='ocrx_word' id='word_1_131' title='bbox 873 1608 951 1644; x_wconf 89' lang='lat' dir='ltr'><strong>edi-</strong></span> 
     </span>
     <span class='ocr_line' id='line_1_24' title="bbox 299 1660 948 1714; baseline -0.006 -11"><span class='ocrx_word' id='word_1_132' title='bbox 299 1665 399 1703; x_wconf 82' lang='lat' dir='ltr'><strong>tione</strong></span> <span class='ocrx_word' id='word_1_133' title='bbox 415 1664 596 1702; x_wconf 86' lang='lat' dir='ltr'>Herodoti</span> <span class='ocrx_word' id='word_1_134' title='bbox 613 1663 745 1711; x_wconf 82' lang='lat' dir='ltr'><strong>legitur</strong></span> <span class='ocrx_word' id='word_1_135' title='bbox 767 1660 948 1714; x_wconf 74' lang='grc' dir='ltr'><em>οὐρίζων.</em></span> 
     </span>
     <span class='ocr_line' id='line_1_25' title="bbox 300 1715 950 1771; baseline -0.002 -14"><span class='ocrx_word' id='word_1_136' title='bbox 300 1743 357 1750; x_wconf 88' lang='lat'><strong>·—-</strong></span> <span class='ocrx_word' id='word_1_137' title='bbox 374 1719 435 1757; x_wconf 85' lang='lat' dir='ltr'><strong>Ad</strong></span> <span class='ocrx_word' id='word_1_138' title='bbox 452 1721 563 1758; x_wconf 86' lang='lat' dir='ltr'><strong>verba</strong></span> <span class='ocrx_word' id='word_1_139' title='bbox 585 1715 724 1771; x_wconf 79' lang='grc' dir='ltr'><em>γένοιτ’</em></span> <span class='ocrx_word' id='word_1_140' title='bbox 747 1715 796 1757; x_wconf 63' lang='grc' dir='ltr'><strong>ἂν</strong></span> <span class='ocrx_word' id='word_1_141' title='bbox 824 1722 860 1756; x_wconf 86' lang='lat' dir='ltr'><strong>in</strong></span> <span class='ocrx_word' id='word_1_142' title='bbox 878 1721 950 1757; x_wconf 89' lang='lat' dir='ltr'><strong>fine</strong></span> 
     </span>
     <span class='ocr_line' id='line_1_26' title="bbox 298 1776 949 1828; baseline -0.006 -12"><span class='ocrx_word' id='word_1_143' title='bbox 298 1777 425 1828; x_wconf 86' lang='lat' dir='ltr'><strong>capitis</strong></span> <span class='ocrx_word' id='word_1_144' title='bbox 445 1778 538 1815; x_wconf 90' lang='lat' dir='ltr'><strong>conf.</strong></span> <span class='ocrx_word' id='word_1_145' title='bbox 560 1776 716 1814; x_wconf 60' lang='lat' dir='ltr'><strong>W‘erfer.</strong></span> <span class='ocrx_word' id='word_1_146' title='bbox 735 1777 828 1814; x_wconf 85' lang='lat' dir='ltr'><strong>Actt.</strong></span> <span class='ocrx_word' id='word_1_147' title='bbox 848 1776 949 1827; x_wconf 88' lang='lat' dir='ltr'><strong>phill.</strong></span> 
     </span>
     <span class='ocr_line' id='line_1_27' title="bbox 297 1833 790 1883; baseline -0.004 -12"><span class='ocrx_word' id='word_1_148' title='bbox 297 1833 463 1872; x_wconf 89' lang='lat' dir='ltr'><strong>Monacc.</strong></span> <span class='ocrx_word' id='word_1_149' title='bbox 484 1833 520 1880; x_wconf 90' lang='lat' dir='ltr'><strong>I,</strong></span> <span class='ocrx_word' id='word_1_150' title='bbox 544 1837 570 1874; x_wconf 79' lang='lat'><strong>2</strong></span> <span class='ocrx_word' id='word_1_151' title='bbox 589 1845 674 1883; x_wconf 82' lang='lat' dir='ltr'><strong>pag.</strong></span> <span class='ocrx_word' id='word_1_152' title='bbox 697 1833 790 1874; x_wconf 76' lang='lat'><strong>255.</strong></span> 
     </span>
    </p>

    <p class='ocr_par' dir='ltr' id='par_1_11' title="bbox 295 1884 951 2264">
     <span class='ocr_line' id='line_1_28' title="bbox 354 1884 950 1938; baseline -0.003 -10"><span class='ocrx_word' id='word_1_153' title='bbox 354 1887 454 1928; x_wconf 80' lang='grc' dir='ltr'><strong>κατοῖ</strong></span> <span class='ocrx_word' id='word_1_154' title='bbox 481 1886 525 1928; x_wconf 74' lang='grc' dir='ltr'><strong>τό</strong></span> <span class='ocrx_word' id='word_1_155' title='bbox 555 1884 647 1938; x_wconf 69' lang='grc' dir='ltr'>ὀξύ]</span> <span class='ocrx_word' id='word_1_156' title='bbox 690 1889 802 1932; x_wconf 81' lang='lat' dir='ltr'><strong>Quod</strong></span> <span class='ocrx_word' id='word_1_157' title='bbox 829 1890 950 1927; x_wconf 89' lang='lat' dir='ltr'><strong>Hero-</strong></span> 
     </span>
     <span class='ocr_line' id='line_1_29' title="bbox 300 1940 948 1993; baseline 0 -11"><span class='ocrx_word' id='word_1_158' title='bbox 300 1947 389 1983; x_wconf 86' lang='lat' dir='ltr'>doto</span> <span class='ocrx_word' id='word_1_159' title='bbox 417 1950 472 1983; x_wconf 88' lang='lat' dir='ltr'><strong>est</strong></span> <span class='ocrx_word' id='word_1_160' title='bbox 505 1942 548 1984; x_wconf 88' lang='grc' dir='ltr'>τὸ</span> <span class='ocrx_word' id='word_1_161' title='bbox 573 1940 645 1991; x_wconf 77' lang='grc' dir='ltr'><strong>ὄξυ</strong></span> <span class='ocrx_word' id='word_1_162' title='bbox 678 1946 769 1992; x_wconf 84' lang='grc' dir='ltr'><strong>(τοῦ</strong></span> <span class='ocrx_word' id='word_1_163' title='bbox 790 1950 843 1984; x_wconf 82' lang='grc' dir='ltr'><strong>Δε</strong></span> <span class='ocrx_word' id='word_1_164' title='bbox 836 1944 948 1993; x_wconf 81' lang='grc' dir='ltr'><strong>’,λτα)</strong></span> 
     </span>
     <span class='ocr_line' id='line_1_30' title="bbox 298 2001 949 2051; baseline -0.002 -12"><span class='ocrx_word' id='word_1_165' title='bbox 298 2002 472 2039; x_wconf 81' lang='lat' dir='ltr'>Straboni</span> <span class='ocrx_word' id='word_1_166' title='bbox 500 2001 605 2038; x_wconf 88' lang='lat' dir='ltr'>XVII</span> <span class='ocrx_word' id='word_1_167' title='bbox 631 2014 667 2051; x_wconf 89' lang='lat' dir='ltr'><strong>p.</strong></span> <span class='ocrx_word' id='word_1_168' title='bbox 692 2004 819 2048; x_wconf 83' lang='lat'><strong>1136,</strong></span> <span class='ocrx_word' id='word_1_169' title='bbox 848 2002 879 2039; x_wconf 92' lang='lat' dir='ltr'>C</span> <span class='ocrx_word' id='word_1_170' title='bbox 914 2006 949 2039; x_wconf 90' lang='lat' dir='ltr'><strong>et</strong></span> 
     </span>
     <span class='ocr_line' id='line_1_31' title="bbox 300 2055 947 2107; baseline -0.005 -9"><span class='ocrx_word' id='word_1_171' title='bbox 300 2060 430 2105; x_wconf 85' lang='lat'><strong>1137,</strong></span> <span class='ocrx_word' id='word_1_172' title='bbox 460 2057 495 2095; x_wconf 94' lang='lat' dir='ltr'>D</span> <span class='ocrx_word' id='word_1_173' title='bbox 542 2057 670 2094; x_wconf 90' lang='lat' dir='ltr'><strong>dicitur</strong></span> <span class='ocrx_word' id='word_1_174' title='bbox 707 2055 736 2106; x_wconf 76' lang='grc' dir='ltr'><em>ἦ</em></span> <span class='ocrx_word' id='word_1_175' title='bbox 774 2072 947 2107; x_wconf 79' lang='grc' dir='ltr'><em>κορυφη.</em></span> 
     </span>
     <span class='ocr_line' id='line_1_32' title="bbox 295 2112 947 2164; baseline -0.006 -14"><span class='ocrx_word' id='word_1_176' title='bbox 295 2112 521 2164; x_wconf 81' lang='lat' dir='ltr'>Pomponius</span> <span class='ocrx_word' id='word_1_177' title='bbox 559 2112 658 2150; x_wconf 85' lang='lat' dir='ltr'><strong>Mela</strong></span> <span class='ocrx_word' id='word_1_178' title='bbox 686 2112 726 2160; x_wconf 86' lang='lat' dir='ltr'><strong>l,</strong></span> <span class='ocrx_word' id='word_1_179' title='bbox 765 2117 790 2155; x_wconf 90' lang='lat'><strong>9</strong></span> <span class='ocrx_word' id='word_1_180' title='bbox 828 2112 864 2164; x_wconf 55' lang='grc' dir='ltr'><strong>ᾗ.</strong></span> <span class='ocrx_word' id='word_1_181' title='bbox 895 2113 947 2154; x_wconf 75' lang='lat'><strong>25</strong></span> 
     </span>
     <span class='ocr_line' id='line_1_33' title="bbox 297 2168 949 2217; baseline 0.002 -11"><span class='ocrx_word' id='word_1_182' title='bbox 297 2170 457 2207; x_wconf 85' lang='lat' dir='ltr'>reddidit</span> <span class='ocrx_word' id='word_1_183' title='bbox 473 2181 614 2206; x_wconf 85' lang='lat' dir='ltr'><strong><em>acumen</em></strong></span> <span class='ocrx_word' id='word_1_184' title='bbox 626 2168 751 2205; x_wconf 73' lang='lat' dir='ltr'><strong>Deltae</strong></span> <span class='ocrx_word' id='word_1_185' title='bbox 762 2199 771 2217; x_wconf 86' lang='lat'>‚</span> <span class='ocrx_word' id='word_1_186' title='bbox 795 2170 857 2206; x_wconf 90' lang='lat' dir='ltr'><strong>ubi</strong></span> <span class='ocrx_word' id='word_1_187' title='bbox 872 2170 949 2207; x_wconf 92' lang='lat' dir='ltr'><strong>He-</strong></span> 
     </span>
     <span class='ocr_line' id='line_1_34' title="bbox 296 2225 951 2264; baseline 0 -2"><span class='ocrx_word' id='word_1_188' title='bbox 296 2226 439 2263; x_wconf 91' lang='lat' dir='ltr'><strong>rodotei</strong></span> <span class='ocrx_word' id='word_1_189' title='bbox 468 2225 537 2263; x_wconf 92' lang='lat' dir='ltr'><strong>loci</strong></span> <span class='ocrx_word' id='word_1_190' title='bbox 566 2238 641 2263; x_wconf 90' lang='lat' dir='ltr'><strong>non</strong></span> <span class='ocrx_word' id='word_1_191' title='bbox 672 2225 858 2264; x_wconf 87' lang='lat' dir='ltr'><strong>immemor</strong></span> <span class='ocrx_word' id='word_1_192' title='bbox 883 2227 951 2263; x_wconf 87' lang='lat' dir='ltr'><strong>fuit</strong></span> 
     </span>
    </p>
   </div>
   <div class='ocr_carea' id='block_1_11' title="bbox 295 2281 750 2417">
    <p class='ocr_par' dir='ltr' id='par_1_12' title="bbox 295 2281 750 2417">
     <span class='ocr_line' id='line_1_35' title="bbox 295 2281 468 2320; baseline -0.006 0"><span class='ocrx_word' id='word_1_193' title='bbox 295 2281 344 2320; x_wconf 87' lang='lat' dir='ltr'><strong>ls.</strong></span> <span class='ocrx_word' id='word_1_194' title='bbox 362 2281 468 2319; x_wconf 90' lang='lat' dir='ltr'><strong>Voss.</strong></span> 
     </span>
     <span class='ocr_line' id='line_1_36' title="bbox 495 2365 750 2417; baseline -0.008 -13"><span class='ocrx_word' id='word_1_195' title='bbox 495 2365 526 2404; x_wconf 94' lang='lat' dir='ltr'>C</span> <span class='ocrx_word' id='word_1_196' title='bbox 539 2379 605 2417; x_wconf 86' lang='lat' dir='ltr'><strong>ap.</strong></span> <span class='ocrx_word' id='word_1_197' title='bbox 635 2365 750 2403; x_wconf 89' lang='lat' dir='ltr'>XVII.</span> 
     </span>
    </p>
   </div>
   <div class='ocr_carea' id='block_1_12' title="bbox 291 2444 949 2954">
    <p class='ocr_par' dir='ltr' id='par_1_13' title="bbox 291 2444 949 2954">
     <span class='ocr_line' id='line_1_37' title="bbox 356 2444 949 2505; baseline -0.005 -15"><span class='ocrx_word' id='word_1_198' title='bbox 356 2449 393 2491; x_wconf 84' lang='grc' dir='ltr'><strong>εἰ</strong></span> <span class='ocrx_word' id='word_1_199' title='bbox 411 2446 454 2490; x_wconf 86' lang='grc' dir='ltr'><strong>δε</strong></span> <span class='ocrx_word' id='word_1_200' title='bbox 475 2452 532 2505; x_wconf 78' lang='grc' dir='ltr'><strong>τῷ</strong></span> <span class='ocrx_word' id='word_1_201' title='bbox 550 2444 631 2489; x_wconf 73' lang='grc' dir='ltr'><strong>’ὑπ’</strong></span> <span class='ocrx_word' id='word_1_202' title='bbox 662 2444 863 2500; x_wconf 78' lang='grc' dir='ltr'><em>Ελλήνων</em></span> <span class='ocrx_word' id='word_1_203' title='bbox 891 2463 949 2488; x_wconf 85' lang='grc' dir='ltr'><strong>νε-</strong></span> 
     </span>
     <span class='ocr_line' id='line_1_38' title="bbox 298 2491 948 2560; baseline -0.005 -13"><span class='ocrx_word' id='word_1_204' title='bbox 298 2491 523 2560; x_wconf 83' lang='grc' dir='ltr'><em>νομισμένω</em></span> <span class='ocrx_word' id='word_1_205' title='bbox 542 2501 786 2558; x_wconf 82' lang='grc' dir='ltr'><em>χρησόμεθα]</em></span> <span class='ocrx_word' id='word_1_206' title='bbox 818 2506 886 2542; x_wconf 87' lang='lat' dir='ltr'><strong>Est</strong></span> <span class='ocrx_word' id='word_1_207' title='bbox 905 2519 948 2544; x_wconf 88' lang='lat' dir='ltr'><strong>ea</strong></span> 
     </span>
     <span class='ocr_line' id='line_1_39' title="bbox 296 2563 949 2615; baseline -0.002 -14"><span class='ocrx_word' id='word_1_208' title='bbox 296 2564 378 2615; x_wconf 89' lang='lat' dir='ltr'><strong>ipsa</strong></span> <span class='ocrx_word' id='word_1_209' title='bbox 400 2563 529 2601; x_wconf 90' lang='lat' dir='ltr'><strong>Ionum</strong></span> <span class='ocrx_word' id='word_1_210' title='bbox 558 2563 683 2613; x_wconf 90' lang='lat' dir='ltr'><strong>opinio</strong></span> <span class='ocrx_word' id='word_1_211' title='bbox 707 2563 818 2613; x_wconf 88' lang='lat' dir='ltr'><strong>paulo</strong></span> <span class='ocrx_word' id='word_1_212' title='bbox 841 2567 949 2600; x_wconf 89' lang='lat' dir='ltr'><strong>antea</strong></span> 
     </span>
     <span class='ocr_line' id='line_1_40' title="bbox 295 2623 949 2668; baseline -0.005 -10"><span class='ocrx_word' id='word_1_213' title='bbox 295 2624 595 2666; x_wconf 88' lang='lat' dir='ltr'><strong>commemorata,</strong></span> <span class='ocrx_word' id='word_1_214' title='bbox 635 2632 726 2668; x_wconf 87' lang='lat' dir='ltr'><strong>qua,</strong></span> <span class='ocrx_word' id='word_1_215' title='bbox 765 2631 843 2656; x_wconf 88' lang='lat' dir='ltr'><strong>cum</strong></span> <span class='ocrx_word' id='word_1_216' title='bbox 875 2623 949 2656; x_wconf 84' lang='lat' dir='ltr'><strong>ter-</strong></span> 
     </span>
     <span class='ocr_line' id='line_1_41' title="bbox 296 2675 944 2725; baseline -0.008 -9"><span class='ocrx_word' id='word_1_217' title='bbox 296 2691 366 2716; x_wconf 87' lang='lat' dir='ltr'><strong>nae</strong></span> <span class='ocrx_word' id='word_1_218' title='bbox 384 2681 507 2715; x_wconf 84' lang='lat' dir='ltr'><strong>essent</strong></span> <span class='ocrx_word' id='word_1_219' title='bbox 536 2675 632 2712; x_wconf 86' lang='lat' dir='ltr'><strong>orbis</strong></span> <span class='ocrx_word' id='word_1_220' title='bbox 660 2679 836 2713; x_wconf 85' lang='lat' dir='ltr'><strong>terrarum</strong></span> <span class='ocrx_word' id='word_1_221' title='bbox 858 2688 944 2725; x_wconf 90' lang='lat' dir='ltr'><strong>par-</strong></span> 
     </span>
     <span class='ocr_line' id='line_1_42' title="bbox 293 2731 944 2781; baseline -0.008 -9"><span class='ocrx_word' id='word_1_222' title='bbox 293 2738 373 2781; x_wconf 88' lang='lat' dir='ltr'><strong>tes,</strong></span> <span class='ocrx_word' id='word_1_223' title='bbox 405 2733 527 2770; x_wconf 87' lang='lat' dir='ltr'><strong>Asiam</strong></span> <span class='ocrx_word' id='word_1_224' title='bbox 551 2736 661 2781; x_wconf 87' lang='lat' dir='ltr'><strong>atque</strong></span> <span class='ocrx_word' id='word_1_225' title='bbox 676 2731 832 2768; x_wconf 87' lang='lat' dir='ltr'><strong>Africam</strong></span> <span class='ocrx_word' id='word_1_226' title='bbox 858 2731 944 2768; x_wconf 71' lang='lat' dir='ltr'><strong>Nlo</strong></span> 
     </span>
     <span class='ocr_line' id='line_1_43' title="bbox 292 2787 944 2835; baseline -0.006 -7"><span class='ocrx_word' id='word_1_227' title='bbox 292 2790 477 2828; x_wconf 86' lang='lat' dir='ltr'><strong>terminari</strong></span> <span class='ocrx_word' id='word_1_228' title='bbox 512 2789 696 2835; x_wconf 81' lang='lat' dir='ltr'><strong>dicerent,</strong></span> <span class='ocrx_word' id='word_1_229' title='bbox 725 2789 775 2825; x_wconf 90' lang='lat' dir='ltr'><strong>ita</strong></span> <span class='ocrx_word' id='word_1_230' title='bbox 802 2791 842 2824; x_wconf 89' lang='lat' dir='ltr'><strong>ut</strong></span> <span class='ocrx_word' id='word_1_231' title='bbox 870 2787 944 2825; x_wconf 89' lang='lat' dir='ltr'><strong>Ae-</strong></span> 
     </span>
     <span class='ocr_line' id='line_1_44' title="bbox 293 2843 943 2897; baseline -0.005 -14"><span class='ocrx_word' id='word_1_232' title='bbox 293 2851 428 2897; x_wconf 84' lang='lat' dir='ltr'><strong>gyptus</strong></span> <span class='ocrx_word' id='word_1_233' title='bbox 441 2875 452 2893; x_wconf 89' lang='lat'>‚</span> <span class='ocrx_word' id='word_1_234' title='bbox 483 2847 618 2896; x_wconf 79' lang='lat' dir='ltr'><strong>quippe</strong></span> <span class='ocrx_word' id='word_1_235' title='bbox 642 2845 680 2882; x_wconf 92' lang='lat' dir='ltr'><strong>in</strong></span> <span class='ocrx_word' id='word_1_236' title='bbox 699 2845 850 2893; x_wconf 68' lang='lat' dir='ltr'><strong>utraque</strong></span> <span class='ocrx_word' id='word_1_237' title='bbox 867 2843 943 2881; x_wconf 87' lang='lat' dir='ltr'><strong>Nili</strong></span> 
     </span>
     <span class='ocr_line' id='line_1_45' title="bbox 291 2900 942 2954; baseline -0.005 -14"><span class='ocrx_word' id='word_1_238' title='bbox 291 2904 372 2954; x_wconf 69' lang='lat' dir='ltr'><strong>ripa</strong></span> <span class='ocrx_word' id='word_1_239' title='bbox 399 2903 490 2950; x_wconf 85' lang='lat' dir='ltr'><strong>sita,</strong></span> <span class='ocrx_word' id='word_1_240' title='bbox 518 2902 650 2953; x_wconf 87' lang='lat' dir='ltr'><strong>partim</strong></span> <span class='ocrx_word' id='word_1_241' title='bbox 678 2900 786 2938; x_wconf 81' lang='lat' dir='ltr'><strong>Asiae</strong></span> <span class='ocrx_word' id='word_1_242' title='bbox 811 2901 942 2951; x_wconf 87' lang='lat' dir='ltr'><strong>partim</strong></span> 
     </span>
    </p>
   </div>
   <div class='ocr_carea' id='block_1_13' title="bbox 1373 1069 1617 1128">
    <p class='ocr_par' dir='ltr' id='par_1_14' title="bbox 1373 1069 1617 1128">
     <span class='ocr_line' id='line_1_46' title="bbox 1373 1069 1617 1128; baseline 0.004 -14"><span class='ocrx_word' id='word_1_243' title='bbox 1373 1069 1617 1128; x_wconf 75' lang='grc' dir='ltr'><em>ἀρξαμένην</em></span> 
     </span>
    </p>
   </div>
   <div class='ocr_carea' id='block_1_14' title="bbox 1016 1268 1672 2331">
    <p class='ocr_par' dir='ltr' id='par_1_15' title="bbox 1016 1268 1672 2331">
     <span class='ocr_line' id='line_1_47' title="bbox 1018 1268 1672 1313; baseline 0.003 -8"><span class='ocrx_word' id='word_1_244' title='bbox 1018 1268 1161 1306; x_wconf 85' lang='lat' dir='ltr'><strong>Africae</strong></span> <span class='ocrx_word' id='word_1_245' title='bbox 1210 1268 1485 1307; x_wconf 82' lang='lat' dir='ltr'><strong>adscriberetur.</strong></span> <span class='ocrx_word' id='word_1_246' title='bbox 1561 1269 1672 1313; x_wconf 87' lang='lat' dir='ltr'><strong>Quod</strong></span> 
     </span>
     <span class='ocr_line' id='line_1_48' title="bbox 1019 1325 1672 1376; baseline 0.003 -15"><span class='ocrx_word' id='word_1_247' title='bbox 1019 1325 1185 1375; x_wconf 85' lang='lat' dir='ltr'><strong>displicet</strong></span> <span class='ocrx_word' id='word_1_248' title='bbox 1230 1326 1323 1374; x_wconf 85' lang='lat' dir='ltr'><strong>patri</strong></span> <span class='ocrx_word' id='word_1_249' title='bbox 1365 1326 1558 1373; x_wconf 87' lang='lat' dir='ltr'><strong>historiae,</strong></span> <span class='ocrx_word' id='word_1_250' title='bbox 1609 1327 1672 1376; x_wconf 92' lang='lat' dir='ltr'><strong>qui</strong></span> 
     </span>
     <span class='ocr_line' id='line_1_49' title="bbox 1017 1381 1672 1430; baseline 0.003 -12"><span class='ocrx_word' id='word_1_251' title='bbox 1017 1381 1226 1430; x_wconf 61' lang='lat' dir='ltr'><strong>Aegnstum</strong></span> <span class='ocrx_word' id='word_1_252' title='bbox 1269 1395 1378 1419; x_wconf 82' lang='lat' dir='ltr'><strong>unam</strong></span> <span class='ocrx_word' id='word_1_253' title='bbox 1420 1396 1502 1420; x_wconf 89' lang='lat' dir='ltr'><strong>esse</strong></span> <span class='ocrx_word' id='word_1_254' title='bbox 1538 1386 1672 1420; x_wconf 86' lang='lat' dir='ltr'><strong>terram</strong></span> 
     </span>
     <span class='ocr_line' id='line_1_50' title="bbox 1018 1438 1671 1486; baseline 0.003 -13"><span class='ocrx_word' id='word_1_255' title='bbox 1018 1438 1203 1474; x_wconf 77' lang='lat' dir='ltr'><strong>contendit</strong></span> <span class='ocrx_word' id='word_1_256' title='bbox 1241 1450 1308 1474; x_wconf 89' lang='lat' dir='ltr'><strong>nec</strong></span> <span class='ocrx_word' id='word_1_257' title='bbox 1344 1439 1393 1475; x_wconf 79' lang='lat' dir='ltr'><strong>ita</strong></span> <span class='ocrx_word' id='word_1_258' title='bbox 1431 1439 1601 1486; x_wconf 76' lang='lat' dir='ltr'><strong>divisam,</strong></span> <span class='ocrx_word' id='word_1_259' title='bbox 1631 1442 1671 1476; x_wconf 90' lang='lat' dir='ltr'><strong>ut</strong></span> 
     </span>
     <span class='ocr_line' id='line_1_51' title="bbox 1019 1493 1671 1543; baseline 0.002 -12"><span class='ocrx_word' id='word_1_260' title='bbox 1019 1494 1132 1531; x_wconf 83' lang='lat' dir='ltr'><strong>altera</strong></span> <span class='ocrx_word' id='word_1_261' title='bbox 1150 1507 1232 1543; x_wconf 84' lang='lat' dir='ltr'><strong>pars</strong></span> <span class='ocrx_word' id='word_1_262' title='bbox 1253 1493 1361 1531; x_wconf 80' lang='lat' dir='ltr'><strong>Asiae</strong></span> <span class='ocrx_word' id='word_1_263' title='bbox 1396 1495 1507 1532; x_wconf 86' lang='lat' dir='ltr'><strong>altera</strong></span> <span class='ocrx_word' id='word_1_264' title='bbox 1526 1494 1671 1533; x_wconf 83' lang='lat' dir='ltr'><strong>Africae</strong></span> 
     </span>
     <span class='ocr_line' id='line_1_52' title="bbox 1019 1550 1672 1597; baseline 0.002 -10"><span class='ocrx_word' id='word_1_265' title='bbox 1019 1551 1244 1587; x_wconf 80' lang='lat' dir='ltr'><strong>accensenda</strong></span> <span class='ocrx_word' id='word_1_266' title='bbox 1270 1550 1337 1597; x_wconf 82' lang='lat' dir='ltr'><strong>sit3</strong></span> <span class='ocrx_word' id='word_1_267' title='bbox 1377 1564 1455 1588; x_wconf 90' lang='lat' dir='ltr'><strong>cum</strong></span> <span class='ocrx_word' id='word_1_268' title='bbox 1473 1555 1551 1587; x_wconf 81' lang='lat' dir='ltr'><strong>tota</strong></span> <span class='ocrx_word' id='word_1_269' title='bbox 1574 1555 1672 1589; x_wconf 86' lang='lat' dir='ltr'><strong>terra</strong></span> 
     </span>
     <span class='ocr_line' id='line_1_53' title="bbox 1018 1605 1671 1657; baseline 0.003 -15"><span class='ocrx_word' id='word_1_270' title='bbox 1018 1606 1056 1642; x_wconf 88' lang='lat' dir='ltr'><strong>in</strong></span> <span class='ocrx_word' id='word_1_271' title='bbox 1077 1611 1230 1655; x_wconf 84' lang='lat' dir='ltr'><strong>utraque</strong></span> <span class='ocrx_word' id='word_1_272' title='bbox 1246 1605 1321 1643; x_wconf 82' lang='lat' dir='ltr'><strong>Nili</strong></span> <span class='ocrx_word' id='word_1_273' title='bbox 1351 1608 1430 1657; x_wconf 87' lang='lat' dir='ltr'><strong>ripa</strong></span> <span class='ocrx_word' id='word_1_274' title='bbox 1449 1608 1497 1644; x_wconf 90' lang='lat' dir='ltr'><strong>ad</strong></span> <span class='ocrx_word' id='word_1_275' title='bbox 1514 1606 1671 1656; x_wconf 81' lang='lat' dir='ltr'><strong>Libyam</strong></span> 
     </span>
     <span class='ocr_line' id='line_1_54' title="bbox 1020 1662 1672 1713; baseline 0.002 -15"><span class='ocrx_word' id='word_1_276' title='bbox 1020 1676 1046 1699; x_wconf 87' lang='lat' dir='ltr'><strong>s.</strong></span> <span class='ocrx_word' id='word_1_277' title='bbox 1075 1662 1232 1699; x_wconf 86' lang='lat' dir='ltr'><strong>Africam</strong></span> <span class='ocrx_word' id='word_1_278' title='bbox 1268 1665 1460 1712; x_wconf 87' lang='lat' dir='ltr'><strong>pertineat.</strong></span> <span class='ocrx_word' id='word_1_279' title='bbox 1528 1663 1571 1699; x_wconf 87' lang='lat' dir='ltr'><strong>In</strong></span> <span class='ocrx_word' id='word_1_280' title='bbox 1598 1675 1672 1713; x_wconf 89' lang='lat' dir='ltr'><strong>qua</strong></span> 
     </span>
     <span class='ocr_line' id='line_1_55' title="bbox 1019 1719 1670 1770; baseline 0 -14"><span class='ocrx_word' id='word_1_281' title='bbox 1019 1719 1220 1765; x_wconf 86' lang='lat' dir='ltr'><strong>sententia,</strong></span> <span class='ocrx_word' id='word_1_282' title='bbox 1241 1724 1280 1755; x_wconf 87' lang='lat' dir='ltr'><strong>ut</strong></span> <span class='ocrx_word' id='word_1_283' title='bbox 1291 1720 1464 1757; x_wconf 84' lang='lat' dir='ltr'><strong>Arabicus</strong></span> <span class='ocrx_word' id='word_1_284' title='bbox 1486 1719 1584 1756; x_wconf 91' lang='lat' dir='ltr'><strong>sinus</strong></span> <span class='ocrx_word' id='word_1_285' title='bbox 1603 1732 1670 1770; x_wconf 90' lang='lat' dir='ltr'><strong>pro</strong></span> 
     </span>
     <span class='ocr_line' id='line_1_56' title="bbox 1017 1775 1671 1826; baseline 0.002 -15"><span class='ocrx_word' id='word_1_286' title='bbox 1017 1776 1171 1812; x_wconf 88' lang='lat' dir='ltr'><strong>termino</strong></span> <span class='ocrx_word' id='word_1_287' title='bbox 1191 1775 1334 1813; x_wconf 83' lang='lat' dir='ltr'><strong>Africae</strong></span> <span class='ocrx_word' id='word_1_288' title='bbox 1353 1781 1464 1825; x_wconf 88' lang='lat' dir='ltr'><strong>atque</strong></span> <span class='ocrx_word' id='word_1_289' title='bbox 1474 1775 1585 1814; x_wconf 85' lang='lat' dir='ltr'><strong>Asiae</strong></span> <span class='ocrx_word' id='word_1_290' title='bbox 1602 1788 1671 1826; x_wconf 88' lang='lat' dir='ltr'><strong>po-</strong></span> 
     </span>
     <span class='ocr_line' id='line_1_57' title="bbox 1016 1832 1670 1880; baseline 0.003 -12"><span class='ocrx_word' id='word_1_291' title='bbox 1016 1833 1087 1868; x_wconf 86' lang='lat' dir='ltr'><strong>tius</strong></span> <span class='ocrx_word' id='word_1_292' title='bbox 1125 1832 1301 1868; x_wconf 85' lang='lat' dir='ltr'><strong>habeatur</strong></span> <span class='ocrx_word' id='word_1_293' title='bbox 1320 1862 1331 1880; x_wconf 87' lang='lat'>‚</span> <span class='ocrx_word' id='word_1_294' title='bbox 1378 1832 1545 1869; x_wconf 90' lang='lat' dir='ltr'><strong>meliores</strong></span> <span class='ocrx_word' id='word_1_295' title='bbox 1582 1845 1670 1870; x_wconf 88' lang='lat' dir='ltr'><strong>suae</strong></span> 
     </span>
     <span class='ocr_line' id='line_1_58' title="bbox 1017 1888 1670 1938; baseline 0.003 -14"><span class='ocrx_word' id='word_1_296' title='bbox 1017 1888 1145 1926; x_wconf 85' lang='lat' dir='ltr'><strong>aetatis</strong></span> <span class='ocrx_word' id='word_1_297' title='bbox 1195 1889 1425 1938; x_wconf 81' lang='lat' dir='ltr'><strong>geographos</strong></span> <span class='ocrx_word' id='word_1_298' title='bbox 1463 1889 1670 1937; x_wconf 87' lang='lat' dir='ltr'><strong>persistere,</strong></span> 
     </span>
     <span class='ocr_line' id='line_1_59' title="bbox 1017 1944 1667 1994; baseline 0.002 -14"><span class='ocrx_word' id='word_1_299' title='bbox 1017 1945 1149 1980; x_wconf 86' lang='lat' dir='ltr'><strong>Strabo</strong></span> <span class='ocrx_word' id='word_1_300' title='bbox 1176 1949 1300 1980; x_wconf 84' lang='lat' dir='ltr'><strong>auctor</strong></span> <span class='ocrx_word' id='word_1_301' title='bbox 1329 1949 1385 1981; x_wconf 87' lang='lat' dir='ltr'><strong>est</strong></span> <span class='ocrx_word' id='word_1_302' title='bbox 1414 1944 1430 1980; x_wconf 93' lang='lat' dir='ltr'>I</span> <span class='ocrx_word' id='word_1_303' title='bbox 1458 1958 1493 1994; x_wconf 90' lang='lat' dir='ltr'><strong>p.</strong></span> <span class='ocrx_word' id='word_1_304' title='bbox 1514 1944 1590 1992; x_wconf 80' lang='lat'><strong>34,</strong></span> <span class='ocrx_word' id='word_1_305' title='bbox 1623 1945 1667 1981; x_wconf 88' lang='lat' dir='ltr'><strong>C.</strong></span> 
     </span>
     <span class='ocr_line' id='line_1_60' title="bbox 1017 1999 1669 2051; baseline 0 -15"><span class='ocrx_word' id='word_1_306' title='bbox 1017 2000 1079 2036; x_wconf 89' lang='lat' dir='ltr'><strong>Tu</strong></span> <span class='ocrx_word' id='word_1_307' title='bbox 1098 2000 1169 2036; x_wconf 81' lang='lat' dir='ltr'><strong>vid.</strong></span> <span class='ocrx_word' id='word_1_308' title='bbox 1190 1999 1460 2037; x_wconf 86' lang='lat' dir='ltr'><strong>Schliehthorst.</strong></span> <span class='ocrx_word' id='word_1_309' title='bbox 1485 2000 1506 2037; x_wconf 88' lang='lat' dir='ltr'><strong>l.</strong></span> <span class='ocrx_word' id='word_1_310' title='bbox 1528 2000 1549 2036; x_wconf 93' lang='lat' dir='ltr'><strong>l.</strong></span> <span class='ocrx_word' id='word_1_311' title='bbox 1566 2015 1602 2051; x_wconf 92' lang='lat' dir='ltr'><strong>p.</strong></span> <span class='ocrx_word' id='word_1_312' title='bbox 1617 2003 1669 2042; x_wconf 89' lang='lat'><strong>16</strong></span> 
     </span>
     <span class='ocr_line' id='line_1_61' title="bbox 1017 2055 1282 2093; baseline 0 0"><span class='ocrx_word' id='word_1_313' title='bbox 1017 2055 1095 2093; x_wconf 91' lang='lat' dir='ltr'><strong>coll.</strong></span> <span class='ocrx_word' id='word_1_314' title='bbox 1128 2056 1282 2093; x_wconf 84' lang='lat' dir='ltr'><strong>Rennel.</strong></span> 
     </span>
     <span class='ocr_line' id='line_1_62' title="bbox 1016 2112 1213 2162; baseline 0 -15"><span class='ocrx_word' id='word_1_315' title='bbox 1016 2125 1100 2162; x_wconf 86' lang='lat' dir='ltr'><strong>pag.</strong></span> <span class='ocrx_word' id='word_1_316' title='bbox 1121 2112 1213 2153; x_wconf 87' lang='grc'><strong>567.</strong></span> 
     </span>
     <span class='ocr_line' id='line_1_63' title="bbox 1074 2164 1668 2219; baseline 0.003 -13"><span class='ocrx_word' id='word_1_317' title='bbox 1074 2164 1300 2219; x_wconf 71' lang='grc' dir='ltr'><em>εἷρξαμένην</em></span> <span class='ocrx_word' id='word_1_318' title='bbox 1341 2164 1420 2208; x_wconf 57' lang='lat' dir='ltr'><strong>cino*</strong></span> <span class='ocrx_word' id='word_1_319' title='bbox 1461 2164 1668 2210; x_wconf 78' lang='grc' dir='ltr'><em>Καταδού-</em></span> 
     </span>
     <span class='ocr_line' id='line_1_64' title="bbox 1016 2221 1667 2277; baseline 0.005 -14"><span class='ocrx_word' id='word_1_320' title='bbox 1016 2240 1105 2263; x_wconf 89' lang='grc' dir='ltr'><em>πων</em></span> <span class='ocrx_word' id='word_1_321' title='bbox 1123 2239 1163 2263; x_wconf 82' lang='grc' dir='ltr'><strong>τε</strong></span> <span class='ocrx_word' id='word_1_322' title='bbox 1190 2224 1257 2263; x_wconf 80' lang='grc' dir='ltr'><strong>καὶ</strong></span> <span class='ocrx_word' id='word_1_323' title='bbox 1284 2221 1563 2277; x_wconf 80' lang='grc' dir='ltr'><em>Ἐλεφαντίνης</em></span> <span class='ocrx_word' id='word_1_324' title='bbox 1597 2222 1667 2266; x_wconf 78' lang='grc' dir='ltr'><strong>πό-</strong></span> 
     </span>
     <span class='ocr_line' id='line_1_65' title="bbox 1017 2279 1665 2331; baseline 0.002 -12"><span class='ocrx_word' id='word_1_325' title='bbox 1017 2279 1122 2331; x_wconf 86' lang='grc' dir='ltr'><strong>λιος]</strong></span> <span class='ocrx_word' id='word_1_326' title='bbox 1156 2281 1226 2318; x_wconf 79' lang='lat' dir='ltr'><strong>Vix</strong></span> <span class='ocrx_word' id='word_1_327' title='bbox 1257 2295 1405 2319; x_wconf 84' lang='lat' dir='ltr'><strong>monere</strong></span> <span class='ocrx_word' id='word_1_328' title='bbox 1428 2283 1579 2330; x_wconf 86' lang='lat' dir='ltr'><strong>attinet,</strong></span> <span class='ocrx_word' id='word_1_329' title='bbox 1610 2282 1665 2320; x_wconf 92' lang='lat' dir='ltr'><strong>his</strong></span> 
     </span>
    </p>
   </div>
   <div class='ocr_carea' id='block_1_15' title="bbox 1321 2056 1668 2106">
    <p class='ocr_par' dir='ltr' id='par_1_16' title="bbox 1321 2056 1668 2106">
     <span class='ocr_line' id='line_1_66' title="bbox 1321 2056 1668 2106; baseline 0.006 -13"><span class='ocrx_word' id='word_1_330' title='bbox 1321 2057 1460 2106; x_wconf 88' lang='lat' dir='ltr'><strong>Geogr.</strong></span> <span class='ocrx_word' id='word_1_331' title='bbox 1487 2056 1668 2095; x_wconf 88' lang='lat' dir='ltr'><strong>Herodot.</strong></span> 
     </span>
    </p>
   </div>
   <div class='ocr_carea' id='block_1_16' title="bbox 1010 2338 1681 2951">
    <p class='ocr_par' dir='ltr' id='par_1_17' title="bbox 1010 2338 1669 2951">
     <span class='ocr_line' id='line_1_67' title="bbox 1015 2338 1668 2388; baseline 0.003 -13"><span class='ocrx_word' id='word_1_332' title='bbox 1015 2339 1129 2375; x_wconf 83' lang='lat' dir='ltr'><strong>ferme</strong></span> <span class='ocrx_word' id='word_1_333' title='bbox 1154 2338 1239 2375; x_wconf 86' lang='lat' dir='ltr'><strong>locis</strong></span> <span class='ocrx_word' id='word_1_334' title='bbox 1260 2339 1408 2376; x_wconf 89' lang='lat' dir='ltr'><strong>indicari</strong></span> <span class='ocrx_word' id='word_1_335' title='bbox 1431 2340 1519 2377; x_wconf 86' lang='lat' dir='ltr'><strong>fines</strong></span> <span class='ocrx_word' id='word_1_336' title='bbox 1543 2339 1668 2388; x_wconf 84' lang='lat' dir='ltr'><strong>Aegy-</strong></span> 
     </span>
     <span class='ocr_line' id='line_1_68' title="bbox 1015 2394 1667 2444; baseline 0.006 -14"><span class='ocrx_word' id='word_1_337' title='bbox 1015 2395 1068 2444; x_wconf 91' lang='lat' dir='ltr'><strong>pti</strong></span> <span class='ocrx_word' id='word_1_338' title='bbox 1104 2394 1332 2444; x_wconf 76' lang='lat' dir='ltr'><strong>Aethiopiam</strong></span> <span class='ocrx_word' id='word_1_339' title='bbox 1364 2408 1500 2441; x_wconf 81' lang='lat' dir='ltr'><strong>versus.</strong></span> <span class='ocrx_word' id='word_1_340' title='bbox 1566 2395 1667 2434; x_wconf 88' lang='lat' dir='ltr'><strong>Nam</strong></span> 
     </span>
     <span class='ocr_line' id='line_1_69' title="bbox 1016 2450 1669 2501; baseline 0.002 -13"><span class='ocrx_word' id='word_1_341' title='bbox 1016 2450 1234 2500; x_wconf 71' lang='lat' dir='ltr'><strong>Cataclupz‘s,</strong></span> <span class='ocrx_word' id='word_1_342' title='bbox 1265 2464 1358 2501; x_wconf 87' lang='lat' dir='ltr'><strong>quae</strong></span> <span class='ocrx_word' id='word_1_343' title='bbox 1375 2456 1566 2499; x_wconf 86' lang='lat' dir='ltr'><strong>vocantur,</strong></span> <span class='ocrx_word' id='word_1_344' title='bbox 1585 2451 1669 2489; x_wconf 89' lang='lat' dir='ltr'><strong>No-</strong></span> 
     </span>
     <span class='ocr_line' id='line_1_70' title="bbox 1016 2508 1668 2556; baseline 0.003 -13"><span class='ocrx_word' id='word_1_345' title='bbox 1016 2512 1090 2544; x_wconf 85' lang='lat' dir='ltr'><strong>ster</strong></span> <span class='ocrx_word' id='word_1_346' title='bbox 1108 2508 1274 2556; x_wconf 73' lang='lat' dir='ltr'><strong>intelligit</strong></span> <span class='ocrx_word' id='word_1_347' title='bbox 1301 2512 1534 2545; x_wconf 80' lang='lat' dir='ltr'><strong>catarractem</strong></span> <span class='ocrx_word' id='word_1_348' title='bbox 1555 2510 1668 2545; x_wconf 78' lang='lat' dir='ltr'><strong>mino-</strong></span> 
     </span>
     <span class='ocr_line' id='line_1_71' title="bbox 1016 2565 1666 2613; baseline 0.006 -14"><span class='ocrx_word' id='word_1_349' title='bbox 1016 2577 1086 2600; x_wconf 76' lang='lat' dir='ltr'><strong>rem</strong></span> <span class='ocrx_word' id='word_1_350' title='bbox 1104 2577 1209 2613; x_wconf 88' lang='lat' dir='ltr'><strong>quem</strong></span> <span class='ocrx_word' id='word_1_351' title='bbox 1227 2565 1371 2612; x_wconf 86' lang='lat' dir='ltr'><strong>dicunt,</strong></span> <span class='ocrx_word' id='word_1_352' title='bbox 1392 2577 1414 2601; x_wconf 85' lang='lat' dir='ltr'><strong>a</strong></span> <span class='ocrx_word' id='word_1_353' title='bbox 1434 2565 1556 2613; x_wconf 85' lang='lat' dir='ltr'><strong>Syene</strong></span> <span class='ocrx_word' id='word_1_354' title='bbox 1575 2565 1666 2603; x_wconf 90' lang='lat' dir='ltr'><strong>urbe</strong></span> 
     </span>
     <span class='ocr_line' id='line_1_72' title="bbox 1013 2621 1667 2659; baseline 0.005 -4"><span class='ocrx_word' id='word_1_355' title='bbox 1013 2633 1087 2656; x_wconf 90' lang='lat' dir='ltr'><strong>non</strong></span> <span class='ocrx_word' id='word_1_356' title='bbox 1125 2621 1229 2658; x_wconf 82' lang='lat' dir='ltr'><strong>valde</strong></span> <span class='ocrx_word' id='word_1_357' title='bbox 1264 2626 1443 2658; x_wconf 86' lang='lat' dir='ltr'><strong>remotum</strong></span> <span class='ocrx_word' id='word_1_358' title='bbox 1478 2621 1667 2659; x_wconf 88' lang='lat' dir='ltr'><strong>meridiem</strong></span> 
     </span>
     <span class='ocr_line' id='line_1_73' title="bbox 1012 2677 1666 2716; baseline 0.002 -4"><span class='ocrx_word' id='word_1_359' title='bbox 1012 2690 1136 2714; x_wconf 87' lang='lat' dir='ltr'><strong>versus</strong></span> <span class='ocrx_word' id='word_1_360' title='bbox 1177 2678 1397 2716; x_wconf 83' lang='lat' dir='ltr'><strong>escendenti.</strong></span> <span class='ocrx_word' id='word_1_361' title='bbox 1471 2677 1531 2715; x_wconf 92' lang='lat' dir='ltr'><strong>De</strong></span> <span class='ocrx_word' id='word_1_362' title='bbox 1568 2678 1666 2714; x_wconf 89' lang='lat' dir='ltr'><strong>cuius</strong></span> 
     </span>
     <span class='ocr_line' id='line_1_74' title="bbox 1011 2734 1666 2783; baseline 0.003 -15"><span class='ocrx_word' id='word_1_363' title='bbox 1011 2734 1262 2780; x_wconf 81' lang='lat' dir='ltr'><strong>magnitudine</strong></span> <span class='ocrx_word' id='word_1_364' title='bbox 1296 2734 1482 2783; x_wconf 87' lang='lat' dir='ltr'><strong>nimioque</strong></span> <span class='ocrx_word' id='word_1_365' title='bbox 1531 2735 1666 2781; x_wconf 87' lang='lat' dir='ltr'><strong>sonitu,</strong></span> 
     </span>
     <span class='ocr_line' id='line_1_75' title="bbox 1012 2782 1681 2841; baseline 0.003 -17"><span class='ocrx_word' id='word_1_366' title='bbox 1012 2801 1084 2837; x_wconf 93' lang='lat' dir='ltr'><strong>quo</strong></span> <span class='ocrx_word' id='word_1_367' title='bbox 1107 2790 1249 2828; x_wconf 83' lang='lat' dir='ltr'><strong>accolae</strong></span> <span class='ocrx_word' id='word_1_368' title='bbox 1266 2791 1437 2829; x_wconf 89' lang='lat' dir='ltr'><strong>audiendi</strong></span> <span class='ocrx_word' id='word_1_369' title='bbox 1463 2803 1572 2828; x_wconf 90' lang='lat' dir='ltr'><strong>sensu</strong></span> <span class='ocrx_word' id='word_1_370' title='bbox 1589 2782 1681 2841; x_wconf 90' lang='lat' dir='ltr'><strong>pri-</strong></span> 
     </span>
     <span class='ocr_line' id='line_1_76' title="bbox 1010 2847 1665 2896; baseline 0.003 -15"><span class='ocrx_word' id='word_1_371' title='bbox 1010 2850 1159 2893; x_wconf 61' lang='lat' dir='ltr'><strong>xentur,</strong></span> <span class='ocrx_word' id='word_1_372' title='bbox 1198 2847 1352 2896; x_wconf 85' lang='lat' dir='ltr'><strong>plurima</strong></span> <span class='ocrx_word' id='word_1_373' title='bbox 1379 2847 1579 2884; x_wconf 88' lang='lat' dir='ltr'><strong>retulerunt</strong></span> <span class='ocrx_word' id='word_1_374' title='bbox 1601 2859 1665 2883; x_wconf 78' lang='lat' dir='ltr'><strong>ve-</strong></span> 
     </span>
     <span class='ocr_line' id='line_1_77' title="bbox 1010 2903 1664 2951; baseline 0.006 -14"><span class='ocrx_word' id='word_1_375' title='bbox 1010 2905 1104 2938; x_wconf 89' lang='lat' dir='ltr'><strong>teres</strong></span> <span class='ocrx_word' id='word_1_376' title='bbox 1117 2930 1128 2948; x_wconf 86' lang='lat'>,</span> <span class='ocrx_word' id='word_1_377' title='bbox 1160 2915 1255 2951; x_wconf 85' lang='lat' dir='ltr'><strong>quae</strong></span> <span class='ocrx_word' id='word_1_378' title='bbox 1275 2917 1318 2941; x_wconf 90' lang='lat' dir='ltr'><strong>eo</strong></span> <span class='ocrx_word' id='word_1_379' title='bbox 1336 2905 1454 2941; x_wconf 90' lang='lat' dir='ltr'><strong>minus</strong></span> <span class='ocrx_word' id='word_1_380' title='bbox 1473 2903 1530 2941; x_wconf 90' lang='lat' dir='ltr'><strong>hic</strong></span> <span class='ocrx_word' id='word_1_381' title='bbox 1548 2904 1664 2941; x_wconf 90' lang='lat' dir='ltr'><strong>refer-</strong></span> 
     </span>
    </p>
   </div>
  </div>
 </body>
</html>
