1777 3324
151 231 296 280 ,923
414 248 433 297 g
762 238 1179 280 ADDENDA

211 347 264 383 Ad
283 347 323 390 Ι,
340 349 387 385 96
418 357 498 393 pag.
517 346 595 382 247.
620 346 701 383 248.
750 349 909 382 Deincem
934 360 1010 383 esse
1037 349 1281 384 Dschemschid
1313 349 1469 394 pluribus
1499 349 1735 386 demonstrare

429 393 544 427 studet
563 394 668 438 Hfilty
691 394 932 438 (Dsjemschid,
958 395 1110 428 Feridun
1129 402 1193 431 etc.
1214 397 1369 430 Hannov.
1389 398 1477 431 1829
1497 408 1529 441 p.
1547 398 1592 433 53
1604 398 1733 442 seqq.)‚

431 440 637 474 Phraortcm
667 439 754 473 idem
785 453 862 485 pag.
883 443 926 475 60
948 453 1017 485 seq.
1048 442 1154 475 habet
1182 443 1334 475 Feridun
1360 442 1423 486 (v.
1445 442 1577 476 Herod.
1607 443 1645 483 Ι,
1667 445 1734 478 102

429 487 627 565 Ρᾶειςὶέςὸη,
644 487 843 565 gyptfasgjg
867 488 1012 567 (Hezssrpd.
1038 487 1074 527 Ι,
1099 487 1154 522 73.
1182 489 1264 531 103)
1292 499 1353 533 pro
1374 500 1435 529 eo,
1460 488 1519 532 qui
1540 488 1734 533 appellatur

468 544 594 564 us..
675 543 1087 567 01.11..³Se((.

210 576 263 611 Ad
279 576 315 618 I,
336 578 402 613 102
425 587 505 621 pag.
526 543 606 612 2513.
657 577 707 610 Ad
728 589 799 610 voc.
825 544 1008 620 (Ξπξχρᾶτο
1031 545 1121 612 (Ξὲηΐ.
1144 579 1352 612 Bachmann.
1378 578 1532 614 Anecdd.
1553 578 1569 611 I
1594 589 1628 623 p.
1653 579 1733 619 119,

429 622 474 657 24
507 622 581 655 coll.
611 633 689 665 pag.
709 624 794 663 137,
822 626 883 663 19,
918 624 978 656 ubi
1008 625 1092 656 haec
1119 624 1303 668 leguntur:
1332 622 1524 671 εἷποχρᾷνε
1548 621 1733 668 ἐξαρκεῖν·

429 665 647 710 “Ηρο’δοτος·
674 672 728 701 et:
757 665 921 711 ἀπόχρη·
948 666 1100 711 ἐξαρκεῖ.

210 713 261 747 Ad
282 714 319 755 Ι,
340 715 405 750 125
430 725 510 758 pag.
533 714 611 747 299.
666 713 732 753 lis,
758 725 846 756 quae
875 715 917 747 de
951 716 1132 747 Germanis
1160 714 1427 758 disputavimus,
1462 715 1590 750 addere
1621 715 1735 759 placet

186 773 190 775 >
429 760 529 792 Link.
552 759 688 791 Urwelt
711 770 744 802 p.
766 760 830 794 170
852 764 888 792 et
907 760 1042 792 Pfister.
1065 761 1264 793 Geschicht.
1285 761 1318 793 d.
1338 761 1499 794 Deutsch.
1522 762 1536 794 Ι
1563 773 1594 805 p.
1611 761 1657 796 24
1678 773 1730 805 sq.

427 806 496 839 519
512 816 609 848 seqq.
635 809 670 837 et
697 804 905 848 potissimum
938 805 967 837 1.
992 805 1034 837 de
1062 805 1234 839 Hammer.
1265 806 1298 838 in
1327 807 1449 842 annali.
1476 808 1597 842 Vienn.
1619 806 1731 840 XLVI

426 862 504 894 pag.
525 852 611 890 120,
636 849 693 893 qui
722 850 812 883 ultra
831 851 944 883 Oxum
968 850 1002 882 in
1029 851 1214 891 Buchana,
1247 851 1306 883 ubi
1333 851 1460 885 Xerxis
1486 856 1638 896 tempore
1659 853 1731 886 Da-

426 896 525 928 dicae
543 895 650 937 (conf.
670 895 799 928 Herod.
823 895 896 935 Ill,
921 896 986 939 91)
1013 900 1048 929 et
1067 902 1183 929 nostra
1201 900 1314 929 aetate
1332 904 1450 940 gentes
1463 922 1473 937 ,
1497 908 1586 941 quae
1605 898 1731 942 appel-

426 941 540 974 lentur
552 941 752 981 Tadsckik,
777 941 1005 981 inveniantur,
1025 941 1216 984 primitivas
1237 943 1481 976 Germanorum
1504 942 1604 976 sedes
1624 955 1732 986 quae-

425 987 551 1021 rendas
578 999 652 1020 esse
683 987 802 1031 ponit,
835 987 941 1020 multa
969 987 1097 1020 addens
1129 987 1171 1020 de
1198 989 1380 1021 Persarum
1408 1000 1448 1021 ac
1484 989 1731 1022 Germanorum

426 1033 565 1076 linguae
586 1032 774 1074 affinitate,
802 1044 900 1076 quam
924 1039 976 1066 ter
994 1033 1082 1067 mille
1102 1033 1243 1068 vocibus
1266 1034 1481 1068 Germanicis
1495 1034 1530 1067 in
1548 1035 1731 1068 Persarum

427 1079 544 1122 lingua
563 1078 673 1111 obviis
691 1091 727 1112 se
745 1080 965 1123 probaturum
985 1091 1061 1112 esse
1081 1080 1255 1124 pollicitus
1274 1085 1334 1113 est.
1384 1080 1440 1113 Tu
1458 1080 1530 1113 vid.
1560 1091 1642 1124 pag.
1664 1082 1730 1116 113

428 1131 464 1159 et
484 1124 527 1158 cf.
547 1124 698 1158 eiusdem
715 1125 782 1158 viri
802 1125 894 1158 docti
917 1125 1182 1170 disputationem
1208 1125 1252 1158 de
1279 1126 1331 1158 his
1351 1126 1453 1159 rebus
1471 1125 1552 1159 ibid.
1572 1126 1727 1159 XXXIII

427 1182 507 1215 pag.
528 1171 592 1205 136
613 1182 688 1215 sqq.
736 1171 867 1204 Eorum
886 1171 1086 1215 ingratiam,
1111 1171 1169 1216 qui
1194 1171 1236 1205 de
1262 1171 1423 1205 maiorum
1453 1176 1643 1205 nostrorum
1674 1172 1728 1204 in·

427 1217 608 1250 cunabulis
629 1228 796 1260 quaerere
816 1217 944 1257 solent,
970 1217 1179 1258 adscribam,
1205 1229 1293 1261 quae
1320 1230 1362 1251 ex
1382 1217 1520 1262 antiquo
1541 1218 1653 1262 legum
1670 1228 1730 1250 co-

428 1262 505 1295 dice
529 1263 705 1305 Georgico
729 1274 836 1307 nuper
862 1262 897 1295 in
925 1263 1032 1297 lucem
1060 1264 1194 1307 prolata
1226 1267 1303 1296 sunt
1324 1275 1344 1296 a
1366 1264 1466 1297 docto
1485 1263 1586 1296 Gallo
1612 1263 1647 1296 in
1669 1274 1731 1296 an-

429 1308 507 1343 nall.
530 1308 572 1341 de
592 1308 739 1351 legislat.
757 1314 792 1341 et
812 1309 854 1341 de
872 1309 1134 1353 jurisprudence
1164 1309 1292 1352 (Paris,
1314 1310 1421 1352 1829)
1443 1321 1515 1342 nro.
1535 1308 1592 1343 40.
1639 1309 1730 1343 Nam

428 1354 523 1398 apud
544 1353 749 1398 Georgicam
769 1360 922 1397 gentem,
948 1356 1038 1399 quod
1057 1356 1173 1388 mirum
1196 1355 1334 1396 auditu,
1368 1355 1484 1388 eadem
1508 1354 1731 1396 inveniuntur

429 1400 569 1440 iudicia,
587 1411 674 1444 quae
692 1402 782 1444 apud
807 1401 951 1434 maiores
971 1406 1105 1434 nostros
1124 1401 1281 1443 (ordalia
1299 1401 1401 1444 vulgo
1422 1401 1611 1444 dicuntur),
1627 1400 1730 1434 iidem

429 1445 517 1479 ritus
536 1446 570 1478 in
597 1445 682 1489 ipsis
707 1446 865 1487 iudiciis,
891 1447 1028 1479 eaedem
1051 1446 1308 1480 satisfactiones
1327 1448 1539 1491 (lVehrgeld
1556 1446 1728 1488 vocitant)

428 1503 493 1536 pro
514 1491 684 1536 dignitate
706 1498 810 1537 atque
831 1493 951 1525 ordine
970 1493 1041 1525 eius
1062 1504 1160 1537 quem
1180 1492 1316 1526 violaris
1339 1493 1514 1525 necarisve
1532 1492 1728 1532 distinctae,

427 1538 565 1571 eaedem
594 1537 741 1571 mulctae
769 1539 865 1571 boum
888 1550 1091 1584 pecorumve
1113 1550 1251 1572 numero
1271 1538 1495 1579 constitutae,
1521 1537 1611 1580 alia,
1640 1548 1730 1583 quae

426 1595 609 1618 recensere
633 1583 769 1628 longum
793 1594 855 1618 est.

214 1631 267 1667 Ad
280 1631 317 1674 1,
339 1631 405 1667 133
431 1641 511 1675 pag.
530 1631 611 1665 315.
659 1630 758 1670 Quae
775 1630 818 1663 de
839 1629 954 1663 Persis
985 1629 1251 1663 deliberantibus
1277 1628 1383 1662 refert
1402 1628 1620 1669 Herodotus,
1646 1637 1729 1662 con-

433 1680 564 1720 gruunt
591 1687 663 1709 cum
691 1676 756 1719 iis,
800 1688 887 1720 quae
920 1676 962 1709 de
989 1676 1172 1709 maioribus
1198 1675 1323 1708 nostris
1354 1680 1492 1708 enarrat
1520 1673 1667 1708 Tacitus
1693 1672 1729 1707 in

432 1723 594 1755 German.
612 1734 667 1768 cp.
684 1724 750 1763 22,
774 1723 832 1755 ubi
850 1722 1056 1766 interpretes
1067 1733 1141 1765 pon
1161 1721 1252 1764 sugit
1268 1720 1435 1754 Herodoti
1453 1721 1559 1754 locus.
1665 1756 1669 1760 ,

214 1770 268 1805 Ad
289 1769 327 1812 Ι,
349 1769 414 1804 103
440 1779 518 1812 pag.
538 1769 617 1802 259.
650 1765 722 1810 πρὸ
742 1771 821 1807 τοῖς
843 1765 882 1802 δὲ
903 1765 1037 1811 α’ναμὶξ
1056 1767 1102 1811 ήν
1121 1764 1246 1800 πάντα
1268 1763 1405 1809 ὁμοίως
1422 1762 1728 1811 ἀναπεφυρμένα]

433 1813 563 1847 Similia
590 1814 753 1858 quaedam
783 1815 825 1847 ad
856 1813 1033 1847 locutionis
1062 1814 1131 1846 vim
1159 1813 1244 1846 citat
1278 1824 1321 1846 ex
1343 1813 1508 1854 Platone,
1542 1812 1637 1854 aliis,
1670 1813 1728 1846 W.

433 1860 578 1893 Schorn.
599 1863 792 1903 Anaxagor.
812 1861 923 1904 fragg.
947 1872 1025 1904 pag.
1047 1861 1100 1894 15.

213 1906 266 1941 Ad
284 1906 321 1949 1,
344 1905 411 1942 142
436 1918 513 1951 pag.
536 1906 615 1940 329.
664 1906 763 1945 Quae
786 1906 979 1940 Herodotus
1009 1905 1052 1939 de
1082 1904 1172 1939 aeris
1194 1903 1358 1949 temperie
1380 1907 1415 1938 et
1437 1903 1480 1938 de
1496 1903 1571 1948 ipsa
1589 1902 1729 1947 regione

433 1952 629 1996 praedicat,
654 1951 880 1985 recentiorum
905 1963 1040 1995 quoque
1064 1951 1267 1985 testimoniis
1300 1949 1493 1984 confirmari
1518 1954 1631 1983 monet
1650 1948 1730 1982 Sol-

432 1998 508 2030 dan.
526 2003 701 2033 comment.
720 1998 737 2030 I
761 1997 803 2031 de
819 1998 891 2031 reb.
910 1998 1041 2031 Miless.
1064 2008 1143 2042 pag.
1161 2000 1192 2033 8.

213 2043 266 2077 Ad
281 2042 318 2084 I,
346 2043 412 2078 142
435 2055 516 2088 pag.
533 2045 612 2078 330.
661 2043 713 2077 De
738 2044 858 2077 Mileto
889 2044 977 2076 conf.
995 2043 1135 2077 Soldan.
1152 2043 1174 2075 l.
1193 2041 1216 2075 l.
1238 2053 1318 2087 pag.
1336 2042 1358 2076 3
1377 2052 1473 2085 seqq.
1647 2083 1655 2092 ι

213 2090 266 2123 Ad
285 2090 324 2133 I,
343 2091 408 2126 135
433 2100 512 2133 pag.
533 2090 613 2124 318.
633 2090 712 2124 319.
743 2089 797 2123 De
812 2101 897 2122 voce
916 2089 1102 2132 κουρίδιος
1118 2088 1307 2130 disputavit
1326 2088 1521 2120 Buttmann.
1537 2084 1571 2118 in
1591 2084 1727 2128 lexllog.

431 2135 449 2168 I
472 2146 552 2179 pag.
573 2133 747 2176 32—34,
782 2135 840 2168 ubi
859 2135 960 2168 docet
991 2146 1125 2179 semper
1148 2135 1182 2167 in
1209 2135 1273 2167 hoc
1289 2133 1452 2167 vocabulo
1480 2132 1593 2165 inesse
1611 2131 1728 2164 matri—

430 2180 534 2214 monii
562 2186 664 2225 atque
686 2180 835 2225 coniugii
855 2181 920 2214 vim
942 2192 982 2213 ac
1001 2182 1193 2221 notionem,
1219 2191 1286 2224 qua
1303 2178 1516 2222 intelligatur
1535 2177 1656 2210 coniux
1678 2177 1727 2208 le-

431 2227 556 2270 gitimo
576 2227 794 2260 matrimonio
814 2228 942 2265 iuncta,
965 2226 1111 2270 indeque
1131 2225 1291 2270 opposita
1309 2225 1513 2258 concubinae
1532 2234 1559 2255 s.
1570 2221 1618 2265 τῇ
1636 2223 1724 2254 παλ.-

433 2271 566 2304 λακίδι.
595 2272 726 2312 Quibus
745 2273 809 2306 hoc
831 2272 917 2304 scite
937 2272 1032 2305 addit
1048 2270 1265 2315 Doederlein.
1290 2271 1325 2303 in
1346 2270 1439 2303 lectt.
1459 2269 1615 2301 Homerr.
1646 2278 1728 2311 spe-

433 2316 509 2350 cim.
525 2317 577 2349 ΙΙΙ
600 2317 761 2360 (Erlang.
784 2318 891 2360 1829)
923 2329 1002 2361 pag.
1022 2319 1062 2352 8:
1086 2316 1273 2359 κουρίδιος
1294 2314 1478 2348 Homerice
1497 2312 1564 2346 dici
1583 2324 1645 2357 pro
1664 2309 1727 2345 κύ-

433 2373 535 2405 ριοςς
567 2362 647 2395 inde
674 2362 863 2405 κουριδίην
894 2359 1028 2405 ἄλοχον
1059 2375 1080 2396 a
1106 2362 1274 2405 dignitate
1301 2371 1422 2394 nomen
1451 2358 1624 2399 traxisse,
1653 2369 1727 2391 cum

431 2408 501 2440 ista
522 2408 642 2441 vocula
671 2419 768 2452 quam
796 2408 940 2442 maxime
967 2409 1011 2442 ad
1036 2408 1088 2441 ius
1111 2413 1146 2440 et
1172 2411 1377 2452 potestatem
1394 2405 1430 2438 in
1449 2403 1641 2438 universam
1665 2403 1728 2437 do-

431 2464 518 2487 mum
542 2454 729 2498 pertineat.
1502 2463 1505 2465 ’

213 2497 266 2530 Ad
282 2498 320 2539 Ι,
346 2499 423 2534 153.
447 2494 495 2542 ἢν
513 2495 581 2541 ἐγώ
603 2495 755 2542 ὑγιαίνω
774 2518 819 2523 -
838 2496 973 2542 οἰκήϊα.
1022 2498 1079 2531 Tu
1107 2496 1198 2530 conf.
1217 2494 1409 2540 Thucydid.
1430 2494 1463 2536 Ι,
1484 2495 1570 2536 120,
1593 2493 1651 2528 ubi
1678 2492 1726 2527 si-

431 2544 522 2577 milia
541 2545 705 2589 quaedam
723 2544 870 2578 afl'erunt
886 2545 1112 2589 interpretes,
1138 2554 1217 2587 pag.
1233 2544 1300 2577 229
1327 2542 1379 2575 ed.
1397 2540 1543 2574 Gervin.

214 2587 266 2620 Ad
285 2587 322 2629 1,
343 2590 408 2624 157
428 2590 486 2623 fin·
508 2601 586 2634 pag.
605 2592 684 2625 356.
732 2591 939 2624 Panormum
959 2591 992 2623 in
1022 2600 1107 2633 agro
1128 2588 1262 2621 Milesio
1291 2591 1528 2621 commemorat
1547 2582 1726 2629 Thucydi-

433 2635 494 2667 des
522 2635 622 2677 VIII,
652 2634 697 2670 24
728 2635 803 2671 init.
849 2638 961 2680 Atque
992 2634 1124 2668 invenit
1154 2633 1366 2667 Chandlerus
1394 2632 1428 2665 in
1452 2631 1581 2665 vicinia
1609 2629 1727 2675 templi

432 2680 695 2714 Branchidarum
713 2693 855 2726 parvum
877 2681 984 2715 sinum
1000 2680 1134 2714 navium
1162 2678 1320 2724 appulsui
1342 2683 1566 2723 opportunum
1587 2675 1726 2720 eiusque
1776 2711 1777 2723 ἵ

431 2724 465 2757 in
490 2726 617 2803 am4bitu
645 2727 863 2761 munitionum
895 2727 1060 2773 quaedam
1088 2725 1245 2769 vestigia.
1295 2724 1351 2758 Tu
1375 2723 1465 2758 conf.
1495 2722 1636 2756 Soldan.
1659 2721 1684 2756 l.
1702 2720 1725 2753 l.

459 2781 512 2812 ag.
554 2772 586 2803 2.

213 2813 266 2848 Ad
284 2813 325 2855 I,
347 2814 412 2849 178
434 2781 516 2858 Ipag·
537 2816 616 2849 389.
665 2815 763 2855 Quod
784 2817 980 2851 Herodotus
999 2815 1208 2861 Babyloniae
1226 2814 1319 2848 urbis
1343 2814 1501 2848 ambitum
1519 2810 1726 2847 480.stadiis

431 2859 598 2899 absolvit,
631 2859 667 2892 id
702 2872 721 2893 a
751 2863 819 2897 360
849 2864 989 2902 stadiis,
1025 2869 1110 2907 quot.
1137 2873 1158 2895 a
1187 2861 1359 2901 Diodoro,
1397 2859 1491 2899 aliis,
1525 2857 1725 2903 produntur,

431 2904 520 2939 haud
546 2905 691 2938 differre
723 2907 844 2941 statuit
872 2909 1043 2942 Iomardus
1083 2907 1269 2952 (descript.
1295 2905 1338 2939 de
1364 2904 1520 2949 l'Egypt.
1550 2903 1682 2948 antiqq.
1709 2901 1724 2934 Ι
