1805 3315
390 241 472 281 122

804 240 1272 281 HERODOTI

386 345 476 393 ὑπὸ
503 347 582 393 τόν
594 347 708 407 νηὸν
718 350 1006 396 κατακαέντα·
1037 351 1112 395 καὶ
1129 347 1153 394 ὁ
1173 350 1255 408 μὲν
1270 348 1454 408 χρύσεος
1477 352 1614 393 κεῖται
1628 349 1676 393 έν

385 431 448 487 τῷ
457 430 765 486 Κλαζομενίων
775 434 1003 488 θησαυρῷ,
1016 430 1154 474 ἕλκων
1167 428 1366 486 σταθμὸν
1386 429 1569 474 ἔννατον
1580 428 1674 485 ἡμι·

383 505 598 552 τάλαντον
619 509 692 552 καὶ
714 509 775 553 ἔτι
803 509 1002 554 δυώδεκα
1023 510 1174 566 μνέας·
1205 508 1229 554 ὁ
1261 511 1307 554 δὲ
1339 508 1574 565 ἀργύρεος,
1603 507 1718 554 {nm

382 590 466 631 τοῦ
477 589 693 644 προνηίου
714 591 788 645 τῆς
800 590 973 645 γωνίης,
983 588 1158 644 χωρέων
1169 586 1396 646 ἀμφορέας
1407 588 1670 641 ἑξακοσίους.

360 664 651 721 Βέπικίρναται
688 666 772 723 γὰρ
809 666 895 711 ὑπὸ
925 671 1110 722 Δελφῶν
1155 669 1455 723 Θεοφανίοισι.
1486 667 1596 723 φασὶ
1625 666 1672 711 δέ

382 760 458 799 μιν
486 746 658 801 Δελφοὶ
689 742 925 801 Θεοδώρου
962 749 1044 790 τοῦ
1071 748 1248 803 Σαμίου
1278 747 1406 803 ἔργον
1435 744 1568 791 εἶναι·
1597 746 1672 790 καὶ

568 939 600 976 C
613 951 684 991 ap.
712 938 777 979 LI.

389 1024 495 1067 ὖπὸ
534 1025 601 1067 τὸν
641 1025 743 1080 νηόν
783 1042 996 1069 κατακα-

334 1082 485 1131 έντα]
526 1085 639 1122 Haud
682 1085 776 1124 male
814 1085 995 1125 Matthiae

334 1139 373 1192 ὃ.
395 1140 477 1182 565
497 1146 572 1178 not.
595 1145 614 1183 1
641 1155 728 1194 pag.
751 1144 878 1184 1113:
902 1156 991 1192 „ge-

338 1210 408 1246 gen
431 1197 488 1234 «lie
518 1198 627 1247 Zez't,
667 1199 716 1236 da
756 1199 817 1235 der
854 1199 993 1249 Tempel

333 1253 588 1291 verbrannte.“
660 1255 771 1292 Conf.
816 1255 871 1303 ΙΙ,
921 1257 988 1296 36.

332 1309 492 1349 Pausan.
522 1310 560 1360 I,
589 1313 643 1354 23
679 1310 718 1363 ἓ.
738 1312 765 1353 3
793 1312 879 1362 ibiq.
910 1313 991 1350 Sie-

332 1366 437 1404 belis.

389 1421 454 1462 ἐπὶ
476 1424 552 1461 τοῦ
569 1425 767 1474 προνηίου
784 1425 855 1474 τῆς
872 1424 988 1476 γωνί-

330 1477 402 1530 ης]
434 1479 532 1516 Infra
554 1479 661 1527 VIII,
695 1484 776 1522 122
808 1482 855 1519 de
875 1481 988 1531 Aegi-

329 1540 495 1573 netarum
524 1536 706 1586 donariis,
758 1550 853 1587 quae
875 1560 931 1565 ——
953 1537 988 1577 ἒ-

330 1593 447 1631 στᾶσι
477 1590 542 1631 ἐπὶ
571 1595 644 1643 τῆς
670 1595 889 1645 γωνίης,
921 1590 986 1645 α’γ-

328 1663 479 1699 χοτατω
512 1651 587 1687 τοῦ
619 1647 770 1700 Κροίσε
758 1664 804 1688 ’ω
840 1653 985 1701 κρητῆ-

328 1719 410 1756 ρος.
439 1726 496 1733 -
525 1704 568 1742 In
596 1707 894 1744 antecedentibus
928 1712 984 1744 at-

326 1762 427 1798 tend.
457 1762 630 1798 orationis
657 1763 954 1800 abundantiam
946 1777 983 1801 in

326 1818 446 1855 verbis
466 1813 639 1868 μεγάθεϊ
651 1816 844 1870 μεγάλους
856 1851 867 1868 ,
900 1819 979 1857 coll.

325 1873 384 1922 ΙΙ,
407 1873 475 1915 74.
504 1874 567 1921 IV,
590 1876 644 1916 52
659 1880 695 1913 et
714 1876 850 1913 similes
869 1889 981 1924 quos-

325 1931 412 1967 dam
421 1930 627 1968 Pausaniae
645 1931 744 1968 locos
756 1961 766 1979 ‚
790 1945 882 1982 quos
900 1933 982 1970 Sie-

323 1987 427 2023 belis.
455 1987 542 2024 citat
573 1988 622 2025 ad
655 1988 815 2026 Pausan.
843 1988 899 2035 11,
924 1989 980 2030 34

325 2040 364 2092 ἓ·
391 2045 455 2083 11.
525 2042 598 2079 Pro
634 2041 807 2096 μεγάθεϊ
839 2044 979 2093 aliquot

324 2098 406 2135 libri
431 2096 607 2150 μεγέθει
631 2105 667 2136 et
687 2101 979 2152 μεγέθεὶ·,(μιοι1

322 2153 453 2191 Ionum
462 2156 621 2192 sermoni
634 2157 750 2193 minus
764 2162 819 2195 est
837 2170 978 2194 accom-

323 2211 531 2257 modatum3
552 2213 646 2249 conf.
669 2213 783 2262 Greg.
810 2213 976 2251 Corinth.

322 2267 371 2303 de
390 2267 534 2304 dialect.
555 2267 664 2305 Ionic.
686 2267 723 2319 ᾗ.
745 2271 798 2311 59
825 2284 860 2320 p.
880 2269 975 2310 468.

321 2322 502 2359 Herodot.
531 2322 570 2370 Ι,
609 2327 703 2366 202.
742 2327 846 2373 203,
885 2325 976 2374 'alia‚

322 2391 418 2427 quae
447 2378 485 2415 in
512 2380 673 2417 medium
700 2382 852 2431 protulit
869 2381 979 2420 Πρε-

321 2434 453 2482 seling.
483 2456 540 2461 —
582 2434 642 2472 Ad
666 2436 883 2475 locutionem
913 2436 977 2476 ἐπὶ

322 2487 431 2536 δεξιὰ
461 2490 546 2539 (zur
565 2490 741 2540 Recleten)
765 2495 858 2530 conf.
879 2492 977 2530 Mat-

320 2546 419 2583 thiae
428 2547 494 2583 Gr.
505 2547 570 2583 Gr.
594 2546 631 2598 §.
645 2548 726 2589 586
739 2577 750 2595 ‚
770 2563 788 2586 c
808 2563 843 2599 p.
858 2552 976 2590 1169.

377 2600 626 2653 ἐπικίρναται
656 2600 732 2656 γαρ
763 2602 845 2643 ’ὑπό
880 2607 976 2642 Δελ-

321 2659 415 2707 φῶν
445 2658 733 2709 Θεοφανίοισι]
766 2661 860 2698 Cum
885 2660 974 2697 alias

319 2714 456 2751 mentio
488 2715 554 2752 fiat
593 2715 833 2764 Θεοξενίων,
881 2729 974 2765 quae

318 2769 472 2821 Delphis
501 2771 636 2808 suerint
669 2777 839 2822 peracta,
876 2772 974 2809 idem

317 2825 387 2863 hoc
405 2826 485 2864 loco
505 2826 589 2864 olim
609 2828 791 2867 exstitisse
811 2828 975 2878 suspica-

315 2881 423 2920 batur
471 2882 707 2923 Valckenaer.
720 2913 733 2934 ‚
788 2887 964 2923 mutatum

1066 941 1153 980 dein
1173 954 1195 978 a
1212 941 1368 980 librariis
1389 941 1605 989 christianis,
1635 942 1715 991 qui-

1065 997 1133 1035 bus
1152 998 1296 1035 notiora
1315 998 1449 1036 fuerint
1477 995 1525 1036 τοέ
1546 993 1715 1047 Θεοφά-

1064 1068 1151 1093 νεια
1173 1055 1249 1092 sixe
1269 1056 1402 1091 festum
1426 1054 1565 1091 Christi
1580 1053 1713 1092 natale.

1062 1110 1184 1160 Atque
1216 1107 1264 1149 τοὶ
1298 1108 1486 1158 Θεοξένια
1517 1123 1592 1148 non
1622 1110 1714 1148 Del-

1060 1167 1143 1216 phis
1161 1167 1277 1204 solum
1289 1167 1468 1205 celebrata
1477 1167 1568 1216 (vid.
1580 1165 1712 1204 Athen.

1058 1223 1134 1271 ΙΧ,
1156 1226 1208 1265 13
1228 1224 1314 1274 ibiq.
1345 1224 1550 1273 Schweigh.
1580 1228 1618 1262 et
1638 1224 1713 1260 Ca-

1059 1281 1159 1317 saub.
1188 1280 1266 1317 coll.
1299 1281 1472 1319 Creuzer.
1490 1279 1655 1329 5)·.ωὶ)ο]
1677 1279 1712 1317 Π

1056 1349 1095 1386 p.
1126 1339 1207 1378 296
1236 1341 1313 1373 not.
1348 1339 1443 1385 16),
1480 1350 1603 1375 verum
1632 1336 1711 1373 aliis

1058 1393 1166 1430 etiam
1188 1393 1366 1430 Graeciae
1394 1393 1502 1441 locis,
1531 1398 1573 1430 ut
1596 1391 1711 1430 Athe-

1056 1449 1133 1495 nis,
1162 1448 1356 1498 Agrigenti
1376 1453 1463 1496 etc.;
1493 1462 1566 1498 qua
1593 1449 1641 1488 de
1670 1462 1710 1487 re

1055 1506 1220 1543 videatur
1259 1506 1440 1543 Pindarus
1481 1505 1628 1556 Olymp.
1657 1504 1710 1542 Ill

1057 1562 1134 1598 init.
1154 1575 1235 1599 cum
1253 1563 1456 1612 interprett.
1494 1562 1628 1611 Neque
1644 1576 1707 1600 ve-

1053 1631 1094 1654 ro
1126 1618 1216 1656 haec
1252 1632 1296 1656 eo
1332 1618 1452 1656 valere
1479 1619 1707 1666 crediderim,

1053 1679 1093 1711 ut
1110 1673 1190 1711 loco
1212 1679 1385 1712 moveant
1414 1674 1605 1713 lectionem
1628 1674 1708 1712 He-

1052 1731 1173 1767 rodoti
1198 1731 1301 1767 libris
1328 1731 1494 1768 omnibus
1515 1732 1708 1768 confirma-

1051 1792 1140 1824 tam.
1197 1786 1294 1824 Nam
1311 1788 1411 1838 apud
1430 1788 1594 1825 Graecos
1613 1801 1705 1837 quo-

1052 1856 1124 1893 que
1148 1844 1388 1893 Θεοφανίων
1417 1845 1549 1881 festum
1577 1845 1704 1891 fuisse,

1050 1899 1262 1950 intelligitur
1294 1914 1314 1938 e
1343 1899 1478 1938 Polluc.
1506 1901 1701 1939 Onomast.

1048 1956 1087 2003 I,
1120 1960 1139 1997 1
1199 1955 1236 2007 ἓ.
1275 1956 1331 1998 34
1368 1956 1447 1994 coll.
1492 1956 1702 1995 Philostrat.

1047 2012 1124 2051 vit.
1145 2012 1316 2063 Apollon.
1335 2013 1404 2062 IV,
1427 2015 1493 2055 31.
1551 2012 1631 2050 Alia
1648 2018 1704 2051 te-

1047 2070 1218 2107 stimonia
1257 2070 1364 2107 huius
1404 2070 1489 2108 sesti
1532 2069 1703 2122 Delphici

1049 2127 1222 2176 equidem
1243 2126 1386 2176 ignoro.

1102 2209 1203 2261 φασὶ
1228 2210 1271 2251 δέ
1288 2226 1356 2263 μιν
1377 2208 1530 2261 Δελφοὶ
1545 2206 1701 2251 Θεοδῶ·

1047 2282 1120 2317 ρου
1140 2270 1216 2307 τοῦ
1239 2268 1397 2319 Σαμίου
1427 2267 1540 2318 ἔργον
1572 2264 1698 2318 εἶναι]

1048 2324 1158 2361 Plura
1177 2325 1223 2362 de
1247 2325 1424 2362 Theodoro
1457 2325 1583 2362 Samio
1611 2325 1700 2362 arti-

1044 2380 1112 2417 fice
1133 2382 1294 2431 prodtmt
1318 2386 1482 2429 veteres,
1513 2393 1608 2430 quae
1642 2385 1699 2418 ta-

1044 2449 1133 2473 men
1159 2437 1218 2474 vix
1252 2438 1291 2474 in
1328 2450 1439 2474 unum
1469 2438 1699 2486 eundemque

1044 2492 1160 2529 virum
1188 2494 1320 2530 cadere
1348 2505 1461 2542 posse
1496 2493 1696 2529 videantur.

1043 2547 1141 2585 Hinc
1158 2549 1224 2585 viri
1263 2549 1361 2585 docti
1396 2549 1503 2585 binos
1533 2552 1697 2585 statuunt

1043 2603 1147 2640 huius
1182 2604 1338 2641 nominis
1377 2604 1556 2651 artifices,
1605 2617 1697 2653 quo—

1043 2672 1121 2695 rum
1139 2659 1228 2697 alter
1245 2661 1360 2697 maior
1376 2664 1465 2696 natu
1485 2660 1602 2708 idem,
1633 2661 1695 2709 qui

1041 2713 1180 2753 Rhoeci
1208 2716 1411 2766 appellatur
1431 2715 1525 2752 filius
1546 2720 1584 2753 et
1614 2729 1694 2754 cum

1039 2769 1209 2809 Daedalo
1238 2773 1418 2822 Epeoque
1451 2773 1694 2822 coniungitur,

1040 2839 1222 2877 quemque
1272 2828 1450 2879 plasticen
1510 2829 1694 2867 invenisse

1039 2884 1151 2922 multo
1169 2887 1254 2924 ante
1272 2884 1498 2924 Bacchiadas
1514 2885 1692 2924 Corintho
