1777 3324
166 269 250 308 930

720 265 1135 307 ADDENDA

389 376 430 420 (i.
450 389 480 410 e.
501 375 675 422 Nigrum)
711 378 854 412 eundem
886 389 962 412 esse
987 376 1126 410 fluvium
1148 402 1159 419 ‚
1203 388 1302 421 quem
1338 377 1518 411 Herodoto
1552 385 1692 413 auctore

388 422 536 467 quinque
562 423 772 457 Nasamones
793 425 934 458 iuvenes
956 423 1122 464 viderint3
1156 424 1214 468 qui
1237 429 1413 468 postquam
1433 424 1466 456 in
1488 424 1598 457 lacum
1621 425 1690 458 τοῦ

389 469 520 502 Dombu
540 468 696 512 intrarit,
725 470 767 503 ad
790 470 1057 514 septentrionem
1075 469 1153 502 inde
1175 481 1373 502 conversum
1394 469 1471 502 olim
1491 481 1553 514 per
1570 471 1692 514 Syrtes

388 515 422 548 in
444 526 537 548 mare
554 515 835 550 mediterraneum
853 516 998 555 exiisse,
1024 528 1110 549 nunc
1128 527 1210 549 vero
1234 515 1268 548 in
1295 515 1463 549 immensis
1486 527 1611 549 arenae
1631 516 1692 549 de-

389 561 492 594 serus
509 561 653 594 interire
670 562 805 595 statuit,
854 563 910 595 Tu
940 541 1027 594 cotis.
1049 561 1198 595 eiusdem
1219 561 1329 594 Iahnii
1350 562 1406 595 lib.
1426 562 1482 602 X,
1502 562 1524 595 4
1549 562 1631 604 (ΙΙ,
1649 561 1691 605 4)

389 619 469 652 pag.
485 606 558 660 ‘457
580 613 616 639 et
636 607 808 652 copiosius
831 607 874 640 de
894 607 958 640 hac
976 619 1014 640 re
1032 608 1254 641 disserentem
1273 607 1409 641 Gallum
1429 608 1563 640 doctum
1576 608 1694 640 Chau-

391 660 459 686 v.et
485 652 519 685 in
543 652 752 697 scriptione,
783 653 837 686 cui
856 653 995 686 titulus:
1029 678 1053 694 ‚,
1065 653 1120 686 Du
1142 654 1274 696 Niger,
1300 653 1342 685 du
1364 653 1497 694 fleuv‚e
1525 654 1568 686 de
1594 654 1693 687 Tim-

389 700 542 738 bouctu,
567 698 609 730 de
638 710 699 732 son
729 699 956 732 embouchure
985 703 1020 732 et
1049 698 1092 731 de
1120 699 1153 731 la
1187 700 1467 732 communication
1486 701 1545 732 des
1564 699 1692 743 grands

389 745 520 778 fleuves
544 743 576 776 d
579 744 754 788 Afrique“
787 745 842 777 in.
880 746 987 777 revue
1021 744 1368 789 enc3cloped.1829
1401 747 1513 779 octob.
1543 752 1625 780 tom.
1643 744 1693 779 IV

390 790 534 823 dixieme
551 788 683 822 livrais.
710 801 790 834 pag.
810 791 829 824 5
849 801 945 834 seqq.

172 835 222 870 Ad
244 835 298 876 ΙΙ,
317 836 362 869 33
387 847 467 881 pag.
486 836 553 868 552
577 835 611 867 in
630 841 715 868 nott.
736 846 757 868 a.
779 836 836 870 lin.
859 837 882 869 2
908 847 970 879 pro
994 837 1141 869 dabant
1162 834 1228 878 leg.
1254 836 1415 868 dabunt.

173 882 221 915 Ad
245 880 364 922 11,34
390 893 469 926 pag.
488 882 568 915 559.
622 877 759 922 ὅλυραν
779 882 924 924 speltam
946 893 1044 920 esse,
1070 880 1212 925 pap3ris
1243 881 1433 914 confirmari
1458 881 1588 917 dicunt.
1638 882 1695 917 Cf.

175 1019 222 1053 Ad
243 1020 298 1062 ΙΙ,
321 1020 365 1055 37
390 1030 433 1063 pa

391 927 520 971 Papyri
540 927 664 959 Graec.
678 926 884 961 Taurinens.
905 938 988 960 mus.
1007 906 1168 961 illustrat.
1191 927 1234 960 ab
1256 926 1404 960 Amedeo
1424 927 1560 970 Peyron
1578 927 1694 970 (Tau-

392 973 457 1006 rin.
479 973 613 1017 1827p
592 984 626 1017 p.
644 972 699 1016 II)
723 984 801 1016 pag.
826 972 881 1007 73.
1380 989 1384 992 —

437 1030 468 1061 g.
494 1018 575 1053 564.
624 1018 676 1051 De
705 1019 950 1063 Aegyptiorum
980 1017 1239 1052 circumcisione
1268 1017 1433 1063 quaedam
1460 1017 1621 1062 leguntur
1651 1030 1693 1052 ex

390 1065 535 1098 Philone
560 1063 685 1097 Iudaeo
708 1064 742 1097 in
768 1065 941 1110 Paralipp.
961 1066 1119 1099 Armenn.
1146 1065 1286 1108 (Venet.
1312 1065 1417 1108 1826)
1445 1076 1478 1108 p.
1497 1065 1562 1098 217
1583 1076 1693 1108 seqq.,

391 1110 481 1143 unde
507 1110 666 1143 discimus
689 1117 868 1154 utrumque
905 1123 1012 1156 genus
1049 1112 1091 1144 ab
1119 1110 1299 1155 Aegyptiis
1328 1110 1526 1144 circumcidi
1559 1111 1694 1144 solitum

390 1168 467 1190 esse
486 1168 573 1189 anno
595 1156 726 1189 decimo
747 1162 891 1200 quarto,
924 1157 1081 1201 idemque
1112 1157 1300 1190 obtinuisse
1329 1156 1423 1200 apud
1450 1157 1600 1197 Arabes,
1626 1157 1693 1189 Ae-

387 1203 546 1247 thiopes,
580 1203 664 1235 alias
693 1208 815 1246 gentes
843 1208 974 1236 tractus
1003 1202 1243 1236 meridionalis.
1291 1202 1396 1236 Addit
1425 1209 1544 1235 auctor
1574 1213 1693 1235 causas

391 1249 554 1327 (qulasdam
572 1248 671 1281 istius
691 1248 793 1282 moris
811 1260 830 1282 e
848 1249 935 1283 coeli
954 1255 1078 1282 natura
1099 1249 1276 1294 ipsiusque
1303 1248 1437 1282 humani
1458 1248 1612 1293 corporis
1641 1248 1694 1281 in·-

417 1309 433 1328 υ
450 1308 468 1328 e
491 1299 631 1328 sumtas.

172 1340 224 1376 Ad
241 1341 295 1382 ΙΙ,
316 1342 360 1376 77
384 1352 463 1386 pag.
485 1342 552 1375 658
577 1340 672 1383 (coll.
691 1340 734 1373 ad
751 1341 808 1382 ΙΙ,
829 1342 874 1376 37
899 1352 981 1386 pag.
1003 1341 1100 1384 567).
1149 1340 1314 1374 Crebrum
1335 1339 1405 1373 vini
1425 1351 1521 1373 usum
1544 1351 1606 1384 per
1627 1340 1694 1373 Ae—

391 1399 435 1431 gy
443 1392 534 1431 ptum
556 1398 647 1430 pap3
651 1399 706 1420 ros
727 1399 860 1431 quoque
879 1387 999 1420 testari
1017 1391 1164 1422 monent.
1215 1386 1292 1419 Vid.
1312 1386 1441 1430 Papyri
1461 1392 1528 1420 etc.
1548 1397 1583 1431 p.
1602 1387 1659 1420 58.

173 1433 223 1467 Ad
245 1434 393 1475 1{,117.
442 1432 684 1467 Add.Mfille1-.
709 1433 750 1466 de
771 1434 868 1477 c3clo
886 1434 1034 1469 Graece.
1057 1433 1155 1477 epico
1173 1445 1254 1486 pag.
1279 1433 1322 1467 87
1339 1444 1411 1476 seq.

173 1480 225 1514 Ad
245 1480 297 1521 ΙΙ,
322 1477 398 1514 143.
446 1479 527 1512 De
517 1481 659 1522 γενεαῖς
681 1480 769 1513 conf.
788 1480 816 1516 1
833 1480 878 1513 H.
899 1480 982 1513 Chr.
1003 1481 1187 1513 Schubart.
1208 1479 1243 1512 in
1272 1478 1394 1514 annall.
1415 1477 1539 1512 Vienn.
1562 1477 1695 1510 XLVII

392 1537 471 1570 pag.
489 1526 510 1559 3
535 1537 607 1569 seq.

173 1572 225 1606 Ad
241 1572 296 1613 ΙΙ,
317 1572 394 1606 158.
442 1571 603 1604 Voculam
622 1568 761 1613 ἅπαρτί
783 1583 824 1605 ex
853 1570 889 1604 h.
908 1571 930 1605 l.
956 1570 1040 1604 citat
1068 1570 1316 1627 grammaticus
1337 1570 1493 1603 Graecus
1520 1569 1554 1602 in
1582 1569 1693 1602 Bach-

392 1629 501 1652 mann.
523 1617 665 1651 anecdd.
685 1618 751 1652 vol.
773 1618 889 1673 Ipag.
910 1617 995 1652 114·
1029 1614 1168 1662 ἀπαρτὶ
1196 1629 1271 1660 παρ
1308 1612 1496 1661 Ηροδότῳ
1527 1615 1694 1659 σημαίνει

393 1662 436 1698 τὸ
459 1660 737 1706 ἀπηρτισμένως
756 1662 816 1696 καὶ
836 1661 1010 1717 ἀκριβῶς.

175 1710 225 1744 Ad
245 1710 300 1752 ΙΙ,
324 1711 401 1746 178.
449 1707 651 1752 τέμενος-
673 1707 882 1752 χρησιμώ
894 1722 975 1742 ται·
989 1710 1059 1752 ον]
1085 1709 1109 1743 i.
1131 1721 1161 1745 e.
1187 1721 1250 1753 qno
1270 1708 1415 1741 maxime
1433 1712 1587 1740 utuntur.
1622 1706 1693 1739 Ex-

394 1756 480 1790 citat
497 1757 581 1789 haec
597 1756 766 1789 Schaeser
793 1756 826 1788 in
845 1755 1087 1789 animadv.erss
1109 1756 1151 1788 ad
1174 1755 1346 1788 Plutarch.
1375 1754 1440 1787 vol.
1464 1754 1512 1786 lV
1539 1765 1571 1809 p.
1590 1753 1669 1787 361.

175 1803 226 1836 Ad
243 1803 297 1844 ΙΙ,
317 1804 339 1838 3
364 1814 445 1848 pag.
463 1802 542 1836 480.
564 1803 643 1837 481.
691 1802 822 1835 V2erba
849 1799 894 1834 τὰ
917 1802 1006 1834 θεῖα
1026 1802 1101 1834 τῶν
1120 1797 1370 1844 ἀπηγημάτων
1393 1818 1438 1824 —
1462 1796 1599 1842 ὁμοίως
1619 1795 1693 1831 ἐπί·

175 2624 225 2657 Ad
246 2625 298 2666 ΙΙ,

318 2624 374 2661 49.

395 1849 554 1882 amcam
568 1874 577 1890 ,
604 1859 691 1892 quae
716 1860 779 1881 nec
800 1849 874 1891 He3
880 1847 954 1880 nius
975 1849 1062 1881 bene
1089 1848 1134 1880 sit
1161 1848 1409 1890 interpretatus
1430 1857 1491 1879 nec
1513 1844 1696 1888 Schweig-

394 1895 585 1928 haeuserus
612 1898 707 1927 recte
734 1894 878 1927 transtu!
883 1894 949 1926 enit
983 1894 1031 1936 („
1043 1906 1130 1938 quae
1155 1892 1270 1926 audivi
1301 1893 1344 1926 ad
1368 1904 1424 1925 res
1450 1891 1585 1924 divinas
1617 1902 1696 1935 spe-

394 1940 524 1974 ctantia
548 1951 614 1972 non
634 1946 687 1973 est
712 1939 791 1972 mihi
810 1940 938 1972 animus
961 1940 994 1972 in
1020 1940 1187 1984 publicum
1209 1939 1364 1984 proferre
1385 1937 1537 1982 exceptis
1558 1937 1695 1970 deorum

396 1986 585 2019 nominibus
606 1985 801 2018 existimans
818 1997 930 2019 omnes
958 1985 992 2018 in
1012 1989 1170 2030 Aegypto
1192 1985 1342 2018 homines
1364 1984 1451 2016 idem
1473 1984 1515 2016 de
1546 1983 1597 2015 his
1616 1995 1695 2015 nos-

395 2036 452 2065 se‘
457 2032 516 2075 ⁶),
550 2031 599 2064 ita
620 2032 764 2075 intelligi
785 2032 858 2064 3ult
878 2032 1026 2065 Lobeck.
1053 2032 1240 2076 (Aglaopb.
1265 2042 1342 2074 pag.
1364 2030 1492 2071 1287),
1526 2033 1565 2061 ut
1585 2029 1696 2062 Hero-

395 2078 496 2111 dotus
517 2084 650 2111 moneat
679 2090 716 2110 se
737 2078 779 2111 de
800 2078 853 2110 his
882 2079 983 2110 rebus
1012 2078 1145 2111 nomine
1163 2082 1262 2110 tenus
1282 2089 1345 2110 nec
1365 2075 1508 2120 amplius
1527 2075 1695 2108 dicturum

395 2136 492 2164 esse,
525 2135 598 2156 cum
628 2124 766 2156 deorum
792 2124 925 2157 nomina
954 2124 986 2156 in
1019 2123 1125 2157 sacris
1152 2123 1282 2156 tradita
1301 2128 1434 2156 tantum
1461 2121 1631 2161 abfuerit,
1658 2124 1696 2153 ut

395 2170 429 2202 in
452 2169 617 2213 publicum
643 2171 780 2208 ederet,
807 2174 843 2202 ut
865 2169 947 2202 nihil
968 2170 1075 2213 magis
1092 2174 1216 2202 tectum
1238 2168 1517 2223 reconditumque
1536 2165 1696 2200 habuerit

394 2216 466 2269 (ΙΙ,
488 2217 529 2250 61
553 2215 629 2248 coll
652 2216 706 2248 86
732 2217 803 2249 170
826 2216 921 2259 186).
970 2216 1041 2248 Sed
1061 2216 1186 2249 verba:
1214 2213 1280 2255 ἔξω
1303 2210 1325 2257 ἢ
1345 2211 1391 2246 τὰ
1417 2209 1610 2255 οὐνόματα
1629 2207 1694 2244 av'-

395 2258 489 2293 τέων
509 2261 649 2303 μοῦνον
675 2262 733 2294 3ix
759 2261 838 2294 mihi
866 2261 1061 2305 significare
1084 2273 1192 2314 posse·
1206 2242 1383 2293 videntur:
1409 2259 1579 2300 „nomine
1597 2263 1695 2291 tenus

394 2319 455 2339 nec
478 2308 644 2350 amplius,-
649 2310 670 2326 “
695 2306 785 2339 unde
806 2307 916 2340 malim
939 2307 1155 2350 acquiescere
1184 2306 1215 2339 in
1240 2305 1527 2358 interpretatione
1544 2303 1695 2359 vulgata.

395 2352 530 2385 Deinde
550 2352 638 2396 quod
666 2352 754 2385 idem
776 2352 829 2385 3ir
852 2352 971 2386 doctus
992 2353 1128 2385 verbis:
1153 2349 1298 2390 πάντας
1321 2346 1693 2393 ἀνθρώπους-ἐπί-

395 2398 556 2431 στασθαι
573 2397 760 2442 significari
784 2403 901 2442 putat,
927 2410 1038 2431 omnes
1068 2397 1216 2430 homines
1244 2397 1286 2430 de
1318 2397 1420 2430 rebus
1453 2396 1578 2429 divinis
1606 2395 1696 2428 idem

394 2445 524 2477 sentire
545 2444 612 2486 (sc.
643 2455 710 2477 non
737 2448 863 2477 temere
892 2443 1118 2487 evulgandum
1134 2455 1231 2483 esse,
1264 2443 1293 2475 si
1312 2442 1420 2487 quid
1412 2454 1447 2475 1n
1470 2441 1604 2475 occulto
1623 2446 1697 2474 tra—

393 2489 498 2522 ditum
520 2489 584 2532 sit,
611 2489 701 2533 quod
723 2489 765 2522 de
781 2502 816 2522 se
836 2490 910 2534 ipso
935 2489 1138 2533 profiteatur
1160 2489 1204 2529 ΙΙ,
1226 2490 1311 2531 65),
1338 2489 1373 2521 id
1390 2493 1460 2522 tum
1484 2488 1552 2522 ab‘
1542 2498 1695 2532 lpsorum

394 2537 573 2569 verborum
598 2535 900 2581 interpretatione,
935 2540 1007 2568 tum
1031 2546 1052 2568 a
1073 2534 1177 2569 totius
1205 2535 1272 2568 1οοί
1303 2545 1404 2568 sensu
1427 2534 1614 2568 abhorrere
1640 2533 1695 2567 vi-

394 2581 505 2615 detur.

424 2628 668 2680 Argumentum
698 2626 798 2660 huius
824 2626 947 2680 capitis
972 2629 1102 2660 tractat
1123 2626 1271 2659 Lobeck.
1301 2625 1337 2658 in
1359 2625 1526 2670 Aglaoph.
1549 2636 1584 2670 p.
1604 2625 1693 2660 1101

393 2684 489 2716 seqq.
539 2673 610 2713 Qui
633 2673 662 2706 si
684 2674 789 2706 verba
819 2670 978 2716 μεζόνως
999 2670 1181 2715 ἐξέφηναν
1202 2672 1252 2705 ita
1272 2671 1416 2715 intelligi
1442 2672 1537 2712 vult,
1570 2675 1610 2704 ut
1637 2682 1696 2704 so-

395 2719 532 2761 phistae
562 2731 587 2751 s
615 2719 823 2762 posteriores
852 2718 1047 2764 philosophi
1076 2718 1220 2762 Dionysi
1251 2729 1350 2751 sacra
1378 2723 1413 2750 et
1439 2716 1491 2749 his
1516 2717 1695 2750 adiunctas

393 2764 529 2797 fabulas
557 2775 576 2796 a
604 2764 820 2808 Melampode
856 2769 1016 2809 acceptas
1048 2763 1272 2808 Aegyptiacis
1304 2764 1469 2797 similiora
1499 2764 1695 2796 reddidisse

395 2819 421 2840 s.
443 2819 513 2841 rem
533 2809 582 2842 ita
607 2809 791 2843 adornasse
813 2811 1080 2854 perhibeantur,
1111 2816 1149 2843 ut
1173 2821 1273 2843 sacra
1303 2810 1441 2842 Graeca
1467 2807 1695 2861 Aegyptiacis

393 2854 569 2886 simillima
581 2856 729 2895 fierent,
751 2867 872 2888 vereor
892 2861 930 2888 ut
956 2855 1115 2889 assentiri
1139 2855 1285 2900 possim,
1310 2866 1384 2888 cum
1402 2853 1502 2887 talem
1522 2854 1694 2907 interpre-

394 2898 556 2932 tationem
575 2899 650 2943 ipsa
666 2901 772 2933 verba
790 2901 922 2934 minime
944 2901 1156 2946 permittant.
1170 2920 1215 2926 —
1235 2901 1349 2935 Verba
1371 2896 1544 2933 συνέπεσε
1568 2896 1695 2933 ποιεύ-
