1759 3324
503 247 925 288 EUTERPE.
977 247 1023 285 II.

1299 250 1382 289 537

125 360 214 406 ὑπὸ
248 359 468 404 Φοινίκων
505 356 762 410 ἱδρυμένον,
804 358 846 398 οἳ
875 352 970 398 κατ’
1005 354 1225 411 Εὐρώπης
1258 355 1380 411 ζήτη-

126 452 195 483 σιν
232 435 543 485 ἐκπλώσαντες,

593 434 741 477 Θάσον
781 434 953 477 ἔκτισαν
962 449 970 458 ·

1029 435 1102 478 καὶ
1138 439 1272 477 ταῦτα
1309 436 1383 478 καὶ

122 519 244 563 πέντε
271 518 441 571 γενεῇσι
471 511 648 567 ἀνδρῶν
684 513 875 569 πρότερά
914 513 1003 557 ἐστι
1047 513 1074 569 ἢ
1113 513 1192 557 τὸν
1228 512 1380 569 Ἀμφι-

93 594 320 651 5τρύωνος
343 591 557 646 Ἡρακλέα
586 592 633 635 ἐν
659 596 714 650 τῇ
738 591 909 636 Ἑλλάδι
937 593 1150 649 γενέσθαι.

1210 597 1250 635 T
1247 593 1273 636 οὶ
1303 593 1382 648 μέν
1393 601 1437 635 30

119 689 202 718 νυν
250 671 511 727 ἱστορημένα
551 674 678 727 δηλοῖ
715 672 887 727 σαφέως
925 673 1113 715 παλαιόν
1157 674 1265 716 θεὸν
1303 672 1382 716 τόν

91 751 332 806 6“Ηρακλὲα
362 750 500 795 ἐόντα.

117 847 223 874 τατα
253 828 473 888 Ἑλλήνων
502 831 688 882 ποιέειν,

117 926 240 967 μενοι
270 911 485 967 ἔκτηνται·

61 1096 189 1134 a.Chr.
208 1109 265 1143 n.;
282 1097 331 1133 ita
347 1100 387 1133 ut
399 1097 560 1134 Graecus
572 1096 710 1133 Hercu-

60 1152 112 1190 les
133 1157 237 1189 natus
266 1154 372 1190 fuerit
394 1153 500 1194 1384
521 1166 553 1190 a.
571 1153 655 1190 Chr.
674 1165 709 1188 n.

61 1209 134 1252 Qui
165 1210 260 1247 bene
291 1210 454 1247 diversus
492 1222 564 1246 non
593 1209 709 1245 minus

60 1266 106 1302 ab
122 1265 304 1316 Aegyptio
326 1270 362 1303 et
387 1266 581 1302 Phoenicio
602 1278 710 1314 quam

59 1334 81 1358 a
101 1321 136 1358 Τ
139 1322 216 1370 yrio
238 1335 280 1359 ac
298 1321 437 1359 Thasio
451 1321 619 1368 Hercule,
635 1334 710 1358 non

59 1378 148 1414 deus
178 1377 260 1428 ipsa
286 1379 445 1427 origine,
485 1379 551 1416 sed
580 1385 716 1415 morta-

58 1433 82 1470 li
117 1435 229 1484 stirpe
264 1435 479 1484 progenitus
517 1435 713 1480 ferebatur,

57 1503 140 1528 mox
160 1491 197 1527 in
217 1490 358 1528 coelum
388 1494 555 1540 receptus
585 1491 631 1527 ob
659 1491 714 1527 in-

59 1547 174 1595 signia
211 1547 385 1584 facinora.
443 1548 564 1591 Quem
602 1548 712 1596 igitur

59 1603 261 1641 Orientales
280 1604 441 1641 habuere
460 1604 567 1641 deum
589 1604 713 1653 primi-

58 1660 224 1707 genium,
254 1673 336 1696 eum
357 1660 489 1697 Graeci
509 1660 592 1697 inde
609 1673 711 1697 acce-

56 1721 158 1766 ptum
185 1717 302 1764 magis
334 1717 382 1753 ad
408 1716 602 1753 humanam
634 1717 710 1752 for-

56 1784 152 1808 mam
178 1784 220 1809 ac
249 1773 404 1822 speciem
430 1773 713 1820 conformarunt,

58 1833 95 1866 et
114 1828 150 1864 in
169 1828 316 1866 heroem
335 1833 631 1875 transmutarunt,
648 1830 710 1878 qui

57 1884 104 1921 ob
116 1884 228 1934 ipsius
247 1885 294 1923 de
310 1885 467 1922 humano
481 1898 616 1934 genere
634 1899 711 1923 me-

56 1940 125 1977 rita
144 1941 178 1977 in
198 1941 338 1979 coelum
365 1946 509 1980 evectus
531 1955 628 1979 nunc
653 1955 711 1980 re·-

56 1996 173 2046 liquos
194 1998 302 2035 etiam
320 1998 482 2035 homines
505 1999 553 2035 ad
582 1998 711 2035 similia

55 2055 300 2103 perpetranda
331 2055 519 2105 ipsiusque
557 2056 712 2104 vestigia

54 2108 211 2158 legenda
244 2116 470 2160 provocaret.
529 2112 634 2155 Quae
664 2112 711 2149 de

56 2166 193 2204 Thasio
229 2167 387 2206 Hercule
430 2168 636 2218 accepimus
675 2172 712 2205 et

55 2222 135 2272 ipsa
161 2223 381 2274 Aegyptium
404 2228 441 2262 et
473 2224 711 2262 Phoenicium

56 2279 162 2316 deum
182 2281 294 2318 fuisse
312 2286 606 2318 commonstrant.
625 2280 710 2317 Plu-

56 2347 96 2371 ra
123 2337 291 2374 Creuzer.
319 2338 484 2387 Symbol.
510 2337 542 2374 ll
569 2351 604 2388 p.
626 2339 708 2378 218

57 2404 158 2440 seqq.
171 2421 182 2439 ‚
210 2394 272 2430 ubi
283 2394 391 2431 etiam
403 2394 623 2431 Thasiorum
638 2406 706 2430 nu-

55 2447 104 2483 mi
120 2454 382 2498 memorantur,
411 2451 448 2487 in
467 2451 595 2499 quibus
612 2450 708 2487 Her-

57 2503 146 2541 culis
176 2506 314 2555 effigies
337 2512 531 2558 comparet.
561 2527 618 2535 —
647 2507 707 2544 De

57 2559 182 2596 Thaso
208 2562 290 2611 ipsa
314 2565 408 2600 conf.
437 2563 615 2601 Nostrum
642 2563 707 2610 VI,

58 2613 124 2655 47.
160 2617 252 2655 Cum
277 2620 372 2656 enim
403 2621 481 2657 auri
508 2621 641 2657 fodinis
672 2626 709 2658 et

61 2672 211 2710 metallis
242 2676 434 2725 conspicua
457 2681 554 2714 esset
580 2677 709 2723 insula,

61 2729 232 2765 maturius
261 2730 482 2770 Phoenicum
505 2733 622 2771 coloni
645 2734 715 2770 illic

63 2783 169 2820 sedes
193 2791 375 2835 ceperunt.

119 2838 158 2878 οἱ
190 2837 280 2879 κατ’
310 2839 513 2896 Ευρώπης
555 2841 714 2896 ζητησιν

63 2891 353 2950 ἐκπλωσαντες]
383 2903 477 2939 conf.
505 2902 546 2950 I,
576 2906 603 2943 2
646 2902 712 2940 Cr.

533 910 605 954 καὶ
635 913 696 969 τῷ
722 911 819 967 μὲν,
862 909 919 963 ὥς
950 908 1181 971 ἀθανάτῳ,

558 751 631 796 καὶ
661 751 865 795 δοκέουσι
904 751 949 795 δέ
979 769 1054 807 μοι
1085 747 1208 795 οὗτοι
1240 750 1378 806 ὀρθό-

734 834 777 874 οἳ
806 831 898 883 διξὰ
932 830 1165 887 Ἡράκλεια
1196 830 1379 885 ἱδρυσά-

1224 909 1379 966 Ὀλυμ-

780 1096 866 1133 citat
895 1095 937 1131 F.
967 1095 1010 1132 A.
1035 1095 1147 1133 Wolf.
1182 1097 1220 1133 in
1253 1094 1434 1133 Analectt.

778 1152 828 1190 IV
847 1167 883 1203 p.
903 1153 998 1193 513.

835 1263 901 1303 καὶ
920 1266 1042 1303 ταῦτα
1063 1261 1130 1302 καὶ
1143 1261 1258 1303 πέντε
1276 1265 1437 1331 γενεῇσι

781 1316 943 1372 ἀνδρῶν
964 1317 1150 1385 πρότερά
1184 1319 1264 1359 ἐστι
1301 1316 1329 1370 η’
1369 1316 1437 1359 τὸν

778 1372 1080 1429 Ἀμφιτρυωνος
1100 1392 1136 1415 κ.
1159 1392 1190 1415 τ.
1212 1379 1244 1415 λ.
1256 1379 1268 1422 ]
1301 1377 1394 1414 Cum
1415 1389 1437 1413 a

782 1435 926 1472 Cadmo
945 1434 1024 1483 plus
1045 1434 1204 1483 quinque
1227 1435 1438 1482 generatio-

780 1492 886 1528 nibus
903 1492 1036 1528 abiisse
1056 1491 1216 1536 tradant,
1237 1490 1347 1527 verba
1359 1490 1438 1526 He-

779 1547 901 1585 rodoti
920 1548 1181 1597 displicuerunt
1199 1547 1283 1583 viris
1306 1546 1437 1592 doctis,

780 1605 842 1654 qui
860 1617 927 1654 pro
945 1602 1059 1642 πέντε
1074 1604 1222 1640 rescribi
1234 1602 1439 1640 maluerunt

779 1659 875 1700 δέκα
908 1661 964 1698 vel
993 1655 1110 1699 ὀκτώ.
1167 1660 1244 1697 Sed
1266 1659 1438 1707 vulgatae

777 1717 942 1763 lectioni,
983 1730 1093 1765 quam
1122 1717 1160 1752 in
1195 1716 1298 1752 istius
1336 1714 1438 1752 modi

779 1774 888 1811 rebus
913 1772 1019 1810 valde
1049 1773 1210 1810 obscuris
1245 1773 1438 1808 immutare

778 1831 882 1867 nefas
929 1834 1042 1879 puto,
1099 1829 1350 1879 patrocinatus
1382 1832 1439 1864 est

777 1885 1002 1932 Larcherus,
1022 1898 1103 1922 cum
1123 1897 1144 1921 a
1161 1885 1303 1921 Cadmo
1322 1897 1439 1933 usque

779 1943 828 1979 ad
858 1943 1062 1992 Oedipum,
1102 1941 1271 1978 Herculis
1301 1954 1439 1990 aequa-

778 1999 861 2046 lem,
892 2000 1016 2047 utique
1036 1998 1172 2035 fuerint
1191 1999 1353 2046 quinque
1373 2010 1440 2046 ge-

779 2056 998 2102 nerationes,
1013 2055 1143 2091 Cadmi
1165 2059 1285 2091 autem
1303 2066 1439 2102 genea-

780 2112 913 2160 logiam
941 2111 1082 2149 Noster
1108 2111 1347 2148 verisimiliter
1377 2123 1440 2147 co-

780 2169 911 2217 gnorit.
955 2168 1062 2212 Quae
1092 2169 1121 2204 si
1140 2166 1227 2204 vere
1253 2168 1440 2216 disputata

780 2229 882 2272 sunt,
931 2224 1123 2262 Herodoto
1159 2236 1225 2260 sua
1259 2223 1441 2261 constabit

778 2283 986 2318 auctoritas.
1046 2282 1153 2318 Conf.
1173 2280 1343 2317 Larcher.
1363 2284 1437 2316 not.

778 2339 827 2376 ad
847 2338 881 2374 h.
904 2339 925 2375 l.
948 2342 986 2375 et
1003 2337 1038 2374 T
1042 2338 1098 2374 ab.
1122 2336 1295 2375 Chrouol.
1308 2338 1439 2387 p.326

778 2407 881 2444 seqq.
905 2394 989 2436 344
1012 2407 1116 2444 seqq.

832 2506 871 2546 οἳ
888 2527 935 2534 —-
954 2501 1213 2559 ἱδρυσάμενοι
1231 2504 1438 2556 ἔκτηνται]

774 2564 832 2602 De
851 2564 905 2600 his
927 2565 1047 2602 verbis
1071 2564 1166 2600 conf.
1189 2563 1243 2611 Il,
1273 2563 1338 2604 42.
1398 2564 1440 2599 ln

777 2633 880 2669 seqq.
910 2622 1000 2669 quid
1027 2621 1072 2657 sit
1099 2619 1312 2671 ἐναγίζειν,
1344 2620 1440 2655 dixi-

776 2691 857 2714 mus
871 2678 919 2714 ad
938 2678 966 2725 Ι,
985 2679 1074 2719 167.
1106 2676 1164 2713 Ad
1188 2681 1440 2725 argumentum

782 2734 940 2771 conferri
973 2737 1099 2784 potest
1137 2733 1290 2771 Diodor.
1331 2732 1439 2769 Sicul.

781 2790 845 2837 lv,
869 2792 923 2831 39
953 2795 989 2828 et
1017 2790 1199 2828 Plutarch.
1225 2791 1272 2826 de
1293 2788 1438 2837 malign-

781 2847 964 2884 Herodot.
983 2860 1018 2896 p.
1031 2846 1126 2892 857,
1149 2845 1439 2894 Dt0m.110pp.

782 2903 874 2941 haec
894 2903 1063 2941 cavillans
1080 2902 1264 2940 Herodoti
1289 2901 1411 2939 verba.
