1759 3324
335 250 422 292 536

748 244 1212 286 HERODOTI

335 369 454 411 »σου
480 360 569 401 τῶν
596 355 765 412 οὐρέων
794 356 962 400 τούτων
992 356 1122 410 ῥέειν·
1160 354 1236 398 καὶ
1263 353 1312 397 τὸ
1351 352 1430 409 μὲν
1458 351 1592 409 ἥμισυ

335 440 448 489 ,,τοῦ
474 435 655 489 ὕδατος,
695 434 766 479 ἐπ’
796 434 1020 490 Αἰγύπτου
1051 435 1164 488 ῥέειν
1194 433 1266 477 καὶ
1295 431 1404 487 πρὸς
1433 431 1593 489 βορέην

333 513 551 571 ,,ὂίνεμον·
601 513 650 557 τὸ
686 513 727 557 δ’
773 513 922 567 ἕτερον
963 512 1119 569 ἥμισυ,
1172 513 1241 556 ἐπὶ
1277 513 1509 567 Αἰθιοπίης
1548 527 1596 555 τε

306 593 447 646 4,,καὶ
474 590 620 636 νότου.
678 589 736 642 ὥς
765 591 810 634 δὲ
841 591 1025 648 ἅβυσσοί
1056 593 1137 634 εἰσι
1167 592 1213 634 αἱ
1242 591 1396 647 πηγαὶ,
1426 591 1467 642 ές
1498 590 1649 634 διά-30

334 685 530 725 „mmm
562 671 645 726 ἔφη
683 670 845 712 τούτου
893 671 1163 725 Ψαμμίτιχον
1203 668 1430 724 Αἰγύπτου
1467 673 1593 726 βασι-

308 748 451 802 5,,λέα
479 747 724 792 ἀπικέσθαι.
769 745 964 790 πολλέων
1002 745 1088 802 γάρ
1120 745 1255 790 αὐτόν
1282 747 1487 802 χιλιάδων
1517 746 1595 803 ‹39-

333 826 532 882 ,,γυιέων
569 823 835 881 πλεξάμενον
877 823 1035 879 κάλον,
1083 829 1276 868 κατεῖναι
1314 824 1474 882 ταύτῃ,
1521 827 1596 870 καὶ

307 903 458 958 6,,οὐκ
485 904 701 956 ἐξικέσθαι
730 904 772 956 ές
801 902 1013 961 βυσσόν.“
1058 902 1182 947 Οὕτω
1211 903 1290 960 μὲν
1319 902 1372 960 δὴ
1404 904 1427 946 ὁ
1456 920 1596 960 γραμ-

336 981 564 1041 ματιστὴς,
603 984 641 1027 εἰ
670 981 757 1040 ἄρα
783 987 922 1028 ταῦτα
949 981 1161 1041 γενόμενα
1190 982 1328 1039 ἔλεγε,
1366 979 1650 1039 ἀπέφαινε·ὃό

279 1204 343 1255 qui
353 1203 461 1242 Nilus
481 1207 550 1252 est,
580 1204 740 1241 dicemus
751 1203 798 1240 ad
809 1202 856 1250 Π,
866 1204 932 1244 61.

281 1261 389 1305 Quae
405 1261 463 1298 hic
474 1261 742 1310 adscripsimus,
772 1259 932 1310 pluribus

279 1317 529 1367 disceptantur
545 1329 566 1353 a
578 1318 760 1354 Creuzero
779 1316 816 1352 in
825 1316 933 1364 Sym-

278 1373 355 1411 bol.
377 1372 394 1409 I
412 1386 449 1423 p.
469 1375 551 1414 262
570 1385 672 1422 seqq.
689 1374 782 1414 273.
801 1371 881 1412 275
897 1374 933 1408 et

280 1428 644 1467 aRitter.Erdkund.
665 1429 681 1465 I
698 1442 734 1478 p.
749 1429 841 1469 688.
854 1427 933 1464 He-

279 1485 402 1523 rodoti
419 1489 543 1522 tamen
553 1485 608 1522 vel
620 1485 742 1535 potius
764 1483 934 1521 sacerdo-

279 1541 327 1579 tis
365 1541 490 1577 Saitici
527 1541 772 1578 narrationem
808 1539 934 1577 irridet

279 1597 416 1635 Strabo
433 1596 539 1634 XVII
562 1610 599 1648 p.
619 1599 747 1644 1174,
770 1594 814 1633 A.

335 1654 416 1692 τῶν
434 1647 585 1703 ου’ρέων
610 1667 630 1691 τ
642 1667 661 1691 ο
671 1648 695 1691 υ’
705 1668 724 1691 τ
736 1666 765 1690 ω
776 1649 824 1702 ν]
848 1646 938 1690 τού-

279 1722 359 1748 των
369 1721 448 1747 cum
460 1709 578 1746 Gaisf.
588 1709 673 1747 dedi
685 1721 752 1760 pro
760 1706 939 1748 τουτέων.

279 1765 341 1803 Ad
359 1766 468 1803 verba
499 1778 601 1815 seqq.
634 1764 698 1804 ἐπὶ
715 1764 939 1813 Αἰθιοπίης

279 1835 322 1860 τε
351 1820 419 1860 καὶ
446 1817 562 1861 νότου
594 1821 661 1859 Cr.
686 1823 825 1859 confert
850 1820 932 1858 Sal-

279 1889 370 1916 mas.
385 1877 555 1915 Exercitt.
567 1890 654 1928 pag.
669 1879 763 1918 312.

337 1933 374 1973 εἰ
384 1930 461 1985 ἄρα
475 1935 597 1972 ταῦτα
613 1929 802 1985 γενόμενα
814 1930 933 1984 ἔλεγε]

279 1985 330 2028 τοὶ
346 1986 534 2041 γενόμενα
564 1990 587 2026 i.
613 2003 644 2027 e.
674 2003 714 2026 ea
745 2003 831 2039 quae
852 1992 934 2025 sunt

281 2048 316 2082 et
330 2058 449 2095 reapse
463 2047 681 2093 contingunt,
693 2057 775 2082 vera
792 2059 819 2081 s.
840 2040 932 2094 εἷλη-

280 2103 355 2151 θῆ,
383 2107 423 2138 ut
440 2101 578 2137 dudum
599 2102 765 2151 exposuit
785 2100 933 2137 Wesse-

280 2156 368 2206 ling.
396 2156 492 2194 Add.
523 2156 626 2193 Reiz.
658 2157 707 2193 ad
733 2157 856 2204 Viget.
885 2157 933 2194 de

280 2212 449 2250 idiotism.
461 2225 497 2262 p.
509 2212 590 2252 357
600 2212 722 2261 ibique
732 2212 930 2249 Hermann.

281 2280 367 2319 pag.
384 2270 479 2309 778.
498 2267 540 2304 In
554 2280 655 2316 seqq.
672 2267 776 2305 valde
793 2269 932 2305 variant

280 2324 361 2361 libri
380 2324 484 2371 editi,
513 2324 727 2374 praesertim
755 2324 854 2373 quod
883 2325 931 2361 ad

281 2380 603 2430 interpunctionem
627 2380 767 2417 attinet.
817 2380 932 2429 Equi-

283 2437 366 2474 dem
393 2435 509 2474 maius
550 2436 848 2485 interpunctionis
883 2435 931 2472 si-

282 2505 393 2543 gnum
403 2491 510 2543 posui
519 2495 603 2541 post
614 2486 822 2540 ἀπέφαινε,
837 2505 929 2539 cum,

283 2561 377 2599 quae
404 2551 601 2597 sequantur
625 2548 751 2593 verba,
782 2549 830 2585 ad
851 2548 930 2585 He-

282 2605 452 2643 rodotum
479 2604 597 2653 ipsum
628 2605 830 2641 necessario
860 2605 930 2641 sint

282 2660 484 2707 referenda,
503 2658 673 2696 iudicium
692 2673 794 2696 suum
815 2661 861 2697 de
872 2660 929 2708 iis,

284 2729 380 2768 quae
409 2716 455 2753 ab
478 2716 674 2766 interprete
695 2716 808 2753 relata
826 2728 929 2754 acce-

284 2773 391 2825 perit,
411 2771 671 2821 seiungentem,
692 2776 731 2808 ut
745 2772 836 2809 bene
852 2784 932 2808 mo-

285 2833 348 2867 net
373 2827 558 2866 Letronne
584 2828 621 2864 in
638 2828 764 2864 Journ.
787 2828 822 2864 d.
844 2828 930 2865 Sav.

288 2886 394 2926 1817
413 2897 449 2936 p.
469 2887 533 2926 92.
564 2883 676 2929 Quod
697 2897 798 2922 secus
814 2888 883 2932 est,
901 2883 930 2921 si

1002 1202 1140 1240 maiore
1172 1200 1402 1239 distinctione
1438 1203 1524 1251 post
1560 1195 1655 1240 οἷπέ-

1001 1273 1119 1309 φαινε
1137 1258 1289 1306 sublata,
1300 1258 1370 1295 huc
1386 1258 1522 1295 referas
1545 1270 1651 1296 accu-

1001 1316 1133 1352 sativos
1150 1314 1261 1361 δίνας
1273 1310 1393 1368 ταύτῃ
1414 1328 1449 1352 κ.
1461 1329 1493 1353 τ.
1505 1316 1552 1362 λ.,
1571 1327 1653 1352 ver-

1001 1372 1055 1408 bis
1079 1369 1131 1417 ὥς
1151 1368 1216 1421 ἐμὲ
1243 1368 1470 1409 κατανοέειν
1494 1384 1563 1421 per
1584 1383 1652 1420 pa-

1000 1427 1185 1465 renthesin
1206 1427 1308 1475 quasi
1329 1428 1564 1476 interpositis.
1584 1427 1654 1464 Est

999 1488 1122 1521 autem
1137 1478 1376 1531 ἀποφαίνειν
1392 1482 1580 1528 declarare,
1591 1495 1652 1519 ex-

994 1553 1119 1591 ponere
1137 1541 1352 1586 sententiam,
1363 1542 1404 1575 ut
1418 1539 1464 1586 11,
1480 1539 1533 1580 24
1553 1534 1654 1578 ‹ino-

1001 1596 1236 1635 δείκνυσθαι
1252 1591 1426 1647 γνώμην.
1449 1595 1653 1633 Verborum

1007 1653 1231 1701 sequentium
1243 1681 1254 1699 ,
1296 1664 1391 1701 quae
1419 1663 1441 1688 a
1472 1651 1653 1701 prioribus

1006 1709 1147 1757 seiungi
1170 1708 1324 1755 debent,
1363 1710 1540 1744 structura
1561 1719 1657 1744 non-

1004 1765 1090 1802 nihil
1107 1764 1279 1814 impedita
1289 1776 1357 1801 nec
1369 1768 1491 1800 tamen
1503 1776 1653 1813 prorsus

1003 1821 1148 1858 insolita
1167 1821 1238 1867 (cf.
1265 1824 1340 1856 not.
1362 1820 1410 1856 ad
1433 1819 1470 1866 I,
1497 1819 1590 1867 58),
1621 1820 1652 1857 si

1001 1878 1149 1926 quidem
1167 1877 1215 1913 ad
1229 1876 1441 1912 infinitivum
1460 1887 1503 1912 ex
1522 1876 1653 1912 minori

1001 1933 1248 1971 enuntiatione
1276 1931 1426 1968 verbum
1455 1936 1577 1969 mente
1604 1932 1653 1968 sit

999 1988 1249 2038 repetendum.
1274 1988 1504 2035 Quamquam
1515 1987 1583 2024 hoc
1598 1992 1652 2025 te-

1000 2044 1183 2090 nendum,
1214 2043 1324 2092 priori
1350 2042 1428 2079 loco
1446 2056 1512 2092 pro
1532 2043 1653 2081 infini-

999 2102 1074 2136 tivo
1090 2099 1245 2136 exhiberi
1269 2099 1497 2150 participium
1517 2099 1651 2147 (δίνας

999 2177 1055 2183 -
1071 2150 1255 2202 ἐούσας),
1285 2168 1365 2192 cum
1383 2168 1467 2191 mox
1492 2160 1653 2207 ponatur

998 2212 1192 2248 infinitivus
1212 2208 1264 2262 μή
1291 2207 1492 2250 δύνασθαι
1508 2227 1542 2250 κ.
1555 2226 1587 2250 τ.
1601 2215 1649 2259 λ.,

997 2268 1067 2304 nisi
1090 2268 1198 2304 etiam
1217 2267 1326 2317 priori
1340 2267 1419 2305 loco
1442 2280 1485 2305 ex
1507 2272 1652 2306 antece-

997 2324 1164 2360 dentibus
1177 2323 1345 2373 supplere
1361 2323 1462 2360 malis
1476 2318 1651 2374 οἷποφαί-

997 2393 1082 2418 νειν
1099 2393 1146 2416 sc.
1159 2376 1228 2418 τόν
1242 2375 1558 2430 γραμματιστήν,
1576 2393 1650 2429 quo

996 2440 1154 2473 assumto
1182 2436 1252 2472 iam
1275 2440 1405 2486 sponte
1423 2437 1544 2473 omnia
1565 2450 1653 2486 pro-

995 2493 1150 2539 cedunt,
1180 2505 1258 2528 cum
1280 2496 1432 2541 uterque
1454 2493 1650 2529 infinitivus

995 2548 1156 2598 pendeat
1204 2560 1226 2584 a
1261 2548 1372 2584 verbo
1410 2546 1649 2588 κατανοέειν.

997 2604 1118 2646 Quem
1136 2603 1203 2640 loci
1225 2616 1368 2641 sensum
1388 2608 1484 2642 recte
1502 2618 1650 2655 expres-

998 2660 1046 2697 sit
1065 2658 1240 2696 Aristides
1264 2660 1300 2695 in
1318 2659 1476 2710 Aegypt.
1507 2665 1592 2698 tom.
1614 2659 1649 2698 II

995 2729 1032 2766 p.
1049 2717 1129 2756 345
1158 2715 1257 2753 Iebb.
1274 2715 1328 2752 his
1346 2716 1483 2753 verbis:
1513 2716 1548 2755 εἰ
1568 2713 1646 2766 ἄρα

998 2767 1111 2810 ταῦτ’
1130 2766 1285 2822 οἷληθῆ,
1316 2771 1449 2810 δοκεῖν
1473 2767 1578 2824 αὐτῷ
1592 2772 1649 2811 δί-

997 2842 1071 2874 νας
1104 2825 1281 2867 ἒνταῦθα
1309 2825 1376 2866 καὶ
1414 2828 1649 2880 παλιρῤοίας

996 2886 1070 2923 τοῦ
1087 2885 1280 2935 ποταμοῦ,
1311 2895 1393 2922 eum
1404 2896 1472 2922 nos
1492 2884 1561 2922 hoc
1571 2897 1649 2922 mo-
