1759 3324
346 257 432 299 612
735 254 1213 296 HERODOTI

223 366 290 413 54

462 367 752 422 Χρηστηρίων
780 365 827 409 δὲ
857 365 978 420 πέρι,
1026 368 1108 409 τοῦ
1146 381 1192 409 τε
1228 363 1276 408 έν
1303 363 1505 420 “Ελλησι,
1541 363 1616 408 καὶ

15 431 298 501 ffraiffigoxffismflg
353 448 436 488 τοῦ
475 445 524 488 ἐν
563 443 732 502 Λιβύῃ,
789 444 917 488 τόνδε
965 444 1200 501 Αἰγύπτιοι
1245 444 1379 500 λόγον
1427 442 1617 499 λέγουσι.
1627 446 1672 483 35

16 501 298 596 {ffismmffi‘i‘ffinigi
326 523 530 579 Ξὲφασαν
559 525 602 567 οἱ
631 524 742 578 ἱρέες
770 526 852 566 τοῦ
876 524 1088 579 Θηβαιέος
1116 523 1227 575 Διὸς
1255 557 1278 576 „
1292 522 1373 567 δυο
1403 527 1616 578 γυναῖκας

17 602 124 664 {2¹2⁰
128 609 208 663 ¹¹93,
204 576 299 628 ⁸3¹¹*st
352 606 533 660 „Ionias
563 602 610 645 ἐκ
650 600 830 657 Θηβέων
869 603 1102 659 ἐξαχθῆναι
1143 603 1229 647 ὑπό
1264 604 1505 646 Φοινίκων·
1543 600 1619 644 καὶ

351 714 377 734 ,,
390 682 468 738 τὴν
498 682 577 736 μὲν
617 678 786 723 αὐτέων
823 680 1048 724 πυθέσθαι
1088 682 1130 732 ές
1158 682 1331 738 Λιβύην
1359 684 1618 736 πρηθεῖσαν,

355 759 469 815 »τήν
499 759 545 802 δὲ
575 759 617 810 ές
645 757 1002 815 τούςἼΕλληνας·
1042 758 1203 812 ταύτας
1233 760 1279 803 δὲ
1307 759 1384 811 τὰς
1409 763 1619 815 γυναῖκας

356 837 506 892 „sivan
537 836 609 888 τας
647 837 942 892 ἱδρυσαμένας
971 836 1024 880 τὰ
1043 837 1229 895 μαντήϊα
1244 838 1419 893 πρώτας
1439 837 1486 880 ἐν
1505 841 1619 880 τοῖσι,

327 917 660 974 3,,εἰρημένοισι
698 916 882 959 έ’θνεσι.“
938 916 1188 972 Εἰρομένου
1227 918 1273 961 δέ
1311 934 1414 974 μευ,
1455 913 1677 959 ὁκόθεν40

359 996 475 1042 οὕτω
503 993 714 1051 ἀτρεκέως
751 994 1025 1051 ἐπιστάμενοι
1058 996 1255 1051 λέγουσι,
1304 997 1473 1053 ἔφασαν
1508 992 1621 1049 πρὸς

358 1080 519 1128 ταῦτα,
548 1108 572 1127 ,,
584 1073 757 1132 ζήτησιν
786 1074 977 1132 μεγάλην
1008 1075 1094 1119 ἀπὸ
1124 1075 1272 1131 σφέων
1300 1075 1503 1132 γενέσθαι
1531 1078 1622 1118 τῶν

358 1157 614 1213 ,,γυναικῶν
648 1151 862 1197 τουτέων·
923 1155 997 1197 καὶ
1039 1153 1238 1209 ἀνευρεῖν
1275 1155 1354 1210 μέν
1392 1166 1528 1211 σφεας
1565 1151 1620 1198 οὐ

355 1232 577 1289 »δυνατοὶ
611 1233 836 1289 γενέσθαι·
894 1234 1119 1278 πυθέσθαι
1156 1234 1202 1278 δὲ
1254 1233 1442 1291 ὕστερον
1486 1236 1624 1277 ταῦτα

231 1328 298 1374 55
357 1314 493 1368 „moi
524 1311 691 1357 αὐτέων
719 1310 853 1367 τάπερ
897 1312 950 1370 δὴ
992 1314 1176 1370 ἐ’λεγον.“
1239 1318 1386 1357 Ταῦτα
1425 1312 1504 1370 μέν
1539 1313 1681 1356 ννν45

360 1397 452 1438 τῶν
479 1392 528 1437 ἐν
561 1391 729 1451 Θήβῃσι
758 1392 888 1449 ἱρέων
916 1392 1107 1452 ἤκουον·
1139 1392 1241 1439 τάδε
1271 1394 1317 1438 δὲ
1345 1393 1628 1437 Δωδωναίων

516 1615 628 1665 Cap.
656 1612 752 1652 LIV.

365 1666 438 1711 δύο
457 1674 650 1724 γυναῖκας
673 1670 805 1722 ἵρηΐας
826 1668 868 1709 ἐκ
882 1670 961 1719 Θη-

309 1725 414 1780 βέων
443 1724 684 1778 ἐξαχθῆναι]
715 1727 802 1765 Noli
828 1727 962 1764 intelli-

308 1796 397 1834 gere
414 1784 606 1821 sacerdotes
625 1783 801 1834 feminas,
831 1783 961 1833 quales

307 1841 347 1878 in
375 1840 548 1891 Aegypto
576 1853 651 1877 non
679 1841 793 1878 fuisso
822 1840 962 1877 monui-

309 1910 391 1935 mus
420 1898 468 1934 ad
495 1897 546 1943 Π,
567 1896 643 1943 35,
676 1897 743 1934 sed
765 1910 885 1934 sacras
909 1898 965 1934 fe-

309 1954 439 2001 minas,
456 1953 759 2002 sacerdotumque
767 1953 965 1999 ministras,

312 2007 580 2061 ἷεροδούλονς,
589 2013 630 2045 ut
642 2010 752 2058 vulgo
765 2009 964 2059 appellant.

311 2065 398 2115 Ipsa
418 2066 599 2103 Herodoti
617 2066 728 2102 verba
747 2066 800 2111 ll,
822 2067 875 2106 56
897 2065 966 2102 hoe

311 2121 474 2158 indicare
505 2121 692 2158 videntur.
742 2116 874 2186 ὥσπερ
912 2114 966 2171 ἧν

314 2174 446 2223 οἰκος,
497 2171 793 2226 αμφιπολεν
807 2188 966 2216 ουσαν

316 2232 367 2273 ἕν
409 2227 611 2300 Θήβῃσι
658 2230 771 2285 ἷρόν
817 2230 966 2279 Λιος,

316 2285 419 2330 §vad
446 2284 606 2328 aninam
636 2304 671 2327 κ.
691 2304 723 2327 τ.
743 2291 774 2327 λ.
832 2288 968 2338 Neque

314 2350 437 2383 tamen
448 2346 534 2382 inde
544 2346 719 2395 sequitur,
733 2345 968 2382 scribendum

316 2402 387 2440 hoc
414 2402 493 2438 loco
521 2415 602 2439 esse
624 2397 712 2452 ἷρας
728 2402 795 2449 (ut
814 2401 860 2447 ss,
880 2402 969 2449 56),

318 2471 413 2509 quae
432 2457 680 2495 Valckenaerii
700 2462 755 2495 est
780 2458 970 2494 sententia.

318 2534 377 2543 —
404 2514 446 2551 ln
474 2526 577 2563 seqq.
605 2514 716 2552 verba
743 2512 782 2560 ἐς
810 2509 971 2564 Λιβύην

319 2572 568 2622 πρηθεῖσαν,
622 2583 718 2619 quae
756 2569 864 2618 vrdgo
893 2582 973 2606 ver-

319 2631 422 2665 tunt:
459 2628 534 2673 „in
561 2624 717 2676 Lybiam
745 2626 972 2672 vendz'tam“,

319 2683 521 2721 accuratius
566 2696 648 2719 cum
693 2682 878 2720 Larchero
924 2683 976 2719 sic

320 2740 474 2778 reddes:
508 2738 627 2788 fuisse
643 2738 841 2785 vendetum,
870 2741 909 2774 ut
937 2740 976 2775 in

321 2794 370 2834 L
357 2795 476 2847 Jbuzm
494 2794 732 2832 abduceretur.
764 2794 871 2831 Conf.
890 2807 976 2831 mox

321 2865 402 2904 cap.
424 2851 496 2893 56·
525 2849 591 2890 καὶ
620 2848 694 2903 τήν
723 2848 795 2902 μὲν
825 2845 976 2889 αὐτέων

321 2907 372 2957 ἐς
401 2902 629 2960 Λιβυην,
657 2922 732 2960 την
757 2904 801 2947 δὲ
827 2905 876 2955 ἐς
899 2922 976 2959 την

1025 1608 1192 1653 Ἑλλαδα
1224 1608 1466 1663 ἀπέδοντο,
1497 1616 1553 1651 et:
1583 1627 1685 1665 πρη-

1029 1673 1160 1721 θῆναι
1198 1669 1238 1717 ἒς
1269 1664 1539 1722 Θεσπρωτους.
1598 1669 1684 1707 Alia

1031 1728 1171 1765 dabunt
1188 1727 1403 1777 interpretes
1422 1727 1471 1764 ad
1490 1726 1536 1774 Π,
1551 1726 1616 1768 55.
1624 1745 1686 1755 --

1028 1783 1089 1821 Ad
1107 1784 1217 1821 verba
1237 1778 1327 1823 ἆπὸ
1346 1781 1482 1833 σφέων
1497 1781 1686 1835 γενέσθαι

1030 1842 1125 1878 conf.
1145 1839 1278 1877 Matth.
1300 1840 1365 1877 Gr.
1380 1841 1444 1876 Gr.
1463 1852 1551 1890 pag.
1576 1839 1686 1881 1130

1031 1897 1079 1935 ob
1099 1910 1203 1934 usum
1219 1897 1499 1947 praepositionis
1516 1890 1608 1935 από.

1248 1981 1282 2018 C
1294 1993 1314 2017 a
1326 1994 1362 2032 p.
1391 1979 1468 2018 LV.

1091 2065 1216 2103 ταῦτα
1247 2061 1319 2115 μέν
1346 2079 1422 2103 νυν
1459 2063 1502 2104 ἒν
1530 2062 1689 2120 Θήβῃσι

1035 2119 1152 2173 ἷρέων
1173 2118 1340 2171 ηκουον]
1370 2121 1474 2158 Facit
1487 2121 1570 2168 huc,
1588 2121 1691 2170 quod

1035 2189 1145 2227 supra
1163 2178 1235 2214 iam
1256 2176 1327 2224 (11,
1350 2176 1433 2225 52)
1462 2177 1622 2214 omnium
1649 2177 1690 2214 in

1036 2234 1191 2271 Graecia
1225 2232 1449 2270 oraculorum
1478 2233 1692 2282 antiquissi-

1035 2302 1134 2327 mum
1166 2289 1306 2326 dixerat
1333 2288 1599 2336 Dodonaeum,
1641 2289 1691 2327 de

1037 2347 1137 2383 cuius
1151 2346 1288 2393 origine
1301 2345 1369 2381 hoc
1390 2346 1509 2395 capite
1527 2350 1565 2383 et
1585 2358 1689 2395 seqq.

1039 2401 1115 2449 (11,
1150 2401 1335 2442 55—58
1363 2401 1463 2450 incl.)
1489 2402 1694 2440 disseritur.

1038 2458 1142 2495 Haec
1176 2457 1270 2494 enim
1299 2458 1401 2506 regio
1441 2458 1693 2508 antiquissima

1041 2513 1219 2550 Graeciae
1249 2514 1379 2560 sedes,
1409 2515 1509 2552 unde
1537 2518 1574 2552 et
1598 2516 1694 2564 gen‘-

1040 2573 1095 2607 tes
1113 2573 1149 2607 et
1167 2569 1362 2618 religiones
1384 2583 1452 2620 per
1471 2583 1618 2608 omnem
1635 2582 1696 2608 re-

1040 2626 1175 2675 liquam
1220 2626 1413 2664 Graeciam
1464 2631 1696 2678 propagatae

1043 2687 1147 2729 sunt,
1178 2686 1215 2719 et
1240 2682 1342 2732 ipsae
1372 2695 1415 2720 ex
1435 2682 1606 2733 Aegypto
1625 2683 1697 2720 huc
1754 2714 1757 2720 s

1042 2739 1237 2786 advectae,
1264 2744 1302 2776 ut
1322 2744 1467 2789 praeter
1482 2739 1696 2778 testimonia

1042 2801 1190 2833 externa
1226 2808 1321 2844 quae
1357 2796 1543 2844 dicuntur,
1581 2795 1696 2833 multa

1042 2852 1111 2888 alia
1133 2851 1292 2901 probant
1308 2852 1480 2889 interiora
1492 2880 1503 2899 ‚
1522 2864 1617 2901 quae
1635 2863 1696 2889 sa-

1041 2920 1139 2946 cram
1162 2907 1346 2946 Dodonae
1379 2908 1582 2947 doctrinam
1614 2920 1696 2946 cum
