1805 3315
200 507 320 552 >18

370 235 428 275 46

786 231 1256 271 HERODOTI

373 340 642 399 ὁρμεώμενοι
678 339 757 396 τὴν
793 343 878 396 γῆ.
915 342 1105 396 σπείρειν
1144 357 1188 385 τε
1228 342 1301 386 καὶ
1330 341 1585 398 ἐργάζεσθαι
1618 344 1662 388 οἱ

372 421 603 477 Μιλήσιοι,
647 417 780 470 αὐτὸς
813 419 880 470 δὲ,
917 419 1098 464 ἐκείνων
1128 420 1454 477 ἐργαζομένων,
1501 422 1591 479 ἔχοι
1619 440 1662 467 τι

370 501 444 545 καὶ
466 502 666 543 σίνεσθαι
685 496 921 555 ἐσβάλλων.
961 502 1109 543 Ταῦτα
1131 499 1316 552 ποιέων,
1351 501 1549 558 ἐπολέμεε
1569 502 1708 546 &eaeo

371 579 543 623 ἕνδεκα·
566 578 613 621 ἐν
641 582 758 621 τοῖσι
787 577 992 634 τρώματα
1020 577 1186 634 μεγάλα
1215 578 1400 635 διφάσια
1429 582 1663 637 Μιλησίων

338 695 342 697 ,
370 658 560 715 ἐγένετο,
602 657 649 700 ἔν
685 673 732 701 τε
768 660 986 718 Λιμενηΐῳ
1016 657 1158 715 χώρης
1194 662 1269 715 τῆς
1299 657 1506 716 σφετέρης
1538 676 1662 716 μαχε-

345 737 593 794 Ξσαμὲνων,
634 737 708 780 καὶ
738 736 785 780 ἐν
812 737 1080 791 Μαιάνδρου
1109 740 1256 797 πεδίῳ.
1295 738 1349 781 τά
1389 738 1468 793 μέν
1507 754 1591 781 νυν
1618 739 1665 790 ἓξ

369 818 467 862 ἔτεα
501 820 590 861 τῶν
633 817 785 860 ἕνδεκα
825 817 1082 874 Σαδυάττης
1121 815 1144 861 ὁ
1174 817 1363 874 ’Ἄρδυος
1404 817 1466 861 ἔτι
1500 818 1664 860 Λυδῶν

369 893 497 956 ἦρχε,
539 897 563 941 ὁ
606 896 680 940 καὶ
718 894 944 951 ἐσβάλλων
984 901 1222 952 τηνικαῦτα
1261 897 1304 950 ἐς
1332 898 1411 954 τὴν
1439 897 1708 954 Μιλησίην65

521 1081 552 1118 C
564 1094 586 1119 a
596 1094 633 1132 p.
663 1079 798 1118 XVIII.

383 1165 427 1205 ἐν
443 1168 546 1204 τοῖσι
563 1161 748 1218 τρώματα
769 1159 916 1216 μεγάλα
929 1164 983 1203 δι-

329 1223 460 1272 φάσια
481 1237 519 1261 κ.
538 1237 572 1260 τ.
594 1221 643 1272 λ.]
667 1224 806 1272 τρῶμα
826 1222 872 1259 de
884 1221 984 1258 clade

327 1293 356 1316 s.
370 1279 487 1329 plaga
517 1279 775 1329 accipiendum.
814 1278 889 1315 Ubi
907 1278 984 1314 Eu-

327 1336 450 1372 stathii
479 1336 652 1373 admonet
685 1334 741 1372 Cr.
771 1334 819 1371 ad
845 1335 982 1383 Odys&

326 1392 438 1440 XXI,
459 1394 541 1432 293
561 1405 646 1442 pag.
667 1394 748 1432 761
770 1390 831 1428 lin.
852 1391 906 1432 25
923 1391 982 1428 ed.

325 1448 437 1486 Basil.
497 1448 559 1486 Tu
591 1449 677 1485 add.
706 1460 800 1497 quae
827 1447 900 1484 dixi
933 1447 983 1483 ad

328 1504 510 1542 Plutarch.
571 1503 748 1543 Alcibiad.
805 1517 861 1554 cp.
928 1505 982 1544 27

327 1574 413 1613 pag.
438 1562 533 1603 215.

383 1645 426 1685 ἔν
452 1661 494 1685 τε
521 1644 729 1698 Λιμενηῖζο
759 1640 889 1696 χώρης
910 1645 983 1694 τῆς

325 1701 544 1753 σφετέρης]
582 1702 623 1738 In
646 1702 862 1750 quibusdam
883 1700 981 1737 libris

325 1764 443 1797 exstat
471 1759 513 1798 ἔν
530 1774 568 1797 τε
591 1757 632 1797 ἒν
654 1758 885 1810 Λιμενηίῳ,
915 1770 983 1807 pa-

324 1817 526 1854 trocinante
548 1815 737 1852 Gronovio
751 1843 761 1861 ‚
796 1815 858 1863 qui
879 1812 921 1852 ἕν
940 1827 981 1852 τε

324 1873 491 1910 absolute
512 1872 672 1923 positum
683 1870 773 1907 vult:
793 1870 981 1917 interalz’a,

324 1931 362 1966 in
391 1929 457 1966 his.
516 1929 593 1966 Sed
635 1940 679 1965 eo
704 1941 814 1964 sensu
854 1928 984 1964 dicitur

325 1984 370 2024 ἐν
393 1984 435 2024 δὲ
462 1986 559 2036 (pro
580 1983 622 2023 ἐν
645 1979 801 2030 τούτοις
820 1981 888 2033 δὲ)
903 2013 913 2030 ,
942 1987 983 2020 ut

323 2043 466 2080 monuit
516 2040 738 2088 W‘esseling.
788 2041 844 2078 eui
891 2040 978 2077 add.

325 2099 520 2137 Ruhnken.
532 2098 650 2148 Epist.
670 2097 776 2134 critic.
787 2110 872 2147 pag.
886 2098 978 2138 236.

326 2155 396 2192 Alii
410 2185 420 2201 ‚
451 2169 524 2205 quo
540 2155 753 2192 mendosam
767 2154 980 2204 scripturam

327 2213 567 2261 explicarent,
615 2210 656 2250 ἐν
703 2211 893 2264 λιμενηΐῳ
940 2222 983 2247 ex

325 2269 446 2319 prisco
466 2268 647 2305 scribendi
666 2280 734 2304 usu
746 2268 843 2305 idem
862 2266 982 2304 valere

325 2337 439 2374 posse
474 2325 643 2362 dicebant
689 2329 799 2373 atque
830 2323 956 2372 ἐλλιμε
960 2344 981 2349 -

326 2382 453 2434 νηΐῳ,
494 2386 532 2418 ut
549 2381 617 2418 loci
641 2393 775 2418 nomen
803 2380 982 2428 intellige-

326 2440 426 2473 retur
442 2431 595 2475 Ἐλλιιιε
581 2433 746 2487 ενηϊον,
777 2437 838 2474 ubi
856 2449 983 2487 pugna

325 2492 388 2529 illa
425 2494 471 2530 sit
518 2493 719 2531 commissa.
776 2493 980 2530 Larcherus

328 2549 386 2595 (in
432 2550 506 2586 tab.
557 2549 759 2598 geograph.
809 2549 856 2587 T.
895 2548 980 2585 VIII

325 2618 363 2656 p.
386 2606 501 2654 302)
532 2606 733 2642 coniecerat
762 2603 804 2643 ἕν
825 2619 865 2643 τε
897 2607 979 2642 Λι-

327 2663 481 2714 μνηΐῳ,
520 2675 601 2698 cum
633 2673 654 2698 a
684 2660 878 2710 paludibus
905 2665 980 2696 sta·

326 2718 483 2767 gnisque
503 2717 581 2755 loco
599 2730 731 2753 nomen
743 2717 897 2753 inditum
908 2719 980 2754 Λι-

327 2770 486 2826 μνήϊον.
545 2774 594 2811 Et
622 2773 799 2810 coloniam
819 2773 877 2810 ille
904 2786 981 2810 me-

327 2836 447 2868 morat
458 2830 682 2868 Milesiorum
698 2830 735 2865 in
747 2830 979 2867 Chersoneso

329 2885 530 2935 Thracica,
571 2887 626 2925 cui
654 2899 788 2925 nomen
811 2886 978 2936 Λίμναι,

1054 1086 1149 1121 teste
1169 1081 1352 1118 Strabone
1383 1081 1466 1118 XIV
1500 1094 1538 1131 p.
1561 1079 1644 1123 635
1676 1093 1706 1118 s.

1054 1139 1149 1187 941,
1176 1138 1224 1175 D.
1269 1137 1452 1174 Herodoti
1480 1136 1708 1188 Λιμενήϊον

1052 1207 1252 1245 sanequam
1286 1194 1432 1231 aliunde
1469 1207 1545 1230 non
1579 1199 1706 1231 notum

1053 1256 1132 1299 est,
1159 1252 1190 1288 si
1219 1250 1371 1287 Suidam
1405 1250 1613 1301 exceperiS,
1644 1250 1706 1299 qui

1050 1308 1120 1345 hoc
1139 1307 1285 1344 nomine
1310 1306 1498 1355 regionem
1525 1308 1707 1355 quandam

1048 1364 1200 1402 indicari
1252 1363 1394 1410 scribit,
1453 1363 1708 1400 Herodoteum

1049 1422 1157 1458 credo
1196 1420 1312 1457 locum
1353 1419 1561 1469 respiciens,
1621 1420 1707 1462 Quo

1048 1478 1166 1525 magis
1195 1477 1253 1514 hie
1286 1489 1308 1512 a
1337 1476 1501 1513 codicum
1525 1476 1706 1526 scriptura

1049 1534 1218 1570 standum
1238 1533 1390 1569 videtur.
1421 1531 1708 1569 —ffllaenandri

1051 1590 1131 1639 (qui
1143 1603 1239 1626 nunc
1251 1589 1379 1625 (licitur
1387 1588 1437 1625 M
1436 1589 1532 1625 ander
1543 1602 1572 1625 S.
1583 1587 1635 1624 M
1633 1591 1707 1625 ein-

1051 1647 1129 1694 (ler)
1157 1657 1306 1694 campos
1333 1645 1546 1682 Herodotus
1568 1658 1706 1682 memo-

1049 1707 1106 1739 rat
1128 1703 1166 1749 I,
1199 1705 1290 1742 161.
1327 1701 1383 1749 Il,
1409 1705 1482 1748 10,
1512 1702 1706 1752 ipsumque

1049 1759 1197 1796 fluvium
1226 1758 1280 1805 II,
1311 1761 1377 1799 29.
1405 1758 1496 1805 Vll,
1531 1761 1584 1799 26
1627 1758 1706 1795 coll.

1049 1816 1121 1863 III,
1155 1818 1246 1856 122.
1277 1814 1332 1861 V,
1359 1816 1448 1855 118.
1498 1814 1706 1852 Tzschuek.

1049 1873 1099 1910 ad
1119 1872 1299 1922 Pompon.
1319 1870 1406 1907 Mel.
1429 1871 1467 1918 Ι,
1492 1873 1542 1911 17
1569 1870 1608 1922 ἓ.
1631 1872 1669 1912 3.

1106 1927 1127 1967 ὁ
1143 1926 1211 1966 καὶ
1233 1922 1434 1978 ἐσβάλλων
1453 1926 1702 1978 τηνικαῦτα]

1047 1985 1147 2022 Male
1174 1984 1257 2021 olim
1289 1980 1487 2034 ἐσβαλῶνς
1535 1983 1704 2022 meliores

1047 2043 1139 2088 libri,
1162 2054 1254 2090 quos
1274 2054 1351 2077 cum
1376 2043 1524 2078 recentt.
1547 2041 1630 2078 edd.
1643 2054 1704 2078 se-

1049 2100 1119 2137 cuti
1137 2111 1261 2135 sumus
1274 2092 1491 2148 ἐσβάλλων,
1503 2098 1601 2146 quod
1611 2101 1705 2134 tem-

1049 2168 1180 2207 porum
1208 2154 1338 2191 rationi
1376 2154 1496 2203 magis
1526 2154 1705 2202 congruit.

1050 2235 1107 2240 —
1133 2212 1174 2248 In
1205 2223 1309 2259 seqq.
1333 2223 1412 2247 cum
1438 2214 1589 2248 recentt.
1597 2184 1705 2248 0edd.

1050 2269 1275 2319 sclipsimus:
1298 2262 1532 2317 Σαδυάττης
1542 2281 1617 2318 γαρ
1637 2261 1706 2306 οὗ·

1050 2341 1128 2373 τος,
1149 2337 1366 2374 quamquam
1377 2324 1513 2360 arridet
1520 2324 1706 2372 Schweig-

1050 2381 1219 2420 haeuseri
1239 2381 1418 2430 suspicio,
1439 2380 1523 2429 qui,
1543 2393 1587 2417 eo
1604 2380 1705 2429 quod

1049 2439 1128 2475 libri
1148 2437 1311 2474 nonnulli
1332 2437 1564 2474 distinctione
1583 2437 1706 2487 posita

1047 2499 1134 2545 post
1152 2489 1384 2543 Σαδυάττης
1413 2494 1504 2542 (qua
1527 2492 1617 2529 illud
1636 2505 1702 2529 an-

1048 2550 1297 2587 tecedentibus
1338 2550 1579 2597 annectatur)
1618 2561 1704 2598 per-

1048 2610 1140 2655 gunt
1161 2599 1278 2650 οὗτος
1299 2620 1395 2668 γαρ,
1425 2617 1551 2641 vocem
1572 2605 1703 2643 Σαδυ-

1051 2659 1168 2711 ἄττης
1183 2666 1321 2698 temere
1351 2662 1388 2697 in
1410 2664 1546 2697 textum
1566 2660 1705 2698 illatam

1050 2718 1253 2755 arbitratur.
1322 2717 1400 2754 Sed
1447 2717 1624 2754 cautiores
1664 2717 1704 2754 in

1049 2773 1206 2812 delendo
1222 2786 1290 2810 nos
1318 2773 1474 2810 reddere
1496 2773 1607 2810 debet
1625 2773 1705 2811 ΗΕ-

1047 2831 1190 2868 rodotei
1228 2830 1405 2867 sermonis
1453 2830 1559 2879 copia
1594 2834 1705 2879 atque

1048 2886 1285 2924 abundantia.
1321 2886 1380 2923 Ad
1400 2882 1588 2936 συνάψας
1609 2887 1727 2939 confi,
