1814 3315
620 231 836 271 CLIO.
893 231 921 269 1.

1323 235 1406 274 159

142 347 214 391 καὶ
242 345 301 402 μὴ
331 342 487 387 αὐτίκα
514 339 751 397 φυγόντων
782 343 943 392 παῖδας
972 340 1140 398 λαβὼν,
1170 341 1243 385 καὶ
1271 357 1406 384 κατα-

140 424 295 482 στήσας
323 423 366 473 ές
394 420 566 472 Νάξον·
618 421 692 464 καὶ
723 420 807 476 γὰρ
838 419 1001 477 ταύτην
1033 419 1057 464 ὁ
1091 422 1435 475 Πεισίστρατοςὸ

137 500 450 556 κατεστρέψατο
507 498 683 557 πολέμῳ
695 533 706 552 ,

787 500 860 544 καὶ
923 501 1127 554 ἐπέτρεψε
1177 499 1380 556 Λυγδάμι
1393 514 1404 525 ·

136 581 246 636 πρός
281 594 329 635 γε
373 578 433 622 ἔτι
470 577 690 633 τούτοισι,
740 580 822 635 τήν
850 583 989 636 νῆσον
1017 583 1173 636 Δῆλον
1202 577 1402 636 καθήρας

107 660 185 704 aix
211 662 300 702 τῶν
327 659 501 714 λογίων.
557 657 758 715 καθήρας
796 658 841 703 δὲ
873 654 969 703 ὦδε.
1019 656 1079 703 ἐπ’
1112 656 1220 702 ὅσον
1249 658 1403 711 ἔποψις

76 869 138 894 ses
157 853 433 904 disceptabant,
461 857 608 892 auctore
628 854 733 892 Thu-

76 912 208 961 cydide
250 910 288 958 I,
339 913 430 951 100.
478 909 589 947 Plura
635 912 732 949 idem

76 968 282 1007 Boeckhius
307 966 329 1003 l.
359 966 381 1004 l.
419 979 505 1016 pag.
531 966 615 1008 334
652 982 730 1018 seq.

77 1045 134 1053 —
169 1024 229 1060 Ad
266 1023 470 1061 universam
515 1025 731 1062 sententiam

77 1082 173 1118 conf.
205 1079 381 1128 Poly-aeni
406 1080 566 1128 Strateg.
596 1079 638 1127 I,
672 1083 729 1123 21

79 1135 116 1188 ἓ.
149 1141 175 1179 2
210 1138 257 1175 de
283 1136 369 1173 dolo
403 1141 633 1184 narrantem,
658 1150 731 1187 quo

74 1193 319 1231 Athenienses
340 1192 553 1229 Pisistratus
583 1193 731 1244 ceperit.

75 1248 223 1287 Laudat
240 1253 431 1300 praeterea
458 1248 551 1286 hanc
576 1250 613 1286 in
653 1263 731 1287 rem

74 1305 275 1344 Larcherus
312 1304 460 1342 Maxim.
498 1304 534 1342 T
536 1318 589 1354 yr.
629 1305 730 1343 Diss.

74 1362 201 1398 XXIX
232 1362 358 1410 (XIII)
393 1360 429 1413 ς.
458 1363 483 1402 3
516 1374 553 1412 p.
586 1361 669 1405 349
694 1366 732 1400 et

72 1418 143 1456 alia
179 1419 369 1467 quaedam.

129 1472 197 1513 καὶ
238 1471 313 1527 γὰρ
351 1469 500 1524 ταύτην
535 1471 560 1514 ὅ
590 1473 731 1515 Πεισί-

73 1542 235 1583 στρατος
264 1529 555 1582 κατεστρέψατο
577 1546 612 1570 κ.
626 1546 658 1570 τ.
677 1530 729 1582 λ.]

73 1587 209 1624 Sustuli
227 1587 488 1638 parentheseos
508 1587 626 1636 signa,
648 1586 732 1638 ilui-

72 1643 140 1680 bus
164 1645 275 1681 verba
304 1642 372 1683 καὶ
397 1640 470 1695 γαρ
491 1665 548 1671 —-
567 1639 729 1696 Λυγδά-

73 1715 117 1751 μι
135 1700 245 1749 vulgo
262 1701 399 1738 inclusa
420 1704 600 1748 tenentur,
619 1713 728 1752 prae-

72 1757 175 1806 cipue
198 1760 317 1794 motus
344 1756 410 1803 iis,
441 1769 537 1806 quae
567 1770 728 1807 sequun-

70 1816 148 1850 tur:
178 1808 276 1865 πρός
302 1827 345 1867 γε
371 1811 427 1851 ἔτι
448 1808 624 1852 τούτοισι
650 1811 726 1865 τήν

70 1870 197 1920 νῆσον
218 1872 354 1920 Δῆλον
373 1865 576 1933 καθήρας,
607 1870 658 1907 ita
685 1874 726 1907 ut

68 1926 299 1976 participium
340 1921 527 1976 καθήρας
557 1939 631 1963 non
660 1939 726 1963 an-

67 1983 283 2019 nectendum
309 1982 357 2019 sit
387 1981 590 2020 sententiae
617 1983 724 2020 nimis

67 2044 250 2087 remotae,
279 2037 462 2090 έρρίζωσε
483 2053 558 2090 τήν
584 2053 723 2091 τυραν-

67 2094 183 2143 νίδα,
221 2096 289 2132 sed
336 2095 455 2144 magis
501 2095 724 2145 coniungen-

68 2150 156 2188 dum
184 2151 241 2189 vel
269 2152 391 2202 potius
429 2152 638 2190 addendum
675 2153 724 2190 ad

67 2219 124 2255 ea,
149 2220 242 2256 quae
261 2208 308 2246 de
326 2207 433 2246 Naxo
454 2209 618 2259 proxime
638 2214 723 2248 ante

68 2268 301 2312 enarrantur,
331 2277 426 2314 quae
450 2265 617 2302 nimirum
641 2279 722 2304 cum

66 2320 217 2357 referret
237 2325 374 2368 auctor,
402 2321 440 2357 in
458 2325 617 2359 mentem
630 2336 723 2371 quo-

67 2387 140 2424 que
172 2377 272 2414 venit
298 2376 383 2415 Deli
415 2377 555 2416 insulae
581 2391 603 2416 a
628 2378 723 2415 Pisi-

67 2435 180 2469 strato
211 2433 336 2471 itidem
364 2438 493 2484 captae
525 2438 562 2472 et
589 2434 723 2472 lustra-

64 2490 135 2525 tae.
175 2489 296 2533 Quam
324 2502 401 2527 rem
431 2490 522 2527 scitu
540 2504 723 2529 memora-

64 2543 173 2581 bilem
209 2558 258 2583 ne
284 2548 607 2611 praetermitteret,
647 2552 723 2584 sta-

66 2598 131 2636 tim
155 2601 278 2639 addit.
325 2597 427 2668 πρός
457 2617 502 2656 γε
538 2602 595 2642 ἐτι
631 2618 722 2643 του-

65 2666 168 2694 τοισι
205 2653 279 2708 τήν
323 2661 449 2709 νῆσον
484 2661 621 2710 Δῆλον
651 2660 722 2699 hoc

66 2710 144 2747 sere
174 2724 300 2750 sensu:
328 2717 502 2765 „iamque
535 2716 595 2754 zlle
623 2715 719 2768 (non

67 2765 186 2803 solum
224 2767 367 2807 Naxum
416 2772 533 2822 cepit,
592 2785 717 2811 verum

68 2821 194 2870 etiam)
219 2828 398 2873 praeterea
416 2826 544 2866 Delam
561 2830 717 2867 insulam

66 2879 157 2929 cepit
177 2890 317 2931 eamque
335 2881 504 2922 lusti-avet
528 2886 716 2925 secundum

801 854 968 903 oracula,
1017 853 1080 891 lwc
1116 852 1216 892 modo
1254 852 1352 890 istud
1388 853 1458 904 fa-

800 914 938 949 ciens.“
976 911 1020 949 In
1043 924 1114 960 quo
1147 924 1258 960 quum
1281 909 1460 947 lustrcmdi

798 969 985 1018 negotium
1016 968 1224 1018 primarium
1261 967 1457 1015 videretur,

800 1026 921 1062 omisit
954 1028 1153 1074 occupatae
1180 1024 1321 1061 insulae
1353 1036 1457 1061 men-

798 1083 936 1120 tionem
956 1082 1097 1128 facere,
1126 1080 1342 1131 praesertim
1375 1093 1456 1117 cum

796 1138 866 1175 hoc
909 1138 1028 1187 ipsum
1074 1149 1118 1174 ex
1156 1137 1455 1175 antecedentibus

797 1194 905 1232 facile
926 1193 1079 1241 intelligi
1101 1194 1223 1243 possit
1248 1206 1291 1230 ac
1310 1194 1454 1230 debeat.

800 1251 907 1294 Quae
948 1250 978 1286 si
1008 1250 1103 1287 bene
1142 1249 1349 1299 disputavi,
1399 1249 1456 1286 di-

798 1307 942 1343 stinctio
986 1310 1073 1356 post
1122 1301 1297 1345 τούτοισι
1344 1305 1454 1353 vulga

796 1364 941 1414 posita,
979 1362 1139 1400 tollenda
1168 1367 1247 1410 est,
1286 1365 1325 1398 ut
1351 1374 1456 1399 accu-

798 1420 934 1456 sativus
969 1421 1108 1470 Λῆλον
1136 1431 1212 1457 non
1248 1418 1367 1455 minus
1406 1418 1456 1455 ad

797 1471 982 1527 καθήρας
999 1475 1194 1527 pertineat,
1224 1488 1333 1525 quam
1351 1487 1456 1512 men-

797 1537 834 1571 te
856 1545 1003 1582 quoque
1022 1534 1199 1570 reseratur
1218 1533 1266 1570 ad
1284 1532 1334 1580 id,
1354 1531 1455 1581 quod

798 1590 960 1638 quamvis
1011 1589 1208 1637 omissum,
1266 1588 1454 1626 subaudiri

796 1649 920 1683 tamen
940 1645 1073 1683 debeat
1084 1643 1386 1697 κατεστρέψατο.
1396 1666 1454 1673 —-

796 1698 897 1753 πρός
943 1715 987 1753 γε
1043 1706 1084 1739 ut
1136 1706 1318 1740 mutemus
1371 1715 1453 1739 cum

796 1758 992 1796 Schaefero
1031 1758 1069 1794 in
1095 1755 1195 1810 πρός
1229 1756 1290 1806 δὲ,
1330 1758 1452 1795 invitis

795 1813 895 1851 libris
915 1815 1063 1852 minime
1083 1810 1453 1867 opus—-Avydoipw

794 1871 888 1908 bene
932 1871 1089 1908 retinent
1126 1871 1212 1908 boni
1243 1871 1335 1909 libri.
1392 1870 1453 1909 De

793 1939 865 1976 quo
888 1928 1009 1964 dativo
1030 1928 1125 1964 conf.
1145 1928 1193 1964 ad
1213 1927 1242 1975 I,
1266 1927 1332 1969 41.
1362 1927 1453 1965 Mox

792 1983 830 2020 in
859 1984 979 2021 verbis
1006 1978 1194 2036 καθήρας
1225 1981 1268 2022 δὲ
1294 1978 1372 2023 ὧδε
1402 1983 1453 2020 si-

790 2039 910 2077 milem
942 2053 1104 2090 agnosco
1132 2040 1306 2077 orationis
1335 2041 1453 2078 abun-

792 2096 953 2134 dantiam
982 2101 1093 2146 atque
1121 2110 1234 2147 supra
1252 2097 1291 2145 I,
1319 2099 1345 2138 8
1372 2097 1450 2134 init.

791 2152 828 2190 in
859 2153 980 2190 xerbis
1012 2150 1111 2193 ὥστε
1150 2151 1194 2193 δὲ
1224 2156 1349 2193 ταῦτα
1382 2168 1448 2193 νο-

791 2209 926 2261 μίζων.

845 2260 1031 2318 καθήρας
1061 2262 1104 2305 δὲ
1131 2259 1231 2318 ὦδε]
1266 2265 1451 2305 Memorat

788 2321 894 2360 huius
915 2324 967 2360 rei
986 2326 1132 2373 praeter
1151 2322 1332 2361 Ammian.
1347 2322 1451 2360 Mar-

790 2379 905 2416 cellin.
947 2379 1077 2427 XXII,
1118 2382 1171 2421 12
1199 2381 1261 2418 fin.
1301 2379 1450 2429 Thucy-

790 2436 895 2473 dides
927 2435 999 2483 III,
1054 2435 1146 2477 104.
1212 2437 1308 2475 Cum
1351 2436 1449 2474 enim

788 2491 1001 2529 Pisistratus
1028 2491 1126 2529 haud
1153 2497 1268 2531 totam
1294 2492 1448 2531 insulam

788 2553 1005 2599 purgasset,
1045 2549 1114 2587 sed
1144 2554 1321 2599 quantum
1353 2550 1449 2586 dun-

788 2609 891 2642 taxat
919 2617 941 2641 a
976 2604 1114 2656 templo
1146 2618 1294 2656 quaqua
1319 2619 1447 2644 versus

787 2661 949 2712 prospici
986 2665 1154 2711 poterat,
1204 2676 1329 2700 rursus
1366 2675 1447 2700 eam

786 2716 1028 2755 Athenienses
1061 2718 1208 2769 Olymp.
1239 2721 1307 2767 88,
1337 2722 1362 2760 3
1391 2718 1448 2755 lu-

786 2777 947 2810 strarunt
986 2774 1088 2811 iussu
1128 2775 1280 2822 oraculi,
1329 2779 1365 2813 et
1402 2775 1446 2810 iis

785 2829 935 2879 quidem
965 2829 1055 2880 ipsis
1086 2830 1226 2878 ritibus,
1256 2831 1317 2881 qui
1335 2831 1446 2868 etiam

783 2885 863 2924 h.1.
894 2890 1152 2926 memorantur.
1181 2887 1265 2926 Vid.
1296 2886 1332 2924 T
1333 2887 1446 2935 hucy-
