1832 3315
257 523 323 568 53

51 588 216 623 Utriusque
259 596 325 615 ora-

51 623 110 650 culi
121 623 157 649 de
169 620 243 650 bello
254 622 327 648 Per-

52 657 95 684 sis
112 655 268 684 inferendo
279 664 326 683 re-

52 698 171 725 sponsa.

370 243 454 286 126

801 242 1268 286 HERODOTI

370 352 419 397 ἐν
449 350 642 411 Θήβῃσι,
681 353 756 397 καὶ
792 355 1001 410 Θηβαίων
1035 354 1084 399 ἐν
1119 359 1180 414 τῷ
1209 357 1303 413 νηῷ
1333 357 1411 398 τοῦ
1437 351 1676 411 ’Ῑσμηνίου1

368 430 652 486 Ἀπόλλωνος.

487 516 611 558 Τοῖσι
648 514 693 558 δὲ
729 513 851 570 ἄγειν
889 514 1095 570 μέλλουσι
1132 517 1223 558 τῶν
1251 515 1412 558 Λυδῶν
1440 516 1576 557 ταῦτα
1603 512 1658 557 τοὶ

370 595 492 648 δῶρα
522 593 564 645 ἐς
592 592 646 637 τὰ
676 594 749 650 ἷρτέ
777 592 1011 637 ἐνετέλλετο
1051 593 1074 637 ὁ
1110 597 1301 649 Κροῖσος
1339 593 1577 649 ἐπειρωτᾶν
1604 590 1658 636 τοὶ

369 670 626 729 χρηστήρια,
667 673 704 716 εἰ
733 672 1015 730 στρατεύηται
1043 672 1114 717 ἐπὶ
1140 673 1315 730 Πέρσας
1342 676 1554 730 Κροῖσος,
1585 672 1660 716 καὶ

329 862 375 899 ab
397 861 537 899 urbium
557 859 762 898 nominibus
792 858 840 897 ad
861 871 984 898 earum

329 918 466 955 incolas
487 918 586 954 haud
606 929 688 953 raro
710 921 907 954 occurrant.
927 937 983 944 —--·

330 973 548 1011 Particulam
585 972 652 1012 καὶ
708 972 780 1021 (ἐν
813 969 984 1026 Θήβῃσι,

332 1029 422 1069 καὶ
455 1028 674 1081 Θηβαίων)
705 1042 779 1066 non
809 1029 984 1080 copulati-

330 1099 414 1124 vam
433 1086 468 1123 h.
490 1086 513 1123 l.
541 1099 624 1124 esse
648 1087 716 1124 sed
737 1086 986 1136 explicativam

334 1143 480 1194 (idque,
511 1143 645 1193 eaque)
675 1147 799 1181 monet
830 1143 885 1179 vir
919 1143 986 1179 do-

334 1206 412 1238 ctus
432 1201 469 1236 in
498 1199 607 1237 Me'm.
640 1200 686 1238 de
706 1199 842 1237 l’Acad.
873 1199 907 1236 d.
925 1199 987 1236 In·-

334 1257 459 1308 script.
490 1256 537 1293 T.
566 1255 636 1293 VII
676 1256 821 1303 (Paris.
849 1255 985 1303 1824)

334 1327 421 1366 pag.
442 1314 508 1355 39.
566 1311 665 1350 Nam
685 1313 824 1350 Thebis
845 1315 876 1348 et
908 1313 987 1362 qui-

336 1371 410 1408 dem
434 1370 471 1406 in
494 1368 672 1419 Apollinis
690 1369 827 1419 templo
845 1369 986 1418 reposi-

334 1432 373 1464 ta
403 1439 485 1465 esse
517 1426 678 1462 donaria.
735 1425 794 1463 De
828 1422 986 1478 Θήβῃσι

336 1484 423 1534 (pro
437 1477 609 1532 Θήβαις)
640 1482 700 1519 ubi
711 1483 820 1518 modo
842 1482 986 1519 additur

334 1539 462 1577 vocula
483 1538 524 1578 ἐν
537 1567 548 1586 ,
566 1539 676 1576 modo
694 1539 880 1585 omittitur,
903 1551 989 1575 eon-

337 1596 404 1633 sul.
423 1595 606 1633 Schaeser.
630 1596 678 1632 ad
693 1594 876 1632 Lambert.
897 1595 986 1631 Bos.

337 1654 385 1690 de
401 1651 530 1701 Ellips.
558 1664 644 1701 pag.
677 1654 770 1692 699.
804 1651 868 1688 Cr.
887 1650 990 1687 addit

336 1709 438 1746 Bast.
459 1707 586 1745 Lettre
605 1708 719 1758 critiq.
740 1720 826 1757 pag.
849 1707 940 1749 152.

394 1763 436 1804 ἐν
467 1766 522 1816 τῷ
557 1766 645 1818 νηῷ
685 1766 759 1803 τοῦ
790 1759 988 1814 Ἰσμηνίου

335 1816 605 1871 Ἀπόλλωνος]
674 1820 749 1864 Qui
807 1819 989 1870 peculiare

337 1877 549 1928 Amphiarai
570 1876 739 1915 sacellum
756 1874 934 1927 Apollinis
956 1876 991 1913 in

336 1934 472 1984 templo
505 1933 686 1970 Thebano
714 1933 828 1970 fuisse
866 1933 990 1970 existi-

304 1991 307 1994 ’
337 1994 459 2036 mant,
490 1990 532 2026 iis
552 1990 695 2027 videtur
715 1990 899 2026 adversari
910 1988 990 2026 'No-

339 2047 406 2083 stri
426 2046 525 2083 locus
545 2045 650 2091 VIII,
675 2045 765 2087 134.
799 2045 882 2088 Qua
902 2058 988 2096 pro-

339 2106 422 2153 pter
440 2102 560 2139 malim
586 2106 766 2148 statuere,
802 2101 892 2138 haec
924 2101 990 2137 do-

339 2159 442 2196 naria
477 2157 673 2207 antiquitus
709 2158 747 2194 in
780 2156 990 2207 Amphiarai

339 2214 475 2265 templo
489 2242 500 2261 ,
533 2214 595 2250 ubi
613 2213 793 2251 oraculum
808 2218 886 2250 erat
897 2213 987 2261 (vid.

340 2271 376 2318 I,
401 2271 474 2318 46)
505 2270 679 2307 collocata
697 2270 827 2316 fuisse,
851 2273 990 2307 ettem-

341 2340 473 2379 porum
496 2327 650 2364 decursu
677 2325 828 2364 Thebas
869 2325 991 2362 ablata

343 2385 464 2432 ibique
481 2381 658 2433 Apollinis
679 2382 825 2420 Ismenii
846 2381 882 2418 in
903 2385 995 2418 tem-

342 2440 429 2490 plo,
458 2439 520 2476 ubi
547 2443 582 2476 et
613 2439 733 2489 ipsum
764 2439 831 2475 suit
870 2449 996 2474 oracu-

343 2496 440 2543 lum,
478 2495 640 2546 reposita
670 2499 706 2533 et
734 2493 917 2531 Herodoti
947 2493 996 2530 ad

344 2557 503 2590 aetatem
547 2564 663 2600 usque
709 2554 864 2588 servata.
936 2548 996 2586 De

344 2608 504 2660 Apolline
536 2606 684 2645 Ismenz'o
711 2606 796 2644 alibi
824 2606 996 2644 dicemus,

559 2709 590 2747 C
604 2721 672 2760 ap.
695 2706 792 2747 LHI.

404 2776 441 2818 εἰ
458 2772 715 2830 στρατεύηται
743 2773 809 2816 ἐπὶ
839 2773 999 2828 Πέρσας

348 2836 535 2887 Κροῖσος,
558 2832 626 2874 καὶ
654 2833 692 2872 εἴ
713 2847 803 2872 τινα
832 2829 999 2884 στρατὸν

346 2886 510 2946 ἀνδρῶν
559 2888 798 2945 προσθέοιτο
852 2886 997 2940 φίλον]

1050 860 1158 898 Unus
1178 859 1269 898 liber
1305 856 1575 913 στρατεύοιτο,
1606 861 1705 911 quod

1051 930 1168 966 aeque
1200 918 1387 955 reiecimus
1424 923 1535 967 atque
1558 929 1706 969 προσ-

1051 972 1268 1022 θέηται,
1297 978 1338 1010 ut
1377 973 1461 1011 olim
1490 976 1705 1024 impressum

1052 1029 1267 1077 legebatur,
1294 1030 1488 1079 probatum
1508 1031 1705 1068 Schaefero

1052 1087 1098 1123 ad
1138 1085 1325 1123 Lambert.
1354 1086 1443 1123 Bos.
1475 1088 1522 1125 de
1555 1086 1705 1137 Ellipss.

1051 1142 1097 1180 L.
1123 1142 1189 1179 Gr.
1210 1155 1297 1191 pag.
1320 1142 1403 1183 754
1426 1146 1463 1180 et
1479 1142 1636 1181 lVerfer.
1668 1142 1707 1180 in

1052 1198 1146 1236 Aett.
1167 1198 1266 1249 phill.
1285 1198 1450 1236 Monacc.
1479 1199 1496 1236 I
1513 1211 1600 1249 pag.
1623 1200 1706 1240 231

1050 1255 1182 1292 iisdem
1202 1256 1249 1293 de
1267 1255 1408 1303 causis,
1437 1260 1589 1306 propter
1617 1268 1707 1305 quas

1054 1324 1165 1362 supra
1187 1311 1224 1358 I,
1255 1311 1308 1352 46
1336 1312 1537 1362 optativum
1564 1311 1711 1363 ἐπιχει-

1055 1367 1138 1420 ρέοι
1160 1367 1197 1404 in
1218 1368 1480 1405 coniunctivum
1512 1366 1708 1422 ἕπιχειρὲῃ

1053 1428 1230 1462 mutatum
1262 1424 1460 1462 voluerant.
1526 1424 1708 1474 Equidem

1055 1481 1275 1531 optativum,
1320 1492 1342 1517 a
1370 1480 1578 1519 melioribus
1604 1481 1708 1518 libris

1055 1537 1344 1575 commendatum
1360 1566 1371 1585 ,
1425 1539 1593 1587 praefero
1621 1550 1709 1588 pro-

1056 1598 1140 1644 pter
1173 1594 1244 1630 vim
1268 1593 1528 1643 potentialem,
1558 1606 1639 1631 cum
1671 1593 1709 1630 in

1054 1650 1280 1687 coniunctivo
1308 1649 1369 1698 qui
1389 1650 1591 1697 antecedit,
1620 1649 1710 1687 deli-

1056 1706 1209 1743 berandi
1229 1705 1329 1742 notio
1350 1706 1446 1742 insit.
1481 1705 1610 1755 Itaque
1630 1718 1710 1743 cum

1054 1762 1267 1800 Hermanno
1285 1762 1354 1811 (ad
1369 1762 1493 1811 Viget.
1505 1775 1592 1813 pag.
1606 1762 1709 1812 947)

1058 1820 1110 1856 sic
1137 1823 1260 1856 verto:
1305 1832 1389 1865 „an
1418 1818 1550 1855 deberet
1585 1819 1710 1856 bellum

1057 1875 1189 1926 inferre
1213 1873 1333 1911 Persis
1366 1878 1399 1912 et
1427 1888 1474 1912 an
1499 1879 1615 1925 posset
1643 1875 1713 1912 sibi

1057 1932 1195 1982 aliquos
1217 1933 1326 1968 socios
1342 1931 1573 1980 aeliungeref‘
1628 1931 1710 1970 Nec

1057 1989 1160 2026 aliter
1179 1987 1377 2036 Matthiae,
1406 1993 1481 2025 tum
1510 1987 1549 2025 in
1577 1987 1710 2025 Gram-

1056 2049 1143 2084 mat.
1167 2045 1232 2082 Gr.
1263 2043 1306 2095 §.
1331 2046 1432 2092 516,
1453 2046 1480 2086 3
1507 2057 1594 2095 pag·
1613 2043 1711 2092 985,

1055 2106 1132 2139 tum
1153 2102 1191 2138 in
1211 2105 1299 2138 nota
1320 2101 1368 2138 ad
1387 2101 1422 2138 h.
1436 2100 1481 2138 l.:
1511 2129 1537 2148 „
1551 2100 1587 2140 εἰ
1597 2111 1709 2153 στρα-

1057 2155 1216 2208 τεύηται
1228 2186 1238 2205 ,
1271 2157 1309 2194 ob
1330 2171 1365 2194 er
1387 2157 1505 2194 zz'elzen
1523 2157 1642 2205 sollte,
1663 2170 1712 2194 an

1055 2217 1169 2264 ipsum
1193 2214 1440 2263 expeditionem
1464 2214 1590 2264 facere
1613 2213 1711 2251 iube-

1056 2275 1107 2308 ret
1143 2284 1194 2307 sc.
1224 2271 1335 2317 deus3
1390 2269 1425 2309 εἰ
1451 2268 1705 2321 προσθέοιτο,

1056 2340 1104 2364 an
1112 2328 1200 2377 fieri
1212 2332 1348 2376 posset,
1389 2330 1430 2364 ut
1449 2328 1518 2364 sibi
1537 2327 1712 2376 adiunge-

1062 2388 1115 2421 ret
1145 2385 1275 2427 socz'os,·
1322 2383 1458 2434 quippe
1486 2384 1559 2433 qua
1598 2384 1646 2421 de
1670 2396 1712 2420 re

1063 2439 1181 2477 adhuc
1201 2439 1356 2476 dubitari
1372 2443 1536 2489 poterat,
1566 2451 1613 2476 an
1641 2439 1712 2489 ipsi

1064 2495 1282 2533 succederet.
1327 2495 1424 2531 Satis
1441 2496 1572 2545 opinor
1591 2507 1635 2533 ex
1655 2495 1712 2531 his

1063 2555 1237 2602 apparet,
1267 2550 1429 2600 optativo
1450 2551 1488 2587 in
1516 2551 1712 2587 coniuncti-

1064 2620 1148 2645 vum
1167 2611 1304 2644 mutato
1332 2606 1438 2643 aliam
1463 2619 1614 2657 prorsus
1643 2606 1712 2644 loci

1064 2664 1143 2701 sore
1165 2662 1383 2701 sententiam
1412 2675 1565 2712 eamque
1591 2664 1652 2700 vix
1671 2675 1714 2700 a-

1063 2721 1229 2771 ptiorem.
1295 2718 1414 2756 Aliam
1448 2719 1713 2768 interpretandi

1064 2777 1242 2813 rationem
1287 2776 1479 2826 proposuit
1523 2774 1713 2823 Matthiae,

1066 2833 1139 2882 qua
1173 2831 1376 2870 orationem
1417 2832 1601 2881 obliquam
1632 2844 1713 2869 cum

1066 2892 1163 2928 recta
1182 2889 1329 2928 mixtam
1357 2892 1395 2927 et
1414 2889 1602 2927 confusam
1630 2900 1713 2927 esse
