1759 3324
345 252 431 294 794

762 251 1227 294 HERODOTI

315 368 435 406 3τον.
465 361 576 407 ἔτεσι
603 362 687 419 γάρ
717 363 856 418 κάρτα
884 368 1084 408 πολλοῖσι
1112 363 1299 419 ὕστερον
1330 362 1500 408 τούτων
1519 368 1607 408 τῶν

343 442 557 498 βασιλέων
586 447 674 486 τῶν
703 443 779 495 τὰς
804 446 1053 500 πυραμίδας
1085 443 1245 495 ταύτας
1274 439 1329 500 ἦν
1358 444 1606 499 λιπομένων

334 518 565 573 Ῥοδῶπις·
605 521 758 578 γενεήν
785 523 885 578 μὲν,
928 522 1013 567 ἀπὸ
1055 527 1262 580 Θρηίκης·
1310 523 1443 580 δούλη
1474 524 1520 568 δὲ
1549 519 1605 580 ἦν

339 599 564 657 Ἰάδμονος
579 605 661 645 τοῦ
677 600 1063 656 Ἡφαιστοπόλιος,
1096 603 1260 658 ἀνδρός
1280 604 1475 660 Σαμίου,
1499 604 1603 647 σύν-

282 821 537 871 quaestionem
567 820 774 869 diligentius
804 824 938 857 tracta-

281 878 355 924 vit,
394 890 634 926 quaecunque
661 878 720 914 alii
743 878 936 926 scriptores

280 938 365 984 post
383 934 615 971 Herodotum
633 933 700 970 hac
722 934 768 971 de
787 932 937 970 muliere

279 989 494 1037 retulerint,
535 1002 579 1026 ea
616 993 652 1027 et
693 989 863 1040 ampliata
900 993 937 1027 et

279 1051 501 1095 exaggerata
537 1046 650 1083 videri
678 1059 766 1096 prae
796 1045 935 1095 simpli-

279 1103 366 1140 ciori
416 1104 533 1152 efique
580 1104 711 1141 veriori
755 1102 935 1140 Herodoti

277 1159 500 1206 narratione,
532 1160 593 1209 qui
609 1172 717 1197 unam
736 1161 846 1196 modo
868 1172 935 1195 no—

277 1216 370 1254 verit
389 1216 669 1266 Rhodopidem,
699 1216 798 1253 haud
825 1216 932 1253 aliam

276 1276 389 1321 atque
410 1272 627 1320 Doricham,
658 1287 738 1310 cum
759 1273 855 1310 haud
877 1274 933 1309 in-

277 1328 385 1366 solito
416 1342 518 1367 more
545 1343 639 1378 quae
672 1330 771 1380 prius
789 1358 799 1375 ,
850 1344 931 1367 cum

276 1398 381 1423 serva
404 1390 519 1434 esset,
550 1392 741 1424 vocaretur
759 1386 930 1434 Baricha,

274 1443 475 1494 postmodo
510 1444 680 1481 meretrix
710 1443 932 1493 ledopz'dz's

274 1512 409 1537 nomen
446 1501 689 1547 assumserit,
736 1513 808 1549 quo
848 1501 929 1550 ipso

275 1556 363 1593 dein
382 1569 449 1605 per
466 1569 612 1594 omnem
637 1557 829 1594 Graeciam
849 1558 931 1594 fue-

274 1613 323 1649 rit
352 1612 510 1649 illustris.
580 1613 665 1657 Quo
690 1615 806 1650 omnis
833 1614 931 1651 cadit

274 1672 313 1707 et
346 1668 529 1706 Perizonii
564 1671 720 1720 suspicio
748 1675 783 1707 et
815 1669 930 1708 Athe-

272 1725 355 1763 naei
375 1726 586 1763 criminatio.
645 1727 723 1764 Sed
753 1726 825 1775 leg.
846 1728 929 1776 ipsa

271 1782 338 1819 viri
355 1783 453 1819 docti
472 1783 659 1833 disputatt.
679 1797 714 1833 p.
731 1786 809 1825 126
824 1796 927 1832 seqq.

273 1836 348 1882 Qui
384 1839 481 1876 idem
527 1840 596 1877 hoc
636 1853 782 1889 quoque
825 1841 930 1889 ponit

270 1908 308 1945 p.
335 1898 414 1936 118
438 1909 535 1945 seq.:
576 1896 695 1943 Sami,
725 1897 787 1933 ubi
805 1897 928 1934 Hero-

271 1952 399 1989 dotum
418 1952 584 1989 iuvenem
604 1954 739 1990 diutius
766 1966 926 1990 commo-

270 2012 389 2045 ratum
410 2021 492 2046 esse
519 2010 702 2057 novimus,
733 2009 831 2047 illum
858 2023 927 2046 no-

269 2064 386 2101 titiam
403 2077 550 2113 eorum,
589 2079 684 2115 quae
706 2067 753 2103 de
772 2066 928 2103 Rhodo-

269 2120 358 2170 pide
391 2122 536 2168 refert,
583 2123 765 2172 accepisse
799 2123 926 2160 videri.

269 2176 329 2213 De
358 2177 581 2228 Rhodopide
608 2179 765 2227 denique
803 2181 928 2217 confer

269 2232 341 2278 sis,
381 2245 476 2281 quae
505 2233 683 2283 Limburg
701 2256 719 2262 -
738 2235 925 2273 Brouwer.

269 2289 392 2326 attulit
430 2289 465 2325 in
497 2289 611 2337 libro,
651 2303 759 2339 quem
790 2292 837 2328 ad
868 2292 924 2339 II,

272 2347 352 2387 172
371 2346 557 2382 citavimus
570 2375 580 2391 ,
610 2359 696 2396 pag.
714 2348 768 2387 33
789 2351 866 2384 not.

291 2443 297 2450 “
324 2397 484 2457 τούτων
514 2403 596 2440 τῶν
627 2401 820 2452 βασιλέων
843 2405 923 2441 τῶν

267 2471 300 2496 τ.
326 2472 367 2496 π.
394 2473 425 2495 τ.
455 2458 507 2506 ῆν
538 2456 763 2508 λιπομένων
788 2457 922 2497 Ῥοδῶ-

267 2512 350 2564 πις]
373 2514 434 2551 Sic
454 2514 647 2559 edidimus,
672 2515 920 2552 Gaisfordium

267 2571 400 2617 secuti,
441 2571 503 2619 qui
532 2584 553 2608 e
583 2571 797 2608 Florentino
829 2571 918 2608 libro

267 2626 413 2664 reduxit
430 2622 582 2665 τούτων
603 2632 638 2664 et
648 2626 842 2677 βασιλέων
853 2641 919 2678 pro

266 2682 365 2732 vulg.
386 2681 556 2721 τουτέων
576 2688 614 2720 et
638 2680 855 2734 βασιλήων.
877 2684 918 2720 In

268 2752 372 2788 seqq.
388 2739 474 2776 inde
501 2752 522 2775 a
540 2739 747 2789 Stephano,
779 2741 839 2788 qui
863 2744 918 2777 ta-

266 2796 336 2833 cite
368 2795 418 2832 sic
442 2800 669 2842 mutaverat,
709 2796 916 2844 legebatur:

267 2845 484 2896 λιπὸντων,
509 2845 562 2902 ἦν
577 2849 785 2899 Ῥοδῶπις,
816 2852 916 2889 libris

266 2907 415 2946 vetustis
461 2908 602 2956 invitis,
651 2909 712 2958 qui
753 2907 917 2959 plerique

1007 834 1087 859 eam
1111 822 1268 859 offerunt
1301 823 1533 872 scripturam,
1563 834 1659 871 quae

1004 890 1099 915 nunc
1128 878 1295 914 restituta
1326 880 1527 925 invenitur,
1557 879 1658 928 quod

1006 935 1101 972 enim
1123 934 1273 983 quidam
1295 934 1480 972 exhibent:
1510 929 1563 985 ἧν
1581 937 1658 974 λει-

1004 988 1157 1041 πομένη
1176 988 1376 1038 Ῥοδῶπις,
1398 1004 1418 1029 e
1435 991 1521 1028 vitio
1538 995 1658 1028 ortum

1003 1060 1084 1085 esse
1118 1051 1232 1097 patet.
1299 1047 1433 1096 Neque
1461 1048 1500 1083 in
1529 1048 1658 1085 ordine

1002 1104 1103 1141 verbi
1131 1101 1357 1155 λιπομένων
1396 1104 1516 1140 minus
1547 1103 1657 1141 solito

1001 1160 1245 1208 haerendum,
1286 1174 1365 1197 cum
1394 1160 1481 1197 talia
1507 1161 1656 1197 omnino

1001 1218 1102 1267 apud
1124 1216 1299 1254 Nostrum
1325 1217 1424 1254 haud
1448 1217 1520 1253 sint
1544 1217 1657 1254 inusi-

1000 1278 1091 1310 tata.
1122 1296 1178 1300 —
1218 1273 1344 1311 Medio
1383 1279 1503 1310 autem
1540 1273 1655 1310 verbo

999 1330 1138 1367 Noster
1157 1330 1214 1367 hic
1234 1344 1318 1367 usus
1347 1334 1403 1367 est
1432 1330 1530 1366 haud
1551 1330 1656 1367 aliter

999 1391 1110 1436 atque
1147 1387 1248 1423 initio
1289 1387 1416 1436 capitis
1447 1387 1484 1423 in
1512 1387 1653 1424 verbis:

998 1444 1206 1494 πυραμίδα
1237 1440 1280 1482 δὲ
1306 1442 1373 1481 καὶ
1407 1437 1523 1489 οὗτος
1545 1438 1653 1481 εἷπε-

998 1500 1173 1539 λίπετο
1204 1505 1240 1538 et
1261 1500 1306 1547 II,
1324 1499 1425 1541 135:
1447 1495 1653 1550 μνημήϊον

997 1556 1472 1605 -καταλιπέσθαι,
1494 1557 1550 1604 ΙΙ,
1571 1557 1651 1597 136

998 1618 1066 1652 etc.

1052 1664 1106 1720 ’ἦν
1127 1664 1328 1720 Ἰάδμονος
1347 1670 1420 1707 τοῦ
1437 1666 1650 1717 Ἡφαιστο-

996 1721 1145 1776 πόλιος]
1177 1726 1217 1763 In
1237 1725 1565 1775 Hephaestopolidis
1584 1737 1652 1775 pa-

994 1785 1059 1820 tris
1088 1783 1236 1820 nomine
1268 1782 1343 1819 noli
1370 1782 1540 1829 haerere,
1570 1794 1652 1819 cum

996 1840 1068 1877 alia
1088 1840 1216 1877 similia
1235 1839 1270 1876 h.
1291 1839 1314 1876 l.
1348 1839 1496 1876 nomina
1519 1838 1651 1875 afferat

994 1896 1272 1946 ersselingius,
1289 1900 1328 1932 ut
1346 1890 1545 1942 Σώπολις,
1564 1889 1651 1944 Ἀμ-

995 1954 1160 2003 φίπολις
1177 1982 1188 2001 ,
1224 1948 1499 2000 Ἀναξίπολις,
1537 1947 1649 2002 Ἀγη-

994 2010 1149 2056 σίπολις
1169 2039 1180 2056 ,
1227 2009 1524 2059 Κρατησίπολις
1565 2011 1647 2055 εἴα,

994 2068 1123 2116 quibus
1141 2065 1489 2116 Hephaestopolidis
1513 2076 1649 2101 nomen

996 2124 1085 2161 satis
1115 2123 1353 2169 defendatur3
1391 2122 1493 2171 quod
1521 2121 1550 2158 si
1579 2134 1648 2171 pro

994 2180 1097 2216 urbis
1124 2179 1272 2215 nomine
1299 2178 1507 2216 habendum
1539 2180 1648 2224 esset,

994 2236 1099 2273 aliter
1118 2235 1228 2285 plane
1255 2235 1486 2272 scribendum
1507 2233 1646 2270 suisset.

991 2292 1103 2329 Plura
1127 2291 1345 2339 Wesseling.
1366 2291 1415 2327 ad
1440 2291 1475 2327 h.
1495 2289 1518 2326 l.
1550 2290 1646 2327 bene

991 2347 1144 2385 laudans
1171 2347 1307 2395 Cuperi
1338 2347 1549 2384 Observatt.
1579 2345 1644 2392 IV,

992 2404 1019 2444 4
1050 2417 1087 2452 p.
1117 2416 1163 2439 m.
1194 2403 1275 2443 395
1302 2416 1379 2452 seq.
1424 2424 1480 2429 —-
1523 2402 1645 2445 Quem

988 2459 1202 2496 Herodotus
1237 2457 1436 2495 ladmonem
1473 2458 1645 2508 appellat,

989 2516 1145 2553 eundem
1203 2515 1417 2553 Heraclides
1470 2515 1644 2552 Ponticus

988 2572 1042 2621 (p.
1069 2575 1113 2611 11
1140 2572 1197 2609 ed.
1216 2572 1385 2620 Koeler.)
1405 2571 1538 2621 aliique
1555 2571 1645 2608 scri-

985 2634 1109 2678 ptores
1132 2626 1305 2665 Iclmonem
1321 2633 1475 2674 vocant,
1503 2627 1642 2677 Aesopi

987 2685 1192 2731 dominum,
1232 2686 1293 2732 qui
1320 2683 1504 2733 Aesopum
1526 2712 1537 2729 ,
1569 2683 1642 2720 ori-

986 2741 1072 2788 gine
1103 2740 1285 2778 Thracem
1303 2770 1313 2788 ‚
1353 2753 1464 2777 manu
1491 2740 1640 2777 miserit.

985 2796 1065 2833 Nec
1092 2801 1215 2833 tamen
1247 2798 1284 2833 in
1316 2796 1509 2834 Herodoto
1533 2795 1641 2844 quid-

985 2866 1095 2901 quam
1115 2853 1326 2890 mutandum
1349 2865 1428 2890 esse
1447 2856 1544 2889 recte
1560 2864 1641 2888 mo-

986 2914 1048 2946 net
1068 2909 1164 2947 idem
1185 2910 1353 2947 Grauert.
1380 2908 1403 2945 1.
1423 2908 1445 2945 l.
1465 2920 1552 2958 pag.
1572 2910 1637 2950 60.
