1832 3324
665 226 882 267 CLIO.
939 227 967 264 Ι.

1383 232 1465 273 103

150 344 334 398 2,,’ίσχον
363 336 590 395 ἐμεωυτόν.
638 339 722 379 νῦν
750 337 819 387 δὲ,
857 336 948 379 ἐπεί
978 353 1023 379 τε
1053 336 1108 380 σύ
1135 337 1356 390 σπεύδεις,
1387 340 1462 382 καὶ

174 455 198 473 ,,
210 423 277 465 δεῖ
300 436 367 462 τοι
394 417 665 472 χαρίζεσθαι,
698 413 880 471 (ὀφείλω
905 413 991 470 γάρ
1013 427 1059 460 σε
1082 414 1336 473 ἀμείβεσθαι
1356 433 1462 474 χρη-

174 497 384 553 ,,στοῑσι.)
414 496 578 539 ποιέειν
601 495 686 551 εἰμὶ
718 494 889 550 ἑτοῖμος
920 498 1070 539 ταῦτα.
1130 495 1265 540 παῖδά
1293 512 1337 540 τε
1366 495 1460 550 σὸν,

170 578 281 631 »τὸν
315 574 580 620 διακελεύεαι
615 572 880 631 φυλάσσειν,
929 573 1133 632 ἀπήμονα
1174 579 1257 620 τοῦ
1294 573 1458 632 φυλάσ-

167 667 356 710 ,,σοντος
385 656 547 699 είνεκεν
567 652 794 706 προσδόκα
815 671 883 698 τοι
906 653 1265 712 οἷπονοστήσεινέί

56 744 120 788 43
273 733 525 779 Τοιούτοισι
547 734 638 777 ἐπεί
655 749 700 777 τε
722 729 851 786 οὗτος
870 732 1080 791 ἀμείψατο
1101 738 1306 790 Κροῖσον,
1322 732 1650 805 w'q‘l'oocv55Apdr‘mffws

164 814 270 871 μετά
296 818 434 858 ταῦτα
462 813 740 871 ἐξηρτυμένοι
774 813 927 869 λογάσι
952 830 997 857 τε
1020 817 1218 872 νεηνίησι
1244 813 1316 858 καὶ
1338 814 1453 857 κυσί.
1501 807 1596 899 {Em
1571 813 1598 831 ‘⁵‘

1501 873 1528 900 ci
1550 872 1583 902 it.

141 892 425 950 Ξάπικόμενοι
450 895 495 938 δὲ
526 894 568 945 ἐς
597 892 675 937 τὸν
700 894 941 949 Οὔλυμπον
971 893 1019 938 τὸ
1052 894 1180 950 ὄρος,
1211 893 1380 951 ἐζήτεον
1402 891 1452 936 τό

161 975 344 1029 θηρίον·
387 971 588 1029 εὑρόντες
627 973 694 1025 δὲ,
733 973 807 1016 καὶ
831 971 1108 1028 περιστάντες
1146 972 1255 1017 αὐτὸ
1293 972 1454 1027 κύκλῳ,

160 1052 450 1108 ἐσηκόντιζον.
483 1052 594 1097 ἔνθα
612 1051 664 1108 δή
689 1051 711 1095 ὁ
742 1054 900 1106 ξεῖνος,
933 1049 1064 1104 οὗτος
1091 1053 1143 1109 δὴ
1163 1051 1186 1097 ὁ
1208 1051 1506 1107 καθαρθεὶςςο-

160 1131 238 1176 τὸν
271 1131 440 1187 φόνον,
468 1132 730 1188 καλεόμενος
755 1133 800 1176 δὲ
818 1133 1082 1189 Ἄδρηστος,
1112 1130 1352 1185 ἀκοντίζων
1373 1129 1454 1174 τὸν

163 1214 271 1264 σῦν,
311 1216 391 1256 τοῦ
420 1213 499 1268 μὲν
525 1210 787 1268 ἁμαρτάνει,
827 1210 1030 1268 τυγχάνει
1060 1211 1107 1255 δὲ
1139 1214 1218 1254 τοῦ
1253 1212 1452 1265 Κροίσου

162 1288 328 1342 παιδός.
375 1290 398 1334 ὁ
437 1292 515 1348 μὲν
553 1291 607 1348 δὴ
650 1291 828 1348 βληθεὶς
860 1295 913 1348 τῇ
962 1292 1093 1348 αἰχμῇ
1131 1289 1328 1347 ἐξέπλησε
1367 1293 1451 1334 τοῦ

114 1470 276 1508 Gramm.
324 1470 454 1508 Graec.
510 1467 548 1520 ἓ.
593 1469 697 1517 599,
744 1482 767 1507 a

111 1539 198 1579 pag.
231 1527 350 1569 1198.

304 1584 418 1633 Cap.
446 1581 580 1620 XLIII.

168 1637 208 1685 ἐς
232 1635 299 1678 τὸν
332 1637 551 1691 Οὔλυμπον
583 1635 628 1678 ‘co'
650 1635 765 1691 ὅρος]

100 1692 310 1747 ’Όλυμπον
330 1709 455 1734 omnes
484 1697 561 1734 fere
578 1695 658 1732 libri
679 1695 766 1732 scri-

112 1753 179 1803 pti,
219 1753 348 1801 quibus
379 1758 501 1790 tamen
529 1753 657 1789 merito
690 1765 766 1788 non

112 1809 409 1859 obtemperarunt
456 1809 627 1846 editores.
703 1808 766 1845 Tu

113 1865 186 1902 vid.
214 1865 250 1913 I,
281 1867 348 1907 36.
378 1864 511 1903 Melius
549 1865 658 1902 iidem
686 1864 766 1902 libri

112 1919 136 1962 ὅ
169 1921 433 1975 καθαρθεὶς,
472 1922 572 1972 quod
605 1922 765 1971 Stepha-

110 1991 178 2015 nus
196 1978 288 2018 male
308 1982 510 2016 mutaverat
530 1979 566 2014 in
599 1992 682 2016 κατ
695 1992 762 2028 αρ-

111 2034 222 2083 θείς,
279 2049 359 2074 cum
394 2036 493 2086 apud
530 2035 762 2072 Herodotum

110 2093 247 2156 passim
261 2093 487 2157 reperiantur
506 2106 557 2130 κα
566 2095 598 2129 θ
609 2086 762 2143 άρσιος,

109 2143 346 2201 κάθαρσις,
406 2143 620 2198 ἐκάθηρα,
690 2147 762 2184 alia

109 2205 148 2243 id
176 2218 303 2254 genus,
367 2205 411 2243 In
455 2205 604 2253 reliquis
640 2204 760 2241 velbis

111 2274 204 2311 quae
229 2263 277 2299 sit
305 2263 378 2310 vis,
405 2262 559 2312 repetita
586 2260 762 2312 particula

110 2318 311 2368 additoque
357 2318 573 2374 pronomine
625 2317 760 2366 (ἔνθα

111 2371 171 2425 δή
201 2373 222 2415 ὁ
257 2375 404 2423 ξεῖνος,
444 2375 598 2421 οὗτος
637 2371 699 2425 δη
736 2371 762 2412 ὁ

110 2430 335 2483 καθαρθεὶς
369 2428 437 2471 τὸν
475 2426 662 2481 φόνον),
701 2430 762 2467 vix

111 2499 329 2538 quemquam
355 2488 481 2537 fugiet.
510 2510 567 2515 —
606 2488 761 2535 Ξεῖνον,

113 2547 153 2580 ut
169 2544 204 2581 h.
225 2544 250 2583 l.
269 2544 467 2582 Adrastum
475 2544 614 2582 Noster
634 2544 763 2595 appel-

98 2597 182 2700 ἒξ,
221 2599 343 2651 Apion
370 2602 407 2638 in
438 2601 563 2639 Gloes.
592 2601 761 2638 Homerr.

158 2659 174 2691 t
199 2655 264 2694 Cr.
302 2658 455 2706 monet)
501 2671 538 2708 p.
561 2660 664 2705 608,
707 2660 763 2699 49

117 2722 219 2760 seqq.
242 2714 291 2750 ad
312 2714 397 2751 calc.
418 2715 576 2763 Etymol.
602 2714 763 2751 Gudian.

119 2769 264 2816 exponit
281 2784 348 2809 τον
369 2765 575 2822 οἷλλοδαπῆ
593 2769 660 2809 καὶ
675 2769 764 2821 ε’πη-

118 2824 190 2860 λυν
208 2823 273 2863 καὶ
289 2823 355 2866 τὸν
375 2827 493 2875 φίλον
526 2841 557 2865 5.
578 2825 644 2867 τὸν
668 2828 763 2875 ξενι-

120 2874 289 2929 ζόμενον.
344 2881 444 2922 Idem
483 2884 513 2923 C
522 2898 550 2923 r
591 2885 639 2923 de
678 2897 767 2924 voce

833 1471 901 1507 hac
927 1471 1083 1508 conferri
1112 1470 1212 1508 iubet
1241 1469 1401 1507 Praefat.
1441 1469 1494 1506 ad

832 1526 970 1576 Ephori
1003 1529 1171 1576 sragmm.
1209 1541 1247 1578 p.
1276 1525 1403 1563 XXIX
1430 1526 1490 1563 ed.

833 1583 950 1620 Marx.
984 1589 1020 1621 et
1049 1583 1242 1621 Pacciaudi
1280 1582 1482 1619 Monumm.

833 1639 1035 1690 Peloponn.
1066 1639 1112 1679 P.
1140 1640 1191 1677 111
1219 1654 1259 1691 p.
1283 1642 1363 1680 136
1382 1652 1488 1688 seqq.

833 1696 916 1733 Huc
935 1710 1082 1747 quoque
1099 1697 1258 1746 pertinet
1278 1693 1381 1742 Ζεῦς
1401 1695 1486 1737 Ξεί-

833 1767 942 1800 νιος,
988 1754 1050 1802 qui
1090 1754 1219 1790 dicitur
1254 1753 1294 1790 in
1331 1752 1487 1790 Homeri

833 1809 971 1857 odyss.
994 1810 1073 1857 IX,
1096 1813 1190 1850 271.

887 1865 955 1904 καὶ
990 1862 1243 1917 περιστάντες
1274 1858 1374 1903 amito*
1412 1859 1483 1902 κύ-

830 1920 932 1974 κλῳ]
953 1922 1121 1970 „Eadem
1142 1924 1220 1961 sere
1238 1922 1370 1959 locutio
1383 1922 1484 1970 apud

828 1978 971 2016 Platon.
998 1979 1056 2017 Re
1072 1979 1170 2029 publ.
1204 1978 1242 2027 Ι,
1266 1977 1293 2019 4-
1328 1991 1365 2028 p.
1384 1976 1482 2024 432,

828 2036 890 2072 ubi
918 2037 1013 2073 conf.
1043 2036 1122 2073 Ast.
1159 2048 1247 2086 pag.
1278 2034 1373 2076 491.
1432 2034 1481 2071 Et

828 2093 953 2130 confer
973 2093 1023 2128 sis
1047 2092 1201 2130 similem
1225 2091 1379 2128 Homeri
1395 2103 1482 2127 nar-

827 2149 1003 2186 rationem
1031 2150 1069 2185 in
1091 2150 1230 2198 Odyss.
1252 2147 1364 2195 XIX,
1397 2149 1482 2188 428

827 2218 933 2254 seqq.
945 2207 970 2225 ‘⁶
1028 2205 1089 2243 Cr.
1151 2206 1212 2242 Ad
1237 2204 1481 2242 accusativum

829 2257 1077 2314 (ἀκοντίζων)
1115 2259 1180 2302 τόν
1211 2263 1286 2300 σῦν
1332 2260 1481 2309 genitivi

826 2318 906 2355 loco
922 2321 1016 2357 conf.
1036 2319 1167 2356 Matth.
1190 2319 1256 2356 Gr.
1269 2317 1335 2355 Gr.
1348 2315 1484 2368 §.350

825 2381 900 2414 not.
932 2389 971 2425 p.
993 2378 1092 2418 662.

884 2431 1068 2482 ἐξέπλησε
1100 2434 1174 2470 τοῦ
1210 2427 1370 2482 ὀνείρου
1408 2426 1487 2481 την

829 2484 1001 2539 φήμην]
1032 2489 1140 2526 Unus
1163 2488 1254 2525 liber
1277 2490 1422 2538 φῆμιν,
1445 2490 1487 2523 ut

829 2546 924 2583 infra
949 2546 1022 2592 Ill,
1045 2545 1137 2586 153.
1176 2543 1265 2592 „Ac
1283 2546 1412 2595 φῆμις
1429 2544 1486 2580 di-

832 2603 864 2639 ci
884 2603 984 2652 apud
993 2602 1195 2640 Homerum
1204 2601 1331 2638 Ionum
1352 2613 1395 2638 ex
1408 2613 1489 2637 mo-

831 2672 871 2696 re
900 2659 1011 2695 tradit
1047 2658 1217 2696 Eustath.
1257 2659 1306 2695 ad
1347 2658 1487 2706 odyss.

832 2715 969 2763 XXIV,
991 2719 1075 2757 200
1102 2728 1190 2766 pag.
1212 2716 1317 2762 828,
1348 2717 1402 2756 38
1430 2713 1489 2751 ed.

832 2772 918 2809 Bas.
945 2772 1024 2810 coll.
1052 2774 1099 2810 ad
1120 2772 1218 2809 Iliad.
1240 2785 1278 2822 p.
1302 2774 1407 2818 716,
1435 2772 1493 2811 38

835 2829 893 2866 ed.
926 2829 1051 2866 Bas.“
1111 2829 1178 2866 Cr.
1237 2828 1359 2872 Quum
1404 2839 1492 2864 vero

834 2885 1046 2925 Herodotus
1093 2885 1172 2924 aliis
1223 2884 1311 2923 loeis
1360 2883 1492 2921 scribat

1679 739 1776 767 ἰιιιτιιῑο

1597 781 1604 797 ι
1623 772 1693 798 terit
1697 781 1777 808 uuuuu

1600 814 1606 830 ι
1633 806 1668 831 ab
1672 814 1777 834 rrrrrrr

1599 839 1743 867 1111111110
1728 848 1775 867 oc-
