1786 3324
16 1078 83 1125 77

526 243 945 286 EUTERPE.
1005 243 1052 282 11.

1330 242 1417 283 655

145 361 199 417 δή
229 360 310 404 εἶσι
339 359 386 402 αἱ
411 357 567 412 ἰ’βιες·)
619 353 724 410 ψιλὴ
754 353 834 410 τήν
862 351 1079 409 κεφαλήν,
1110 351 1186 395 καὶ
1213 350 1295 407 τήν
1326 351 1415 395 oa-

144 441 228 496 ρήν
256 441 421 482 πᾶσαν·
452 433 581 490 λευκή
613 438 832 488 πτεροῖσι,
863 432 975 487 πλὴν
1005 434 1199 487 κεφαλῆς
1228 431 1302 474 καὶ
1332 434 1415 475 τοῦ

144 517 326 574 αὐχένος
355 516 427 558 καὶ
459 514 608 567 ἄκρων
638 517 726 557 τῶν
756 511 986 568 πτερύγων
1015 512 1089 555 καὶ
1117 515 1198 554 τοῦ
1224 512 1418 567 πυγαίου

142 596 302 652 ἄκρου·
359 598 497 637 ταῦτα
545 594 591 637 δὲ
644 592 696 636 τὰ
739 591 865 636 εἷπον
905 590 1068 641 πάντα,
1106 589 1289 646 μέλαινά
1328 590 1418 634 ἐστι

142 678 317 726 δειναῖς·
361 675 510 717 σκέλεα
541 674 586 716 δὲ
617 673 691 716 καὶ
720 671 982 727 πρόσωπον,
1024 670 1212 726 ἐμφερής
1241 674 1296 728 τῇ
1325 670 1413 714 ἕτέ-
1426 678 1472 714 35

111 762 210 812 3ρῃ.
269 757 351 798 τοῦ
393 753 438 797 δὲ
484 751 610 809 ὄφιος
647 750 674 809 ἡ
705 752 881 808 μορφή,
925 753 994 808 οἴη
1024 767 1102 807 περ
1133 754 1221 794 τῶν
1250 749 1415 805 ὕδρων.

140 836 269 878 πτίλα
300 834 345 878 δὲ
374 832 428 877 οὕ
468 831 665 888 πτερωτοὶ
704 831 881 889 φορέει,
934 829 1043 875 ἀλλὰ
1076 835 1189 874 τοῖσι
1231 833 1307 887 τῆς
1335 847 1416 874 νυ-

138 916 333 970 κτερίδος
362 918 557 968 πτεροῖσι
578 910 765 969 μάλιστα
784 929 837 968 κη
861 912 1169 967 ἐμφερέστατα.
1208 915 1413 956 Τοσαῦτα

140 995 221 1051 μὲν
249 995 420 1051 θηρίων
450 992 547 1048 πέρι
578 993 688 1047 ἱρῶν
720 990 925 1047 εἰρήσθω.

141 1154 432 1210 σπειρομένην
459 1155 683 1209 Αἴγυπτον
713 1150 932 1204 οἰκέουσι,
962 1150 1136 1208 μνήμην
1156 1149 1410 1207 ἀνθρώπων

139 1234 316 1278 πάντων
349 1232 629 1285 ἐπασκέοντες
666 1231 873 1289 μάλιστα,
923 1230 1181 1288 λογιώτατοί
1220 1233 1303 1278 εἰσι
1331 1248 1416 1291 μα-
1476 1234 1557 1276 139

139 1440 242 1494 ψιλή
266 1439 340 1493 τὴν
359 1440 562 1495 κεφαλήν,
582 1443 649 1484 καὶ
665 1441 740 1496 τήν

84 1497 221 1551 δειρήν
251 1502 407 1546 πᾶσαν]
454 1498 557 1552 ψιλή
588 1501 645 1540 hic
685 1506 740 1540 est

84 1557 229 1607 depilis,
258 1557 407 1606 glabra,
436 1563 476 1595 ut
496 1563 595 1596 recte
616 1563 740 1597 monet

82 1613 308 1660 Larcherus,
350 1616 446 1651 idem
475 1620 630 1662 notans,
665 1617 740 1655 δει-

84 1666 161 1720 ρήν
185 1670 303 1707 minus
329 1671 423 1709 bene
453 1671 512 1708 hie
531 1673 635 1709 reddi
667 1673 739 1709 col-

84 1726 175 1772 lum,
207 1740 291 1763 cum
325 1727 370 1764 sit
398 1728 486 1775 gula
513 1728 603 1775 (‚,la
624 1731 741 1779 partie

84 1783 146 1832 qui
175 1787 232 1820 est
262 1796 307 1820 en
338 1784 474 1821 devant
503 1785 550 1821 du
580 1799 647 1821 cou
666 1816 675 1833 ‚
706 1786 740 1823 la

85 1840 256 1888 gorge“)
274 1853 284 1885 3
321 1842 629 1888 quemadmodum
651 1842 739 1879 Am-

82 1895 223 1932 monius
243 1896 289 1934 de
309 1896 426 1933 differ.
447 1911 544 1935 voce.
566 1911 652 1948 pag.
665 1903 738 1940 27:

85 1948 214 2002 αὐχήν
268 1951 419 2006 λέγεται
468 1951 512 1993 7:0¹
565 1952 737 1995 ὄπισθεν

82 2010 156 2047 τοῦ
174 2006 392 2060 τραχήλου·
426 2008 519 2060 δέρη
544 2008 586 2049 δὲ
608 2009 650 2051 ro*
676 2011 737 2064 ἔμ-

82 2069 262 2117 προσθεν
291 2071 328 2103 et
358 2066 523 2104 Thomas
557 2067 739 2118 Magister

81 2135 119 2173 p.
140 2123 231 2163 129.

138 2174 303 2228 μέλαινά
325 2177 404 2217 ἐστι
416 2179 571 2230 δειναῖς]
586 2179 735 2219 Lubens

80 2247 147 2285 pro
175 2233 322 2285 μέλανα
343 2236 462 2286 (quod
481 2241 648 2275 neutrum
661 2240 735 2286 est)

81 2292 202 2342 recepi
231 2289 415 2342 μέλαινα,
456 2297 496 2330 ut
522 2294 735 2332 femininum

85 2347 154 2395 sit,
184 2350 491 2397 quemadmodum
508 2348 630 2401 ψιλή,
651 2355 734 2390 λευ-

82 2399 134 2453 κή
155 2408 192 2441 et
211 2403 406 2456 ἐμφερὴς,
428 2408 630 2444 accusativo
644 2422 734 2457 qua-

81 2459 190 2497 litatis
209 2465 251 2497 ut
268 2461 369 2499 aiunt
387 2463 593 2500 addit0.-—
606 2464 647 2501 ln
660 2466 734 2503 fine

84 2527 163 2566 cap.
187 2517 235 2553 ad
254 2530 378 2556 voces:
411 2514 581 2569 μάλιστα
604 2536 654 2572 κη
673 2521 735 2572 ἒμ-

85 2570 300 2623 φερέστατα
335 2577 428 2613 conf.
460 2575 641 2616 Matthiae
670 2579 737 2617 Gr.

86 2628 152 2665 Gr.
177 2641 263 2680 pag.
284 2631 377 2673 860.

250 2719 282 2757 c
294 2732 361 2771 ap.
390 2721 579 2761 Lxxvn.

143 2796 183 2835 οἳ
211 2794 281 2848 μὲν
309 2799 399 2853 περὶ
431 2799 504 2852 τήν
533 2802 738 2856 σπειρομέ-

86 2866 163 2903 νην
174 2853 380 2906 Αἴγυπτον
401 2857 603 2910 οἰκέουσι]
633 2861 738 2899 Bene

85 2908 194 2958 haec,
227 2923 321 2961 quae
348 2913 544 2954 etiamnum
573 2921 657 2954 sunt
681 2918 738 2955 di-

253 1073 410 1117 Αὐτῶν
460 1074 506 1117 δὲ
556 1072 608 1128 δή
655 1073 930 1128 Αἰγυπτίων,
991 1074 1034 1115 Οἳ
1074 1071 1154 1128 μὲν
1190 1071 1290 1127 περὶ
1328 1070 1750 1144 τῆνίὲοὲεἳίξέειῒῗὲἵῗῦῗὲ

1466 1144 1612 1179 incolunt,
1623 1155 1717 1181 quare
1726 1146 1750 1174 ii

1467 1179 1659 1208 solertissimi
1693 1181 1747 1209 ho·

808 1445 938 1482 stincta
957 1475 969 1493 ,
1025 1445 1196 1484 discrevit
1243 1445 1469 1485 Herodotus.

808 1501 878 1538 Est
923 1502 1018 1538 enim
1073 1501 1265 1554 Aegyptus
1306 1505 1353 1541 ad
1393 1504 1469 1542 Nili

807 1563 1000 1607 utramque
1027 1560 1143 1610 ripam
1176 1561 1267 1609 sita,
1307 1574 1375 1611 per
1403 1561 1470 1598 ali-

810 1620 900 1664 quot
915 1616 1054 1653 ‹lierum
1078 1617 1207 1654 itinera
1228 1618 1368 1665 fertilis,
1390 1619 1467 1655 fru-

811 1673 993 1721 gibusque
1021 1673 1182 1711 colendis
1213 1679 1318 1724 apta3
1358 1688 1468 1724 quam

808 1729 932 1765 rustici
957 1729 1095 1767 incolae
1123 1731 1309 1778 habitant,
1349 1745 1470 1769 sacer-

810 1786 938 1822 dotum
976 1786 1130 1836 imperio
1159 1788 1333 1834 subiecti3
1374 1801 1469 1837 quae

811 1846 1013 1891 sequuntur
1036 1844 1206 1892 regiones
1230 1874 1240 1892 ‚
1277 1849 1467 1895 pastorum

807 1900 928 1948 potius
973 1904 1057 1936 sunt
1098 1905 1208 1950 atque
1253 1903 1467 1950 nomadum,

806 1969 874 1993 nec
903 1957 1049 2004 frugum
1072 1970 1235 2007 capaces.
1295 1959 1468 2009 Quapro-

806 2016 888 2062 pter
912 2015 1066 2050 rustieos
1086 2013 1290 2064 Aegyptios
1311 2020 1348 2052 et
1367 2015 1468 2064 agri-

808 2069 904 2106 colas
940 2069 1034 2107 bene
1069 2070 1212 2108 Noster
1247 2072 1414 2109 distinxit
1443 2086 1466 2110 a

805 2126 1048 2174 nomadibus‚
1078 2127 1203 2177 procul
1236 2129 1346 2166 dubio
1372 2128 1470 2167 vitae

805 2183 1145 2245 minusssadstrictae
1165 2198 1207 2222 ac
1228 2199 1378 2224 severae
1402 2186 1469 2224 de-

806 2240 890 2276 ditis
920 2252 988 2277 nec
1014 2240 1120 2277 simili
1156 2243 1267 2279 modo
1298 2244 1470 2280 sacerdo-

804 2300 882 2334 tum
899 2296 1051 2346 imperio
1069 2299 1293 2347 parentibus.
1356 2300 1467 2338 Conf.

802 2352 963 2391 Heeren.
994 2353 1109 2392 Ideen
1139 2355 1195 2400 ΙΙ,
1218 2359 1244 2397 2
1273 2369 1360 2408 pag.
1386 2356 1468 2399 148

803 2423 881 2459 seq.
933 2462 942 2476 Ι
1062 2462 1072 2479 ,
1182 2463 1192 2476 Ι
1349 2465 1358 2478 1

862 2481 1027 2518 μνημην
1047 2471 1283 2518 ανθρωπων
1301 2484 1467 2509 παντων

805 2521 1066 2571 ἐπασκέοντες
1095 2522 1288 2577 μάλιστα]
1330 2526 1471 2565 Intelli-

808 2585 901 2629 gunt
929 2581 1040 2630 vulgo
1074 2578 1240 2634 μνήμην
1269 2586 1471 2622 memoriam

810 2638 1087 2685 (Gediichtniss
1106 2668 1116 2686 ,
1204 2639 1471 2678 Ged‘achtniss-

809 2693 941 2743 kraft),
959 2707 1063 2745 quam
1082 2698 1235 2734 maxime
1249 2698 1340 2734 inter
1355 2711 1469 2736 omnes

808 2751 958 2788 homines
978 2752 1147 2790 coluerint
1165 2753 1348 2804 Aegyptii.
1388 2755 1468 2793 Sed

807 2808 942 2845 rectius
976 2809 1180 2858 Schweigh.
1215 2812 1362 2858 statuit,
1403 2812 1467 2862 agi

805 2862 864 2900 hic
888 2864 930 2901 de
956 2867 1120 2902 memoria
1146 2878 1259 2903 rerum
1281 2871 1464 2916 gestarum

805 2923 871 2957 aut
920 2921 1182 2961 observatarum
1216 2925 1253 2960 in
1292 2923 1466 2974 futurum
