1759 3324
377 251 461 291 748

776 248 1249 288 HERODOTI

373 359 543 417 Ἑλένης
572 358 766 417 λεχθέντι
805 361 878 403 καὶ
909 359 1040 411 αὐτὸς
1069 360 1379 415 προστίθεμαι,
1419 358 1520 403 τάδε
1551 358 1644 403 ἐπι-

376 438 629 494 λεγόμενος·
689 441 726 483 εἰ
755 434 809 495 ἦν
844 438 992 496 Ἑλένη
1034 439 1080 482 έν
1108 438 1237 498 Ἰλίῳ,
1281 436 1560 493 ἀποδοθῆναι
1590 437 1646 482 ἂν

378 515 516 574 αὐτήν
554 522 668 561 τοῖσι
694 517 897 573 ‘'EI-hym,
955 518 1053 574 ἤτοι
1095 517 1272 569 ἑκόντος
1311 534 1358 573 γε
1392 517 1421 573 ἢ
1459 516 1645 568 ἄκοντος

348 595 676 650 ΞἏλεξάνδρου.
734 595 789 640 οὐ
817 598 901 652 γὰρ
941 597 993 653 δὴ
1034 595 1148 640 οὕτω
1177 613 1224 652 γε
1255 597 1560 653 φρενοβλαβὴς
1587 592 1644 652 ἦν

378 674 402 718 ὁ
432 676 656 731 Πρίαμος,
687 673 791 718 οὐδὲ
822 677 865 718 οἱ
893 674 1016 719 ἄλλοι
1045 674 1338 730 προσήκοντες
1358 674 1499 732 αὐτῷ,
1531 673 1670 719 ὅστεΙ

375 757 490 797 τοῖσι
519 753 764 809 σφετέροισι
799 754 970 809 σώμασι
1007 754 1080 797 καὶ
1117 759 1232 797 τοῖσι
1269 753 1460 798 τέκνοισι
1487 754 1562 798 καὶ
1590 757 1644 812 τῇ

377 830 479 875 πόλι
504 831 778 876 κινδυνεύειν
800 832 1052 888 ἐβούλοντο,
1072 831 1183 884 ’ὅκως
1201 830 1480 887 Ἀλέξανδρος
1494 830 1644 890 Ἑλένῃ

352 911 606 968 3συνοικέῃ.
639 913 674 954 εἰ
705 911 750 954 δέ
782 927 851 955 τοι
880 912 954 954 καὶ
985 912 1031 955 ἐν
1061 916 1174 955 τοῖσι
1203 910 1417 964 πρώτοισι
1445 911 1646 966 χρόνοισι

377 993 515 1033 ταῦτα
546 989 801 1046 ἐγίνωσκον·
831 990 921 1034 ἐπεὶ
950 991 1102 1035 πολλοὶ
1131 990 1210 1047 μὲν
1239 994 1327 1034 τῶν
1352 988 1493 1034 ἄλλων
1516 989 1672 1047 Toni-5

323 1221 477 1258 rumque
498 1208 694 1257 habuisse,
725 1209 764 1247 id
789 1210 887 1248 unde
915 1224 977 1247 co-

323 1265 490 1313 gnoverit
537 1265 597 1303 ille
635 1266 756 1303 nescio
794 1267 975 1315 equidem.

322 1322 483 1359 Dubiam
502 1322 621 1371 potius
633 1322 773 1360 illorum
787 1325 977 1374 poetarum

323 1379 433 1415 fidem
454 1378 648 1415 Herodoto
673 1380 784 1416 visam
802 1380 926 1427 fuisse,
948 1380 977 1416 si

324 1435 372 1471 ad
409 1435 596 1471 historiam
637 1448 698 1472 eos
738 1436 979 1483 revocaveris,

324 1490 497 1538 colligere
526 1492 613 1528 mihi
641 1505 752 1541 posse
779 1493 906 1529 videor
935 1505 979 1529 ex

323 1548 463 1584 verbis:
491 1546 525 1585 εἰ
543 1543 615 1598 χρή
639 1563 674 1586 τι
692 1551 794 1586 τοῖσι
819 1547 979 1587 ἐποποι-

326 1606 405 1642 οῖσι
424 1601 646 1654 χρεώμενον
660 1603 807 1655 λέγειν,·
827 1605 980 1642 ubiHo-

323 1672 462 1697 merum
482 1665 517 1697 et
536 1660 753 1710 Cypriorum
773 1666 884 1710 atque
905 1662 979 1711 Cy-

325 1716 493 1753 elicorum
512 1717 709 1754 carminum
721 1722 884 1755 auctores
897 1731 979 1755 eum

324 1771 546 1811 intellexisse
567 1774 723 1810 credam.
754 1795 810 1801 —
838 1773 898 1811 Ad
921 1787 979 1812 re-

324 1828 424 1878 liqua
445 1828 508 1866 Cr.
533 1831 687 1867 conferri
708 1830 782 1867 vult
794 1830 923 1868 Tzetz.
941 1832 977 1868 in

322 1883 555 1935 Lycophron.
574 1899 625 1924 vs.
645 1888 727 1929 820
740 1900 816 1937 seq.
845 1900 881 1938 p.
896 1889 978 1928 810

324 1943 383 1979 ed.
410 1941 552 1979 Miiller.

380 1993 475 2036 τάδε
504 1993 804 2052 ἐπιλεγόμενος]
836 1998 880 2035 Id
903 2002 976 2036 est:

325 2054 408 2090 haec
433 2059 599 2103 reputans
622 2068 771 2103 mecum,
803 2057 976 2103 cogitans.

325 2111 434 2147 Conf.
455 2110 492 2157 l,
513 2113 579 2152 78.
607 2133 662 2139 —
685 2111 745 2148 Ad
775 2114 976 2150 συνοικεῖν

325 2166 362 2203 in
393 2179 498 2215 seqq.
523 2168 619 2204 conf.
646 2167 687 2216 I,
716 2170 782 2209 91.
814 2169 880 2209 93.
908 2169 977 2208 37.

327 2223 407 2263 173
426 2227 496 2259 etc.

382 2276 418 2316 εἰ
439 2276 481 2317 δέ
503 2293 562 2317 τοι
585 2275 654 2317 καὶ
677 2276 720 2317 ἐν
738 2281 840 2318 τοῖσι
867 2272 975 2328 προό-

324 2346 427 2372 τοισι
457 2330 634 2384 χρόνοισι
674 2337 798 2373 ταῦτα
840 2333 976 2385 ἐγίνω-

327 2391 448 2436 σκον]
479 2391 715 2428 Herodoteae
744 2395 976 2439 argumenta-

325 2447 459 2493 tionis,
488 2459 582 2496 quae
610 2447 644 2484 h.
681 2447 704 2484 l.
734 2447 880 2496 incipit,
920 2446 977 2483 hic

325 2505 404 2541 fere
430 2516 578 2540 sensus:
632 2504 708 2550 „Si
740 2516 826 2540 vero
855 2503 976 2552 primis

326 2572 524 2608 sanequam
554 2560 776 2609 temporibus
806 2558 976 2595 Troianis

327 2616 491 2664 (Priamo
514 2617 662 2664 eiusque
693 2615 874 2664 cognatis)
899 2614 976 2664 pla-

327 2673 482 2719 cuisset,
514 2671 693 2709 Helenam
723 2672 879 2709 retinere
909 2684 977 2708 nec

328 2728 480 2765 Graecis
513 2728 792 2777 deposcentibus
810 2727 977 2774 reddere,

326 2789 448 2822 tamen
469 2789 619 2835 postea,
648 2797 728 2822 cum
750 2783 871 2820 multis
894 2783 977 2821 belli

327 2840 588 2878 calamitatibus
610 2854 650 2878 se
663 2853 806 2891 pressos
825 2851 976 2888 magna-

328 2910 399 2949 que
422 2909 568 2935 suorum
595 2901 722 2947 strage
746 2896 900 2934 afflictos
924 2897 977 2933 vi-

1045 1210 1206 1258 dissent,
1235 1209 1294 1246 vix
1316 1209 1488 1257 dubium,
1519 1210 1605 1259 quin
1621 1209 1700 1248 He-

1045 1266 1163 1304 lenam
1217 1267 1369 1303 Graecis
1426 1267 1698 1313 reddidissent,

1045 1325 1198 1373 ipseque
1232 1322 1418 1370 Priamus,
1461 1323 1490 1360 si
1518 1323 1699 1360 Helenam

1046 1380 1083 1416 in
1112 1379 1378 1417 matrimonium
1407 1379 1588 1427 duxisset,
1620 1391 1699 1417 eam

1046 1436 1256 1473 redditurus
1278 1436 1422 1481 suisset,
1442 1436 1514 1485 qua
1537 1448 1575 1472 se
1596 1449 1700 1472 suos-

1046 1505 1118 1541 que
1129 1492 1209 1529 belli
1219 1491 1480 1528 calamitatibus
1489 1492 1699 1529 liberaret.“

1047 1549 1207 1592 Quando
1229 1548 1324 1585 enim
1347 1548 1416 1584 hoc
1442 1548 1522 1597 ipse
1549 1561 1612 1585 rex
1632 1549 1700 1585 do·-

1046 1617 1199 1653 musque
1219 1605 1342 1653 regiae
1354 1604 1520 1654 princeps
1541 1604 1699 1651 fecisset,

1046 1661 1159 1697 multo
1195 1662 1312 1710 magis
1337 1666 1633 1709 consentaneum,
1661 1662 1700 1698 in

1045 1718 1142 1766 regis
1172 1717 1268 1764 filio,
1299 1721 1335 1754 et
1373 1717 1520 1765 quidem
1548 1730 1613 1765 e0,
1651 1717 1700 1754 ad

1046 1786 1153 1822 quem
1172 1773 1228 1811 vel
1246 1777 1388 1810 mortuo
1408 1778 1534 1823 patre,
1553 1774 1699 1812 minime

1046 1831 1287 1867 deventurum
1312 1834 1407 1868 esset
1430 1842 1603 1880 regnum,
1630 1829 1700 1868 hoc

1045 1887 1143 1924 idem
1160 1886 1248 1923 fieri.

1103 1942 1138 1981 εἰ
1165 1941 1207 1981 δέ
1235 1957 1295 1981 τοι
1317 1939 1697 1994 καὶ-ἐγίνωσκον]

1047 1998 1122 2036 scil.
1142 1997 1162 2037 ὁ
1184 1998 1368 2049 Πρίαμος
1387 1997 1454 2037 καὶ
1484 1998 1526 2038 οἱ
1548 1995 1698 2050 προσή-

1045 2069 1181 2101 κοντες
1206 2050 1328 2108 αὐτῷ.
1347 2076 1403 2082 -
1432 2053 1474 2094 ἐν
1504 2052 1698 2105 πρώτοισι

1043 2108 1219 2163 χρόνοισι
1249 2113 1347 2149 refer
1377 2111 1425 2148 ad
1450 2111 1585 2161 primos
1616 2111 1698 2148 belli

1043 2181 1180 2215 annos,
1221 2168 1321 2216 quod
1352 2167 1484 2204 Graeci
1510 2168 1556 2204 ob
1584 2167 1699 2205 Hele-

1042 2236 1127 2260 nam
1165 2229 1306 2274 raptam
1348 2228 1474 2260 contra
1512 2222 1696 2261 Troianos

1043 2284 1289 2328 susceperunt.

1099 2334 1185 2374 ἐπεὶ
1223 2332 1362 2373 πολλοὶ
1408 2331 1480 2385 μὲν
1510 2349 1547 2373 κ.
1581 2349 1614 2372 τ.
1645 2334 1694 2385 λ.]

1042 2391 1148 2428 Haec
1195 2392 1307 2428 verba
1354 2404 1420 2440 per
1462 2391 1698 2441 parenthesin

1043 2447 1146 2496 quasi
1190 2447 1399 2497 accipienda
1430 2452 1515 2484 sunt
1550 2447 1697 2484 dilatam

1043 2516 1159 2552 usque
1187 2504 1234 2539 ad
1255 2504 1363 2541 verba
1391 2499 1616 2554 χρεώμενον
1638 2502 1697 2542 λέ-

1043 2574 1127 2612 γειν
1160 2559 1300 2606 inclus.,
1338 2560 1399 2596 ubi
1429 2561 1546 2597 oratio
1576 2560 1697 2597 denuo

1044 2617 1238 2654 assumitur
1266 2616 1413 2653 verbis:
1460 2612 1613 2655 τούτων
1643 2614 1697 2654 δὲ

1044 2667 1236 2711 τοιούτων
1266 2668 1585 2722 συμβαινόντων,
1616 2672 1697 2721 qui-

1046 2729 1111 2765 bus
1131 2741 1174 2765 ea
1193 2729 1313 2765 omnia
1331 2729 1696 2778 comprehenduntur,

1045 2785 1193 2833 quaein
1213 2785 1422 2834 parenthesi
1444 2784 1588 2834 prolata
1598 2789 1695 2821 sunt.

1046 2841 1173 2884 Quare
1201 2841 1299 2878 haud
1330 2840 1425 2878 male
1453 2841 1596 2877 addidit
1613 2852 1697 2890 par-

1044 2897 1192 2935 ticulam
1221 2895 1263 2936 δέ
1283 2925 1295 2947 ,
1344 2900 1430 2948 post
1462 2896 1696 2948 parenthesin
