1814 3315
658 234 877 273 cL10.
933 233 961 271 1.
1358 234 1441 274 173

168 351 338 403 ἀστῶν,
379 344 563 400 ἐξιόντες
592 344 639 389 ἐκ
671 346 761 387 τῶν
794 342 964 387 ἱππέων
1008 343 1093 387 αἰεὶ
1127 344 1172 387 οἳ
1200 339 1441 398 πρεσβύτα·

164 448 258 478 τοι.
304 428 428 472 πέντε
470 425 586 475 ἔτεος
624 423 833 467 ἑκάστου·
891 423 998 473 τούς
1047 425 1118 466 δεῖ
1161 426 1324 465 τοῦτον
1360 419 1440 464 τὸν

163 506 387 558 ἐνιαυτὸν,
426 504 507 548 τόν
537 504 594 546 ἂν
623 503 766 555 ἐξίωσι
795 502 842 546 ἐκ
871 507 960 546 τῶν
991 501 1182 549 ἱππέων,
1215 505 1435 557 Σπαρτιη-

161 587 270 631 τέων
298 589 358 644 τῷ
387 587 524 643 κοινῷ
555 582 938 639 διαπεμπομένους
966 581 1025 638 μή
1056 581 1247 624 ἐλινύειν
1271 579 1434 631 ἄλλους
1448 586 1492 622 85

36 671 102 716 68
160 665 284 722 ἄλλῃ.
349 663 529 707 Τούτων
569 658 629 705 ὧν
670 666 760 705 τῶν
801 660 978 717 ἀνδρῶν
1019 663 1155 719 Λίχης
1194 659 1353 715 ἀνεῦρε
1385 659 1432 703 ἐν
1490 660 1771 731 ἓζξξῑέξρῖᾓῗζᾞξζ

1401 736 1412 753 t
1491 729 1620 757 bitoruiu
1645 734 1770 765 septem,

163 744 321 802 Τεγέῃ,
359 743 430 787 καὶ
470 742 677 800 συντυχίῃ
715 741 986 798 χρησάμενος
1023 742 1098 785 καὶ
1128 743 1277 797 σοφίη·
1337 738 1433 783 ἓῡυ·
1488 762 1613 789 fumat
1638 770 1693 796 ver
1718 764 1768 791 Li·

1485 796 1581 823 chain.
1612 796 1700 824 Bello
1719 807 1769 825 su-

155 836 233 881 σης
258 823 342 879 γάρ
371 827 530 866 τοῦτον
558 821 638 866 τὸν
667 821 832 878 χρόνον
863 822 1072 878 ἐπιμιξίης
1098 820 1207 876 πρὸς
1224 818 1330 870 τούς
1350 822 1425 862 Τε-
1482 830 1768 864 perioressactiLa-

1482 862 1669 891 cedaeinonii
1688 885 1697 898 ‚
1738 869 1769 893 et

1483 897 1710 932 Peloponnesus
1732 908 1767 926 ex

155 902 332 960 γεήτας,
363 902 508 947 ἐλθών
537 901 580 954 ἐς
597 901 832 958 χαλκήϊον,
863 901 1034 958 ἐθηεῖτο
1055 903 1237 958 σίδηρον
1261 899 1427 953 ἐξελαυ·
1484 939 1596 965 magna
1623 936 1711 966 parte
1728 933 1765 961 ab

99 1085 422 1141 ἀνδραγαθίαν),
452 1087 674 1137 Hesychium
705 1087 756 1136 (s-

98 1147 153 1193 v.)
178 1151 213 1184 et
232 1147 268 1183 in
289 1145 424 1183 Lexico
447 1144 757 1194 Sangermanensi

100 1199 387 1254 (Ἀγαθοεργοὶ
414 1222 471 1230 -·
505 1201 583 1240 ἔστι
612 1199 654 1240 δὲ
689 1200 756 1240 καὶ

99 1255 200 1310 ἀρχή
230 1274 288 1306 τις
330 1257 373 1297 ἐν
399 1258 676 1308 Λακεδαίμονι
714 1256 757 1296 οἷ

94 1311 372 1368 Ἀγαθοεργοί·
403 1312 567 1366 ἄρχουσι
605 1311 648 1353 δὲ
675 1315 755 1352 τῶν

97 1371 140 1412 ἐν
164 1374 214 1427 τῇ
241 1368 355 1411 πόλει
381 1370 447 1410 καὶ
475 1373 556 1409 τῶν
585 1369 658 1418 ἔξω
680 1372 755 1420 τῆς

94 1424 243 1474 πόλεως
260 1423 632 1479 παρανομησάντων
640 1443 653 1476 ‚-
679 1427 752 1464 vid.

93 1485 289 1523 Ruhnken.
326 1485 375 1521 ad
418 1484 561 1522 Timaei
597 1483 621 1521 l.
650 1483 672 1521 l.
716 1487 753 1521 et

93 1541 254 1580 Bekkeri
303 1540 467 1578 Anecdd.
518 1541 670 1578 Graece.
722 1539 750 1577 I.

93 1610 130 1648 p.
163 1600 268 1644 209,
293 1598 353 1634 ubi
383 1597 546 1648 pleniora
577 1597 667 1635 haec
699 1595 752 1634 le-

94 1655 258 1703 guntur).
297 1653 537 1702 Eligebantur
562 1653 610 1690 illi
636 1654 753 1702 magi-

93 1715 229 1748 stratus
276 1723 297 1749 e
335 1710 506 1748 trecentis
556 1711 752 1760 equitibus,

92 1766 130 1804 in
159 1767 286 1816 quibus
306 1768 376 1803 flos
398 1767 593 1804 iuventutis
626 1780 668 1804 ac
692 1779 753 1803 ro-

91 1824 160 1860 bur
196 1823 346 1860 civitatis
388 1824 591 1861 constabat.
641 1824 750 1860 Conf.

90 1879 223 1916 Mauso
254 1880 376 1930 Spart.
408 1880 446 1924 I,
479 1882 498 1919 1
532 1893 568 1929 p.
602 1880 682 1921 153
714 1883 752 1917 et

90 1949 184 1985 quae
203 1937 308 1973 addit
335 1937 378 1973 C.
405 1937 452 1973 O.
476 1935 751 1974 Miiller.Dorer

89 1991 124 2029 ll
154 2005 190 2043 p.
222 1992 465 2034 241.—-Pro
495 1992 636 2043 Λίχης,
664 1993 750 2030 alibi

90 2050 243 2086 occurrit
262 2049 410 2099 Λίχας,
437 2048 658 2087 Laconicum
684 2062 750 2087 seu

88 2103 261 2143 Doricum
283 2118 438 2152 nomen,
463 2106 622 2155 indeque
641 2106 750 2143 etiam

87 2162 247 2212 Λείχας.
256 2162 340 2199 Vid.
350 2161 516 2200 Siebelis.
530 2164 578 2200 ad
590 2162 748 2200 Pausan.

87 2217 151 2266 Ill,
167 2220 193 2259 3
213 2217 249 2269 §-
272 2220 311 2260 5.

142 2295 198 2302 —
236 2276 293 2329 τῷ
328 2277 450 2330 κοινῷ
481 2273 748 2326 διαπεμπομέ-

88 2345 185 2378 νους
204 2328 258 2382 μή
277 2327 447 2371 ἐλινύειν
464 2329 608 2379 ἄλλους
630 2330 744 2387 ἄλλῃ]

87 2387 111 2424 i.
134 2401 166 2426 e.
197 2390 278 2436 „iis
297 2401 364 2425 non
390 2389 471 2426 licet
492 2391 599 2427 otium
626 2402 742 2438 agere,

87 2445 212 2494 quippe
249 2446 310 2495 qui
355 2447 407 2482 rei
432 2446 596 2495 publicae
633 2460 744 2484 causa

87 2499 180 2537 alius
200 2499 271 2538 alio
289 2500 552 2539 dimittuntur.“
570 2498 743 2542 ἐλινύειν

86 2560 184 2594 recte
226 2558 378 2606 praebet
424 2559 743 2598 Schellershemia-

87 2623 167 2648 nus.
186 2611 257 2649 Alii
276 2612 332 2652 ἐλι
346 2609 502 2654 ννύειν
517 2644 528 2662 ,
559 2629 655 2666 quae
679 2629 741 2654 ea-

89 2667 172 2704 dem
192 2667 269 2706 aliis
297 2683 442 2720 quoque
461 2671 548 2709 locis
569 2685 649 2710 cum
666 2674 741 2710 sre-

89 2735 204 2771 quens
221 2730 382 2763 occurrat
411 2728 587 2778 scriptura
621 2728 736 2776 (conf.

89 2777 180 2824 Vll,
209 2778 273 2820 56.
301 2781 409 2830 VIII,
440 2787 493 2824 71
516 2788 551 2822 et
569 2784 739 2834 Apollon.

89 2831 273 2883 Rhod.1,
299 2837 379 2879 589
413 2839 511 2887 etc.)
548 2841 667 2877 varias
700 2841 738 2879 in

87 2893 214 2940 partes
233 2891 367 2933 abeunt
385 2894 449 2932 viri
469 2896 589 2944 docti,
617 2897 669 2935 ita
697 2901 739 2935 ut

1481 963 1521 993 iis
1540 965 1672 994 devicta.

826 1087 916 1137 quid
935 1085 1215 1137 praeferendum
1236 1085 1296 1132 sit,
1325 1083 1385 1121 vix
1408 1097 1487 1123 cer·

824 1148 863 1181 to
904 1143 1055 1181 indicari
1092 1146 1214 1192 queat.
1285 1140 1368 1179 Nos
1406 1154 1487 1180 cum

822 1200 1026 1251 plerisque,
1086 1198 1273 1236 meliorum
1322 1198 1486 1235 codicum

822 1257 1072 1294 auctoritatem
1089 1255 1216 1301 secuti,
1242 1253 1393 1304 simplici
1405 1268 1486 1291 cum

823 1312 926 1351 litera
975 1316 1009 1351 ν”
1060 1312 1209 1349 verbum
1262 1311 1484 1359 scripsi111u5‚

822 1370 923 1419 quod
960 1369 1118 1407 Glossae
1152 1367 1262 1416 vulgo
1303 1367 1484 1417 interpre-

821 1430 943 1464 tantur
984 1420 1206 1475 ύσυχάζειν.
1245 1422 1485 1472 Collegerunt

821 1484 963 1531 omnia⁷
993 1495 1088 1533 quae
1108 1481 1178 1518 huc
1196 1484 1388 1532 spectant,
1417 1481 1483 1517 viri

821 1540 919 1577 docti
957 1541 1004 1577 ad
1036 1539 1194 1587 Gregor.
1231 1537 1397 1574 Corinth.
1437 1537 1484 1575 de

821 1596 905 1634 dial.
920 1596 997 1634 Ion.
1013 1594 1049 1647 ἓ.
1063 1598 1117 1637 92
1135 1607 1221 1645 pag.
1241 1595 1324 1635 502
1337 1594 1483 1633 Schaef.

1001 1654 1110 1702 Cap.
1140 1651 1311 1690 LXVIII.

876 1704 1027 1749 τούτων
1052 1704 1111 1747 ὦν
1131 1710 1212 1746 τῶν
1233 1703 1482 1758 οἷνὸραῖνΛί-

821 1780 891 1817 χης
908 1762 1071 1816 οἷνεῦρε]
1103 1759 1257 1804 τούτων
1274 1764 1480 1811 Mediceus,

820 1823 1095 1861 Schellershem.
1131 1821 1215 1868 alii3
1255 1834 1370 1871 quare
1399 1834 1480 1858 cum

820 1879 938 1917 Gaisf.
974 1879 1223 1930 recipiendum
1259 1878 1478 1928 putavimus-

817 1935 939 1985 Vulgo
957 1934 1148 1983 τουτέων,·
1177 1936 1273 1972 conf.
1292 1935 1322 1982 Ι,
1354 1937 1420 1976 66.

875 1989 1017 2044 ἐούσης
1042 1990 1117 2045 γὰρ
1137 1994 1281 2031 τοῦτον
1301 1988 1371 2030 τόν
1389 1984 1479 2042 χρό-

817 2063 891 2089 νον
927 2049 1127 2100 ἐπιμιξίης
1163 2063 1199 2087 κ.
1225 2062 1256 2087 τ.
1289 2050 1347 2094 λ.]
1398 2046 1481 2087 ἐπι-

818 2107 928 2157 μιξίη
967 2106 1264 2155 (commercium)
1296 2105 1385 2155 quid
1419 2105 1481 2151 sit,

816 2164 1049 2201 manifestum
1068 2164 1136 2201 erit
1155 2175 1199 2200 ex
1216 2162 1259 2199 iis
1272 2191 1282 2209 ,
1312 2174 1408 2211 quae
1429 2161 1477 2197 ad

816 2220 856 2267 I,
887 2220 939 2261 65
962 2225 1088 2257 notata
1106 2223 1204 2256 sunt.
1235 2219 1344 2255 Conf.
1365 2219 1477 2255 modo

818 2275 1025 2326 Thucydid.
1053 2277 1107 2324 V,
1135 2278 1202 2317 78.
1232 2274 1356 2324 Atque
1376 2274 1477 2312 Pau-

815 2334 937 2370 sanias
956 2334 1031 2382 111,
1061 2335 1087 2375 3
1100 2362 1110 2380 ,
1139 2332 1219 2370 loco
1238 2333 1399 2381 gemino,
1418 2332 1475 2368 in-

814 2390 939 2427 ducias
958 2391 1052 2428 inter
1080 2389 1396 2428 Lacedaemonios
1418 2392 1475 2425 at-

811 2458 885 2496 que
932 2447 968 2485 T
971 2450 1123 2496 egeatas
1164 2450 1251 2483 tunc
1295 2445 1475 2496 temporis

809 2504 924 2541 fuisse
957 2506 1094 2540 narrat.
1164 2503 1267 2546 Quas
1309 2502 1475 2539 inducias

809 2558 1013 2598 Larcherus
1032 2560 1144 2597 refert
1164 2560 1213 2596 ad
1244 2572 1302 2596 an.
1332 2560 1415 2600 568
1439 2571 1473 2596 a.

810 2616 896 2653 Chr.
943 2616 1077 2654 calculo
1127 2628 1348 2665 quamquam
1397 2628 1473 2652 non

806 2685 958 2723 prorsus
997 2677 1121 2720 certo,
1157 2672 1216 2709 vix
1245 2677 1371 2710 tamen
1404 2671 1474 2709 im-

805 2729 1003 2778 probabili,
1032 2733 1074 2766 ut
1101 2732 1229 2766 monet
1249 2728 1411 2767 Schultz.
1433 2729 1471 2765 in

806 2792 972 2836 apparat.
991 2789 1058 2823 etc.
1078 2798 1166 2836 pag.
1180 2787 1247 2826 29.

863 2838 996 2881 ἐλθών
1039 2840 1079 2888 ἐς
1125 2835 1321 2892 χαλκῆ
1345 2846 1464 2886 ἰὀν,

806 2894 966 2949 ἐθηεῖτο
1009 2898 1174 2950 σίδηρον
1218 2892 1467 2947 ἐξελαυνόμε-
