1759 3324
353 274 439 314 814

351 380 591 434 τοσούτους
620 381 754 433 ὅσους
783 397 861 436 περ
895 378 1041 424 εἷπον·

757 269 1238 310 HERODOTI

1098 377 1301 435 ἄρχιρεύς
1329 378 1411 434 γὰρ
1441 379 1620 431 ἕκαστος

354 459 513 505 αὐτόθι
542 463 712 505 ἵσταται
741 460 809 504 ἐπὶ
838 463 913 516 τῆς
943 459 1111 503 ἑωυτοῦ
1141 458 1238 514 ζόης
1270 457 1417 502 εἰκόνα
1439 457 1618 502 ἑωυτοῦ.

324 539 643 595 Βοέριθμέοντες
666 535 750 587 ὦν,
782 540 856 584 καὶ
886 537 1130 589 δεικνύντες
1161 540 1204 581 οἱ
1233 539 1343 592 ἱρέες
1364 537 1479 593 ἐμοὶ,
1510 537 1617 581 ἀπε-

355 621 587 663 δείκνυσαν
616 621 751 662 παῖδα
779 617 942 673 πατρὸς
972 617 1147 660 ἑωυτῶν
1176 617 1359 661 ἕκαστον
1387 616 1539 670 ἐόντα,
1569 616 1615 660 έκ
1662 616 1742 660 174

353 703 433 741 τοῦ
491 696 668 753 ἄγχιστα
719 695 1028 747 ἀποθανόντος
1067 701 1144 753 τῆς
1185 696 1354 748 εἰκόνος
1395 696 1676 749 διεξιόντες40

325 777 432 820 4διά
454 776 651 827 πασέων,
685 775 764 826 ἕως
796 770 851 818 οὗ
882 773 1093 826 ἀπέδεξαν
1124 775 1294 827 ἁπάσας
1321 774 1467 827 αὐτοῖς.
1495 774 1620 819 Ἑκα-

354 857 460 910 ταίῳ
493 855 538 897 δέ
569 852 928 909 γενεηλογήσαντι
958 852 1146 907 ἑωυτόν,
1178 855 1250 897 καὶ
1277 853 1544 910 ἀναδήσαντι
1574 855 1618 906 ές

353 932 662 977 ἑκκαιδέκατον
690 931 822 983 θεὸν,
874 929 1291 988 ἀντεγενεηλόγησαν
1329 932 1397 975 ἐπὶ
1435 937 1487 989 τῇ
1518 932 1614 988 ἀρι-

354 1010 534 1068 θμήσει,
583 1009 636 1054 οὐ
668 1009 894 1067 δεκόμενοι
938 1009 1036 1065 παρ’
1071 1010 1209 1055 αὐτοῦ
1247 1009 1332 1055 <ind
1366 1015 1476 1055 θεοῦ
1503 1011 1622 1067 γενέ-

325 1096 464 1135 5σθαι
488 1089 744 1145 ἄνθρωπον.
776 1088 1197 1147 ἀντεγενεηλόγησαν
1222 1091 1267 1134 δὲ
1291 1085 1397 1144 ὦδε,
1430 1089 1620 1146 φάμενοι

355 1171 539 1214 ἕκαστον
579 1173 669 1214 τῶν
707 1173 935 1214 κολοσσῶν
966 1172 1172 1226 Πίρωμιν
1210 1171 1256 1214 ἐκ
1298 1169 1523 1226 Πιρώμιος
1550 1173 1678 1226 γε-45

355 1248 534 1305 γονέναι
546 1264 556 1274 ·

618 1249 660 1300 ές
700 1247 725 1292 ὂ
765 1249 869 1301 τούς
909 1249 1034 1293 πέντε
1077 1250 1150 1292 καὶ
1196 1248 1510 1304 τεσσεράκοντα
1549 1250 1623 1293 καὶ

355 1329 635 1385 τριηκοσίους
667 1327 876 1382 ἀπέδεξαν
905 1328 1147 1380 κολοσσοὺς
1169 1330 1371 1385 Πίρωμιν
1401 1328 1447 1372 ἐκ
1472 1327 1621 1384 Πιρώ-

355 1425 455 1465 μιος
483 1406 722 1465 γενόμενον
741 1441 753 1463 ,
796 1409 869 1453 καὶ
900 1408 1002 1454 οὕτε
1032 1408 1074 1461 ἐς
1103 1407 1208 1453 θεὸν
1228 1441 1241 1462 ,
1293 1407 1394 1452 οὔτε
1425 1409 1467 1461 ές
1497 1407 1619 1465 ἥρωα

299 1631 496 1670 collocasse
543 1631 579 1668 in
625 1630 717 1667 atrio
773 1628 955 1667 sublustri.

299 1689 517 1737 Obloquitur
536 1686 663 1724 Gallus
691 1686 870 1736 interpres
898 1699 956 1724 re-

299 1746 462 1792 centior,
491 1745 528 1781 in
550 1745 628 1795 ipsa
646 1742 851 1780 colossorum
867 1756 956 1780 voce

299 1802 474 1849 haerens,
511 1814 592 1838 cum
619 1799 801 1837 Herodoti
832 1800 954 1847 verba,

300 1858 421 1908 qualia
440 1871 534 1895 nunc
554 1857 737 1906 leguntur,
766 1857 824 1893 vix
845 1856 957 1894 talem

299 1914 643 1979 interpretationem
654 1913 861 1950 admittant.

357 1970 521 2017 ἕκαστος
545 1964 695 2009 αὐτόθι
722 1969 741 2008 ι’
751 1981 902 2008 στατα
915 1968 955 2019 ι]

300 2026 453 2066 ι’σταται
476 2027 641 2078 plerique
659 2026 741 2064 libri
760 2030 797 2063 et
813 2027 956 2076 optimi.

301 2082 370 2120 Alii
413 2083 502 2137 ἱστᾷ
533 2084 646 2120 verbo
677 2083 816 2129 activo,
857 2082 958 2131 quod

301 2140 501 2177 invenimus
520 2139 568 2185 II,
588 2141 653 2180 86.
676 2139 738 2186 IV,
763 2140 842 2180 103
863 2139 960 2175 aliis-

302 2209 374 2244 que
396 2197 434 2232 in
453 2195 560 2241 locis,
592 2208 683 2244 quos
699 2195 836 2232 indicat
851 2195 959 2232 lVes-

304 2251 489 2300 selingius.
549 2251 732 2294 Quoniam
760 2264 845 2287 vero
872 2252 906 2287 h.
934 2251 957 2288 l.

302 2307 422 2356 agitur
442 2307 490 2344 de
510 2310 639 2353 statua,
651 2319 759 2356 quam
776 2307 954 2356 sibiquis-

304 2376 368 2413 que
384 2365 486 2413 ponit
501 2362 737 2412 ponendamve
755 2367 870 2410 curat,
897 2376 956 2400 sa·-

302 2421 348 2457 tis
390 2419 531 2456 videtur
572 2422 670 2455 tutus
706 2419 815 2456 medii
854 2419 956 2455 verbi

303 2489 402 2513 usus.

361 2526 570 2578 διεξιόντες
588 2527 655 2569 dic}
677 2527 848 2580 πασέων]
868 2529 952 2566 Imi-

303 2591 401 2625 tatus
421 2592 475 2624 est
505 2587 597 2624 hanc
620 2587 836 2624 locutionem
858 2586 954 2623 Pau-

305 2645 425 2681 sanias
457 2643 530 2689 lX,
563 2647 614 2684 27
647 2641 683 2693 ᾖ.
711 2643 758 2689 5,
788 2643 850 2679 ubi
880 2643 953 2680 vid.

303 2699 438 2737 Siebel.
497 2699 556 2737 De
582 2699 662 2748 ipso
687 2699 798 2736 verbo
818 2697 956 2746 διεξιέ-

305 2770 372 2794 ναι
391 2756 485 2792 conf.
512 2754 547 2802 I,
574 2757 652 2796 196
671 2755 757 2804 1b1q
777 2759 853 2792 not.
896 2754 955 2791 Ad

305 2809 463 2851 πασέων
501 2784 640 2879 suppl
656 2813 734 2850 τῶν
771 2806 954 2850 εἰκόνων.

305 2868 363 2905 Ad
383 2881 484 2917 seqq.
500 2866 572 2913 ἕως
592 2861 640 2906 οὗ
654 2862 847 2914 ἀπέδεξαν
858 2869 953 2905 conf.

305 2923 484 2962 Matthiae
515 2924 579 2961 Gr.
615 2924 679 2961 Gr.
713 2936 800 2975 pag.
833 2926 952 2966 1009.

1025 1631 1144 1667 Struv.
1184 1642 1280 1680 spec.
1323 1632 1464 1678 quaest.
1504 1628 1551 1666 de
1591 1626 1675 1665 dial.

1024 1686 1164 1724 Herod.
1189 1698 1274 1736 pag.
1299 1685 1363 1727 43.
1396 1685 1451 1726 44
1481 1685 1511 1722 si
1538 1685 1678 1732 audias,

1024 1743 1251 1780 scribendum
1270 1743 1336 1780 erit
1356 1740 1395 1789 ἒς
1416 1739 1439 1781 ὃ
1451 1773 1461 1789 ,
1493 1741 1592 1791 quod
1611 1752 1679 1791 per

1022 1799 1186 1836 librarios
1205 1799 1348 1849 saepius
1380 1799 1679 1835 transformatum

1024 1856 1062 1892 in
1083 1855 1122 1902 ές
1144 1849 1193 1894 οὗ
1223 1856 1373 1893 tandem
1404 1855 1514 1893 etiam
1545 1855 1583 1891 in
1605 1852 1678 1900 ἕως

1027 1907 1076 1952 οὗ
1099 1912 1238 1950 abierit.

1082 1967 1149 2007 καὶ
1165 1963 1413 2020 α’ναδήσαντι
1437 1966 1476 2015 ἒς
1493 1989 1549 1996 -
1566 1964 1676 2018 θεὸν]

1024 2024 1155 2063 Monet
1168 2025 1340 2063 Valcken.
1353 2020 1552 2076 οἷναδῆσαι
1563 2023 1678 2073 (ἑωυ-

1026 2079 1116 2131 τὸν)
1145 2081 1184 2128 ές
1204 2079 1304 2121 θεόν
1330 2082 1428 2119 idem
1459 2095 1540 2120 esse
1565 2086 1679 2131 atque

1026 2135 1070 2178 τό
1107 2137 1220 2190 γένος
1252 2138 1308 2185 εἰς
1339 2135 1440 2177 θεόν
1461 2133 1677 2187 ἀναφέρειν

1027 2196 1069 2244 (i.
1092 2209 1124 2233 e.
1143 2197 1329 2244 originem,
1358 2197 1498 2244 stirpem
1520 2194 1677 2231 addeum

1026 2251 1153 2301 referre
1178 2266 1204 2288 s.
1240 2265 1264 2288 a
1293 2251 1354 2288 deo
1383 2252 1572 2300 repetere),
1601 2250 1677 2287 sive

1023 2309 1155 2355 etiam,
1188 2309 1322 2344 omissa
1339 2320 1427 2344 voce
1447 2305 1572 2359 γένος,
1585 2301 1678 2345 ἅνα-

1025 2361 1163 2413 φέοειν
1182 2363 1237 2410 εἰς
1260 2358 1373 2401 θεόν.
1412 2363 1483 2400 Cui
1511 2363 1677 2413 proxime

1023 2419 1196 2456 accedere
1222 2420 1272 2456 ait
1301 2414 1461 2468 αναψαι
1493 2416 1535 2458 τὸ
1561 2417 1676 2471 γένος

1024 2475 1080 2521 εἰς
1091 2475 1196 2513 Δία’
1188 2488 1225 2512 ln
1245 2475 1452 2513 Philostrat.
1474 2477 1538 2516 vit.
1556 2475 1674 2526 Apoll.

1018 2530 1057 2579 I,
1086 2531 1126 2571 4.

1079 2587 1264 2639 Πίρωμιν
1278 2586 1320 2626 ἔκ
1334 2582 1543 2638 Πιρώμιος
1564 2582 1673 2639 γενό-

1023 2657 1143 2694 μενον
1161 2658 1194 2681 κ.
1213 2659 1242 2682 τ.
1262 2643 1310 2694 λ.]
1335 2644 1393 2682 De
1412 2645 1480 2681 hoc
1496 2645 1575 2681 loco
1597 2657 1675 2681 mo-

1023 2700 1103 2736 nuit
1133 2700 1304 2738 Creuzer.
1341 2713 1469 2737 comm.
1509 2700 1673 2737 Herodd.

1022 2769 1107 2806 pag.
1129 2758 1229 2797 203:
1269 2757 1418 2803 „Quod
1444 2756 1674 2793 lablonskius

1022 2811 1197 2862 (prolegg
1200 2813 1276 2849 ,ad
1297 2812 1427 2849 Panth.
1445 2826 1480 2862 p.
1500 2814 1554 2853 38
1571 2812 1675 2849 item-

1022 2881 1092 2917 que
1117 2868 1155 2904 in
1179 2881 1275 2905 voce.
1298 2869 1404 2917 Aega
1379 2882 1471 2918 „.p.
1485 2868 1586 2916 204)
1606 2867 1676 2905 Pi-

1022 2926 1125 2962 remei
1141 2925 1162 2961 i.
1177 2938 1207 2963 e.
1220 2924 1415 2975 facientem
1436 2924 1526 2976 quod
1543 2926 1674 2962 iustum
