1777 3324
174 285 258 322 916
649 280 1239 320 EXCURSUSIX

593 724 1153 773 EXCURSUS
1217 727 1285 772 IX

398 840 520 877 AD
605 839 1211 877 HERODo’r.
1287 840 1476 886 n,141.

236 1043 314 1084 Ad
342 1040 508 1084 verba.-
545 1036 862 1094 Σαναχάριβον
899 1041 1079 1094 βασιλέα
1115 1037 1328 1096 Ἀραβίων
1367 1056 1411 1084 τε
1439 1039 1512 1083 καὶ
1545 1037 1697 1081 ’Λσσυ-

549 1108 658 1161 ρίων
683 1123 721 1149 κ.
757 1123 790 1149 τ.
821 1111 859 1149 λ.

294 1200 545 1252 Expeditionis
580 1213 602 1237 a
641 1200 890 1238 Sanacharibo
927 1200 1157 1250 Assyriorum
1201 1215 1289 1251 rege
1329 1206 1521 1253 susceptae
1553 1202 1698 1252 praeter

182 1272 378 1322 Iosephum
403 1267 632 1317 archaeolog.
668 1269 724 1316 X,
748 1272 767 1310 1
801 1267 838 1320 ἓ.
860 1269 886 1310 4
917 1270 1079 1307 meminit
1112 1283 1259 1320 quoque
1289 1270 1448 1318 Iesaias,
1499 1271 1561 1320 qui
1589 1269 1699 1318 vulgo

184 1341 314 1378 dicitur
344 1351 423 1389 cap.
442 1337 604 1374 XXXVI
624 1341 660 1374 et
683 1351 757 1386 seq.
771 1366 781 1385 ,
812 1338 873 1374 ubi
895 1342 1017 1375 tamen
1038 1337 1230 1389 Aegyptus
1259 1338 1356 1375 haud
1385 1341 1700 1384 commemoratur,

183 1408 251 1445 sed
275 1407 411 1443 Iudaea
439 1410 605 1452 tantum,
644 1418 737 1454 quae
762 1419 961 1455 sanequam
993 1407 1175 1443 Iudaicum
1203 1407 1390 1444 hominum
1420 1407 1537 1456 magis
1567 1406 1698 1443 adver-

183 1480 262 1515 tere
281 1478 438 1525 poterat.
496 1472 594 1511 Nam
615 1473 904 1521 Sanacharibus,
935 1475 998 1524 qui
1019 1473 1229 1525 Aegyptum
1257 1475 1402 1524 quidem
1429 1474 1577 1525 petiisse
1598 1474 1700 1510 vide-

184 1548 259 1590 tur,
288 1543 356 1580 hac
382 1543 419 1578 in
440 1540 669 1592 expeditione
694 1554 738 1579 eo
769 1542 886 1579 minus
913 1543 1115 1593 praeterire
1139 1544 1258 1593 potuit
1286 1543 1483 1590 Iudaeam,
1513 1555 1585 1592 quo
1615 1553 1700 1590 gra-

186 1613 264 1649 vius
299 1624 342 1648 ae
374 1610 552 1647 difficilius
583 1613 660 1647 erat
696 1609 904 1661 Aegyptum
940 1611 1111 1662 petenti,
1161 1610 1343 1648 Iudaicam
1374 1615 1507 1649 terram
1539 1610 1699 1658 Assyriis

186 1680 366 1718 infensam
391 1678 594 1728 relinquere
629 1678 726 1715 haud
754 1679 938 1716 domitam.
988 1679 1064 1716 Sed
1091 1679 1324 1726 Herodotus,
1356 1680 1419 1729 qui
1446 1680 1495 1717 ad
1523 1691 1700 1716 summam

188 1748 285 1796 regis
310 1747 578 1797 expeditionem
606 1747 764 1797 respexit
796 1747 969 1797 solosque
1001 1746 1204 1797 Aegyptios
1231 1749 1441 1787 sacerdotes
1470 1749 1517 1786 de
1537 1760 1580 1786 ea
1603 1748 1700 1784 refe-

190 1821 314 1855 rentes
351 1815 492 1861 audiit,
543 1815 590 1852 de
620 1814 756 1852 Iudaea
787 1818 909 1862 tacet,
957 1814 1056 1851 cuius
1092 1818 1211 1853 terrae
1240 1816 1462 1854 accuratiore
1493 1815 1701 1865 cognitione

191 1885 337 1921 omnino
373 1883 569 1920 destitutus
606 1883 716 1921 fuisse
748 1883 901 1920 videtur.
968 1882 1061 1918 Illud
1099 1888 1219 1922 autem
1255 1884 1402 1922 minime
1438 1883 1606 1920 dubium:
1652 1882 1700 1919 de

191 1965 262 1988 una
292 1952 494 1999 eademque
531 1952 764 2001 expeditione
799 1955 836 1988 et
867 1951 1097 1989 Herodotum
1126 1954 1162 1988 et
1192 1951 1376 1989 Iudaicum
1405 1952 1615 2001 scriptorem
1643 1962 1702 1987 re-

191 2022 307 2065 ferre3
354 2019 415 2068 qui
439 2031 660 2067 quamquam
694 2019 731 2055 in
765 2018 913 2068 singulis
951 2019 1167 2068 quibusdam
1205 2020 1446 2067 dissentiunt,
1494 2019 1532 2055 in
1564 2029 1702 2054 summa

192 2089 269 2126 fere
286 2087 522 2133 conveniunt,
551 2099 630 2123 cum
653 2085 886 2136 Assyriorum
912 2100 1037 2134 regem
1065 2087 1215 2124 tradant
1244 2088 1292 2124 ad
1318 2086 1479 2137 Aegypti
1503 2086 1593 2124 fines
1614 2097 1701 2136 per-

194 2155 358 2198 venisse3
398 2166 490 2201 quos
523 2167 604 2190 cum
629 2153 762 2191 intrare
786 2154 914 2201 vellet,
963 2154 1123 2203 pernicie
1156 2155 1274 2192 subito
1312 2155 1494 2192 incidente
1532 2154 1701 2202 adeoque

195 2222 364 2260 divinitus
383 2220 541 2257 immissa
560 2234 684 2269 regem
710 2222 818 2258 ictum
844 2222 1014 2258 continuo
1045 2223 1246 2282 refugisse,
1283 2235 1418 2271 magna
1449 2225 1572 2271 strage
1598 2233 1702 2258 acce-

194 2295 272 2341 pta.
332 2289 443 2332 Quod
473 2289 679 2325 sacerdotes
712 2293 747 2325 et
780 2289 935 2326 Iudaeos
964 2294 1002 2326 et
1025 2289 1228 2340 Aegyptios
1256 2290 1388 2339 cupide
1419 2289 1613 2339 arripuisse
1640 2300 1700 2325 ar-

197 2357 348 2394 bitratur
377 2353 557 2392 Gesenius
584 2355 633 2391 ad
658 2354 796 2392 Iesaiae
823 2355 939 2392 locum
969 2356 1081 2406 (pag.
1100 2359 1192 2397 937.
1215 2358 1295 2397 973
1323 2357 1446 2405 seqq.)
1476 2356 1701 2405 celeremque
1774 2392 1776 2400 Α

162 2432 164 2434 ’
196 2422 335 2472 Assyrii
359 2423 456 2470 regis
479 2422 604 2470 fugam
632 2422 700 2457 diis
728 2422 965 2472 adscripsisse
984 2428 1269 2473 portentumque
1291 2424 1533 2474 praedicasse.
1571 2422 1702 2473 Itaque
1774 2430 1775 2456 ἐ

197 2504 219 2528 a
241 2503 325 2528 vero
355 2490 509 2527 maxime
535 2490 729 2527 abhorrere
752 2489 936 2536 videntur,
969 2490 1031 2539 qui
1052 2491 1249 2528 Sethonem
1276 2491 1456 2528 Herodoti
1482 2504 1549 2541 pro
1569 2491 1702 2529 Hiskia
1773 2485 1775 2491 ¹

198 2562 235 2595 et
255 2557 454 2594 Vulcanum
475 2555 719 2607 Aegyptium,
759 2556 857 2593 cuius
894 2559 1064 2595 sacerdos
1091 2559 1159 2595 fuit
1187 2559 1322 2605 setho,
1360 2571 1428 2608 pro
1449 2558 1584 2596 Iehova
1608 2559 1702 2597 acci·
1770 2583 1772 2606 2

197 2625 312 2676 piant.
370 2624 452 2661 vid.
482 2625 683 2662 Gesenium
709 2624 730 2661 l.
759 2623 802 2670 l.,
842 2625 905 2674 qui
933 2625 1011 2675 ipse
1038 2625 1127 2663 haec
1156 2627 1298 2662 statuit:
1347 2625 1461 2673 „Auf
1479 2627 1592 2675 jeden
1620 2626 1702 2664 Fall
1768 2623 1771 2663 s

197 2692 316 2730 haben
352 2692 415 2728 wir
448 2691 523 2730 hier
557 2692 646 2730 zwei
674 2691 908 2729 verschieden
940 2693 1189 2742 ausgebildete
1227 2693 1702 2742 mythisch-traditionelle
1767 2729 1770 2743 Y

198 2759 462 2805 Nachriehten‚
491 2760 551 2797 die
576 2772 647 2797 von
673 2760 789 2797 einem
815 2759 1112 2808 geschichtlichen
1132 2760 1276 2799 Punkte
1296 2759 1502 2809 ausgehen‚
1531 2761 1600 2798 wie
1627 2760 1701 2798 sich
1766 2758 1769 2814 χ’

199 2827 291 2864 noch
318 2827 469 2865 manche
501 2828 638 2865 andere
666 2826 930 2874 Bemiihungen
963 2826 1084 2864 dieser
1109 2826 1175 2865 Art
1203 2828 1240 2864 in
1277 2827 1344 2864 der
1368 2827 1702 2877 Sagengeschichte

201 2895 266 2932 der
284 2894 389 2932 Bibel
404 2894 479 2931 und
503 2895 568 2932 der
586 2892 779 2932 Klassiker
801 2893 963 2931 finden.“
1019 2893 1099 2932 Nee
1124 2895 1278 2933 certiora
1308 2895 1355 2932 de
1383 2893 1437 2931 his
1465 2895 1702 2944 pronuntiare
1763 2895 1766 2914 ⁷
