1805 3315
355 246 412 285 80
763 239 1230 280 HERODOTI

358 353 465 405 „naz
486 353 646 395 Βίτωνι
662 384 673 403 ,
702 356 816 395 τοῖσι
844 351 1007 406 ἑωυτῆς
1033 348 1236 399 τέκνοισι,
1267 348 1315 391 οἴ
1340 363 1416 402 μιν
1446 344 1649 401 ἐτίμησαν

358 430 610 486 ,,μεγα’λως,
660 433 817 474 δοῦναι
861 430 940 486 τήν
991 427 1101 471 θεὸν
1147 427 1197 470 τὸ
1247 424 1469 483 α’νθρώπῳ
1506 429 1650 480 τυχεῖν

335 518 383 563 8,,
397 510 573 565 ἄριστόν
616 510 716 553 ἐστι.
763 508 868 565 μετὰ
897 508 1061 563 ταύτην
1092 507 1137 551 δὲ
1168 507 1247 563 τὴν
1276 504 1427 562 εὐχὴν,
1461 504 1518 555 ὥς
1549 504 1695 547 {av-80

361 589 476 642 „adv
504 605 549 632 τε
577 589 651 632 καὶ
680 587 988 644 εὐωχήθησαν,
1030 585 1421 642 κατακοιμηθέντες
1452 584 1499 627 έν
1531 581 1649 640 αὐτῷ

359 672 454 726 »τῷ
485 670 566 724 ἱρῷ
597 670 638 712 οἱ
667 669 861 723 νεηνίαι,
894 665 1040 709 οὐκέτι
1065 664 1315 721 ἀνέστησαν,
1347 661 1436 707 ἀλλ’
1466 663 1512 706 ἐν
1540 661 1650 705 τέλει

335 746 534 804 9,,τούτῳ
564 747 749 802 ἔσχοντο.
803 743 989 800 Ἀργεῖοι
1020 745 1066 788 δέ
1098 757 1245 800 σφεων
1275 742 1445 793 εἰκόνας
1473 741 1650 797 ποιησά-

359 842 545 882 ,,μενοι,
578 823 793 868 ἀνέθεσαν
817 824 860 875 ές
892 822 1118 878 Δελφοὺς,
1158 820 1218 874 ὥς
1254 821 1431 877 ἀνδρῶν
1461 819 1650 876 ἀρίστων

360 903 681 961 ,,γενομένων.“

246 984 311 1029 32
472 982 633 1026 Σόλων
661 981 740 1039 μὲν
769 980 815 1024 δὲ
836 977 1116 1035 εὐδαιμονίης
1147 981 1365 1034 δευτερεῖα
1395 979 1517 1035 ἔνεμε
1552 979 1696 1022 τού-85

36 1049 149 1078 Rerum
166 1057 244 1084 quae
261 1048 314 1075 ho-

36 1085 109 1111 mini
127 1083 263 1111 accidant
282 1084 314 1109 ia
357 1074 483 1108 τοισι.
513 1065 709 1118 Κροῖσος
730 1060 776 1104 δὲ
794 1059 1031 1115 σπερχθεὶς,
1064 1056 1176 1102 εἷπε·
1207 1053 1282 1110 »Ὦ
1305 1060 1412 1110 ξεῖνε
1428 1056 1649 1114 Ἀθηναῖε,

37 1118 101 1144 vita
159 1118 314 1144 maximam

37 1154 312 1178 esnevarietatem
358 1141 422 1199 ,,ἡ
453 1143 499 1187 δὲ
527 1140 711 1199 ἡμετέρη
750 1137 1006 1195 εὐδαιμονίη
1046 1137 1162 1181 οὕτω
1201 1153 1270 1181 τοι
1307 1136 1572 1193 ἅπέῤῥιπται
1608 1137 1653 1189 ἐς

35 1185 157 1212 beatum
167 1186 313 1212 neminem

37 1227 123 1253 ‘m’
167 1219 223 1245 ¹¹³³*
259 1218 311 1252 qui
393 1221 443 1266 τὸ
495 1222 654 1278 μηδὲν,
708 1218 817 1264 ὥστε
864 1216 969 1261 οὐδὲ
1019 1215 1227 1261 ἰδιωτέων
1279 1215 1457 1273 ἀνδρῶν
1503 1215 1653 1270 ἀξίους

36 1256 185 1288 perpetua
213 1251 311 1291 felici·
356 1255 381 1274 9’

39 1290 103 1313 tate
123 1294 204 1319 unus,
223 1291 317 1312 vitam

36 1319 155 1355 placide
172 1318 297 1348 finierit.

372 1412 454 1457 ἀλλ’
477 1415 519 1457 ἐν
544 1414 676 1456 τέλει
695 1412 821 1469 τούτῳ
840 1413 969 1466 ἔσχον-

315 1479 374 1522 το]
407 1476 428 1511 ἰ.
452 1488 483 1512 e.
514 1474 613 1521 „hoc
642 1476 738 1511 vitae
761 1475 859 1509 exitu
889 1475 970 1508 sunt

309 1533 522 1584 persumtif‘
552 1531 699 1568 Laudat
728 1529 791 1566 Cr.
816 1529 971 1565 adhaec

315 1589 517 1626 Philemon.
536 1586 630 1625 Lex.
656 1587 722 1622 Gr.
748 1599 786 1635 p.
809 1585 863 1626 94
883 1597 968 1633 sqq.

316 1650 353 1682 et
373 1645 421 1681 ad
442 1645 648 1680 universam
667 1642 887 1679 sententiam
909 1654 972 1677 ve-

314 1706 504 1749 terumque
531 1700 578 1737 de
600 1703 717 1736 morte
745 1711 787 1734 ac
814 1698 886 1734 vita
914 1697 972 1732 iu-

317 1757 466 1794 diciiun:
495 1755 636 1792 Platon.
659 1754 809 1793 Lachet.
828 1767 864 1804 p.
878 1752 972 1799 195,

316 1813 351 1851 D
381 1826 464 1862 sqq.
497 1813 616 1861 Gorg.
642 1825 679 1861 p.
706 1809 861 1857 512,A
891 1809 971 1846 coll.

317 1869 458 1906 Criton.
486 1882 515 1906 c.
540 1871 592 1910 16
615 1881 692 1917 seq.
711 1881 751 1918 p.
782 1865 850 1915 54,
865 1865 909 1903 B.
926 1865 970 1903 C.

372 1975 541 2032 Ἀργεῖοι
573 1977 617 2018 δέ
645 1990 780 2027 σφεων
811 1972 971 2024 εἰκόνας

316 2051 353 2076 κ.
369 2051 401 2075 τ.
426 2038 483 2081 λ.]
513 2036 572 2073 De
597 2035 863 2084 significatione
892 2047 970 2071 me-

317 2093 369 2130 dii
383 2093 484 2130 verbi
509 2095 718 2131 ποιεῐσθαι
736 2090 967 2141 (faciendum

317 2150 461 2197 curare)
479 2149 538 2185 vix
555 2153 611 2185 est
627 2147 729 2196 quod
746 2159 968 2184 moneamus.

317 2206 379 2243 Cf.
400 2204 533 2242 Matth.
571 2202 609 2254 δ.
637 2204 740 2249 492,
771 2217 790 2240 c
828 2217 864 2252 p.
887 2203 969 2244 925

317 2267 355 2298 et
376 2265 467 2297 nott.
494 2261 542 2296 ad
564 2260 617 2307 Π,
640 2262 730 2300 127.
759 2258 873 2296 Addit
903 2259 967 2296 Cr.

317 2317 464 2354 Ernesti
494 2317 542 2352 ad
584 2315 728 2352 Callim.
774 2315 895 2363 hymn.
932 2315 970 2351 in

319 2373 515 2419 Cerer.26,
524 2372 613 2410 haec
623 2383 768 2420 quoque
777 2371 970 2417 adnotans,

319 2428 385 2465 has
412 2429 590 2476 imagines
615 2428 774 2464 tebenno
804 2425 969 2477 (τηβέν-

317 2499 395 2538 νῳ,
415 2486 513 2534 quod
531 2483 735 2521 vestimenti
755 2496 870 2531 genus
888 2495 970 2520 esse

315 2542 489 2589 constat)
519 2541 663 2576 indutas
699 2540 834 2585 fuisse,
874 2543 970 2576 teste

317 2597 453 2634 Polluc.
477 2596 566 2642 VII,
593 2598 643 2636 61
675 2594 753 2631 coll.
782 2595 971 2642 Heringae

318 2653 433 2690 Obss.
460 2652 557 2690 c.111
583 2665 619 2702 p.
640 2654 706 2692 29.
728 2652 782 2691 30
810 2655 847 2688 et
874 2650 970 2687 Pau-

318 2721 398 2745 san.
416 2708 475 2756 ΙΙ,
507 2711 582 2755 20,
613 2708 674 2756 qui
693 2711 828 2753 narrat,
859 2706 969 2743 Cleo-

318 2765 392 2802 him
412 2770 449 2802 et
469 2765 658 2810 Bitonem,
687 2762 797 2811 Argis
817 2763 853 2799 in
877 2767 968 2800 tem-

318 2821 381 2871 plo
405 2820 583 2870 Apollinis
598 2819 701 2868 Lycii
719 2819 756 2854 in
788 2832 968 2856 marmore

319 2876 516 2925 exhibitos,
546 2880 697 2915 matrem
714 2875 900 2921 vehentes,
922 2876 968 2912 ‹le

1039 1427 1113 1463 quo
1133 1413 1270 1451 consul.
1291 1413 1471 1463 Bottiger.
1490 1413 1696 1462 Kunstmy-

1038 1471 1125 1507 thol.
1161 1472 1196 1507 d.
1224 1471 1314 1507 luno
1346 1483 1383 1520 p.
1417 1471 1511 1511 132.
1552 1471 1696 1507 Bitonis

1038 1531 1180 1563 taurum
1217 1527 1378 1564 humeris
1406 1527 1586 1575 gestantis
1619 1531 1696 1563 sta-

1037 1588 1137 1620 tuam
1167 1584 1204 1620 in
1232 1584 1362 1621 eodem
1396 1583 1573 1632 Apollinis
1602 1586 1697 1620 tem-

1038 1640 1099 1689 plo
1139 1652 1250 1689 supra
1290 1640 1363 1676 iam
1415 1639 1696 1676 memoravimus

1038 1708 1112 1732 una
1141 1709 1223 1733 cum
1251 1695 1485 1734 celeberrimo
1514 1696 1697 1747 epigram-

1038 1756 1149 1790 mate.

1214 1864 1324 1916 Cap.
1355 1862 1511 1902 xxxn.

1094 1945 1231 1988 Σόλων
1261 1946 1333 2000 μὲν
1356 1944 1399 1988 δὲ
1420 1968 1477 1975 —-
1504 1942 1697 1994 τούτοισι]

1037 2005 1061 2042 i.
1080 2019 1110 2042 e.
1139 2005 1346 2052 „secundas
1369 2004 1565 2055 felicitatis
1576 2007 1699 2055 partes

1038 2062 1093 2098 his
1115 2063 1279 2098 tribuitf‘
1309 2061 1430 2099 Dictio
1459 2061 1601 2099 redolet
1620 2074 1698 2098 eer-

1035 2119 1173 2156 tamina
1200 2118 1427 2156 Graecorum
1446 2117 1616 2166 gymnica
1642 2116 1699 2154 lu-

1037 2176 1179 2224 dosque
1190 2204 1200 2222 ,
1230 2175 1292 2211 ubi
1308 2175 1398 2211 haec
1410 2175 1522 2211 verba
1537 2173 1699 2224 plerum—

1037 2244 1108 2280 que
1141 2231 1188 2268 de
1219 2231 1394 2267 iudicibus
1414 2244 1443 2267 s.
1463 2230 1698 2279 agonothetis

1037 2292 1249 2333 occurrunt,
1289 2287 1349 2336 qui
1375 2288 1532 2337 primas,
1569 2299 1699 2324 seeun-

1038 2344 1104 2380 das
1134 2343 1342 2381 decernunt.

1092 2427 1122 2476 ἦ
1140 2423 1182 2464 δὲ
1197 2424 1367 2477 ἡμετέρη
1388 2422 1622 2478 εὕδαιμονίη
1641 2448 1697 2456 --

1038 2479 1177 2533 μηδὲν]
1208 2483 1230 2519 i.
1249 2496 1279 2520 e.
1297 2487 1418 2520 nostra
1427 2482 1595 2533 felicitas
1612 2483 1699 2520 adeo

1036 2539 1098 2575 abs
1121 2541 1154 2574 te
1174 2540 1212 2574 z'n
1236 2539 1384 2575 nihilum
1407 2541 1598 2588 proiicz'tur
1622 2540 1644 2576 i.
1664 2552 1696 2576 e.

1035 2594 1143 2631 m‘hz‘lz'
1188 2597 1419 2640 aestimatur,
1474 2595 1573 2632 nullo
1624 2595 1698 2632 loco

1036 2654 1202 2687 censetur.
1234 2651 1309 2687 Ubi
1333 2651 1511 2701 particula
1531 2650 1574 2690 δὲ
1593 2652 1697 2689 initio

1036 2707 1212 2744 sermonis
1248 2719 1323 2743 non
1346 2707 1610 2745 adversativam
1639 2721 1698 2746 re-

1035 2763 1126 2799 tinet
1164 2763 1257 2809 vim,
1298 2763 1365 2800 sed
1402 2768 1514 2813 auget
1542 2765 1613 2802 vim
1641 2765 1698 2800 in-

1034 2819 1292 2867 terrogationis
1306 2848 1316 2865 ‚
1357 2831 1465 2867 quam
1503 2834 1566 2858 rex
1601 2821 1697 2857 indi-

1035 2875 1252 2924 gnabundus
1278 2875 1362 2912 edit.

1800 2231 1805 2346 i

1800 2375 1803 2398 1
