<?xml version="1.0" encoding="UTF-8"?>
<!DOCTYPE html PUBLIC "-//W3C//DTD XHTML 1.0 Transitional//EN"
    "http://www.w3.org/TR/xhtml1/DTD/xhtml1-transitional.dtd">
<html xmlns="http://www.w3.org/1999/xhtml" xml:lang="en" lang="en">
 <head>
  <title>
</title>
<meta http-equiv="Content-Type" content="text/html;charset=utf-8" />
  <meta name='ocr-system' content='tesseract 3.04.00' />
  <meta name='ocr-capabilities' content='ocr_page ocr_carea ocr_par ocr_line ocrx_word'/>
</head>
<body>
  <div class='ocr_page' id='page_1' title='image "./musaeher01hero_0169.png"; bbox 0 0 1814 3315; ppageno 0'>
   <div class='ocr_carea' id='block_1_1' title="bbox 628 228 927 268">
    <p class='ocr_par' dir='ltr' id='par_1_1' title="bbox 628 228 927 268">
     <span class='ocr_line' id='line_1_1' title="bbox 628 228 927 268; baseline -0.003 -1"><span class='ocrx_word' id='word_1_1' title='bbox 628 228 841 268; x_wconf 91' lang='lat' dir='ltr'>CLlO.</span> <span class='ocrx_word' id='word_1_2' title='bbox 901 229 927 266; x_wconf 91' lang='grc' dir='ltr'>Ι.</span> 
     </span>
    </p>
   </div>
   <div class='ocr_carea' id='block_1_2' title="bbox 1332 234 1415 274">
    <p class='ocr_par' dir='ltr' id='par_1_2' title="bbox 1332 234 1415 274">
     <span class='ocr_line' id='line_1_2' title="bbox 1332 234 1415 274; baseline 0 -1"><span class='ocrx_word' id='word_1_3' title='bbox 1332 234 1415 274; x_wconf 82' lang='lat'>155</span> 
     </span>
    </p>
   </div>
   <div class='ocr_carea' id='block_1_3' title="bbox 155 336 1414 396">
    <p class='ocr_par' dir='ltr' id='par_1_3' title="bbox 155 336 1414 396">
     <span class='ocr_line' id='line_1_3' title="bbox 155 336 1414 396; baseline -0.002 -9"><span class='ocrx_word' id='word_1_4' title='bbox 155 341 276 394; x_wconf 85' lang='grc' dir='ltr'><strong><em>ὀντες</em></strong></span> <span class='ocrx_word' id='word_1_5' title='bbox 303 338 582 385; x_wconf 84' lang='grc' dir='ltr'><strong><em>α’πικνέονται</em></strong></span> <span class='ocrx_word' id='word_1_6' title='bbox 611 336 682 381; x_wconf 75' lang='grc' dir='ltr'>ἐπὶ</span> <span class='ocrx_word' id='word_1_7' title='bbox 719 339 996 394; x_wconf 79' lang='grc' dir='ltr'><strong><em>Παλληνίδος</em></strong></span> <span class='ocrx_word' id='word_1_8' title='bbox 1032 336 1263 396; x_wconf 80' lang='grc' dir='ltr'>Ἀθηναίης</span> <span class='ocrx_word' id='word_1_9' title='bbox 1303 339 1414 396; x_wconf 79' lang='grc' dir='ltr'><strong><em>ῑρὸν,</em></strong></span> 
     </span>
    </p>
   </div>
   <div class='ocr_carea' id='block_1_4' title="bbox 125 415 1472 476">
    <p class='ocr_par' dir='ltr' id='par_1_4' title="bbox 125 415 1472 476">
     <span class='ocr_line' id='line_1_4' title="bbox 125 415 1472 476; baseline -0.003 -13"><span class='ocrx_word' id='word_1_10' title='bbox 125 422 226 465; x_wconf 82' lang='grc' dir='ltr'><strong><em>5καὶ</em></strong></span> <span class='ocrx_word' id='word_1_11' title='bbox 264 418 387 464; x_wconf 71' lang='grc' dir='ltr'><strong><em>ἀντία</em></strong></span> <span class='ocrx_word' id='word_1_12' title='bbox 425 418 578 461; x_wconf 73' lang='grc' dir='ltr'><strong><em>ἔθεντο</em></strong></span> <span class='ocrx_word' id='word_1_13' title='bbox 618 415 671 460; x_wconf 74' lang='grc' dir='ltr'>τοὶ</span> <span class='ocrx_word' id='word_1_14' title='bbox 712 415 836 462; x_wconf 83' lang='grc' dir='ltr'><em>ὅπλα.</em></span> <span class='ocrx_word' id='word_1_15' title='bbox 895 417 1089 462; x_wconf 77' lang='grc' dir='ltr'><strong><em>ἐνθαῦτα</em></strong></span> <span class='ocrx_word' id='word_1_16' title='bbox 1123 420 1224 476; x_wconf 78' lang='grc' dir='ltr'><strong><em>θείῃ</em></strong></span> <span class='ocrx_word' id='word_1_17' title='bbox 1255 421 1409 476; x_wconf 82' lang='grc' dir='ltr'><em>πομπῇ</em></span> <span class='ocrx_word' id='word_1_18' title='bbox 1428 427 1472 461; x_wconf 79' lang='grc'>80</span> 
     </span>
    </p>
   </div>
   <div class='ocr_carea' id='block_1_5' title="bbox 150 495 1414 556">
    <p class='ocr_par' dir='ltr' id='par_1_5' title="bbox 150 495 1414 556">
     <span class='ocr_line' id='line_1_5' title="bbox 150 495 1414 556; baseline 0 -14"><span class='ocrx_word' id='word_1_19' title='bbox 150 497 386 556; x_wconf 82' lang='grc' dir='ltr'><strong><em>χρεώμενος</em></strong></span> <span class='ocrx_word' id='word_1_20' title='bbox 431 497 691 552; x_wconf 81' lang='grc' dir='ltr'><strong><em>παρίσταται</em></strong></span> <span class='ocrx_word' id='word_1_21' title='bbox 742 495 1042 555; x_wconf 77' lang='grc' dir='ltr'><em>Πεισιστράτῳ</em></span> <span class='ocrx_word' id='word_1_22' title='bbox 1089 496 1350 555; x_wconf 80' lang='grc' dir='ltr'><strong><em>Ἀμφίλυτος</em></strong></span> <span class='ocrx_word' id='word_1_23' title='bbox 1389 497 1414 542; x_wconf 88' lang='grc' dir='ltr'>ὁ</span> 
     </span>
    </p>
   </div>
   <div class='ocr_carea' id='block_1_6' title="bbox 97 608 366 616">
    <p class='ocr_par' dir='ltr' id='par_1_6' title="bbox 97 608 366 616">
     <span class='ocr_line' id='line_1_6' title="bbox 97 608 366 616; baseline 0 2699"><span class='ocrx_word' id='word_1_24' title='bbox 97 608 366 616; x_wconf 95' lang='lat' dir='ltr'> </span> 
     </span>
    </p>
   </div>
   <div class='ocr_carea' id='block_1_7' title="bbox 90 681 750 2147">
    <p class='ocr_par' dir='ltr' id='par_1_7' title="bbox 90 681 750 1809">
     <span class='ocr_line' id='line_1_7' title="bbox 94 681 747 733; baseline -0.002 -13"><span class='ocrx_word' id='word_1_25' title='bbox 94 686 158 731; x_wconf 77' lang='lat' dir='ltr'><em>iis,</em></span> <span class='ocrx_word' id='word_1_26' title='bbox 189 684 251 733; x_wconf 77' lang='lat' dir='ltr'>qui</span> <span class='ocrx_word' id='word_1_27' title='bbox 280 694 323 718; x_wconf 81' lang='lat' dir='ltr'>ex</span> <span class='ocrx_word' id='word_1_28' title='bbox 351 681 434 718; x_wconf 79' lang='lat' dir='ltr'>urbe</span> <span class='ocrx_word' id='word_1_29' title='bbox 460 681 595 718; x_wconf 75' lang='lat' dir='ltr'>obviam</span> <span class='ocrx_word' id='word_1_30' title='bbox 621 684 747 730; x_wconf 78' lang='lat' dir='ltr'>ierant,</span> 
     </span>
     <span class='ocr_line' id='line_1_8' title="bbox 94 738 746 777; baseline -0.002 0"><span class='ocrx_word' id='word_1_31' title='bbox 94 753 124 777; x_wconf 86' lang='lat' dir='ltr'>s.</span> <span class='ocrx_word' id='word_1_32' title='bbox 146 742 358 776; x_wconf 74' lang='lat' dir='ltr'>occurrentes</span> <span class='ocrx_word' id='word_1_33' title='bbox 388 738 499 775; x_wconf 74' lang='lat' dir='ltr'>euclem</span> <span class='ocrx_word' id='word_1_34' title='bbox 519 741 557 775; x_wconf 77' lang='lat' dir='ltr'>in</span> <span class='ocrx_word' id='word_1_35' title='bbox 584 738 658 776; x_wconf 88' lang='lat' dir='ltr'>loco</span> <span class='ocrx_word' id='word_1_36' title='bbox 681 744 746 776; x_wconf 87' lang='lat' dir='ltr'>etc.</span> 
     </span>
     <span class='ocr_line' id='line_1_9' title="bbox 93 796 749 847; baseline -0.002 -14"><span class='ocrx_word' id='word_1_37' title='bbox 93 796 393 842; x_wconf 81' lang='lat' dir='ltr'>Distinetionem‚</span> <span class='ocrx_word' id='word_1_38' title='bbox 432 807 526 843; x_wconf 84' lang='lat' dir='ltr'>quae</span> <span class='ocrx_word' id='word_1_39' title='bbox 550 796 634 833; x_wconf 86' lang='lat' dir='ltr'>olim</span> <span class='ocrx_word' id='word_1_40' title='bbox 662 800 749 847; x_wconf 87' lang='lat' dir='ltr'>post</span> 
     </span>
     <span class='ocr_line' id='line_1_10' title="bbox 93 847 747 900; baseline -0.003 -9"><span class='ocrx_word' id='word_1_41' title='bbox 93 847 297 899; x_wconf 82' lang='grc' dir='ltr'>συνιόντες</span> <span class='ocrx_word' id='word_1_42' title='bbox 343 852 612 900; x_wconf 80' lang='lat' dir='ltr'>inveniebatur,</span> <span class='ocrx_word' id='word_1_43' title='bbox 669 865 747 890; x_wconf 90' lang='lat' dir='ltr'>eum</span> 
     </span>
     <span class='ocr_line' id='line_1_11' title="bbox 94 905 747 960; baseline 0.002 -15"><span class='ocrx_word' id='word_1_44' title='bbox 94 909 212 946; x_wconf 87' lang='lat' dir='ltr'>Gaisf.</span> <span class='ocrx_word' id='word_1_45' title='bbox 257 908 447 960; x_wconf 85' lang='lat' dir='ltr'>posuimus</span> <span class='ocrx_word' id='word_1_46' title='bbox 504 912 591 958; x_wconf 84' lang='lat' dir='ltr'>post</span> <span class='ocrx_word' id='word_1_47' title='bbox 638 905 747 948; x_wconf 71' lang='grc' dir='ltr'><strong><em>ἄστυ.</em></strong></span> 
     </span>
     <span class='ocr_line' id='line_1_12' title="bbox 94 964 748 1015; baseline 0 -12"><span class='ocrx_word' id='word_1_48' title='bbox 94 965 189 1003; x_wconf 85' lang='lat' dir='ltr'>Cum</span> <span class='ocrx_word' id='word_1_49' title='bbox 220 978 294 1015; x_wconf 90' lang='lat' dir='ltr'>quo</span> <span class='ocrx_word' id='word_1_50' title='bbox 325 965 456 1002; x_wconf 85' lang='lat' dir='ltr'>eodem</span> <span class='ocrx_word' id='word_1_51' title='bbox 475 964 513 1001; x_wconf 92' lang='lat' dir='ltr'>in</span> <span class='ocrx_word' id='word_1_52' title='bbox 542 978 646 1014; x_wconf 85' lang='lat' dir='ltr'>seqq.</span> <span class='ocrx_word' id='word_1_53' title='bbox 682 967 748 1003; x_wconf 90' lang='lat' dir='ltr'>de-</span> 
     </span>
     <span class='ocr_line' id='line_1_13' title="bbox 94 1016 747 1062; baseline 0.002 -3"><span class='ocrx_word' id='word_1_54' title='bbox 94 1023 211 1059; x_wconf 86' lang='lat' dir='ltr'>dimus</span> <span class='ocrx_word' id='word_1_55' title='bbox 251 1016 510 1062; x_wconf 75' lang='grc' dir='ltr'><strong><em>ιῖπικνὲονται</em></strong></span> <span class='ocrx_word' id='word_1_56' title='bbox 541 1026 578 1059; x_wconf 87' lang='lat' dir='ltr'>et</span> <span class='ocrx_word' id='word_1_57' title='bbox 607 1021 747 1061; x_wconf 76' lang='grc' dir='ltr'><strong><em>ἔθεντο</em></strong></span> 
     </span>
     <span class='ocr_line' id='line_1_14' title="bbox 93 1077 749 1130; baseline 0 -15"><span class='ocrx_word' id='word_1_58' title='bbox 93 1092 161 1130; x_wconf 86' lang='lat' dir='ltr'>pro</span> <span class='ocrx_word' id='word_1_59' title='bbox 199 1091 266 1127; x_wconf 79' lang='lat' dir='ltr'>eo,</span> <span class='ocrx_word' id='word_1_60' title='bbox 304 1078 406 1128; x_wconf 93' lang='lat' dir='ltr'>quod</span> <span class='ocrx_word' id='word_1_61' title='bbox 441 1077 574 1114; x_wconf 79' lang='lat' dir='ltr'>Aldina</span> <span class='ocrx_word' id='word_1_62' title='bbox 604 1079 749 1116; x_wconf 86' lang='lat' dir='ltr'>exhibet</span> 
     </span>
     <span class='ocr_line' id='line_1_15' title="bbox 94 1130 749 1184; baseline -0.005 -10"><span class='ocrx_word' id='word_1_63' title='bbox 94 1130 321 1174; x_wconf 80' lang='grc' dir='ltr'><strong><em>οἷπικνέεται</em></strong></span> <span class='ocrx_word' id='word_1_64' title='bbox 351 1139 388 1172; x_wconf 92' lang='lat' dir='ltr'>et</span> <span class='ocrx_word' id='word_1_65' title='bbox 416 1133 550 1181; x_wconf 76' lang='grc' dir='ltr'><strong><em>ἔθετο,</em></strong></span> <span class='ocrx_word' id='word_1_66' title='bbox 576 1135 749 1184; x_wconf 88' lang='lat' dir='ltr'>quodque</span> 
     </span>
     <span class='ocr_line' id='line_1_16' title="bbox 93 1191 749 1242; baseline -0.002 -13"><span class='ocrx_word' id='word_1_67' title='bbox 93 1204 210 1242; x_wconf 81' lang='lat' dir='ltr'>nuper</span> <span class='ocrx_word' id='word_1_68' title='bbox 249 1191 415 1229; x_wconf 81' lang='lat' dir='ltr'><strong>defendit</strong></span> <span class='ocrx_word' id='word_1_69' title='bbox 450 1191 649 1228; x_wconf 83' lang='lat' dir='ltr'><strong>Hermann.</strong></span> <span class='ocrx_word' id='word_1_70' title='bbox 700 1191 749 1228; x_wconf 85' lang='lat' dir='ltr'>ad</span> 
     </span>
     <span class='ocr_line' id='line_1_17' title="bbox 92 1247 750 1299; baseline -0.002 -15"><span class='ocrx_word' id='word_1_71' title='bbox 92 1248 216 1296; x_wconf 86' lang='lat' dir='ltr'>Viger.</span> <span class='ocrx_word' id='word_1_72' title='bbox 250 1261 336 1299; x_wconf 87' lang='lat' dir='ltr'><strong>pag.</strong></span> <span class='ocrx_word' id='word_1_73' title='bbox 365 1250 470 1294; x_wconf 84' lang='lat'>700,</span> <span class='ocrx_word' id='word_1_74' title='bbox 518 1247 580 1296; x_wconf 90' lang='lat' dir='ltr'>qui</span> <span class='ocrx_word' id='word_1_75' title='bbox 620 1248 750 1284; x_wconf 86' lang='lat' dir='ltr'>distin-</span> 
     </span>
     <span class='ocr_line' id='line_1_18' title="bbox 92 1301 750 1355; baseline -0.002 -14"><span class='ocrx_word' id='word_1_76' title='bbox 92 1305 211 1342; x_wconf 88' lang='lat' dir='ltr'><strong>ctione</strong></span> <span class='ocrx_word' id='word_1_77' title='bbox 240 1309 326 1355; x_wconf 86' lang='lat' dir='ltr'>post</span> <span class='ocrx_word' id='word_1_78' title='bbox 352 1301 556 1350; x_wconf 84' lang='grc' dir='ltr'><strong><em>συνιόντες</em></strong></span> <span class='ocrx_word' id='word_1_79' title='bbox 570 1308 750 1351; x_wconf 76' lang='lat' dir='ltr'>revocata,</span> 
     </span>
     <span class='ocr_line' id='line_1_19' title="bbox 92 1355 748 1399; baseline 0.002 -1"><span class='ocrx_word' id='word_1_80' title='bbox 92 1362 142 1398; x_wconf 82' lang='lat' dir='ltr'>ad</span> <span class='ocrx_word' id='word_1_81' title='bbox 181 1361 293 1398; x_wconf 87' lang='lat' dir='ltr'>verba</span> <span class='ocrx_word' id='word_1_82' title='bbox 321 1355 548 1399; x_wconf 66' lang='grc' dir='ltr'><strong><em>ἀπικνέεται</em></strong></span> <span class='ocrx_word' id='word_1_83' title='bbox 576 1365 612 1397; x_wconf 88' lang='lat' dir='ltr'>et</span> <span class='ocrx_word' id='word_1_84' title='bbox 635 1359 748 1399; x_wconf 78' lang='grc' dir='ltr'><strong><em>ἔθετο</em></strong></span> 
     </span>
     <span class='ocr_line' id='line_1_20' title="bbox 91 1414 749 1468; baseline 0 -15"><span class='ocrx_word' id='word_1_85' title='bbox 91 1417 237 1468; x_wconf 83' lang='lat' dir='ltr'>supplet</span> <span class='ocrx_word' id='word_1_86' title='bbox 285 1414 306 1456; x_wconf 84' lang='grc' dir='ltr'>ὁ</span> <span class='ocrx_word' id='word_1_87' title='bbox 355 1416 649 1467; x_wconf 77' lang='grc' dir='ltr'><strong><em>Πεισίστρατος.</em></strong></span> <span class='ocrx_word' id='word_1_88' title='bbox 704 1416 749 1453; x_wconf 91' lang='lat' dir='ltr'>Id</span> 
     </span>
     <span class='ocr_line' id='line_1_21' title="bbox 92 1473 747 1524; baseline -0.002 -14"><span class='ocrx_word' id='word_1_89' title='bbox 92 1475 193 1523; x_wconf 92' lang='lat' dir='ltr'>quod</span> <span class='ocrx_word' id='word_1_90' title='bbox 232 1473 433 1524; x_wconf 84' lang='lat' dir='ltr'>speciosius</span> <span class='ocrx_word' id='word_1_91' title='bbox 481 1486 590 1523; x_wconf 84' lang='lat' dir='ltr'>quam</span> <span class='ocrx_word' id='word_1_92' title='bbox 628 1473 747 1510; x_wconf 86' lang='lat' dir='ltr'>verius</span> 
     </span>
     <span class='ocr_line' id='line_1_22' title="bbox 90 1527 748 1580; baseline 0.002 -13"><span class='ocrx_word' id='word_1_93' title='bbox 90 1531 243 1568; x_wconf 82' lang='lat' dir='ltr'>videtur.</span> <span class='ocrx_word' id='word_1_94' title='bbox 259 1530 367 1570; x_wconf 80' lang='grc' dir='ltr'>-οῑ</span> <span class='ocrx_word' id='word_1_95' title='bbox 383 1527 488 1580; x_wconf 66' lang='grc' dir='ltr'>ἀμφὶ</span> <span class='ocrx_word' id='word_1_96' title='bbox 515 1530 748 1580; x_wconf 85' lang='grc' dir='ltr'><strong><em>Πεισίστρα-</em></strong></span> 
     </span>
     <span class='ocr_line' id='line_1_23' title="bbox 90 1586 749 1636; baseline -0.006 -10"><span class='ocrx_word' id='word_1_97' title='bbox 90 1601 160 1626; x_wconf 92' lang='grc' dir='ltr'>τον</span> <span class='ocrx_word' id='word_1_98' title='bbox 178 1586 340 1635; x_wconf 88' lang='lat' dir='ltr'>intelligo</span> <span class='ocrx_word' id='word_1_99' title='bbox 376 1587 418 1624; x_wconf 82' lang='lat' dir='ltr'>de</span> <span class='ocrx_word' id='word_1_100' title='bbox 449 1586 642 1624; x_wconf 72' lang='lat' dir='ltr'>Pisistrato</span> <span class='ocrx_word' id='word_1_101' title='bbox 673 1589 749 1636; x_wconf 77' lang='lat' dir='ltr'>ipso</span> 
     </span>
     <span class='ocr_line' id='line_1_24' title="bbox 91 1643 746 1693; baseline 0 -13"><span class='ocrx_word' id='word_1_102' title='bbox 91 1656 162 1680; x_wconf 79' lang='lat' dir='ltr'>una</span> <span class='ocrx_word' id='word_1_103' title='bbox 187 1656 266 1680; x_wconf 83' lang='lat' dir='ltr'>cum</span> <span class='ocrx_word' id='word_1_104' title='bbox 292 1645 403 1693; x_wconf 79' lang='lat' dir='ltr'>ipsius</span> <span class='ocrx_word' id='word_1_105' title='bbox 433 1643 587 1680; x_wconf 73' lang='lat' dir='ltr'>asseclis.</span> <span class='ocrx_word' id='word_1_106' title='bbox 637 1644 746 1681; x_wconf 82' lang='lat' dir='ltr'>conf.</span> 
     </span>
     <span class='ocr_line' id='line_1_25' title="bbox 91 1699 743 1752; baseline 0 -15"><span class='ocrx_word' id='word_1_107' title='bbox 91 1699 223 1737; x_wconf 85' lang='lat' dir='ltr'>Matth.</span> <span class='ocrx_word' id='word_1_108' title='bbox 259 1700 325 1737; x_wconf 90' lang='lat' dir='ltr'>Gr.</span> <span class='ocrx_word' id='word_1_109' title='bbox 359 1701 424 1738; x_wconf 91' lang='lat' dir='ltr'>Gr.</span> <span class='ocrx_word' id='word_1_110' title='bbox 463 1699 500 1752; x_wconf 63' lang='grc' dir='ltr'>ἓ.</span> <span class='ocrx_word' id='word_1_111' title='bbox 527 1701 635 1748; x_wconf 83' lang='grc'>583,</span> <span class='ocrx_word' id='word_1_112' title='bbox 663 1713 693 1737; x_wconf 87' lang='lat' dir='ltr'>c.</span> <span class='ocrx_word' id='word_1_113' title='bbox 721 1702 743 1740; x_wconf 88' lang='lat'>1</span> 
     </span>
     <span class='ocr_line' id='line_1_26' title="bbox 91 1756 340 1809; baseline 0 -16"><span class='ocrx_word' id='word_1_114' title='bbox 91 1769 178 1809; x_wconf 84' lang='lat' dir='ltr'>pag.</span> <span class='ocrx_word' id='word_1_115' title='bbox 220 1756 340 1798; x_wconf 81' lang='lat'>1159.</span> 
     </span>
    </p>

    <p class='ocr_par' dir='ltr' id='par_1_8' title="bbox 91 1809 748 2147">
     <span class='ocr_line' id='line_1_27' title="bbox 149 1809 747 1863; baseline 0 -12"><span class='ocrx_word' id='word_1_116' title='bbox 149 1809 403 1852; x_wconf 70' lang='grc' dir='ltr'>ἀπικνέονται</span> <span class='ocrx_word' id='word_1_117' title='bbox 445 1811 511 1853; x_wconf 87' lang='grc' dir='ltr'><em>ε’πὶ</em></span> <span class='ocrx_word' id='word_1_118' title='bbox 548 1811 747 1863; x_wconf 79' lang='grc' dir='ltr'><strong><em>Παλληνί-</em></strong></span> 
     </span>
     <span class='ocr_line' id='line_1_28' title="bbox 93 1865 747 1922; baseline -0.005 -13"><span class='ocrx_word' id='word_1_119' title='bbox 93 1870 162 1917; x_wconf 84' lang='grc' dir='ltr'><strong><em>δος</em></strong></span> <span class='ocrx_word' id='word_1_120' title='bbox 193 1865 407 1921; x_wconf 80' lang='grc' dir='ltr'><strong><em>Ἀθηναίης</em></strong></span> <span class='ocrx_word' id='word_1_121' title='bbox 436 1866 539 1922; x_wconf 80' lang='grc' dir='ltr'><strong><em>ἱρὸν]</em></strong></span> <span class='ocrx_word' id='word_1_122' title='bbox 570 1870 640 1906; x_wconf 91' lang='lat' dir='ltr'>Est</span> <span class='ocrx_word' id='word_1_123' title='bbox 654 1874 747 1907; x_wconf 87' lang='lat' dir='ltr'>tem-</span> 
     </span>
     <span class='ocr_line' id='line_1_29' title="bbox 91 1925 747 1978; baseline -0.002 -15"><span class='ocrx_word' id='word_1_124' title='bbox 91 1927 193 1978; x_wconf 90' lang='lat' dir='ltr'>plum</span> <span class='ocrx_word' id='word_1_125' title='bbox 211 1925 399 1965; x_wconf 66' lang='lat' dir='ltr'>Minervae</span> <span class='ocrx_word' id='word_1_126' title='bbox 421 1939 515 1976; x_wconf 84' lang='lat' dir='ltr'>quae</span> <span class='ocrx_word' id='word_1_127' title='bbox 528 1925 747 1964; x_wconf 68' lang='lat' dir='ltr'>Pallenensis</span> 
     </span>
     <span class='ocr_line' id='line_1_30' title="bbox 91 1983 746 2034; baseline 0.002 -14"><span class='ocrx_word' id='word_1_128' title='bbox 91 1989 240 2021; x_wconf 74' lang='lat' dir='ltr'>vocatur</span> <span class='ocrx_word' id='word_1_129' title='bbox 270 1997 291 2022; x_wconf 88' lang='lat' dir='ltr'>e</span> <span class='ocrx_word' id='word_1_130' title='bbox 316 1983 395 2021; x_wconf 88' lang='lat' dir='ltr'>loco</span> <span class='ocrx_word' id='word_1_131' title='bbox 423 1984 528 2034; x_wconf 87' lang='lat' dir='ltr'>ipso,</span> <span class='ocrx_word' id='word_1_132' title='bbox 565 1984 626 2020; x_wconf 91' lang='lat' dir='ltr'>ubi</span> <span class='ocrx_word' id='word_1_133' title='bbox 653 1988 746 2021; x_wconf 84' lang='lat' dir='ltr'>tem-</span> 
     </span>
     <span class='ocr_line' id='line_1_31' title="bbox 91 2040 747 2092; baseline -0.003 -14"><span class='ocrx_word' id='word_1_134' title='bbox 91 2040 192 2092; x_wconf 87' lang='lat' dir='ltr'>plum</span> <span class='ocrx_word' id='word_1_135' title='bbox 222 2045 279 2078; x_wconf 88' lang='lat' dir='ltr'>est</span> <span class='ocrx_word' id='word_1_136' title='bbox 298 2045 517 2078; x_wconf 88' lang='lat' dir='ltr'>exstructum</span> <span class='ocrx_word' id='word_1_137' title='bbox 538 2045 574 2077; x_wconf 91' lang='lat' dir='ltr'>et</span> <span class='ocrx_word' id='word_1_138' title='bbox 597 2040 658 2077; x_wconf 90' lang='lat' dir='ltr'>ubi</span> <span class='ocrx_word' id='word_1_139' title='bbox 676 2041 747 2077; x_wconf 86' lang='lat' dir='ltr'>dea</span> 
     </span>
     <span class='ocr_line' id='line_1_32' title="bbox 92 2096 748 2147; baseline -0.002 -13"><span class='ocrx_word' id='word_1_140' title='bbox 92 2097 229 2135; x_wconf 87' lang='lat' dir='ltr'>colitur.</span> <span class='ocrx_word' id='word_1_141' title='bbox 285 2097 384 2136; x_wconf 83' lang='lat' dir='ltr'>Nam</span> <span class='ocrx_word' id='word_1_142' title='bbox 413 2096 559 2134; x_wconf 82' lang='lat' dir='ltr'>Pallene</span> <span class='ocrx_word' id='word_1_143' title='bbox 577 2097 664 2147; x_wconf 89' lang='lat' dir='ltr'>pagi</span> <span class='ocrx_word' id='word_1_144' title='bbox 680 2097 748 2133; x_wconf 90' lang='lat' dir='ltr'>At-</span> 
     </span>
    </p>
   </div>
   <div class='ocr_carea' id='block_1_8' title="bbox 15 2154 747 2205">
    <p class='ocr_par' dir='ltr' id='par_1_9' title="bbox 15 2154 747 2205">
     <span class='ocr_line' id='line_1_33' title="bbox 15 2154 747 2205; baseline -0.001 -15"><span class='ocrx_word' id='word_1_145' title='bbox 15 2193 21 2205; x_wconf 36' lang='lat'>?</span> <span class='ocrx_word' id='word_1_146' title='bbox 91 2154 152 2191; x_wconf 86' lang='lat' dir='ltr'>tici</span> <span class='ocrx_word' id='word_1_147' title='bbox 199 2157 256 2192; x_wconf 85' lang='lat' dir='ltr'>est</span> <span class='ocrx_word' id='word_1_148' title='bbox 306 2167 463 2201; x_wconf 86' lang='lat' dir='ltr'>nomen,</span> <span class='ocrx_word' id='word_1_149' title='bbox 521 2154 582 2203; x_wconf 89' lang='lat' dir='ltr'>qui</span> <span class='ocrx_word' id='word_1_150' title='bbox 629 2166 747 2204; x_wconf 89' lang='lat' dir='ltr'>prope</span> 
     </span>
    </p>
   </div>
   <div class='ocr_carea' id='block_1_9' title="bbox 92 2208 749 2485">
    <p class='ocr_par' dir='ltr' id='par_1_10' title="bbox 92 2208 749 2485">
     <span class='ocr_line' id='line_1_34' title="bbox 92 2208 747 2258; baseline -0.002 -11"><span class='ocrx_word' id='word_1_151' title='bbox 92 2208 277 2248; x_wconf 86' lang='lat' dir='ltr'>Acharnas</span> <span class='ocrx_word' id='word_1_152' title='bbox 297 2212 411 2249; x_wconf 88' lang='lat' dir='ltr'>fuisse</span> <span class='ocrx_word' id='word_1_153' title='bbox 429 2212 589 2258; x_wconf 83' lang='lat' dir='ltr'>videtur,</span> <span class='ocrx_word' id='word_1_154' title='bbox 620 2211 747 2248; x_wconf 85' lang='lat' dir='ltr'>obser-</span> 
     </span>
     <span class='ocr_line' id='line_1_35' title="bbox 93 2266 745 2316; baseline -0.003 -12"><span class='ocrx_word' id='word_1_155' title='bbox 93 2271 200 2305; x_wconf 85' lang='lat' dir='ltr'>vante</span> <span class='ocrx_word' id='word_1_156' title='bbox 243 2268 367 2306; x_wconf 84' lang='lat' dir='ltr'>Kruse</span> <span class='ocrx_word' id='word_1_157' title='bbox 414 2267 571 2316; x_wconf 85' lang='lat' dir='ltr'>(Hellas</span> <span class='ocrx_word' id='word_1_158' title='bbox 617 2266 672 2314; x_wconf 88' lang='lat' dir='ltr'>ll,</span> <span class='ocrx_word' id='word_1_159' title='bbox 723 2268 745 2307; x_wconf 87' lang='lat'>1</span> 
     </span>
     <span class='ocr_line' id='line_1_36' title="bbox 92 2323 747 2374; baseline -0.002 -14"><span class='ocrx_word' id='word_1_160' title='bbox 92 2335 179 2374; x_wconf 97' lang='lat' dir='ltr'>pag.</span> <span class='ocrx_word' id='word_1_161' title='bbox 218 2325 331 2373; x_wconf 81' lang='lat'>290).</span> <span class='ocrx_word' id='word_1_162' title='bbox 389 2323 449 2361; x_wconf 92' lang='lat' dir='ltr'>Ad</span> <span class='ocrx_word' id='word_1_163' title='bbox 495 2323 747 2361; x_wconf 88' lang='lat' dir='ltr'>Antiochidem</span> 
     </span>
     <span class='ocr_line' id='line_1_37' title="bbox 93 2379 747 2430; baseline -0.003 -14"><span class='ocrx_word' id='word_1_164' title='bbox 93 2380 298 2430; x_wconf 83' lang='lat' dir='ltr'>pertinebat</span> <span class='ocrx_word' id='word_1_165' title='bbox 348 2380 407 2419; x_wconf 89' lang='lat' dir='ltr'>ille</span> <span class='ocrx_word' id='word_1_166' title='bbox 444 2381 598 2428; x_wconf 87' lang='lat' dir='ltr'>tribum,</span> <span class='ocrx_word' id='word_1_167' title='bbox 648 2379 747 2416; x_wconf 88' lang='lat' dir='ltr'>cuius</span> 
     </span>
     <span class='ocr_line' id='line_1_38' title="bbox 93 2436 749 2485; baseline 0 -13"><span class='ocrx_word' id='word_1_168' title='bbox 93 2449 208 2485; x_wconf 81' lang='lat' dir='ltr'>aeque</span> <span class='ocrx_word' id='word_1_169' title='bbox 229 2450 271 2474; x_wconf 87' lang='lat' dir='ltr'>ac</span> <span class='ocrx_word' id='word_1_170' title='bbox 299 2437 392 2475; x_wconf 84' lang='lat' dir='ltr'>deae</span> <span class='ocrx_word' id='word_1_171' title='bbox 409 2437 495 2475; x_wconf 89' lang='lat' dir='ltr'>inde</span> <span class='ocrx_word' id='word_1_172' title='bbox 514 2436 749 2485; x_wconf 85' lang='lat' dir='ltr'>cognomina-</span> 
     </span>
    </p>
   </div>
   <div class='ocr_carea' id='block_1_10' title="bbox 96 2492 749 2544">
    <p class='ocr_par' dir='ltr' id='par_1_11' title="bbox 96 2492 749 2544">
     <span class='ocr_line' id='line_1_39' title="bbox 96 2492 749 2544; baseline -0.002 -15"><span class='ocrx_word' id='word_1_173' title='bbox 96 2496 155 2530; x_wconf 85' lang='lat' dir='ltr'>tae</span> <span class='ocrx_word' id='word_1_174' title='bbox 185 2494 377 2543; x_wconf 85' lang='lat' dir='ltr'>aliquoties</span> <span class='ocrx_word' id='word_1_175' title='bbox 409 2494 507 2544; x_wconf 86' lang='lat' dir='ltr'>apud</span> <span class='ocrx_word' id='word_1_176' title='bbox 535 2498 677 2531; x_wconf 88' lang='lat' dir='ltr'>veteres</span> <span class='ocrx_word' id='word_1_177' title='bbox 708 2492 749 2528; x_wconf 87' lang='lat' dir='ltr'>fit</span> 
     </span>
    </p>
   </div>
   <div class='ocr_carea' id='block_1_11' title="bbox 95 2549 749 2882">
    <p class='ocr_par' dir='ltr' id='par_1_12' title="bbox 95 2549 749 2882">
     <span class='ocr_line' id='line_1_40' title="bbox 95 2549 747 2588; baseline -0.003 -2"><span class='ocrx_word' id='word_1_178' title='bbox 95 2550 240 2587; x_wconf 85' lang='lat' dir='ltr'>mentio.</span> <span class='ocrx_word' id='word_1_179' title='bbox 299 2551 408 2587; x_wconf 86' lang='lat' dir='ltr'>Conf.</span> <span class='ocrx_word' id='word_1_180' title='bbox 443 2550 604 2588; x_wconf 85' lang='lat' dir='ltr'>Boeckh.</span> <span class='ocrx_word' id='word_1_181' title='bbox 636 2549 747 2586; x_wconf 85' lang='lat' dir='ltr'>lnser.</span> 
     </span>
     <span class='ocr_line' id='line_1_41' title="bbox 98 2605 748 2657; baseline -0.002 -15"><span class='ocrx_word' id='word_1_182' title='bbox 98 2605 209 2655; x_wconf 87' lang='lat' dir='ltr'>Corp.</span> <span class='ocrx_word' id='word_1_183' title='bbox 235 2606 272 2654; x_wconf 85' lang='lat' dir='ltr'>I,</span> <span class='ocrx_word' id='word_1_184' title='bbox 300 2608 326 2647; x_wconf 87' lang='lat'><strong>3</strong></span> <span class='ocrx_word' id='word_1_185' title='bbox 363 2621 399 2657; x_wconf 89' lang='lat' dir='ltr'>p.</span> <span class='ocrx_word' id='word_1_186' title='bbox 424 2609 518 2648; x_wconf 84' lang='lat'>907.</span> <span class='ocrx_word' id='word_1_187' title='bbox 575 2605 748 2656; x_wconf 87' lang='lat' dir='ltr'>Splendi-</span> 
     </span>
     <span class='ocr_line' id='line_1_42' title="bbox 100 2660 748 2713; baseline 0.003 -17"><span class='ocrx_word' id='word_1_188' title='bbox 100 2660 184 2697; x_wconf 89' lang='lat' dir='ltr'>dum</span> <span class='ocrx_word' id='word_1_189' title='bbox 196 2663 307 2701; x_wconf 83' lang='lat' dir='ltr'>fuisse</span> <span class='ocrx_word' id='word_1_190' title='bbox 321 2662 494 2713; x_wconf 87' lang='lat' dir='ltr'>templum</span> <span class='ocrx_word' id='word_1_191' title='bbox 513 2662 748 2711; x_wconf 83' lang='lat' dir='ltr'>donariisque</span> 
     </span>
     <span class='ocr_line' id='line_1_43' title="bbox 101 2717 747 2767; baseline 0.003 -15"><span class='ocrx_word' id='word_1_192' title='bbox 101 2717 217 2753; x_wconf 83' lang='lat' dir='ltr'>multis</span> <span class='ocrx_word' id='word_1_193' title='bbox 262 2724 428 2756; x_wconf 82' lang='lat' dir='ltr'>ornatum</span> <span class='ocrx_word' id='word_1_194' title='bbox 474 2720 562 2757; x_wconf 88' lang='lat' dir='ltr'>inde</span> <span class='ocrx_word' id='word_1_195' title='bbox 605 2719 747 2767; x_wconf 83' lang='lat' dir='ltr'>colligo,</span> 
     </span>
     <span class='ocr_line' id='line_1_44' title="bbox 101 2773 748 2823; baseline 0.008 -16"><span class='ocrx_word' id='word_1_196' title='bbox 101 2773 199 2820; x_wconf 90' lang='lat' dir='ltr'>quod</span> <span class='ocrx_word' id='word_1_197' title='bbox 223 2775 410 2823; x_wconf 86' lang='lat' dir='ltr'>peculiaris</span> <span class='ocrx_word' id='word_1_198' title='bbox 433 2775 669 2814; x_wconf 84' lang='lat' dir='ltr'>Themisonis</span> <span class='ocrx_word' id='word_1_199' title='bbox 688 2788 748 2812; x_wconf 86' lang='lat' dir='ltr'>ex-</span> 
     </span>
     <span class='ocr_line' id='line_1_45' title="bbox 101 2828 749 2882; baseline 0.008 -19"><span class='ocrx_word' id='word_1_200' title='bbox 101 2828 220 2865; x_wconf 86' lang='lat' dir='ltr'>stabat</span> <span class='ocrx_word' id='word_1_201' title='bbox 241 2831 287 2868; x_wconf 89' lang='lat' dir='ltr'>de</span> <span class='ocrx_word' id='word_1_202' title='bbox 314 2830 368 2867; x_wconf 83' lang='lat' dir='ltr'>his</span> <span class='ocrx_word' id='word_1_203' title='bbox 397 2832 511 2880; x_wconf 86' lang='lat' dir='ltr'>liber,</span> <span class='ocrx_word' id='word_1_204' title='bbox 540 2833 602 2882; x_wconf 88' lang='lat' dir='ltr'>qui</span> <span class='ocrx_word' id='word_1_205' title='bbox 622 2832 749 2869; x_wconf 86' lang='lat' dir='ltr'>inscri-</span> 
     </span>
    </p>
   </div>
   <div class='ocr_carea' id='block_1_12' title="bbox 103 2883 749 2939">
    <p class='ocr_par' dir='ltr' id='par_1_13' title="bbox 103 2883 749 2939">
     <span class='ocr_line' id='line_1_46' title="bbox 103 2883 749 2939; baseline 0.009 -18"><span class='ocrx_word' id='word_1_206' title='bbox 103 2883 255 2922; x_wconf 83' lang='lat' dir='ltr'>bebatur</span> <span class='ocrx_word' id='word_1_207' title='bbox 279 2887 492 2939; x_wconf 80' lang='grc' dir='ltr'><strong><em>Παλληνὶς,</em></strong></span> <span class='ocrx_word' id='word_1_208' title='bbox 520 2893 616 2928; x_wconf 83' lang='lat' dir='ltr'>teste</span> <span class='ocrx_word' id='word_1_209' title='bbox 636 2888 749 2927; x_wconf 80' lang='lat' dir='ltr'>Athe-</span> 
     </span>
    </p>
   </div>
   <div class='ocr_carea' id='block_1_13' title="bbox 812 681 1475 2939">
    <p class='ocr_par' dir='ltr' id='par_1_14' title="bbox 814 681 1471 846">
     <span class='ocr_line' id='line_1_47' title="bbox 814 681 1471 733; baseline 0.003 -14"><span class='ocrx_word' id='word_1_210' title='bbox 814 695 908 720; x_wconf 83' lang='lat' dir='ltr'>naeo</span> <span class='ocrx_word' id='word_1_211' title='bbox 930 682 995 730; x_wconf 76' lang='lat' dir='ltr'>VI,</span> <span class='ocrx_word' id='word_1_212' title='bbox 1013 685 1067 724; x_wconf 75' lang='lat'>26</span> <span class='ocrx_word' id='word_1_213' title='bbox 1087 696 1172 733; x_wconf 84' lang='lat' dir='ltr'>pag.</span> <span class='ocrx_word' id='word_1_214' title='bbox 1184 682 1288 732; x_wconf 77' lang='lat'><strong>234,</strong></span> <span class='ocrx_word' id='word_1_215' title='bbox 1309 681 1342 720; x_wconf 92' lang='lat' dir='ltr'><strong>F</strong></span> <span class='ocrx_word' id='word_1_216' title='bbox 1369 696 1446 733; x_wconf 88' lang='lat' dir='ltr'>seq.</span> <span class='ocrx_word' id='word_1_217' title='bbox 1461 713 1471 731; x_wconf 82' lang='lat'><strong>‚</strong></span> 
     </span>
     <span class='ocr_line' id='line_1_48' title="bbox 815 739 1471 790; baseline 0.003 -15"><span class='ocrx_word' id='word_1_218' title='bbox 815 739 876 776; x_wconf 86' lang='lat' dir='ltr'>ubi</span> <span class='ocrx_word' id='word_1_219' title='bbox 910 740 982 777; x_wconf 87' lang='lat' dir='ltr'>vid.</span> <span class='ocrx_word' id='word_1_220' title='bbox 1022 740 1225 790; x_wconf 85' lang='lat' dir='ltr'>Schweigh.</span> <span class='ocrx_word' id='word_1_221' title='bbox 1274 740 1382 778; x_wconf 90' lang='lat' dir='ltr'>Tom.</span> <span class='ocrx_word' id='word_1_222' title='bbox 1420 741 1471 777; x_wconf 93' lang='lat' dir='ltr'>III</span> 
     </span>
     <span class='ocr_line' id='line_1_49' title="bbox 815 796 1170 846; baseline 0.006 -14"><span class='ocrx_word' id='word_1_223' title='bbox 815 809 900 846; x_wconf 85' lang='lat' dir='ltr'>pag.</span> <span class='ocrx_word' id='word_1_224' title='bbox 918 798 1001 838; x_wconf 83' lang='grc'>358</span> <span class='ocrx_word' id='word_1_225' title='bbox 1020 796 1170 834; x_wconf 86' lang='lat' dir='ltr'>Annott.</span> 
     </span>
    </p>

    <p class='ocr_par' dir='ltr' id='par_1_15' title="bbox 813 849 1472 1525">
     <span class='ocr_line' id='line_1_50' title="bbox 873 849 1468 900; baseline 0.007 -10"><span class='ocrx_word' id='word_1_226' title='bbox 873 850 988 891; x_wconf 73' lang='grc' dir='ltr'><strong><em>τῖντία</em></strong></span> <span class='ocrx_word' id='word_1_227' title='bbox 1020 851 1195 893; x_wconf 77' lang='grc' dir='ltr'><strong><em>ἔθεντο</em></strong></span> <span class='ocrx_word' id='word_1_228' title='bbox 1226 850 1282 892; x_wconf 72' lang='grc' dir='ltr'>τὰ</span> <span class='ocrx_word' id='word_1_229' title='bbox 1315 849 1468 900; x_wconf 71' lang='grc' dir='ltr'><em>ὅπλα]</em></span> 
     </span>
     <span class='ocr_line' id='line_1_51' title="bbox 816 908 1471 958; baseline 0.005 -13"><span class='ocrx_word' id='word_1_230' title='bbox 816 908 936 957; x_wconf 82' lang='lat' dir='ltr'>Vulgo</span> <span class='ocrx_word' id='word_1_231' title='bbox 961 913 1119 947; x_wconf 72' lang='lat' dir='ltr'>vertunt:</span> <span class='ocrx_word' id='word_1_232' title='bbox 1160 915 1314 958; x_wconf 77' lang='lat' dir='ltr'>„castra</span> <span class='ocrx_word' id='word_1_233' title='bbox 1337 924 1379 947; x_wconf 77' lang='lat' dir='ltr'>ex</span> <span class='ocrx_word' id='word_1_234' title='bbox 1405 912 1471 948; x_wconf 76' lang='lat' dir='ltr'>ad-</span> 
     </span>
     <span class='ocr_line' id='line_1_52' title="bbox 814 967 1470 1016; baseline 0.003 -14"><span class='ocrx_word' id='word_1_235' title='bbox 814 977 913 1002; x_wconf 78' lang='lat' dir='ltr'>verso</span> <span class='ocrx_word' id='word_1_236' title='bbox 955 968 1194 1016; x_wconf 75' lang='lat' dir='ltr'>posuerunt.“</span> <span class='ocrx_word' id='word_1_237' title='bbox 1259 967 1470 1005; x_wconf 67' lang='lat' dir='ltr'>Acon-atius</span> 
     </span>
     <span class='ocr_line' id='line_1_53' title="bbox 815 1022 1470 1073; baseline 0.003 -14"><span class='ocrx_word' id='word_1_238' title='bbox 815 1022 964 1072; x_wconf 86' lang='lat' dir='ltr'>opinor:</span> <span class='ocrx_word' id='word_1_239' title='bbox 1003 1023 1152 1073; x_wconf 74' lang='lat' dir='ltr'>„ibique</span> <span class='ocrx_word' id='word_1_240' title='bbox 1183 1026 1221 1061; x_wconf 80' lang='lat' dir='ltr'>in</span> <span class='ocrx_word' id='word_1_241' title='bbox 1253 1026 1362 1061; x_wconf 75' lang='lat' dir='ltr'>aciem</span> <span class='ocrx_word' id='word_1_242' title='bbox 1391 1037 1470 1061; x_wconf 83' lang='lat' dir='ltr'>con-</span> 
     </span>
     <span class='ocr_line' id='line_1_54' title="bbox 814 1077 1470 1119; baseline 0.008 -5"><span class='ocrx_word' id='word_1_243' title='bbox 814 1081 990 1115; x_wconf 74' lang='lat' dir='ltr'>stiterunt.</span> <span class='ocrx_word' id='word_1_244' title='bbox 1047 1079 1144 1117; x_wconf 83' lang='lat' dir='ltr'>Nam</span> <span class='ocrx_word' id='word_1_245' title='bbox 1189 1080 1380 1119; x_wconf 84' lang='grc' dir='ltr'><strong><em>τίθεσθαι</em></strong></span> <span class='ocrx_word' id='word_1_246' title='bbox 1421 1077 1470 1119; x_wconf 62' lang='grc' dir='ltr'>τά</span> 
     </span>
     <span class='ocr_line' id='line_1_55' title="bbox 813 1130 1470 1185; baseline 0 -12"><span class='ocrx_word' id='word_1_247' title='bbox 813 1130 915 1173; x_wconf 67' lang='grc' dir='ltr'>ὅπλα</span> <span class='ocrx_word' id='word_1_248' title='bbox 935 1139 1008 1172; x_wconf 86' lang='lat' dir='ltr'>est:</span> <span class='ocrx_word' id='word_1_249' title='bbox 1037 1137 1074 1172; x_wconf 79' lang='lat' dir='ltr'>in</span> <span class='ocrx_word' id='word_1_250' title='bbox 1093 1138 1202 1174; x_wconf 72' lang='lat' dir='ltr'>aciem</span> <span class='ocrx_word' id='word_1_251' title='bbox 1223 1150 1258 1173; x_wconf 79' lang='lat' dir='ltr'>se</span> <span class='ocrx_word' id='word_1_252' title='bbox 1277 1139 1470 1185; x_wconf 69' lang='lat' dir='ltr'>consistere,</span> 
     </span>
     <span class='ocr_line' id='line_1_56' title="bbox 817 1191 1472 1242; baseline 0.003 -14"><span class='ocrx_word' id='word_1_253' title='bbox 817 1192 891 1228; x_wconf 70' lang='lat' dir='ltr'>sicle</span> <span class='ocrx_word' id='word_1_254' title='bbox 919 1191 1155 1241; x_wconf 75' lang='lat' dir='ltr'>anfstellen.“</span> <span class='ocrx_word' id='word_1_255' title='bbox 1221 1193 1335 1240; x_wconf 82' lang='lat' dir='ltr'>Vide,</span> <span class='ocrx_word' id='word_1_256' title='bbox 1377 1206 1472 1242; x_wconf 85' lang='lat' dir='ltr'>quae</span> 
     </span>
     <span class='ocr_line' id='line_1_57' title="bbox 817 1247 1471 1291; baseline 0.002 -6"><span class='ocrx_word' id='word_1_257' title='bbox 817 1248 890 1285; x_wconf 77' lang='lat' dir='ltr'>dixi</span> <span class='ocrx_word' id='word_1_258' title='bbox 914 1248 962 1284; x_wconf 83' lang='lat' dir='ltr'>ad</span> <span class='ocrx_word' id='word_1_259' title='bbox 994 1247 1172 1285; x_wconf 78' lang='lat' dir='ltr'>Plutarch.</span> <span class='ocrx_word' id='word_1_260' title='bbox 1210 1247 1385 1286; x_wconf 79' lang='lat' dir='ltr'>Alcibiad.</span> <span class='ocrx_word' id='word_1_261' title='bbox 1416 1251 1471 1291; x_wconf 87' lang='grc'>30</span> 
     </span>
     <span class='ocr_line' id='line_1_58' title="bbox 816 1301 1469 1357; baseline 0.006 -18"><span class='ocrx_word' id='word_1_262' title='bbox 816 1304 916 1352; x_wconf 82' lang='lat' dir='ltr'>(ubit</span> <span class='ocrx_word' id='word_1_263' title='bbox 948 1302 1108 1343; x_wconf 79' lang='grc' dir='ltr'><strong><em>ἐναντία</em></strong></span> <span class='ocrx_word' id='word_1_264' title='bbox 1134 1301 1236 1344; x_wconf 75' lang='grc' dir='ltr'><em>ὅπλα</em></span> <span class='ocrx_word' id='word_1_265' title='bbox 1263 1303 1469 1357; x_wconf 80' lang='grc' dir='ltr'><strong><em>τίθεσθαι)</em></strong></span> 
     </span>
     <span class='ocr_line' id='line_1_59' title="bbox 815 1361 1471 1411; baseline 0.006 -16"><span class='ocrx_word' id='word_1_266' title='bbox 815 1373 901 1411; x_wconf 77' lang='lat' dir='ltr'>pag.</span> <span class='ocrx_word' id='word_1_267' title='bbox 915 1363 997 1401; x_wconf 79' lang='lat'>226</span> <span class='ocrx_word' id='word_1_268' title='bbox 1020 1366 1056 1398; x_wconf 85' lang='lat' dir='ltr'>et</span> <span class='ocrx_word' id='word_1_269' title='bbox 1074 1361 1160 1399; x_wconf 85' lang='lat' dir='ltr'>add.</span> <span class='ocrx_word' id='word_1_270' title='bbox 1172 1362 1330 1411; x_wconf 79' lang='lat' dir='ltr'>Kriiger.</span> <span class='ocrx_word' id='word_1_271' title='bbox 1351 1362 1388 1398; x_wconf 90' lang='lat' dir='ltr'>in</span> <span class='ocrx_word' id='word_1_272' title='bbox 1411 1362 1471 1399; x_wconf 91' lang='lat' dir='ltr'>ln-</span> 
     </span>
     <span class='ocr_line' id='line_1_60' title="bbox 816 1417 1470 1469; baseline 0.002 -14"><span class='ocrx_word' id='word_1_273' title='bbox 816 1417 885 1455; x_wconf 88' lang='lat' dir='ltr'>dic.</span> <span class='ocrx_word' id='word_1_274' title='bbox 944 1417 993 1453; x_wconf 86' lang='lat' dir='ltr'>ad</span> <span class='ocrx_word' id='word_1_275' title='bbox 1034 1417 1268 1469; x_wconf 90' lang='lat' dir='ltr'>Xenophont.</span> <span class='ocrx_word' id='word_1_276' title='bbox 1310 1418 1470 1456; x_wconf 78' lang='lat' dir='ltr'>Anabas.</span> 
     </span>
     <span class='ocr_line' id='line_1_61' title="bbox 814 1472 1014 1525; baseline 0.005 -16"><span class='ocrx_word' id='word_1_277' title='bbox 814 1487 900 1525; x_wconf 75' lang='lat' dir='ltr'>pag.</span> <span class='ocrx_word' id='word_1_278' title='bbox 920 1472 1014 1514; x_wconf 86' lang='lat'>510.</span> 
     </span>
    </p>

    <p class='ocr_par' dir='ltr' id='par_1_16' title="bbox 813 1525 1472 1851">
     <span class='ocr_line' id='line_1_62' title="bbox 870 1525 1470 1584; baseline -0.003 -15"><span class='ocrx_word' id='word_1_279' title='bbox 870 1530 965 1584; x_wconf 78' lang='grc' dir='ltr'><strong><em>θείῃ</em></strong></span> <span class='ocrx_word' id='word_1_280' title='bbox 994 1531 1139 1582; x_wconf 82' lang='grc' dir='ltr'><em>πομπῇ</em></span> <span class='ocrx_word' id='word_1_281' title='bbox 1169 1525 1416 1582; x_wconf 76' lang='grc' dir='ltr'><strong><em>χρεώμενος]</em></strong></span> <span class='ocrx_word' id='word_1_282' title='bbox 1448 1531 1470 1568; x_wconf 87' lang='lat' dir='ltr'>i.</span> 
     </span>
     <span class='ocr_line' id='line_1_63' title="bbox 815 1587 1471 1634; baseline 0 -9"><span class='ocrx_word' id='word_1_283' title='bbox 815 1600 847 1625; x_wconf 84' lang='lat' dir='ltr'>e.</span> <span class='ocrx_word' id='word_1_284' title='bbox 879 1587 1055 1623; x_wconf 72' lang='lat' dir='ltr'>(livinitus</span> <span class='ocrx_word' id='word_1_285' title='bbox 1083 1590 1226 1634; x_wconf 60' lang='lat' dir='ltr'>mimus,</span> <span class='ocrx_word' id='word_1_286' title='bbox 1257 1588 1377 1625; x_wconf 67' lang='lat' dir='ltr'>divino</span> <span class='ocrx_word' id='word_1_287' title='bbox 1414 1590 1471 1625; x_wconf 82' lang='lat' dir='ltr'>z&#39;n-</span> 
     </span>
     <span class='ocr_line' id='line_1_64' title="bbox 815 1641 1470 1696; baseline 0.008 -17"><span class='ocrx_word' id='word_1_288' title='bbox 815 1645 949 1680; x_wconf 65' lang='lat' dir='ltr'>stv&#39;nctu</span> <span class='ocrx_word' id='word_1_289' title='bbox 979 1656 1074 1680; x_wconf 78' lang='lat' dir='ltr'>usus,</span> <span class='ocrx_word' id='word_1_290' title='bbox 1106 1643 1175 1680; x_wconf 86' lang='lat' dir='ltr'>Est</span> <span class='ocrx_word' id='word_1_291' title='bbox 1202 1645 1299 1682; x_wconf 88' lang='lat' dir='ltr'>enim</span> <span class='ocrx_word' id='word_1_292' title='bbox 1331 1641 1470 1696; x_wconf 85' lang='grc' dir='ltr'><em>πομπὴ</em></span> 
     </span>
     <span class='ocr_line' id='line_1_65' title="bbox 813 1701 1472 1750; baseline 0 -13"><span class='ocrx_word' id='word_1_293' title='bbox 813 1704 890 1737; x_wconf 88' lang='lat' dir='ltr'>tum</span> <span class='ocrx_word' id='word_1_294' title='bbox 917 1701 1058 1746; x_wconf 72' lang='lat' dir='ltr'>missio,</span> <span class='ocrx_word' id='word_1_295' title='bbox 1103 1704 1180 1737; x_wconf 82' lang='lat' dir='ltr'>tum</span> <span class='ocrx_word' id='word_1_296' title='bbox 1218 1701 1387 1750; x_wconf 79' lang='lat' dir='ltr'>impulsus</span> <span class='ocrx_word' id='word_1_297' title='bbox 1417 1705 1472 1738; x_wconf 72' lang='lat' dir='ltr'>in-</span> 
     </span>
     <span class='ocr_line' id='line_1_66' title="bbox 814 1756 1472 1795; baseline 0.003 -3"><span class='ocrx_word' id='word_1_298' title='bbox 814 1759 975 1793; x_wconf 57' lang='lat' dir='ltr'>stractus.</span> <span class='ocrx_word' id='word_1_299' title='bbox 1033 1756 1100 1794; x_wconf 79' lang='lat' dir='ltr'>Cr.</span> <span class='ocrx_word' id='word_1_300' title='bbox 1150 1756 1276 1795; x_wconf 84' lang='lat' dir='ltr'>laudat</span> <span class='ocrx_word' id='word_1_301' title='bbox 1319 1757 1472 1795; x_wconf 90' lang='lat' dir='ltr'>Aristid.</span> 
     </span>
     <span class='ocr_line' id='line_1_67' title="bbox 814 1812 1067 1851; baseline -0.004 0"><span class='ocrx_word' id='word_1_302' title='bbox 814 1813 1016 1851; x_wconf 83' lang='lat' dir='ltr'>Panathen.</span> <span class='ocrx_word' id='word_1_303' title='bbox 1039 1812 1067 1850; x_wconf 91' lang='grc' dir='ltr'>Ι.</span> 
     </span>
    </p>

    <p class='ocr_par' dir='ltr' id='par_1_17' title="bbox 812 1862 1475 2939">
     <span class='ocr_line' id='line_1_68' title="bbox 869 1862 1474 1921; baseline -0.003 -13"><span class='ocrx_word' id='word_1_304' title='bbox 869 1864 1107 1920; x_wconf 80' lang='grc' dir='ltr'><strong><em>Ἀμφίλυτος</em></strong></span> <span class='ocrx_word' id='word_1_305' title='bbox 1128 1866 1153 1909; x_wconf 83' lang='lat' dir='ltr'>o‘</span> <span class='ocrx_word' id='word_1_306' title='bbox 1166 1862 1381 1921; x_wconf 71' lang='grc' dir='ltr'><strong><em>Ἀκαρνὰν]</em></strong></span> <span class='ocrx_word' id='word_1_307' title='bbox 1417 1869 1474 1906; x_wconf 89' lang='lat' dir='ltr'>Ita</span> 
     </span>
     <span class='ocr_line' id='line_1_69' title="bbox 815 1926 1471 1964; baseline 0.002 -2"><span class='ocrx_word' id='word_1_308' title='bbox 815 1939 943 1963; x_wconf 87' lang='lat' dir='ltr'>omnes</span> <span class='ocrx_word' id='word_1_309' title='bbox 973 1926 1065 1963; x_wconf 86' lang='lat' dir='ltr'>libri.</span> <span class='ocrx_word' id='word_1_310' title='bbox 1124 1927 1218 1963; x_wconf 91' lang='lat' dir='ltr'>Cum</span> <span class='ocrx_word' id='word_1_311' title='bbox 1244 1939 1331 1964; x_wconf 89' lang='lat' dir='ltr'>vero</span> <span class='ocrx_word' id='word_1_312' title='bbox 1359 1927 1471 1963; x_wconf 81' lang='lat' dir='ltr'>Acar-</span> 
     </span>
     <span class='ocr_line' id='line_1_70' title="bbox 814 1983 1472 2030; baseline -0.003 -9"><span class='ocrx_word' id='word_1_313' title='bbox 814 1985 917 2021; x_wconf 72' lang='lat' dir='ltr'>nanis</span> <span class='ocrx_word' id='word_1_314' title='bbox 943 1984 1078 2020; x_wconf 76' lang='lat' dir='ltr'>mentIO</span> <span class='ocrx_word' id='word_1_315' title='bbox 1105 1983 1163 2020; x_wconf 89' lang='lat' dir='ltr'>hic</span> <span class='ocrx_word' id='word_1_316' title='bbox 1184 1983 1276 2019; x_wconf 85' lang='lat' dir='ltr'>mira</span> <span class='ocrx_word' id='word_1_317' title='bbox 1294 1983 1472 2030; x_wconf 83' lang='lat' dir='ltr'>videatur,</span> 
     </span>
     <span class='ocr_line' id='line_1_71' title="bbox 813 2038 1475 2089; baseline 0.002 -12"><span class='ocrx_word' id='word_1_318' title='bbox 813 2039 1077 2077; x_wconf 66' lang='lat' dir='ltr'>Valckenarius</span> <span class='ocrx_word' id='word_1_319' title='bbox 1114 2039 1244 2089; x_wconf 88' lang='lat' dir='ltr'>reponi</span> <span class='ocrx_word' id='word_1_320' title='bbox 1287 2039 1421 2077; x_wconf 83' lang='lat' dir='ltr'>mavult</span> <span class='ocrx_word' id='word_1_321' title='bbox 1455 2038 1475 2078; x_wconf 85' lang='grc' dir='ltr'>ὁ</span> 
     </span>
     <span class='ocr_line' id='line_1_72' title="bbox 812 2091 1475 2148; baseline -0.003 -14"><span class='ocrx_word' id='word_1_322' title='bbox 812 2091 1025 2148; x_wconf 72' lang='grc' dir='ltr'><strong><em>Ἀκαρνεῦς</em></strong></span> <span class='ocrx_word' id='word_1_323' title='bbox 1075 2110 1105 2133; x_wconf 87' lang='lat' dir='ltr'>s.</span> <span class='ocrx_word' id='word_1_324' title='bbox 1152 2091 1388 2146; x_wconf 72' lang='grc' dir='ltr'><strong><em>Ἀχαρνεὺς,</em></strong></span> <span class='ocrx_word' id='word_1_325' title='bbox 1433 2100 1475 2132; x_wconf 89' lang='lat' dir='ltr'>ut</span> 
     </span>
     <span class='ocr_line' id='line_1_73' title="bbox 814 2152 1472 2201; baseline -0.003 -12"><span class='ocrx_word' id='word_1_326' title='bbox 814 2152 1048 2190; x_wconf 71' lang='lat' dir='ltr'>Acltarnensz&#39;s</span> <span class='ocrx_word' id='word_1_327' title='bbox 1091 2152 1312 2201; x_wconf 84' lang='lat' dir='ltr'>intelligatur</span> <span class='ocrx_word' id='word_1_328' title='bbox 1355 2157 1472 2197; x_wconf 87' lang='lat' dir='ltr'>vates,</span> 
     </span>
     <span class='ocr_line' id='line_1_74' title="bbox 815 2209 1474 2260; baseline -0.003 -14"><span class='ocrx_word' id='word_1_329' title='bbox 815 2210 989 2246; x_wconf 85' lang='lat' dir='ltr'>oriundus</span> <span class='ocrx_word' id='word_1_330' title='bbox 1007 2209 1292 2247; x_wconf 88' lang='lat' dir='ltr'>Acharnensium</span> <span class='ocrx_word' id='word_1_331' title='bbox 1311 2222 1410 2260; x_wconf 85' lang='lat' dir='ltr'>pago</span> <span class='ocrx_word' id='word_1_332' title='bbox 1435 2209 1474 2245; x_wconf 91' lang='lat' dir='ltr'>in</span> 
     </span>
     <span class='ocr_line' id='line_1_75' title="bbox 815 2266 1474 2316; baseline -0.002 -14"><span class='ocrx_word' id='word_1_333' title='bbox 815 2266 898 2316; x_wconf 87' lang='lat' dir='ltr'>ipsa</span> <span class='ocrx_word' id='word_1_334' title='bbox 923 2271 1022 2304; x_wconf 84' lang='lat' dir='ltr'>terra</span> <span class='ocrx_word' id='word_1_335' title='bbox 1048 2266 1189 2312; x_wconf 82' lang='lat' dir='ltr'>Attica3</span> <span class='ocrx_word' id='word_1_336' title='bbox 1236 2279 1346 2316; x_wconf 90' lang='lat' dir='ltr'>quem</span> <span class='ocrx_word' id='word_1_337' title='bbox 1384 2278 1474 2303; x_wconf 89' lang='lat' dir='ltr'>eun-</span> 
     </span>
     <span class='ocr_line' id='line_1_76' title="bbox 815 2322 1475 2371; baseline -0.003 -11"><span class='ocrx_word' id='word_1_338' title='bbox 815 2323 899 2360; x_wconf 90' lang='lat' dir='ltr'>dem</span> <span class='ocrx_word' id='word_1_339' title='bbox 931 2323 1014 2360; x_wconf 89' lang='lat' dir='ltr'>hinc</span> <span class='ocrx_word' id='word_1_340' title='bbox 1040 2323 1211 2360; x_wconf 83' lang='lat' dir='ltr'>Socrates</span> <span class='ocrx_word' id='word_1_341' title='bbox 1250 2323 1315 2371; x_wconf 93' lang='lat' dir='ltr'>(in</span> <span class='ocrx_word' id='word_1_342' title='bbox 1348 2322 1475 2359; x_wconf 81' lang='lat' dir='ltr'>Plato-</span> 
     </span>
     <span class='ocr_line' id='line_1_77' title="bbox 815 2379 1475 2430; baseline 0.005 -14"><span class='ocrx_word' id='word_1_343' title='bbox 815 2379 872 2416; x_wconf 89' lang='lat' dir='ltr'>nis</span> <span class='ocrx_word' id='word_1_344' title='bbox 887 2379 949 2428; x_wconf 87' lang='lat' dir='ltr'>qui</span> <span class='ocrx_word' id='word_1_345' title='bbox 969 2381 1081 2417; x_wconf 86' lang='lat' dir='ltr'>fertur</span> <span class='ocrx_word' id='word_1_346' title='bbox 1098 2379 1133 2416; x_wconf 93' lang='lat' dir='ltr'>T</span> <span class='ocrx_word' id='word_1_347' title='bbox 1136 2379 1243 2427; x_wconf 89' lang='lat' dir='ltr'>heag.</span> <span class='ocrx_word' id='word_1_348' title='bbox 1269 2392 1355 2430; x_wconf 82' lang='lat' dir='ltr'>pag.</span> <span class='ocrx_word' id='word_1_349' title='bbox 1377 2382 1475 2426; x_wconf 84' lang='lat'>124,</span> 
     </span>
     <span class='ocr_line' id='line_1_78' title="bbox 814 2432 1474 2489; baseline 0 -15"><span class='ocrx_word' id='word_1_350' title='bbox 814 2434 871 2484; x_wconf 91' lang='lat' dir='ltr'>D)</span> <span class='ocrx_word' id='word_1_351' title='bbox 890 2441 995 2473; x_wconf 69' lang='lat' dir='ltr'>vocat</span> <span class='ocrx_word' id='word_1_352' title='bbox 1014 2433 1245 2489; x_wconf 80' lang='grc' dir='ltr'><strong><em>χρησμῳὸὸν</em></strong></span> <span class='ocrx_word' id='word_1_353' title='bbox 1262 2432 1329 2474; x_wconf 87' lang='grc' dir='ltr'><strong><em>τὸν</em></strong></span> <span class='ocrx_word' id='word_1_354' title='bbox 1354 2433 1421 2486; x_wconf 72' lang='grc' dir='ltr'>ἥμ</span> <span class='ocrx_word' id='word_1_355' title='bbox 1434 2449 1474 2474; x_wconf 88' lang='grc' dir='ltr'>ε-</span> 
     </span>
     <span class='ocr_line' id='line_1_79' title="bbox 817 2489 1475 2538; baseline -0.005 -7"><span class='ocrx_word' id='word_1_356' title='bbox 817 2489 1002 2538; x_wconf 81' lang='grc' dir='ltr'><strong><em>δαπόν,</em></strong></span> <span class='ocrx_word' id='word_1_357' title='bbox 1043 2499 1080 2530; x_wconf 88' lang='lat' dir='ltr'>et</span> <span class='ocrx_word' id='word_1_358' title='bbox 1117 2493 1254 2530; x_wconf 83' lang='lat' dir='ltr'>diserte</span> <span class='ocrx_word' id='word_1_359' title='bbox 1288 2492 1475 2529; x_wconf 77' lang='lat' dir='ltr'>Athenien-</span> 
     </span>
     <span class='ocr_line' id='line_1_80' title="bbox 816 2548 1473 2587; baseline -0.003 -1"><span class='ocrx_word' id='word_1_360' title='bbox 816 2561 886 2586; x_wconf 79' lang='lat' dir='ltr'>sem</span> <span class='ocrx_word' id='word_1_361' title='bbox 937 2549 1024 2586; x_wconf 87' lang='lat' dir='ltr'>dicit</span> <span class='ocrx_word' id='word_1_362' title='bbox 1069 2548 1239 2587; x_wconf 85' lang='lat' dir='ltr'>Clemens</span> <span class='ocrx_word' id='word_1_363' title='bbox 1279 2548 1473 2587; x_wconf 86' lang='lat' dir='ltr'>Alexandr.</span> 
     </span>
     <span class='ocr_line' id='line_1_81' title="bbox 816 2604 1473 2656; baseline 0.008 -14"><span class='ocrx_word' id='word_1_364' title='bbox 816 2606 1005 2642; x_wconf 86' lang='lat' dir='ltr'>Stromatt.</span> <span class='ocrx_word' id='word_1_365' title='bbox 1055 2604 1073 2642; x_wconf 93' lang='lat' dir='ltr'>l</span> <span class='ocrx_word' id='word_1_366' title='bbox 1123 2618 1210 2656; x_wconf 84' lang='lat' dir='ltr'>pag.</span> <span class='ocrx_word' id='word_1_367' title='bbox 1251 2607 1357 2654; x_wconf 83' lang='lat'><strong>398,</strong></span> <span class='ocrx_word' id='word_1_368' title='bbox 1408 2609 1473 2646; x_wconf 81' lang='grc'>21-</span> 
     </span>
     <span class='ocr_line' id='line_1_82' title="bbox 817 2661 1475 2706; baseline 0 -8"><span class='ocrx_word' id='word_1_369' title='bbox 817 2661 925 2706; x_wconf 82' lang='lat' dir='ltr'>Quae</span> <span class='ocrx_word' id='word_1_370' title='bbox 947 2666 1065 2698; x_wconf 88' lang='lat' dir='ltr'>utrum</span> <span class='ocrx_word' id='word_1_371' title='bbox 1085 2662 1268 2699; x_wconf 85' lang='lat' dir='ltr'>sufficiant</span> <span class='ocrx_word' id='word_1_372' title='bbox 1288 2663 1337 2699; x_wconf 87' lang='lat' dir='ltr'>ad</span> <span class='ocrx_word' id='word_1_373' title='bbox 1353 2662 1475 2699; x_wconf 89' lang='lat' dir='ltr'>Hero-</span> 
     </span>
     <span class='ocr_line' id='line_1_83' title="bbox 817 2718 1475 2756; baseline -0.002 -1"><span class='ocrx_word' id='word_1_374' title='bbox 817 2719 1008 2756; x_wconf 87' lang='lat' dir='ltr'>doteorum</span> <span class='ocrx_word' id='word_1_375' title='bbox 1061 2718 1234 2755; x_wconf 85' lang='lat' dir='ltr'>librorum</span> <span class='ocrx_word' id='word_1_376' title='bbox 1283 2718 1475 2756; x_wconf 88' lang='lat' dir='ltr'>lectionem</span> 
     </span>
     <span class='ocr_line' id='line_1_84' title="bbox 817 2774 1474 2823; baseline -0.005 -11"><span class='ocrx_word' id='word_1_377' title='bbox 817 2777 1041 2822; x_wconf 82' lang='lat' dir='ltr'>mutandam,</span> <span class='ocrx_word' id='word_1_378' title='bbox 1058 2774 1117 2811; x_wconf 80' lang='lat' dir='ltr'>alii</span> <span class='ocrx_word' id='word_1_379' title='bbox 1136 2775 1341 2812; x_wconf 88' lang='lat' dir='ltr'>diiudicent.</span> <span class='ocrx_word' id='word_1_380' title='bbox 1362 2774 1474 2823; x_wconf 89' lang='lat' dir='ltr'>Equi-</span> 
     </span>
     <span class='ocr_line' id='line_1_85' title="bbox 818 2831 1474 2881; baseline -0.008 -12"><span class='ocrx_word' id='word_1_381' title='bbox 818 2832 902 2869; x_wconf 89' lang='lat' dir='ltr'>dem</span> <span class='ocrx_word' id='word_1_382' title='bbox 921 2844 943 2868; x_wconf 69' lang='grc' dir='ltr'><strong>ἢ</strong></span> <span class='ocrx_word' id='word_1_383' title='bbox 962 2831 1069 2869; x_wconf 87' lang='lat' dir='ltr'>codd.</span> <span class='ocrx_word' id='word_1_384' title='bbox 1099 2832 1277 2881; x_wconf 84' lang='lat' dir='ltr'>scriptura</span> <span class='ocrx_word' id='word_1_385' title='bbox 1304 2831 1474 2868; x_wconf 83' lang='lat' dir='ltr'>recedere</span> 
     </span>
     <span class='ocr_line' id='line_1_86' title="bbox 819 2885 1473 2939; baseline -0.008 -13"><span class='ocrx_word' id='word_1_386' title='bbox 819 2888 941 2935; x_wconf 84' lang='lat' dir='ltr'>nolui,</span> <span class='ocrx_word' id='word_1_387' title='bbox 987 2900 1096 2939; x_wconf 79' lang='lat' dir='ltr'>quam</span> <span class='ocrx_word' id='word_1_388' title='bbox 1127 2888 1180 2925; x_wconf 85' lang='lat' dir='ltr'>ita</span> <span class='ocrx_word' id='word_1_389' title='bbox 1214 2887 1308 2925; x_wconf 88' lang='lat' dir='ltr'>tueri</span> <span class='ocrx_word' id='word_1_390' title='bbox 1335 2885 1473 2923; x_wconf 86' lang='lat' dir='ltr'>studuit</span> 
     </span>
    </p>
   </div>
  </div>
 </body>
</html>
