1759 3324
352 255 437 295 700
769 255 1240 295 HERODOTI

222 376 289 421 93
348 363 570 421 λευμένην.
636 364 834 408 Τουτὲων
865 365 910 409 δὲ
940 365 966 422 ἡ
995 366 1073 421 μὲν
1099 364 1345 418 Ἄνθυλλα,
1384 365 1515 409 ἐοῦσα
1543 370 1618 410 λο-

14 439 157 475 Anthylla
178 441 293 469 urbset
349 445 452 499 γῐμη
493 441 634 495 πόλις,

14 474 279 510 Archandropolis.
695 445 736 495 ἐς
776 443 1034 498 ὑποδήματα
1075 444 1287 499 ἐξαίρετος
1336 447 1503 488 δίδοται
1539 450 1674 488 τοῦ35

323 523 439 565 earet
468 523 775 578 βασιλεύοντος
805 523 1031 578 Αἰγύπτου
1072 528 1124 580 τῇ
1159 527 1347 580 γυναικί.

1408 528 1538 567 τοῦτο
1572 524 1617 568 δὲ

319 604 541 657 ὃγίνεται,
573 602 615 654 ἐξ
646 601 755 645 ὅσου
786 600 873 645 ὑπὸ
905 603 1101 660 Πέρσῃσί
1131 604 1220 647 ἐστι
1250 606 1482 659 Αἴγυπτος.
1512 601 1539 659 ἦ
1571 604 1617 646 δὲ

349 681 470 737 ἑτέρη
507 680 631 731 πόλις
674 680 814 724 δοκέει
855 698 930 736 μοι
970 682 1019 724 τὸ
1058 681 1227 738 οὕνομα
1268 683 1375 738 ἔχειν
1411 681 1495 727 ἀπὸ
1535 685 1616 726 τοῦ

350 764 537 804 Λαναοῦ
577 762 804 815 γαμβροῦ,
857 758 1126 816 Ἀρχάνδρου
1171 765 1251 804 τοῦ
1304 763 1483 816 Φθίου,
1536 765 1617 805 τοῦ

319 838 540 895 4Ἀχαιοῦ·
600 839 796 881 καλέεται
833 839 919 894 γάρ
961 839 1013 896 δή
1051 837 1320 896 Ἀρχάνδρου
1358 839 1493 891 πόλις.
1552 842 1617 897 εἰἠ

294 1060 365 1096 que
391 1047 477 1084 urbs
505 1046 575 1084 hoc
611 1050 768 1096 utroque
797 1048 946 1086 nomine

294 1106 340 1140 sit
360 1103 617 1152 intelligenda,
656 1117 751 1152 quae
769 1109 854 1154 post
873 1105 947 1141 An-

292 1161 355 1196 dro
385 1161 430 1196 sit
460 1166 613 1207 vocata,
652 1173 748 1197 nunc
780 1160 947 1205 Sltabur5

291 1216 592 1266 Arclzwzdropolz'u
613 1229 698 1254 vero
717 1230 867 1268 prorsus
894 1218 950 1255 in-

289 1275 471 1323 cognitam
495 1287 588 1312 esse.

469 1444 577 1495 Cap.
607 1443 778 1481 xcvnl.

350 1555 388 1602 ἐς
406 1551 646 1608 ὑποδήματα
669 1555 863 1606 ἐξαίρετος
893 1555 949 1595 δί-

292 1611 425 1663 δοται]
457 1613 479 1649 ἰ.
509 1628 541 1651 e.
574 1613 621 1650 αά
641 1613 949 1650 calceamentormn

291 1673 426 1707 sumtus
450 1670 641 1719 erogandos
669 1670 754 1707 haec
786 1671 867 1706 urbs
897 1670 946 1717 (s.

290 1727 395 1764 huius
418 1727 515 1764 urbis
538 1727 699 1774 reditus)
719 1727 949 1776 singulariter

291 1785 480 1831 assignata
513 1798 540 1820 s.
573 1783 756 1820 adtributa
775 1788 824 1820 est
845 1785 951 1820 uxori

291 1843 364 1877 eius
401 1843 566 1890 satrapae
605 1839 771 1887 Persici,
810 1843 872 1890 qui
910 1843 948 1877 ’ίη

290 1897 452 1946 Aegypto
470 1899 627 1946 imperat.
673 1896 770 1934 Nam
788 1895 859 1936 τόν
882 1892 944 1936 αἐὶ

292 1948 551 2004 βασιλεύοντα
578 1949 786 2004 Αἰγύπτου
830 1958 945 1991 satra-

291 2023 378 2060 pam
407 2010 498 2056 diei,
541 2010 602 2059 qui
633 2010 730 2058 regis
755 2011 867 2046 instar
907 2010 945 2046 in

290 2065 462 2115 Aegypto
482 2070 634 2114 regnet,
664 2079 739 2103 non
757 2068 873 2115 magis
890 2071 946 2102 at-

290 2122 385 2158 tinet
401 2135 576 2169 monere,
608 2135 717 2170 quam
745 2123 849 2169 illud,
879 2123 947 2159 im-

290 2178 432 2228 perium
474 2178 625 2214 istorum
678 2180 947 2228 praefectorum

291 2246 422 2282 reapse
461 2234 601 2282 regium
631 2238 667 2270 et
712 2235 768 2270 vix
803 2235 946 2283 legibus

291 2289 596 2339 circumscriptum
625 2290 736 2326 fuisse
763 2291 798 2326 in
821 2291 947 2326 subdi-

289 2350 368 2392 tos,
399 2345 506 2394 quale
527 2346 708 2394 hodieque
731 2351 786 2383 est
808 2346 947 2383 Turca-

290 2415 370 2439 rum
396 2403 681 2451 praefectorum,
721 2403 850 2450 quibus
880 2416 947 2438 no-

292 2471 376 2495 men
396 2463 451 2495 est
470 2457 623 2494 Pascha.
663 2459 752 2495 lnde
771 2461 862 2507 regis
880 2471 948 2508 ap-

292 2514 439 2566 pellatio
478 2515 515 2551 in
544 2518 689 2564 satrapa
719 2515 806 2551 nihil
837 2515 947 2551 habet

293 2571 433 2608 absoni.

291 2628 366 2664 tavi
386 2628 434 2663 ad
454 2627 602 2664 Ctesiae
618 2628 785 2675 fragmin.
802 2641 837 2676 p.
853 2629 943 2667 122.

294 2683 368 2726 Qui
394 2687 562 2732 satrapae
591 2683 696 2719 etiam
727 2684 763 2719 in
785 2683 861 2719 aliis
892 2696 946 2720 re-

292 2740 362 2776 bus
383 2740 537 2787 exteris,
569 2751 660 2787 quas
692 2740 837 2785 dicunt,
867 2739 889 2775 i.
916 2752 946 2776 e.

292 2800 426 2832 ornatu
445 2825 457 2844 ,
514 2795 709 2832 aulicorum
763 2795 947 2832 ministro-

291 2865 371 2890 rum
394 2865 437 2890 ac
465 2851 657 2890 satellitum
690 2851 795 2902 copia
820 2864 946 2901 regem

493 2570 600 2607 Plura
634 2571 681 2607 de
711 2571 864 2620 satrapis
897 2571 959 2625 ci-¹

1015 1061 1193 1085 summum
1213 1047 1407 1086 Persarum
1435 1048 1567 1085 imitari
1596 1051 1675 1085 stu-

1016 1106 1163 1143 debant.
1222 1105 1319 1142 Hinc
1364 1106 1472 1143 etiam
1507 1106 1671 1155 ipsorum

1017 1175 1148 1199 uxores
1168 1162 1318 1210 reginae
1341 1166 1377 1199 et
1411 1175 1454 1199 eo
1472 1161 1551 1199 loco
1571 1160 1675 1198 habi-

1018 1224 1099 1265 tae,
1127 1231 1198 1267 quo
1218 1219 1316 1266 regis
1345 1219 1472 1255 summi
1501 1218 1670 1255 feminae.

1019 1276 1190 1319 Quicum
1215 1275 1356 1322 feminis
1380 1275 1454 1311 suis
1475 1275 1523 1311 ad
1550 1275 1675 1323 singu-

1017 1332 1072 1369 las
1092 1335 1241 1367 ornatus
1264 1336 1388 1381 partes
1408 1331 1550 1380 singula
1567 1331 1675 1381 oppi-

1019 1390 1067 1426 da
1091 1389 1166 1425 sive
1188 1401 1313 1425 eorum
1334 1389 1472 1426 reditus
1501 1389 1590 1425 dare
1613 1401 1674 1424 so-

1018 1445 1131 1492 leret,
1160 1458 1299 1481 morem
1318 1445 1426 1482 istum
1443 1444 1569 1481 imitati
1590 1447 1674 1481 sunt

1019 1502 1134 1550 reguli
1152 1502 1211 1538 isti
1231 1502 1495 1550 provinciarum
1521 1501 1595 1538 sive
1613 1514 1673 1538 sa-

1017 1563 1156 1609 trapae.
1216 1558 1342 1601 Quare
1377 1570 1507 1608 parum
1535 1557 1672 1605 differt,

1016 1615 1117 1665 quod
1150 1627 1244 1664 quae
1277 1614 1334 1651 hic
1359 1613 1397 1660 ἐς
1431 1609 1673 1664 ’ὑποδήματα

1016 1673 1149 1708 tradita
1200 1671 1330 1707 dicitur
1376 1671 1526 1720 reginae
1574 1671 1672 1717 urbs,

1017 1729 1117 1779 apud
1141 1727 1369 1764 Athenaeum
1392 1727 1408 1763 Ι
1438 1740 1522 1777 pag.
1539 1728 1594 1767 33
1617 1727 1673 1773 εἰς

1019 1782 1146 1834 ζώνην
1167 1785 1355 1832 assignata
1366 1784 1479 1820 fuisse
1491 1788 1670 1821 narratur.

1016 1843 1077 1880 Tu
1114 1842 1227 1888 vide,
1277 1853 1372 1889 quae
1406 1840 1588 1890 disputavi
1623 1840 1672 1877 ad

1017 1898 1166 1936 Ctesiae
1187 1899 1354 1945 sragmm.
1374 1909 1461 1947 pag.
1481 1898 1576 1938 209.

1068 2003 1311 2059 Ἀρχάνδρου
1333 2010 1405 2048 τοῦ
1428 2008 1577 2053 Φθίου,
1598 2009 1673 2048 τοῦ

1011 2060 1186 2115 Ἀχαιοῦ]
1217 2066 1320 2102 Haec
1338 2065 1388 2102 ita
1413 2069 1497 2102 sunt
1516 2064 1671 2115 prolata,

1014 2126 1053 2158 ut
1084 2122 1162 2158 iure
1191 2121 1318 2158 Phthia·
1345 2122 1457 2158 filium
1483 2126 1519 2159 et
1541 2121 1674 2158 Achaei

1014 2181 1186 2227 nepotem
1226 2179 1346 2215 dicere
1375 2190 1486 2227 posse
1516 2177 1670 2214 videaris

1014 2234 1267 2271 Arcliamlrum.
1334 2232 1416 2270 Nec
1451 2232 1557 2270 aliter
1587 2233 1673 2271 Ste-

1014 2290 1154 2340 phanus
1188 2291 1344 2338 Byzant.
1384 2303 1413 2326 s.
1451 2303 1484 2325 v.
1522 2285 1672 2336 Ἑλλάς.

1015 2347 1091 2383 Sed
1121 2346 1330 2394 obloquitur
1357 2345 1558 2382 Pausanias
1589 2346 1672 2394 VII,

1018 2405 1039 2442 1
1072 2416 1107 2452 p.
1127 2403 1209 2443 522
1237 2401 1506 2448 Arclzaudrum,
1539 2402 1675 2439 Achaei

1014 2458 1126 2494 filium
1146 2471 1187 2495 ac
1208 2459 1404 2508 postmodo
1416 2458 1540 2494 Danai
1557 2472 1672 2507 gene-

1012 2528 1114 2560 rum,
1159 2527 1202 2552 ex
1230 2514 1438 2551 Phthiotide
1475 2515 1512 2550 in
1549 2514 1670 2564 Argos

1013 2572 1155 2607 venisse
1173 2571 1354 2615 scribens3
1375 2576 1413 2606 ut
1429 2571 1499 2607 iam
1516 2570 1670 2608 Phthius

1015 2627 1084 2663 hoc
1108 2627 1288 2663 Herodoti
1317 2627 1395 2663 loco
1421 2627 1468 2663 sit
1490 2629 1671 2677 accipien-

1015 2684 1099 2719 dum
1131 2696 1264 2720 nomen
1291 2682 1427 2732 gentile
1455 2682 1668 2720 Archandri.

1013 2739 1195 2788 Equidem
1236 2739 1285 2775 nil
1321 2739 1526 2776 discernam
1560 2740 1598 2777 in
1629 2753 1671 2779 re

1014 2799 1091 2833 tam
1109 2796 1262 2834 obscura
1279 2799 1390 2846 atque
1407 2796 1557 2834 incerta.
