1759 3324
10 2704 13 2713 s
77 2688 126 2724 ad
142 2687 295 2729 Pausan.
313 2692 394 2740 Vll,
412 2695 466 2735 26

12 2811 15 2831 l

614 272 828 312 cL10.
887 271 915 311 1.

1303 276 1387 315 337

143 404 235 444 ρεα·
282 384 468 438 κατάπερ
497 386 583 427 νῦν
621 381 821 439 Ἀχαιῶν,
866 382 955 425 τῶν
984 379 1275 434 ἐξελασάντων
1293 381 1385 426 ’Ἰω-

112 474 241 517 Ωνας,
292 462 483 509 δυώδεκά
512 461 601 506 ἐστι
627 462 777 519 μέρεα·
826 456 1024 518 Πελλήνη
1061 461 1141 518 μέν
1165 477 1210 507 τε
1237 459 1387 519 πρώτη
1446 481 1449 483 >

139 664 324 721 Πελλήνη
373 665 444 720 μέν
493 683 534 708 τε
588 666 725 722 πρώτη

83 724 206 779 πρός
236 724 467 777 Σικυῶνος]
512 725 612 764 Male
640 726 724 764 olim

81 781 177 835 πρὸ
210 785 428 829 Σικυῶνος.
498 782 610 826 Quod
656 795 724 819 nos

81 853 158 877 cum
174 840 355 890 prioribus
372 839 473 876 editt.
484 840 725 889 reposuimuS,

80 895 192 933 valet:
223 896 408 946 Sicyonem
433 908 561 932 versus.
620 895 728 932 Conf.

80 952 119 999 l,
150 951 205 993 84
231 956 341 1001 atque
360 952 519 989 Pausan.
547 950 637 998 VII,
671 954 726 992 26

81 1006 119 1060 S
142 1012 186 1050 5:
233 1005 359 1058 πρός
389 1009 658 1054 Σικυῶνος
687 1005 730 1046 δὲ

81 1058 229 1103 οὗτοι
260 1065 303 1113 (i.
328 1077 360 1102 e.
382 1061 636 1112 Pellenenses)
660 1060 729 1102 καὶ

81 1120 223 1172 μοίρας
241 1135 312 1172 της
327 1115 549 1171 Ἀργολίδος
562 1115 728 1170 ’Λχαιων

82 1176 324 1216 οἰκοῦσιν
355 1175 574 1227 ἔσχατοι.
601 1198 657 1204 -—-
685 1176 727 1213 In

80 1246 185 1282 seqq.
208 1233 293 1271 dedi
312 1227 392 1271 ἄπ’
423 1229 447 1272 ὅ
454 1247 542 1272 του
571 1244 652 1269 cum
668 1245 726 1270 re-

81 1293 189 1327 centt.
208 1301 275 1339 pro
295 1284 393 1328 ἀπὸ
420 1291 530 1336 τοῦ,
559 1289 657 1338 quod
683 1288 725 1325 li-

79 1345 155 1382 bris
195 1345 398 1383 melioribus
433 1345 552 1382 invitis
585 1345 728 1382 reduxit

78 1399 267 1439 Matthiae.
325 1401 401 1438 Sed
440 1402 534 1438 conf.
569 1404 645 1437 not.
677 1400 725 1437 ad

78 1456 119 1504 I,
141 1459 179 1498 7.
217 1458 336 1501 Quem
356 1456 426 1493 illic
452 1456 596 1494 laudavi
620 1457 725 1493 Stru-

77 1525 144 1560 ve,
172 1512 204 1549 is
230 1513 264 1550 h.
292 1513 315 1550 l.
345 1512 452 1550 scribi
479 1507 657 1551 vultoin’
686 1508 724 1552 ό-

76 1582 182 1616 τευ,
220 1582 299 1606 cum
328 1582 372 1607 ex
399 1565 486 1608 &vso
527 1572 645 1606 ortum
675 1569 724 1606 sit

77 1624 131 1674 (v.
150 1638 180 1662 c.
209 1624 246 1672 I,
275 1628 314 1666 7.
343 1627 422 1666 119
455 1625 608 1674 aliisque
634 1625 721 1662 locis

75 1680 296 1732 permultis),
323 1681 393 1717 vid.
412 1694 497 1731 pag.
509 1681 575 1723 48.
604 1680 725 1730 Atque

78 1737 186 1775 etiam
222 1736 437 1774 Schaeferus
460 1738 512 1775 sic
548 1737 723 1775 ediderat.

133 1793 194 1830 De
225 1793 299 1830 situ
329 1793 491 1841 urbium,
527 1806 621 1843 quae
655 1793 725 1831 hoc

77 1847 158 1886 loco
174 1854 520 1897 commemorantur,
549 1849 725 1886 duumviri

77 1917 165 1955 prae
190 1905 319 1942 ceteris
339 1909 576 1953 monuerunt,
606 1905 649 1942 C.
674 1906 721 1943 O.

76 1960 218 1999 Mulier.
257 1961 293 1997 in
325 1960 430 1998 Dorr.
465 1962 500 1999 Π
534 1963 721 2012 pag-427

77 2030 181 2067 seqq.
213 2020 250 2054 et
282 2017 449 2055 Siebelis.
480 2018 528 2055 ad
557 2018 721 2066 singulos

74 2072 278 2111 Pausaniae
302 2073 413 2110 locos.
469 2073 547 2112 Iam
570 2074 721 2123 Pellene,

77 2141 171 2178 quae
195 2130 311 2180 primo
340 2129 420 2167 loco
451 2131 617 2180 ponitur,
655 2132 720 2169 de-

75 2185 239 2223 scribitur
256 2199 277 2223 a
293 2185 474 2223 Pausania
490 2187 578 2234 Vll,
600 2189 654 2229 26
664 2208 719 2217 —-

75 2244 141 2283 27.
179 2241 279 2279 Urbs
310 2242 379 2279 sita
404 2243 498 2280 inter
525 2243 721 2292 Sicyonem

76 2300 112 2335 et
134 2296 323 2347 Aegiram,
343 2299 443 2336 cuius
462 2301 641 2348 quaedam
661 2313 720 2337 ru-

77 2353 164 2391 dera
179 2355 406 2393 inveniuntur
416 2356 453 2393 in
463 2355 542 2393 loco
557 2357 614 2393 cui
625 2370 720 2395 nunc

76 2421 208 2448 nomen
228 2410 387 2449 Trz'kala.
434 2412 607 2461 Sequitur
626 2414 719 2450 occi-

75 2465 220 2504 dentem
239 2480 362 2505 versus
390 2469 477 2506 inde
495 2468 652 2517 Aegira,
682 2470 720 2507 in

76 2521 173 2558 cuius
183 2523 297 2562 locum
317 2537 411 2562 nunc
421 2525 640 2563 successisse
653 2538 719 2562 vo-

76 2574 154 2613 lunt
179 2577 446 2629 Palaeokastro,
485 2580 562 2618 aliis
593 2586 716 2620 tamen

76 2631 179 2671 aliter
195 2637 428 2674 statuentibus
446 2636 560 2685 (conf.
581 2637 715 2676 Siebel.

77 2741 216 2782 Miffler.
242 2746 264 2784 l.
290 2747 313 2785 l.
352 2762 437 2799 pag.
460 2692 574 2798 438).
622 2750 722 2787 Hinc

76 2799 295 2840 occidentem
320 2817 445 2842 versus
477 2806 623 2843 Crathis
650 2808 720 2843 ssu-

75 2854 174 2902 vius3
219 2858 315 2897 iuxta
346 2873 453 2910 quem
493 2875 588 2910 quae
617 2862 719 2900 inve-

76 2910 221 2949 niuntur
239 2915 382 2964 ruinae,
402 2919 459 2956 ‘ad
482 2918 600 2967 Aegas
621 2919 717 2957 refe-

118 2967 328 3009 Hssnonoae.
357 2972 387 3010 I.

792 673 885 708 runt.
949 666 1090 707 Eadem
1130 669 1208 708 fere
1243 669 1441 708 directione

791 730 1008 777 pergentem
1029 726 1086 763 via
1106 725 1204 764 ducit
1218 725 1373 774 Buram,
1393 727 1440 764 de

792 794 866 832 qua
895 782 1094 820 Pausanias
1129 783 1220 831 VII,
1248 784 1302 825 25
1331 782 1370 834 §.
1399 784 1440 824 5.

793 839 899 882 Quae
918 840 1004 876 urbs
1021 842 1162 876 mature
1180 852 1307 877 eversa
1321 843 1440 877 terrae

795 898 915 942 motu,
937 895 974 931 in
1000 895 1116 931 vicino
1146 895 1238 933 colle
1268 896 1353 933 dein
1381 908 1440 933 re·-

795 964 881 989 cens
900 952 968 988 fuit
983 951 1151 999 condita,
1178 952 1239 988 ubi
1260 952 1439 1002 quaedam

795 1008 914 1044 adhuc
945 1011 1089 1045 exstant
1126 1008 1270 1045 rudera.
1328 1008 1440 1045 Unde

794 1063 1077 1114 septentrionem
1106 1076 1231 1101 versus
1252 1065 1300 1101 ad
1329 1064 1439 1101 maris

793 1120 933 1167 sinum,
963 1119 1024 1168 qui
1044 1132 1140 1156 nunc
1166 1120 1296 1158 dicitur
1312 1119 1440 1158 Baka-

788 1176 916 1226 plzz'ae,
944 1174 1070 1213 Helice
1092 1176 1161 1213 fuit
1182 1176 1272 1223 sita,
1301 1177 1348 1214 de
1366 1189 1439 1226 qua

793 1232 994 1269 Pausanias
1024 1231 1115 1279 VII,
1151 1231 1205 1273 24
1225 1245 1328 1282 seqq.
1357 1233 1437 1281 (ubi

793 1288 837 1325 cf.
867 1287 1000 1326 Siebel.
1027 1301 1064 1338 p.
1098 1288 1211 1336 181).
1267 1288 1438 1332 Quadra·

792 1344 894 1393 ginta
913 1344 1032 1380 stadia
1055 1343 1139 1380 hinc
1163 1348 1340 1382 remotum
1369 1345 1438 1381 Ae-

789 1401 890 1448 gium
908 1399 1126 1449 Selinusque
1147 1400 1288 1438 fluvius.
1330 1400 1438 1438 Nune

789 1459 937 1493 vocatur
959 1455 1134 1493 Vostz‘zza.
1175 1455 1344 1506 Triginta
1363 1461 1438 1494 sta-

791 1512 852 1549 dia
866 1512 952 1550 inde
971 1512 1194 1550 occidentem
1209 1526 1334 1550 versus
1351 1526 1438 1563 pro-

789 1569 927 1618 gressis
955 1567 1078 1619 Rypes
1103 1573 1210 1617 sunt,
1239 1569 1310 1606 iam
1342 1569 1438 1608 Pau-

789 1625 915 1669 saniae
937 1629 1056 1663 aetate
1086 1637 1234 1663 eversae
1257 1624 1357 1675 (VII,
1383 1628 1438 1668 23

791 1678 828 1731 ἓ.
849 1680 935 1729 45).
991 1681 1104 1718 Unde
1126 1681 1271 1731 longius
1299 1686 1439 1721 remota

791 1736 1032 1774 Patreensium
1067 1737 1151 1774 urbs
1164 1767 1175 1785 ,
1217 1737 1274 1775 vel
1310 1742 1439 1775 nostra

790 1797 910 1831 aetate
936 1794 1102 1842 cognita3
1137 1794 1184 1831 de
1210 1806 1283 1844 qua
1304 1794 1437 1832 multus

790 1854 848 1887 est
885 1849 1088 1886 Pausanias
1124 1849 1212 1897 VII,
1247 1851 1299 1891 18
1332 1864 1437 1900 seqq.

788 1905 903 1943 Vetus
924 1906 1010 1943 urbs
1028 1906 1076 1943 ad
1091 1918 1192 1944 mare
1212 1907 1330 1956 ipsum
1339 1907 1438 1944 haud

787 1961 856 1999 fuit
876 1966 1076 2009 exstructa,
1106 1963 1173 2000 sed
1188 1962 1377 2001 moenibus
1395 1975 1438 2000 ac

785 2022 895 2069 portu
914 2018 1033 2055 iuncta
1052 2019 1152 2055 mari.
1208 2016 1241 2054 A
1261 2019 1436 2056 Corintho

786 2073 916 2123 viginti
947 2074 1116 2111 horarum
1140 2075 1270 2112 itinere
1301 2075 1437 2113 distare

788 2143 885 2168 nunc
912 2132 1074 2168 scribunt
1097 2131 1336 2178 recentiores,
1366 2130 1437 2168 alia

789 2199 936 2236 quoque
960 2187 1008 2224 de
1031 2187 1208 2225 hodierna
1232 2188 1331 2224 urbis
1348 2200 1436 2224 con-

789 2244 926 2281 ditione
944 2244 1171 2293 proferentes
1192 2242 1282 2291 (vid.
1298 2244 1433 2281 Siebel.

787 2301 836 2342 ad
856 2299 1013 2336 Pausan.
1035 2299 1058 2336 l.
1075 2299 1098 2336 l.
1116 2299 1258 2337 Mulier.
1277 2299 1300 2336 l.
1321 2299 1377 2348 1.).
1402 2300 1435 2337 Α

787 2354 905 2393 Patris
925 2355 1111 2405 octoginta
1138 2356 1257 2393 stadia
1279 2357 1357 2394 fere
1377 2357 1435 2393 di-

786 2416 859 2449 stat
877 2412 991 2449 Rims
1006 2413 1134 2449 fluvius
1146 2440 1157 2460 ,
1175 2425 1271 2450 nunc
1289 2413 1435 2450 nomine

787 2467 996 2506 Kamz'nz‘tza
1014 2472 1142 2516 notus,
1173 2469 1222 2505 ad
1240 2481 1348 2517 quem
1368 2469 1435 2506 ad-

784 2524 904 2562 iacent
945 2524 1087 2562 Pharae
1133 2522 1335 2576 (Φαρέες,
1373 2525 1434 2562 alii

787 2582 934 2632 Φαρεῖς
963 2586 1073 2630 atque
1109 2582 1296 2632 Φαραιεῖς
1305 2597 1317 2629 3
1360 2581 1432 2619 vid.

786 2637 953 2675 Siebelis.
983 2637 1032 2673 ad
1066 2636 1224 2674 Pausan.
1258 2637 1345 2685 Vll,
1378 2641 1433 2679 22

787 2691 824 2744 §.
844 2695 904 2742 3).
962 2693 1110 2730 Olenum.
1126 2693 1223 2730 haud
1243 2692 1352 2743 longe
1368 2694 1434 2730 ab-

786 2749 901 2787 fuisse
925 2761 947 2786 a
975 2750 1124 2787 flumine
1143 2748 1235 2787 Riro
1252 2753 1433 2787 testantur

784 2809 946 2853 veteres,
970 2806 1192 2843 recentiores
1207 2805 1306 2843 urbis
1324 2807 1433 2842 rude-

785 2874 826 2898 ra
845 2874 962 2912 prope
972 2859 1262 2900 Palaeo-Achaia
1278 2865 1432 2911 ponunt,

784 2918 894 2957 trium
912 2918 1082 2957 horarum
1099 2921 1137 2955 et
1156 2917 1294 2954 dimidii
1311 2917 1433 2967 spatio

1132 2973 1188 3013 22
