1759 3324
626 276 846 315 CLlO.
903 275 932 313 1.

1326 277 1410 318 371

152 390 262 449 η’τεω
278 388 513 447 μαθόντες,
547 385 605 437 [ὃς
632 384 713 429 τόν
741 383 924 439 Κύρνον
943 395 1024 441 σφι
1042 383 1070 441 ἡ
1093 385 1244 439 Πυθίη
1263 383 1467 439 ἓῇίρησεόο

151 473 292 516 κτίσαι
318 468 440 524 ἥρων
470 464 617 516 ἐόντα,
663 462 764 507 ἀλλ’
795 462 850 507 οὐ
880 462 962 520 τήν
998 467 1146 520 νῆσον.

1210 464 1412 520 Φωκαίης

33 564 130 612 168
153 549 231 605 μέν
261 562 345 591 νυν
379 549 477 601 πέρι
506 548 582 600 τῆς
611 543 658 587 ἐν
684 543 823 601 Ἰωνίῃ
853 542 994 594 οὕτως
1023 542 1128 599 ἔσχε.
1166 539 1410 598 Παραπλή-

1464 548 1535 577 Teii
1596 550 1659 578 Har
1645 559 1737 585 rgopa

1465 591 1493 610 m
1497 592 1561 609 11111
1543 570 1600 643 ''il
1573 592 1691 611 jjjjjj
1695 586 1737 612 bis

151 639 222 673 σια
252 626 298 670 δὲ
325 623 522 668 τούτοισι
560 624 634 667 καὶ
676 623 802 680 Τήιοι
840 623 1063 680 ἐποίησαν.
1123 623 1214 666 ἐπεί
1252 637 1297 664 τε
1324 619 1408 676 γάρ
1464 618 1558 676 {mim
1606 618 1723 646 “Mb

1495 651 1737 691 uqftss.

149 717 296 762 σφεων
337 701 420 748 εἷλε
448 703 616 761 χώματι
643 701 692 747 τὸ
732 708 870 759 τεῖχος
905 701 1145 759 Ἅρπαγος,
1203 699 1405 757 ἐσβάντες
1460 683 1555 744 3331?
1568 685 1723 746 ιιὲ’πόει”“””
1684 718 1738 747 li-

1465 758 1527 779 11185
1530 749 1603 792 huss}

149 785 308 836 πάντες
336 783 381 836 ἐς
406 783 460 827 τὰ
488 787 642 836 πλοῖα,
674 784 847 838 οἴχοντο
875 782 1078 833 πλέοντες
1105 781 1176 825 ἐπὶ
1200 797 1276 837 τ,3ς
1296 783 1410 836 Θρη-
1421 783 1466 820 65
1558 810 1576 835 ἦ

151 865 285 921 ϊκίης,
332 863 406 907 καὶ
443 862 638 907 ἐνθαυτα
676 862 849 907 ε’κτισοιν
892 860 1023 906 πόλιν
1058 860 1274 919 ’Ἄβδηρα

94 1076 267 1118 vocatur3
297 1071 397 1120 quod
419 1071 515 1109 enim
540 1084 561 1108 e
585 1069 744 1120 Stepha

94 1141 145 1165 no
166 1128 370 1176 Byzantino
398 1129 593 1165 advocatur
620 1122 746 1166 Θύελ-

95 1186 165 1231 λα,
195 1188 319 1220 natum
341 1185 484 1222 videtur
503 1197 547 1221 ex
571 1185 744 1222 OYEA-

95 1243 175 1279 AA
194 1240 286 1277 male
297 1241 421 1290 scripti
438 1241 569 1277 codicis
584 1244 647 1277 aut
659 1241 742 1278 OT-

96 1299 261 1343 EAM,
291 1300 332 1332 ut
354 1297 447 1334 bene
473 1297 546 1333 iam
576 1297 746 1333 observa-

96 1353 147 1390 vit
182 1352 455 1401 W'esselingius.
510 1352 570 1390 De
599 1352 746 1389 nomine

96 1409 194 1446 urbis
210 1406 324 1458 ‘Tam
343 1422 372 1446 s·
389 1404 499 1447 Ἑλέα
517 1413 746 1454 monuerunt,

95 1468 136 1502 ut
156 1464 187 1502 C
193 1477 222 1501 r.
241 1469 363 1512 notat,
392 1463 560 1501 Mazochi
579 1465 615 1500 in
635 1465 748 1501 Com-

96 1526 221 1559 mentt.
258 1522 306 1559 ad
341 1520 377 1558 T
378 1521 460 1558 abb.
490 1520 745 1559 Heracleenss.

95 1590 182 1629 pag.
200 1579 265 1618 43.
284 1579 375 1618 120.
395 1577 476 1618 516
493 1590 571 1627 seq.
601 1577 747 1615 Rasche

95 1634 135 1671 in
158 1633 279 1672 Lexic.
300 1634 352 1671 rei
368 1646 507 1670 numar.
532 1638 619 1672 vett.
640 1633 688 1671 T.
711 1633 746 1671 V

96 1690 197 1727 Part.
225 1688 260 1726 Π
290 1703 327 1740 p.
350 1693 431 1731 797
455 1703 554 1738 seq.,
593 1693 629 1727 et
652 1702 748 1739 quae

98 1745 136 1783 in
157 1745 309 1783 Scholiis
329 1745 523 1783 Platonicis
551 1746 599 1783 ad
615 1746 750 1796 Sophi-

100 1806 178 1840 stae
199 1802 337 1839 initium
367 1803 559 1839 traduntur
589 1815 675 1853 pag.
694 1802 747 1843 35

97 1857 179 1896 coll.
205 1871 291 1908 pag.
320 1860 374 1899 78
411 1859 505 1896 Cod.
535 1858 659 1896 Clark.
688 1859 746 1896 ed.

99 1915 284 1952 Gaisford.
330 1915 510 1952 Graecum
546 1915 644 1952 urbis
680 1928 749 1952 no·-

98 1983 204 2018 men,
244 1970 350 2021 quale
387 1971 598 2008 Herodotus
630 1971 749 2019 effert,

97 2028 136 2065 in
145 2027 307 2065 omnibus
317 2028 433 2065 numis
442 2028 632 2078 reperitur,
647 2032 751 2078 post-

99 2084 208 2122 modo
224 2085 320 2122 varie
337 2085 622 2134 pronuntiatmn,
652 2085 750 2122 unde

99 2141 209 2179 etiam
229 2140 266 2177 in
285 2142 459 2191 scriptura
472 2141 660 2188 variatum,
670 2154 751 2178 mo-

99 2200 209 2235 nente
228 2197 398 2235 Miintero
413 2197 448 2245 ¹(
458 2197 559 2236 Velia
574 2197 612 2234 in
629 2196 751 2235 Luca-

99 2255 185 2292 nien
205 2266 291 2304 pag.
322 2254 538 2303 20—22)‚
570 2253 632 2304 qui
649 2254 749 2291 varia

100 2311 183 2348 hinc
213 2315 292 2347 orta
320 2311 420 2348 urbis
448 2311 596 2348 nomina
623 2323 750 2349 recen-

102 2370 168 2405 set.
230 2366 371 2404 Latinis
422 2367 654 2417 scriptoribus
710 2371 751 2405 ut

101 2422 291 2474 plurimum
318 2424 446 2461 dicitur
479 2424 589 2462 Velia.

160 2476 213 2526 ὥς
231 2476 296 2519 τὸν
316 2475 482 2532 Κύρνον
512 2492 586 2530 σφι
613 2478 643 2532 ἦ
664 2482 749 2520 Πυ-

103 2534 179 2586 θίη
200 2534 332 2588 ἔχρησε
361 2535 515 2587 κτίσαι]
545 2533 613 2576 τὸν
640 2532 750 2590 Κύρ-

105 2605 178 2630 νον
192 2593 318 2632 κτίσαι
336 2594 474 2632 condere
493 2593 680 2644 Cyrnum
671 2607 694 2631 1.
715 2607 747 2632 e.

109 2646 260 2697 Cyrnum
285 2654 326 2687 ut
349 2650 479 2688 heroem
502 2650 609 2687 colere
636 2653 750 2688 sacris

107 2704 147 2740 in
177 2706 249 2741 eius
270 2704 423 2745 honorem
451 2709 638 2745 ῑηείίίαἰῑε.
695 2706 753 2744 Ita

108 2758 231 2797 nulla
222 2760 348 2800 inloco
368 2763 558 2802 difficultas
592 2767 656 2800 aut
684 2763 751 2800 ob-

109 2816 276 2865 scuritas,
303 2830 370 2856 nec
396 2819 470 2857 ulla
500 2833 592 2870 opus
632 2823 752 2857 muta-

108 2871 229 2918 tione,
257 2874 399 2922 qualem
419 2889 451 2913 v.
470 2890 500 2915 c.
519 2888 638 2926 nuper
666 2888 754 2926 pro-

109 2928 231 2977 posuit
262 2929 405 2980 Steger.
442 2932 481 2969 in
509 2931 670 2970 Praefat.
704 2932 754 2970 ad

1332 874 1413 915 την

811 1069 991 1108 Herodot.
1029 1081 1066 1120 p.
1091 1068 1146 1106 X:
1189 1083 1244 1114 ως
1264 1065 1330 1108 τὸν
1355 1063 1465 1120 Κύρ-

811 1141 886 1165 νον
909 1138 982 1176 σφι
1000 1142 1027 1176 η
1052 1127 1103 1163 Π.
1126 1124 1203 1177 ε’χο.
1228 1127 1335 1164 τῖσαι
1352 1121 1465 1177 η’ρων

811 1178 948 1231 ἐόντα,
977 1177 1064 1222 ἀλλ’
1086 1177 1136 1222 ου’
1151 1196 1226 1233 την
1243 1184 1369 1233 νῆσον
1385 1181 1464 1220 κτί-

813 1251 890 1278 σαι.

869 1291 1009 1347 η’ρων
1033 1290 1205 1341 ἐόντα]
1236 1294 1296 1333 De
1317 1307 1464 1333 accusa-

812 1352 876 1388 tivi
894 1352 1013 1389 forma
1033 1347 1184 1403 (ἤρων)
1208 1351 1347 1388 monuit
1366 1351 1465 1388 Mat-

812 1407 910 1445 thiae
941 1405 978 1458 §.
1001 1410 1056 1448 70
1086 1411 1163 1444 not.
1188 1408 1215 1448 3
1252 1420 1338 1457 pag.
1371 1408 1464 1449 153.

815 1464 997 1512 Cyrnum,
1015 1463 1182 1501 Herculis
1200 1464 1310 1501 filium
1322 1493 1333 1511 ,
1350 1476 1373 1501 a
1390 1476 1465 1513 quo

816 1520 960 1557 Graece
984 1520 1124 1557 dicatur
1158 1520 1311 1557 Corsica
1335 1520 1465 1569 insula,

812 1577 978 1614 nominat
1002 1576 1149 1614 Servius
1168 1577 1217 1614 ad
1242 1577 1368 1627 virgil.
1387 1576 1464 1615 Ecl.

812 1633 881 1682 IX,
891 1635 945 1674 30
958 1647 969 1679 3
981 1634 1081 1682 quod
1092 1646 1155 1671 cur
1172 1638 1286 1683 negat
1295 1633 1466 1682 Schwgh.

815 1690 984 1739 equidem
1001 1702 1076 1726 non
1095 1690 1288 1740 perspiciO.
1316 1690 1466 1729 Rectius

814 1746 874 1784 ille
892 1746 1028 1783 iudicat
1057 1746 1104 1783 de
1129 1746 1321 1784 Benedicti
1346 1747 1470 1785 conie-

815 1807 917 1840 ctura
931 1802 989 1851 (in
1006 1806 1074 1839 act.
1092 1802 1217 1840 semin.
1233 1802 1468 1853 philol.Lips.

815 1859 898 1897 Vol.
915 1858 950 1896 Π
978 1858 1026 1896 Τ.
1048 1858 1083 1895 ΙΙ
1103 1872 1142 1909 p.
1166 1860 1291 1907 283),
1317 1860 1388 1909 qua
1415 1859 1469 1897 le-

816 1916 978 1965 gendum
1011 1916 1078 1953 sit:
1127 1914 1214 1962 ἕλος
1247 1911 1389 1964 ἐόντα,·
1429 1920 1470 1953 ut

814 1972 1013 2023 paludum,
1041 1971 1079 2007 in
1105 1972 1234 2021 quibus
1260 1972 1471 2010 Phocaeen-

817 2042 874 2066 ses
902 2032 996 2066 teste
1020 2027 1201 2077 Dionysio
1234 2028 1417 2065 Halicarn.
1440 2029 1470 2076 I,

816 2087 872 2126 20
894 2084 1037 2122 Veliam
1062 2085 1189 2123 urbem
1213 2085 1467 2133 condiderunt,

815 2154 950 2179 nomen
994 2141 1104 2178 fuerit
1140 2136 1314 2193 Κύρνος.
1344 2163 1400 2169 --
1426 2142 1470 2179 In

816 2198 889 2236 fine
917 2210 997 2248 cap.
1020 2193 1155 2244 οὕτως
1188 2212 1209 2236 e
1239 2197 1398 2248 pluribus
1427 2199 1471 2235 li-

814 2254 890 2292 bris
911 2254 1077 2292 dedimus
1098 2268 1178 2292 cum
1202 2255 1320 2292 Gaisf.
1350 2253 1471 2304 Vulgo

816 2323 862 2349 ex
872 2310 968 2348 Aldo
984 2316 1231 2363 propagatum
1254 2315 1333 2350 erat
1353 2309 1470 2351 οὕτω.

985 2395 1017 2432 C
1028 2408 1049 2433 a
1058 2408 1095 2447 p.
1125 2394 1328 2434 CLXVIII.

871 2477 940 2519 καὶ
963 2477 1142 2519 ἐνθαῦτα
1168 2478 1326 2520 ἔκτισαν
1351 2475 1472 2521 πόλιν

804 2532 1015 2588 ’Ἀβδηρα]
1064 2537 1159 2574 Cum
1196 2537 1389 2575 Herodoto
1433 2539 1473 2575 in

815 2593 1025 2631 narratione
1061 2594 1108 2631 de
1147 2591 1295 2631 Abdera
1329 2595 1475 2632 condita

817 2650 1047 2687 consentiunt
1067 2649 1201 2687 Strabo
1220 2649 1308 2688 XIV
1331 2664 1368 2701 p.
1389 2650 1473 2692 644

818 2707 877 2744 ed.
896 2706 982 2743 Cas.
1011 2719 1049 2756 p.
1072 2707 1179 2754 953,
1206 2706 1251 2743 Β.
1291 2707 1472 2756 Scymnus

819 2763 888 2800 Ch.
924 2775 958 2800 v.
987 2764 1070 2804 670
1110 2766 1198 2800 tom.
1229 2762 1265 2800 II
1303 2776 1390 2814 pag.
1417 2765 1473 2804 38

818 2818 990 2856 Hudson.
1047 2817 1219 2868 Namque
1250 2819 1359 2857 binae
1391 2823 1475 2856 sunt

819 2875 1102 2924 distinguendae
1126 2874 1313 2922 coloniae,
1341 2887 1364 2912 a
1391 2875 1477 2911 viris

821 2931 937 2969 doctis
955 2931 1117 2970 inunam
1135 2935 1274 2980 temere
1290 2932 1475 2978 confusae,

1115 2986 1210 3026 24*
