1759 3324
268 521 334 566 30
389 519 542 578 κελεύῃ
555 554 566 573 ,
598 520 741 564 ἐκεῖσε.

60 584 133 612 lude
176 585 334 619 Autom‹u‚

59 618 155 646 coloni
185 619 333 658 Ᾱεε)ῃυί,

60 652 116 712 ‹ihi›
127 652 185 712 aiu1
185 652 335 712 Ᾰῗῑιῐῃὶὶιίΐῑξ-

59 694 107 746 ἓηι
165 723 231 745 tran
235 694 335 757 sfugpe-

189 752 336 790 Aegypua

59 784 210 821 praesidia
258 785 335 812 tria:

60 755 147 778 runt:

385 256 471 296 542

771 252 1245 294 HERODOTI

335 362 512 420 1οτήϊον
535 361 644 414 Διὸς
670 363 912 419 κατέστηκε.
945 361 1252 416 στρατεύονται
1283 360 1331 406 δ’
1353 361 1482 405 ἐπεαν
1513 372 1646 417 σφεας

391 441 414 486 ὁ
443 442 546 493 θεὸς
577 437 704 494 οὗτος
733 441 886 498 κελεύῃ
919 441 990 485 διὰ
1020 440 1346 497 θεσπισμάτων·
1388 440 1482 492 καὶ,
1508 444 1562 498 τῇ
1592 439 1648 484 ἂν

797 520 898 563 Ἀπὸ
927 522 971 564 δὲ
1008 520 1165 578 ταύτης
1203 526 1279 578 τῆς
1307 520 1459 570 πόλιος
1487 520 1645 571 πλέων,

392 600 438 644 ἐν
467 602 546 656 ἰ’σῳ
577 599 721 654 χρόνῳ
753 598 866 657 ἄλλῳ
895 598 1009 654 ἥξεις
1047 600 1089 650 ἐς
1124 600 1227 650 τούς
1257 597 1561 654 Αὐτομόλους,
1602 597 1704 641 ἐνΊΟ

392 679 480 735 ὅσῳ
510 694 587 732 περ
619 677 659 728 ἐξ
691 674 995 732 Ἐλεφαντίνης
1027 673 1157 732 ἦλθες
1194 679 1237 729 ἐς
1274 677 1353 733 τήν
1382 677 1649 734 μητρόπολιν

332 986 405 1023 isse
425 986 509 1022 satis
529 983 766 1035 comprobant
781 982 987 1033 anaglypha

335 1048 446 1091 atque
465 1042 653 1090 imagines,
683 1040 813 1088 quibus
833 1040 988 1089 templo-

334 1112 414 1136 rum
434 1099 565 1134 rudera
583 1098 718 1134 referta
736 1109 814 1133 esse
834 1096 988 1133 clamant

333 1155 624 1205 peregrinatores
652 1153 909 1197 recentissimi,
941 1153 986 1189 ab

334 1211 519 1248 Heerenio
547 1210 644 1247 citati
667 1209 690 1245 l.
707 1208 730 1245 l.
789 1207 886 1245 Nam
907 1209 987 1245 uni-

333 1280 477 1305 versum
498 1267 758 1316 Aegyptiorum
785 1266 916 1302 cultum
943 1265 988 1302 il-

334 1324 523 1372 lorumque
542 1324 691 1360 deorum
714 1334 813 1358 sacra
830 1323 912 1358 hinc
929 1335 987 1359 re-

334 1381 495 1430 petenda
519 1392 618 1426 esse,
646 1379 718 1415 iam
739 1391 845 1415 nemo
862 1379 899 1414 in
920 1379 987 1415 du-

335 1437 433 1473 bium
444 1448 573 1472 vocare
584 1435 730 1485 poterit.
744 1435 865 1477 Quare
877 1436 987 1472 etiam

335 1493 435 1541 quod
453 1491 639 1528 Ammonis
657 1490 792 1540 templo
805 1491 988 1539 (quodin-

336 1554 392 1586 ter
411 1549 530 1585 ruinas
550 1547 624 1584 illas
636 1547 837 1584 Heerenius
851 1547 917 1584 sibi
932 1548 989 1582 in-

336 1605 481 1642 venisse
503 1605 659 1650 videtur,
696 1603 718 1639 l.
744 1603 767 1639 l.
795 1616 880 1653 pag.
907 1603 988 1644 416

337 1674 442 1710 seqq.
471 1663 552 1702 420
577 1660 705 1709 seqq.)
735 1659 894 1696 iunctum
922 1659 990 1696 fuit

337 1716 538 1763 oraculum,
569 1729 701 1766 parens
719 1716 988 1764 quodammodo

336 1773 556 1822 reliquorum
579 1785 646 1823 per
672 1771 881 1822 Aegyptum
909 1783 990 1808 ora-

338 1829 499 1867 culorum
517 1829 642 1866 haberi
662 1830 808 1878 poterit,
839 1841 991 1878 quorum

338 1886 517 1934 originem
543 1886 591 1922 ad
609 1885 756 1922 colonos
777 1885 866 1921 istos
888 1898 992 1922 revo-

337 1942 473 1980 caveris
501 1941 606 1988 licet,
634 1941 695 1989 qui
724 1953 768 1979 ex
797 1941 991 1990 Aethiopia

336 1999 375 2035 in
394 1997 552 2047 Aegypti
577 1997 745 2044 regiones
771 1997 917 2033 demissi
942 1997 990 2033 ad

337 2059 527 2101 utramque
558 2052 633 2089 Nili
661 2053 776 2102 ripam
814 2053 991 2089 consede-

338 2110 421 2146 rint.
453 2109 538 2152 Quo
559 2121 602 2146 ea
620 2109 771 2154 ducere,
803 2121 895 2157 quae
912 2109 991 2145 He-

337 2166 488 2201 rodotus
509 2164 555 2201 de
576 2164 618 2200 iis
649 2177 731 2200 mox
754 2165 895 2212 tradat,
928 2164 989 2213 qui

339 2220 565 2257 oraculorum
581 2220 680 2256 iussu
699 2221 746 2257 ad
768 2220 858 2257 bella
879 2220 990 2270 profi-

340 2277 536 2323 ciscantur,
576 2276 674 2313 idem
708 2281 812 2313 notat
850 2277 990 2314 Heere-

338 2334 429 2370 nius.
468 2332 567 2370 Nam
594 2333 678 2369 satis
709 2333 893 2382 cognitum
922 2337 989 2379 est,

339 2389 498 2426 colonias
519 2393 677 2426 veterum
703 2388 800 2425 haud
832 2401 913 2426 raro
942 2389 988 2425 ab

340 2445 491 2482 oraculis
506 2444 602 2482 exire
612 2445 726 2481 iussas
742 2458 842 2491 esse3
859 2445 987 2494 quibus

339 2501 490 2538 oraculis
511 2514 589 2538 cum
618 2501 822 2538 sacerdotes
840 2514 988 2551 praees-

339 2561 442 2605 sent,
480 2557 578 2594 haud
605 2557 751 2603 mirum,
791 2557 869 2594 illos
891 2557 989 2595 colo-

339 2614 478 2651 niarum
499 2617 534 2651 et
554 2619 717 2650 auctores
732 2617 767 2649 et
781 2614 888 2650 duces
907 2627 990 2663 per-

339 2669 465 2708 hiberi.
505 2669 614 2706 Conf.
636 2669 742 2706 etiam
759 2668 910 2705 Diodor.
931 2670 990 2705 Si-

340 2726 409 2764 cul.
431 2725 497 2773 111,
515 2726 554 2766 3.
569 2727 605 2766 6.
638 2725 711 2768 Qui
731 2737 773 2761 ex
789 2724 889 2761 India
901 2725 990 2762 haec

339 2783 460 2820 omnia
483 2781 599 2831 repeti
621 2780 757 2827 volunt,
782 2781 837 2816 cui
861 2785 897 2818 et
917 2780 990 2818 Ae-

339 2838 478 2889 thiopia
494 2842 531 2875 et
547 2836 735 2887 Aegyptus
754 2848 854 2873 sacra
871 2849 937 2872 sua
947 2849 990 2873 ac

339 2894 476 2946 templa
494 2893 648 2940 debeat,
677 2905 739 2931 eos
761 2904 856 2930 nune
881 2892 990 2930 mitti-

364 757 473 813 Ξτὴν
501 756 743 799 Αἰθιόπων.
795 759 910 798 τοῖσι
938 755 985 798 δὲ
1024 754 1318 812 Αὐτομόλοισι
1351 758 1544 802 τούτοισι
1571 755 1647 801 οὕ-

1054 997 1154 1032 mus,
1183 997 1263 1022 cum
1292 984 1363 1022 tale
1389 989 1638 1034 argumentum
1659 983 1705 1021 ab

1054 1041 1243 1078 Herodoto
1263 1041 1488 1091 explicando,
1504 1043 1540 1078 in
1552 1054 1623 1091 quo
1633 1053 1706 1077 uno

1054 1109 1148 1134 nunc
1168 1110 1375 1144 versamur,
1414 1097 1568 1135 alienum
1593 1096 1706 1134 videri

1055 1158 1176 1201 queat.
1217 1154 1300 1190 vid.
1332 1160 1454 1191 tamen
1477 1154 1707 1191 Hemichsen

1055 1211 1102 1247 de
1143 1210 1313 1247 Phoenic.
1353 1215 1561 1248 commentt.
1605 1209 1707 1248 alter.

1053 1280 1090 1318 p.
1114 1269 1139 1308 8
1161 1266 1300 1314 (Havn.
1321 1266 1462 1314 1827).

1251 1407 1282 1444 C
1293 1419 1359 1457 ap.
1390 1405 1511 1443 XXX.

1110 1494 1212 1529 τοῖσι
1230 1488 1271 1529 δὲ
1284 1485 1545 1538 Αὕτομὸλοισι
1555 1485 1707 1527 τούτοι-

1057 1559 1096 1586 σι
1118 1543 1272 1597 οὔνομά
1292 1546 1371 1585 ἐστι
1387 1542 1555 1596 Ἀσμάχ]
1585 1545 1706 1583 Nemo

1056 1604 1171 1640 nescit
1188 1616 1277 1640 voce
1295 1598 1538 1652 Αύτομόλων
1558 1601 1707 1638 indicari

1056 1659 1290 1709 transsztgas;
1329 1659 1453 1706 quales
1477 1658 1608 1696 fuerint
1635 1657 1709 1694 Ae-

1058 1729 1106 1764 g)
1109 1717 1265 1766 ptiorum
1289 1714 1441 1762 milites,
1482 1715 1543 1764 qui
1566 1714 1614 1751 ad
1632 1713 1706 1750 Ae-

1057 1773 1199 1820 thiopes
1222 1776 1454 1809 secesserant.
1483 1771 1620 1808 Vocem
1646 1764 1708 1807 'A-

1062 1841 1186 1878 σμακ,
1216 1829 1312 1865 cuius
1342 1827 1421 1865 loco
1451 1827 1530 1864 libri
1559 1826 1708 1875 quidam

1056 1857 1222 1934 Ἀσχαῑι,
1261 1883 1320 1920 alii
1351 1896 1394 1921 ex
1420 1882 1620 1928 Hebraica,
1649 1881 1708 1918 alii

1060 1940 1129 1977 alia
1155 1953 1198 1978 ex
1217 1940 1340 1988 lingua
1360 1940 1536 1988 explicare
1559 1938 1709 1976 studue-

1056 2001 1149 2033 runt.
1191 1997 1229 2032 Si
1248 1996 1318 2032 una
1343 1994 1446 2033 litera
1463 1994 1589 2032 addita
1607 1993 1708 2042 lege-

1055 2057 1154 2089 retur
1178 2046 1366 2101 Σασμάχ,
1412 2052 1450 2088 1d
1478 2050 1707 2087 lablonskius
1758 2076 1759 2086 2

1057 2108 1224 2158 explicari
1254 2121 1363 2158 posse
1391 2111 1496 2157 putat
1521 2119 1564 2144 ex
1585 2106 1708 2155 Aegy·

1056 2165 1174 2215 ptiaco
1195 2164 1333 2201 Sosmeh
1351 2168 1413 2200 aut
1435 2162 1596 2210 Sosmah,
1609 2162 1708 2212 quod

1058 2222 1207 2258 denotet
1232 2220 1351 2270 plenos
1371 2221 1565 2269 ignominia
1589 2222 1623 2256 et
1648 2218 1709 2256 de-

1056 2281 1196 2326 spectm
1238 2277 1267 2313 si
1293 2276 1474 2325 legeretur
1497 2271 1708 2325 Ἀσασμᾶχ,
1754 2303 1756 2311 ,

1056 2334 1293 2384 compositam
1312 2333 1426 2370 videri
1444 2345 1584 2378 vocem,
1613 2343 1708 2381 quae
1753 2353 1755 2378 ξ

1056 2390 1205 2427 denotet
1225 2389 1271 2426 ad
1288 2391 1466 2426 sinistram
1477 2391 1621 2435 stantes,
1643 2389 1708 2425 be-

1055 2458 1174 2494 neque
1202 2446 1391 2483 conveniat
1423 2445 1487 2492 iis,
1526 2457 1619 2493 quos
1647 2443 1708 2481 alii
1752 2441 1753 2445 ’

1056 2502 1248 2552 scriptores
1260 2501 1444 2552 appellent
1455 2496 1708 2551 εὕωνυμίτας.
1750 2514 1752 2524 ’

1056 2558 1115 2595 Ad
1132 2558 1380 2595 Herodoteam
1404 2557 1501 2594 vocis
1529 2557 1708 2607 interpre-

1056 2614 1229 2652 tationem
1250 2614 1411 2677 inprimis
1429 2613 1514 2650 facit
1522 2612 1706 2650 Diodorus

1058 2670 1086 2717 I,
1106 2673 1170 2710 67.
1203 2670 1297 2707 Cum
1317 2670 1410 2707 enim
1427 2682 1510 2716 rex,
1539 2671 1708 2730 suscepta
1746 2695 1748 2700 ¹

1057 2726 1095 2762 in
1117 2727 1168 2774 ὃ)
1171 2727 1259 2763 riam
1277 2726 1519 2776 expeditione,
1546 2723 1709 2774 peregri·
1746 2744 1747 2750 κ

1056 2794 1123 2818 nos
1145 2783 1274 2819 milites
1292 2780 1529 2832 praeferens'
1520 2793 1558 2816 111
1579 2780 1708 2818 dextra
1744 2803 1747 2826 ζ

1056 2838 1145 2875 aciei
1162 2843 1267 2888 parte
1284 2837 1485 2884 collocaret,
1504 2835 1706 2886 Aegyptios
1743 2833 1746 2873 ζ

1056 2906 1141 2930 vero
1164 2894 1201 2931 in
1229 2894 1397 2942 sinistra,
1421 2892 1594 2943 Aegyptii
1612 2891 1707 2928 indi-
1742 2894 1745 2914 ²
