1805 3315
650 242 952 282 CLIO.I.
1393 252 1448 291 33

158 356 349 415 ἀληθέως
385 353 698 410 προκειμένην,
744 352 775 408 ἢ
813 352 893 396 τόν
938 352 1147 397 δεσπότεα
1187 354 1491 412 απολλύναι,8ο

136 438 186 494 γὴ·
221 433 355 479 αὐτόν
392 430 468 476 ὑπ’
498 432 641 475 ἄλλων
668 430 956 476 ἀπόλλυσθαι.
1002 432 1188 489 αἵρὲεται
1216 432 1350 487 αὐτὸς
1375 453 1446 480 πε-

157 519 323 569 ριεῖναι.
357 510 566 566 ἐπειρώτα
597 510 650 567 δὴ
679 511 818 567 λέγων
846 509 968 555 τάδε·
1001 511 1143 565 »Ἐπεί
1175 530 1227 571 με
1258 513 1446 571 ἀναγκά-

151 597 272 646 ,,ζεις
311 589 518 635 δεσπότεα
555 590 634 633 τὸν
672 590 778 646 ἐμόν
826 592 1034 645 κτείνειν,
1092 590 1174 636 οὐκ
1220 594 1443 648 ἐθέλοντα,

150 705 174 723 ,,
188 671 293 727 φέρε
324 669 501 714 ἀκούσω
531 670 611 728 τέῳ
643 670 717 714 καὶ
745 667 893 728 τρόπῳ
920 670 1248 728 ἐπιχειρήσομεν
1278 672 1442 730 αύτῷ.“

126 749 206 794 8Ἡ
228 751 273 795 δὲ
300 748 591 806 ὑπολαβοῦσα
620 749 722 806 ἔφη·
762 746 859 802 »Ἐκ
888 754 971 794 τοῦ
1001 749 1140 794 αὐτοῦ
1168 752 1248 808 μὲν
1273 755 1442 808 χωρίου

148 827 212 886 asti
245 828 358 886 ὁρμή
391 830 534 881 ἔσται,
569 827 678 872 ὅθεν
707 844 786 885 περ
815 829 891 873 καὶ
919 830 1084 882 ἐκεῖνος
1113 831 1185 888 ἐμὲ
1213 830 1486 886 ἐπεδέξατο35

37 912 100 955 12
147 923 380 966 ,,γυμνην·
420 908 664 969 ὑπνωμένῳ
703 908 749 953 δὲ
790 908 817 965 ἡ
859 909 1117 966 ἐπιχείρησις
1152 910 1312 957 ἐ’σται.“

1365 912 1443 966 Ὡς

148 990 194 1032 δὲ
223 987 419 1045 ἤρτυσαν
453 988 535 1045 τήν
571 987 826 1045 ἐπιβουλὴν,
866 988 1025 1040 νυκτός
1061 989 1315 1047 γινομένης,
1356 991 1440 1049 (οὐ

144 1068 230 1124 γὰρ
260 1069 426 1125 μετίετο
459 1066 483 1112 ὁ
513 1067 680 1124 Γύγης,
720 1065 824 1111 ου’δὲ
865 1070 909 1111 οἱ
951 1063 1007 1124 ἦν
1041 1066 1272 1127 ἀπαλλαγή
1313 1070 1443 1115 ου’δε-

146 1149 247 1204 μία,
279 1147 387 1191 ἀλλα
417 1147 506 1191 ἔδεε
534 1146 563 1203 ἢ
593 1146 730 1190 αὐτὸν
761 1145 1052 1200 ἀπολωλέναι,
1082 1147 1111 1204 ἢ
1138 1148 1438 1208 Κανδαύλεα,)

122 1229 288 1272 Ξεῖπετο
329 1226 372 1277 ἐς
407 1226 486 1270 τὸν
518 1225 724 1283 θάλαμον
758 1230 812 1282 τῇ
841 1227 1032 1281 γυναικί.
1069 1228 1145 1270 καί
1173 1244 1250 1284 μιν
1280 1228 1484 1286 ἐκείνη,9ο

145 1306 401 1362 ἐγχειρίδιον
455 1307 623 1357 δοῦσα,
681 1303 975 1360 κατακρύπτει
1026 1303 1114 1351 ὑπὸ
1165 1307 1246 1363 τὴν
1296 1306 1439 1365 αὐτήν

120 1385 302 1442 3θύρην.
361 1384 436 1428 καὶ
465 1383 572 1441 μετὰ
601 1388 763 1439 ταῦτα,
795 1383 1138 1441 ἀναπαυομένου
1154 1387 1435 1438 Κανδαύλεω,

140 1463 351 1516 ’ὑπεισδύς
388 1479 434 1507 τε
482 1465 556 1507 καὶ
608 1462 865 1516 ἀποκτείνας
906 1462 1063 1516 αὐτόν,
1109 1465 1203 1523 ἔσχε
1242 1468 1317 1512 καὶ
1355 1468 1437 1525 τήν

94 1617 176 1642 esse
202 1604 238 1641 in
266 1605 455 1642 sententiis
476 1604 747 1652 bimembribus,

92 1660 145 1697 ita
182 1664 222 1698 ut
255 1661 408 1698 alterum
437 1662 640 1699 membrum
668 1661 747 1699 sine

92 1717 343 1755 coniunctione
401 1718 628 1765 subiiciatur‚
697 1719 746 1755 ad

92 1774 193 1823 quod
208 1774 357 1824 proprie
378 1779 518 1824 spectet
548 1768 605 1813 ὦν
628 1774 689 1822 (ut
708 1774 743 1811 h.

91 1830 116 1868 l.
149 1829 338 1882 αἱρέεται)
376 1844 485 1879 quum
515 1831 663 1880 negatio
694 1831 743 1867 ad

90 1887 191 1937 prius
221 1887 275 1935 (h.
295 1887 318 1925 l.
341 1888 389 1924 ad
411 1885 590 1936 ἔπειθεν)
617 1888 664 1924 sit
683 1900 743 1924 re-

88 1944 253 1982 ferenda.
315 1944 435 1987 Quam
455 1944 492 1981 in
522 1958 596 1982 rein
617 1943 744 1980 laudat

89 1999 128 2047 l,
160 2000 226 2041 59.
259 2003 353 2041 206.
381 2000 443 2049 IV,
475 2003 567 2042 118.
597 2000 643 2047 V,
674 2003 742 2041 92.

91 2056 171 2096 vid.
195 2058 352 2094 eundem
372 2057 409 2093 in
427 2058 492 2094 Gr.
506 2059 571 2094 Gr.
596 2055 632 2108 ὃ.
648 2058 743 2105 630,

90 2116 130 2160 2,
159 2125 182 2149 a
209 2118 286 2151 not
317 2127 406 2164 pag
442 2117 561 2156 1291

147 2167 244 2222 φέρε
270 2165 428 2209 οἷκούσω
454 2170 527 2225 τέῳ
557 2186 624 2210 και
655 2165 743 2221 τρό-

88 2240 152 2280 πῳ
182 2212 612 2292 ἐπιχειρήσομεν]
659 2241 743 2266 επι-

87 2267 326 2334 χειρήσομεν
383 2285 543 2322 futurum
596 2289 742 2334 tempus

86 2338 210 2376 laudat
260 2340 447 2379 Werferus
496 2341 592 2380 Actt.
638 2340 739 2390 phili.

87 2393 323 2435 Monacenss.
344 2397 360 2434 I
385 2410 422 2447 p.
442 2399 524 2439 233
547 2412 604 2448 sq.
624 2398 662 2434 in
681 2397 740 2445 iis,

89 2464 185 2501 quae
204 2466 283 2490 cum
315 2454 580 2492 coniunctivum
612 2454 740 2490 delibe-

88 2511 243 2546 rativum
292 2511 516 2559 deposcant,
581 2512 742 2548 futurum

87 2566 298 2614 praebeant.
331 2567 390 2603 Cf.
422 2567 530 2604 etiam
566 2568 741 2606 Creuzer.

90 2620 139 2656 ad
154 2621 286 2660 Plotin.
307 2623 354 2660 de
375 2623 514 2673 pulerit.
533 2637 570 2674 1).
594 2625 676 2665 237
705 2627 742 2661 et

92 2674 183 2713 infra
227 2678 407 2717 Herodot.
455 2680 495 2728 I,
550 2680 616 2722 65.
682 2679 742 2717 De

94 2725 252 2772 ακούσω
295 2735 521 2774 coniunctivo
568 2736 628 2773 vix
675 2736 742 2773 erit

92 2791 320 2827 monendum.
351 2792 412 2830 Cf.
435 2792 569 2831 Matth.
593 2791 740 2844 §.516‚

95 2845 131 2883 1-
162 2856 198 2893 p·
223 2847 317 2887 983
376 2870 431 2876 ——
487 2849 577 2887 Mox
605 2846 739 2888 ὕπνω-

92 2897 223 2951 μένῳι
275 2906 350 2940 est:
410 2919 489 2955 ‚,ez‚
547 2908 580 2944 si
627 2918 742 2944 somno

148 2954 356 2997 Hssnonor.
386 2958 415 2998 I.

808 1606 952 1655 penitus
997 1608 1049 1641 est
1099 1617 1291 1654 oppressus,
1305 1610 1330 1629 “
1378 1610 1479 1648 Citat

816 1661 883 1698 Cr.
925 1660 1210 1701 Casauboniana
1248 1678 1290 1716 p.
1332 1667 1386 1707 86
1417 1667 1475 1705 ed.

813 1717 900 1754 Chr.
943 1717 1060 1755 Wolf.

1032 1807 1142 1859 Cap.
1174 1808 1256 1847 XII.

868 1899 918 1924 ου
959 1899 1033 1937 γαρ
1073 1886 1224 1937 μετίετο
1258 1886 1281 1928 ό
1311 1886 1468 1943 Γύγης]

810 1941 1135 1980 Mediceusliber:
1160 1942 1347 1994 ἐμετίετο,
1369 1950 1469 1997 quod

812 1998 1020 2036 Gionovius
1059 1999 1129 2036 alio
1155 1999 1235 2037 loco
1276 2003 1334 2051 (Ι,
1375 2004 1469 2052 114,

810 2055 872 2092 ubi
899 2060 1022 2092 tamen
1047 2069 1116 2106 pro
1148 2055 1333 2109 ἐμετείθη
1372 2073 1467 2098 nunc

811 2111 1016 2149 restitutum
1053 2117 1110 2149 est
1145 2115 1330 2166 μετείθη)
1372 2118 1466 2154 tueri

811 2169 961 2205 studuit.
1019 2168 1080 2205 'su
1128 2171 1201 2209 vid.
1253 2172 1466 2211 Buttmann.

810 2223 983 2262 ausfuhrl.
1017 2226 1409 2278 Gra1n1n.1p.543.
1431 2230 1465 2267 11

808 2294 845 2332 p
880 2280 976 2322 428.
1033 2281 1077 2318 In
1112 2296 1195 2333 sqq.
1234 2297 1315 2322 cum
1345 2287 1464 2323 Gaisf.

810 2338 908 2375 edidi
943 2332 1131 2389 ου’δεμία,
1184 2340 1285 2377 libris
1322 2343 1465 2393 scliptis

808 2395 1056 2464 poscentibus,
1087 2395 1206 2445 Vulgo
1226 2393 1322 2437 οὔδε
1307 2399 1427 2450 εμίη

867 2449 953 2501 εσχε
989 2450 1057 2490 καὶ
1096 2450 1170 2503 τήν
1196 2459 1366 2505 γυναῖκα
1395 2454 1464 2494 καὶ

808 2521 884 2557 την
906 2508 1119 2559 βασιληίην
1144 2507 1290 2562 Γύγης]
1317 2512 1465 2550 Diseie—

809 2568 900 2614 pant
925 2577 990 2612 ea,
1021 2578 1116 2614 quae
1145 2567 1358 2605 Heiodotus
1379 2582 1464 2606 nar-

809 2621 902 2657 ravit
937 2633 1104 2670 quaeque
1134 2625 1315 2674 excerpsit
1333 2625 1464 2662 Aristi-

810 2677 868 2713 dis
889 2677 1082 2714 scholiasta
1097 2692 1133 2729 p.
1154 2681 1233 2720 138
1253 2681 1312 2718 ed.
1334 2681 1365 2717 F
1368 2695 1465 2718 rom-

806 2733 892 2772 mel.
925 2734 1090 2771 nonnihil
1121 2736 1166 2772 ab
1197 2736 1348 2773 aliorum
1375 2739 1464 2775 scri-

808 2794 954 2840 ptorum
1000 2792 1220 2831 narratione.
1280 2793 1461 2831 Plutarch.

811 2847 979 2890 Quaestt.
1020 2848 1172 2885 Graece.
1205 2862 1242 2900 p.
1273 2851 1354 2891 301
1387 2851 1465 2898 Gy-

809 2916 895 2954 gem
915 2904 1090 2942 exercitus
1122 2918 1195 2956 ope
1227 2919 1380 2955 regnum
1402 2919 1463 2942 oc-

1158 2962 1186 2999 3
