1759 3324
359 234 443 274 746
776 234 1244 274 HERODOTI

359 342 581 396 δοκέοντες
610 342 687 389 ὑπ’
720 342 867 389 αὐτῶν
886 378 897 398 ,
945 344 1062 389 οὕτω
1090 344 1142 402 δή
1175 344 1479 401 ἐπολιόρκεον,
1530 347 1571 399 ἐς
1599 346 1626 392 ὃ

329 422 533 475 5ἐξεῖλον.
590 424 741 469 ἑλοῦσι
782 425 828 468 δὲ
867 424 917 468 τό
959 429 1096 480 τεῖχος
1140 421 1200 475 ὥς
1241 423 1325 468 οὐκ
1365 424 1624 483 ἐφαίνετοὴ

354 501 524 560 Ἑλένη,
576 502 682 547 ἀλλά
711 502 791 547 τὸν
834 502 969 548 αὐτὸν
1005 503 1139 559 λόγον
1179 508 1241 561 τῷ
1269 504 1466 565 προτέρῳ
1495 504 1627 549 ἐπυν-

357 581 573 636 θάνοντο,
616 582 731 626 οὕτω
762 581 815 639 δὴ
845 580 1150 635 πιστεύσαντες
1178 588 1238 640 τῷ
1268 583 1384 642 λόγῳ
1414 588 1476 642 τῷ
1505 583 1683 639 πρῶ-80

356 678 418 717 τῳ
447 663 490 705 οἷ
507 661 733 718 Ἕλληνες,
768 659 905 704 αὐτὸν
922 662 1157 705 Μενέλεων
1176 660 1491 707 ἀποστέλλουσι
1508 663 1627 719 παρὰ

197 745 296 790 119
355 741 552 795 Πρωτέα.

23 809 182 838 Menelaus
204 812 302 844 Aegy-

22 844 93 884 ptiis
116 852 169 878 pro
189 844 302 884 benefi-

24 886 301 940 iigmqssssii'dijssssii‘.
361 898 578 956 ἀληθηῖἠν
605 903 695 943 τῶν
723 899 1007 956 πρηγμάτων,
1065 899 1139 942 καὶ
1168 901 1338 951 ξεινίων
1367 898 1524 957 ἤντησε
1552 916 1626 956 με-

636 740 916 797 Ἀπικόμενος
955 740 1001 784 δὲ
1041 739 1063 784 ὁ
1095 741 1326 793 Μενέλεως
1356 743 1399 794 ἐς
1435 743 1516 799 τήν
1544 744 1627 786 Αἴ-

358 836 555 876 γυπτον,
591 821 664 864 καὶ
699 819 958 870 ἀναπλώσας
987 819 1030 870 ἐς
1058 819 1137 875 τὴν
1155 819 1363 876 Μέμφιν,
1395 823 1517 873 εἴπας
1545 821 1627 878 τήν

356 980 528 1036 γάλων,
569 980 642 1023 καὶ
666 978 840 1036 Ἑλένην
872 978 1046 1023 ἀπαθέα
1076 983 1225 1022 κακῶν
1255 977 1462 1036 ἀπέλαβε·
1516 979 1683 1034 πρός85

330 1060 430 1112 Ξδὲ,
461 1060 534 1103 καὶ
563 1058 616 1103 τά
647 1059 815 1103 ἑωυτοῦ
845 1058 1041 1115 χρήματα
1070 1056 1224 1102 πάντα.
1289 1058 1444 1115 Τυχών
1478 1058 1628 1116 μέντοι

360 1139 556 1191 τούτων,
613 1138 780 1195 ἐγένετο
821 1139 1051 1189 Μενέλεως
1091 1135 1200 1193 ἀνὴρ
1236 1137 1387 1190 ἄδικος
1418 1139 1460 1190 ές
1489 1140 1627 1194 Αἰγυ-

354 1221 522 1270 πτίους.
582 1217 815 1262 ἀποπλέειν
876 1216 959 1273 γάρ
1010 1215 1266 1274 ὡρμημένον
1316 1218 1453 1262 αὐτόν
1501 1220 1627 1274 ἴσχον

358 1298 557 1342 ἄπλοιαι·
618 1297 764 1354 ἐπειδὴ
805 1297 851 1341 δὲ
887 1300 1019 1340 τοῦτο
1055 1296 1124 1339 ἐπὶ
1152 1296 1317 1341 πολλὸν
1346 1301 1521 1342 τοιοῦτο
1552 1292 1626 1353 ἦν,
1669 1299 1749 1342 158

358 1378 624 1435 ἐπιτεχνᾶται
664 1382 844 1434 πρῆγμα
882 1374 964 1421 οὐκ
1004 1375 1150 1420 ὅσιον·
1209 1377 1360 1434 λαβών
1406 1376 1491 1434 γὰρ
1542 1374 1625 1421 δύο

302 1600 378 1650 Πρ.
418 1596 504 1648 ἔχει.
568 1599 700 1636 Struve
739 1599 776 1635 in
810 1597 957 1649 specim.

301 1655 385 1692 dial.
411 1655 555 1692 Herod.
583 1669 619 1706 p.
656 1658 706 1695 21
736 1667 812 1703 seq.
854 1654 959 1692 scribi

300 1712 403 1749 iubet
421 1714 517 1750 τῶν
537 1724 604 1761 pro
625 1708 671 1758 ἃ,
701 1717 740 1748 ut
762 1712 800 1747 in
830 1710 958 1748 simili-

299 1769 369 1806 bus
400 1767 488 1805 locis
513 1767 560 1814 V,
587 1770 680 1809 106.
709 1767 797 1814 VII,
826 1767 862 1809 5.
892 1766 956 1815 IX,

301 1825 367 1866 58.
390 1824 444 1866 94
464 1824 675 1861 inveniatur.
721 1823 818 1861 Nam
837 1825 873 1860 in
893 1837 959 1872 ge-

300 1882 412 1917 nitivo
438 1881 588 1931 pluralis
624 1880 831 1930 neglectam
865 1880 959 1917 hanc

299 1938 553 1975 attractionem
582 1938 732 1987 reperiri
751 1941 873 1985 negat.
902 1956 959 1964 -

299 1993 342 2030 In
367 2006 470 2043 seqq.
496 1993 535 2040 ἐς
556 1990 578 2033 ὃ
600 1993 735 2041 (donec,
757 1993 858 2040 dum)
890 2006 957 2042 pro

303 2048 377 2097 ἕως
397 2044 445 2088 οὗ
471 2063 515 2087 ex
533 2050 602 2087 hoc
621 2050 701 2086 loco
724 2049 849 2086 laudat
863 2049 958 2086 Gre-

301 2119 380 2154 gor.
400 2105 486 2143 Cor.
515 2106 582 2143 1.l.
612 2104 648 2156 ᾗ.
670 2107 735 2147 63.
796 2105 857 2142 Tu
883 2106 956 2143 vid.

301 2162 348 2198 ad
383 2161 420 2209 Ι,
455 2165 509 2204 67
543 2167 580 2200 et
607 2162 660 2210 Π,
689 2164 769 2203 116
796 2166 873 2199 not.
911 2161 957 2209 Π,

493 2300 525 2338 C
536 2313 557 2337 a
566 2313 602 2351 p.
634 2300 770 2338 CXIX.

359 2383 540 2435 εἴπας]
579 2384 638 2421 De
664 2385 780 2422 forma
809 2385 903 2422 conf.
926 2383 956 2432 I,

300 2444 366 2482 22.
390 2441 444 2482 49
473 2441 559 2490 ibiq.
579 2444 657 2477 not.

358 2497 515 2545 ξεινίων
564 2493 709 2546 ἤντησε
756 2492 953 2547 μεγάλων]

300 2553 324 2590 i.
349 2568 380 2592 e.
416 2566 546 2602 magua
564 2553 654 2590 dona
673 2553 862 2602 hospitalia
891 2566 954 2590 mz-

300 2614 377 2647 ctus
397 2607 469 2658 est,¹
502 2624 530 2647 s.
557 2610 753 2658 insignibus
775 2610 873 2646 donis
894 2609 954 2645 ho-

299 2667 486 2717 spitalibus
505 2670 667 2716 exceptus
686 2670 746 2703 est.
777 2666 837 2703 De
856 2671 953 2702 stru-

299 2729 399 2760 ctura
418 2724 518 2762 verbi
537 2718 665 2777 ἀντᾷν
685 2722 756 2759 vid.
774 2721 954 2759 Matthiae

299 2780 366 2816 Gr.
388 2779 454 2818 Gr.
480 2793 565 2830 pag.
588 2782 690 2825 6363
719 2778 844 2825 ξείνια
867 2778 955 2827 quid

301 2835 397 2884 sint,
426 2837 630 2874 monuimus
649 2836 697 2873 ad
716 2834 750 2871 Π
763 2864 773 2882 ,
796 2837 888 2875 107.

357 2890 425 2933 καὶ
441 2886 866 2944 Ἑλένην-ἀπέλαβε]
896 2890 954 2928 Cf.

1027 1610 1123 1646 quae
1155 1596 1367 1635 Eustathius
1407 1597 1622 1648 adscripsit,
1659 1609 1683 1635 a

1029 1654 1095 1691 Cr.
1127 1654 1292 1692 laudatus
1314 1685 1324 1703 ‚
1374 1655 1423 1692 ad
1451 1655 1586 1703 Odyss.
1617 1654 1681 1702 IV,

1026 1713 1109 1751 227
1129 1723 1209 1760 sqq.
1233 1725 1268 1762 p.
1284 1711 1364 1753 164
1387 1725 1463 1761 seq.
1491 1712 1548 1749 ed.
1566 1710 1680 1748 Basil.

1026 1767 1105 1804 coll.
1125 1780 1161 1817 p.
1189 1770 1291 1814 151,
1314 1770 1367 1809 39
1388 1769 1476 1805 ibid.
1528 1766 1579 1804 Et
1597 1780 1682 1817 per-

1025 1824 1119 1861 tinet
1138 1824 1206 1860 huc
1217 1825 1416 1862 Stesichori
1431 1837 1578 1874 quoque
1597 1836 1682 1860 nar-

1024 1881 1117 1917 ratio
1148 1881 1195 1917 de
1215 1880 1359 1919 Helena
1381 1894 1402 1918 a
1422 1881 1556 1918 Proteo
1575 1879 1682 1930 capta.

1026 1941 1136 1985 atque
1166 1939 1307 1975 retenta
1324 1967 1334 1984 ‚
1373 1938 1472 1987 apud
1500 1936 1680 1974 scholiast.

1025 1993 1177 2030 Aristid.
1198 2006 1285 2043 pag.
1308 1994 1361 2035 56
1382 1995 1440 2031 ed.
1459 1992 1681 2039 Frommell.,

1027 2050 1125 2086 cuius
1145 2049 1214 2087 loci
1232 2050 1301 2087 iam
1314 2062 1423 2101 supra
1441 2050 1681 2087 meminimus.

1025 2104 1144 2153 Nam,
1183 2111 1223 2143 ut
1246 2111 1370 2144 monet
1399 2106 1681 2155 VVesselingius,

1025 2161 1131 2199 valde
1151 2163 1246 2199 inter
1265 2167 1407 2200 veteres
1426 2163 1681 2212 disceptatum,

1024 2217 1169 2254 Helena
1185 2217 1384 2255 Troiamne
1404 2219 1449 2254 ab
1472 2217 1681 2255 Alexandro

1023 2273 1133 2311 fuerit
1148 2279 1337 2324 asportata
1353 2287 1399 2312 an
1410 2273 1680 2325 inAegyptum.

1080 2382 1280 2441 {nsaiwi-625
1297 2388 1412 2425 τοῦτο
1438 2384 1504 2425 ἐπὶ
1532 2381 1680 2425 πολλὸν

1022 2443 1178 2480 τοιοῦτο
1205 2442 1280 2492 ἠν]
1331 2441 1397 2481 ἐπὶ
1438 2439 1590 2482 πολλόν
1623 2446 1680 2479 est

1022 2497 1107 2544 diu,
1145 2503 1183 2534 ut
1207 2497 1272 2536 ἐπὶ
1292 2495 1395 2537 πολύ
1425 2499 1525 2549 apud
1552 2498 1680 2536 Xeno-

1022 2554 1149 2604 phont.
1171 2554 1329 2604 Ephes.‚
1359 2556 1421 2592 ubi
1449 2556 1522 2592 vid.
1541 2554 1678 2592 Locell.

1021 2622 1108 2660 pag.
1131 2610 1221 2652 146.
1279 2611 1379 2648 Infra
1398 2611 1454 2659 ΙΙ,
1479 2612 1581 2652 133:
1598 2609 1679 2661 ἐβί-

1025 2678 1132 2704 ωσαν
1183 2662 1330 2718 χρόνον
1376 2666 1462 2706 ἐπὶ
1513 2662 1684 2706 πολλόν.

1022 2723 1117 2759 Add.
1140 2723 1196 2770 ΙΙ,
1220 2723 1310 2765 154.
1367 2723 1438 2761 Est
1464 2727 1583 2760 autem
1600 2723 1680 2760 He-

1021 2779 1141 2815 rodoti
1160 2781 1358 2817 sententia:
1385 2779 1546 2817 adversis
1563 2780 1679 2816 ventis

1023 2834 1225 2884 longiorem
1252 2849 1392 2874 moram
1427 2836 1542 2874 fuisse
1568 2835 1680 2873 inter-

1022 2892 1192 2942 positam.
