1777 3324
484 237 571 306 Αἰ)
611 259 1001 301 HERODOT.
1037 260 1094 311 11,
1132 264 1227 305 121.
1529 268 1619 309 913

92 373 242 425 surripit
271 377 308 412 et
337 375 385 412 ad
414 373 530 413 lucem
561 374 724 424 profert,
761 372 913 410 indicari
943 374 1088 412 videtur
1113 387 1221 424 seges
1261 386 1306 412 ex
1333 375 1467 414 intimis
1497 381 1617 419 terrae

92 442 197 491 quasi
227 442 459 493 receptaculis
487 453 583 490 quae
620 441 658 478 in
697 440 812 478 lucem
842 440 1006 478 educitur
1034 445 1147 491 atque
1176 441 1365 480 emittitur.
1423 443 1505 482 Nec
1538 446 1617 485 sine

90 509 195 558 gravi
227 508 387 559 periculo
418 509 598 546 damnove
625 508 695 545 hoc
724 508 803 545 fieri
833 511 977 558 potest:
1027 508 1090 558 qui
1119 508 1216 546 enim
1254 509 1324 546 hoc
1361 511 1467 547 nobis
1509 525 1616 562 prae-

90 580 164 613 stat
192 580 428 625 segetemque
457 576 495 613 in
524 580 621 614 terra
650 575 837 613 conditam
864 575 901 611 in
930 574 1049 613 lucem
1080 578 1244 626 profert,
1293 577 1321 614 is
1351 582 1503 616 mortem
1535 580 1615 630 ipse

90 642 198 680 obeat
226 647 262 680 et
291 656 432 680 summa
461 656 631 693 quaeque
660 644 739 693 ipse
769 642 929 692 patiatur
956 655 1108 680 necesse
1139 647 1206 681 est.
1256 643 1333 681 Ubi
1362 647 1478 683 teneri
1509 647 1614 686 velim

88 710 258 747 notiones
288 710 336 749 de
380 711 451 748 deo
480 710 709 760 perpetiente
745 714 781 748 et
810 709 904 746 mala
942 709 1102 748 humana
1134 712 1313 750 subeunte
1351 713 1399 750 ad
1436 714 1614 753 beneficia

87 776 245 814 humano
284 779 410 827 generi
438 778 643 816 tribuenda.
701 778 785 816 vid.
817 778 992 816 Creuzeri
1030 779 1194 829 Symbol.
1233 779 1266 817 ΙΙ
1304 792 1389 830 pag.
1420 781 1503 823 379
1534 795 1610 833 seq.

88 845 166 883 coll.
197 847 240 884 C.
270 847 316 884 Ο.
347 846 489 885 Miiller.
516 845 539 884 1.
570 846 594 883 l.
625 858 711 897 pag.
745 844 837 887 155.
879 844 939 882 Ad
968 845 1190 898 Aegyptiam
1220 847 1381 886 fabulam
1408 849 1455 888 de
1472 849 1612 888 Rham-

86 913 225 964 psinito
254 914 412 965 pertinet
439 915 602 953 eiusdem
632 926 779 963 quoque
808 913 904 962 regis
934 913 1002 952 iter
1029 915 1078 952 ad
1107 915 1264 964 inferos,
1293 916 1483 967 ipsumque
1511 932 1612 957 com-

87 982 257 1019 mercium
291 995 372 1020 eum
407 982 475 1020 diis
512 982 668 1020 inferum
707 981 948 1034 praesidibus,
1034 981 1111 1021 Sed
1148 982 1197 1022 de
1233 983 1288 1022 his
1325 984 1399 1023 vid.
1436 990 1529 1026 nott.
1559 989 1608 1026 ad

85 1048 142 1097 ΙΙ,
178 1051 271 1091 122.

188 2928 399 2973 Hmzonor.
428 2934 458 2975 Ι.
1195 2935 1254 2977 58
