1759 3324
340 293 424 334 438

340 400 408 445 κέῖ
434 398 582 455 λινέῳ·

755 282 1226 326 HERODOTI

644 398 720 442 καὶ
753 396 822 441 ἐπὶ
848 400 1009 440 τοῦτον
1048 394 1182 437 ἄλλον
1210 391 1396 446 εἰρίνεον
1430 392 1603 434 κιθῶνα

343 476 591 529 ἐπενδύνει,
641 476 716 520 καὶ
758 477 984 532 χλανίδιον
1021 472 1181 518 λευκὸν
1219 467 1604 527 περιβαλλόμενος,

344 555 604 614 ὑποδήματα
628 555 736 611 ἔχων
767 554 996 612 ἐπιχώρια,
1037 550 1315 608 παραπλήσια
1345 553 1444 607 τῇσι
1474 551 1608 591 Βοιω-
1621 554 1665 588 65

316 639 462 696 Ξτίῃσι
500 635 666 692 ἐμβάσι.
725 639 939 690 κομῶντες
982 633 1051 684 δὲ,
1097 630 1176 682 τοὶς
1213 627 1407 685 κεφαλὰς
1437 629 1611 684 μίτρῃσι

318 715 635 766 Βοῖναὸέονται,
674 712 984 770 μεμυρισμένοι
1011 714 1101 754 πᾶν
1139 710 1189 753 τὸ
1227 713 1361 763 σῶμα.
1393 707 1612 763 σφρηγῖδα

349 796 395 840 δὲ
425 794 604 845 ἕκαστος
633 791 717 848 ἔχει
725 827 740 847 ‚

299 970 339 1007 lit
355 968 489 1005 Strabo
510 964 597 1003 XVI
614 977 653 1015 p.
676 962 759 1005 745
781 965 948 1010 s.1082,

298 1025 359 1063 A
351 1038 389 1062 in
410 1038 454 1062 eo
474 1035 548 1060 uno
580 1022 627 1058 ab
652 1020 844 1058 Herodoto
873 1020 949 1056 dis-

299 1081 480 1127 sentiens,
507 1078 608 1129 quod
627 1077 676 1115 de
696 1078 805 1114 comis
819 1105 831 1125 ‚
858 1088 948 1126 quas

299 1136 491 1186 Babylonii
508 1135 629 1182 alant,
658 1137 836 1170 narratur.

356 1195 507 1233 κιθῶνι
533 1188 749 1239 ποδηνεκέι
775 1186 890 1243 λινέῳ
917 1201 954 1226 κ.

302 1266 336 1289 τ.
358 1247 405 1300 λ.]
435 1248 526 1287 Non
549 1260 593 1286 ex
611 1247 684 1283 lino
707 1250 850 1284 tantum
870 1257 958 1282 con-

303 1308 417 1345 sectas
444 1304 597 1342 indicari
627 1307 747 1341 vestes
790 1303 960 1339 observat

304 1362 510 1401 Heerenius
534 1360 647 1398 Ideen
661 1360 698 1408 Ι,
719 1363 745 1400 2
762 1371 849 1410 pag.
863 1356 959 1403 205,

305 1432 429 1457 verum
448 1431 491 1455 ex
500 1419 662 1467 gossypio
675 1428 832 1466 quoque.
849 1413 962 1457 Quod

306 1475 486 1513 vestiendi
506 1486 620 1522 genus
634 1502 646 1520 ‚
675 1485 748 1521 quo
766 1468 963 1520 Babylonii

307 1532 354 1569 ab
371 1531 563 1569 Herodoto
586 1529 753 1566 dicuntur
783 1527 840 1564 usi
866 1539 960 1572 esse,

309 1600 390 1625 cum
413 1587 471 1623 vix
492 1586 684 1624 convenire
710 1584 875 1622 videatur
905 1595 965 1620 re-

311 1643 430 1693 gioni,
459 1643 607 1692 aerique
627 1646 702 1678 tam
726 1640 866 1687 calido,
895 1638 966 1675 uti-

313 1713 385 1749 que
403 1700 474 1736 hae
499 1703 618 1736 vestes
647 1696 746 1734 luxui
772 1697 888 1744 magis
922 1707 965 1732 ac

313 1755 424 1794 fastui
455 1767 566 1803 quam
611 1753 817 1792 necessitati
848 1753 967 1788 inser-

314 1813 410 1849 visse
435 1811 615 1849 videntur.
672 1810 767 1846 Sunt
789 1821 874 1846 vero
901 1820 968 1845 no-

316 1868 511 1906 bilissimae
539 1879 582 1904 ac
620 1878 687 1917 per
720 1877 864 1903 omnem
892 1865 971 1902 fere

317 1924 569 1973 antiquitatem
588 1922 792 1960 celebratae
810 1920 972 1970 Babylo-

318 1981 460 2018 niorum
485 1983 672 2024 texturae,
700 1981 843 2028 tapetes
858 2005 869 2024 ‚
900 1976 973 2013 alia

319 2037 358 2073 id
378 2049 517 2085 genus,
548 2035 596 2072 de
628 2034 756 2082 quibus
782 2034 897 2080 confi,
925 2044 973 2069 ne

321 2091 448 2143 plura,
477 2090 698 2128 Heerenium
730 2089 754 2127 l.
783 2089 806 2126 1.
831 2102 869 2138 p.
891 2090 973 2129 206

324 2160 428 2196 seqq.
452 2146 530 2184 coll.
549 2145 631 2187 245
653 2158 730 2194 seq.
788 2144 848 2183 De
873 2144 976 2181 luxu-

323 2203 377 2241 rie
405 2202 688 2250 Babyloniorum
715 2200 853 2250 aliquot
877 2200 976 2237 locos

325 2259 419 2296 infra
437 2259 631 2295 afferemus
652 2258 700 2294 ad
718 2257 754 2303 Ι,
779 2260 869 2299 199.
894 2256 978 2293 Ηο0

325 2314 405 2352 1000
424 2313 511 2350 illud
537 2314 692 2360 addam,
722 2314 839 2350 adhuc
868 2313 905 2349 in
926 2313 980 2349 la-

327 2370 494 2422 pidibus,
522 2369 646 2418 quales
678 2382 746 2419 per
781 2369 980 2418 Babylonis

329 2426 427 2464 urbis
455 2425 577 2462 ruinas
607 2425 856 2473 inveniuntur,
895 2438 983 2463 con-

331 2481 423 2533 spici
450 2481 671 2530 Babylonios
701 2481 884 2529 homines,
916 2482 981 2518 tri-

331 2538 416 2590 plici
434 2538 502 2575 hoc
523 2539 738 2575 vestimento
760 2537 929 2588 pileoque
945 2538 983 2575 in

334 2594 446 2632 altum
492 2594 601 2630 ducto
636 2593 794 2631 indutos.
861 2595 984 2643 Atque

334 2650 422 2700 ipsis
452 2649 592 2687 Thebis
621 2648 852 2700 Aegyptiacis
880 2651 984 2688 dete-

336 2710 465 2744 xerunt
485 2718 600 2755 nuper
628 2706 666 2742 in
690 2705 868 2756 hypogeis
892 2719 984 2756 qua-

338 2766 421 2799 tuor
467 2761 749 2801 Babvloniorum
798 2763 988 2811 imagines,

339 2819 401 2868 qui
415 2818 512 2854 haud
529 2817 632 2855 aliter
652 2818 773 2854 vestiti
799 2823 907 2867 atque
929 2832 989 2855 or-

341 2873 416 2911 nati
443 2877 528 2911 sunt
554 2877 664 2922 atque
684 2874 895 2911 Herodotus
924 2876 990 2913 de-

343 2930 473 2967 scribit.
531 2929 639 2966 Conf.
671 2929 830 2968 Miinter.
868 2930 989 2981 Relig.

794 791 870 835 καὶ
908 793 1132 847 σκῆπτρον
1171 788 1492 845 χειροποίητον·
1542 783 1610 829 ἐπ’

1016 962 1052 998 d.
1073 960 1253 1010 Babylon.
1272 973 1359 1011 pag.
1379 962 1448 1006 97,
1479 959 1540 1009 qui
1562 959 1672 997 etiam

1015 1017 1161 1056 Daniel.
1192 1017 1263 1064 lIl,
1300 1020 1353 1057 21
1392 1020 1503 1065 atque
1537 1015 1672 1052 Ezeeh.

1016 1074 1163 1121 XXffl,
1183 1074 1234 1115 15
1252 1047 1372 1110 lianc
1364 1086 1402 1109 m
1422 1085 1498 1109 rem
1518 1072 1615 1109 citat.

1072 1127 1192 1168 ἄλλον
1211 1129 1378 1178 εἰρίνεον
1390 1130 1551 1168 κιθῶνα
1565 1128 1676 1168 ἐπεν-

1024 1182 1161 1236 δύνει]
1193 1185 1290 1224 Male
1316 1186 1398 1222 olim
1423 1198 1479 1222 scr
1463 1185 1596 1235 1iptum
1618 1184 1676 1224 εἰ-

1026 1242 1170 1295 ρινέον.
1207 1243 1373 1279 Correxit
1397 1242 1601 1291 Schweigh.
1620 1262 1677 1269 —-

1026 1300 1240 1339 'l'ransitum
1277 1299 1457 1336 Herodoti
1499 1311 1521 1335 a
1550 1297 1679 1348 plurali

1028 1355 1257 1408 (χρέωνται)
1283 1355 1332 1392 ad
1361 1354 1581 1404 singularem
1611 1367 1680 1391 nu-

1029 1426 1167 1451 merum
1206 1408 1472 1460 (ἐπενδύνει)
1509 1414 1683 1448 notarunt

1029 1468 1294 1517 lVesselingu'us
1315 1469 1364 1505 ad
1381 1468 1416 1505 h.
1438 1468 1460 1504 l.
1489 1472 1526 1504 et
1547 1466 1679 1504 Matth.

1032 1527 1099 1564 Gr.
1117 1526 1183 1562 Gr.
1202 1539 1239 1576 p
1263 1526 1357 1565 587.
1392 1525 1500 1562 Conf.
1529 1524 1565 1572 I,
1589 1527 1681 1565 197.

1087 1576 1277 1633 παραπλή
1283 1593 1347 1619 σια
1366 1596 1412 1634 τη
1420 1593 1457 1620 σι
1471 1581 1685 1634 Βοιωτίῃσι

1032 1634 1198 1704 ἔμβασι]
1229 1638 1326 1674 Hinc
1346 1637 1525 1675 Strabol.
1553 1637 1576 1675 l.
1598 1637 1686 1674 dicit

1032 1690 1222 1745 ὑπόδημα
1233 1689 1406 1745 ἐμβάδι”’
1388 1708 1538 1744 οιιοιον.
1564 1692 1687 1742 Atque

1035 1747 1204 1803 ἐμβάδες
1223 1751 1372 1813 proprie
1399 1751 1613 1788 seminarum
1632 1750 1689 1787 di-

1036 1810 1069 1846 ci
1089 1808 1206 1846 soleas
1225 1807 1406 1844 neminem
1432 1807 1535 1855 fugit.
1576 1806 1686 1843 Conf.

1036 1865 1174 1903 Polluc.
1203 1864 1394 1901 Onomast.
1415 1863 1504 1911 Vll,
1526 1862 1591 1904 85.
1621 1865 1689 1904 87.

1039 1922 1234 1958 Caeterum
1256 1920 1394 1969 optime
1420 1919 1490 1956 huc
1516 1918 1603 1956 facit
1622 1918 1692 1956 Di-

1040 1975 1202 2014 caearchi
1238 1974 1336 2013 locus
1389 1974 1489 2022 (vid.
1518 1975 1693 2012 Creuzeri

1039 2031 1245 2070 Melett.11[
1265 2045 1302 2081 p.
1319 2032 1432 2081 190),
1454 2031 1516 2068 ubi
1531 2033 1578 2070 de
1590 2031 1626 2068 T
1628 2032 1693 2069 he-

1041 2089 1146 2126 banis
1172 2087 1377 2125 mulieribus
1409 2101 1606 2137 earumque
1632 2100 1696 2125 ve-

1043 2145 1129 2182 stitu
1148 2144 1328 2191 scribens,
1358 2144 1427 2181 hoc
1457 2157 1604 2194 quoque
1628 2144 1695 2181 ad-

1045 2201 1117 2238 dit:
1156 2196 1344 2250 υπόδημα
1375 2197 1504 2249 λιτὸν,
1546 2196 1595 2240 οὕ
1623 2201 1696 2252 βα-

1044 2253 1125 2305 θυ,
1162 2258 1376 2306 φοινικοῦν
1414 2254 1457 2296 δὲ
1494 2259 1544 2312 τῇ
1582 2256 1698 2311 χροίςι

1045 2328 1115 2353 και
1149 2308 1352 2352 ταπεινόν·
1390 2310 1594 2353 νσκλωτον
1632 2311 1697 2361 δὲ,

1048 2366 1146 2409 ὥστε
1178 2367 1357 2438 γυμνοὺς
1392 2367 1525 2420 σχεδὸν
1562 2369 1700 2419 ἐκφαί-

1047 2430 1191 2465 νεσθαι
1223 2440 1317 2472 τους
1347 2422 1480 2474 πόδας.
1512 2426 1623 2465 Unde
1641 2439 1701 2463 sa-

1047 2484 1094 2520 tis
1120 2486 1244 2533 patet,
1281 2495 1342 2520 cur
1366 2483 1589 2532 Babylonios
1620 2495 1725 2520 soc-.

1049 2552 1110 2577 cos
1138 2552 1218 2576 cum
1243 2538 1426 2577 Boeoticis
1448 2539 1588 2578 Noster
1614 2552 1703 2578 con-

1048 2594 1182 2633 tulerit.

1107 2650 1309 2703 σφρηγῖδα
1345 2646 1388 2689 δὲ
1425 2649 1586 2698 ammos·
1616 2649 1705 2702 ἔχει,

1053 2705 1122 2746 καὶ
1160 2710 1362 2758 σκῆπτρον
1400 2708 1703 2759 χειροποίητον]

1056 2763 1219 2801 Gemmis
1239 2764 1287 2800 ad
1309 2763 1461 2801 annulos
1488 2764 1707 2813 signatorios

1054 2819 1277 2869 Babylonios
1295 2832 1381 2856 usos
1409 2834 1490 2858 esse
1517 2833 1708 2869 magnum-

1057 2888 1129 2924 que
1158 2876 1408 2913 commercium
1440 2889 1563 2914 earum
1606 2876 1708 2913 insti-

1057 2932 1170 2971 tuisse
1202 2945 1270 2984 per
1295 2945 1440 2971 omnem
1474 2934 1552 2972 fere
1583 2930 1707 2970 Asiam
