<?xml version="1.0" encoding="UTF-8"?>
<!DOCTYPE html PUBLIC "-//W3C//DTD XHTML 1.0 Transitional//EN"
    "http://www.w3.org/TR/xhtml1/DTD/xhtml1-transitional.dtd">
<html xmlns="http://www.w3.org/1999/xhtml" xml:lang="en" lang="en">
 <head>
  <title>
</title>
<meta http-equiv="Content-Type" content="text/html;charset=utf-8" />
  <meta name='ocr-system' content='tesseract 3.04.00' />
  <meta name='ocr-capabilities' content='ocr_page ocr_carea ocr_par ocr_line ocrx_word'/>
</head>
<body>
  <div class='ocr_page' id='page_1' title='image "./musaeher01hero/musaeher01hero_0202.png"; bbox 0 0 1814 3315; ppageno 0'>
   <div class='ocr_carea' id='block_1_1' title="bbox 389 254 472 292">
    <p class='ocr_par' dir='ltr' id='par_1_1' title="bbox 389 254 472 292">
     <span class='ocr_line' id='line_1_1' title="bbox 389 254 472 292; baseline 0 0"><span class='ocrx_word' id='word_1_1' title='bbox 389 254 472 292; x_wconf 83' lang='lat'>188</span> 
     </span>
    </p>
   </div>
   <div class='ocr_carea' id='block_1_2' title="bbox 783 249 1253 292">
    <p class='ocr_par' dir='ltr' id='par_1_2' title="bbox 783 249 1253 292">
     <span class='ocr_line' id='line_1_2' title="bbox 783 249 1253 292; baseline 0.011 -5"><span class='ocrx_word' id='word_1_2' title='bbox 783 249 1253 292; x_wconf 86' lang='lat' dir='ltr'>HERODOTI</span> 
     </span>
    </p>
   </div>
   <div class='ocr_carea' id='block_1_3' title="bbox 358 359 1674 420">
    <p class='ocr_par' dir='ltr' id='par_1_3' title="bbox 358 359 1674 420">
     <span class='ocr_line' id='line_1_3' title="bbox 358 359 1674 420; baseline 0.002 -17"><span class='ocrx_word' id='word_1_3' title='bbox 358 360 474 406; x_wconf 81' lang='grc' dir='ltr'>4σοῖν</span> <span class='ocrx_word' id='word_1_4' title='bbox 501 376 544 404; x_wconf 88' lang='grc' dir='ltr'>τε</span> <span class='ocrx_word' id='word_1_5' title='bbox 573 359 822 416; x_wconf 81' lang='grc' dir='ltr'><em>ἐκμαθέειν,</em></span> <span class='ocrx_word' id='word_1_6' title='bbox 851 360 926 404; x_wconf 80' lang='grc' dir='ltr'><em>καὶ</em></span> <span class='ocrx_word' id='word_1_7' title='bbox 952 361 1034 419; x_wconf 81' lang='grc' dir='ltr'>τήν</span> <span class='ocrx_word' id='word_1_8' title='bbox 1061 362 1215 420; x_wconf 87' lang='grc' dir='ltr'><em>τέχνην</em></span> <span class='ocrx_word' id='word_1_9' title='bbox 1243 366 1333 406; x_wconf 77' lang='grc' dir='ltr'>τῶν</span> <span class='ocrx_word' id='word_1_10' title='bbox 1361 361 1510 416; x_wconf 80' lang='grc' dir='ltr'><em>τόξων.</em></span> <span class='ocrx_word' id='word_1_11' title='bbox 1541 363 1674 419; x_wconf 67' lang='lat' dir='ltr'>xpo-1</span> 
     </span>
    </p>
   </div>
   <div class='ocr_carea' id='block_1_4' title="bbox 387 438 1645 499">
    <p class='ocr_par' dir='ltr' id='par_1_4' title="bbox 387 438 1645 499">
     <span class='ocr_line' id='line_1_4' title="bbox 387 438 1645 499; baseline 0.001 -15"><span class='ocrx_word' id='word_1_12' title='bbox 387 457 471 484; x_wconf 88' lang='grc' dir='ltr'>νου</span> <span class='ocrx_word' id='word_1_13' title='bbox 502 439 546 482; x_wconf 76' lang='grc' dir='ltr'>δὲ</span> <span class='ocrx_word' id='word_1_14' title='bbox 575 438 838 494; x_wconf 71' lang='grc' dir='ltr'><em>γενομένου,</em></span> <span class='ocrx_word' id='word_1_15' title='bbox 880 440 955 483; x_wconf 83' lang='grc' dir='ltr'><em>καὶ</em></span> <span class='ocrx_word' id='word_1_16' title='bbox 986 443 1069 486; x_wconf 85' lang='grc' dir='ltr'><em>αἰεὶ</em></span> <span class='ocrx_word' id='word_1_17' title='bbox 1105 442 1375 499; x_wconf 81' lang='grc' dir='ltr'><strong>φοιτεόντων</strong></span> <span class='ocrx_word' id='word_1_18' title='bbox 1414 445 1502 486; x_wconf 80' lang='grc' dir='ltr'>τῶν</span> <span class='ocrx_word' id='word_1_19' title='bbox 1530 445 1645 485; x_wconf 88' lang='grc' dir='ltr'><strong>Σκυ-</strong></span> 
     </span>
    </p>
   </div>
   <div class='ocr_carea' id='block_1_5' title="bbox 387 516 1647 578">
    <p class='ocr_par' dir='ltr' id='par_1_5' title="bbox 387 516 1647 578">
     <span class='ocr_line' id='line_1_5' title="bbox 387 516 1647 578; baseline 0.001 -15"><span class='ocrx_word' id='word_1_20' title='bbox 387 519 502 563; x_wconf 81' lang='grc' dir='ltr'><em>θέων</em></span> <span class='ocrx_word' id='word_1_21' title='bbox 531 516 592 561; x_wconf 80' lang='grc' dir='ltr'>ἐπ’</span> <span class='ocrx_word' id='word_1_22' title='bbox 622 516 783 576; x_wconf 72' lang='grc' dir='ltr'><em>ἄγρην,</em></span> <span class='ocrx_word' id='word_1_23' title='bbox 839 521 913 565; x_wconf 80' lang='grc' dir='ltr'><em>καὶ</em></span> <span class='ocrx_word' id='word_1_24' title='bbox 953 523 1036 565; x_wconf 86' lang='grc' dir='ltr'><em>αἰεί</em></span> <span class='ocrx_word' id='word_1_25' title='bbox 1063 539 1105 566; x_wconf 89' lang='grc' dir='ltr'>τι</span> <span class='ocrx_word' id='word_1_26' title='bbox 1131 520 1383 578; x_wconf 83' lang='grc' dir='ltr'><em>φερόντων,</em></span> <span class='ocrx_word' id='word_1_27' title='bbox 1434 523 1508 566; x_wconf 83' lang='grc' dir='ltr'><em>καί</em></span> <span class='ocrx_word' id='word_1_28' title='bbox 1546 516 1647 564; x_wconf 83' lang='grc' dir='ltr'><em>κοτε</em></span> 
     </span>
    </p>
   </div>
   <div class='ocr_carea' id='block_1_6' title="bbox 387 595 1646 657">
    <p class='ocr_par' dir='ltr' id='par_1_6' title="bbox 387 595 1646 657">
     <span class='ocr_line' id='line_1_6' title="bbox 387 595 1646 657; baseline 0 -14"><span class='ocrx_word' id='word_1_29' title='bbox 387 595 610 653; x_wconf 85' lang='grc' dir='ltr'><em>συνήνεικε</em></span> <span class='ocrx_word' id='word_1_30' title='bbox 638 597 750 642; x_wconf 78' lang='grc' dir='ltr'><em>ἑλεῖν</em></span> <span class='ocrx_word' id='word_1_31' title='bbox 780 609 915 656; x_wconf 86' lang='grc' dir='ltr'><em>σφεας</em></span> <span class='ocrx_word' id='word_1_32' title='bbox 944 601 1100 657; x_wconf 83' lang='grc' dir='ltr'><em>μηδὲν·</em></span> <span class='ocrx_word' id='word_1_33' title='bbox 1149 599 1444 656; x_wconf 81' lang='grc' dir='ltr'><em>νοστήσαντας</em></span> <span class='ocrx_word' id='word_1_34' title='bbox 1483 599 1529 643; x_wconf 78' lang='grc' dir='ltr'>δὲ</span> <span class='ocrx_word' id='word_1_35' title='bbox 1569 597 1646 643; x_wconf 83' lang='grc' dir='ltr'><em>αὕ-</em></span> 
     </span>
    </p>
   </div>
   <div class='ocr_carea' id='block_1_7' title="bbox 384 674 1673 736">
    <p class='ocr_par' dir='ltr' id='par_1_7' title="bbox 384 674 1673 736">
     <span class='ocr_line' id='line_1_7' title="bbox 384 674 1673 736; baseline 0.002 -17"><span class='ocrx_word' id='word_1_36' title='bbox 384 675 489 727; x_wconf 83' lang='grc' dir='ltr'>τούς</span> <span class='ocrx_word' id='word_1_37' title='bbox 519 680 688 734; x_wconf 85' lang='grc' dir='ltr'><em>κεινῇσι</em></span> <span class='ocrx_word' id='word_1_38' title='bbox 712 679 852 734; x_wconf 86' lang='grc' dir='ltr'><em>χερσὶ,</em></span> <span class='ocrx_word' id='word_1_39' title='bbox 892 678 916 723; x_wconf 90' lang='grc' dir='ltr'>ὁ</span> <span class='ocrx_word' id='word_1_40' title='bbox 946 677 1180 736; x_wconf 77' lang='grc' dir='ltr'><strong><em>Κυαξάρης</em></strong></span> <span class='ocrx_word' id='word_1_41' title='bbox 1219 674 1300 736; x_wconf 79' lang='grc' dir='ltr'>(ἦν</span> <span class='ocrx_word' id='word_1_42' title='bbox 1328 679 1434 735; x_wconf 75' lang='grc' dir='ltr'><em>γὰρ,</em></span> <span class='ocrx_word' id='word_1_43' title='bbox 1470 677 1529 730; x_wconf 74' lang='grc' dir='ltr'>ὥς</span> <span class='ocrx_word' id='word_1_44' title='bbox 1559 677 1673 722; x_wconf 86' lang='grc' dir='ltr'><em>διέ-5</em></span> 
     </span>
    </p>
   </div>
   <div class='ocr_carea' id='block_1_8' title="bbox 386 754 1641 815">
    <p class='ocr_par' dir='ltr' id='par_1_8' title="bbox 386 754 1641 815">
     <span class='ocr_line' id='line_1_8' title="bbox 386 754 1641 815; baseline 0.002 -16"><span class='ocrx_word' id='word_1_45' title='bbox 386 756 499 808; x_wconf 83' lang='grc' dir='ltr'><em>δεξε,</em></span> <span class='ocrx_word' id='word_1_46' title='bbox 527 754 665 812; x_wconf 82' lang='grc' dir='ltr'><em>ὀργὴν</em></span> <span class='ocrx_word' id='word_1_47' title='bbox 685 756 837 815; x_wconf 78' lang='grc' dir='ltr'><em>ἄκρος)</em></span> <span class='ocrx_word' id='word_1_48' title='bbox 868 759 1055 815; x_wconf 81' lang='grc' dir='ltr'><em>τρηχέως</em></span> <span class='ocrx_word' id='word_1_49' title='bbox 1081 759 1217 813; x_wconf 82' lang='grc' dir='ltr'><em>κάρτα</em></span> <span class='ocrx_word' id='word_1_50' title='bbox 1244 758 1443 811; x_wconf 83' lang='grc' dir='ltr'><em>περιέσπε</em></span> <span class='ocrx_word' id='word_1_51' title='bbox 1464 756 1641 814; x_wconf 77' lang='grc' dir='ltr'><em>ἀεικείῃ.</em></span> 
     </span>
    </p>
   </div>
   <div class='ocr_carea' id='block_1_9' title="bbox 355 834 1642 1052">
    <p class='ocr_par' dir='ltr' id='par_1_9' title="bbox 355 834 1642 1052">
     <span class='ocr_line' id='line_1_9' title="bbox 355 834 1642 892; baseline 0.002 -14"><span class='ocrx_word' id='word_1_52' title='bbox 355 837 435 879; x_wconf 83' lang='grc' dir='ltr'>5οῐ</span> <span class='ocrx_word' id='word_1_53' title='bbox 462 835 530 887; x_wconf 86' lang='grc' dir='ltr'>δὲ,</span> <span class='ocrx_word' id='word_1_54' title='bbox 559 839 696 880; x_wconf 85' lang='grc' dir='ltr'><em>ταῦτα</em></span> <span class='ocrx_word' id='word_1_55' title='bbox 724 836 834 892; x_wconf 77' lang='grc' dir='ltr'><em>πρὸς</em></span> <span class='ocrx_word' id='word_1_56' title='bbox 862 837 1099 892; x_wconf 79' lang='grc' dir='ltr'><em>Κυαξάρεω</em></span> <span class='ocrx_word' id='word_1_57' title='bbox 1129 835 1369 888; x_wconf 80' lang='grc' dir='ltr'><em>παθόντες,</em></span> <span class='ocrx_word' id='word_1_58' title='bbox 1395 836 1502 880; x_wconf 73' lang='grc' dir='ltr'><em>ὥστε</em></span> <span class='ocrx_word' id='word_1_59' title='bbox 1532 834 1642 880; x_wconf 75' lang='grc' dir='ltr'><em>ἀνά-</em></span> 
     </span>
     <span class='ocr_line' id='line_1_10' title="bbox 383 913 1642 972; baseline 0 -14"><span class='ocrx_word' id='word_1_60' title='bbox 383 916 454 968; x_wconf 83' lang='grc' dir='ltr'>ξια</span> <span class='ocrx_word' id='word_1_61' title='bbox 486 913 632 971; x_wconf 85' lang='grc' dir='ltr'><em>σφέων</em></span> <span class='ocrx_word' id='word_1_62' title='bbox 662 914 809 959; x_wconf 80' lang='grc' dir='ltr'><em>αὐτῶν</em></span> <span class='ocrx_word' id='word_1_63' title='bbox 837 915 1128 968; x_wconf 80' lang='grc' dir='ltr'><em>πεπονθότες,</em></span> <span class='ocrx_word' id='word_1_64' title='bbox 1160 914 1427 972; x_wconf 81' lang='grc' dir='ltr'><em>ἐβούλευσαν</em></span> <span class='ocrx_word' id='word_1_65' title='bbox 1455 919 1544 958; x_wconf 75' lang='grc' dir='ltr'>τῶν</span> <span class='ocrx_word' id='word_1_66' title='bbox 1565 930 1642 958; x_wconf 86' lang='grc' dir='ltr'><em>πα-</em></span> 
     </span>
     <span class='ocr_line' id='line_1_11' title="bbox 383 993 1638 1052; baseline -0.001 -14"><span class='ocrx_word' id='word_1_67' title='bbox 383 993 438 1050; x_wconf 80' lang='grc' dir='ltr'>ρὰ</span> <span class='ocrx_word' id='word_1_68' title='bbox 486 995 612 1051; x_wconf 85' lang='grc' dir='ltr'><em>σφίσι</em></span> <span class='ocrx_word' id='word_1_69' title='bbox 663 995 988 1052; x_wconf 81' lang='grc' dir='ltr'><em>διδασκομένων</em></span> <span class='ocrx_word' id='word_1_70' title='bbox 1043 997 1212 1040; x_wconf 88' lang='grc' dir='ltr'><em>παίδων</em></span> <span class='ocrx_word' id='word_1_71' title='bbox 1254 994 1333 1039; x_wconf 78' lang='grc' dir='ltr'><em>ἕνα</em></span> <span class='ocrx_word' id='word_1_72' title='bbox 1368 993 1638 1047; x_wconf 81' lang='grc' dir='ltr'><em>κατακόψαι·</em></span> 
     </span>
    </p>
   </div>
   <div class='ocr_carea' id='block_1_10' title="bbox 328 1128 603 1135">
    <p class='ocr_par' dir='ltr' id='par_1_10' title="bbox 328 1128 603 1135">
     <span class='ocr_line' id='line_1_12' title="bbox 328 1128 603 1135; baseline 0 2180"><span class='ocrx_word' id='word_1_73' title='bbox 328 1128 603 1135; x_wconf 95' lang='lat' dir='ltr'> </span> 
     </span>
    </p>
   </div>
   <div class='ocr_carea' id='block_1_11' title="bbox 314 1214 973 2955">
    <p class='ocr_par' dir='ltr' id='par_1_11' title="bbox 323 1214 973 1323">
     <span class='ocr_line' id='line_1_13' title="bbox 323 1214 973 1268; baseline -0.002 -11"><span class='ocrx_word' id='word_1_74' title='bbox 323 1232 394 1265; x_wconf 89' lang='grc' dir='ltr'><em>τας</em></span> <span class='ocrx_word' id='word_1_75' title='bbox 414 1214 544 1265; x_wconf 77' lang='grc' dir='ltr'><em>ἱκέτας</em></span> <span class='ocrx_word' id='word_1_76' title='bbox 561 1216 785 1254; x_wconf 78' lang='lat' dir='ltr'>illustrantur</span> <span class='ocrx_word' id='word_1_77' title='bbox 805 1217 862 1265; x_wconf 84' lang='lat' dir='ltr'>iis,</span> <span class='ocrx_word' id='word_1_78' title='bbox 878 1230 973 1268; x_wconf 87' lang='lat' dir='ltr'>quae</span> 
     </span>
     <span class='ocr_line' id='line_1_14' title="bbox 324 1273 885 1323; baseline -0.002 -11"><span class='ocrx_word' id='word_1_79' title='bbox 324 1276 373 1312; x_wconf 85' lang='lat' dir='ltr'>ad</span> <span class='ocrx_word' id='word_1_80' title='bbox 392 1273 426 1321; x_wconf 86' lang='lat' dir='ltr'>I,</span> <span class='ocrx_word' id='word_1_81' title='bbox 446 1276 500 1315; x_wconf 79' lang='lat'>35</span> <span class='ocrx_word' id='word_1_82' title='bbox 521 1287 625 1323; x_wconf 82' lang='lat' dir='ltr'>seqq.</span> <span class='ocrx_word' id='word_1_83' title='bbox 645 1277 770 1310; x_wconf 87' lang='lat' dir='ltr'>notata</span> <span class='ocrx_word' id='word_1_84' title='bbox 790 1278 885 1311; x_wconf 89' lang='lat' dir='ltr'>sunt.</span> 
     </span>
    </p>

    <p class='ocr_par' dir='ltr' id='par_1_12' title="bbox 317 1325 972 2098">
     <span class='ocr_line' id='line_1_15' title="bbox 379 1325 970 1381; baseline 0 -13"><span class='ocrx_word' id='word_1_85' title='bbox 379 1328 447 1369; x_wconf 81' lang='grc' dir='ltr'><em>καὶ</em></span> <span class='ocrx_word' id='word_1_86' title='bbox 463 1326 539 1380; x_wconf 75' lang='grc' dir='ltr'>τήν</span> <span class='ocrx_word' id='word_1_87' title='bbox 566 1328 705 1380; x_wconf 78' lang='grc' dir='ltr'><em>τέχνην</em></span> <span class='ocrx_word' id='word_1_88' title='bbox 732 1331 813 1369; x_wconf 72' lang='grc' dir='ltr'>τῶν</span> <span class='ocrx_word' id='word_1_89' title='bbox 832 1325 970 1381; x_wconf 81' lang='grc' dir='ltr'><em>τόξων]</em></span> 
     </span>
     <span class='ocr_line' id='line_1_16' title="bbox 322 1385 972 1436; baseline 0 -12"><span class='ocrx_word' id='word_1_90' title='bbox 322 1386 373 1424; x_wconf 94' lang='lat' dir='ltr'>Et</span> <span class='ocrx_word' id='word_1_91' title='bbox 398 1387 556 1435; x_wconf 73' lang='lat' dir='ltr'>Scythae</span> <span class='ocrx_word' id='word_1_92' title='bbox 594 1390 630 1423; x_wconf 88' lang='lat' dir='ltr'>et</span> <span class='ocrx_word' id='word_1_93' title='bbox 655 1385 791 1424; x_wconf 84' lang='lat' dir='ltr'>Persae</span> <span class='ocrx_word' id='word_1_94' title='bbox 835 1387 972 1436; x_wconf 89' lang='lat' dir='ltr'>(quam</span> 
     </span>
     <span class='ocr_line' id='line_1_17' title="bbox 322 1443 971 1492; baseline -0.002 -12"><span class='ocrx_word' id='word_1_95' title='bbox 322 1447 511 1491; x_wconf 76' lang='lat' dir='ltr'>utramque</span> <span class='ocrx_word' id='word_1_96' title='bbox 556 1443 751 1479; x_wconf 89' lang='lat' dir='ltr'>nomadum</span> <span class='ocrx_word' id='word_1_97' title='bbox 805 1443 971 1492; x_wconf 88' lang='lat' dir='ltr'>primitus</span> 
     </span>
     <span class='ocr_line' id='line_1_18' title="bbox 321 1498 972 1548; baseline -0.002 -11"><span class='ocrx_word' id='word_1_98' title='bbox 321 1499 437 1537; x_wconf 88' lang='lat' dir='ltr'>fuisse</span> <span class='ocrx_word' id='word_1_99' title='bbox 463 1498 574 1536; x_wconf 89' lang='lat' dir='ltr'>Asiae</span> <span class='ocrx_word' id='word_1_100' title='bbox 615 1503 763 1547; x_wconf 84' lang='lat' dir='ltr'>gentem</span> <span class='ocrx_word' id='word_1_101' title='bbox 810 1501 972 1548; x_wconf 89' lang='lat' dir='ltr'>constat)</span> 
     </span>
     <span class='ocr_line' id='line_1_19' title="bbox 320 1555 972 1607; baseline -0.002 -14"><span class='ocrx_word' id='word_1_102' title='bbox 320 1568 389 1607; x_wconf 88' lang='lat' dir='ltr'>per</span> <span class='ocrx_word' id='word_1_103' title='bbox 402 1559 517 1592; x_wconf 89' lang='lat' dir='ltr'>totam</span> <span class='ocrx_word' id='word_1_104' title='bbox 535 1555 785 1604; x_wconf 81' lang='lat' dir='ltr'><strong>antiquitatem</strong></span> <span class='ocrx_word' id='word_1_105' title='bbox 812 1555 972 1593; x_wconf 85' lang='lat' dir='ltr'>celebres</span> 
     </span>
     <span class='ocr_line' id='line_1_20' title="bbox 320 1611 972 1655; baseline -0.002 -5"><span class='ocrx_word' id='word_1_106' title='bbox 320 1616 400 1650; x_wconf 87' lang='lat' dir='ltr'>arte</span> <span class='ocrx_word' id='word_1_107' title='bbox 416 1623 562 1648; x_wconf 89' lang='lat' dir='ltr'>arcuum</span> <span class='ocrx_word' id='word_1_108' title='bbox 575 1611 856 1649; x_wconf 87' lang='lat' dir='ltr'>tractandorum.</span> <span class='ocrx_word' id='word_1_109' title='bbox 889 1612 972 1655; x_wconf 86' lang='lat' dir='ltr'>Qua</span> 
     </span>
     <span class='ocr_line' id='line_1_21' title="bbox 321 1667 971 1716; baseline -0.005 -10"><span class='ocrx_word' id='word_1_110' title='bbox 321 1668 370 1706; x_wconf 87' lang='lat' dir='ltr'>de</span> <span class='ocrx_word' id='word_1_111' title='bbox 399 1680 439 1704; x_wconf 88' lang='lat' dir='ltr'>re</span> <span class='ocrx_word' id='word_1_112' title='bbox 460 1668 616 1704; x_wconf 87' lang='lat' dir='ltr'>sufficiat</span> <span class='ocrx_word' id='word_1_113' title='bbox 638 1667 818 1705; x_wconf 85' lang='lat' dir='ltr'>indicasse</span> <span class='ocrx_word' id='word_1_114' title='bbox 837 1668 971 1716; x_wconf 88' lang='lat' dir='ltr'>prima-</span> 
     </span>
     <span class='ocr_line' id='line_1_22' title="bbox 319 1722 970 1770; baseline -0.005 -8"><span class='ocrx_word' id='word_1_115' title='bbox 319 1724 393 1762; x_wconf 82' lang='lat' dir='ltr'>rios</span> <span class='ocrx_word' id='word_1_116' title='bbox 423 1722 551 1760; x_wconf 84' lang='lat' dir='ltr'>Nostri</span> <span class='ocrx_word' id='word_1_117' title='bbox 577 1723 699 1770; x_wconf 84' lang='lat' dir='ltr'>locos,</span> <span class='ocrx_word' id='word_1_118' title='bbox 742 1725 840 1761; x_wconf 86' lang='lat' dir='ltr'>unde</span> <span class='ocrx_word' id='word_1_119' title='bbox 866 1724 970 1761; x_wconf 90' lang='lat' dir='ltr'>huius</span> 
     </span>
     <span class='ocr_line' id='line_1_23' title="bbox 319 1780 971 1829; baseline 0 -12"><span class='ocrx_word' id='word_1_120' title='bbox 319 1780 407 1817; x_wconf 84' lang='lat' dir='ltr'>artis</span> <span class='ocrx_word' id='word_1_121' title='bbox 433 1780 487 1816; x_wconf 86' lang='lat' dir='ltr'>vis</span> <span class='ocrx_word' id='word_1_122' title='bbox 522 1792 564 1817; x_wconf 86' lang='lat' dir='ltr'>ac</span> <span class='ocrx_word' id='word_1_123' title='bbox 587 1780 688 1816; x_wconf 89' lang='lat' dir='ltr'>notio</span> <span class='ocrx_word' id='word_1_124' title='bbox 713 1781 811 1829; x_wconf 86' lang='lat' dir='ltr'>apud</span> <span class='ocrx_word' id='word_1_125' title='bbox 834 1783 971 1817; x_wconf 90' lang='lat' dir='ltr'>utram-</span> 
     </span>
     <span class='ocr_line' id='line_1_24' title="bbox 319 1835 968 1886; baseline 0 -14"><span class='ocrx_word' id='word_1_126' title='bbox 319 1849 392 1886; x_wconf 88' lang='lat' dir='ltr'>que</span> <span class='ocrx_word' id='word_1_127' title='bbox 415 1840 563 1884; x_wconf 87' lang='lat' dir='ltr'>gentem</span> <span class='ocrx_word' id='word_1_128' title='bbox 602 1835 761 1874; x_wconf 86' lang='lat' dir='ltr'>eluceat:</span> <span class='ocrx_word' id='word_1_129' title='bbox 799 1835 871 1883; x_wconf 87' lang='grc' dir='ltr'>ΙΙΙ,</span> <span class='ocrx_word' id='word_1_130' title='bbox 902 1839 968 1878; x_wconf 79' lang='lat'>21.</span> 
     </span>
     <span class='ocr_line' id='line_1_25' title="bbox 319 1891 971 1940; baseline 0.003 -11"><span class='ocrx_word' id='word_1_131' title='bbox 319 1896 375 1934; x_wconf 78' lang='grc'>22</span> <span class='ocrx_word' id='word_1_132' title='bbox 394 1892 473 1929; x_wconf 89' lang='lat' dir='ltr'>coll.</span> <span class='ocrx_word' id='word_1_133' title='bbox 502 1891 564 1940; x_wconf 80' lang='lat' dir='ltr'>IV,</span> <span class='ocrx_word' id='word_1_134' title='bbox 594 1893 685 1934; x_wconf 85' lang='lat'>131.</span> <span class='ocrx_word' id='word_1_135' title='bbox 708 1894 798 1934; x_wconf 82' lang='lat'>132.</span> <span class='ocrx_word' id='word_1_136' title='bbox 822 1892 971 1931; x_wconf 87' lang='lat' dir='ltr'>Ctesiae</span> 
     </span>
     <span class='ocr_line' id='line_1_26' title="bbox 319 1947 971 1998; baseline 0.003 -13"><span class='ocrx_word' id='word_1_137' title='bbox 319 1947 489 1998; x_wconf 88' lang='lat' dir='ltr'>Excerpt.</span> <span class='ocrx_word' id='word_1_138' title='bbox 517 1948 622 1986; x_wconf 80' lang='lat' dir='ltr'>Pers.</span> <span class='ocrx_word' id='word_1_139' title='bbox 654 1951 717 1989; x_wconf 89' lang='grc'>17.</span> <span class='ocrx_word' id='word_1_140' title='bbox 775 1948 834 1985; x_wconf 90' lang='lat' dir='ltr'>De</span> <span class='ocrx_word' id='word_1_141' title='bbox 853 1952 971 1987; x_wconf 85' lang='lat' dir='ltr'>tesse-</span> 
     </span>
     <span class='ocr_line' id='line_1_27' title="bbox 317 2004 971 2043; baseline 0.005 -3"><span class='ocrx_word' id='word_1_142' title='bbox 317 2005 413 2041; x_wconf 87' lang='lat' dir='ltr'>raria</span> <span class='ocrx_word' id='word_1_143' title='bbox 443 2017 545 2042; x_wconf 90' lang='lat' dir='ltr'>arcus</span> <span class='ocrx_word' id='word_1_144' title='bbox 572 2005 721 2043; x_wconf 88' lang='lat' dir='ltr'>notione</span> <span class='ocrx_word' id='word_1_145' title='bbox 751 2004 838 2042; x_wconf 89' lang='lat' dir='ltr'>alibi</span> <span class='ocrx_word' id='word_1_146' title='bbox 872 2005 971 2043; x_wconf 82' lang='lat' dir='ltr'>dice-</span> 
     </span>
     <span class='ocr_line' id='line_1_28' title="bbox 317 2072 410 2098; baseline -0.022 0"><span class='ocrx_word' id='word_1_147' title='bbox 317 2072 410 2098; x_wconf 91' lang='lat' dir='ltr'>mus.</span> 
     </span>
    </p>

    <p class='ocr_par' dir='ltr' id='par_1_13' title="bbox 314 2110 968 2955">
     <span class='ocr_line' id='line_1_29' title="bbox 373 2110 968 2169; baseline 0.003 -2"><span class='ocrx_word' id='word_1_148' title='bbox 373 2110 427 2167; x_wconf 80' lang='grc' dir='ltr'>ἦν</span> <span class='ocrx_word' id='word_1_149' title='bbox 444 2112 585 2168; x_wconf 73' lang='grc' dir='ltr'>νοῖρ-</span> <span class='ocrx_word' id='word_1_150' title='bbox 604 2110 765 2167; x_wconf 74' lang='grc' dir='ltr'>ὄρνῆν</span> <span class='ocrx_word' id='word_1_151' title='bbox 794 2112 968 2169; x_wconf 64' lang='grc' dir='ltr'>ἄκρος]</span> 
     </span>
     <span class='ocr_line' id='line_1_30' title="bbox 317 2172 968 2211; baseline 0.003 -2"><span class='ocrx_word' id='word_1_152' title='bbox 317 2172 342 2209; x_wconf 90' lang='lat' dir='ltr'>i.</span> <span class='ocrx_word' id='word_1_153' title='bbox 361 2185 392 2210; x_wconf 90' lang='lat' dir='ltr'>e.</span> <span class='ocrx_word' id='word_1_154' title='bbox 423 2176 499 2209; x_wconf 81' lang='lat' dir='ltr'>erat</span> <span class='ocrx_word' id='word_1_155' title='bbox 525 2174 614 2209; x_wconf 80' lang='lat' dir='ltr'>enim</span> <span class='ocrx_word' id='word_1_156' title='bbox 651 2175 766 2209; x_wconf 81' lang='lat' dir='ltr'>animo</span> <span class='ocrx_word' id='word_1_157' title='bbox 797 2174 968 2211; x_wconf 79' lang='lat' dir='ltr'>iracundo</span> 
     </span>
     <span class='ocr_line' id='line_1_31' title="bbox 317 2228 968 2277; baseline 0.002 -12"><span class='ocrx_word' id='word_1_158' title='bbox 317 2228 396 2266; x_wconf 73' lang='lat' dir='ltr'>sive</span> <span class='ocrx_word' id='word_1_159' title='bbox 416 2228 464 2265; x_wconf 84' lang='lat' dir='ltr'>ad</span> <span class='ocrx_word' id='word_1_160' title='bbox 483 2230 574 2265; x_wconf 86' lang='lat' dir='ltr'>iram</span> <span class='ocrx_word' id='word_1_161' title='bbox 584 2231 739 2277; x_wconf 80' lang='lat' dir='ltr'>pronior.</span> <span class='ocrx_word' id='word_1_162' title='bbox 780 2228 836 2265; x_wconf 91' lang='lat' dir='ltr'>Ita</span> <span class='ocrx_word' id='word_1_163' title='bbox 857 2230 968 2268; x_wconf 61' lang='lat' dir='ltr'>W&#39;es-</span> 
     </span>
     <span class='ocr_line' id='line_1_32' title="bbox 317 2284 966 2333; baseline 0.003 -12"><span class='ocrx_word' id='word_1_164' title='bbox 317 2284 516 2333; x_wconf 84' lang='lat' dir='ltr'>selingius‚</span> <span class='ocrx_word' id='word_1_165' title='bbox 553 2285 616 2333; x_wconf 88' lang='lat' dir='ltr'>qui</span> <span class='ocrx_word' id='word_1_166' title='bbox 647 2285 790 2322; x_wconf 89' lang='lat' dir='ltr'>dicendi</span> <span class='ocrx_word' id='word_1_167' title='bbox 828 2286 966 2323; x_wconf 85' lang='lat' dir='ltr'>formu-</span> 
     </span>
     <span class='ocr_line' id='line_1_33' title="bbox 316 2340 966 2390; baseline 0.003 -13"><span class='ocrx_word' id='word_1_168' title='bbox 316 2340 388 2377; x_wconf 87' lang='lat' dir='ltr'>lam</span> <span class='ocrx_word' id='word_1_169' title='bbox 407 2340 484 2377; x_wconf 83' lang='lat' dir='ltr'>aliis</span> <span class='ocrx_word' id='word_1_170' title='bbox 502 2340 676 2390; x_wconf 88' lang='lat' dir='ltr'>exemplis</span> <span class='ocrx_word' id='word_1_171' title='bbox 696 2340 874 2390; x_wconf 85' lang='lat' dir='ltr'>Appiani,</span> <span class='ocrx_word' id='word_1_172' title='bbox 902 2355 966 2380; x_wconf 86' lang='lat' dir='ltr'>ae-</span> 
     </span>
     <span class='ocr_line' id='line_1_34' title="bbox 316 2396 965 2444; baseline 0.003 -10"><span class='ocrx_word' id='word_1_173' title='bbox 316 2397 403 2434; x_wconf 88' lang='lat' dir='ltr'>muli</span> <span class='ocrx_word' id='word_1_174' title='bbox 426 2396 651 2444; x_wconf 87' lang='lat' dir='ltr'>Herodotei,</span> <span class='ocrx_word' id='word_1_175' title='bbox 690 2397 857 2434; x_wconf 88' lang='lat' dir='ltr'>illustrat.</span> <span class='ocrx_word' id='word_1_176' title='bbox 913 2398 965 2436; x_wconf 88' lang='lat' dir='ltr'>Et</span> 
     </span>
     <span class='ocr_line' id='line_1_35' title="bbox 315 2452 964 2504; baseline 0.003 -15"><span class='ocrx_word' id='word_1_177' title='bbox 315 2457 483 2504; x_wconf 86' lang='lat' dir='ltr'>pugnant</span> <span class='ocrx_word' id='word_1_178' title='bbox 501 2457 575 2490; x_wconf 90' lang='lat' dir='ltr'>tres</span> <span class='ocrx_word' id='word_1_179' title='bbox 606 2452 687 2490; x_wconf 84' lang='lat' dir='ltr'>libri</span> <span class='ocrx_word' id='word_1_180' title='bbox 718 2453 872 2490; x_wconf 86' lang='lat' dir='ltr'>Parisini</span> <span class='ocrx_word' id='word_1_181' title='bbox 895 2468 964 2504; x_wconf 87' lang='lat' dir='ltr'>pro</span> 
     </span>
     <span class='ocr_line' id='line_1_36' title="bbox 315 2508 963 2578; baseline 0.005 -32"><span class='ocrx_word' id='word_1_182' title='bbox 315 2509 384 2546; x_wconf 87' lang='lat' dir='ltr'>hac</span> <span class='ocrx_word' id='word_1_183' title='bbox 418 2508 572 2547; x_wconf 90' lang='lat' dir='ltr'>lectione</span> <span class='ocrx_word' id='word_1_184' title='bbox 613 2509 768 2576; x_wconf 87' lang='lat' dir='ltr'>ipsaque</span> <span class='ocrx_word' id='word_1_185' title='bbox 806 2510 963 2578; x_wconf 55' lang='lat' dir='ltr'>de&#39;nique</span> 
     </span>
     <span class='ocr_line' id='line_1_37' title="bbox 314 2560 964 2616; baseline 0.003 -14"><span class='ocrx_word' id='word_1_186' title='bbox 314 2565 418 2602; x_wconf 83' lang='lat' dir='ltr'>ratio.</span> <span class='ocrx_word' id='word_1_187' title='bbox 486 2565 608 2614; x_wconf 89' lang='lat' dir='ltr'>Vulgo</span> <span class='ocrx_word' id='word_1_188' title='bbox 638 2560 757 2616; x_wconf 82' lang='grc' dir='ltr'><em>ὄργην</em></span> <span class='ocrx_word' id='word_1_189' title='bbox 797 2580 888 2604; x_wconf 80' lang='grc' dir='ltr'>ουκ</span> <span class='ocrx_word' id='word_1_190' title='bbox 921 2563 964 2604; x_wconf 74' lang='grc' dir='ltr'>ὀί-</span> 
     </span>
     <span class='ocr_line' id='line_1_38' title="bbox 316 2595 962 2688; baseline -0.003 -28"><span class='ocrx_word' id='word_1_191' title='bbox 316 2635 433 2672; x_wconf 84' lang='grc' dir='ltr'><em>κρος,</em></span> <span class='ocrx_word' id='word_1_192' title='bbox 472 2595 597 2688; x_wconf 69' lang='lat' dir='ltr'>quood</span> <span class='ocrx_word' id='word_1_193' title='bbox 638 2625 757 2659; x_wconf 88' lang='lat' dir='ltr'>tuetur</span> <span class='ocrx_word' id='word_1_194' title='bbox 801 2621 962 2670; x_wconf 85' lang='lat' dir='ltr'>Coraes,</span> 
     </span>
     <span class='ocr_line' id='line_1_39' title="bbox 314 2671 961 2729; baseline 0.002 -15"><span class='ocrx_word' id='word_1_195' title='bbox 314 2690 439 2716; x_wconf 87' lang='lat' dir='ltr'>vocem</span> <span class='ocrx_word' id='word_1_196' title='bbox 461 2671 582 2729; x_wconf 81' lang='grc' dir='ltr'><em>ὄργην</em></span> <span class='ocrx_word' id='word_1_197' title='bbox 607 2677 788 2728; x_wconf 83' lang='lat' dir='ltr'>explicans</span> <span class='ocrx_word' id='word_1_198' title='bbox 810 2674 961 2728; x_wconf 80' lang='grc' dir='ltr'><em>ψυχὴν,</em></span> 
     </span>
     <span class='ocr_line' id='line_1_40' title="bbox 315 2733 965 2800; baseline 0 -29"><span class='ocrx_word' id='word_1_199' title='bbox 315 2733 567 2800; x_wconf 88' lang='lat' dir='ltr'>hominemque</span> <span class='ocrx_word' id='word_1_200' title='bbox 604 2733 808 2783; x_wconf 86' lang='lat' dir='ltr'>intelligens</span> <span class='ocrx_word' id='word_1_201' title='bbox 838 2734 965 2783; x_wconf 77' lang='lat' dir='ltr'>pusilli</span> 
     </span>
     <span class='ocr_line' id='line_1_41' title="bbox 314 2790 963 2840; baseline 0 -12"><span class='ocrx_word' id='word_1_202' title='bbox 314 2792 471 2840; x_wconf 46' lang='lat' dir='ltr'>ingeni&amp;</span> <span class='ocrx_word' id='word_1_203' title='bbox 497 2790 554 2828; x_wconf 87' lang='lat' dir='ltr'>cui</span> <span class='ocrx_word' id='word_1_204' title='bbox 576 2790 796 2839; x_wconf 87' lang='lat' dir='ltr'>suffragatur</span> <span class='ocrx_word' id='word_1_205' title='bbox 818 2790 963 2828; x_wconf 90' lang='lat' dir='ltr'>Werfe-</span> 
     </span>
     <span class='ocr_line' id='line_1_42' title="bbox 315 2844 961 2896; baseline 0.003 -13"><span class='ocrx_word' id='word_1_206' title='bbox 315 2860 377 2884; x_wconf 84' lang='lat' dir='ltr'>rus</span> <span class='ocrx_word' id='word_1_207' title='bbox 414 2847 452 2884; x_wconf 89' lang='lat' dir='ltr'>in</span> <span class='ocrx_word' id='word_1_208' title='bbox 489 2845 584 2885; x_wconf 85' lang='lat' dir='ltr'>Actt.</span> <span class='ocrx_word' id='word_1_209' title='bbox 621 2846 720 2896; x_wconf 90' lang='lat' dir='ltr'>phill.</span> <span class='ocrx_word' id='word_1_210' title='bbox 755 2844 961 2885; x_wconf 90' lang='lat' dir='ltr'>Monacc.1</span> 
     </span>
     <span class='ocr_line' id='line_1_43' title="bbox 315 2903 962 2955; baseline 0 -13"><span class='ocrx_word' id='word_1_211' title='bbox 315 2917 352 2955; x_wconf 84' lang='lat' dir='ltr'>p.</span> <span class='ocrx_word' id='word_1_212' title='bbox 372 2906 427 2946; x_wconf 83' lang='lat'>77</span> <span class='ocrx_word' id='word_1_213' title='bbox 448 2916 527 2954; x_wconf 84' lang='lat' dir='ltr'>seq.</span> <span class='ocrx_word' id='word_1_214' title='bbox 547 2915 751 2954; x_wconf 83' lang='lat' dir='ltr'>exponens:</span> <span class='ocrx_word' id='word_1_215' title='bbox 790 2915 857 2941; x_wconf 83' lang='lat' dir='ltr'>non</span> <span class='ocrx_word' id='word_1_216' title='bbox 871 2903 962 2942; x_wconf 82' lang='lat' dir='ltr'>bona</span> 
     </span>
    </p>
   </div>
   <div class='ocr_carea' id='block_1_12' title="bbox 1027 1209 1694 2946">
    <p class='ocr_par' dir='ltr' id='par_1_14' title="bbox 1027 1209 1694 2946">
     <span class='ocr_line' id='line_1_44' title="bbox 1039 1209 1693 1268; baseline 0.002 -14"><span class='ocrx_word' id='word_1_217' title='bbox 1039 1221 1072 1254; x_wconf 84' lang='lat' dir='ltr'>et</span> <span class='ocrx_word' id='word_1_218' title='bbox 1103 1229 1271 1267; x_wconf 83' lang='lat' dir='ltr'>generosa</span> <span class='ocrx_word' id='word_1_219' title='bbox 1303 1214 1440 1266; x_wconf 74' lang='lat' dir='ltr'>indole,</span> <span class='ocrx_word' id='word_1_220' title='bbox 1480 1229 1560 1255; x_wconf 91' lang='lat' dir='ltr'>cum</span> <span class='ocrx_word' id='word_1_221' title='bbox 1596 1209 1693 1268; x_wconf 79' lang='grc' dir='ltr'><em>ὄργὴ</em></span> 
     </span>
     <span class='ocr_line' id='line_1_45' title="bbox 1038 1274 1694 1324; baseline -0.003 -14"><span class='ocrx_word' id='word_1_222' title='bbox 1038 1274 1203 1324; x_wconf 86' lang='lat' dir='ltr'>inprimis</span> <span class='ocrx_word' id='word_1_223' title='bbox 1225 1274 1324 1324; x_wconf 88' lang='lat' dir='ltr'>apud</span> <span class='ocrx_word' id='word_1_224' title='bbox 1343 1274 1484 1310; x_wconf 90' lang='lat' dir='ltr'>Ionicos</span> <span class='ocrx_word' id='word_1_225' title='bbox 1505 1277 1542 1311; x_wconf 91' lang='lat' dir='ltr'>et</span> <span class='ocrx_word' id='word_1_226' title='bbox 1563 1276 1694 1324; x_wconf 89' lang='lat' dir='ltr'>poetas</span> 
     </span>
     <span class='ocr_line' id='line_1_46' title="bbox 1038 1328 1694 1380; baseline -0.003 -12"><span class='ocrx_word' id='word_1_227' title='bbox 1038 1332 1210 1380; x_wconf 89' lang='lat' dir='ltr'>frequens</span> <span class='ocrx_word' id='word_1_228' title='bbox 1238 1331 1305 1368; x_wconf 83' lang='lat' dir='ltr'>sit:</span> <span class='ocrx_word' id='word_1_229' title='bbox 1350 1332 1552 1378; x_wconf 79' lang='lat' dir='ltr'>ingenium,</span> <span class='ocrx_word' id='word_1_230' title='bbox 1592 1328 1694 1366; x_wconf 85' lang='lat' dir='ltr'>indo-</span> 
     </span>
     <span class='ocr_line' id='line_1_47' title="bbox 1038 1383 1694 1437; baseline -0.003 -13"><span class='ocrx_word' id='word_1_231' title='bbox 1038 1386 1109 1433; x_wconf 87' lang='lat' dir='ltr'>les,</span> <span class='ocrx_word' id='word_1_232' title='bbox 1154 1391 1191 1424; x_wconf 92' lang='lat' dir='ltr'>et</span> <span class='ocrx_word' id='word_1_233' title='bbox 1224 1383 1345 1437; x_wconf 71' lang='grc' dir='ltr'><em>ἄκρος</em></span> <span class='ocrx_word' id='word_1_234' title='bbox 1379 1387 1479 1436; x_wconf 79' lang='lat' dir='ltr'>apud</span> <span class='ocrx_word' id='word_1_235' title='bbox 1515 1385 1694 1423; x_wconf 90' lang='lat' dir='ltr'>Nostrum</span> 
     </span>
     <span class='ocr_line' id='line_1_48' title="bbox 1041 1441 1693 1494; baseline -0.003 -13"><span class='ocrx_word' id='word_1_236' title='bbox 1041 1456 1186 1494; x_wconf 87' lang='lat' dir='ltr'>semper</span> <span class='ocrx_word' id='word_1_237' title='bbox 1213 1443 1318 1491; x_wconf 81' lang='lat' dir='ltr'><em>bono,</em></span> <span class='ocrx_word' id='word_1_238' title='bbox 1347 1455 1422 1479; x_wconf 90' lang='lat' dir='ltr'>non</span> <span class='ocrx_word' id='word_1_239' title='bbox 1447 1441 1540 1479; x_wconf 84' lang='lat' dir='ltr'>malo</span> <span class='ocrx_word' id='word_1_240' title='bbox 1567 1454 1693 1479; x_wconf 90' lang='lat' dir='ltr'>occur-</span> 
     </span>
     <span class='ocr_line' id='line_1_49' title="bbox 1041 1498 1691 1546; baseline -0.003 -10"><span class='ocrx_word' id='word_1_241' title='bbox 1041 1504 1098 1537; x_wconf 92' lang='lat' dir='ltr'>rat</span> <span class='ocrx_word' id='word_1_242' title='bbox 1116 1513 1227 1536; x_wconf 77' lang='lat' dir='ltr'>sensu.</span> <span class='ocrx_word' id='word_1_243' title='bbox 1257 1499 1335 1537; x_wconf 90' lang='lat' dir='ltr'>Sed</span> <span class='ocrx_word' id='word_1_244' title='bbox 1359 1499 1545 1546; x_wconf 90' lang='lat' dir='ltr'>confiteor,</span> <span class='ocrx_word' id='word_1_245' title='bbox 1565 1498 1691 1535; x_wconf 87' lang='lat' dir='ltr'>huius-</span> 
     </span>
     <span class='ocr_line' id='line_1_50' title="bbox 1040 1554 1692 1604; baseline -0.003 -11"><span class='ocrx_word' id='word_1_246' title='bbox 1040 1557 1141 1593; x_wconf 90' lang='lat' dir='ltr'>modi</span> <span class='ocrx_word' id='word_1_247' title='bbox 1177 1555 1516 1604; x_wconf 84' lang='lat' dir='ltr'>interpretationes,</span> <span class='ocrx_word' id='word_1_248' title='bbox 1565 1554 1622 1592; x_wconf 82' lang='lat' dir='ltr'>vel</span> <span class='ocrx_word' id='word_1_249' title='bbox 1659 1554 1692 1591; x_wconf 89' lang='lat' dir='ltr'>si</span> 
     </span>
     <span class='ocr_line' id='line_1_51' title="bbox 1039 1611 1693 1660; baseline 0 -11"><span class='ocrx_word' id='word_1_250' title='bbox 1039 1612 1146 1650; x_wconf 88' lang='lat' dir='ltr'>docte</span> <span class='ocrx_word' id='word_1_251' title='bbox 1164 1612 1426 1659; x_wconf 88' lang='lat' dir='ltr'>defendantur,</span> <span class='ocrx_word' id='word_1_252' title='bbox 1443 1611 1562 1660; x_wconf 83' lang='lat' dir='ltr'>magis</span> <span class='ocrx_word' id='word_1_253' title='bbox 1578 1623 1693 1660; x_wconf 87' lang='lat' dir='ltr'>quae-</span> 
     </span>
     <span class='ocr_line' id='line_1_52' title="bbox 1040 1667 1690 1730; baseline -0.002 -25"><span class='ocrx_word' id='word_1_254' title='bbox 1040 1668 1128 1705; x_wconf 84' lang='lat' dir='ltr'>sitas</span> <span class='ocrx_word' id='word_1_255' title='bbox 1157 1668 1243 1705; x_wconf 88' lang='lat' dir='ltr'>mihi</span> <span class='ocrx_word' id='word_1_256' title='bbox 1288 1667 1404 1704; x_wconf 67' lang='lat' dir='ltr'>xideri</span> <span class='ocrx_word' id='word_1_257' title='bbox 1443 1680 1552 1730; x_wconf 83' lang='lat' dir='ltr'>quam</span> <span class='ocrx_word' id='word_1_258' title='bbox 1583 1680 1690 1705; x_wconf 86' lang='lat' dir='ltr'>veras</span> 
     </span>
     <span class='ocr_line' id='line_1_53' title="bbox 1038 1722 1690 1790; baseline 0.002 -30"><span class='ocrx_word' id='word_1_259' title='bbox 1038 1724 1315 1790; x_wconf 87' lang='lat' dir='ltr'>simplicesque.</span> <span class='ocrx_word' id='word_1_260' title='bbox 1345 1722 1464 1761; x_wconf 90' lang='lat' dir='ltr'>Alium</span> <span class='ocrx_word' id='word_1_261' title='bbox 1483 1724 1599 1761; x_wconf 82' lang='lat' dir='ltr'>virum</span> <span class='ocrx_word' id='word_1_262' title='bbox 1622 1724 1690 1761; x_wconf 90' lang='lat' dir='ltr'>do-</span> 
     </span>
     <span class='ocr_line' id='line_1_54' title="bbox 1037 1774 1690 1832; baseline 0.002 -14"><span class='ocrx_word' id='word_1_263' title='bbox 1037 1785 1154 1828; x_wconf 83' lang='lat' dir='ltr'>ctum,</span> <span class='ocrx_word' id='word_1_264' title='bbox 1200 1780 1262 1829; x_wconf 85' lang='lat' dir='ltr'>qui</span> <span class='ocrx_word' id='word_1_265' title='bbox 1297 1774 1417 1831; x_wconf 82' lang='grc' dir='ltr'><em>ὀργὴν</em></span> <span class='ocrx_word' id='word_1_266' title='bbox 1453 1774 1527 1819; x_wconf 67' lang='lat' dir='ltr'>min</span> <span class='ocrx_word' id='word_1_267' title='bbox 1568 1777 1690 1832; x_wconf 69' lang='grc' dir='ltr'><em>ἄκρος</em></span> 
     </span>
     <span class='ocr_line' id='line_1_55' title="bbox 1038 1837 1688 1887; baseline -0.005 -11"><span class='ocrx_word' id='word_1_268' title='bbox 1038 1837 1257 1887; x_wconf 83' lang='lat' dir='ltr'>explicabat.</span> <span class='ocrx_word' id='word_1_269' title='bbox 1292 1849 1384 1874; x_wconf 69' lang='lat' dir='ltr'>aram</span> <span class='ocrx_word' id='word_1_270' title='bbox 1432 1849 1498 1874; x_wconf 77' lang='lat' dir='ltr'>non</span> <span class='ocrx_word' id='word_1_271' title='bbox 1538 1840 1688 1884; x_wconf 79' lang='lat' dir='ltr'>vincens,</span> 
     </span>
     <span class='ocr_line' id='line_1_56' title="bbox 1037 1893 1686 1943; baseline -0.005 -11"><span class='ocrx_word' id='word_1_272' title='bbox 1037 1897 1112 1932; x_wconf 78' lang='lat' dir='ltr'>irae</span> <span class='ocrx_word' id='word_1_273' title='bbox 1130 1906 1197 1930; x_wconf 82' lang='lat' dir='ltr'>non</span> <span class='ocrx_word' id='word_1_274' title='bbox 1219 1896 1428 1943; x_wconf 80' lang='lat' dir='ltr'>temperans,</span> <span class='ocrx_word' id='word_1_275' title='bbox 1459 1893 1547 1930; x_wconf 88' lang='lat' dir='ltr'>satis</span> <span class='ocrx_word' id='word_1_276' title='bbox 1578 1907 1598 1931; x_wconf 93' lang='lat' dir='ltr'>e</span> <span class='ocrx_word' id='word_1_277' title='bbox 1617 1893 1686 1929; x_wconf 86' lang='lat' dir='ltr'>lin—</span> 
     </span>
     <span class='ocr_line' id='line_1_57' title="bbox 1038 1949 1685 2000; baseline 0 -14"><span class='ocrx_word' id='word_1_278' title='bbox 1038 1963 1134 2000; x_wconf 85' lang='lat' dir='ltr'>guae</span> <span class='ocrx_word' id='word_1_279' title='bbox 1141 1950 1339 1987; x_wconf 89' lang='lat' dir='ltr'>rationibus</span> <span class='ocrx_word' id='word_1_280' title='bbox 1348 1949 1685 1998; x_wconf 83' lang='lat' dir='ltr'>refutavitSchwgh.</span> 
     </span>
     <span class='ocr_line' id='line_1_58' title="bbox 1036 2000 1687 2059; baseline 0.002 -15"><span class='ocrx_word' id='word_1_281' title='bbox 1036 2007 1122 2044; x_wconf 87' lang='lat' dir='ltr'>Hoc</span> <span class='ocrx_word' id='word_1_282' title='bbox 1140 2007 1234 2044; x_wconf 90' lang='lat' dir='ltr'>enim</span> <span class='ocrx_word' id='word_1_283' title='bbox 1258 2007 1355 2044; x_wconf 85' lang='lat' dir='ltr'>foret</span> <span class='ocrx_word' id='word_1_284' title='bbox 1374 2006 1536 2044; x_wconf 86' lang='lat' dir='ltr'>Graece:</span> <span class='ocrx_word' id='word_1_285' title='bbox 1567 2000 1687 2059; x_wconf 79' lang='grc' dir='ltr'><em>ὀργῆς</em></span> 
     </span>
     <span class='ocr_line' id='line_1_59' title="bbox 1040 2057 1687 2115; baseline -0.005 -13"><span class='ocrx_word' id='word_1_286' title='bbox 1040 2058 1113 2102; x_wconf 73' lang='grc' dir='ltr'><em>ου’ν.</em></span> <span class='ocrx_word' id='word_1_287' title='bbox 1136 2057 1338 2115; x_wconf 80' lang='grc' dir='ltr'><em>ἐγκρατής.</em></span> <span class='ocrx_word' id='word_1_288' title='bbox 1396 2062 1508 2100; x_wconf 91' lang='lat' dir='ltr'>Unde</span> <span class='ocrx_word' id='word_1_289' title='bbox 1529 2075 1610 2099; x_wconf 89' lang='lat' dir='ltr'>cum</span> <span class='ocrx_word' id='word_1_290' title='bbox 1628 2075 1687 2100; x_wconf 88' lang='lat' dir='ltr'>re-</span> 
     </span>
     <span class='ocr_line' id='line_1_60' title="bbox 1039 2119 1687 2169; baseline 0 -12"><span class='ocrx_word' id='word_1_291' title='bbox 1039 2123 1146 2157; x_wconf 91' lang='lat' dir='ltr'>centt.</span> <span class='ocrx_word' id='word_1_292' title='bbox 1180 2120 1280 2157; x_wconf 88' lang='lat' dir='ltr'>editt.</span> <span class='ocrx_word' id='word_1_293' title='bbox 1293 2148 1305 2168; x_wconf 86' lang='lat'>,</span> <span class='ocrx_word' id='word_1_294' title='bbox 1330 2119 1510 2169; x_wconf 88' lang='lat' dir='ltr'>probante</span> <span class='ocrx_word' id='word_1_295' title='bbox 1538 2131 1687 2168; x_wconf 89' lang='lat' dir='ltr'>quoque</span> 
     </span>
     <span class='ocr_line' id='line_1_61' title="bbox 1037 2174 1684 2213; baseline 0.002 -1"><span class='ocrx_word' id='word_1_296' title='bbox 1037 2175 1243 2213; x_wconf 89' lang='lat' dir='ltr'>Blomfield.</span> <span class='ocrx_word' id='word_1_297' title='bbox 1271 2175 1309 2212; x_wconf 90' lang='lat' dir='ltr'>in</span> <span class='ocrx_word' id='word_1_298' title='bbox 1336 2175 1501 2212; x_wconf 88' lang='lat' dir='ltr'>Glossar.</span> <span class='ocrx_word' id='word_1_299' title='bbox 1531 2176 1580 2212; x_wconf 90' lang='lat' dir='ltr'>ad</span> <span class='ocrx_word' id='word_1_300' title='bbox 1609 2174 1684 2213; x_wconf 86' lang='lat' dir='ltr'>Ae·-</span> 
     </span>
     <span class='ocr_line' id='line_1_62' title="bbox 1034 2231 1683 2281; baseline -0.002 -12"><span class='ocrx_word' id='word_1_301' title='bbox 1034 2232 1144 2281; x_wconf 79' lang='lat' dir='ltr'>schyl.</span> <span class='ocrx_word' id='word_1_302' title='bbox 1174 2232 1277 2269; x_wconf 91' lang='lat' dir='ltr'>Pers.</span> <span class='ocrx_word' id='word_1_303' title='bbox 1304 2245 1358 2269; x_wconf 86' lang='lat' dir='ltr'>vs.</span> <span class='ocrx_word' id='word_1_304' title='bbox 1391 2231 1494 2278; x_wconf 86' lang='lat'>140,</span> <span class='ocrx_word' id='word_1_305' title='bbox 1533 2231 1683 2269; x_wconf 83' lang='lat' dir='ltr'>retinui-</span> 
     </span>
     <span class='ocr_line' id='line_1_63' title="bbox 1031 2287 1681 2355; baseline 0.002 -30"><span class='ocrx_word' id='word_1_306' title='bbox 1031 2301 1110 2325; x_wconf 88' lang='lat' dir='ltr'>mus</span> <span class='ocrx_word' id='word_1_307' title='bbox 1128 2288 1318 2355; x_wconf 53' lang='lat' dir='ltr'>lectionem</span> <span class='ocrx_word' id='word_1_308' title='bbox 1334 2287 1681 2336; x_wconf 82' lang='lat' dir='ltr'>Wesselingianam.</span> 
     </span>
     <span class='ocr_line' id='line_1_64' title="bbox 1031 2340 1596 2399; baseline -0.005 -17"><span class='ocrx_word' id='word_1_309' title='bbox 1031 2365 1088 2374; x_wconf 89' lang='lat'>·—</span> <span class='ocrx_word' id='word_1_310' title='bbox 1105 2343 1165 2381; x_wconf 93' lang='lat' dir='ltr'>Ad</span> <span class='ocrx_word' id='word_1_311' title='bbox 1190 2340 1339 2399; x_wconf 67' lang='grc' dir='ltr'><em>ἀεικείῃ</em></span> <span class='ocrx_word' id='word_1_312' title='bbox 1360 2345 1454 2381; x_wconf 90' lang='lat' dir='ltr'>conf.</span> <span class='ocrx_word' id='word_1_313' title='bbox 1474 2343 1511 2392; x_wconf 80' lang='grc' dir='ltr'>Ι,</span> <span class='ocrx_word' id='word_1_314' title='bbox 1531 2344 1596 2386; x_wconf 86' lang='grc'>54.</span> 
     </span>
     <span class='ocr_line' id='line_1_65' title="bbox 1086 2385 1683 2466; baseline 0 -27"><span class='ocrx_word' id='word_1_315' title='bbox 1086 2385 1330 2451; x_wconf 73' lang='grc' dir='ltr'><em>ἐβούλευσαν</em></span> <span class='ocrx_word' id='word_1_316' title='bbox 1348 2402 1428 2438; x_wconf 78' lang='grc' dir='ltr'>τῶν</span> <span class='ocrx_word' id='word_1_317' title='bbox 1447 2414 1557 2466; x_wconf 87' lang='grc' dir='ltr'><em>παρα</em></span> <span class='ocrx_word' id='word_1_318' title='bbox 1568 2399 1683 2450; x_wconf 83' lang='grc' dir='ltr'><em>σφισι</em></span> 
     </span>
     <span class='ocr_line' id='line_1_66' title="bbox 1031 2451 1681 2506; baseline 0.002 -11"><span class='ocrx_word' id='word_1_319' title='bbox 1031 2470 1067 2496; x_wconf 86' lang='grc' dir='ltr'>κ.</span> <span class='ocrx_word' id='word_1_320' title='bbox 1086 2470 1118 2494; x_wconf 88' lang='grc' dir='ltr'>τ.</span> <span class='ocrx_word' id='word_1_321' title='bbox 1135 2454 1183 2506; x_wconf 81' lang='grc' dir='ltr'>λ.]</span> <span class='ocrx_word' id='word_1_322' title='bbox 1224 2456 1343 2505; x_wconf 85' lang='lat' dir='ltr'>Vulgo</span> <span class='ocrx_word' id='word_1_323' title='bbox 1379 2451 1681 2505; x_wconf 75' lang='grc' dir='ltr'><em>εβουλεῦσαντο.</em></span> 
     </span>
     <span class='ocr_line' id='line_1_67' title="bbox 1031 2511 1682 2560; baseline 0.002 -11"><span class='ocrx_word' id='word_1_324' title='bbox 1031 2512 1109 2549; x_wconf 89' lang='lat' dir='ltr'>Sed</span> <span class='ocrx_word' id='word_1_325' title='bbox 1127 2512 1282 2558; x_wconf 85' lang='lat' dir='ltr'>Medic.‚</span> <span class='ocrx_word' id='word_1_326' title='bbox 1311 2511 1599 2560; x_wconf 89' lang='lat' dir='ltr'>Schellershem.,</span> <span class='ocrx_word' id='word_1_327' title='bbox 1621 2512 1682 2550; x_wconf 84' lang='lat' dir='ltr'>alii</span> 
     </span>
     <span class='ocr_line' id='line_1_68' title="bbox 1027 2564 1682 2618; baseline 0.006 -15"><span class='ocrx_word' id='word_1_328' title='bbox 1027 2567 1210 2618; x_wconf 88' lang='lat' dir='ltr'>plerique:</span> <span class='ocrx_word' id='word_1_329' title='bbox 1241 2564 1500 2618; x_wconf 74' lang='grc' dir='ltr'><em>ἐβούλευσαν,</em></span> <span class='ocrx_word' id='word_1_330' title='bbox 1520 2569 1622 2617; x_wconf 90' lang='lat' dir='ltr'>quod</span> <span class='ocrx_word' id='word_1_331' title='bbox 1640 2573 1682 2607; x_wconf 88' lang='lat' dir='ltr'>ut</span> 
     </span>
     <span class='ocr_line' id='line_1_69' title="bbox 1029 2623 1680 2675; baseline 0.005 -16"><span class='ocrx_word' id='word_1_332' title='bbox 1029 2625 1255 2673; x_wconf 86' lang='lat' dir='ltr'>praeferrent</span> <span class='ocrx_word' id='word_1_333' title='bbox 1270 2623 1473 2671; x_wconf 81' lang='lat' dir='ltr'>Schweigh.</span> <span class='ocrx_word' id='word_1_334' title='bbox 1497 2628 1533 2661; x_wconf 91' lang='lat' dir='ltr'>et</span> <span class='ocrx_word' id='word_1_335' title='bbox 1545 2624 1680 2675; x_wconf 74' lang='lat' dir='ltr'>Gaisfi,</span> 
     </span>
     <span class='ocr_line' id='line_1_70' title="bbox 1028 2679 1678 2728; baseline 0.006 -13"><span class='ocrx_word' id='word_1_336' title='bbox 1028 2679 1146 2716; x_wconf 86' lang='lat' dir='ltr'>suasit</span> <span class='ocrx_word' id='word_1_337' title='bbox 1160 2692 1308 2728; x_wconf 91' lang='lat' dir='ltr'>quoque</span> <span class='ocrx_word' id='word_1_338' title='bbox 1329 2692 1416 2716; x_wconf 84' lang='lat' dir='ltr'>usus</span> <span class='ocrx_word' id='word_1_339' title='bbox 1431 2679 1678 2719; x_wconf 84' lang='lat' dir='ltr'>Herodoteus.</span> 
     </span>
     <span class='ocr_line' id='line_1_71' title="bbox 1029 2733 1677 2788; baseline -0.002 -16"><span class='ocrx_word' id='word_1_340' title='bbox 1029 2733 1127 2772; x_wconf 84' lang='lat' dir='ltr'>Nam</span> <span class='ocrx_word' id='word_1_341' title='bbox 1143 2736 1195 2771; x_wconf 89' lang='lat' dir='ltr'>uti</span> <span class='ocrx_word' id='word_1_342' title='bbox 1214 2737 1422 2784; x_wconf 87' lang='lat' dir='ltr'>frequenter</span> <span class='ocrx_word' id='word_1_343' title='bbox 1441 2735 1569 2774; x_wconf 85' lang='lat' dir='ltr'>dieitur</span> <span class='ocrx_word' id='word_1_344' title='bbox 1585 2737 1677 2788; x_wconf 89' lang='grc' dir='ltr'>βου-</span> 
     </span>
     <span class='ocr_line' id='line_1_72' title="bbox 1028 2787 1677 2842; baseline 0.003 -13"><span class='ocrx_word' id='word_1_345' title='bbox 1028 2787 1215 2830; x_wconf 71' lang='grc' dir='ltr'><em>λεύεσθὸι</em></span> <span class='ocrx_word' id='word_1_346' title='bbox 1258 2790 1473 2829; x_wconf 78' lang='lat' dir='ltr'>deliberandi</span> <span class='ocrx_word' id='word_1_347' title='bbox 1513 2794 1677 2842; x_wconf 88' lang='lat' dir='ltr'>notione,</span> 
     </span>
     <span class='ocr_line' id='line_1_73' title="bbox 1027 2847 1677 2900; baseline 0.006 -16"><span class='ocrx_word' id='word_1_348' title='bbox 1027 2847 1079 2884; x_wconf 90' lang='lat' dir='ltr'>ita</span> <span class='ocrx_word' id='word_1_349' title='bbox 1101 2848 1304 2898; x_wconf 91' lang='lat' dir='ltr'>promiscue</span> <span class='ocrx_word' id='word_1_350' title='bbox 1328 2848 1423 2886; x_wconf 90' lang='lat' dir='ltr'>hunc</span> <span class='ocrx_word' id='word_1_351' title='bbox 1461 2850 1677 2900; x_wconf 88' lang='lat' dir='ltr'>scriptorem</span> 
     </span>
     <span class='ocr_line' id='line_1_74' title="bbox 1029 2905 1675 2946; baseline 0.005 -3"><span class='ocrx_word' id='word_1_352' title='bbox 1029 2908 1066 2943; x_wconf 84' lang='lat' dir='ltr'>et</span> <span class='ocrx_word' id='word_1_353' title='bbox 1081 2905 1204 2943; x_wconf 83' lang='lat' dir='ltr'>medio</span> <span class='ocrx_word' id='word_1_354' title='bbox 1223 2909 1261 2943; x_wconf 88' lang='lat' dir='ltr'>et</span> <span class='ocrx_word' id='word_1_355' title='bbox 1287 2905 1405 2943; x_wconf 84' lang='lat' dir='ltr'>activo</span> <span class='ocrx_word' id='word_1_356' title='bbox 1432 2906 1543 2945; x_wconf 86' lang='lat' dir='ltr'>verbo</span> <span class='ocrx_word' id='word_1_357' title='bbox 1569 2910 1675 2946; x_wconf 83' lang='lat' dir='ltr'>uten-</span> 
     </span>
    </p>
   </div>
   <div class='ocr_carea' id='block_1_13' title="bbox 1802 2727 1814 3315">
    <p class='ocr_par' dir='ltr' id='par_1_15' title="bbox 1802 2727 1814 3315">
     <span class='ocr_line' id='line_1_75' title="bbox 1802 2727 1814 3315; baseline 0 0"><span class='ocrx_word' id='word_1_358' title='bbox 1802 2727 1814 3315; x_wconf 95' lang='lat' dir='ltr'> </span> 
     </span>
    </p>
   </div>
  </div>
 </body>
</html>
