1777 3324
508 265 592 304 AD
639 262 1234 313 HERODOT.11,141.
1549 269 1633 308 917

117 379 288 429 equidem
319 378 437 416 habeo
455 405 466 426 ‚
513 377 575 414 ubi
613 380 810 428 tantopere
845 377 1103 416 dissentientes
1138 378 1245 415 video
1271 381 1439 416 auctores
1476 381 1630 426 veteres,

118 460 185 484 nec
215 445 285 483 ulla
314 449 457 485 constat
483 449 583 484 certa
610 448 814 496 temporum
846 445 952 483 ratio.
1011 445 1071 483 Tu
1100 445 1172 482 vid.
1203 444 1405 483 Schlosser.
1432 445 1630 483 universal-

117 514 200 552 hist.
223 505 417 552 Ubersicht
445 517 512 551 etc.
544 513 580 560 I,
603 515 625 554 1
656 526 693 563 p.
713 512 807 554 214.
831 513 913 554 215
941 513 1021 551 coll.
1050 513 1163 551 Beck.
1193 512 1324 551 Anleit.
1352 526 1384 549 z.
1407 512 1628 562 Weltgesch.

117 583 134 619 l
160 595 248 633 pag.
270 585 352 623 717
373 594 451 631 seq.
480 583 574 622 720.
634 581 777 624 Quodsi
809 581 904 618 enim
933 579 1066 629 Anysis
1097 593 1194 618 anno
1215 583 1296 622 961
1328 593 1361 617 a.
1389 579 1475 617 Chr.
1494 593 1530 617 n.
1565 581 1630 628 (ut

114 649 317 687 Larcherus
342 650 446 701 ponit
466 653 490 686 t.
508 648 575 685 Vll
603 662 640 699 p.
663 650 737 697 92)
767 649 804 685 in
822 661 975 697 regnum
994 649 1102 686 rediit
1130 661 1300 698 annoque
1323 646 1405 689 954
1435 660 1468 685 a.
1487 648 1574 685 Chr.
1594 661 1628 684 n.

114 718 351 770 probabiliter
387 717 497 765 obiit,
547 717 608 753 ubi
648 717 818 753 continuo
854 716 887 754 ei
921 717 1093 754 suecessit
1125 716 1266 764 Setho,
1317 716 1490 753 Sethonis
1524 715 1629 752 huius

115 790 215 825 aetas
256 787 536 836 haudquaquam
573 788 749 833 congruet
778 797 858 822 cum
893 784 1129 822 Sanacharibi
1164 784 1422 835 expeditione,
1467 797 1563 834 quae
1591 784 1630 820 in

114 868 249 893 annum
273 857 356 895 712
387 866 419 891 a.
451 853 538 891 Chr.
566 853 700 891 incidit.
758 852 909 890 Lacuna
940 853 1008 890 erit
1048 865 1227 890 annorum
1264 853 1506 890 ducentorum
1538 864 1628 902 qua-

115 923 287 971 draginta
315 923 411 958 intra
444 920 576 970 Anysis
615 924 768 958 mortem
810 924 848 958 et
883 932 1037 969 regnum
1064 921 1247 958 Sethonis.
1307 921 1427 964 Quam
1464 919 1629 958 lacunam

114 995 157 1028 ut
198 990 385 1042 explerent
428 993 706 1040 temporumque
738 988 919 1026 rationem
964 990 1002 1025 in
1044 989 1210 1026 ordinem
1246 988 1476 1037 redigerent,
1528 988 1627 1024 vario

115 1059 225 1096 modo
257 1061 442 1096 tentarunt
469 1058 534 1094 viri
567 1058 684 1106 docti,
715 1070 868 1107 quorum
896 1058 1093 1095 sententias
1121 1058 1232 1094 refert
1253 1056 1367 1094 Beck.
1391 1056 1414 1093 l.
1438 1057 1460 1094 l.
1519 1057 1627 1103 Sunt,

114 1127 175 1176 qui
206 1127 244 1163 in
276 1128 357 1177 ipso
388 1125 570 1162 Herodoti
602 1130 705 1163 textu
732 1125 897 1162 lacunam
928 1139 1009 1163 esse
1030 1128 1217 1172 statuant,
1248 1137 1358 1174 quam
1377 1124 1478 1161 initio
1498 1125 1626 1175 capitis

117 1194 196 1237 124
227 1196 331 1246 ponit
362 1194 560 1241 Buherius,
612 1193 714 1230 initio
749 1193 877 1244 capitis
908 1193 986 1234 141
1019 1192 1223 1230 Larcherus
1245 1221 1256 1240 ,
1303 1192 1365 1229 ubi
1391 1191 1628 1242 probabiliter

112 1264 284 1301 traditum
320 1263 430 1300 fuerit
465 1262 512 1299 de
547 1261 712 1310 regibus,
753 1262 815 1311 qui
844 1261 903 1299 vel
933 1262 1030 1298 intra
1060 1260 1287 1309 Mycerinum
1314 1264 1351 1298 et
1385 1258 1544 1309 Asychin
1569 1259 1627 1297 vel

110 1336 197 1382 post
219 1330 379 1380 Asychin
405 1331 453 1367 ad
485 1330 685 1368 Sethonem
718 1342 836 1379 usque
868 1328 1029 1380 Aegypti
1058 1342 1213 1379 regnum
1246 1329 1440 1366 tenuerint.
1511 1327 1627 1377 Equi-

111 1399 218 1447 dem,
250 1399 280 1435 si
305 1399 432 1436 lacuna
463 1399 663 1436 statuenda
690 1402 745 1435 est
771 1398 808 1434 in
838 1397 1020 1435 Herodoti
1047 1397 1163 1445 libro,
1203 1397 1325 1434 malim
1351 1396 1488 1446 aliquid
1515 1396 1626 1433 inter-

112 1468 246 1505 cidisse
277 1471 360 1518 post
379 1480 456 1518 cap.
478 1469 580 1514 136,
612 1478 707 1515 quae
737 1469 792 1502 est
819 1466 1000 1502 sententia
1030 1466 1095 1502 viri
1123 1465 1357 1512 nobilissimi,
1401 1464 1525 1502 Liberi
1550 1464 1624 1500 Ba-

110 1535 207 1572 ronis
232 1535 279 1572 de
304 1534 562 1580 Reizeustein,
599 1535 799 1572 accuratius
824 1534 989 1584 exposita
1018 1534 1056 1570 in
1089 1533 1252 1581 schedis,
1293 1546 1383 1583 quas
1414 1533 1472 1570 ille
1500 1532 1624 1569 nobis-

110 1616 189 1641 cum
225 1603 488 1640 communicare
522 1602 646 1639 voluit.
705 1602 747 1639 In
781 1602 848 1639 hac
881 1606 1003 1639 autem
1043 1601 1171 1638 lacuna
1198 1614 1259 1638 sex
1298 1606 1360 1639 aut
1391 1606 1465 1639 octo
1494 1614 1623 1650 regum

110 1670 298 1707 historiam
334 1669 564 1707 Herodotum
596 1669 826 1720 exposuisse,
875 1669 963 1707 satis
1002 1670 1242 1708 verisimiliter
1277 1671 1403 1708 statuit
1440 1671 1536 1707 idem
1571 1670 1625 1704 vir

111 1738 348 1774 doctissimus.
434 1738 569 1775 Verum
609 1739 756 1788 quidem
793 1741 868 1784 est,
920 1738 1071 1788 scriptos
1102 1739 1285 1776 Herodoti
1314 1738 1444 1787 libros,
1485 1738 1545 1789 qui
1575 1738 1624 1774 ad

109 1809 234 1842 nostra
269 1810 514 1855 pervenerunt
550 1809 746 1856 tempora,
795 1804 892 1841 nulla
922 1806 1072 1843 lacunae
1120 1807 1252 1843 indicia
1292 1810 1390 1843 certa
1425 1806 1623 1856 praebere;

109 1878 334 1924 quapropter
371 1875 407 1910 in
447 1887 527 1911 eam
565 1873 649 1910 olim
689 1872 797 1909 incidi
827 1874 1069 1920 sententiam,
1116 1878 1157 1911 ut
1187 1874 1223 1910 in
1254 1874 1436 1911 Herodoti
1475 1874 1622 1923 quidem

108 1944 208 1978 textu
233 1942 431 1990 quidquam
450 1942 625 1979 excidisse
644 1953 837 1989 negarem,
867 1953 993 1978 verum
1018 1955 1146 1979 manca
1177 1956 1256 1980 esse
1281 1945 1496 1987 statuerem,
1529 1953 1623 1989 quae

108 2008 167 2046 ille
195 2020 217 2045 a
244 2009 492 2046 sacerdotibus
523 2009 673 2046 edoctus
703 2009 738 2045 in
764 2022 855 2059 opus
882 2022 984 2046 suum
1009 2011 1191 2057 retulerit3
1232 2023 1326 2060 quae
1351 2010 1379 2046 si
1411 2009 1622 2059 probentur,

108 2077 336 2114 sacerdotum
370 2078 438 2115 erit
463 2077 588 2127 culpa,
618 2090 692 2114 non
721 2077 914 2114 Herodoti.
974 2078 1082 2116 Cous.
1107 2079 1202 2116 infra
1227 2079 1283 2125 II,
1305 2081 1405 2124 177,
1435 2077 1497 2114 ubi
1525 2077 1623 2114 simi-

106 2143 155 2180 lia
184 2145 366 2193 quaedam
397 2146 589 2182 Herodoto
624 2157 698 2182 non
738 2145 895 2181 indicata
928 2146 1040 2183 fuisse
1072 2159 1093 2183 a
1129 2146 1378 2184 sacerdotibus
1420 2146 1486 2182 viri
1524 2146 1622 2182 docti

106 2214 279 2249 statuunt.
340 2213 416 2250 Sed
440 2213 552 2250 multa
584 2213 620 2249 in
651 2213 844 2250 Herodoto
867 2227 947 2251 esse
971 2215 1194 2265 depravata,
1235 2228 1329 2265 quae
1357 2213 1468 2250 libros
1494 2213 1621 2250 hodie-

107 2292 178 2329 que
210 2281 372 2329 cognitos
409 2282 612 2330 excedunt,
658 2281 851 2330 aliquoties
878 2281 950 2318 iam
982 2284 1186 2321 monuimus
1219 2289 1256 2321 et
1287 2281 1460 2320 hocloco
1489 2282 1621 2319 iterum

106 2350 326 2386 monendum
355 2363 562 2397 censemus,
601 2351 630 2387 si
658 2349 737 2399 quis
764 2352 1018 2398 argumentum
1052 2364 1072 2388 e
1100 2351 1273 2388 librorum
1303 2353 1528 2388 vetustorum
1556 2363 1622 2387 au·

105 2417 270 2454 ctoritate
290 2418 436 2454 ductum
457 2431 643 2469 opponere
671 2418 766 2455 velit.
825 2417 916 2454 Illud
943 2422 1063 2455 autem
1091 2419 1149 2455 vix
1176 2430 1418 2468 quemquam,
1448 2418 1509 2467 qui
1542 2418 1621 2454 He-

105 2483 293 2522 rodoteum
328 2485 444 2523 locum
475 2490 615 2524 attente
651 2486 878 2536 perlegerit,
926 2487 1173 2523 dubitaturum
1206 2500 1286 2524 esse
1317 2486 1462 2523 confido
1481 2514 1493 2533 ‚
1533 2486 1620 2535 quin

106 2549 251 2589 multum
278 2553 312 2589 in
344 2566 388 2591 eo
414 2555 596 2591 turbatum
628 2555 753 2601 fuerit,
800 2567 868 2591 nec
897 2554 1019 2590 omnia
1050 2566 1094 2590 ea
1122 2554 1335 2602 videantur,
1376 2567 1472 2605 quae
1499 2554 1619 2606 pravis

107 2620 142 2654 et
168 2618 382 2670 imperfectis
410 2623 639 2660 sacerdotum
669 2622 923 2659 traditionibus
951 2621 1108 2659 adscribi
1131 2622 1283 2672 possint.
