1759 3324
322 254 407 295 692

297 370 319 404 5
329 372 447 413 σενες
492 362 781 405 καταπίνουσι
831 358 1044 415 ἑπόμενοι.

719 247 1189 291 HERODOTI

1105 359 1186 402 εἰσὶ
1235 358 1281 400 δὲ
1328 358 1371 400 οἱ
1419 356 1590 413 κέγχροι

325 436 450 486 οὗτοι
480 440 637 497 ἰχθύες.
679 440 725 484 ἐκ
757 442 800 483 δὲ
832 443 919 482 τῶν
949 438 1291 493 περιγινομένων
1320 437 1393 479 καὶ
1423 436 1481 492 μή
1511 453 1590 480 κα-

324 521 626 578 ταπινομένων
686 521 879 574 κέγχρων
931 520 974 562 οἱ
1023 516 1285 572 τρεφόμενοι
1332 516 1478 571 ἰχθύες
1524 517 1592 570 γί-

299 612 495 649 6νονται.

576 603 596 618 ῃ
656 596 664 611 9
707 599 725 611 -η
830 595 839 610 ²
886 601 902 608 .-
982 595 991 607 t·
1042 601 1058 607 -ι
1140 597 1150 610 ν
1266 594 1274 607 t
1446 595 1456 608 τ
1562 594 1571 607 ι

555 617 597 643 οι
627 601 650 642 δ
699 615 753 641 αν
785 613 932 640 αυτων
968 601 1106 639 αλωσι
1135 601 1400 645 εκπλωοντες
1441 612 1482 645 ες
1508 600 1592 637 θα·

328 688 514 732 λασσαν,
561 679 796 734 φαίνονται
827 676 1098 731 τετριμμένοι
1136 675 1188 718 τὰ
1221 674 1478 729 ἐπαριστερὰ
1504 678 1650 717 τῶν60

328 760 573 817 κεφαλέων·

301 839 448 892 7ὂεξιὰ
496 837 758 890 τετρίφαται.

656 760 676 774 u
738 754 748 770 θ
791 755 810 768 ’Ἀ
882 754 891 768 ⁷
936 756 944 769 r
1059 751 1068 766 ⁹
1217 753 1225 764 1
1458 753 1467 766 x
1506 753 1517 768 ν

635 774 678 800 οι
707 758 731 799 δ
782 771 838 798 αν
869 765 1008 797 οπισω
1047 759 1371 804 αναπλωοντες,
1419 771 1472 796 τα
1501 770 1592 796 επι-

815 832 1032 888 πάσχουσι
1078 833 1123 875 δὲ
1173 836 1309 875 ταῦτα
1362 832 1434 875 διὰ
1480 831 1592 876 τόδε.

329 918 531 975 ἐχόμενοι
558 918 636 970 τῆς
670 917 749 969 γῆς
779 910 839 955 ἐπ’
871 911 1077 966 ἀριστερὰ
1106 909 1410 953 καταπλώουσι
1440 910 1481 962 ές
1510 911 1595 954 θά-

331 1003 520 1042 λασσαν·
561 993 635 1038 καὶ
666 989 970 1042 ἀναπλώοντες
1000 990 1136 1034 ὀπίσω
1158 1023 1168 1041 ,
1208 993 1284 1045 τῆς
1313 988 1446 1046 αὐτῆς
1473 988 1597 1034 ἀντέ-

332 1092 504 1134 χονται,
561 1070 886 1129 έγχριπτόμενοι
925 1070 999 1114 καὶ
1037 1067 1253 1121 ψαύοντες
1293 1066 1350 1119 ὥς
1391 1067 1656 1125 μάλιστα,65

305 1158 408 1200 8ἴνα
439 1153 491 1210 δὴ
527 1151 585 1208 μή
617 1149 855 1207 ἁμάρτοιεν
884 1153 958 1205 τῆς
984 1146 1094 1192 ὁδοῦ
1116 1148 1188 1192 διὰ
1204 1147 1280 1191 τὸν
1299 1147 1418 1202 ῥόον.
1444 1146 1602 1193 Ἐπεάν

334 1236 380 1280 δὲ
409 1231 685 1289 πληθύεσθαι
714 1230 898 1286 ἄρχηται
931 1226 955 1272 ὁ
986 1230 1168 1279 Νεῖλος,
1215 1225 1268 1270 τά
1298 1243 1340 1270 τε
1374 1232 1499 1271 κοῖλα
1527 1232 1603 1285 τῆς

332 1318 412 1371 γῆς
450 1312 523 1356 καὶ
560 1311 613 1354 τοὶ
654 1310 839 1367 τέλματα
874 1307 926 1352 τὰ
957 1306 1078 1362 παρὰ
1118 1305 1196 1349 τὸν
1224 1306 1421 1362 ποταμόν
1449 1311 1600 1363 πρῶτα

337 1392 513 1448 ἄρχεται
541 1392 809 1443 πίπλασθαι,
856 1386 1110 1445 διηθέοντος
1139 1389 1220 1429 τοῦ
1250 1384 1412 1438 ὕδατος
1442 1386 1488 1431 ἐκ
1520 1391 1602 1432 τοῦ

280 1609 521 1658 terpretatur:
554 1616 669 1650 „nam
699 1615 742 1640 esc
771 1605 846 1640 ovis
873 1614 935 1639 ex-

283 1666 426 1702 cernunt
447 1660 605 1698 cenchres
617 1662 729 1708 (quos
752 1660 937 1707 dicimus),

281 1733 389 1770 neque
411 1719 470 1756 hos
499 1716 670 1767 confertos
689 1712 784 1763 (ονίι
814 1711 938 1768 ἀθρό-

285 1776 397 1825 ους),
427 1774 486 1812 sed
511 1786 645 1824 paucos
672 1773 824 1822 singulis
851 1774 940 1809 vici-

284 1835 358 1870 bus.
417 1831 538 1880 Atque
563 1828 717 1881 κέγχροι
746 1831 802 1867 hic
820 1828 940 1866 latiori

287 1888 551 1939 significatione
565 1892 669 1924 erunt
681 1899 797 1934 grana
820 1900 846 1923 s.
859 1898 939 1933 ova,

285 1957 474 1996 granorum
484 1943 642 1994 formam
663 1947 694 1979 et
719 1942 939 1991 magnitudi-

287 2016 362 2041 nem
384 2013 472 2066 quae
493 2000 692 2049 praebeant.
697 2000 722 2018 “

346 2059 385 2097 0‘1,
405 2051 447 2095 δ’
469 2071 520 2094 αν
541 2050 676 2094 αὐτων
700 2052 839 2105 ἇλωσι]
872 2049 941 2093 αὕ-

288 2116 368 2152 τῶν
386 2125 453 2163 pro
479 2112 576 2160 vulg.
599 2106 750 2150 αὐτέων
771 2111 941 2161 rescripsi

289 2183 371 2207 cum
392 2168 709 2205 Gaisford.—-De
730 2168 808 2204 aliis
831 2168 942 2217 pisci-

290 2227 358 2263 bus
380 2225 417 2261 in
430 2237 530 2261 mare
547 2224 714 2261 euntibus
735 2228 770 2260 et
786 2225 943 2261 redeun-

290 2282 388 2319 tibus
409 2281 550 2317 confert
567 2279 786 2328 Wesseling.
808 2279 942 2316 Athen.

291 2338 360 2375 Vll
387 2349 473 2387 pag.
502 2337 604 2382 301,
629 2335 662 2371 E
693 2340 729 2373 et
757 2335 941 2373 Aristotel.

291 2394 374 2432 hist.
392 2405 449 2429 an.
467 2391 550 2428 Vlll
565 2420 575 2437 ‚
599 2392 662 2431 13.

349 2445 396 2487 τοὶ
419 2444 669 2498 ἕπαριστεροέ]
683 2446 743 2483 Sic
762 2447 847 2484 dedi
864 2460 944 2483 cum

296 2505 435 2552 Gaisfi,
456 2504 621 2553 quamvis
643 2503 844 2551 Schweigh.
868 2503 944 2539 edi-

295 2562 406 2600 derit:
437 2557 484 2598 τοὶ
516 2555 572 2599 ἐπ’
596 2554 800 2609 ἄριστερεὶς
830 2560 944 2596 refra-

296 2622 424 2668 gante,
453 2621 494 2653 ut
515 2616 682 2665 equidem
705 2616 858 2664 opinor,
891 2615 944 2651 lo·-

296 2675 441 2713 cutione
466 2669 512 2711 τᾰ
544 2668 744 2719 ἕπιδεξιεὶ,
775 2684 869 2720 quae
897 2671 945 2708 illi

295 2730 504 2780 respondet.
561 2728 694 2777 Neque
720 2741 804 2764 curo
827 2727 943 2777 Phry-

297 2787 464 2833 niehum,
495 2783 749 2836 ἐπαρίστερον
768 2785 945 2820 damnan-

299 2848 393 2888 tem3
422 2842 484 2879 ubi
498 2842 606 2878 miror
626 2841 821 2878 doctissimi
833 2840 944 2877 inter-

299 2900 412 2951 pretis
450 2898 665 2936 industriam
695 2897 789 2934 hunc
827 2896 944 2935 locum

1006 1600 1192 1649 effugisse.

1002 1657 1168 1694 Lobeck.

1062 1708 1239 1764 ἐχόμενοι
1255 1715 1325 1762 τῆς
1346 1712 1433 1766 γῆς]
1456 1714 1480 1751 i.
1501 1727 1531 1751 e.
1544 1726 1661 1765 presse

1007 1770 1158 1819 legentes
1199 1773 1349 1817 terram,
1389 1770 1548 1809 radentes
1589 1776 1658 1808 fer-

1007 1841 1095 1864 ram.
1153 1827 1212 1864 De
1234 1827 1345 1864 verbo
1378 1826 1560 1877 ἔχεσθαι,
1594 1828 1662 1865 ad-

1008 1885 1129 1920 iuncto
1149 1884 1322 1932 genitivo,
1344 1885 1387 1920 cf.
1408 1884 1445 1931 I,
1471 1885 1551 1925 134
1572 1885 1661 1933 ibiq.

1007 1946 1084 1977 not.
1114 1940 1169 1988 ΙΙ,
1192 1943 1259 1980 77.
1290 1934 1347 1979 ἐπ’
1374 1935 1556 1993 α’ριστεροέ
1575 1941 1616 1989 (i.
1629 1953 1660 1979 e.

1008 2011 1032 2035 a
1051 2001 1153 2047 parte
1173 1998 1339 2044 sinistra)
1361 1998 1457 2034 conf.
1480 1997 1518 2045 I,
1539 1998 1603 2038 51.

1067 2056 1138 2104 τῆς
1159 2049 1284 2102 αὐτῆς
1305 2048 1556 2104 ἀντέχονται]
1588 2053 1660 2091 scil.

1008 2112 1083 2162 γῆς
1111 2111 1133 2146 i.
1157 2124 1189 2147 e.
1221 2110 1269 2146 ad
1298 2110 1439 2146 eandem
1469 2114 1596 2146 terram
1632 2123 1661 2146 s.

1007 2169 1118 2216 ripam
1138 2179 1208 2202 sese
1225 2166 1416 2215 apphcant.
1470 2166 1583 2210 Quod
1603 2180 1662 2203 se-

1009 2225 1131 2271 quitur
1159 2218 1475 2273 έγχριπτόμενοι,
1507 2223 1544 2259 id
1578 2222 1663 2259 olim

1009 2279 1213 2326 legebatur:
1244 2274 1604 2329 ἐγχριμπτόμενοι,
1623 2283 1664 2316 tu

1011 2335 1082 2371 vid.
1107 2335 1154 2370 ad
1175 2334 1219 2380 II,
1238 2337 1291 2374 60
1311 2338 1388 2371 not.

1069 2389 1137 2428 ’ἵνα
1171 2387 1222 2439 δη
1245 2406 1297 2440 μη
1327 2387 1571 2442 αμάρτοιεν]
1603 2388 1661 2442 δη

1012 2460 1092 2484 cum
1116 2446 1233 2483 Gaisf.
1249 2448 1451 2497 recepimus
1464 2478 1474 2495 ,
1505 2449 1589 2486 huic
1609 2449 1665 2485 lo-

1011 2515 1054 2540 co
1086 2502 1190 2540 valde
1216 2508 1360 2552 aptum,
1405 2505 1488 2542 licet
1513 2506 1663 2554 quibus-

1012 2560 1097 2596 dam
1117 2572 1139 2595 a
1161 2559 1259 2596 libris
1281 2560 1387 2597 absit.

1069 2614 1304 2664 διηθέοντος
1315 2612 1555 2668 τοῦῦδατος]
1580 2618 1664 2669 διη-

1013 2675 1105 2710 θεῖν
1124 2672 1157 2708 h.
1176 2672 1198 2709 1.
1219 2673 1265 2709 de
1284 2685 1378 2721 aqua
1393 2674 1549 2721 fluviali,
1569 2686 1665 2723 quae

1014 2728 1117 2777 quasi
1137 2742 1203 2779 per
1226 2729 1344 2766 colum
1363 2734 1532 2779 penetrat
1556 2735 1592 2767 et
1611 2730 1665 2767 la-

1012 2797 1122 2821 cunas
1145 2787 1391 2834 cavitatesque
1407 2786 1544 2837 implet.
1572 2786 1665 2823 Pro-

1012 2841 1091 2891 pria
1096 2841 1302 2891 pei-colandi
1317 2843 1467 2881 notione
1484 2843 1665 2881 invenitur

1013 2910 1123 2948 supra
1142 2896 1188 2946 ll,
1211 2899 1277 2940 86.

1251 1598 1335 1636 Vid.
1368 1612 1454 1651 pag.
1485 1601 1567 1643 259
1599 1601 1657 1640 ed.
