1795 3315
645 216 862 255 CLIO.
920 216 947 254 1.
1347 219 1430 260 277

164 333 346 388 »κίστην
374 325 648 383 ἀναλαβόντα
679 325 728 369 τὸ
758 326 962 379 παιδίον,
996 327 1194 383 οἴχεσθαι
1214 325 1423 382 φέροντα,

252 411 261 426 ¹
349 413 367 421 ν
469 405 488 422 ”
796 405 805 419 ’
1030 407 1051 433 ἰ
1148 409 1166 417 ”
1269 402 1279 418 ’
1323 404 1332 419 ⁷
1413 420 1421 429 .

159 428 266 464 ,,και
293 415 435 452 θειναι
466 411 576 449 avone
615 407 967 461 θηριωδέστατον
1009 422 1075 462 ειη
1105 422 1195 449 των
1226 421 1399 459 ουρεων

160 492 279 546 »φὰς
318 483 550 538 Ἀστυάγεα
590 482 703 527 εἶναι
742 485 818 529 τὸν
858 488 997 528 ταῦτα
1034 483 1296 541 ἐπιθέμενόν
1331 501 1421 541 μοι,

131 575 188 621 7,,
200 565 336 611 πολλοὶ
365 562 600 619 ἀπειλήσας
639 566 677 607 εἰ
705 562 764 621 μή
795 576 907 619 σφεα
945 562 1186 621 ποιήσαιμι.
1230 564 1305 608 καὶ
1334 563 1417 619 ἐγώ
1433 570 1476 604 55

155 680 179 699 ,,
191 643 424 701 ἀναλαβών
454 644 630 699 ἔφερον,
673 644 841 687 δοκέων
869 648 956 687 τῶν
984 661 1105 696 τινος
1134 642 1334 688 οἰκετέων
1363 641 1419 686 εἴ·

153 740 283 777 ,,ναι·
317 721 371 767 οὐ
398 721 483 779 γάρ
513 720 568 766 ἄν
597 739 696 766 κοτε
728 723 941 776 κατέδοξα
968 724 1096 768 ἔνθεν
1117 741 1165 780 γε
1184 718 1250 782 ἦν.
1283 722 1420 778 ἐθάμ-

152 807 289 860 »βεον
320 803 366 847 δὲ
387 801 526 858 ὁρέων
557 805 703 861 χρυσῷ
731 819 777 847 τε
799 803 873 846 καὶ
903 804 1046 859 εἵμασι
1074 804 1417 861 κεκοσμημένον·

152 882 296 938 ,,πρὸς
335 882 404 934 δὲ,
456 883 528 925 καὶ
567 882 799 938 κλαυθμόν
838 887 1104 927 κατεστεῶτα
1143 882 1338 940 ἐμφανέα
1370 882 1419 925 ἐν

123 960 421 1017 8,,Ἀρπάγου.
442 961 526 1004 καὶ
555 960 699 1015 πρόκα
728 977 772 1004 τε
804 961 856 1018 δὴ
887 961 976 1006 κατ’
1008 961 1116 1007 ὁδὸν
1133 962 1478 1019 πυνθάνομαιδο

150 1041 262 1096 »τὸν
289 1041 430 1084 πάντα
467 1042 600 1096 λόγον
628 1040 922 1095 θεράποντος,
968 1040 1016 1093 ὃς
1048 1042 1120 1099 ἐμὲ
1149 1042 1418 1098 προπέμπων

148 1121 263 1174 9,ἔξω
293 1119 468 1172 πόλεος,
499 1120 724 1176 ἐνεχείρισε
756 1121 804 1164 τὸ
836 1122 1023 1177 βρέφος·
1078 1121 1136 1173 ὥς
1167 1121 1252 1176 ἄρα
1282 1126 1414 1164 Μαν-

148 1200 318 1256 ,,δάνης
346 1216 390 1244 τε
429 1201 493 1256 εἴη
530 1204 631 1251 παῖς
667 1204 743 1256 τῆς
776 1199 1018 1256 Ἀστυάγεω
1048 1200 1292 1256 θυγατρός,
1339 1200 1416 1245 καὶ

149 1314 175 1334 ,,
194 1279 436 1336 Καμβύσεω
470 1282 549 1322 τοῦ
578 1277 762 1333 Κύρου,
799 1282 874 1323 καί
902 1297 978 1337 μιν
1012 1278 1248 1337 Ἀστυάγης
1278 1279 1416 1323 ἐντέλ-

26 1363 123 1409 112
147 1364 300 1414 »λεται
330 1358 591 1402 ἀποκτεῖναι.
625 1362 713 1402 νῦν
741 1375 786 1403 τε
817 1357 891 1403 ὅδε
921 1360 1049 1403 έστί.“
1094 1358 1210 1416 *Ἅμα
1238 1359 1284 1404 δὲ
1312 1356 1681 1403 ταῦ·65Εῑῠθθθῐωῑ1ῐο
1693 1366 1746 1394 ¹²¹¹-

1469 1399 1553 1419 erum
1571 1400 1658 1427 quem
1681 1393 1748 1428 ipsa

1465 1428 1614 1453 mortuum
1654 1435 1745 1462 pepe-

144 1455 198 1483 τα
239 1439 352 1496 ἔλεγε
395 1437 418 1482 ὁ
459 1436 699 1494 βούκόλος,
758 1439 833 1482 καὶ
862 1438 1111 1494 ἐκκαλύψας
1140 1436 1408 1484 ἀπεδείκνυε.
1465 1460 1746 1495 rerat‚prnaliero

86 1639 211 1688 utique
229 1641 394 1674 nostrum
404 1635 522 1673 locum
533 1634 740 1673 Blomfield·.

87 1695 124 1732 in
155 1694 320 1732 Glossar.
358 1694 404 1730 ad
435 1691 601 1740 Aeschyl.
636 1692 739 1729 Pers.

86 1752 134 1788 ad
153 1764 205 1787 VS.
219 1752 314 1798 970,
343 1750 404 1786 ubi
427 1749 474 1786 de
494 1761 582 1785 voce
598 1743 740 1787 α’σπαί-

85 1822 142 1858 ρω
173 1807 371 1856 (reluctor,
404 1804 565 1855 pulpito,
605 1806 652 1843 de
684 1806 740 1842 in-

82 1864 242 1901 fantibus
261 1863 517 1914 potissimum)
543 1861 638 1910 agit,
671 1863 738 1900 sed

15 1966 19 1971 .
82 1920 133 1958 nil
143 1924 316 1957 mutatum
337 1923 394 1957 est
404 1918 605 1956 inlectione
617 1933 737 1971 κραυ-

80 1973 316 2029 γανόμενον.

137 2031 204 2072 καὶ
224 2029 355 2085 πρόκα
384 2046 424 2072 τε
454 2028 504 2082 δή
532 2027 614 2071 κατ’
640 2029 735 2072 ὁδὸν

80 2085 367 2141 πυνθάνομαι]
400 2085 533 2142 πρόκα
559 2103 599 2128 τε
629 2089 734 2127 abest

80 2159 104 2184 a
119 2147 299 2185 nonnullis
320 2146 429 2184 libris.
490 2146 566 2183 Sed
586 2146 645 2183 alii
674 2159 733 2184 re-

77 2204 215 2252 tinent,
245 2204 306 2241 ubi
324 2198 493 2254 πρόκατε
515 2202 732 2240 coniunctim

79 2261 151 2297 una
179 2273 268 2298 voce
294 2260 480 2306 scribitur3
522 2272 616 2309 quae
644 2259 732 2296 scri-

79 2320 186 2366 ptura
215 2317 336 2367 placet
371 2316 731 2365 Schweighaeusem,

79 2385 159 2410 cum
186 2369 316 2425 πρόκα
344 2372 496 2424 simplex
524 2373 633 2421 (sine
657 2372 730 2421 τε)

80 2441 153 2466 non
174 2435 336 2467 occurrat
360 2430 460 2480 apud
477 2429 657 2468 Nostrum
687 2442 730 2467 ac

80 2489 267 2534 praeterea
293 2490 503 2525 constanter
519 2498 726 2538 praepona-

81 2544 139 2577 tur
156 2541 222 2580 καὶ
236 2543 410 2593 particula
420 2572 432 2590 ‚
460 2556 494 2580 v.
507 2556 536 2580 c.
555 2543 619 2591 Vl,
633 2544 726 2584 134.

80 2595 190 2645 Vm,
210 2600 277 2640 65.
299 2598 403 2646 1353
431 2604 471 2636 ut
490 2599 589 2649 apud
605 2600 728 2649 Hesy-

80 2651 196 2690 chium
209 2656 275 2692 sub
291 2655 396 2693 litera
408 2658 445 2694 Κ
465 2656 625 2705 legatur:
645 2654 730 2695 Καὶ

81 2709 325 2762 προκατέδη,
364 2707 453 2750 α’ντὶ
491 2714 564 2751 τοῦ
595 2709 728 2762 ἅφνωι

81 2762 162 2802 Nec
181 2766 282 2804 aliter
302 2767 361 2804 alii
390 2768 637 2820 lexicographi
667 2781 730 2807 ex-

81 2827 220 2870 ponunt
272 2819 422 2872 εὕθύς,
477 2826 732 2878 παραχρῆμα,

84 2874 296 2930 ἐξαίφνης,
331 2882 472 2918 .statim
487 2911 500 2930 ‚
555 2884 731 2932 protinam,

1467 1493 1596 1527 exponit:
1605 1493 1683 1533 lione
1692 1502 1745 1521 au-

1466 1528 1745 1588 ἓᾞιθᾱῖὶιῑῗὲξὲ·

1466 1567 1522 1629 pilo
1553 1602 1606 1623 suo
1626 1582 1747 1624 educat}

809 1637 935 1676 subito.
960 1658 1016 1665 -—
1047 1636 1090 1674 In
1111 1650 1217 1687 seqq.
1235 1630 1466 1689 Ἀστυάγεω,

809 1696 908 1743 quod
939 1707 958 1732 e
985 1695 1168 1731 Sancrofti
1194 1694 1287 1731 libro
1313 1693 1467 1743 aliisque

808 1751 909 1789 dedit
946 1751 1200 1799 Gaisfofflius,
1241 1750 1464 1788 retinuimus.

809 1807 928 1857 Vulgo
948 1803 1181 1859 Ἀστυάγεος
1194 1836 1204 1854 ,
1223 1807 1324 1856 quod
1341 1806 1464 1843 firma-

807 1869 865 1901 tur
913 1864 1128 1902 auctoritate
1173 1863 1254 1901 libri
1290 1862 1463 1909 Medicei,

804 1920 1166 1968 Schellershemiani,
1192 1920 1352 1957 aliorum.
1383 1919 1462 1957 Sed

803 1979 898 2014 conf.
918 1990 1028 2027 supra
1052 1977 1092 2025 Ι,
1125 1978 1177 2018 13
1201 1989 1278 2026 seq.
1311 1971 1459 2027 Γύγεω,

808 2032 907 2083 Ῑ,67
930 2028 1129 2084 Ὀρέστεω.
1161 2033 1341 2070 Matthiae
1370 2033 1458 2069 reti-

800 2091 879 2128 nuit
902 2086 1151 2141 Ἀστυάγεος.

856 2149 934 2187 νῦν
955 2161 995 2186 τε
1017 2143 1084 2186 ὅδε
1105 2144 1210 2196 ἐστι’]
1240 2142 1305 2185 ὅδε
1328 2145 1459 2182 merito

799 2209 952 2243 recentt.
988 2203 1089 2241 editt.
1113 2206 1329 2254 receperunt
1360 2216 1381 2240 e
1409 2202 1454 2238 li-

800 2261 886 2299 bris.
942 2260 1066 2310 Vulgo
1089 2254 1189 2308 0362,
1218 2263 1259 2297 ut
1286 2260 1323 2296 in
1356 2259 1453 2295 San-

799 2318 903 2356 crofti
931 2317 1022 2355 libro
1053 2322 1184 2355 exstat.
1241 2315 1344 2353 Bene
1356 2314 1451 2352 Lar-

798 2375 913 2413 cher.:
945 2373 1033 2423 „Le
1050 2375 1145 2411 voz‘ci
1163 2376 1215 2410 cet
1235 2372 1397 2424 enfant.“

995 2458 1109 2509 Cap.
1141 2456 1258 2495 exn.
1295 2501 1297 2504 ι

839 2538 948 2594 “Amic
975 2540 1162 2582 δὲταῦτα
1193 2539 1296 2593 ἔλεγε
1316 2538 1337 2581 ὅ
1363 2542 1455 2592 βου-

794 2593 935 2647 κόλος,
956 2598 1088 2638 καὶ-
1107 2594 1358 2648 ἀπεδείκνυε]
1379 2598 1454 2634 Ex-

796 2657 1010 2707 spectabas:
1043 2652 1126 2707 ἅμα
1145 2652 1188 2695 δὲ
1215 2670 1248 2694 τ.
1272 2653 1451 2706 λέγων,

797 2713 897 2750 cuius
945 2712 1128 2764 participii
1164 2711 1245 2749 loco
1292 2711 1451 2749 crebrius

797 2768 937 2807 Noster
967 2769 1073 2820 ponit
1112 2769 1263 2806 verbum
1299 2768 1453 2815 finitum,

798 2826 900 2874 qnod
913 2838 980 2876 per
993 2825 1205 2877 particulam
1217 2822 1284 2864 καὶ
1295 2836 1455 2873 sequen-

799 2882 898 2919 tibus
929 2882 1101 2920 annectit.
1155 2881 1242 2919 Vid.
1277 2879 1454 2918 Matthiae
