1759 3324
520 255 945 297 EUTERPE.
999 255 1046 293 11.

1325 255 1411 296 653

140 369 300 428 πλήθεϊ
326 369 404 426 μὲν
432 366 629 411 α’δύνατα
666 363 1002 422 ἀπηγήσασθαι·
1055 363 1190 419 σωροὶ
1220 363 1266 407 δὲ
1294 356 1410 420 ἦσαν

142 448 374 494 ἀκανθέων
402 447 475 490 καὶ
503 444 705 501 μεγάλοι,
737 445 811 487 καὶ
828 442 1159 498 ὑποδεέστεροι,
1188 444 1262 487 καὶ
1284 443 1409 488 έλοὶσ-
1422 451 1466 486 15

112 535 269 578 3σονες
297 527 358 569 ἔτι
384 523 574 568 τούτων·
605 524 761 568 πολλοὶ
787 524 832 567 δὲ
862 518 976 579 ἦσαν
1006 518 1145 567 οὗτοι.
1185 523 1276 566 ἔστι
1306 522 1352 567 δὲ
1383 521 1408 567 ὁ

140 611 281 663 χῶρος
336 599 486 656 οὗτος,
544 604 592 647 έν
641 607 703 662 τῷ
749 605 796 646 αἱ
835 602 1032 647 ἄκανθαι
1070 601 1412 658 κατακεχύαται,

90 674 95 680 “
137 684 307 730 τοιόσδε
348 700 434 734 τις·
493 683 651 740 ἐσβολὴ
694 684 735 736 ἐξ
775 680 946 738 οὐρέων
977 685 1157 725 στεινῶν
1186 681 1229 733 ἐς
1258 684 1411 726 πεδίον

137 763 268 822 μέγα·
316 763 365 806 τὸ
397 763 442 806 δὲ
481 764 634 807 πεδίον
668 766 800 806 τοῦτο
842 759 1049 806 συνάπτει
1092 765 1153 819 τῷ
1182 763 1409 820 Αἰγυπτίῳ

110 844 291 903 4πεδίῳ.
324 842 454 898 λόγος
484 841 529 886 δέ
560 841 670 895 ἐστι,
703 841 793 897 ἅμα
822 846 884 898 τῷ
914 842 1011 896 ἔαρι
1038 841 1287 896 πτερωτούς
1305 840 1409 898 ὄφις

139 924 186 968 ἐκ
225 926 302 979 τῆς
336 921 537 979 Ἀραβίης
582 921 787 966 πέτεσθαι
827 920 897 965 ἐπ’
940 920 1190 977 Αἰγύπτου·
1246 921 1323 973 τὰς
1361 922 1465 966 δὲὲο

138 1004 226 1059 ἰ’βις
255 1001 333 1053 τὰς
373 1002 557 1057 ὄρνιθας
597 999 862 1052 ἀπαντώσας
899 1000 941 1052 ἐς
980 1000 1061 1058 τήν
1085 1000 1272 1057 ἐσβολήν
1300 1000 1407 1045 ταύ-

138 1099 214 1139 της
242 1085 317 1138 τῆς
343 1081 507 1138 χώρης,
539 1080 594 1125 οὐ
623 1082 829 1135 παριέναι
856 1080 962 1132 τοὺς
992 1078 1114 1136 ὄφις,
1146 1079 1255 1124 ἄλλα
1273 1098 1407 1125 κατα-

111 1163 341 1206 5κτείνειν.
400 1162 472 1206 καὶ
510 1160 591 1219 τήν
625 1163 717 1218 ἰ’βιν
755 1161 828 1205 δια
873 1164 1005 1205 τοῦτο
1044 1159 1094 1205 τὸ
1131 1160 1260 1217 ἔργον
1296 1177 1405 1206 τετι-

139 1392 183 1434 ἒν
209 1395 267 1446 τῷ
295 1392 340 1432 αἵ
369 1390 548 1432 ἄκανθαι
578 1408 738 1433 κατακε-

82 1445 252 1502 χύαται]
284 1450 432 1488 Retinui
457 1449 509 1490 ἐν
526 1453 611 1504 τῷ,
638 1450 739 1500 quod

83 1511 240 1557 quatuor
268 1508 429 1557 optimae
456 1512 564 1545 notae
583 1507 662 1544 libri
681 1512 739 1545 tu-

84 1568 208 1611 entur,
248 1565 422 1613 quodque
470 1577 582 1601 unum
620 1564 739 1613 piacet

83 1620 205 1657 Struv.
233 1625 376 1669 quaest.
401 1621 448 1658 de
482 1620 565 1657 dial.
597 1621 738 1658 Herod.

83 1689 170 1727 pag.
192 1677 267 1724 38,
297 1690 375 1713 cum
396 1676 439 1716 ἐν
461 1670 492 1731 ᾧ
512 1677 570 1725 (ut
590 1677 738 1725 quidam

85 1732 168 1769 libri
188 1732 244 1770 hic
269 1734 454 1781 afferunt)
488 1734 533 1770 ab
554 1733 739 1770 Herodoti

86 1802 255 1826 sermone
277 1802 424 1839 prorsus
452 1791 497 1826 sit
514 1789 681 1827 alienum.

140 1843 363 1897 πτερωτούς
381 1843 540 1895 ὅφις-
552 1841 740 1898 ἕπἈίγύ-

85 1900 207 1952 πτου]
247 1902 410 1940 Pertinet
453 1903 522 1940 huc
554 1903 742 1940 Ciceronis

84 1956 185 1995 locus
205 1959 252 1995 de
272 1963 347 1996 nat.
367 1960 468 1996 deor.
493 1959 527 2005 Ι,
542 1962 616 2000 36:
642 1960 744 2007 „Ve-

83 2013 137 2051 lut
165 2015 240 2052 ibes
270 2016 462 2053 maximam
492 2015 563 2052 vim
592 2029 742 2067 serpen-

83 2070 173 2108 tium
197 2072 412 2119 conficiunt,
442 2085 522 2109 cum
557 2073 629 2109 sint
655 2086 741 2110 aves

85 2127 272 2175 excelsae,
304 2129 463 2166 cruribus
481 2129 630 2177 rigidis,
662 2143 742 2166 cor-

84 2196 156 2221 neo
192 2197 419 2234 proceroque
454 2190 595 2232 rostro;
636 2198 741 2224 aver-

85 2243 165 2277 tunt
188 2245 330 2290 pestem
363 2242 410 2278 ab
434 2241 627 2292 Aegypt0‚
659 2256 739 2280 eum

85 2295 248 2334 volucres
269 2309 407 2346 angues
427 2312 470 2336 ex
487 2299 656 2336 vastitate
675 2299 740 2336 Li-

86 2351 180 2401 byae
207 2358 315 2391 vento
344 2353 465 2392 Africo
490 2356 647 2393 invectas
682 2356 739 2393 in-

86 2408 268 2446 terficiunt
286 2414 395 2459 atque
427 2416 661 2458 consumunt3
692 2425 737 2451 ex

90 2477 163 2514 quo
189 2465 251 2513 fit,
279 2471 320 2503 ut
338 2467 419 2505 illae
448 2482 514 2506 nec
536 2482 658 2506 morsu
683 2469 737 2506 vi-

88 2532 157 2558 vae
181 2527 356 2570 noceant,
394 2537 462 2562 nec
490 2526 605 2563 odore
638 2538 738 2563 mor-

88 2577 212 2614 tuae.“
258 2578 331 2616 Ubi
348 2580 436 2617 alios
453 2586 614 2620 veterum
635 2582 735 2619 locos

89 2631 159 2668 hac
181 2633 227 2671 de
247 2646 287 2671 re
305 2636 423 2674 attulit
439 2637 622 2676 Davisius.
639 2638 736 2676 Add.

89 2687 258 2726 Bochart.
278 2690 301 2727 l.
323 2691 345 2728 l.

147 2742 215 2783 καὶ
234 2743 307 2796 τήν
328 2746 412 2798 ἰ’βιν
434 2747 499 2789 διοῖ
517 2753 635 2790 τοῦτο
655 2766 690 2790 κ.
704 2766 736 2790 τ.

89 2797 140 2850 λ.]
175 2800 296 2852 Vulgo
324 2805 398 2842 ibin
426 2819 506 2844 eam
532 2808 739 2857 intelligunt

90 2868 220 2903 avem,
263 2871 358 2908 quae
394 2862 522 2900 dicitur
560 2863 739 2902 Tantalus

89 2912 159 2949 ibis
174 2911 283 2952 Linn.
340 2917 417 2955 Sed
436 2920 553 2969 probe
577 2920 661 2958 hinc
683 2921 741 2958 di-

807 1393 1066 1442 stinguendam
1089 1406 1172 1432 esse
1208 1406 1312 1433 avem
1339 1392 1464 1447 Aegy-

806 1451 892 1501 ptiis
917 1464 1055 1487 sacram
1076 1451 1199 1488 docuit
1223 1452 1385 1500 Cuvien,
1402 1466 1465 1491 ac-

807 1511 932 1544 curato
955 1508 1119 1545 examine
1141 1508 1305 1546 instituto
1332 1514 1368 1546 et
1396 1510 1465 1547 ad-

808 1563 928 1601 hibitis
946 1568 1021 1600 tum
1043 1568 1206 1602 veterum
1236 1566 1283 1603 de
1311 1565 1379 1603 hac
1406 1566 1464 1604 avi

804 1619 892 1657 loeis
915 1625 989 1657 tum
1010 1621 1099 1671 ipsis
1122 1622 1263 1658 mumiis
1285 1623 1463 1660 dissectis.

806 1677 899 1713 Eam
919 1678 1013 1714 enim
1049 1691 1130 1715 esse
1156 1680 1465 1727 commonstravit,

807 1733 861 1770 cui
883 1747 1017 1771 nomen
1038 1732 1235 1771 Numenius
1256 1735 1324 1771 ibis
1351 1750 1379 1773 s.
1397 1736 1466 1773 ibis

807 1790 975 1838 religiosa
1014 1790 1205 1839 (courlis),
1234 1790 1317 1828 albo
1343 1792 1465 1831 colore

810 1846 1013 1895 insignem,
1032 1848 1152 1897 capite
1181 1852 1218 1885 et
1239 1848 1330 1885 collo
1352 1850 1465 1897 nudo,

809 1904 988 1952 remigum
1026 1904 1187 1954 apicibus
1210 1934 1221 1952 ,
1270 1909 1389 1942 rostro
1426 1909 1465 1943 et

809 1960 966 2010 pedibus
998 1960 1132 2008 nigris,
1172 1962 1370 2010 remigibus
1407 1975 1467 2000 se-

810 2016 991 2053 cundariis
1021 2016 1203 2065 elongatis
1240 2019 1466 2067 nigro-vio-

810 2072 929 2110 laceis.
981 2073 1087 2116 Quae
1107 2086 1308 2123 sanequam
1326 2076 1465 2126 optime

808 2130 1027 2167 conveniunt
1064 2142 1144 2166 cum
1182 2131 1364 2168 Herodoti
1398 2132 1466 2170 de-

807 2187 1028 2236 scriptione,
1059 2199 1155 2235 quae
1179 2188 1208 2224 si
1236 2189 1283 2226 de
1308 2187 1466 2225 Tantalo

808 2243 1024 2293 accipiatur,
1052 2243 1282 2281 Herodotum
1310 2246 1466 2296 turpiter

805 2299 948 2349 lapsum
980 2313 1062 2337 esse
1091 2300 1190 2337 dicas
1219 2314 1370 2339 necesse
1397 2307 1464 2340 est.

805 2356 889 2393 Vid.
910 2356 1042 2393 annall.
1063 2357 1098 2393 d.
1114 2358 1239 2395 muse'e
1256 2359 1376 2395 d'hist.
1388 2363 1463 2396 nat.

805 2416 832 2450 t.
851 2412 901 2450 IV
916 2426 1003 2464 pag.
1027 2415 1108 2454 116
1131 2427 1235 2463 seqq.
1267 2417 1347 2456 126
1359 2428 1464 2465 seqq.

809 2473 900 2511 132.
947 2469 1170 2520 Aegyptium
1215 2471 1291 2508 avis
1329 2484 1465 2510 nomen

805 2527 919 2564 fuisse
964 2526 1041 2576 Hip
1096 2528 1284 2565 contendit
1329 2528 1465 2565 Cham-

804 2583 894 2633 poll.
915 2582 1010 2631 l’Eg.
1036 2596 1064 2621 s,
1078 2583 1248 2634 l.phar.1
1270 2596 1356 2635 pag.
1369 2584 1465 2626 295.

807 2640 930 2683 Quum
958 2640 1053 2677 enim
1092 2640 1159 2676 ibis
1197 2639 1274 2677 Nili
1311 2641 1464 2689 insecta,

804 2709 946 2734 vermes
961 2725 972 2743 ,
1006 2696 1076 2733 alia
1097 2697 1274 2734 eiusmodi
1295 2698 1465 2735 conficiat

807 2752 985 2801 simulque
1031 2765 1112 2790 cum
1149 2752 1236 2790 Nilo
1279 2758 1464 2792 crescente

807 2810 1008 2859 adpareat,
1037 2809 1125 2847 inde
1140 2808 1333 2859 Aegyptiis
1360 2822 1464 2847 sacra

805 2865 932 2902 habita
954 2869 1009 2903 est
1031 2866 1106 2902 avis
1124 2879 1191 2916 pro
1204 2865 1280 2903 Nili
1299 2879 1464 2903 crescen-

807 2922 853 2958 tis
874 2922 981 2971 signo
1001 2922 1161 2972 indeque
1177 2921 1360 2960 Mercurio
1381 2921 1462 2971 (qui
