1777 3324
449 249 550 288 ET
608 244 1207 286 CORRIGENDA.
1495 247 1571 285 931

276 373 368 404 μενοι
398 360 484 393 idem
510 357 564 392 vir
591 357 714 391 doctus
743 356 906 400 intelligit
933 354 976 388 de
1006 354 1160 399 utrisque
1189 353 1295 386 sacris
1316 365 1468 387 seorsum
1487 355 1576 399 apud

278 413 455 450 utramque
472 410 624 448 gentem,
652 408 771 436 neutra
801 403 942 446 alteram
972 401 1147 441 imitante,
1173 399 1350 434 institutis.
1398 400 1498 439 Quae
1521 413 1573 433 se·

277 458 441 497 quuntur:
470 448 663 493 ὁμότροπα
681 447 750 492 γὰρ
773 445 819 481 ἂν
839 447 886 491 ἠν
916 447 1073 490 ambigua
1102 445 1207 486 dicit,
1242 449 1354 478 utrum
1371 445 1475 478 totius
1497 458 1572 479 sen-

277 499 405 531 tentiae
424 494 491 539 ἐγώ
510 493 576 538 μὲν
592 489 660 528 οὖν
676 513 721 519 —-
741 506 782 528 an
801 500 992 539 postremae
1014 492 1120 536 partis
1139 491 1303 525 rationem
1324 491 1480 524 reddant.
1530 492 1577 525 Et

275 544 357 576 illud
378 554 511 587 quoque
534 541 628 574 varie
651 540 772 573 disseri
798 552 898 585 posse
918 539 1111 579 existimat,
1145 548 1208 570 cur
1228 537 1424 570 Herodotus
1445 537 1573 576 Bacchi

275 600 374 621 sacra
406 587 552 621 Graecis
589 584 782 629 ὁμότροπα
810 598 885 619 esse
916 584 1105 628 negaverit.
1154 583 1210 616 Tu
1246 583 1314 615 vid.
1349 586 1435 616 nott.
1465 588 1571 616 nostr.

276 645 355 679 pag.
377 636 454 668 600.
511 634 577 666 Est
607 638 717 665 autem
748 634 832 665 haec
860 630 1024 664 Lobeckii
1053 629 1244 670 sententia,
1276 629 1375 662 istam
1404 640 1574 661 sacrorum

276 679 547 720 similitudinem,
582 677 625 711 de
653 690 719 722 qua
741 679 959 717 Herodotus,
992 677 1025 709 in
1050 676 1236 720 mythorum
1263 679 1299 707 et
1321 675 1446 707 rituum
1470 674 1573 707 inter-

276 726 469 770 pretatione
489 725 584 757 etad
605 724 833 768 Aegyptiacas
857 723 1032 755 doctrinas
1057 720 1362 755 accommodatione
1385 731 1404 752 a
1426 720 1573 765 philoso-

274 771 351 815 phis
373 770 518 804 Graecis
542 770 743 815 posterioris
767 769 889 802 aetatis
908 768 1064 802 instituta
1084 767 1228 812 positam
1242 778 1330 807 esse,
1357 778 1430 799 cum
1446 765 1573 799 utrius-

274 829 340 861 que
362 818 475 861 gentis
494 817 584 849 docti
607 816 754 849 Osiridis
775 816 971 858 Bacchique
988 814 1193 847 solemnibus
1207 812 1346 846 eandem
1366 811 1574 845 subiecerint

273 863 437 896 rationem
459 868 493 895 et
514 867 582 896 tum
602 862 737 895 casibus
755 863 873 895 horum
898 861 1037 893 deorum
1057 859 1220 893 fabulosis
1251 864 1321 891 tum
1349 858 1422 902 ipso
1441 858 1574 891 colendi

274 908 341 942 ritu
372 909 554 941 animorum
584 909 742 951 ambages
781 912 816 941 et
845 907 1096 940 vicissitudines
1124 905 1321 938 adumbrari
1352 903 1572 939 crediderint.

275 954 350 987 Hoc
368 954 473 998 igitur
490 955 531 987 ab
550 954 725 988 Herodoto
747 952 931 997 significari
956 958 1075 996 putat,
1107 952 1345 995 Pythagoreos
1364 950 1490 989 fuisse,
1515 949 1572 994 qui

273 999 417 1044 Dionysi
441 1000 537 1043 orgia
555 1000 596 1032 ad
617 999 791 1044 pristinam
816 1011 890 1032 cum
913 998 1078 1032 Osiriacis
1101 996 1351 1030 similitudinem
1372 996 1573 1029 reduxerint

275 1057 384 1090 eoque
406 1046 480 1089 ipso
500 1046 690 1078 confirmari
710 1046 870 1078 novitiam
894 1050 928 1077 et
950 1043 1211 1088 pythagoricam
1231 1055 1306 1076 esse
1324 1043 1413 1075 illam
1435 1042 1572 1075 fabulae

272 1091 466 1124 Bacchicae
492 1091 806 1135 interpretationem
833 1103 896 1124 non
923 1090 1147 1134 antiquiorum
1176 1089 1306 1122 illorum
1333 1089 1570 1133 Pythagoreo-

271 1148 363 1177 rum,
389 1138 449 1169 sed
473 1137 612 1170 alterius
634 1143 768 1177 sectae,
795 1149 883 1180 quae
901 1143 1006 1169 artem
1026 1135 1249 1168 sacrificalem
1267 1135 1311 1168 sit
1327 1135 1494 1178 professa.

52 1180 105 1215 Ad
134 1181 189 1222 ΙΙ,
220 1180 264 1216 49
297 1194 378 1227 pag.
402 1185 479 1218 599.
530 1183 623 1222 Quid
652 1180 840 1215 δεικνύναι
864 1183 929 1222 sit,
966 1182 1023 1215 ubi
1045 1181 1087 1214 de
1117 1180 1224 1214 sacris
1250 1192 1382 1222 sermo,
1415 1179 1571 1226 pluribus

271 1228 487 1272 persequitur
506 1228 592 1261 idem
612 1229 757 1263 Lobeck.
778 1229 799 1261 l.
821 1229 841 1261 l.
870 1240 948 1272 pag,
966 1229 1009 1262 49
1028 1239 1125 1272 seqq.

52 1273 104 1306 Ad
127 1273 183 1314 II,
209 1273 250 1308 51
278 1285 358 1318 pag.
377 1275 454 1309 605.
504 1275 605 1307 Hunc
631 1274 738 1307 locum
772 1274 885 1317 tangit
914 1274 1063 1307 Lobeck.
1096 1274 1116 1306 l.
1140 1273 1161 1305 l.
1192 1284 1271 1316 pag.
1293 1273 1380 1306 1212
1401 1282 1495 1315 seqq.
1521 1270 1570 1304 ita

270 1323 442 1353 statuens:
468 1321 738 1361 „Samothraces
762 1320 987 1363 Lemniosque
1015 1320 1111 1352 deam
1141 1320 1309 1363 quandam
1330 1317 1477 1350 coluisse
1498 1317 1570 1350 He-

272 1371 370 1399 eatae
396 1371 499 1411 atque
529 1367 660 1399 Dianae
694 1367 752 1410 (ea
782 1378 927 1410 namque
952 1365 1078 1398 Bendis
1108 1365 1269 1408 putatur)
1297 1363 1435 1396 similem
1461 1374 1570 1407 neque

271 1411 440 1445 diversam
461 1424 480 1444 a
502 1413 726 1456 Proserpina,
752 1413 846 1445 cuius
869 1423 941 1444 cum
962 1411 1132 1444 Mercurio
1162 1410 1289 1443 furtiva
1310 1408 1508 1443 commercia
1536 1409 1569 1442 in

268 1458 439 1502 mysteriis
460 1458 605 1491 Cabiriis
627 1464 787 1503 enarrata
810 1470 886 1490 esse
905 1469 945 1490 ex
969 1457 1139 1490 Herodoti
1160 1456 1275 1489 verbis
1297 1456 1525 1499 colligimus.“

49 1504 101 1537 Ad
124 1503 180 1546 II,
198 1505 243 1540 53
267 1515 346 1548 pag.
367 1506 445 1538 609.
465 1506 544 1538 610.
594 1504 700 1537 οὑτοι
719 1501 756 1537 o}
778 1502 845 1536 εἰσὶ
866 1502 899 1536 οἱ
922 1502 1141 1547 uomicam-eg
1161 1515 1192 1535 κ.
1214 1515 1243 1535 τ.
1267 1503 1295 1534 λ.
1343 1501 1444 1541 Quae
1463 1501 1569 1534 verba

269 1550 381 1583 citans
399 1550 548 1583 Lobeck.
566 1550 587 1583 l.
608 1551 630 1583 l.
653 1562 731 1595 pag.
755 1551 822 1584 347
848 1550 925 1593 (ubi
949 1550 991 1582 de
1023 1550 1204 1583 carminum
1228 1547 1457 1592 Orphicorum
1479 1547 1568 1580 anti-

269 1596 403 1640 quitate
421 1596 598 1639 disserit),
620 1596 667 1629 ita
685 1596 867 1640 explicuit:
904 1596 1025 1639 „quod
1052 1608 1117 1628 non
1150 1607 1188 1627 eo
1217 1594 1303 1627 dixit
1331 1593 1568 1636 (Herodotus)

268 1642 366 1685 quasi
388 1643 542 1674 Graecos
563 1648 643 1675 ante
665 1643 740 1675 illos
768 1642 850 1674 nihil
878 1641 919 1675 de
941 1643 1078 1674 deorum
1099 1650 1222 1674 natura
1240 1639 1409 1672 fabulatos
1430 1642 1569 1682 putaret

267 1688 353 1731 (quo
372 1688 454 1720 nihil
482 1687 634 1730 ineptius
656 1688 737 1731 fingi
762 1688 891 1732 potest)
918 1689 974 1720 sed
999 1688 1110 1732 potius
1134 1688 1198 1719 hoc
1217 1685 1410 1726 contendit,
1434 1684 1567 1718 fabulas

268 1733 344 1766 illas
365 1733 489 1777 passim
511 1733 599 1765 nullo
621 1734 793 1778 locuplete
813 1739 952 1766 auctore
971 1734 1126 1776 vulgatas
1154 1744 1264 1776 neque
1292 1731 1464 1764 literarum
1496 1741 1568 1763 mo-

267 1779 436 1812 numentis
462 1780 637 1812 mandatas
669 1785 736 1812 tum
767 1781 898 1812 demum
929 1779 1079 1812 radicari
1112 1783 1146 1810 et
1184 1778 1371 1810 inolescere
1399 1776 1567 1820 coepisse,

269 1837 370 1869 quum
397 1825 537 1858 duorum
563 1825 844 1859 nobilissimorum
869 1828 1043 1869 poetarum
1072 1824 1175 1857 veluti
1204 1823 1340 1867 publico
1372 1821 1567 1855 testimonio

268 1875 382 1904 essent
420 1876 570 1906 ornatae.
641 1872 713 1903 Hos
746 1871 873 1915 igitur,
909 1871 965 1914 qui
995 1871 1160 1914 quandam
1189 1869 1237 1902 rei
1274 1868 1439 1902 fabularis
1470 1867 1567 1913 quasi

268 1916 482 1960 disciplinam
510 1917 752 1957 condiderunt,
790 1917 833 1950 ad
863 1929 946 1961 quos
974 1917 1147 1954 omnibns,
1174 1915 1230 1959 qui
1259 1914 1301 1947 de
1326 1914 1464 1947 deorum
1487 1925 1566 1958 pro-

267 1962 367 2005 genie
386 1969 420 1995 et
439 1962 531 1995 vitae
552 1964 684 1996 actione
703 1968 890 2006 quaerunt,
924 1968 1083 2006 tanquam
1107 1963 1149 1994 ad
1175 1961 1299 2002 primos
1318 1961 1430 1993 fontes
1447 1971 1566 1992 recur-

266 2008 409 2041 rendum
428 2014 500 2049 est,
536 2009 731 2042 Herodotus
758 2008 878 2042 merito
898 2008 1121 2049 Theogoniae
1152 2006 1388 2039 Graecanicae
1410 2011 1566 2039 auctores

264 2054 461 2098 appellavit.
510 2055 631 2087 Fuisse
650 2060 727 2088 ante
750 2055 929 2087 Homerum
956 2057 1074 2097 poetas
1093 2065 1205 2096 neque
1224 2053 1287 2085 hoc
1312 2052 1387 2085 loco
1408 2055 1512 2095 negat
1531 2054 1567 2084 et

265 2100 366 2143 paulo
396 2104 475 2133 ante
504 2101 559 2140 H,
581 2102 625 2135 23
651 2100 842 2145 planissime
871 2099 1038 2140 affirmat,
1082 2111 1182 2143 quum
1211 2097 1342 2132 Oceani
1373 2109 1491 2130 nomen
1522 2097 1565 2130 ab

264 2146 413 2179 Homero
431 2151 491 2179 aut
514 2147 627 2190 aliquo
657 2147 849 2189 antiquiore
881 2149 982 2189 poeta
1008 2145 1238 2178 introductum
1268 2155 1344 2177 esse
1375 2142 1563 2178 contendit.

263 2191 333 2225 Sed
361 2196 498 2225 exstare
528 2193 713 2236 quidquam
741 2192 775 2224 in
806 2192 914 2225 literis
940 2191 1135 2235 antiquius,
1169 2191 1205 2223 id
1230 2201 1313 2222 vero
1334 2189 1435 2223 etiam
1461 2193 1566 2233 atque

263 2237 365 2270 etiam
384 2243 503 2281 negat,
529 2250 638 2282 eoque
657 2250 722 2271 uno
743 2239 847 2271 verbo
865 2237 1019 2282 Orphei,
1047 2236 1181 2270 Musaei
1212 2240 1246 2270 et
1273 2235 1480 2280 reliquorum
1501 2245 1564 2268 va-

261 2286 353 2323 tum,
379 2295 467 2328 quae
489 2288 556 2317 tum
576 2284 903 2317 circumferebantur
929 2283 1094 2323 carmina,
1122 2281 1345 2327 praescriptis
1366 2279 1565 2315 auctoribus

263 2329 368 2373 eripit
390 2335 494 2374 atque
513 2331 645 2370 aufert3
671 2330 761 2374 quod
788 2330 862 2363 eius
883 2329 1043 2362 iudicium
1066 2340 1106 2362 eo
1134 2327 1251 2361 maiori
1272 2329 1391 2371 plausu
1411 2332 1446 2361 et
1465 2338 1565 2371 prae—-

263 2374 435 2408 dicatione
454 2376 722 2420 prosequendum
744 2380 817 2415 est,
843 2387 910 2419 quo
931 2375 1059 2408 diutius
1080 2374 1192 2407 tenuit
1209 2373 1360 2418 vulgaris
1376 2384 1486 2414 error,
1506 2372 1565 2417 qui

259 2432 302 2454 ne
319 2421 514 2454 Aristotelis
533 2423 666 2465 quidem
687 2421 895 2455 auctoritate
913 2421 1057 2465 opprimi
1076 2420 1229 2464 potuit.“

47 2464 95 2498 Ad
118 2465 169 2509 II,
194 2466 238 2501 81
264 2478 344 2511 pag.
367 2467 445 2502 664.
495 2464 736 2511 ὁμολογέουσι
756 2465 794 2500 δὲ
817 2468 937 2500 ταῦτα
957 2469 1053 2500 τοῖσι
1080 2464 1289 2509 Ὀρφικοῖσι
1317 2477 1348 2498 κ.
1369 2476 1399 2497 τ.
1423 2465 1452 2497 λ.
1495 2464 1564 2497 Lo-

261 2512 417 2546 beckium
444 2513 471 2545 si
503 2514 600 2547 audis
627 2514 647 2548 l.
677 2514 698 2546 l.
724 2525 790 2557 pag
822 2513 911 2553 694,
944 2514 1009 2546 hoc
1037 2524 1145 2556 genus
1174 2511 1417 2545 Bacchicorum
1443 2510 1563 2553 (quum

259 2559 365 2592 multa
392 2558 521 2592 suerint
538 2560 702 2604 variaque
719 2559 847 2593 Bacchi
864 2558 1002 2602 orgia),
1035 2558 1124 2603 quod
1152 2558 1347 2591 Herodotus
1376 2556 1565 2600 Orphicum

262 2605 400 2645 vocari,
427 2605 674 2649 Aegyptiacum
694 2610 729 2639 et
748 2604 1017 2650 Pythagoricum
1042 2616 1119 2638 esse
1140 2603 1318 2648 perhibet,
1342 2613 1443 2636 unum
1461 2612 1564 2646 aper-

258 2652 329 2683 tum
348 2650 453 2683 habet
470 2657 642 2685 auctorem
661 2650 927 2686 Onomacritum.

47 2693 96 2726 Ad
119 2695 172 2737 11,
197 2697 241 2731 82
266 2708 344 2740 pag.
364 2696 457 2730 666.4
491 2696 554 2730 καὶ
580 2695 744 2731 τούτοισι
775 2697 850 2729 τῶν
878 2692 1057 2739 Ἑλλήνων
1080 2693 1115 2728 οἱ
1136 2690 1174 2727 ἐν
1202 2690 1350 2736 ποιήσει
1375 2690 1564 2737 γενόμενοι

263 2739 474 2785 ἐχρήσαντο.
524 2744 729 2788 Suspicatur
756 2742 902 2776 Lobeck.
933 2742 954 2776 l.
984 2743 1006 2776 l.
1033 2752 1113 2785 pag.
1129 2740 1196 2774 427
1222 2739 1463 2784 intelligendos
1489 2750 1563 2772 esse

258 2790 379 2832 poetas
412 2788 586 2833 Orphicae
616 2794 651 2823 et
678 2788 934 2833 Pythagoricae
961 2792 1076 2821 sectae
1104 2786 1285 2826 addictos,
1326 2798 1410 2830 quos
1439 2784 1474 2817 in
1500 2784 1564 2817 hoc

259 2844 397 2877 quoque
420 2834 597 2868 doctrinae
619 2846 747 2879 genere
764 2835 905 2869 decreta
923 2833 1172 2879 Aegyptiorum
1202 2832 1387 2866 aemulatos
1404 2842 1482 2865 esse
1501 2830 1563 2864 ad-

258 2878 390 2914 modum
413 2880 574 2915 credibile
594 2881 651 2916 sit.
