1759 3324
362 285 447 327 448

778 283 1242 324 HERODOTI

363 394 418 440 τά
449 395 566 439 οἰκία
577 426 588 446 ,
626 393 655 450 ἢ
682 394 747 444 τίς
777 395 820 438 οἵ
849 395 1001 446 ξείνων
1030 393 1244 450 ἀργύριον
1273 394 1471 450 ἐμβαλών
1501 393 1544 445 ἐς
1570 411 1624 438 τα

338 473 562 530 6γούνατα
574 506 586 522 ,

636 476 771 529 μιχθῇ
811 473 888 524 ἔξω
926 476 1007 516 τοῦ
1040 475 1152 527 ἱροῦ.

1211 472 1456 528 ἐμβαλόντα
1487 473 1533 516 δὲ
1563 476 1628 517 δεῖ

365 556 500 597 εἰπεῖν
527 551 728 595 τοσόνδε·
760 549 1027 602 ,,Ἐπικαλέω
1057 568 1126 595 τοι
1154 551 1234 608 τήν
1253 552 1361 595 θεὸν
1383 550 1627 595 Μύλιττα.“

337 631 568 676 7Μύλιττα
598 630 643 674 δὲ
672 630 876 673 καλέουσι
903 629 983 685 τήν
1009 628 1268 687 Ἀφροδίτην
1296 629 1526 685 Ἀσσύριοι.
1575 631 1625 675 τό

366 712 412 756 δὲ
453 709 665 765 ἀργύριον
701 707 891 763 μέγαθός
931 708 1021 751 ἐστι
1058 709 1167 752 ὅσον
1215 705 1298 752 aiv·

1360 709 1414 753 ου’
1454 711 1537 766 γαρ
1567 709 1684 767 μὴ40

368 789 609 844 ἀπώσηται·
642 786 697 830 οὐ
726 786 810 841 γάρ
844 787 886 830 οἱ
914 787 1039 841 θέμις
1067 787 1177 830 ἐστί·
1218 790 1383 844 γίνεται
1410 789 1493 845 γάρ
1526 790 1625 845 ἷρὸν

337 878 358 911 8
368 873 499 912 τοῦτο
533 866 580 908 τὸ
612 863 839 920 ἀργύριον.

898 868 960 921 τῷ
990 865 1036 908 δὲ
1065 865 1221 922 πρώτῳ
1264 867 1496 922 ἐμβαλόντι
1529 868 1624 912 ἕπε-

365 964 459 997 ται,
505 943 607 988 ου’ὁὲ
636 941 884 1000 ἀποδοκιμᾷ
908 942 1080 987 οὐδένα.
1109 944 1241 988 ἐπεὰν
1268 946 1313 989 δὲ
1335 950 1489 1003 μιχθῇ,
1519 944 1629 990 ἄπο-

367 1024 614 1080 σιωσαμένη
643 1026 697 1080 τῇ
723 1026 839 1079 θεῷ,
881 1020 1198 1067 ἀπαλλάσσεται
1226 1024 1269 1076 ἐς
1296 1023 1349 1067 τὰ
1379 1026 1518 1068 οἰκία·
1558 1025 1685 1069 καὶ45

367 1102 487 1149 τώπὸ
519 1102 682 1146 τούτου
714 1099 798 1145 οὐκ
837 1100 953 1145 οὕτω
991 1103 1100 1158 μέγα
1129 1104 1170 1146 τί
1201 1105 1245 1147 οἱ
1285 1103 1436 1155 δώσεις
1465 1102 1525 1155 ὥς
1551 1121 1628 1160 μιν

339 1192 361 1226 9
375 1182 576 1240 λάμψεαι.

637 1181 736 1225 ὅσαι
771 1180 849 1237 μέν
886 1198 971 1225 νυν
1015 1180 1152 1232 εἴδεός
1189 1198 1233 1225 τε
1271 1181 1510 1238 ἐπαμμέναι
1549 1183 1631 1226 εἰσὶ

367 1263 441 1308 καὶ
469 1260 705 1320 μεγάθεος,
744 1259 852 1316 ταχὺ
881 1259 1252 1305 ἀπαλλάσσονται·
1294 1260 1395 1305 ὅσαι
1425 1261 1470 1306 δὲ
1499 1260 1630 1318 ἄμορ-

370 1469 561 1513 ἐπικαλέω
585 1484 646 1508 τοι
663 1464 735 1518 τὴν
755 1464 875 1520 θεὸν]
905 1484 966 1508 τοι

312 1531 335 1567 i.
351 1543 380 1567 e.
405 1530 486 1577 σοὶ,
519 1529 604 1574 tibi,
625 1530 723 1562 tuam
741 1528 778 1562 in
795 1529 965 1574 gratiam,

313 1590 355 1624 ut
374 1587 441 1623 tibi
452 1586 612 1636 propi'tza
628 1582 724 1620 adsit
744 1582 819 1618 (lea.
878 1556 966 1619 Noli

313 1657 394 1681 cum
410 1640 598 1690 Hejniol.
613 1639 635 1676 l.
667 1651 752 1690 pag.
776 1640 831 1679 32
859 1638 966 1676 intel-

313 1697 465 1749 ligere'
448 1697 513 1737 επὶ
537 1695 618 1740 σοὶ,
649 1696 673 1732 i.
693 1709 724 1732 e.
755 1698 820 1731 tua
845 1708 965 1732 causa.

369 1752 412 1794 τὸ
430 1752 472 1794 δὲ
495 1747 903 1806 αργύριονμέγαθός’
887 1764 967 1790 εστι

314 1808 412 1853 ὅσον
431 1805 509 1862 ὧν]
541 1811 564 1847 i.
585 1823 616 1847 e.
640 1810 794 1859 pecunia
813 1811 966 1858 quantu-

313 1867 620 1936 ἰαεαιξιμιεῖιιεήΐ.
678 1866 787 1902 Conf.
814 1865 871 1912 Π,
898 1868 964 1906 22.

373 1920 422 1964 οὕ
442 1939 518 1989 γαρ
547 1939 599 1974 μη
623 1916 851 1971 ἀπώσηται]
884 1921 906 1957 i.
933 1933 965 1957 e.

313 1994 422 2032 neque
448 1982 536 2017 enim
565 1977 718 2026 (mulier
745 1977 965 2027 pecuniam)

313 2040 469 2084 reiiciet,
507 2035 672 2084 repudiet.
731 2033 843 2076 Quod
867 2032 967 2068 Mat-

314 2094 413 2131 thiae
431 2093 469 2129 in
491 2092 556 2128 Gr.
578 2090 643 2127 Gr.
666 2101 752 2139 pag.
770 2090 853 2129 728
875 2088 963 2125 edit.

314 2149 464 2200 prioris,
502 2147 684 2197 probante
718 2144 767 2180 W'
770 2145 887 2181 effero
926 2144 964 2180 in

314 2205 410 2242 Actt.
429 2202 563 2254 philoll.
585 2201 750 2238 Monacc.
776 2200 849 2249 I.p
869 2201 964 2246 228,

314 2260 374 2298 hie
393 2259 574 2308 corrigere
590 2257 736 2294 volebat
754 2251 965 2302 ἀπώσεται,

316 2317 403 2354 satis
430 2317 502 2353 iam
527 2314 598 2364 ipsi
625 2312 867 2363 prohibebant
883 2311 966 2348 libri

315 2372 467 2419 vetusti,
495 2371 533 2407 in
552 2370 699 2418 vulgata
715 2368 868 2405 lectione
881 2380 968 2404 con-

316 2429 508 2479 spirantes.
578 2426 658 2464 Nec
693 2425 848 2462 eandem
884 2426 969 2474 post

316 2484 497 2522 Matthiae
518 2482 630 2520 fuisse
647 2480 883 2526 sententiam,
912 2480 969 2515 in-

319 2542 367 2579 de
378 2539 521 2588 colligo,
537 2539 635 2587 quod
654 2537 692 2573 in
711 2536 824 2573 altera
836 2536 969 2572 Gram-

318 2597 471 2634 matieae
516 2594 676 2632 editione
718 2592 969 2629 Herodoteum

318 2653 436 2690 locum
463 2651 583 2688 omisit
601 2650 716 2699 (pag.
734 2648 846 2696 987)
875 2649 969 2684 aori-

319 2713 486 2757 stumque
507 2707 613 2744 etiam
637 2709 723 2756 post
747 2699 797 2743 ου’
813 2719 866 2754 μη
884 2704 969 2741 ferri

319 2777 431 2816 posse
455 2764 560 2800 docet
579 2762 634 2812 (p.
646 2762 728 2802 988
747 2760 857 2809 seq..)
877 2760 968 2797 Ver-

320 2822 407 2859 bum
425 2815 682 2858 ἀπωθεῖσθαι
699 2817 880 2866 aspernari
903 2816 969 2852 ali-

322 2880 412 2927 quot
428 2874 597 2925 exemplis
624 2873 810 2910 illustrant
826 2871 970 2910 Werfe-

322 2946 382 2971 rus
402 2931 424 2970 l.
446 2931 468 2969 l.
494 2944 579 2983 pag·
600 2931 695 2972 229.

1090 1464 1399 1520 ἀποσιωσαμένη
1420 1470 1472 1523 τῇ
1486 1467 1590 1522 θεῷ]
1610 1469 1632 1507 ἱ.
1652 1482 1685 1507 e.

1032 1526 1174 1573 mulier,
1206 1539 1292 1575 quae
1317 1526 1398 1562 lmz‘c
1431 1525 1571 1563 Veneris
1600 1526 1684 1563 reli-

1032 1585 1133 1631 gioni
1159 1582 1397 1631 satisfecerit,
1439 1595 1467 1619 s,
1502 1595 1590 1632 quae
1625 1582 1685 1619 de-

1026 1639 1160 1689 functa
1175 1638 1293 1688 suerit
1315 1639 1380 1675 hac
1400 1638 1579 1687 religione.
1592 1639 1687 1674 Sunt

1031 1696 1144 1732 verba
1175 1694 1442 1743 wyttenbachii
1475 1695 1513 1731 in
1550 1694 1686 1732 selectt.

1032 1751 1132 1788 histt.
1176 1764 1213 1801 p.
1243 1750 1348 1797 354,
1388 1751 1449 1787 ubi
1477 1750 1581 1788 simul
1606 1763 1688 1788 eam

1033 1808 1135 1845 verbi
1164 1803 1444 1856 α’φοσιοῦσθαι
1470 1808 1577 1844 docet
1606 1819 1688 1844 esse

1035 1864 1357 1912 significationem:
1382 1863 1521 1912 aliquid
1539 1862 1686 1911 religio-

1032 1922 1089 1957 nis
1107 1933 1216 1956 causa
1238 1919 1381 1969 facere,
1411 1932 1479 1955 non
1505 1932 1548 1956 ex:
1577 1920 1690 1956 animi

1032 1977 1224 2022 sententia,
1253 1988 1313 2012 nec
1331 1976 1492 2022 uberius,
1523 1974 1583 2012 sed
1598 1988 1686 2024 par-

1033 2045 1089 2079 ce,
1118 2035 1158 2068 ut
1187 2031 1308 2068 saltem
1330 2031 1496 2080 religioni
1515 2033 1686 2081 satisfiat.

1033 2089 1142 2125 Cous.
1162 2087 1226 2134 lV,
1255 2087 1334 2129 154
1352 2088 1438 2136 ibiq.
1467 2087 1685 2125 Valckenar.

1031 2143 1115 2181 Alia
1144 2144 1290 2180 excitari
1314 2145 1362 2181 ad
1387 2143 1568 2181 Plutarch.
1589 2143 1688 2181 Alci-

1033 2200 1131 2237 biad.
1154 2212 1240 2249 pag.
1257 2201 1350 2241 239.

1089 2255 1155 2294 καὶ
1193 2251 1301 2294 τώπὸ
1324 2252 1469 2296 τούτου
1496 2278 1554 2287 -
1590 2251 1688 2308 λάμ,-

1034 2310 1156 2362 ψεαι]
1187 2308 1297 2351 τώπὸ
1327 2308 1472 2352 τούτου
1498 2314 1522 2351 i.
1556 2327 1588 2352 e.
1606 2313 1688 2351 inde

1035 2369 1079 2406 ab
1103 2381 1139 2405 eo
1157 2372 1321 2418 tempore,
1349 2383 1418 2420 pro
1436 2367 1481 2410 το“
1501 2365 1580 2409 οἷπό
1595 2365 1687 2409 τού-
1754 2391 1757 2405 1

1176 2425 1306 2462 Crasin
1335 2427 1476 2464 notavit
1508 2425 1688 2464 Matthiae
1754 2426 1756 2432 '

1036 2481 1198 2518 Gramm.
1221 2482 1286 2518 Gr.
1312 2495 1349 2532 p.
1373 2485 1473 2530 122,
1509 2483 1571 2532 qui
1590 2483 1688 2520 idem
1754 2525 1755 2531 ἵ

1033 2550 1119 2588 pag.
1150 2537 1233 2579 472
1267 2539 1314 2576 de
1350 2539 1467 2576 forma
1507 2534 1688 2590 λα’μψεαι
1753 2534 1755 2551 ³

1034 2440 1116 2464 του.

1036 2593 1173 2630 consuli
1200 2596 1346 2644 poterit.
1752 2642 1753 2645 Ἴ

1091 2645 1180 2688 ὅσαι
1192 2649 1263 2700 μέν
1284 2665 1360 2689 νυν
1377 2646 1498 2698 εἴδεός
1513 2665 1553 2690 τε
1563 2649 1685 2702 ἐπαμ-
1751 2682 1753 2705 }

1035 2703 1150 2756 μέναι
1167 2705 1241 2745 εἰσὶ
1258 2705 1326 2745 καὶ
1342 2703 1552 2758 μεγάθεος]
1564 2706 1685 2758 ε’παμ-
1751 2718 1753 2725 ¹

1035 2760 1149 2812 με’ναι
1160 2762 1285 2808 εἴδεος
1303 2761 1370 2802 καὶ
1388 2758 1585 2814 μεγάθεος
1602 2767 1688 2800 sunt

1033 2819 1149 2855 forma
1170 2832 1211 2856 ac
1232 2819 1484 2867 magnitudine
1497 2820 1686 2870 praeditae
1749 2832 1751 2868 ᾗ

1035 2874 1225 2922 mulieres,
1253 2875 1456 2922 formosae,
1485 2888 1580 2925 quae
1600 2888 1686 2926 spe·

1037 2930 1127 2967 ciem
1162 2931 1229 2968 sibi
1256 2935 1380 2982 aptam
1407 2935 1446 2969 et
1476 2933 1583 2982 quasi
1599 2943 1684 2970 con-
