1759 3324
366 266 449 307 510

759 260 1230 303 HERODOTI

368 376 546 429 ριχηϊῶν
577 375 666 416 τῶν
687 376 1026 428 Πηλουσιακῶν,
1050 375 1104 428 τῇ
1134 371 1187 426 δὴ
1209 368 1525 423 τεσσεράκοντά
1546 369 1628 412 εἶσι

337 459 359 493 2
369 457 535 508 σχοῖνοι
549 467 558 477 ·

618 451 666 496 τὸ
705 453 751 496 δὲ
790 451 874 495 ἀπὸ
914 450 1138 507 θαλάσσης
1178 448 1396 506 λεγόντων
1425 448 1469 499 ἐς
1497 445 1684 503 asad-40

364 548 496 588 γαιαν
519 532 674 574 τείνειν
703 529 839 586 αὐτὴν
867 531 988 587 μέχρι
1008 529 1305 584 Κερκασώρου
1333 527 1506 579 πόλιος,
1536 524 1626 571 κατ’

364 610 422 666 ἢν
451 612 630 665 σχίζεται
669 608 693 652 ὁ
725 612 908 661 Νεῖλος,
956 610 998 660 ἔς
1037 626 1080 652 τε
1118 607 1369 664 Πηλούσιον
1409 608 1520 663 ῥέων
1553 605 1628 649 καὶ

339 689 416 740 3ἐς
445 688 686 743 Κάνωβον·
737 687 790 729 τὰ
820 687 866 730 δὲ
898 686 1004 730 ἄλλα
1033 685 1251 742 λεγόντων
1277 691 1352 743 τῆς
1382 684 1626 741 Αἰγύπτου,

363 767 417 811 τοὶ
445 767 524 823 μὲν
545 763 732 820 Λιβύης,
764 764 816 808 τὰ
850 765 896 808 δὲ
931 763 1128 820 Ἀραβίης
1158 764 1288 808 εἶναι·
1319 765 1626 809 ἀποδεικνύοι-

363 862 444 901 μεν
473 844 554 896 ὂὶν,
602 842 744 903 τούτῳ
785 847 845 899 τῷ
885 841 1000 900 λόγῳ
1039 842 1299 899 χρεώμενοι,
1349 845 1628 900 Αἰγυπτίοισι

337 922 454 968 4οὕκ
483 923 644 967 ἐοῦσαν
672 921 889 976 πρότερον
923 921 1083 978 χώρην.
1137 920 1220 978 ἤδη
1257 920 1341 978 γάρ
1382 933 1462 978 σφι
1499 924 1548 967 τό
1576 938 1624 978 γε
1638 925 1683 963 45

363 1002 530 1055 Δέλτα,
570 999 629 1053 ὥς
656 999 782 1045 αὐτοὶ
810 1003 985 1057 λέγουσι
1012 1000 1267 1056 Αἰγύπτιοι,

1322 1001 1396 1044 καὶ
1424 1001 1520 1056 ἐμοὶ
1549 1003 1626 1046 δο-

361 1082 471 1133 κέει,
511 1082 599 1126 ἔστι
627 1078 906 1136 κατάρρυτόν
934 1097 979 1124 τε
1017 1082 1091 1124 καὶ
1119 1080 1296 1132 νεωστὶ,
1337 1078 1394 1132 ὡς
1422 1079 1537 1138 λόγῳ
1568 1081 1628 1124 εἰ-

334 1166 487 1213 5πεῖν,
518 1159 812 1218 ἀναπεφηνός.
852 1161 889 1204 εἰ
920 1161 1074 1204 τοίνυν
1113 1172 1193 1218 σφι
1220 1158 1338 1217 χώρη
1365 1175 1413 1215 γε
1443 1161 1627 1216 μηδεμία

305 1334 422 1384 liquas
455 1333 616 1386 Aegypti
636 1338 759 1386 partes
786 1334 844 1382 (s.
865 1346 959 1384 quae

305 1391 377 1429 alia
393 1391 441 1428 ad
453 1391 663 1442 Aegyptum
681 1391 864 1443 pertinere
883 1390 962 1427 vul-

305 1460 355 1498 go
375 1450 587 1497 censentur)
614 1452 691 1485 tum
716 1448 764 1484 ad
792 1447 960 1496 Libyam,

304 1509 381 1542 tum
428 1504 478 1541 ad
521 1504 693 1542 Arabiam
737 1504 961 1555 pertinere.“

303 1560 426 1610 Atque
454 1560 548 1598 hanc
579 1561 706 1598 Ionum
746 1560 961 1598 sententiam

305 1630 371 1655 sua
390 1621 510 1655 aetate
531 1618 662 1668 opinor
677 1616 863 1666 vulgatam
879 1616 958 1654 Hc-

303 1674 454 1711 rodotus
487 1679 574 1724 post
604 1673 755 1721 refellit,
792 1672 957 1722 quamvis

305 1730 338 1768 ei
370 1729 583 1780 adstipulari
609 1730 774 1767 videatur
802 1729 867 1777 IV,
892 1729 959 1770 45.

304 1786 418 1830 Quod
441 1787 490 1823 ad
512 1785 668 1835 Libyam
687 1786 834 1833 attinet,
866 1798 961 1835 quae

305 1847 342 1881 et
372 1843 441 1880 hoc
468 1842 548 1879 loco
575 1842 734 1880 Arabiae
763 1842 961 1892 opponitur

304 1903 342 1938 et
364 1899 443 1936 aliis
465 1898 595 1936 Nostri
614 1898 702 1936 locis
722 1899 768 1935 ab
788 1899 959 1948 Aegypto

303 1955 520 1993 discernitur
538 1983 549 2002 ,
579 1967 674 2004 quae
702 1955 784 2005 ipsa
813 1955 859 1991 ab
880 1955 959 1991 He-

302 2011 433 2048 rodoto
463 2011 680 2060 quibusdam
717 2011 754 2046 in
781 2009 867 2047 locis
896 2009 961 2046 Li-

305 2067 399 2115 byae
428 2067 611 2105 accenseri
642 2066 804 2111 videtur3
837 2070 962 2103 monet

305 2123 434 2171 Heyse
446 2123 612 2166 Quaestt.
624 2122 790 2159 Herodd.
802 2122 817 2158 I
831 2135 866 2172 p.
881 2124 960 2163 107

302 2179 436 2229 duplici
451 2191 559 2216 sensu
574 2179 806 2215 Herodotum
819 2177 960 2227 Libyae

302 2248 430 2272 vocem
455 2235 684 2281 adhibuisse,
723 2239 797 2271 tum
827 2234 958 2283 latiori,

301 2304 376 2341 quo
396 2291 443 2329 de
462 2291 559 2328 omni
590 2290 734 2338 Africa,
763 2303 872 2340 quam
889 2303 956 2328 nos

301 2347 474 2395 dicimus,
511 2346 752 2395 intelligatur,
797 2351 872 2384 tum
901 2360 958 2384 ar-

301 2404 424 2450 ctiori,
451 2416 523 2453 quo
546 2403 593 2440 de
620 2415 665 2441 ea
690 2403 833 2440 Africae
853 2408 957 2453 parte

303 2460 524 2510 accipiatur,
563 2471 658 2509 quae
677 2460 784 2497 etiam
804 2460 957 2510 posthac

300 2515 442 2564 Libyae
466 2515 613 2553 nomine
649 2516 757 2565 vulgo
792 2517 949 2554 indicata

300 2572 428 2619 suerit,
456 2572 596 2610 exclusa
612 2570 795 2623 Aegypto.

357 2626 467 2679 μέχρι
499 2628 719 2680 Ταριχηίων
751 2630 833 2667 τῶν
868 2630 952 2680 Πη-

300 2686 557 2731 λουσιακων]
600 2683 849 2722 Tarzcleearum
885 2698 954 2723 no-

301 2754 384 2779 men
399 2740 560 2791 pluribus
583 2740 670 2778 locis
697 2740 856 2792 Aegypti
885 2743 953 2779 ad-

300 2799 432 2835 iectum
479 2797 669 2834 invenitur.
749 2798 952 2835 Occurrunt

302 2853 496 2892 canobicae
542 2852 735 2890 Taricheae
767 2854 862 2890 infra
904 2854 949 2901 ll,

303 2911 406 2959 113,
435 2908 638 2948 Mendesiae
653 2915 764 2960 atque
783 2909 951 2948 Scenicae

1028 1334 1128 1382 apud
1177 1333 1354 1385 Stephan.
1393 1333 1550 1382 Byzant.
1586 1346 1616 1370 S.
1646 1346 1680 1370 v.

1032 1389 1224 1427 Taricheas
1245 1390 1452 1428 Pelusiacas
1470 1394 1595 1427 nostra
1619 1402 1682 1427 ae-

1028 1451 1104 1484 tate
1126 1447 1246 1484 vocari
1265 1447 1313 1484 Al
1328 1446 1487 1483 -Farma
1508 1460 1537 1483 s.
1558 1444 1678 1483 Fara-

1029 1503 1102 1539 meh
1126 1516 1169 1540 ex
1189 1503 1370 1541 Danvillio
1390 1503 1519 1551 (Mem.
1545 1516 1582 1553 p.
1604 1503 1679 1550 97)

1031 1564 1183 1596 annotat
1200 1560 1470 1597 Schlichthorst.
1491 1558 1545 1595 l.l.
1565 1572 1602 1609 p.
1613 1560 1679 1599 78,

1028 1615 1152 1666 Ipsum
1172 1628 1305 1653 nomen
1329 1628 1373 1653 ex
1402 1615 1584 1664 congestis
1613 1614 1681 1651 ho-

1028 1672 1166 1709 minum
1205 1671 1456 1709 animaliumve
1494 1670 1681 1708 cadaveri-

1028 1729 1096 1765 bus
1127 1728 1299 1777 singulari
1325 1741 1412 1765 cura
1432 1727 1611 1774 conditis,
1640 1730 1681 1764 ut

1028 1785 1170 1822 ferebat
1196 1784 1459 1835 Aegyptiorum
1486 1796 1587 1830 mos,
1621 1796 1680 1821 re-

1027 1841 1121 1891 petit
1147 1840 1434 1889 Wesselingius,
1474 1840 1524 1876 ad
1558 1839 1680 1877 Aelia-

1027 1910 1113 1934 num
1131 1909 1332 1947 provocans
1365 1896 1414 1934 N.
1442 1895 1512 1932 An.
1540 1895 1597 1942 X,
1624 1897 1679 1938 29

1028 1957 1065 1990 et
1102 1953 1304 1990 Diodorum
1343 1951 1503 1989 Siculum
1532 1951 1571 1999 I,
1604 1954 1679 1998 913

1028 2008 1206 2046 Cellarius
1224 2021 1267 2046 ex
1293 2009 1443 2059 piscium
1466 2012 1680 2055 mercatura,

1029 2065 1091 2113 qui
1111 2064 1206 2101 illis
1198 2078 1235 2101 in
1258 2065 1345 2102 locis
1373 2064 1507 2102 fuerint
1532 2064 1680 2102 conditi.

1029 2120 1090 2157 'I'u
1111 2120 1678 2171 vid.Strab0n.XVIp.1109

1029 2177 1162 2218 &526
1195 2182 1231 2214 et
1258 2190 1353 2227 quae
1377 2177 1476 2214 adh.
1496 2176 1519 2213 l.
1540 2177 1679 2214 adscri-
1756 2160 1757 2164 Ἰ

1026 2234 1106 2301 psit
1119 2232 1516 2300 lablonsk.0puscc.1
1534 2246 1570 2283 p
1581 2234 1675 2274 302.

1084 2284 1417 2341 ἀποδεικνύοιμεν
1446 2285 1498 2329 ἂν
1517 2310 1574 2317 -
1601 2286 1678 2340 χῶ-

1026 2345 1126 2397 ρην]
1163 2346 1223 2385 De
1250 2346 1430 2398 participii
1454 2358 1523 2384 usu
1553 2347 1679 2384 confer

1023 2402 1157 2441 Matth.
1192 2401 1230 2454 §
1261 2401 1367 2451 549,
1398 2402 1423 2444 5
1445 2415 1539 2468 pag.
1567 2404 1676 2443 1077

1025 2472 1102 2509 seq.
1129 2479 1186 2486 —-
1213 2459 1286 2496 Pro
1303 2456 1384 2510 ἠδη
1404 2473 1481 2511 γαρ
1503 2470 1577 2507 σφι
1602 2458 1678 2496 Be-

1022 2516 1154 2554 nedict.
1178 2515 1314 2552 mavult
1339 2515 1446 2553 scribi
1474 2511 1503 2566 ἡ
1519 2528 1581 2553 τοι
1599 2529 1676 2566 γαρ

1024 2584 1096 2622 σφι
1113 2571 1298 2622 (profecto
1321 2572 1441 2614 enim).
1497 2571 1575 2609 Sed
1594 2570 1676 2608 libri

1021 2641 1097 2666 non
1135 2629 1318 2665 addicunt.
1386 2627 1461 2665 Pro
1500 2627 1674 2678 μηδεμίη

1021 2698 1101 2722 cum
1133 2684 1249 2721 Gaisf.
1276 2683 1444 2734 rescripsi
1488 2683 1674 2734 μηδεμία,

1020 2747 1060 2778 ut
1075 2741 1171 2778 alibi.
1181 2760 1236 2767 —
1247 2736 1571 2791 περιεργάζεσθαι
1589 2739 1674 2778 red-

1020 2798 1130 2834 dunt:
1159 2809 1275 2845 nugas
1292 2808 1416 2845 agere,
1442 2808 1673 2846 supervacua,

1019 2853 1118 2891 haud
1138 2854 1336 2891 necessaria
1354 2855 1519 2890 tractare.
1562 2852 1670 2890 Cons.
1742 2861 1743 2868 ¹

1017 2910 1089 2955 ΙΙΙ,
1108 2909 1163 2952 46
1184 2914 1221 2948 et
1242 2910 1290 2948 de
1312 2909 1394 2961 ipsa
1412 2921 1453 2947 re
1472 2909 1526 2958 Π,
1546 2912 1585 2951 2.
