1759 3324
539 250 961 291 EUTERPE.
1018 250 1063 287 II.

1341 251 1425 291 697

157 368 303 425 τρόπῳ
332 364 470 422 τούτῳ
510 360 900 416 ναυπηγήσωνται,
955 357 1058 413 ζυγὰ
1098 357 1301 413 ἐπιπολῆς
1333 359 1452 402 τεί-5

156 458 286 490 νουσι
315 444 477 488 αὐτῶν·

537 445 718 496 νομεῦσι
749 439 792 482 δὲ
825 437 956 482 οὐδὲν
984 437 1218 493 χρὲωνται,
1261 438 1426 482 ἔσωθεν

158 527 202 570 ὁὲ
231 526 305 576 τὰς
336 523 549 578 ἁρμονίας
591 520 637 563 ἐν
669 515 731 562 ὦν
765 518 1020 562 ἐπάκτωσαν
1049 521 1103 574 τῇ
1135 516 1308 574 βύβλῳ·
1340 533 1423 575 πη-

157 605 307 649 δάλιον
337 603 382 646 δὲ
405 604 456 645 ’ἐν
487 603 713 644 ποιεῦνται
732 631 742 650 ‚
773 599 846 641 καὶ
876 601 1006 640 τοῦτο
1039 597 1109 640 διὰ
1140 601 1215 653 τῆς
1243 597 1421 653 τρόπιος
1483 602 1562 644 147

157 681 425 739 διαβύνεται·
481 682 585 735 ἱστῷ
623 680 667 722 δὲ
709 676 935 735 ἀκανθίνῳ
966 678 1198 733 χρέωνται,
1249 679 1423 721 ἱστίοισι

128 763 207 806 4δὲ
237 763 494 818 βυβλίιόισι.

152 842 237 898 μόν
268 841 320 885 οὐ
352 839 562 885 δύνανται
600 837 766 889 πλέειν,

553 763 690 802 ταῦτα
720 758 771 801 τὰ
800 763 931 801 πλοῖα
961 755 1045 800 ἀνά
1076 757 1152 812 μὲν
1183 756 1258 801 τὸν
1288 774 1424 801 ποτα-
1438 767 1481 799 10

828 836 883 893 ἢν
923 837 980 893 μη
1020 836 1216 892 λαμπρὸς
1258 835 1421 892 ἄνεμος

125 921 304 978 5ἐπὲχῃ,
337 921 381 964 ἐκ
410 924 488 977 γῆς
520 919 563 962 δὲ
594 918 864 970 παρέλκεται.
898 917 1007 960 κατὰ
1039 916 1146 973 ῥόον
1176 917 1221 960 δὲ
1252 919 1423 972 κομίζε-

153 1017 225 1044 ται
256 995 360 1044 ὦδε·
392 1001 480 1044 ἔστι
509 999 554 1043 ἐκ
584 999 771 1054 μυρίκης
800 996 1067 1055 πεποιημένη
1097 996 1236 1054 θύρη,
1267 997 1423 1053 κατεῤ-

97 1224 153 1276 τῷ
171 1235 251 1259 cuin
267 1224 417 1259 recentt.
440 1221 572 1271 recepi.
630 1219 752 1268 Vulgo

96 1279 134 1315 in
158 1279 240 1316 edd.
272 1279 385 1315 abest.
429 1300 476 1305 —
522 1273 641 1329 ζυγά
672 1281 753 1313 sunt

96 1338 277 1382 transtra,
307 1339 346 1371 ut
372 1335 458 1371 satis
485 1338 636 1371 constat.
694 1333 754 1370 Ad

97 1393 266 1443 νομεῦσι
295 1392 389 1428 conf.
412 1391 450 1438 Ι,
476 1390 566 1432 194.

152 1445 222 1495 τοὶς
237 1446 431 1498 ἁρμονίας
445 1447 485 1485 ἐν
505 1442 561 1485 ὦν
579 1441 754 1486 ἐπάκτω-

98 1517 173 1545 σαν
195 1507 245 1559 τῇ
278 1500 437 1558 βύβλῳ]
480 1504 621 1553 Vulgo:
653 1505 754 1540 obtu-

97 1566 179 1600 rant
220 1564 463 1598 commissuras
484 1574 641 1611 papyro,
688 1574 756 1597 nee

99 1620 204 1657 aliter
225 1618 448 1656 Schneidero
476 1618 607 1668 placuit
629 1618 666 1653 in
688 1617 755 1655 lex.

100 1676 166 1712 Gr.
185 1690 212 1712 s.
230 1688 262 1711 v.
284 1670 464 1713 πακτόω.·
495 1677 544 1710 sie
562 1674 758 1724 verstopfen

100 1732 156 1769 die
173 1731 209 1768 F
209 1744 298 1780 agen
320 1731 426 1768 durch
454 1730 594 1781 Papier.
647 1731 756 1767 Couf.

100 1793 224 1826 tamen
253 1789 410 1825 eundem
434 1789 481 1824 ad
502 1802 577 1824 voe.
596 1787 756 1839 ἐπηγκε-

102 1846 237 1892 νίὸες,
278 1850 314 1882 et
344 1845 496 1882 Homer.
530 1846 668 1894 Odyss.
712 1844 757 1892 V,

101 1902 195 1944 254.
217 1923 265 1928 —
297 1900 499 1938 Larcherus
520 1902 609 1939 haee
628 1902 677 1938 ita
695 1914 757 1938 ex-

100 1959 254 2010 pressit:
295 1958 340 1994 ils
367 1958 600 2006 affermz'ssent
628 1971 667 1994 en
698 1958 757 1994 ‹Ie-

101 2015 191 2052 dans
202 2018 253 2051 cet
267 2015 481 2063 assemblage
492 2028 575 2051 avec
594 2015 651 2051 cles
671 2015 758 2051 lions

101 2072 143 2109 de
154 2071 294 2123 byblus,
314 2085 392 2108 cum
405 2073 515 2109 verbo
529 2071 757 2122 ε’μπακτοῦν

100 2142 175 2166 non
215 2128 426 2178 infercz'encli
453 2129 498 2165 sit
528 2130 650 2176 notio,
690 2128 756 2165 sed

101 2185 348 2236 cwzfirmanclz',
380 2186 641 2235 compingenda}
671 2199 757 2236 pro-

101 2243 154 2278 uti
195 2242 404 2279 Eustathius
443 2248 604 2279 nostrum
639 2243 756 2279 locum

103 2299 217 2336 citans
233 2299 280 2336 ad
300 2299 437 2347 Odyss.
457 2299 480 2337 l.
494 2299 515 2336 l.
537 2300 756 2350 interpreta-

103 2359 162 2392 tur
198 2356 565 2405 κατασφαλίζονται.
641 2356 756 2392 Addit

103 2424 250 2460 quoque
278 2412 506 2458 Lareherus,
559 2413 754 2450 etiamnum

103 2466 242 2505 Arabes
263 2469 369 2505 simili
387 2471 613 2519 navigiorum
626 2482 758 2518 parvo—

103 2536 181 2560 rum
211 2538 344 2573 genere
374 2527 448 2573 uti,
495 2527 594 2575 quod
622 2526 758 2562 trankis

104 2581 298 2629 appellent.
356 2582 428 2619 Cr.
472 2584 519 2619 ad
560 2596 635 2619 rem
671 2596 758 2620 con-

104 2636 175 2672 fert
216 2637 370 2675 Galeum
402 2640 449 2676 ad
486 2639 670 2676 Iablonsk.
713 2641 759 2677 de

106 2697 270 2740 mysterr.
296 2707 380 2744 pag.
406 2696 486 2736 285
526 2700 562 2733 et
588 2697 633 2733 W
639 2700 759 2744 ytten-

105 2747 209 2784 bach.
234 2750 281 2786 ad
309 2750 402 2788 Plut.
425 2753 472 2789 de
494 2752 541 2789 Is.
564 2758 599 2790 et
620 2753 756 2790 Osirid.

107 2815 191 2853 pag·
222 2805 300 2845 194
331 2820 406 2856 seq.
445 2830 501 2836 —
545 2809 604 2847 De
634 2810 758 2846 aoristi

106 2871 175 2895 usu
199 2860 236 2896 in
259 2858 533 2904 ἐνεποῖκτωσαν
567 2867 692 2904 confer
727 2866 758 2915 I,

111 2915 203 2956 194.
232 2915 288 2965 ΙΙ,
311 2920 375 2959 87.

881 1215 947 1258 διοέ
966 1220 1036 1269 τῆς
1049 1214 1213 1270 τρόπιος
1234 1215 1480 1272 διαβύνεται]

822 1276 844 1313 i.
859 1289 889 1313 e.
917 1288 978 1325 per
999 1279 1155 1312 carinam
1179 1277 1479 1326 (Schiffsboden)

821 1332 916 1370 illud
935 1334 1161 1383 transfigunt.
1201 1334 1307 1370 Conf.
1330 1334 1392 1380 lv,
1414 1338 1480 1376 71.

879 1392 1002 1428 ταῦτα
1021 1386 1068 1427 zo>
1088 1393 1207 1428 πλοῖα
1228 1385 1307 1428 οἴνα)
1325 1388 1396 1441 μὲν
1409 1389 1480 1430 τόν

822 1443 1005 1497 ποταμόν
1035 1441 1084 1484 ου’
1111 1442 1303 1485 δυ’νανται
1333 1446 1480 1499 πλέειν]

822 1504 880 1542 De
897 1503 1179 1553 praepositionis
1203 1499 1279 1542 α’νοὶ
1300 1505 1335 1540 in
1356 1504 1412 1541 his
1435 1506 1483 1541 si-

823 1561 1058 1609 gnificatione
1078 1561 1172 1597 conf.
1192 1561 1230 1608 I,
1256 1561 1346 1602 194.
1377 1561 1423 1608 II,
1444 1561 1482 1602 4.

822 1617 894 1664 llI,
919 1618 969 1657 13
989 1617 1076 1665 ibiq.
1096 1616 1271 1654 Valcken.
1310 1618 1484 1668 Respon-

826 1675 888 1711 det
911 1670 1032 1711 κατα
1054 1668 1169 1724 ῥόονς
1193 1679 1232 1710 ut
1253 1674 1338 1711 locis
1356 1674 1481 1712 laudd.

827 1725 1020 1768 δύνανται
1041 1730 1196 1780 probum
1223 1735 1278 1767 est
1309 1744 1376 1768 nec
1404 1745 1483 1767 rnu-

826 1788 999 1834 tandum,
1030 1790 1068 1823 ut
1088 1787 1305 1836 quibusdam
1333 1787 1481 1836 placuit,

827 1844 864 1880 in
900 1839 1078 1881 δύναται.
1148 1843 1231 1879 Vid.
1262 1843 1482 1894 lVesseling.

827 1901 874 1936 ad
896 1900 1005 1937 Diod.
1033 1899 1144 1937 Sicul.
1165 1899 1211 1947 V,
1234 1902 1259 1940 8
1284 1905 1319 1938 et
1338 1901 1481 1939 Herod.

825 1956 858 1993 ll
871 1987 881 2005 ,
904 1958 995 1998 125.

883 2009 937 2064 ἢν
960 2010 1014 2063 μή
1034 2010 1212 2064 λαμπρὸς
1232 2010 1378 2062 ἄνεμος
1398 2011 1484 2052 ἕπε’-

825 2069 889 2124 χῃ]
911 2068 1086 2120 λαμπρὸς
1104 2071 1138 2106 in
1160 2071 1396 2119 navigatione
1413 2071 1484 2108 dici

825 2128 871 2164 de
892 2132 999 2164 vento
1021 2127 1136 2178 forti,
1160 2127 1298 2175 valido,
1330 2128 1396 2164 sed
1419 2127 1483 2177 fe-

824 2188 917 2221 rente
940 2184 1052 2221 eodem
1083 2189 1118 2222 et
1145 2185 1315 2232 secundo,
1343 2185 1484 2222 dudum

823 2242 964 2279 monuit
1002 2240 1152 2278 Dorvill.
1198 2242 1246 2279 ad
1294 2242 1483 2278 Chariton.

823 2311 909 2349 pag.
934 2300 1028 2339 268.
1058 2319 1113 2325 —
1143 2296 1294 2348 ἐπέχειν
1315 2298 1484 2335 absolute

823 2356 1076 2405 accipiendum
1110 2368 1191 2391 cum
1218 2355 1420 2403 Schweigh.
1446 2355 1484 2391 in

826 2411 895 2449 lex.
918 2412 1060 2448 Herod.
1093 2425 1120 2447 s.
1141 2425 1195 2449 v.:
1228 2412 1334 2459 „nisi
1358 2425 1487 2448 secun-

828 2469 896 2505 dus
918 2468 1089 2517 idemque
1108 2468 1249 2505 validus
1271 2473 1402 2506 ventus
1426 2469 1485 2504 ob-

826 2526 978 2562 tineat.“
1027 2525 1150 2561 Minus
1170 2526 1265 2563 bene
1286 2525 1487 2562 Schneide—

826 2596 887 2619 rus
921 2583 958 2618 in
991 2582 1059 2619 lex.
1093 2582 1178 2618 Gn:
1219 2595 1358 2629 „wenn
1387 2581 1487 2618 nicht

829 2640 887 2677 ein
904 2639 1045 2675 starker
1056 2638 1170 2675 wind
1185 2639 1320 2675 darauf
1330 2639 1485 2675 stiisstf‘

827 2696 937 2740 Quod
958 2697 1071 2732 foret:
1100 2697 1272 2743 ingruat,
1289 2695 1485 2745 propellat,-

827 2765 922 2801 quae
963 2752 1179 2800 significatio
1214 2752 1334 2790 aliena.
1374 2756 1430 2789 est
1463 2764 1485 2788 a

825 2809 937 2846 verbo
958 2807 1121 2859 ἐπέχειν.

883 2863 963 2904 ἔστι
979 2864 1021 2905 ἐκ
1045 2864 1213 2917 μυρίκης
1234 2862 1483 2914 πεποιημένη

825 2916 938 2974 θύρη
960 2951 971 2971 ,
1028 2919 1331 2974 κατερραμμένη
1375 2919 1487 2972 ῥίπεῖ
