1777 3324
175 235 259 274 918
656 230 1215 271 EXCURSUSX

602 748 1158 798 EXCURSUS
1228 750 1273 795 x

396 865 522 905 AD
608 863 1480 912 HERODOT.11‚148.

597 1124 699 1168 De
770 1124 1289 1180 labyrintho.

302 1226 472 1265 Veterem
503 1228 747 1278 labyrinthum
783 1234 932 1281 praeter
965 1228 1200 1266 Herodotum
1235 1228 1397 1281 inprimis
1429 1228 1702 1279 descripserunt

179 1295 366 1333 Diodorus
383 1296 525 1334 Siculus
543 1297 582 1345 I,
604 1301 671 1339 61.
693 1300 757 1340 89.
790 1298 924 1335 Strabo
945 1296 1050 1335 XVII
1070 1311 1106 1348 p.
1127 1298 1206 1338 811
1230 1310 1259 1334 s·
1279 1310 1316 1347 p.
1331 1296 1438 1338 1155
1468 1296 1547 1334 coll.
1567 1296 1697 1347 Pomp.

180 1363 268 1401 Mel.
286 1363 322 1411 l,
342 1367 368 1406 9
398 1369 436 1402 et
458 1364 550 1402 Plin.
571 1366 607 1403 h.
625 1380 661 1406 n.
691 1367 876 1414 XXXVI,
904 1367 976 1413 13,
1014 1365 1079 1414 qui
1104 1369 1257 1414 uterque
1287 1378 1332 1402 ex
1357 1365 1542 1403 Herodoti
1571 1378 1701 1402 narra-

180 1432 281 1470 tione
298 1433 527 1482 potissimum
552 1435 702 1484 pendet.
760 1434 842 1472 Alia
871 1433 1122 1485 suppeditabit
1142 1433 1272 1482 Zoega
1293 1433 1339 1470 de
1365 1433 1532 1471 obeliscc.
1559 1447 1594 1484 p.
1616 1433 1699 1474 418

182 1504 259 1537 not.
284 1503 358 1549 10,
386 1501 447 1537 ubi
465 1503 685 1541 recentiores
708 1516 857 1553 quoque
884 1501 1066 1548 laudavit,
1099 1501 1161 1550 qui
1190 1501 1237 1538 de
1265 1500 1472 1550 labyrintho
1500 1502 1700 1539 retulerint.

183 1567 245 1606 Tu
262 1568 335 1605 vid.
355 1569 520 1620 inprimis
552 1570 666 1608 Beck.
686 1570 821 1609 Anleit.
850 1584 882 1608 z.
903 1568 1126 1618 Weltgesch.
1149 1568 1165 1605 I
1195 1580 1281 1618 pag.
1303 1571 1384 1610 721
1413 1574 1451 1607 et
1480 1569 1576 1607 adde
1605 1582 1701 1618 quae

182 1641 266 1687 post
279 1635 502 1675 Larcherum
520 1639 558 1675 in
585 1643 661 1677 not.
691 1639 739 1677 ad
762 1637 946 1676 Herodoti
987 1637 1106 1674 locum
1143 1636 1374 1686 disputarunt
1408 1637 1506 1675 docti
1536 1637 1634 1675 Galli
1663 1638 1700 1675 in

183 1705 355 1757 descript.
379 1706 426 1743 de
447 1705 540 1756 l’Eg.
557 1708 697 1758 antiqq.
727 1707 863 1746 livrais.
884 1705 936 1744 III
965 1709 1054 1742 tom.
1075 1704 1109 1741 ΙΙ
1138 1704 1244 1754 chap.
1267 1705 1372 1743 XVII
1403 1710 1491 1743 sect.
1514 1705 1564 1743 111
1588 1720 1625 1757 p.
1645 1708 1701 1748 32

184 1787 288 1823 seqq.
327 1774 510 1812 Mannert.
543 1776 683 1825 Geogr.
716 1777 751 1813 d.
776 1775 843 1812 Gr.
868 1787 904 1812 u.
932 1773 1041 1811 Rom.
1070 1772 1127 1819 X,
1150 1776 1171 1814 1
1202 1785 1289 1824 pag.
1311 1771 1394 1814 430
1425 1778 1464 1811 et
1493 1772 1700 1811 Letronne:

184 1843 279 1879 essai
299 1856 359 1879 sur
378 1842 412 1880 le
431 1842 518 1893 plan
538 1848 576 1880 et
594 1843 628 1880 la
651 1844 867 1894 disposition
888 1841 1057 1892 generale
1077 1842 1128 1878 du
1145 1840 1348 1890 labyrinthe
1367 1845 1436 1879 etc.
1460 1842 1498 1878 in
1518 1841 1702 1879 nouvelles

184 1909 334 1947 annales
368 1910 434 1947 des
463 1923 624 1960 voyages
643 1924 713 1962 par
736 1911 865 1960 Eyries
895 1915 935 1949 et
963 1909 1174 1948 Maltebrun
1203 1914 1230 1947 t.
1251 1910 1301 1947 VI
1329 1923 1368 1961 p.
1398 1910 1479 1951 133
1503 1922 1602 1960 seq.,
1641 1909 1701 1946 ubi

186 1976 295 2013 etiam
321 1977 446 2014 tabula
467 1979 543 2016 aeri
568 1979 680 2017 incisa
700 1980 842 2017 adiecta
870 1983 939 2017 est.

297 2044 356 2083 De
381 2049 549 2095 tempore,
578 2060 652 2097 quo
681 2046 908 2098 labyrinthus
931 2046 978 2083 sit
1008 2049 1230 2094 exstructus,
1266 2045 1414 2084 minime
1438 2048 1606 2091 constat3
1635 2045 1702 2082 sed

187 2111 292 2149 valde
311 2114 501 2164 probabile
519 2114 581 2162 fit,
610 2115 683 2151 iam
712 2119 799 2153 ante
827 2114 1104 2152 dodecarchiam
1126 2114 1226 2152 illum
1252 2114 1366 2152 fuisse
1395 2118 1616 2152 exstructum
1646 2113 1702 2149 in-

188 2180 307 2229 deque
326 2181 373 2217 ad
400 2182 610 2231 antiquiora
628 2181 789 2235 Aegypti
810 2187 1067 2230 monumenta,
1097 2186 1138 2219 ut
1162 2183 1369 2233 pyramides
1382 2210 1394 2230 ,
1423 2181 1494 2219 alia
1514 2181 1551 2218 id
1571 2193 1702 2229 genus,

189 2260 269 2285 esse
307 2249 550 2286 referendum.
608 2249 721 2287 Haud
754 2256 943 2301 repetam,
996 2262 1087 2299 quas
1116 2249 1230 2287 Beck.
1254 2250 1278 2288 l.
1305 2249 1329 2287 l.
1361 2249 1514 2300 protulit
1540 2248 1701 2285 diversas

189 2316 385 2353 sententias
405 2317 452 2354 de
475 2316 668 2366 labyrinthi
690 2319 959 2364 conditoribus3
988 2318 1075 2355 illud
1095 2319 1204 2354 modo
1228 2317 1387 2364 addam,
1417 2316 1532 2353 Gallis
1554 2329 1703 2366 quoque

188 2383 303 2420 doctis
328 2383 377 2431 (l.
397 2383 419 2420 l.
450 2381 487 2434 ἓ.
507 2384 533 2425 4
561 2396 646 2435 pag.
663 2384 738 2433 40)
767 2386 819 2423 ita
840 2386 1073 2423 statuendum
1095 2385 1209 2423 videri
1224 2414 1235 2433 ,
1264 2388 1306 2421 ut
1332 2384 1558 2434 labyrinthus
1586 2384 1704 2421 dode-

188 2450 350 2488 carchiae
365 2455 530 2503 tempore
548 2453 696 2490 minime
714 2453 958 2502 adscribatur,
989 2454 1153 2503 quamvis
1174 2456 1316 2504 partem
1340 2451 1431 2489 illius
1458 2453 1615 2490 fortasse
1644 2464 1703 2489 re-

188 2519 313 2556 fecerit
332 2518 624 2568 Psammitichus,
654 2533 734 2557 cum
751 2520 873 2572 plures
895 2521 1043 2559 omnino
1060 2534 1167 2570 reges
1193 2525 1401 2571 temporum
1420 2521 1576 2558 decursu
1601 2519 1704 2557 aedi-

189 2584 317 2622 ficasse
331 2586 542 2633 videantur3
571 2588 669 2626 unde
696 2589 801 2626 simul
826 2590 1081 2640 perspicuum,
1110 2601 1172 2626 cur
1202 2588 1336 2626 diversi
1362 2588 1568 2624 conditores
1599 2585 1704 2635 laby-

188 2652 297 2689 rinthi
317 2666 423 2702 reges
442 2661 777 2694 commemorentur.
835 2657 917 2695 Nec
943 2656 1014 2695 alia
1047 2658 1124 2695 fere
1154 2657 1202 2694 de
1234 2655 1429 2704 labyrinthi
1455 2655 1702 2692 conditoribus

189 2720 258 2756 suit
280 2722 461 2758 sententia
489 2723 706 2771 Iablonskii‚
744 2723 978 2774 vocc.Aegg.
1006 2737 1093 2776 pag.
1120 2723 1201 2766 124
1230 2736 1308 2772 seq.
1367 2722 1444 2759 Sed
1466 2721 1702 2759 Mannertum

190 2789 212 2826 l.
233 2789 255 2826 l.
278 2803 363 2840 pag.
385 2789 468 2832 438
504 2791 534 2826 si
553 2792 702 2838 audias,
743 2792 1004 2830 dodecarchiae
1036 2797 1157 2830 aetate
1191 2794 1374 2829 exstructa
1412 2792 1469 2827 est
1506 2789 1702 2838 labyrinthi

191 2857 330 2903 moles,
365 2858 464 2896 cuius
492 2858 696 2906 designatio
722 2860 771 2895 ad
804 2860 997 2897 duodecim
1032 2860 1178 2909 regulos
1204 2857 1413 2909 pertineat,
1446 2857 1622 2908 perfecfio
1654 2856 1702 2893 ad
