1759 3324
254 315 262 319 ,
325 256 412 301 624

326 368 530 425 θυσίῃσι,
560 367 608 412 ἓν
636 378 724 412 τινι
752 369 876 412 νυκτὶ
906 368 1042 426 λύχνα
1071 369 1248 412 καίουσι
1277 365 1437 419 πάντες
1454 368 1596 412 πολλοὶ

721 254 1197 299 HERODOTI

327 446 547 501 ὑπαίθρια
574 448 672 503 περὶ
701 448 754 491 τοὶ
785 446 964 504 δώματα
992 448 1152 504 κύκλῳ.
1180 447 1234 492 ’τὰ
1264 448 1310 492 δὲ
1340 447 1477 503 λύχνα
1507 447 1596 492 ἐστὶ

328 526 520 583 ἐμβάφια
550 526 709 582 ἔμπλεα
740 526 843 578 ἁλὸς
873 529 945 572 καὶ
977 529 1143 571 ἐλαίου·
1189 527 1397 582 ἐπιπολῆς
1427 528 1472 570 δὲ
1501 526 1604 570 ἔπε-”

301 615 404 650 Ξστι
436 605 542 649 αὐτὸ
572 605 621 648 τὸ
653 604 887 659 ἐλλύχνιον.

945 608 1018 650 καὶ
1058 609 1188 649 τοῦτο
1226 607 1391 649 καίεται
1427 604 1599 649 παννύ-

300 693 451 742 3χιον·
494 685 567 727 καὶ
595 688 648 741 τῇ
693 683 802 741 ὁρτῇ
840 684 1014 740 οὕνομα
1051 686 1192 728 κέεται
1229 688 1492 742 Λυχνοκαΐη.
1555 687 1599 729 οἳ

331 763 374 808 δ’
404 764 459 806 ἄν
489 762 546 819 μὴ
576 763 734 806 ἔλθωσι
764 766 851 806 τῶν
880 764 1132 818 Αἰγυπτίων
1169 764 1212 814 ἐς
1241 763 1322 819 τήν
1351 764 1655 822 πανήγυρινδο

329 840 519 897 ταύτην,
562 841 857 897 φυλάσσοντες
885 842 964 898 τήν
1001 840 1138 885 νύκτα
1172 845 1247 897 τῆς
1274 843 1454 898 θυσίης,
1503 844 1599 886 καί-

332 933 434 965 ουσι
464 920 538 964 καὶ
569 919 696 965 αὐτοὶ
724 918 882 971 πάντες
917 919 970 964 τὰ
999 919 1157 977 λύχνα·
1193 921 1268 964 καὶ
1298 920 1411 964 οὕτω
1441 919 1523 966 οὐκ
1552 922 1600 966 ἐν

329 999 423 1044 Σάι·
460 998 603 1056 μούνῃ
642 1001 831 1051 καίεται,
888 997 999 1043 ἄλλα
1039 1000 1113 1043 καὶ
1152 997 1238 1043 ἄνα
1277 1004 1421 1043 πᾶσαν
1458 1003 1597 1057 Αἴγυ-

302 1083 456 1124 4πτον.
512 1078 613 1123 ὅτευ
658 1079 703 1124 δὲ
739 1081 883 1124 εἵνεκα
921 1084 1017 1137 φῶς
1053 1080 1175 1135 ἔλαχε
1203 1079 1278 1124 καὶ
1305 1079 1434 1138 τιμὴν
1461 1077 1488 1138 ἡ
1516 1077 1598 1134 νύξ

275 1280 349 1314 tem
368 1275 534 1313 novimus
567 1275 605 1312 in
641 1276 797 1313 Osiridis
834 1276 931 1314 caesi

275 1333 452 1371 honorem
464 1344 506 1369 ac
515 1333 726 1370 memoriam
746 1333 932 1371 celebran-

276 1390 362 1426 dam
374 1390 468 1426 festa
490 1402 557 1439 per
566 1402 710 1427 omnem
721 1389 932 1439 Aegyptum

275 1446 483 1483 instituisse.
535 1446 642 1483 Plura
659 1447 705 1483 de
724 1446 778 1483 his
800 1447 931 1483 Creuz.

276 1503 314 1539 in
339 1501 501 1550 Symbol.
533 1501 550 1538 I
579 1515 615 1552 p.
641 1503 734 1544 530.
763 1502 816 1550 ΙΙ,
849 1505 927 1543 661

277 1572 381 1608 seqq.
413 1560 493 1599 675
512 1571 588 1607 seq.
620 1559 681 1606 lV,
703 1561 783 1600 219
813 1572 931 1608 seqq,

277 1617 339 1665 qui
368 1628 465 1651 nuuc
491 1616 610 1652 addit:
640 1615 765 1665 Payne
790 1615 933 1664 Knight

275 1672 426 1722 Inquiry
454 1672 530 1708 into
564 1671 626 1710 the
663 1671 816 1721 symbol.
854 1671 934 1709 lan-

277 1741 387 1778 guag.
417 1740 503 1778 pag.
522 1729 588 1768 30.

334 1780 458 1835 λύχνα
500 1785 690 1830 καίουσι]
722 1779 770 1822 vo?
807 1778 934 1834 λύχνα

276 1846 406 1879 neutro
426 1854 562 1889 genere
589 1841 718 1878 Ionum
741 1854 761 1878 e
782 1854 935 1878 consue-

277 1898 406 1935 tudine
441 1898 512 1934 dici
550 1902 700 1935 monent
728 1901 868 1935 veteres
898 1901 936 1934 et

277 1954 497 1992 recentiores
521 1954 757 1991 Grammatici
789 1955 837 1990 ad
853 1953 886 1990 h.
908 1953 932 1991 l.

276 2031 334 2039 —-
351 2010 420 2047 Est
440 2014 559 2047 autem
587 2012 759 2060 frequens
780 2011 929 2047 omnino

277 2066 501 2103 lucernarum
528 2079 615 2103 usus
649 2067 685 2102 in
716 2067 825 2103 sacris
856 2066 931 2104 Ae-

278 2123 434 2172 gyptiis3
469 2122 504 2158 in
525 2122 660 2159 Saitico
685 2122 795 2160 hocce
813 2122 931 2159 Osiri-

279 2179 334 2215 dis
354 2179 446 2215 festo
465 2178 548 2215 ideo
568 2178 751 2215 adhibitae
778 2191 860 2216 esse
877 2178 931 2215 vi-

279 2235 433 2280 dentur,
465 2238 503 2270 ut
541 2235 631 2271 deus
671 2233 728 2271 ille
755 2238 930 2283 tanquam

279 2290 364 2327 solis
380 2289 549 2339 ignisque
575 2302 724 2340 praeses
744 2290 933 2328 coleretur.

279 2347 363 2391 Qua
384 2346 513 2384 eadem
534 2347 581 2383 de
611 2359 720 2383 causa
736 2347 931 2396 postmodo

278 2402 464 2453 Serapidis
487 2403 523 2438 in
535 2403 642 2439 sacris
653 2402 816 2440 lucernas
828 2416 932 2439 usur-

277 2464 385 2512 patas
411 2459 624 2496 invenimus.
682 2459 791 2495 Conf.
815 2459 932 2496 Creu-

278 2515 355 2553 zeri
375 2514 529 2564 Dionys.
548 2528 585 2565 p.
606 2515 699 2556 225.
757 2514 838 2552 Nec
854 2514 929 2552 Mi-

277 2584 413 2609 nervae
429 2584 504 2608 non
517 2572 735 2608 conveniunt
748 2570 928 2618 lucernae,

279 2628 416 2678 quippe
435 2640 529 2676 quae
548 2627 637 2664 lucis
662 2631 698 2665 et
716 2628 929 2677 purissimae

278 2684 424 2733 quidem
456 2687 511 2721 est
534 2684 604 2720 dea
629 2688 740 2732 atque
767 2697 928 2734 praeses,

279 2741 378 2785 Quin
395 2743 504 2778 etiam
524 2740 731 2777 meminisse
750 2739 849 2777 iuvat
875 2742 930 2778 lu-

278 2809 410 2834 cernae
430 2796 593 2845 magicae
619 2796 694 2833 sive
713 2798 932 2846 mundanae,

278 2865 374 2902 quae
419 2851 599 2890 Mercurio
644 2852 813 2889 tribuitur
827 2883 839 2901 ‚
889 2858 931 2891 ut

279 2909 401 2948 omnia
435 2909 631 2961 perspiciat
664 2910 850 2948 mundana
887 2923 931 2948 ac

996 1277 1182 1315 terrestria
1206 1290 1272 1315 nec
1306 1277 1504 1326 quidquam
1531 1276 1652 1326 ipsum

999 1333 1122 1371 lateat.
1180 1333 1289 1370 Plura
1323 1335 1524 1371 Creuzerus
1543 1333 1654 1382 Sym-

1000 1389 1071 1427 bol.
1093 1390 1109 1426 I
1133 1403 1217 1440 pag.
1241 1391 1333 1432 373.
1377 1389 1507 1437 Adde,
1535 1388 1652 1427 lucer-

998 1459 1126 1483 narum
1151 1447 1399 1484 accensionem
1432 1445 1469 1482 in
1494 1446 1652 1483 Iudaeo-

1000 1515 1077 1539 rum
1100 1503 1318 1552 quibusdam
1337 1503 1436 1540 sestis
1457 1502 1540 1539 hinc
1559 1515 1652 1551 quo-

1000 1572 1072 1608 que
1116 1559 1291 1607 originem
1333 1559 1475 1608 cepisse
1521 1559 1650 1606 videri,

1000 1622 1171 1652 monente
1179 1616 1352 1665 Spencer.
1372 1616 1419 1653 de
1433 1615 1650 1653 ritt.Hebrr.

1000 1672 1063 1718 lv,
1082 1675 1107 1713 6
1136 1686 1172 1722 p.
1199 1675 1304 1714 1121
1326 1684 1402 1721 seq.

1057 1723 1237 1779 ἐμβάφια
1271 1726 1416 1778 ἔμπλεα
1455 1723 1550 1774 onds·
1580 1724 1651 1766 καὶ

1001 1783 1158 1836 ἐλαίου]
1178 1785 1200 1821 i.
1218 1798 1249 1823 e.
1269 1784 1414 1822 vascula
1435 1784 1508 1821 sale
1526 1787 1559 1822 et
1581 1784 1652 1821 oleo

1000 1841 1144 1891 repleta.
1173 1841 1247 1879 Pro
1266 1838 1364 1889 ἁλός
1380 1840 1553 1878 Reiskius
1562 1853 1653 1878 con-

1001 1898 1136 1936 iecerat
1156 1896 1331 1946 στέατος,
1359 1902 1398 1934 ut
1420 1897 1526 1948 adeps
1544 1896 1651 1935 intel-

1000 1954 1191 2003 ligeretur,
1219 1968 1298 1992 cum
1319 1954 1373 1990 sal
1392 1953 1439 1990 ad
1460 1953 1649 2004 lampades

997 2010 1086 2047 nihil
1106 2011 1224 2048 saciat.
1274 2011 1351 2049 Sed
1378 2009 1494 2047 nullus
1517 2009 1651 2047 suffra-

998 2072 1106 2115 gatur
1125 2067 1239 2113 liber3
1261 2070 1298 2104 et
1315 2067 1465 2112 merito3
1482 2079 1567 2103 nam
1590 2077 1650 2102 sa·-

997 2123 1039 2160 lis
1057 2136 1162 2159 usum
1187 2124 1223 2159 iu
1246 2124 1412 2160 omnibus
1438 2124 1516 2160 fere
1537 2122 1649 2159 sacris
1714 2156 1715 2172 1

999 2179 1085 2216 satis
1106 2180 1290 2227 cognitum
1309 2179 1562 2216 habemus.-—
1580 2178 1652 2216 Se-
1714 2173 1715 2214 J

998 2235 1121 2285 quitur
1139 2236 1396 2285 Λυχνοκαΐη,
1425 2234 1564 2283 aliquot
1591 2247 1650 2272 se-

999 2291 1104 2327 rioris
1134 2292 1263 2328 aetatis
1293 2291 1527 2341 scriptoribus
1549 2303 1650 2328 com-

998 2352 1218 2394 memorata,
1255 2360 1346 2397 quos
1379 2348 1466 2384 citat
1499 2346 1652 2385 Wesse-

997 2403 1141 2452 lingius.

997 2462 1164 2497 accensio.
1221 2459 1272 2497 Et
1305 2464 1409 2497 notat
1431 2459 1650 2506 Larcherus,

994 2516 1164 2553 Sinarum
1191 2517 1228 2553 in
1256 2517 1360 2554 terris
1392 2516 1504 2553 simile
1531 2516 1650 2565 quod-
1708 2533 1709 2546 π

996 2573 1080 2609 dam
1103 2573 1254 2611 inveniri
1272 2574 1405 2611 festum
1417 2584 1650 2610 accensarum

995 2628 1231 2667 lucernarum.

1053 2681 1325 2735 φυλάσσοντες
1343 2679 1419 2735 τήν
1436 2678 1564 2722 νύκτα
1576 2684 1650 2734 τῆς

995 2740 1169 2793 θυσίης]
1199 2743 1222 2780 i.
1253 2756 1284 2782 e.
1325 2742 1542 2778 observantes
1574 2744 1648 2777 sta-

994 2802 1109 2836 tutam
1140 2799 1303 2837 sacrificii
1325 2801 1482 2835 noctem.
1540 2795 1650 2834 conf.

994 2854 1035 2903 Ῑ,
1064 2856 1132 2897 48.
1702 2888 1703 2894 ,

1055 2907 1145 2952 ὅτευ
1170 2908 1215 2952 δὲ
1238 2910 1372 2952 εἵνεκα
1400 2910 1489 2962 φῶς
1511 2905 1646 2961 ἔλαχε]
1701 2918 1703 2938 ³

1625 367 1719 415 ‘133
1740 399 1742 402 .

1200 2403 1262 2441 Tu
1280 2407 1399 2441 verte:
1429 2403 1650 2440 lucernarum
1710 2394 1711 2435 Ῐ
