1759 3324
375 240 459 281 752
778 235 1252 278 HERODOTI

41 363 322 423 ἷξηῗέᾈᾝιᾶἒίῗιιῐζ
376 347 442 393 λέϊ
468 347 674 405 γενέσθαι
703 347 899 404 ἀργύρου
929 347 1085 403 μέγαν,
1115 346 1194 390 τὸν
1224 344 1385 389 οὐδένα
1404 348 1494 389 τῶν
1514 343 1640 389 ὕστε-

41 428 215 456 condendae
230 436 320 464 pecu·

42 465 121 492 mae.
378 445 460 483 ρον
499 427 826 484 ἐπιτραφέντων
871 427 1087 483 βασιλέων
1136 424 1358 469 δύνασθαι
1399 423 1643 480 ὑπερβαλέ-

346 514 508 560 5σθαι,
539 505 641 550 οὐδ’
678 507 804 563 ἐγγύς
829 506 985 549 ἐλθεῖν.
1043 502 1318 561 βουλόμενον
1351 503 1397 547 δὲ
1430 501 1565 546 αὐτὸν
1595 503 1644 546 ἐν

377 587 598 644 ἅσῳαληΐῃ
628 587 680 628 τὰ
719 585 916 641 χρήματα
953 586 1258 640 θησαυρίζειν,
1308 580 1645 638 οἰκοδομέεσθαι

379 669 537 722 οἴκημα
568 667 764 708 λίθινον·
794 667 874 707 τοῦ
903 667 991 706 τῶν
1015 664 1173 718 τοίχων
1204 662 1281 706 ἕνα
1308 662 1350 713 ἐς
1380 664 1430 705 τὸ
1461 661 1538 714 ἔξω
1569 662 1643 717 μέν

346 755 454 801 ὅρος
482 749 557 800 τῆς
586 745 723 800 οἰκίης
751 743 875 798 ἔχειν.
919 741 998 784 τὸν
1039 742 1085 784 δὲ
1114 741 1421 797 ἐργαζόμενον,
1460 742 1640 798 ἐπιβου-

377 823 587 874 λεύοντα,
617 821 717 866 τάδε
749 824 1045 877 μηχανᾶσθαι·
1085 824 1174 863 τῶν
1202 821 1340 863 λίθων
1365 821 1642 875 παρασκευαὶ·
1654 824 1700 862 4ο

375 908 538 946 σασθαι
575 901 652 945 ἕνα
689 900 906 955 ἐξαιρετὸν
947 898 1059 944 εἶναι
1098 899 1145 942 ἐκ
1174 902 1256 942 τοῦ
1285 900 1434 954 τοίχου
1465 900 1644 956 ῥηϊδίως

347 982 453 1026 maz
481 979 569 1025 ὑπὸ
602 980 683 1025 δύο
717 980 892 1035 α’νδρῶν
920 979 994 1024 καὶ
1023 977 1112 1023 ὑπό
1145 975 1254 1029 ἑνός.
1296 976 1354 1029 ὥς
1383 978 1429 1022 δὲ
1457 978 1644 1023 ἐπετελέ-

377 1067 463 1117 σθη
503 1059 551 1104 τὸ
594 1062 783 1117 οἴκημα,
841 1059 918 1104 τὸν
955 1060 1033 1115 μὲν
1069 1056 1249 1115 βασιλέα
1281 1059 1552 1113 θησαυρίσαι
1588 1058 1643 1102 w?

349 1140 576 1197 8χρήματα
606 1139 653 1183 ἓν
683 1134 814 1197 αὐτῷ.
845 1137 1007 1195 χρόνου
1039 1137 1083 1181 δὲ
1113 1134 1381 1191 περιϊόντος,
1414 1137 1493 1181 τὸν
1522 1138 1643 1181 οἶκο-

378 1219 538 1276 δόμον,
588 1220 687 1275 περὶ
716 1218 918 1273 τελευτὴν
945 1221 1027 1261 τοῦ
1057 1218 1159 1273 βίου
1188 1215 1338 1268 ἐόντα,
1378 1214 1700 1260 ἆνακαλέσα-45

348 1305 486 1344 9σθαι
514 1297 617 1350 τοὺς
646 1300 830 1349 παῖδας·
862 1295 991 1349 (εἶναι
1023 1295 1107 1352 γάρ
1138 1292 1258 1354 αὐτῷ
1289 1295 1416 1351 δόθ’)
1445 1293 1643 1340 τούτοισι

378 1379 425 1424 δὲ
454 1377 786 1435 ἀπηγήσασθαι,
833 1375 892 1429 ὦς
922 1376 1098 1420 ἐκείνων
1141 1375 1371 1431 προορέων
1399 1374 1512 1428 ὅκως
1543 1377 1644 1432 βίον

378 1594 526 1639 ου’δένα
555 1601 634 1638 τῶν
665 1593 834 1648 ὕστερον
872 1595 976 1636 ἔπι-

319 1654 624 1708 τραφέντων
656 1652 863 1706 βασιλέων]
887 1652 974 1691 Noli

319 1714 439 1750 invitis
470 1712 568 1749 libris
597 1712 792 1750 emendare
822 1710 977 1760 ἐπιτρα-

321 1768 514 1819 φθέντων
542 1782 589 1806 sc.
607 1766 681 1818 τήν
701 1763 829 1818 οἷρχήν
845 1798 855 1815 ,
884 1771 925 1803 ut
946 1766 975 1812 I,

319 1829 371 1874 7,
401 1826 462 1863 ubi
485 1826 558 1862 vid.
588 1830 664 1862 not.
708 1825 806 1862 Nam
823 1823 976 1873 ἐπιτρα-

321 1881 478 1932 φέντων
522 1882 571 1930 (a
598 1883 710 1919 verbo
752 1879 976 1931 ε’πιτρέφω)

320 1940 418 1977 idem
437 1940 514 1976 fere
538 1942 595 1976 cst
622 1943 732 1986 atque
751 1934 977 1989 ἐπιγενομέ-

320 2011 404 2035 νων
423 1995 446 2031 i.
464 2008 497 2032 e.
515 1999 637 2045 postea
652 1998 814 2030 natorum
828 2023 838 2040 ‚
859 2005 977 2029 succe-

320 2052 486 2089 dentium.
517 2051 676 2089 Verbum
694 2048 977 2101 έπιτρέφεσθαι

322 2121 432 2157 supra
467 2108 540 2144 iam
573 2107 774 2144 invenimus
812 2106 850 2153 Ι,
881 2107 974 2146 123.

320 2164 417 2201 Add.
441 2163 504 2209 IV,
524 2164 561 2204 3.
574 2185 630 2190 -
648 2161 738 2199 Mox
758 2163 806 2199 ad
825 2162 976 2199 verbum

320 2220 580 2270 θησαυρίζειν
606 2220 730 2256 confer
765 2219 813 2255 ad
839 2218 892 2265 11,
920 2219 974 2258 86

321 2278 527 2326 disputat&
574 2272 879 2324 οἰκοδομέεσθαι
919 2277 975 2310 est

322 2331 581 2383 aedfficarzclum
601 2344 745 2378 curare,
782 2335 822 2367 ut
850 2333 974 2369 ποιεῖ-

323 2394 422 2429 σθαι
445 2401 556 2438 supra
575 2387 628 2434 ll,
650 2390 741 2428 100,

376 2447 449 2485 τοῦ
474 2446 555 2483 τῶν
585 2444 724 2494 τοίχων
765 2441 833 2482 ἕνα
863 2440 902 2488 ές
932 2438 975 2481 τὸ

321 2501 394 2550 ἔξω
418 2499 535 2553 μέρος
558 2502 630 2550 τῆς
657 2499 784 2549 οἰκίης
804 2496 918 2549 ἔχειν]
948 2498 971 2534 i.

321 2573 353 2597 e.
379 2560 515 2606 „cuius
534 2557 727 2605 (aedificii)
755 2567 858 2606 quum
882 2568 972 2591 unus

316 2618 438 2667 paries
462 2618 654 2651 extrorsum
679 2613 888 2663 spectaretf‘
918 2611 974 2647 lta

324 2671 710 2720 Schweighaeuseru53
733 2669 794 2706 ubi
813 2667 975 2716 neglexit

325 2730 436 2766 verba
465 2730 536 2777 τῆς
558 2726 707 2776 οἰκίης,
737 2738 830 2775 quae
849 2725 896 2761 ad
915 2737 973 2761 re-

325 2785 382 2834 gis
409 2785 539 2835 opinor
565 2783 737 2834 palatium
774 2781 972 2832 pertinent,

325 2842 386 2879 ubi
413 2845 592 2880 exstructa
620 2839 689 2878 fuit
723 2839 794 2876 ista
821 2849 972 2876 camera.

1042 1595 1244 1634 Larcherus
1262 1597 1401 1634 reddit:
1431 1596 1548 1644 „dont
1565 1608 1612 1632 un
1641 1594 1700 1632 cles

1043 1665 1138 1689 murs
1168 1654 1253 1689 e‘toz't
1279 1653 1356 1690 hors
1381 1652 1421 1690 de
1450 1653 1626 1690 l'encez‘nte
1650 1652 1699 1689 άιι

1037 1709 1208 1759 palais;“
1238 1710 1284 1746 ad
1304 1722 1451 1747 sensum
1469 1710 1567 1746 haud
1590 1709 1697 1747 male.

1043 1766 1240 1803 Recentior
1271 1766 1398 1803 Gallus
1428 1767 1631 1816 interpres,
1660 1766 1699 1802 in

1045 1823 1124 1859 aliis
1165 1824 1391 1870 accuratior,
1440 1823 1537 1860 hunc
1580 1822 1698 1859 locum

1044 1893 1191 1929 prorsus
1220 1872 1415 1928 neglexits
1457 1880 1540 1923 Quo
1570 1878 1698 1916 melius

1044 1936 1155 1972 Italus
1194 1935 1284 1972 haec
1320 1937 1576 1985 interpretatus
1622 1938 1697 1972 est:

1045 2013 1126 2039 „—
1140 1991 1194 2041 fe’
1220 1991 1383 2042 edzficare
1409 2005 1482 2028 una
1505 2004 1640 2028 camera
1660 1989 1700 2028 di

1039 2050 1179 2099 pietm,
1203 2048 1296 2085 della
1320 2047 1424 2098 quale
1445 2061 1515 2084 uno
1533 2047 1583 2084 ἅθ’
1605 2050 1700 2084 muri

1040 2104 1200 2154 nferivoe
1213 2105 1289 2142 alla
1310 2108 1420 2155 parta
1448 2108 1582 2141 esterna
1606 2104 1699 2141 della

1042 2163 1166 2199 casa.“
1193 2182 1251 2189 -
1282 2160 1383 2211 ἔχειν
1412 2160 1469 2207 εἴς
1495 2175 1532 2199 τι
1559 2160 1698 2198 inveni-

1042 2231 1121 2255 mus
1163 2217 1198 2265 Ι,
1229 2219 1319 2258 180.
1360 2219 1463 2264 191,
1505 2217 1570 2254 ubi
1603 2217 1698 2263 vid.;

1041 2271 1108 2313 τὸν
1141 2271 1183 2311 δὲ
1216 2268 1479 2324 ἐργαζόμενον
1518 2274 1556 2309 in
1593 2286 1696 2322 seqq.

1042 2329 1210 2378 intelligit
1245 2330 1436 2379 opificem,
1474 2330 1530 2366 cui
1566 2342 1696 2366 munus

1042 2386 1284 2423 exstruendae
1304 2398 1469 2423 camerae
1487 2398 1608 2435 arege
1628 2386 1698 2422 fuit

1041 2443 1316 2479 demandatum.
1383 2442 1552 2479 Eundem
1587 2441 1696 2492 paulo

1040 2499 1136 2535 infra
1176 2499 1260 2535 dicit
1298 2494 1604 2549 οἰκοδόμον,
1634 2511 1696 2535 ar-

1041 2555 1246 2598 chitectum3
1293 2555 1470 2591 vocabulo
1502 2555 1619 2605 probo
1659 2558 1697 2592 et

1040 2624 1233 2662 perperam
1275 2623 1298 2647 a
1338 2611 1591 2648 Grammaticis
1629 2611 1697 2648 da-

1040 2672 1175 2705 mnato.
1233 2667 1317 2704 Vid.
1339 2668 1510 2704 Creuzer.
1535 2668 1584 2703 ad
1610 2666 1696 2703 Plo-

1040 2725 1104 2761 tin.
1123 2737 1159 2774 p.
1177 2724 1269 2771 185,
1299 2724 1362 2772 qui
1381 2736 1478 2760 nunc
1497 2723 1601 2759 addit
1619 2722 1696 2759 Lo-

1040 2781 1144 2818 beck.
1167 2782 1215 2818 ad
1244 2779 1436 2829 Phrynich.
1457 2792 1495 2830 p.
1515 2778 1596 2820 487
1616 2792 1693 2829 seq.

1039 2837 1077 2874 in
1093 2841 1170 2875 not.
