1805 3315
373 240 430 280 90
792 237 1257 278 HERODOTI

369 349 457 391 τῶν
486 345 649 403 ἡλίκων
678 350 829 404 μακρῷ
859 346 911 389 τοὶ
941 345 1081 389 πάντα
1110 350 1303 401 πρῶτος·
1339 347 1508 402 οὔνομα
1539 347 1584 391 δέ
1621 349 1662 391 οἶ

347 422 427 484 4ἧν
457 427 599 478 ’Ἁτυςκ
661 430 818 471 τοῦτον
867 426 919 481 δὴ
968 421 1030 468 οἷν
1078 425 1154 468 τόν
1192 426 1325 471 ’Ἀτυν
1367 429 1563 484 σημαίνει
1601 433 1662 484 τῷ

371 507 548 563 Κροίσῳ
591 504 614 549 ὁ
661 504 851 560 ὄνειρος,
895 504 952 556 ὠς
990 504 1163 548 ἀπολέει
1200 521 1275 561 μιν
1319 508 1449 562 αἰχμῇ
1484 505 1708 561 σιδηρέῃὸο

348 584 596 642 5βληθέντα.
638 582 661 627 ὁ
701 585 746 628 δὲ
785 584 875 628 ἐπεί
912 601 955 628 τε
988 583 1209 640 ἐξεγέρθη,
1251 584 1325 628 καὶ
1355 584 1502 640 ἑωυτῷ
1531 583 1664 640 λόγον

369 663 528 714 ἔδωκε,
569 663 908 720 καταρρωδήσας
943 664 1019 709 τὸν
1059 662 1260 718 ὄνειρον,
1310 661 1456 718 ἄγεται
1495 663 1574 718 μὲν
1601 666 1663 719 τῷ

369 743 493 785 παιδὶ
522 747 729 797 γυναῖκα·
771 743 940 786 ἐωθότα
981 743 1024 786 δὲ
1056 742 1328 799 στρατηγέειν
1357 759 1431 797 μιν
1461 745 1549 784 τῶν
1578 745 1661 784 Λυ-

370 821 483 871 δῶν,
535 817 706 876 οὐδαμῆ
756 821 816 864 ἔτι
867 821 936 863 ἐπὶ
980 826 1157 865 τοιοῦτο
1205 824 1382 877 πρῆγμα
1432 820 1634 876 ἐξέπεμπε
1650 830 1706 864 ’55

369 895 551 941 ἀκόντια
581 899 627 942 δὲ
655 899 728 942 καὶ
759 899 961 955 δοράτια,
995 900 1066 942 καὶ
1096 899 1149 943 τὰ
1177 905 1360 944 τοιαῦτα
1381 900 1521 943 πάντα
1547 903 1662 943 τοῖσι

367 976 569 1032 χρέονται
599 976 640 1029 ἐς
668 975 858 1034 πόλεμον
889 975 1142 1033 ἅνθρωποι,
1184 978 1230 1022 ἐκ
1267 983 1355 1022 τῶν
1396 977 1661 1033 ἀνδρεώνων

367 1055 619 1112 ἐκκομίσας,
673 1056 715 1107 ἐς
751 1055 857 1109 τούς
893 1055 1123 1113 θαλάμους
1162 1057 1392 1113 συνένησε,
1439 1057 1497 1114 μή
1535 1074 1577 1101 τι
1617 1058 1661 1100 οἱ

380 1219 434 1268 οἷς
460 1216 621 1261 α’πολέει
642 1222 726 1274 μιν]
756 1222 814 1261 Ad
827 1225 980 1261 somnam

322 1279 432 1317 futuri
452 1274 611 1318 ἀπολέει
624 1279 690 1317 Cr.
711 1281 851 1318 confert
870 1280 980 1318 Mait-

322 1336 413 1372 taire
454 1336 501 1372 de
540 1335 695 1373 dialectt.
734 1350 772 1388 p.
805 1339 884 1378 160
921 1337 977 1375 ed.

321 1391 441 1428 Sturz.
499 1392 560 1429 Sic
580 1392 673 1429 infra
691 1392 726 1441 I,
755 1394 809 1433 38
842 1394 978 1443 κερδα-

322 1462 346 1486 ν
359 1445 405 1486 έε
419 1462 432 1486 ι
445 1463 475 1494 ς.
530 1448 562 1485 F
566 1453 708 1486 uturum
728 1449 912 1486 indicativi
940 1450 977 1486 in

323 1505 489 1542 oratione
506 1504 675 1554 obliqua,
703 1507 919 1555 praesertim
942 1507 979 1542 in

323 1561 638 1598 vaticinationibus
659 1562 748 1598 satis
770 1566 909 1610 notum,
941 1567 979 1599 ut

323 1629 434 1666 supra
451 1617 491 1664 Ι,
513 1619 563 1657 13
586 1623 652 1654 etc.
682 1617 844 1655 Notatur
863 1631 978 1668 prae-

321 1677 424 1710 terea
455 1674 627 1710 orationis
658 1675 839 1722 quaedam
863 1675 978 1711 abun-

322 1729 448 1766 dantia
476 1729 514 1765 in
542 1743 608 1777 eo,
639 1731 739 1780 quod
760 1745 829 1780 μιν
855 1731 977 1768 adiici-

321 1790 380 1822 tur
418 1798 623 1836 pronomen
637 1815 648 1833 ,
693 1786 776 1824 licet
814 1788 977 1837 proxime

322 1843 558 1879 antecesserit
587 1844 730 1881 τοῦτον
759 1840 975 1882 τὸν”Ατυν.

320 1897 404 1935 Vid.
424 1897 555 1935 Matth.
586 1897 622 1949 ἓ.
644 1898 727 1940 472
752 1913 789 1949 p.
812 1902 864 1941 87
871 1903 904 1941 7.
936 1900 978 1937 111

321 1967 426 2002 seqq.
480 1955 660 1992 editiones
707 1956 848 2005 priores
882 1957 977 1994 niale

321 2006 644 2061 κατορῤωδήσας,
658 2024 736 2048 cum
748 2018 918 2050 constans
930 2014 977 2049 sit

320 2066 502 2103 Herodoti
543 2068 720 2117 scriptura
749 2083 830 2106 κατ
844 2069 976 2120 αρῥω-

322 2117 374 2172 δή
380 2134 449 2168 σας
461 2152 471 2169 ,
493 2123 563 2160 hoc
580 2136 726 2171 quoque
742 2123 821 2162 loco
838 2125 977 2174 aliquot

322 2178 420 2215 libris
443 2180 597 2216 firmata.
626 2178 687 2215 Ad
713 2182 849 2218 verba:
881 2180 975 2220 ἕωυ-

320 2237 377 2288 τῷ
410 2231 530 2287 λόγον
563 2233 683 2274 ἔδωκε
714 2236 802 2284 (rem
822 2237 974 2286 diligen-

322 2293 393 2328 tius
405 2290 609 2341 reputabat)
631 2291 696 2329 Cr.
717 2292 841 2329 laudat
859 2293 975 2331 Hein-

320 2349 413 2384 dorf.
436 2349 484 2384 ad
503 2347 665 2384 Platonis
685 2348 846 2399 Sophist.
870 2348 906 2400 ᾗ.
920 2350 974 2390 34

321 2417 358 2454 p.
380 2405 474 2445 320.
505 2404 612 2441 Cous.
626 2405 674 2440 ad
685 2404 732 2452 ΙΙ,
755 2407 973 2446 162notatt.

377 2479 554 2534 ἄγεται
585 2479 656 2532 μὲν
682 2485 739 2535 τῷ
770 2482 883 2522 παιδὶ
905 2499 969 2535 yv-

321 2541 463 2583 ναῖκα]
506 2536 675 2590 ἄγεσθαι
705 2540 742 2576 in
773 2541 892 2577 medio
923 2541 969 2577 ‹le

321 2599 426 2645 patre
456 2593 528 2631 filio
563 2608 711 2632 uxorem
744 2595 908 2633 elocante
933 2597 969 2632 in

321 2652 436 2700 ipsius
455 2651 566 2688 aedes
594 2652 697 2699 quasi
721 2652 969 2689 abducendam

322 2707 574 2744 illustravimus
595 2708 642 2743 ad
660 2708 807 2745 Ctesiae
816 2708 969 2745 Persice.

324 2762 361 2814 ἓ.
384 2766 411 2804 2
429 2776 464 2813 p.
487 2767 542 2805 92
563 2776 639 2812 seq.

378 2833 482 2869 τοῖσι
520 2828 698 2882 χρέονται
726 2829 765 2877 ἐς
799 2825 974 2881 πόλεμον

329 2885 368 2926 οἵ
396 2884 630 2939 ἅνθρωποι]
671 2885 847 2938 χρέονται
875 2889 975 2938 quod

1048 1223 1170 1274 plures
1184 1223 1265 1261 libri
1274 1224 1453 1271 ferebant,
1473 1236 1552 1260 cum
1559 1223 1702 1273 Schwg.

1050 1286 1085 1317 et
1108 1281 1226 1317 Gaisf.
1246 1281 1403 1330 reposui.
1457 1280 1594 1329 Vulgo,
1616 1279 1704 1331 χρέ-

1050 1351 1190 1386 ωνται,
1220 1338 1319 1386 quod
1336 1336 1515 1374 Matthiae
1547 1335 1704 1385 reliquit,

1048 1394 1109 1442 qui
1129 1394 1165 1430 in
1196 1392 1414 1430 Grammatt.
1444 1391 1480 1443 ἓ.
1507 1395 1557 1432 11
1590 1406 1627 1442 p.
1648 1393 1701 1434 51

1047 1449 1198 1499 reperiri
1217 1454 1330 1497 negat
1347 1447 1527 1500 χρέονται
1546 1453 1582 1485 et
1593 1445 1702 1500 χρεό-

1047 1520 1186 1556 μενος,
1219 1505 1300 1542 licet
1319 1506 1523 1555 reperiatur
1540 1504 1700 1557 χρέεται.

1045 1562 1121 1599 Sed
1143 1563 1212 1599 xid.
1236 1561 1329 1597 infra
1348 1561 1377 1608 I,
1400 1564 1450 1602 71
1476 1560 1649 1612 διαχρέο
1662 1577 1699 1599 ν-

1046 1633 1118 1656 ται.
1158 1618 1212 1655 Ac
1232 1623 1318 1667 post
1338 1618 1410 1653 vidi
1430 1617 1475 1654 ab
1498 1617 1580 1667 ipso
1600 1617 1700 1654 Mat-

1045 1675 1142 1712 thiae
1166 1688 1203 1724 p.
1227 1674 1310 1715 512
1346 1674 1554 1721 retractari,
1601 1675 1701 1725 quod

1046 1731 1130 1768 olim
1152 1734 1339 1768 statuerat.

1092 1808 1134 1848 ἐκ
1155 1810 1236 1847 τῶν
1264 1803 1504 1859 ἅνδρεώνων
1537 1807 1699 1859 ἐκκομί-

1047 1868 1139 1913 σας]
1173 1866 1285 1909 Quod
1309 1865 1472 1903 Homero
1488 1866 1698 1916 simpliciter

1046 1927 1104 1960 est
1127 1917 1331 1972 θάλαμος,
1362 1923 1400 1959 id
1427 1921 1622 1959 Herodoto
1643 1923 1699 1959 di-

1045 1979 1134 2016 citur
1159 1973 1341 2030 α’νδρεαῖν
1378 1979 1534 2015 virorum
1564 1978 1699 2017 scilicet

1044 2035 1232 2083 conclave,
1266 2035 1302 2072 in
1330 2047 1403 2083 quo
1427 2034 1499 2072 tela
1525 2047 1698 2084 armaque

1044 2092 1206 2142 reposita
1235 2093 1389 2128 fuerunt.
1445 2090 1594 2128 Laudat
1622 2091 1653 2129 C
1666 2105 1695 2128 r.

1043 2148 1343 2196 Homeriodyss.
1360 2147 1464 2194 XXI,
1482 2150 1520 2188 7.
1544 2148 1694 2197 11ibiq.

1043 2204 1208 2240 Eustath.
1240 2217 1277 2254 p.
1302 2203 1407 2250 744,
1427 2205 1480 2244 28
1501 2217 1628 2253 seqq.·⁷
1659 2209 1696 2242 et

1043 2261 1092 2297 ad
1119 2260 1186 2296 Ul
1224 2274 1260 2311 p.
1280 2260 1361 2301 275
1386 2260 1480 2296 infra
1505 2261 1552 2297 de
1579 2261 1695 2297 forma

1045 2311 1238 2366 α’νδρεών.
1296 2316 1408 2352 Haud
1427 2316 1501 2352 scio
1515 2345 1526 2363 ‚
1555 2329 1604 2352 an
1625 2316 1694 2353 huc

1043 2376 1184 2421 spectet
1203 2373 1466 2408 Grammaticus
1489 2372 1695 2409 inBeJ-sseri

1043 2428 1206 2465 Anecdd.
1232 2428 1248 2464 Ι
1278 2441 1314 2478 p.
1335 2429 1401 2475 81,
1426 2430 1470 2467 6:
1508 2424 1690 2476 ἄνδρίόν·

1043 2483 1108 2522 ἐπὶ
1129 2486 1200 2522 τοῦ
1220 2479 1391 2534 μεγάλου
1414 2482 1545 2522 οἰ’κου”
1585 2480 1692 2535 Ἡρό-

1039 2541 1152 2586 &utos
1185 2536 1339 2591 πρώτῳ.

1094 2606 1133 2654 ἐς
1166 2603 1257 2653 τούς
1284 2603 1493 2657 θαλάμους
1519 2606 1689 2657 συνένη-

1039 2662 1103 2713 σε]
1137 2662 1287 2702 συννέω
1309 2663 1363 2701 vel
1382 2664 1502 2713 potius
1528 2660 1690 2714 συννήω

1039 2726 1078 2756 ut
1096 2717 1194 2765 νέω,
1223 2716 1307 2769 νήω
1329 2721 1459 2756 usitata
1479 2724 1563 2756 sunt
1582 2733 1691 2770 prae-

1039 2777 1144 2825 cipue
1169 2775 1216 2812 de
1233 2790 1323 2824 rogo
1342 2776 1546 2824 colligendo
1569 2781 1605 2813 et
1628 2790 1690 2814 ex-

1042 2832 1234 2878 struend03
1272 2838 1313 2868 ut
1340 2832 1382 2879 l,
1411 2835 1478 2874 86.
1521 2833 1575 2874 50
1601 2832 1689 2882 ibiq.

1044 2887 1198 2926 Wessel.
1221 2888 1298 2926 coll.
1312 2888 1443 2926 Creuz.
1457 2890 1494 2925 in
1522 2889 1688 2938 fragmm.
