1759 3324
323 276 410 318 416

717 271 1186 315 HER'ODOTI

296 385 516 442 5χωρίον·
567 383 616 428 ἐν
645 378 681 443 ᾧ
710 382 950 439 ἐπίμπλατο
979 388 1111 428 τοῦτο
1129 417 1141 437 ,
1189 385 1236 428 ἐν
1264 383 1404 442 τούτῳ
1434 381 1583 441 ἆπεξη-
1595 391 1641 426 70

325 463 547 521 ρασμέτου
575 467 658 508 τοῦ
686 461 871 520 ἀρχαίου
900 464 1109 520 ῥεέθρου,
1139 467 1269 507 τοῦτο
1300 463 1397 518 μὲν,
1428 462 1482 506 τὰ
1500 465 1585 519 χεί-

325 548 402 588 λεα
428 546 509 588 τοῦ
538 547 740 599 ποταμοῦ
775 543 885 588 κατὰ
923 543 1002 599 τὴν
1032 543 1162 586 πόλιν
1191 543 1266 586 καὶ
1294 542 1369 593 τὰς
1398 543 1584 599 καταβά-

328 635 443 674 σιας,
472 621 549 673 τοὶς
578 623 624 665 ἐκ
652 626 742 664 τῶν
771 624 967 666 πυλίδων
1006 621 1049 673 ἐς
1082 621 1160 665 τὸν
1197 621 1395 677 ποταμὸν
1424 621 1586 678 φερού-

329 714 427 753 σας,
459 698 777 756 ἀνοικοδόμησε
805 701 1029 743 πλίνθοισι
1057 699 1233 758 ὀπτῇσι,
1263 701 1373 744 κατὰ
1401 700 1481 745 τὸν
1505 699 1587 745 αὐ-

327 781 407 825 τόν
436 779 569 835 λόγον
596 782 657 837 τῷ
695 779 840 834 τείχεϊ·

899 782 1031 822 τοῦτο
1071 780 1139 832 δὲ,
1187 779 1295 823 κατὰ
1331 780 1466 837 μέσην
1502 797 1587 824 κου

329 858 514 916 μάλιστα
551 856 631 913 τήν
666 856 816 909 πόλιν,
861 861 974 900 τοῖσι
1009 859 1195 909 λίθοισι,
1238 859 1341 909 τούς
1380 858 1644 914 ὦρύξατο,75

332 935 558 993 οἰκοδόμεε
586 937 812 992 γέφυραν,
846 935 1008 979 δέουσα
1036 934 1138 986 τοὺς
1170 937 1326 987 λίθους
1355 936 1516 995 σιδήρῳ
1545 955 1590 982 τε
1647 941 1701 981 88

303 1017 410 1061 ὁκαὶ
440 1017 648 1072 μολίβδῳ.
707 1014 963 1058 ἐπιτείνεσκε
994 1014 1039 1057 δὲ
1068 1012 1139 1056 ἐπ’
1171 1012 1329 1070 αὐτὴν,
1373 1014 1487 1066 ὅκως
1514 1016 1593 1072 μὲν

331 1095 470 1154 ἡμέρη
499 1094 694 1151 γένοιτο,
746 1091 854 1146 ξύλα
882 1091 1151 1148 τετράγωνα,
1202 1091 1274 1136 ἐπ’
1307 1089 1369 1136 ὦν
1396 1094 1476 1150 τὴν
1502 1093 1593 1139 διά-

333 1180 461 1234 βασιν
489 1174 712 1218 ἐποιεῦντο
744 1175 787 1216 οἱ
815 1171 1113 1229 Βαβυλώνιοι·
1162 1173 1239 1224 τάς
1276 1173 1322 1216 δὲ
1349 1171 1510 1226 νύκτας
1540 1173 1593 1218 τοὶ

336 1255 443 1310 ξύλα
470 1258 610 1298 ταῦτα
641 1251 949 1307 ἀπαιρέεσκον,
979 1253 1109 1294 τοῦδε
1139 1253 1299 1303 εἵνεκα,
1331 1254 1405 1295 ἵνα
1426 1251 1484 1309 μὴ
1505 1255 1593 1296 δια-
1606 1261 1651 1294 80

306 1333 590 1392 7φοιτέοντες
619 1332 692 1384 τὰς
721 1332 883 1382 νύκτας
910 1331 1131 1374 κλέπτοιεν
1159 1329 1265 1384 παρ’
1297 1330 1504 1388 ἀλλήλων.
1535 1331 1593 1384 ὥς

337 1414 384 1459 δὲ
410 1413 460 1458 τό
489 1429 534 1457 τε
563 1410 754 1469 ὀρυχθὲν
793 1412 920 1468 λίμνη
957 1408 1122 1467 πλήρης
1160 1409 1350 1466 ἐγεγόνεε
1390 1410 1596 1476 ὑπὸ-τοῦ

339 1633 382 1675 ἐν
402 1628 435 1689 ᾦ
451 1629 693 1684 ἐπίμπλατο]
724 1630 861 1681 Recepi
885 1623 931 1684 ᾦ,

283 1693 384 1742 quod
402 1690 546 1742 plurimi
571 1693 607 1727 et
624 1688 751 1738 optimi
767 1688 934 1725 serebant

283 1749 386 1796 libri,
410 1750 611 1785 commotus
631 1745 739 1782 etiam
765 1744 810 1780 iis
830 1743 931 1790 locis,

284 1818 377 1855 quos
415 1805 546 1841 Struve
591 1800 730 1847 attulit,
766 1799 933 1837 laudatus

285 1874 396 1913 supra
411 1861 460 1898 ad
477 1860 514 1907 Ι,
535 1856 637 1905 164,
665 1857 726 1894 ubi
745 1856 816 1893 vid.
847 1855 936 1892 Vul-

286 1932 335 1967 go
357 1920 475 1955 exstat
505 1914 548 1955 ἐν
575 1916 655 1968 τῷ,
695 1913 796 1963 quod
822 1912 934 1949 Gais-

283 1974 426 2012 fordius
446 1971 605 2010 retinuit.

343 2029 386 2069 ἐν
422 2023 550 2081 τούτῳ
588 2021 935 2076 ἀπεξηρασμένου]

287 2081 613 2137 ἀπεξηρασμένου
629 2111 640 2130 ,
689 2081 787 2131 quod
833 2080 938 2116 unice

287 2154 413 2180 verum
456 2140 652 2186 habemm,
717 2149 812 2173 nune
864 2135 938 2172 bini

288 2197 468 2250 praebent
497 2195 589 2232 libri.
644 2192 767 2241 Vulgo
793 2187 938 2241 ἀπεξη-

290 2251 487 2305 ραμένου,
515 2249 683 2299 neglecta
700 2248 802 2286 litera
826 2251 868 2294 ὃ,
899 2248 936 2283 in

287 2310 346 2348 his
366 2308 453 2346 addi
475 2306 582 2344 solita
609 2305 725 2354 (conf.
754 2304 793 2351 I,
823 2304 938 2352 130),

289 2371 353 2404 aut
378 2359 707 2414 οἷποξηραμένου,
747 2361 847 2410 quod
876 2359 938 2408 qui

289 2421 439 2460 Ionismi
463 2420 606 2457 ratione
638 2417 731 2454 tueri
771 2416 936 2463 voluerit,

290 2478 420 2516 merito
449 2477 487 2513 in
509 2473 721 2512 Buttmanni
742 2473 847 2511 cadet
881 2485 939 2510 re-

291 2532 570 2586 prehensionem
596 2530 635 2566 in
677 2530 838 2566 Gramm.
873 2529 938 2564 Gr.

291 2590 420 2629 maiori
441 2589 558 2638 Ipag.
570 2586 652 2627 325
669 2586 804 2622 not.**.
832 2584 941 2621 Conf.

292 2646 386 2693 VII,
409 2646 500 2687 109.
519 2664 574 2672 —
592 2642 634 2679 In
655 2655 760 2691 seqq.
782 2636 939 2680 οἷνοικο-

294 2702 433 2752 ὃομεῒν
462 2700 532 2739 erit
549 2698 777 2749 simpliciter:
807 2709 942 2735 murum

295 2759 455 2804 educere,
485 2759 679 2802 exstruere,
706 2767 781 2791 non
806 2754 940 2790 obstru-

296 2828 350 2854 ere
363 2811 603 2863 aedificando,
633 2816 673 2848 ut
692 2812 785 2848 bene
805 2810 944 2847 monuit

295 2870 518 2918 wesseling.
575 2867 829 2916 Intelliguntur
850 2866 945 2903 enim

298 2940 423 2980 opera,
438 2938 534 2977 quae
550 2928 676 2962 nostra
691 2927 809 2961 aetate
820 2922 945 2959 dicun-

997 1634 1075 1667 tur:
1106 1629 1256 1678 Quai’s‚
1278 1628 1408 1667 BIolo's
1428 1642 1460 1666 S.
1477 1627 1652 1666 Schlach-

999 1690 1068 1723 ten.
1107 1688 1216 1724 Conf.
1240 1687 1401 1724 Heeren.
1422 1685 1537 1723 Ideen
1565 1685 1603 1734 I,
1625 1690 1653 1728 2

998 1755 1085 1795 pag.
1108 1743 1201 1784 140.

1058 1797 1262 1839 ἐποιεῦντο
1299 1797 1352 1838 οἳ
1379 1794 1653 1850 Βαβυλώνιοι]

1001 1855 1121 1904 Vulgo
1141 1856 1255 1893 edunt
1269 1853 1342 1902 τοὶ,
1373 1856 1473 1904 quod
1489 1855 1558 1893 hoc
1573 1855 1655 1905 ipso

1003 1924 1047 1950 ex
1073 1911 1153 1948 loco
1183 1911 1309 1948 laudat
1332 1910 1463 1947 Matth.
1500 1911 1566 1948 Gr.
1587 1911 1654 1948 Gr.

1002 1980 1089 2018 pag.
1113 1969 1204 2008 139.
1264 1967 1388 2010 Quum
1414 1979 1500 2004 vero
1530 1979 1656 2004 omnes

1004 2023 1085 2060 libri
1109 2023 1311 2072 praebeant
1339 2022 1380 2061 οἱ
1402 2022 1658 2072 insolitamque

1003 2079 1195 2116 Herodoto
1212 2079 1363 2116 formam
1374 2083 1561 2128 respuant,
1575 2092 1656 2116 cum

1004 2139 1152 2172 recentt.
1193 2135 1294 2172 editt.
1341 2135 1571 2185 reposuimus
1603 2134 1655 2174 οἵ.

1003 2191 1037 2227 V
1039 2191 1088 2228 id.
1127 2191 1262 2227 Struvii
1307 2190 1466 2241 Specim.
1505 2190 1658 2234 Quaest.

1003 2247 1143 2285 Herod.
1173 2260 1210 2297 p.
1245 2249 1297 2288 10
1327 2251 1404 2284 not.
1427 2249 1481 2289 12
1511 2251 1657 2284 not.—

1002 2303 1046 2340 In
1084 2316 1188 2352 seqq.
1231 2302 1312 2340 libri
1341 2315 1454 2353 prave
1487 2302 1658 2341 exhibent

1003 2354 1263 2407 α’παίρεσκον,
1284 2372 1306 2396 a
1323 2354 1568 2408 Wesselingio
1584 2359 1658 2397 iam

1003 2420 1177 2453 mutatum
1206 2416 1245 2452 in
1267 2410 1546 2467 ἀπαιρέεσκον,
1575 2427 1658 2452 cum

1003 2471 1209 2509 huiusmodi
1229 2471 1414 2509 literarum
1441 2471 1656 2509 omissiones

1005 2527 1105 2565 haud
1127 2540 1209 2565 raro
1227 2528 1466 2565 inveniantur.

1065 2582 1118 2630 ὥς
1147 2581 1189 2623 δὲ
1216 2578 1262 2623 τό
1289 2597 1330 2622 τε
1349 2579 1519 2634 ὀρυχθὲν
1535 2582 1656 2635 λίμνη

1007 2636 1162 2691 πλήρης
1177 2655 1212 2678 κ.
1229 2654 1260 2678 τ.
1284 2642 1334 2686 λ.]
1371 2639 1541 2676 Pauwius
1571 2639 1656 2677 olim

1007 2696 1184 2734 maluerat
1216 2696 1336 2750 λίμνῃ
1366 2697 1534 2746 πλῆρες,·
1582 2708 1656 2744 quo

1008 2753 1154 2790 minime
1183 2764 1297 2802 opus,
1335 2764 1414 2788 cum
1440 2752 1557 2788 iustus
1576 2763 1659 2790 ver-

1009 2810 1137 2846 borum
1163 2807 1210 2844 sit
1231 2808 1342 2845 ordo:
1374 2804 1545 2853 ὦς-τό
1568 2802 1658 2859 ὄρυ-

1011 2862 1110 2916 χθὲν
1138 2859 1310 2915 ἐγεγόνεε
1341 2863 1460 2914 λίμνη
1487 2858 1656 2914 πλήρης.

1011 2921 1055 2959 In
1086 2932 1190 2970 seqq.
1224 2919 1335 2956 libros
1377 2919 1491 2957 secuti
1521 2931 1658 2967 sumuS,
