1759 3324
529 253 951 292 EUTERPE.
1008 253 1053 290 11.
1329 256 1414 295 629

145 365 197 408 τιέ
227 364 383 421 κτήνεα
409 362 584 406 ποιέειν.
645 355 767 403 οὗτοι
802 361 882 416 μέν
923 378 1009 404 νυν
1045 364 1228 404 τοιαῦτα
1267 362 1410 406 ἐπιλέ-

116 451 312 498 7γοντες,
341 445 512 484 ποιεῦσι
540 439 636 494 ἐμοί
666 456 713 494 γε
745 438 825 482 οὐκ
866 438 1037 493 ἀρεστά.
1097 439 1334 496 Αἰγύπτιοι
1364 442 1410 485 δὲ

141 520 435 577 θρησκεύουσι
464 522 678 572 περισσῶς
707 517 759 561 τά
787 536 831 562 τε
861 518 971 562 ἄλλα
1001 520 1098 574 περὶ
1128 518 1180 562 τά
1212 518 1298 574 ἱροὶ,
1332 520 1406 564 καὶ
1421 527 1463 562 75

141 599 194 654 δὴ
224 599 298 642 καὶ
327 598 442 640 τάδε.

1459 682 1631 712 Bestiarum
1642 686 1739 714 cultus

1457 718 1536 756 apuu
1557 720 1717 754 Aegyptios
1729 731 1737 747 ι

1457 759 1538 777 necis
1550 760 1654 780 earum
1667 762 1737 789 poe-

1456 793 1493 812 na
1513 793 1601 814 mors-

17 678 82 723 65
245 675 404 720 Ἑοῦσα
445 677 490 720 δὲ
528 679 749 732 Αἴγυπτος
786 679 981 734 ὅμουρος
1027 681 1081 734 τῇ
1121 676 1291 733 Λιβύῃ,
1345 676 1400 721 οὕ

109 755 256 812 Ξμάλα
283 755 504 813 θηριώδης
529 757 628 800 ἐστι’.
686 757 739 800 τὰ
773 757 817 801 δὲ
855 757 982 800 ἐόντα
1013 769 1091 812 σφι
1122 756 1294 800 ἅπαντα
1324 757 1397 811 ἵρά

138 836 415 892 νενόμισται·
471 837 543 879 καὶ
581 835 634 878 to}
673 837 770 892 μὲν,
830 837 1059 892 σύντροφα
1091 834 1262 879 αὐτοῖσι
1292 842 1405 880 τοῖσι

107 914 437 972 Βάνθρώποισι·
468 916 521 959 τοὲ
552 916 618 968 δὲ,
650 915 716 959 οὔ.
766 920 852 959 τῶν
885 916 929 960 δὲ
961 917 1124 959 εἵνεκεν
1155 914 1321 959 ἀνεῖται
1350 915 1403 959 τοὶ

803 1099 897 1137 male
925 1100 1091 1150 posuisse
1127 1098 1272 1136 ridetur
1302 1098 1458 1137 Iomard.

137 1096 352 1153 Αἰγύπτιοι
382 1099 424 1140 δὲ
462 1095 736 1153 θρησκεύουσι

806 1157 872 1193 sub
893 1156 988 1193 cultu
1007 1155 1202 1192 bestiarum
1215 1155 1363 1193 latuisse
1375 1169 1459 1193 cau-

80 1161 278 1208 περισσῶς
305 1173 339 1196 κ.
370 1174 401 1196 τ.
431 1161 478 1204 L]
515 1158 573 1195 De
602 1158 735 1196 bestia-

79 1229 157 1252 rum
177 1214 272 1251 cultu
294 1216 391 1264 apud
412 1214 614 1264 Aegyptios
647 1227 734 1251 con-

80 1271 218 1309 sulatur
238 1271 390 1308 Diodor.
410 1270 437 1317 I,
459 1273 533 1317 83,
553 1270 731 1307 Plutarch.

79 1330 127 1365 de
149 1328 194 1364 Is.
217 1332 253 1364 et
271 1328 366 1364 Osir.
390 1329 522 1376 p.379
546 1327 731 1375 seq.,qui-

79 1386 147 1421 bus
167 1384 251 1420 add.
271 1383 405 1420 Rhoer.
427 1384 474 1419 ad
495 1383 731 1432 l‘‹›1·phy1·.‹le

77 1441 208 1477 abstin.
237 1439 309 1487 Ill,
341 1442 392 1480 16
428 1453 465 1489 p.
488 1442 582 1481 250.
622 1439 686 1486 lv,
705 1441 730 1480 9

76 1509 163 1548 pag.
193 1499 286 1537 322.
344 1495 425 1533 Nec
456 1497 648 1533 defuerunt
674 1508 732 1532 re-

78 1553 227 1590 centiori
258 1556 398 1599 aetate,
430 1553 492 1601 qui
520 1552 588 1589 hac
616 1552 661 1589 de
692 1565 732 1588 re

77 1609 242 1659 pluribus
271 1613 495 1656 quaererent.
561 1608 731 1656 Namque

79 1664 156 1702 sola
178 1664 330 1701 utilitate
349 1678 369 1701 e
392 1665 514 1701 bestiis
539 1665 729 1714 capienda,

78 1725 141 1758 aut
161 1721 309 1764 timore,
338 1733 410 1769 quo
440 1721 624 1757 hominum
652 1721 729 1757 ani-

77 1790 158 1814 mos
181 1777 359 1824 afficiunt,
381 1777 582 1827 Aegyptios
598 1778 644 1813 ad
665 1777 729 1814 be-

78 1834 228 1870 stiarum
247 1832 378 1869 cultum
397 1847 477 1870 esse
500 1834 625 1870 ductos
644 1846 726 1870 cum

76 1890 225 1926 minime
262 1889 307 1925 sit
334 1889 526 1937 credibile,
567 1889 635 1926 alia
667 1903 725 1926 se-

77 1946 208 1983 ctanda
236 1950 318 1982 sunt
344 1946 459 1993 magis
488 1947 674 1982 recondita
705 1958 726 1982 e

75 2001 250 2038 subtiliori
285 2003 512 2038 sacerdotum
562 2001 728 2039 doctrina.

76 2071 192 2106 eaque
217 2071 378 2106 congrua
409 2058 513 2095 simul
543 2072 624 2095 cum
665 2071 725 2094 ru-

75 2116 173 2151 dium
219 2114 402 2150 hominum
439 2113 580 2161 indole,
633 2127 724 2163 qnos

77 2172 270 2208 etiamnum
298 2184 364 2220 per
391 2170 532 2208 Africae
553 2171 722 2219 regiones

74 2227 195 2264 bestiis
209 2227 346 2264 divinos
362 2227 518 2264 honores
539 2227 724 2277 impertire

75 2284 250 2320 novimus.
308 2283 388 2320 Nec
415 2284 542 2320 mirum
570 2284 639 2320 hoc
668 2284 722 2320 vi-

76 2339 153 2376 deri
172 2340 280 2377 debet
297 2341 352 2386 ei,
371 2340 433 2389 qui
457 2341 573 2389 ipsam
597 2340 722 2376 huma-

76 2407 160 2431 nam
191 2402 354 2433 naturam
386 2397 617 2446 omniumque
645 2397 723 2433 ani-

76 2450 218 2487 malium
241 2452 350 2488 vitam
379 2453 576 2489 accuratius
605 2453 725 2490 eonsi-

78 2507 256 2544 deraverit
287 2509 397 2557 inque
437 2509 565 2546 bestiis
605 2510 724 2559 magis

78 2563 170 2600 adeo
201 2576 307 2612 quani
335 2565 372 2601 in
401 2565 605 2602 hominibus
627 2579 725 2603 com-

76 2631 220 2655 munem
241 2625 389 2658 naturae
415 2621 486 2657 vim
515 2634 557 2658 ac
579 2622 724 2660 vitalem

77 2676 181 2723 quasi
207 2675 380 2713 rationem
405 2679 575 2726 cognosci
613 2692 725 2729 posse

76 2743 289 2779 persuasum
310 2732 488 2770 habuerit.
546 2735 726 2772 Conferas

77 2786 208 2823 Bauer.
238 2789 385 2836 symbol.
418 2794 456 2827 et
484 2791 682 2841 mytholog.
711 2791 727 2827 I

78 2855 117 2891 p-
140 2844 219 2882 174
235 2856 310 2892 seq.
337 2845 496 2883 Heeren.
527 2846 639 2885 Ideen
658 2852 726 2885 etc.

78 2897 132 2946 ll,
153 2900 179 2939 2
207 2898 339 2948 Ρ-184
358 2914 462 2951 seqq.
492 2903 615 2946 Quare
629 2903 729 2941 haud

802 1226 860 1250 sas
889 1211 1073 1249 naturales
1094 1240 1105 1257 ‚
1145 1212 1276 1260 quihus
1308 1213 1458 1249 investi-

801 1270 932 1318 gandis
953 1269 1061 1318 prisci
1081 1267 1253 1318 Aegyptii
1272 1267 1379 1306 valde
1400 1269 1455 1305 in-

799 1326 889 1362 tenti
920 1325 1054 1361 suerint
1083 1324 1270 1374 multaque
1300 1337 1362 1361 eos
1389 1324 1456 1362 hac

799 1383 834 1418 in
856 1395 894 1419 re
914 1381 1071 1427 vidisse,
1104 1393 1199 1429 quae
1221 1393 1288 1416 nos
1307 1380 1456 1418 lateant.

799 1437 879 1475 Nec
913 1437 1181 1487 praetereunda
1211 1438 1456 1475 astronomica

798 1495 995 1531 bestiarum
1016 1494 1108 1530 ratio
1128 1493 1164 1528 in
1188 1493 1375 1541 Zodiaco,
1407 1494 1455 1531 de

799 1564 871 1599 qua
891 1550 1043 1587 diximus
1066 1551 1114 1586 ad
1133 1548 1186 1596 II,
1209 1552 1274 1597 67,
1305 1551 1456 1587 coniun-

799 1613 855 1645 cta
877 1607 937 1643 illa
968 1607 1114 1655 quidem
1140 1619 1221 1642 cum
1251 1607 1454 1656 Aegyptio-

796 1676 874 1700 rum
897 1663 1143 1711 religionibus.
1201 1662 1311 1699 Plura
1334 1664 1452 1700 Creu—

797 1733 871 1757 zer.
902 1720 938 1755 in
965 1718 1117 1767 symbol.
1141 1718 1157 1755 I
1186 1732 1222 1768 p.
1245 1721 1328 1760 475
1347 1732 1451 1768 seqq.

796 1776 877 1817 483
911 1789 1013 1824 seqq.
1051 1775 1132 1812 coll.
1163 1775 1376 1813 Reinhardt.
1413 1776 1452 1812 in

795 1833 881 1870 diss.
902 1845 986 1868 mox
1000 1831 1185 1868 laudanda
1213 1844 1298 1882 pag.
1320 1834 1345 1874 6
1370 1845 1452 1881 sqq.

990 1972 1053 2009 Ca
1069 1986 1106 2023 p.
1136 1971 1250 2009 LXV.

849 2055 916 2095 καὶ
937 2053 985 2094 τοὶ
1018 2053 1113 2107 μὲν,
1144 2051 1350 2107 σύντροφα
1380 2051 1451 2094 ου’-

793 2117 895 2152 τοῖσι
926 2116 1028 2151 τοῖσι
1058 2107 1347 2164 ιῖνθρώποισι]
1377 2114 1398 2150 i.
1419 2127 1452 2150 e.

792 2170 885 2207 aliae
906 2170 1083 2217 (bestiae)
1097 2182 1173 2205 cum
1194 2171 1281 2218 ipsis
1301 2169 1452 2206 leomini-

792 2227 856 2263 bus
876 2241 946 2263 una
969 2225 1073 2262 simul
1093 2227 1231 2262 vivunt.
1290 2226 1374 2263 vid.
1402 2226 1449 2274 ΙΙ,

790 2285 863 2325 36;
893 2282 1150 2332 Αἰγυπτίοισι
1178 2279 1221 2321 δὲ
1247 2279 1353 2334 ὁμοῦ
1373 2286 1449 2334 θη-

791 2341 912 2393 ρίοισι
931 2338 960 2390 ἦ
982 2335 1114 2378 &land
1136 2337 1230 2378 ἐστι.

846 2454 928 2490 τῶν
955 2448 997 2490 δὲ
1038 2451 1189 2491 εἵνεκεν
1215 2445 1368 2490 &vetrae
1397 2447 1446 2489 τοὶ

794 2505 886 2560 ἱροὶ]
923 2508 1102 2545 Articulus
1143 2505 1190 2547 πὶ
1233 2508 1310 2545 sine
1341 2519 1451 2544 causa

792 2565 980 2613 negotium
1000 2565 1183 2603 facessivit
1211 2565 1294 2601 viris
1320 2564 1448 2601 doctis.

792 2621 862 2658 Est
890 2622 985 2658 enim
1013 2621 1082 2658 loci
1110 2634 1254 2659 sensus:
1298 2633 1360 2656 cur
1390 2633 1449 2657 eae

793 2679 923 2714 bestiae
956 2678 1078 2726 (quae
1096 2692 1144 2715 sc.
1166 2690 1291 2714 sacrae
1310 2677 1448 2714 haben-

795 2739 876 2781 tur,
905 2738 944 2770 ut
965 2734 1056 2783 dixi)
1080 2734 1150 2771 diis
1168 2737 1366 2770 consecrata
1383 2733 1448 2769 Ιια-

796 2791 941 2827 beantur
953 2791 1113 2839 indeque
1131 2790 1304 2828 colantur.
1324 2784 1448 2828 Ἀνεῖ-

797 2851 896 2885 σθαι
916 2847 975 2883 hic
994 2851 1070 2884 est:
1102 2850 1358 2892 consecratum,
1388 2845 1448 2881 (Ζε-

795 2903 952 2941 dicatum
970 2915 1050 2939 esse.
1081 2903 1193 2940 Conf.
1209 2902 1266 2950 Π,
1288 2901 1367 2943 165
1388 2901 1450 2938 fin.
