1759 3324
17 962 109 990 tinae.

18 1028 64 1055 ba:
76 1037 221 1063 equorum
235 1030 298 1055 soe-

17 1066 105 1088 tura:
141 1070 231 1090 canes
249 1061 297 1090 ln-

19 1094 88 1124 dici.

195 798 294 843 192

18 861 297 897 Babylonicaregio

17 896 156 922 trientem
187 900 298 930 aequat

18 929 172 962 potentiae
212 929 296 956 Asia-

174 962 300 989 Tritan-
357 958 417 1000 δε,

18 995 187 1022 taechmes:
217 1000 299 1022 arta-

354 294 438 334 428
746 294 1217 335 HERODOTI

352 404 653 459 Βαβυλωνίων
683 403 737 448 ου’
775 403 1018 459 μανθάνειν
1057 404 1320 457 ἑαλωκότας·
1375 405 1485 450 ἄλλοι
1523 417 1617 460 (τυ-

349 486 442 537 χεῖν
479 480 562 538 γάρ
603 495 682 540 σφι
736 484 898 527 ἐοῦσαν
929 482 1086 540 ὁρτήν)
1146 484 1344 540 χορεύειν
1375 501 1420 528 τε
1458 489 1619 529 τοῦτον

348 560 427 605 τόν
454 559 633 617 χρόνον,
677 563 750 606 καὶ
779 563 825 606 ἐν
865 563 1120 620 εὐπαθείῃσι
1150 562 1286 618 εἶναι,
1333 564 1377 616 ἐς
1406 563 1432 608 ὃ
1461 563 1514 622 δὴ
1544 566 1616 608 καὶ
1629 572 1674 605 80

348 639 398 684 τό
429 641 568 697 κάρτα
598 640 838 694 ἐπύθοντο,
887 643 962 686 καὶ
990 643 1208 699 Βαβυλών
1243 644 1323 700 μὲν
1362 643 1477 688 οὕτω
1519 644 1617 689 τότε

347 724 525 775 πρῶτον
554 719 780 776 ἀραίρητο.

470 797 562 854 Τὴν
591 798 637 841 δὲ
667 798 856 853 δύναμιν
879 801 969 842 τῶν
987 802 1286 856 Βαβυλωνίων
1307 805 1509 846 πολλοῖσι
1536 802 1616 858 μὲν

353 878 428 922 καὶ
457 876 626 920 ἄλλοισι
655 876 836 933 δηλώσω
867 875 946 933 ὅση
982 880 1046 929 τίς
1076 879 1187 932 ἐστι,
1217 880 1264 923 ἐν
1293 880 1340 923 δὲ
1359 881 1412 936 δὴ
1439 882 1617 940 καὶτῷ-

479 960 660 999 Βασιλεῖ
693 960 754 1014 τῷ
789 956 960 1014 μεγάλῳ
999 957 1042 1008 ἐς
1079 958 1251 1014 τροφὴν
1293 958 1434 1002 αὐτοῦ
1469 976 1514 1003 τε
1543 960 1618 1003 καὶ

354 1038 432 1091 τῆς
474 1041 676 1093 στρατιῆς
718 1037 1018 1092 διαραίρηται,
1066 1037 1201 1091 πάρεξ
1229 1041 1310 1080 τοῦ
1340 1038 1513 1093 φόρου,
1561 1042 1673 1094 γῆ85

325 1118 477 1158 Ξπᾶσα
506 1115 611 1172 ὅσης
641 1114 774 1171 ἄρχει.
808 1115 1003 1159 δυώδεκα.
1034 1110 1094 1159 ὧν
1121 1121 1274 1173 μηνῶν
1294 1116 1456 1160 ἐόντων
1478 1117 1520 1167 ἐς
1538 1115 1617 1159 τόν

349 1193 572 1248 ἐνιαυτὸν,
606 1195 711 1247 τοὺς
738 1193 943 1250 τέσσερας
973 1197 1113 1250 μῆνας
1140 1196 1289 1253 τρέφει
1319 1213 1394 1252 μιν
1421 1195 1614 1252 ἦΒαβυ-

350 1276 483 1332 λωνίη
522 1273 665 1332 χώρη·
723 1275 826 1327 τοὺς
864 1275 908 1318 δὲ
948 1273 1063 1318 ὀκτώ
1093 1279 1182 1319 τῶν
1211 1280 1390 1332 μηνῶν,
1425 1273 1452 1332 ἡ
1483 1273 1612 1330 λοιπή

322 1357 472 1398 3πᾶσα
499 1354 626 1410 Ἀσίη.

689 1354 804 1398 οὕτω
837 1355 1088 1411 τριτημορίη
1117 1354 1144 1411 ἦ
1182 1353 1383 1412 Ἀσσυρίη
1412 1352 1530 1411 χώρη
1559 1357 1613 1412 τῇ

349 1432 533 1489 δυνάμει
561 1437 636 1490 τῆς
667 1432 798 1489 ἄλλης
821 1431 983 1490 Ἀσίης·
1041 1435 1117 1477 καὶ
1145 1434 1172 1490 ἦ
1203 1433 1311 1492 ἀρχὴ
1353 1438 1429 1490 τῆς
1467 1433 1612 1490 χώρης

346 1511 530 1570 ταύτης,
567 1512 648 1571 τήν
679 1515 723 1557 οἱ
751 1513 920 1569 Πέρσαι
952 1517 1223 1571 σατραπηίην
1252 1513 1480 1567 καλέουσι,
1525 1513 1613 1556 ἔστι
1679 1523 1732 1562 91

347 1706 451 1749 οὕτω
462 1706 549 1750 τότε
560 1712 720 1762 πρῶτον
734 1706 943 1763 οἷραίρητο]

290 1760 417 1804 Altera
450 1768 528 1805 vice
557 1768 691 1806 Darius
720 1781 800 1805 eam
832 1781 946 1817 expu-

290 1824 440 1870 gnavit,
473 1828 514 1861 ut
549 1829 673 1861 auctor
719 1830 775 1862 est
809 1823 947 1862 Noster

289 1877 364 1927 111,
386 1881 478 1921 159.
528 1881 634 1918 Prior
653 1881 742 1919 haec
761 1881 861 1917 urbis
884 1893 945 1918 ex-

290 1937 468 1986 pugnatio
513 1937 638 1974 incidit
683 1950 727 1975 ex
772 1936 946 1974 Larcheri

290 1991 458 2041 calculis,
486 1993 523 2030 in
543 2006 676 2030 annum
702 1995 783 2034 538
804 2005 836 2029 a.
856 1993 943 2029 Chr.

290 2059 327 2085 n.
366 2048 440 2085 Pro
473 2044 661 2100 ἀραίρητο
701 2049 851 2098 (capta,
881 2061 943 2085 ea·-

286 2108 452 2154 pugnata
473 2110 529 2143 est
538 2106 723 2154 Babylon)
744 2105 840 2142 male
859 2104 944 2140 olim

291 2154 495 2212 ἅναίρητο,
518 2162 619 2210 quod
635 2162 791 2199 alienam
812 2161 859 2197 ab
876 2160 945 2198 hoc

288 2214 371 2253 loco
400 2219 615 2261 sententiam
645 2217 766 2255 efficit.
835 2217 944 2253 Conf.

290 2270 467 2310 Nostrum
505 2273 578 2321 IX,
612 2276 703 2315 101.
752 2272 842 2320 VII,
876 2274 943 2320 83,

288 2328 351 2365 ubi
388 2329 515 2367 itidem
555 2324 770 2381 ἀραίρητο,
825 2330 944 2366 forma

287 2383 410 2422 Ionica
428 2386 473 2422 ab
495 2384 626 2437 αἵρέω.
664 2387 786 2432 Confi,
805 2385 834 2422 si
852 2386 943 2423 tanti

288 2444 365 2490 est,
392 2441 523 2479 Matth.
554 2441 591 2493 §-
613 2444 693 2483 168
722 2446 799 2478 not.
819 2445 857 2483 2.

473 2526 581 2578 Cap.
612 2526 763 2564 CXCII.

345 2605 450 2650 οὕτω
477 2610 707 2663 τριτημορίη
739 2609 768 2662 ἦ
804 2605 941 2650 Ἀσσυ-

289 2666 356 2719 ρίη
377 2662 485 2718 χώρη
506 2669 557 2722 τῇ
584 2663 752 2717 δυνάμει
778 2669 849 2718 τῆς
872 2664 939 2705 ἅλ-

289 2726 360 2774 λης
379 2719 534 2774 Ἀσίης]
566 2724 608 2761 In
631 2724 785 2761 lectione
805 2724 939 2760 consti-

287 2781 427 2818 tuenda
458 2781 543 2818 edd.
570 2784 718 2818 recentt.
749 2780 860 2818 secuti
878 2793 938 2817 su-

288 2850 380 2875 mus.
437 2836 558 2886 Magis
580 2849 603 2874 a
632 2836 802 2873 librorum
829 2836 938 2874 vesti-

289 2894 357 2943 giis
375 2893 513 2932 recedit
527 2892 672 2942 vulgata
686 2893 789 2931 lectio
805 2907 937 2943 τριτη-

289 2950 453 3003 μοιρίη
475 2945 600 3003 χώρη,
616 2949 677 2988 ubi
696 2949 865 2989 omissum
882 2953 938 2989 est

1012 1708 1042 1762 ’ἦ
1064 1706 1267 1762 Ἀσσυρίη,
1313 1710 1414 1760 quod
1448 1721 1667 1759 quamquam

1013 1768 1062 1805 ad
1083 1781 1227 1805 sensum
1245 1768 1341 1804 haud
1361 1767 1590 1805 incommode
1602 1766 1667 1803 ab-

1014 1838 1095 1862 esse
1112 1828 1256 1874 potest,
1287 1828 1410 1861 tamen
1433 1823 1531 1860 haud
1549 1823 1666 1859 minus

1012 1882 1108 1918 bene
1141 1881 1313 1917 librorum
1348 1884 1570 1917 vetustorum
1600 1891 1667 1915 au-

1013 1937 1179 1974 ctoritate
1225 1936 1408 1974 retinebis.
1493 1934 1667 1983 Namque

1013 1996 1177 2040 constat,
1224 1993 1270 2029 ab
1302 1992 1495 2029 Herodoto
1529 1995 1666 2028 terram

1013 2048 1251 2098 Babyloniam
1268 2052 1379 2097 atque
1388 2048 1570 2098 Assyriam
1578 2059 1666 2097 pro-

1012 2105 1147 2142 miscue
1175 2105 1266 2150 dici;
1304 2106 1349 2141 cf.
1375 2104 1416 2151 I,
1446 2105 1538 2144 178.
1571 2105 1664 2145 193·

1011 2160 1231 2198 Rennelium
1257 2160 1295 2197 in
1321 2161 1460 2209 Geogr.
1484 2159 1663 2198 Herodot.

1011 2230 1097 2268 pag.
1118 2216 1212 2258 497.

1067 2269 1141 2323 τήν
1163 2273 1205 2312 οἵ
1228 2270 1381 2323 Πέρσαι
1413 2271 1663 2323 σατραπηίην

1010 2328 1218 2380 καλέουσι]
1243 2330 1403 2372 Quidam
1422 2329 1504 2366 libri
1520 2340 1661 2380 σατρα-

1009 2386 1121 2436 πίην.
1149 2387 1225 2424 Sed
1244 2386 1318 2432 ΠΙ,
1340 2387 1393 2427 89
1421 2385 1499 2423 sine
1517 2385 1589 2422 ulla
1605 2384 1659 2422 le-

1010 2443 1137 2480 ctionis
1174 2442 1350 2479 varietate
1397 2442 1660 2492 σατραπηίην.

1009 2498 1069 2536 De
1096 2499 1288 2537 Persarum
1322 2500 1477 2547 satrapis
1507 2498 1663 2548 plurima

1006 2554 1119 2592 Barn.
1145 2555 1352 2592 Brissonius
1382 2555 1429 2591 de
1452 2567 1530 2602 reg.
1557 2553 1661 2591 Pers.

1008 2612 1122 2663 princ.
1143 2611 1182 2659 I,
1203 2613 1304 2658 168,
1327 2611 1383 2647 cui
1404 2611 1504 2659 quod
1526 2611 1574 2647 ad
1592 2623 1661 2647 no·
1682 2636 1685 2638 -
1744 2611 1745 2628 ¹

1007 2668 1112 2705 minis
1155 2668 1266 2717 ipsius
1304 2667 1482 2704 rationem
1517 2659 1658 2713 attinet,

1008 2725 1105 2762 adde
1131 2728 1206 2760 not.
1242 2727 1404 2760 nostram
1433 2723 1481 2760 ad
1511 2722 1659 2760 Ctesiae

1004 2781 1134 2829 fragm.
1165 2792 1251 2830 pag·
1272 2781 1364 2820 122.
1423 2779 1572 2816 Summa
1599 2791 1659 2816 re-

1004 2849 1084 2874 rum
1104 2837 1142 2872 in
1161 2835 1355 2886 provinciis
1375 2838 1453 2872 erat·
1462 2847 1576 2886 penes
1587 2834 1656 2872 hos

1003 2893 1237 2942 magistratus
1255 2920 1268 2939 ‚
1296 2891 1455 2940 quicum
1476 2891 1514 2928 in
1540 2891 1658 2928 omni-

1004 2950 1071 2989 bus
1092 2950 1205 2990 ferme
1225 2948 1332 2987 rebus
1360 2960 1429 3000 pro
1447 2947 1595 2987 arbitrio
1613 2959 1657 2986 ac

1754 2005 1759 2152 ἒ

1753 2170 1756 2201 Ι
