1759 3324
161 364 261 410 138

320 254 406 295 804

721 252 1189 292 HERODOTI

322 360 381 406 Τὸ
403 360 449 429 δέ
470 360 568 417 ῑρὸν
594 360 725 418 αὐτῆς
750 356 833 405 ὧδε
856 362 948 417 ἔχει.
980 361 1093 418 πλήν
1109 365 1185 419 τῆς
1206 360 1384 413 ἐσόδου,
1409 359 1459 403 τὸ
1482 359 1587 403 ἄλλο

325 440 460 497 νῆσός
489 441 600 484 ἐστι·
640 441 686 484 ἐκ
714 441 798 497 γάρ
829 445 911 483 τοῦ
942 443 1108 483 Νείλου
1140 439 1348 494 διώρυχες
1376 439 1586 494 ἐσέχουσι,

324 518 379 564 οὐ
411 522 733 575 συμμίσγουσαι
773 517 1000 575 ἀλλήλῃσι,
1050 518 1147 563 ἀλλ’
1185 518 1284 574 ἄχρι
1320 522 1395 573 τῆς
1433 516 1648 561 ἐσόδου4ο

324 602 406 643 τοῦ
436 600 536 652 ἱροῦ
570 599 747 653 ἑκατέρη
778 598 927 653 ἐσέχει·
957 596 983 653 ἡ
1014 599 1116 653 μὲν,
1146 602 1198 655 τῇ
1228 596 1530 653 περιρρέουσα,
1561 593 1589 653 ἡ

328 680 394 729 δὲ,
434 681 508 733 τῇ·
555 671 685 731 εὖρος
713 675 846 719 ἐοῦσα
877 675 1055 732 ἑκατέρη
1087 676 1242 720 ἑκατόν
1272 678 1450 725 ποδῶν,
1493 676 1589 719 δέν-

328 759 450 812 δρεσι
478 753 723 805 κατάσκιος.
763 753 816 797 τὰ
849 755 894 797 δὲ
923 754 1194 809 προπύλαια,
1234 754 1348 806 ὕψος
1380 755 1458 810 μὲν
1490 756 1593 798 δέκα

327 834 541 890 ὀργυιέων
580 832 693 884 ἐστὶ,
746 831 921 876 τύποισι
961 834 1006 876 δὲ
1045 831 1270 888 ἑξαπήχεσι
1308 832 1591 877 ἐσκευάδαται

297 921 319 954 ⁶2
329 912 483 966 ἀξίοισι
519 911 668 967 λόγου.

730 911 802 954 ἐὸν
843 910 886 955 δ’
924 910 970 954 ἐν
1009 911 1116 968 μέσῃ
1156 916 1210 968 τῇ
1245 911 1347 954 πόλι
1389 911 1440 954 τὸ
1478 911 1592 965 ἱρόν,

327 995 566 1047 κατορᾶται
593 989 818 1034 πάντοθεν
855 988 1087 1044 περιϊόντι·
1128 990 1201 1033 ἅτε
1231 990 1312 1046 γὰρ
1343 995 1419 1046 τῆς
1445 990 1648 1041 πόλιος45

333 1071 413 1126 μὲν
444 1070 760 1126 ἐκκεχωσμένης
788 1067 938 1123 ὑψοῦ,
970 1074 1050 1114 τοῦ
1081 1068 1125 1113 δ’
1157 1071 1256 1124 ἱροῦ
1288 1067 1340 1113 οὐ
1368 1069 1593 1125 κεκινημέ-

328 1167 434 1200 νου,
466 1147 524 1200 ὠς
554 1146 745 1206 ἀρχῆθεν
778 1147 984 1206 ἐποιήθη,
1025 1149 1209 1193 έ’σοπτόν
1238 1149 1340 1193 ἐστι.

272 1382 388 1433 ipsam
401 1381 471 1419 diei
487 1381 686 1431 haberique
701 1380 836 1419 Isidem
857 1394 924 1432 pro

273 1451 317 1476 ea
358 1442 520 1476 veterum
554 1439 696 1476 ratione
724 1439 925 1487 cogitandi,

274 1495 346 1544 qua
365 1508 460 1544 quae
480 1495 621 1544 singula
643 1496 680 1532 in
707 1495 828 1544 aliquo
858 1508 926 1532 nu-

275 1552 371 1589 mine
401 1551 521 1589 inesse
547 1556 740 1602 putentur,
780 1564 823 1589 ea
853 1552 926 1588 dis-

275 1609 396 1645 iuncta
435 1607 594 1645 efficiant
631 1620 726 1644 nova
763 1608 925 1655 numina,

274 1677 370 1713 quae
392 1668 518 1701 tamen
549 1665 821 1714 quodammodo
843 1677 930 1701 con-

274 1722 394 1757 iuncta
433 1721 506 1758 sint
545 1734 624 1758 cum
661 1734 734 1766 ρο,
784 1733 827 1758 ex
856 1734 929 1769 quo

274 1777 488 1815 emanan‘nt.
538 1777 634 1814 Hinc
655 1777 739 1814 illud
759 1777 931 1827 explicari

275 1834 411 1880 (lebet,
443 1833 543 1882 quod
565 1834 789 1882 Aeschylus,
819 1838 856 1870 ut
875 1834 931 1870 in-

274 1891 330 1927 fra
359 1891 545 1940 proditum
570 1890 745 1939 legimus,
774 1889 931 1927 Dianam

275 1946 329 1993 (i.
351 1959 385 1983 e.
415 1947 619 1995 Bubastia)
655 1946 787 1983 Cereris
822 1946 931 1983 filiam

275 2003 416 2039 dixerit.
440 2002 537 2040 Nam
559 2003 655 2040 Ceres
673 2005 801 2040 eadem
813 2003 932 2040 Grae-

276 2059 326 2095 cis
364 2063 439 2106 est,
485 2072 579 2108 quae
621 2058 692 2096 Isis
727 2059 931 2109 Aegyptiis,

277 2119 375 2153 teste
396 2116 475 2166 ipso
492 2116 662 2152 historiae
681 2120 799 2165 patre.

421 2199 452 2235 C
461 2211 526 2249 ap.
556 2198 797 2236 CXXXVIII.

337 2276 525 2334 διώρυχες
539 2280 728 2332 ἐσέχουσι]
750 2283 846 2319 Sunt
857 2283 932 2320 bini

279 2338 422 2377 canales
453 2352 474 2375 e
495 2338 581 2375 Nilo
606 2339 773 2384 deducti,
803 2339 854 2374 ita
880 2344 931 2385 ut,

281 2396 341 2432 ubi
361 2395 529 2443 coniungi
553 2395 600 2430 illi
620 2395 815 2440 debebant,
835 2399 931 2431 terra

279 2451 558 2499 relinqueretur,
589 2452 660 2499 qua
677 2451 849 2500 templum
865 2451 933 2486 cir-

280 2507 454 2545 cumcirca
480 2508 582 2556 aquis
604 2507 792 2556 utriusqne
824 2519 932 2543 cana-

280 2564 322 2601 lis
342 2564 515 2610 cinctum,
545 2563 716 2600 cohaeret
745 2557 826 2600 cum
845 2575 933 2599 con-

279 2619 420 2658 tinenti.

340 2690 361 2713 τ
377 2672 402 2713 v'
420 2689 449 2713 π
465 2689 485 2713 ο
508 2689 520 2712 ι
540 2685 562 2712 σ
580 2689 594 2712 ι
639 2671 680 2712 δὲ
723 2668 933 2722 ἑξαπήχεσι

284 2727 558 2781 ἐσκευάδαται]
588 2725 738 2775 τύπους
769 2730 932 2778 intelligo

285 2788 437 2837 figuras,
468 2791 608 2824 statuas
634 2787 841 2832 hominum,
872 2800 933 2823 co-

286 2844 402 2881 lossos
430 2844 537 2892 vulgo
564 2843 762 2893 appellant.
821 2844 929 2879 Conf.

282 2900 336 2948 11,
351 2902 429 2942 106
449 2899 527 2938 coll.
538 2901 604 2941 86.
634 2899 715 2938 Nec
730 2900 800 2937 alio
819 2912 927 2937 sensu

1401 1150 1593 1204 περιθέει

992 1383 1029 1418 in
1048 1382 1212 1431 proxime
1225 1381 1461 1430 sequentibus
1482 1380 1573 1417 dixit
1591 1378 1649 1418 αἴ-

993 1439 1114 1489 μασίη
1153 1436 1444 1490 ἐγγεγλυμμένη
1479 1452 1499 1475 τ
1510 1432 1536 1475 v'
1548 1452 1576 1475 π
1588 1452 1608 1476 o
1621 1451 1650 1475 ι-

995 1508 1017 1534 σ
1031 1510 1061 1533 ι.

1049 1552 1262 1602 κατορᾶται
1290 1546 1497 1589 πάντοθεν
1525 1554 1650 1600 περιϊ-

995 1603 1094 1657 όντι]
1125 1609 1147 1644 ἰ.
1175 1621 1204 1643 e.
1237 1621 1314 1644 cum
1344 1607 1506 1656 templum
1537 1606 1651 1642 media

994 1667 1032 1702 in
1059 1664 1139 1700 urbe
1167 1667 1233 1711 sit,
1264 1663 1414 1713 undique
1443 1664 1652 1712 conspicitur

997 1723 1225 1758 circumcirca
1248 1735 1275 1757 s.
1296 1721 1343 1757 ad
1364 1720 1532 1757 verbum:
1564 1723 1650 1756 tem-

991 1777 1145 1828 plum—
1166 1777 1318 1826 undique
1346 1777 1389 1813 ab
1416 1789 1472 1822 eo,
1503 1777 1564 1825 qui
1583 1777 1653 1811 cir-

999 1838 1155 1879 cumeat,
1187 1835 1342 1883 conspici
1356 1835 1470 1883 potest
1484 1860 1495 1878 ,
1515 1833 1652 1882 quippe

997 1891 1175 1928 humiliori
1215 1890 1293 1927 loco
1335 1890 1524 1939 positum,
1570 1900 1651 1925 cum

998 1948 1086 1984 urbs
1124 1948 1203 1996 ipsa
1231 1947 1455 1983 circumcirca
1491 1945 1528 1981 in
1562 1944 1652 1981 alte-

999 2004 1084 2040 riori
1103 2003 1179 2040 solo
1207 2003 1399 2040 aedificata
1425 2002 1480 2038 sit.
1542 2000 1650 2037 Conf.

1001 2060 1048 2097 ad
1070 2060 1120 2106 II,
1146 2061 1223 2099 137
1247 2064 1338 2095 nott.
1399 2057 1511 2101 Quod
1531 2057 1654 2105 sequi-

1001 2121 1058 2152 tur
1081 2111 1244 2154 ἔσοπτόν
1266 2115 1356 2161 ἐστι,
1373 2114 1651 2162 Schweighaeu-

1004 2186 1084 2209 sero
1106 2173 1297 2208 obscurum
1326 2172 1479 2208 videtur.
1538 2170 1654 2218 Equi-

1001 2229 1084 2264 dem
1108 2241 1150 2265 eo
1167 2229 1309 2274 resero,
1341 2228 1461 2275 quod,
1492 2239 1571 2262 cum
1593 2238 1652 2262 so-

999 2284 1070 2320 lum
1100 2285 1240 2333 ipsum,
1272 2284 1309 2319 in
1340 2295 1413 2331 quo
1439 2283 1526 2318 urbs
1552 2282 1653 2318 aedi-

1000 2340 1106 2376 ficata
1125 2346 1220 2385 erat,
1239 2340 1368 2375 editius
1387 2339 1567 2374 redditum
1594 2351 1653 2374 es-

998 2401 1080 2439 set,
1125 2396 1210 2431 inde
1247 2396 1281 2431 in
1325 2394 1519 2444 templum,
1551 2395 1652 2442 quod

998 2452 1223 2487 immutatum
1248 2456 1492 2497 remanserat,
1535 2451 1653 2488 unde-

998 2520 1139 2555 cunque
1169 2507 1280 2543 facilis
1317 2512 1461 2557 pateret
1498 2520 1653 2558 conspe-

997 2567 1085 2600 ctus.

1054 2616 1231 2667 περιθέει
1272 2613 1312 2656 δ’
1349 2613 1445 2657 αὐτὸ
1487 2615 1653 2669 αἱμασιή

998 2673 1284 2727 ἐγγεγλυμμένη
1316 2670 1500 2720 τύποισι]
1554 2670 1654 2714 αὕτᾶ

1002 2745 1049 2768 sc.
1071 2728 1113 2770 τὸ
1134 2727 1233 2781 ἱρόν.
1293 2730 1352 2767 Tu
1375 2732 1467 2768 conf.
1492 2731 1530 2779 I,
1558 2733 1650 2772 163.

1000 2787 1057 2825 De
1081 2787 1249 2836 *afptccot'n
1282 2787 1353 2823 vid.
1384 2788 1420 2834 l,
1454 2789 1543 2828 180.
1573 2790 1650 2828 191

999 2850 1036 2880 et
1063 2845 1113 2879 ad
1138 2842 1422 2895 ἐγγεγλυμμένη
1452 2846 1576 2881 confer
1605 2843 1650 2889 II,

999 2902 1090 2941 136.
1121 2921 1176 2928 —-
1205 2901 1244 2938 ln
1269 2914 1374 2950 seqq.
1404 2901 1495 2938 bene
1524 2900 1653 2937 distin-
