1805 3315
248 657 313 701 34

44 720 150 749 Croesi
173 721 318 749 nomnium

45 755 82 782 de
99 756 171 783 filiu.

355 226 412 266 88

767 219 1234 258 HERODOTI

361 330 417 376 οὔ
445 347 531 380 κως
562 320 662 372 οὔτε
693 328 926 384 ἐχαρίζετο,
959 328 1056 371 οὔτε
1086 327 1222 383 λόγου
1251 344 1326 383 μιν
1354 325 1643 382 ποιησάμενος

361 409 545 458 οὐδενός
580 407 894 462 ἀποπέμπεται·
947 406 1086 460 κάρτα
1133 407 1261 458 δόξας
1302 405 1476 461 ἀμαθέα
1517 402 1690 454 εἶναι,40

360 489 407 540 ὃς
435 488 486 531 τὰ
514 485 733 542 παρεόντα
761 485 909 542 ἀγαθὰ
936 487 1094 541 μετεὶς,
1135 485 1212 542 τὴν
1251 484 1453 540 τελευτήν
1481 483 1645 535 παντὸς

358 566 572 623 χρήματος
601 565 714 622 ὁρᾷν
742 565 918 609 ἐκέλευε.

473 645 601 688 Μετὰ
630 646 675 688 δὲ
706 644 891 688 Σόλωνα
923 644 1169 701 οἰχόμενον,
1211 644 1336 699 ἔλαβε
1365 643 1412 687 ἐκ
1441 647 1551 686 θεοῦ
1580 643 1643 686 νέ·

317 897 580 946 interpretandi
607 896 697 932 ratio
718 896 790 930 iam
806 894 974 931 Gesnero

323 952 513 1002 displicuit,
523 953 633 989 verba
645 950 848 1001 ἐχαρίζετο,
861 965 974 998 ποιη-

325 1005 493 1058 σάμενος
521 1014 556 1045 et
585 1003 857 1057 ἀποπέμπεται
888 1005 972 1054 (cll-

324 1068 433 1102 mittit
452 1078 474 1101 α
493 1066 555 1111 se)
595 1064 642 1100 ad
672 1064 850 1100 Croesum
879 1064 974 1100 rese-

323 1123 417 1159 renti
444 1126 481 1158 et
511 1135 578 1171 μιν
608 1121 655 1156 ad
681 1119 865 1157 Solonem.
925 1119 975 1156 Et

323 1178 465 1215 videtur
484 1177 609 1226 utique
624 1176 681 1212 illa
693 1177 740 1212 ad
759 1177 876 1225 ipsam
890 1188 974 1213 sen-

323 1234 472 1272 tentiam
519 1233 823 1269 accommodatior
861 1233 976 1281 eaque

325 1291 432 1328 etiam
477 1289 732 1326 emendatione
774 1289 977 1336 adiuvatur,

325 1358 433 1395 quam
453 1358 475 1382 a
495 1345 662 1393 Schwgh.
685 1344 763 1381 loco
779 1345 914 1381 illatam
926 1345 977 1381 vi-

325 1403 453 1439 demus
467 1432 478 1449 ,
510 1402 692 1449 ceteroqui
713 1414 788 1438 non
808 1414 977 1438 necessa-

326 1459 426 1495 riam.
484 1457 565 1494 Nec
583 1457 667 1493 mihi
688 1458 772 1495 inde
786 1459 977 1495 disceden-

327 1514 415 1551 dum
449 1514 608 1560 videtur,
646 1514 715 1550 nisi
743 1515 843 1563 quod
870 1527 977 1564 prae·

325 1574 400 1607 stat
433 1569 543 1607 verba
586 1572 709 1608 ταῦτα
755 1569 879 1623 λέγων
923 1572 978 1621 τῷ

329 1625 490 1679 Κροίσῳ
521 1625 634 1674 (quae
663 1627 725 1675 qui
757 1640 832 1663 non
849 1626 978 1663 intelli-

329 1686 459 1732 gerent
477 1687 539 1719 aut
559 1682 620 1730 qui
631 1682 811 1732 explicare
832 1682 976 1728 vellent,

329 1742 489 1776 mutasse
517 1737 684 1776 videntur
709 1738 747 1774 in
773 1741 896 1777 ταῦτα
918 1736 975 1776 λε’-

328 1809 438 1846 γοντι
460 1796 659 1844 Κροῖσος)
698 1807 741 1832 ex
769 1808 812 1833 eo
842 1808 978 1844 genere

329 1850 473 1888 dicendi
500 1850 698 1900 explicare,
736 1863 807 1899 quo
834 1852 871 1888 in
900 1864 977 1888 ser-

329 1906 448 1944 monis
475 1906 576 1942 initio
605 1908 786 1956 participii
807 1908 974 1944 nomina-

330 1964 441 1999 tivum
459 1963 616 2011 positum
647 1963 845 2000 invenimus
858 1993 868 2011 ‚
895 1963 974 2000 loco

330 2018 463 2065 dativi,
503 2031 610 2068 quem
634 2032 790 2068 sequens
825 2020 974 2057 verbum

333 2074 410 2111 sive
429 2073 622 2124 personale
639 2076 713 2113 sive
732 2076 974 2126 impersonale

333 2130 404 2167 sibi
442 2130 640 2178 flagitabat.
708 2131 818 2172 Conf.
850 2133 975 2170 Xeno-

332 2185 462 2237 phont.
473 2185 589 2222 Anab.
601 2187 663 2233 ΙΠ,
681 2191 718 2235 2,
733 2191 804 2230 12:
835 2204 851 2228 ε
863 2184 888 2228 ὗ
902 2190 920 2237 ξ
935 2189 977 2227 ά-

335 2256 486 2292 μενοι
506 2262 555 2269 -·
581 2241 754 2290 §dogma
785 2241 978 2291 αὐτοῖς.

335 2297 445 2335 Plura
463 2297 585 2347 Viget.
606 2313 642 2350 p.
661 2299 754 2341 345.
783 2301 922 2340 Duker.
933 2302 981 2338 ad

337 2353 505 2401 Thucyd.
534 2354 620 2402 Vll,
653 2355 717 2397 42.
749 2360 816 2398 70.
876 2358 983 2400 Quae

338 2422 419 2447 cum
438 2409 489 2445 ita
506 2411 599 2457 sint,
627 2411 657 2447 is
675 2414 751 2451 sere
765 2413 833 2450 loci
852 2426 982 2451 sensus

339 2466 501 2503 videtur:
530 2466 631 2504 Haec
650 2480 727 2504 cum
746 2469 897 2518 (Solon)
925 2469 982 2505 ‹li-

340 2524 428 2559 ceret
447 2520 586 2569 Croes0,
617 2525 682 2560 iste
703 2524 904 2574 (Croesus)
923 2538 983 2561 nec

341 2577 531 2628 quidquam
550 2581 582 2615 ρι’
603 2579 767 2628 (Soloni)
796 2584 845 2617 est
864 2583 981 2630 grati-

330 2635 465 2686 ficatus
481 2647 542 2671 nec
564 2636 636 2672 ullo
660 2636 733 2672 loco
751 2649 827 2673 eum
857 2637 984 2685 (Solo-

339 2690 441 2738 nem)
463 2690 606 2739 habens,
636 2692 770 2729 dimisit
798 2693 866 2740 (sc.
877 2693 983 2730 Solo-

339 2759 424 2785 nem
443 2759 465 2784 a
483 2748 555 2795 se).
613 2748 743 2785 Restat
767 2749 924 2798 denique
941 2762 984 2787 ea

339 2803 444 2850 ratio,
473 2809 544 2852 qua
565 2805 612 2840 ad
638 2803 829 2855 ἐχαρίζετο
853 2805 984 2843 intelli-

342 2871 468 2909 gamus
499 2855 678 2900 ὁΣόλων
701 2864 736 2898 et
761 2862 808 2898 ad
830 2874 986 2912 sequen-

337 737 480 781 Ξμεσις
508 722 669 779 μεγάλη
692 727 908 778 Κροῖσον·
942 723 999 775 ὡς
1029 723 1214 775 εἰκάσαι,
1246 722 1314 767 ὅτι
1342 722 1512 778 ἐνόμισε
1542 722 1644 766 ἑωυ-

1044 895 1110 930 tia:
1153 892 1243 933 οὕτε
1264 916 1318 922 —-
1347 890 1616 942 ποιησάμενος
1636 916 1691 920 -

1045 946 1317 1000 τῖποπὲμττεται
1368 951 1625 987 subaudiamus
1670 947 1693 988 ὅ

1044 1008 1242 1058 Ιίροῑσοςς
1271 1008 1308 1042 in
1325 1020 1397 1056 quo
1418 1013 1541 1044 tamen
1561 1007 1693 1043 transi-

1041 1067 1118 1108 tus,
1138 1076 1245 1112 quem
1265 1064 1366 1099 aiunt
1385 1063 1692 1110 subiecti,omisso

1042 1120 1280 1170 pronomine,
1318 1132 1392 1155 non
1421 1120 1539 1155 minus
1568 1119 1694 1169 displi-

1044 1181 1100 1213 cet
1112 1204 1122 1221 ,
1152 1189 1260 1225 quam
1277 1177 1425 1213 verbum
1437 1174 1627 1226 ἐχαρίζετο
1648 1175 1694 1213 de

1044 1231 1180 1269 Solone
1198 1233 1458 1281 accipiendum.

1100 1284 1226 1338 κάρτα
1258 1284 1377 1335 ὁόξας
1397 1283 1556 1338 α’μαθέα
1576 1284 1692 1333 εἶναι]

1044 1344 1166 1393 'Vulgo
1179 1340 1357 1395 α’μαθης,
1370 1345 1549 1394 probante
1564 1345 1695 1390 Gaiss.‚

1045 1402 1106 1449 qui
1136 1402 1318 1438 San'crosti
1341 1402 1420 1439 cod.
1444 1402 1695 1439 auctoritatem

1043 1458 1216 1506 sequitur.
1246 1458 1394 1507 Reliqui
1420 1457 1500 1494 libri
1521 1454 1694 1507 ἆμαθέα,

1045 1515 1144 1562 quod
1166 1527 1244 1550 cum
1265 1515 1381 1550 Schw.
1399 1527 1441 1551 ac
1456 1513 1586 1551 Mami.
1609 1516 1697 1552 reti-

1044 1570 1203 1606 nendum
1216 1571 1349 1607 censui.
1371 1570 1451 1607 Erit
1469 1572 1562 1608 enim
1581 1567 1697 1619 δόξας

1050 1627 1277 1663 referendum
1289 1628 1337 1663 ad
1349 1626 1520 1674 Croesum,
1529 1628 1578 1664 ad
1589 1642 1696 1678 quem

1046 1682 1153 1719 etiam
1173 1687 1314 1732 spectat
1333 1678 1698 1733 ‹inonf'mvswuhoc

1044 1740 1121 1775 fere
1134 1751 1262 1776 sensu:
1283 1743 1323 1775 ut
1342 1742 1404 1789 qui
1419 1740 1620 1790 (Croesus)
1626 1754 1695 1791 pu-

1044 1795 1146 1831 tabat
1156 1795 1257 1832 valde
1265 1797 1461 1845 imperitum
1480 1810 1548 1833 esse
1560 1798 1694 1847 (eum),

1045 1854 1107 1901 qui
1126 1857 1191 1888 etc.
1211 1853 1308 1899 sive,
1329 1866 1425 1901 quae
1446 1858 1503 1890 est
1518 1853 1696 1892 Matthiae

1043 1908 1223 1945 sententia
1242 1909 1306 1945 Gr.
1328 1909 1394 1945 Gr.
1417 1908 1452 1960 ἓ,
1466 1909 1561 1957 480,
1579 1925 1599 1948 c
1619 1914 1694 1948 not.

1043 1966 1066 2005 1
1088 1977 1124 2013 p.
1138 1966 1242 2012 898,
1271 1965 1376 2003 valde
1394 1968 1594 2017 imperitum
1613 1980 1696 2016 esse,

1042 2033 1063 2070 q
1075 2034 1095 2056 u
1107 2034 1126 2056 ο
1136 2020 1159 2057 d
1181 2025 1249 2058 etc.

1210 2109 1275 2147 Ca
1289 2124 1325 2162 p.
1355 2110 1527 2149 XXXIV.

1115 2187 1229 2240 ἔλαβε
1271 2189 1322 2228 ἐκ
1367 2193 1500 2230 θεοῦ
1543 2189 1699 2243 νέμεσις

1047 2244 1195 2297 μεγάλη
1243 2246 1447 2298 Κροῖσον]
1507 2247 1550 2287 ἐκ
1593 2250 1699 2287 θεοῦ

1048 2302 1175 2351 optimi
1197 2301 1299 2348 libri;
1339 2301 1380 2341 ἐκ
1404 2305 1515 2342 θεῶν
1546 2304 1606 2341 alii
1632 2305 1698 2341 mi-

1048 2372 1116 2394 nus
1139 2359 1309 2396 bene.—
1327 2357 1544 2410 λαμβάνειν
1557 2361 1604 2398 de
1621 2362 1699 2398 fato

1050 2415 1142 2461 dici,
1182 2427 1254 2463 quo
1282 2416 1362 2463 quis
1392 2417 1590 2466 abripitur,
1619 2430 1699 2453 mo-

1049 2474 1113 2506 net
1133 2470 1198 2507 Cr.
1217 2471 1254 2507 in
1274 2470 1440 2520 Dionyso
1456 2475 1573 2522 p.76.
1605 2473 1699 2509 Sen-

1049 2527 1198 2562 tentiam
1217 2527 1334 2576 ipsam
1362 2540 1406 2564 ea
1436 2528 1524 2564 satis
1544 2527 1699 2564 illustra-

1049 2581 1162 2628 bunt,
1192 2594 1286 2630 quae
1309 2595 1419 2632 supra
1438 2584 1487 2619 ad
1497 2584 1526 2630 I,
1536 2585 1592 2625 32
1604 2584 1699 2621 dicta

1049 2642 1152 2682 sunt3
1185 2637 1215 2674 C
1224 2650 1251 2673 r.
1280 2651 1361 2674 cum
1390 2638 1488 2676 hisce
1515 2645 1700 2689 comparat

1049 2692 1199 2731 Homeri
1222 2694 1331 2730 verba
1350 2695 1387 2731 in
1407 2695 1542 2744 Odyss.
1563 2695 1698 2744 XVIII,

1054 2749 1133 2790 130
1144 2771 1199 2776 -—
1213 2750 1304 2790 157.

1109 2803 1161 2851 ὥς
1174 2801 1341 2852 εἰκάσαι]
1361 2806 1384 2842 i.
1397 2819 1428 2843 e.
1443 2819 1452 2843 ε
1481 2810 1522 2843 ut
1535 2809 1698 2845 conticere

1051 2861 1157 2906 licet5
1187 2863 1230 2899 cf.
1249 2862 1371 2912 Viget.
1392 2876 1428 2914 p.
1453 2862 1546 2905 205.
1567 2866 1592 2905 7
1596 2863 1661 2906 44.
