1759 3324
307 258 393 297 55⁰

704 254 1172 294 HERODOTI

308 365 475 418 »πόλιν
511 367 624 420 ῥέειν
652 366 848 420 ποταμὸν
876 366 1029 420 μέγαν·
1065 363 1178 418 ῥέειν
1207 362 1252 405 δὲ
1283 361 1367 404 ἀπὸ
1393 361 1571 418 ἑσπέρης

308 443 479 496 ,,αυ’τὸν
509 444 620 500 πρὸς
658 443 783 500 ἥλιον
822 442 1130 487 ἀνατέλλοντα·

253 655 331 687 tum
360 651 455 687 inter
479 651 574 686 viros
597 650 744 694 doctos,
774 649 903 685 fluvius

252 706 322 744 iste
353 706 414 755 qui
443 706 561 743 fuerit.
619 704 696 741 Sed
716 704 773 740 vix
799 705 905 741 dubi-

252 762 428 807 tandum,
458 760 615 810 Nigrum
636 773 717 797 esse
742 760 817 797 sive
846 758 906 795 Ιο-

253 818 345 864 liba,
375 818 476 866 quod
504 817 603 867 apud
627 816 819 864 indigenas
838 818 906 852 fiu-

252 874 301 910 vii
322 878 379 910 est
399 886 552 919 nomen,
584 872 758 922 quodque
788 872 907 922 ipsum

254 929 435 978 significat
461 930 619 979 flurium
648 940 812 976 magnum
844 941 908 965 seu

254 997 385 1034 aquam
404 997 581 1033 magnam.
639 983 737 1021 Nam
768 984 804 1020 in
826 997 908 1021 eum

253 1053 363 1077 unum
382 1043 600 1078 conveniunt
626 1041 810 1077 Herodoti
827 1053 907 1077 ver-

191 1141 195 1146 ,
252 1098 321 1142 ba,
352 1097 495 1146 ipsique
519 1096 688 1135 crocodili
710 1097 748 1133 in
771 1110 814 1134 eo
834 1097 909 1134 sre-

253 1157 409 1202 quentes
451 1166 531 1191 esse
568 1153 748 1190 dicuntur.
814 1152 908 1190 Vide

253 1209 411 1246 Heeren.
430 1208 452 1246 l.
475 1210 498 1247 l.
520 1209 573 1256 ll,
596 1213 616 1249 1
638 1222 675 1259 p.
696 1211 789 1251 201.
819 1208 865 1255 II,
881 1213 908 1251 2

253 1264 383 1316 p.439
412 1266 490 1303 coll.
513 1265 665 1304 Rennel.
686 1264 743 1302 l.l.
763 1278 800 1315 p.
813 1266 907 1306 573.

253 1321 387 1359 Ritter.
417 1321 622 1360 Erdkunde
655 1322 672 1359 I
713 1334 799 1372 pag.
825 1322 908 1363 472

255 1390 359 1427 seqq.
390 1377 475 1421 492
497 1391 602 1428 seqq.
646 1378 801 1415 Gravius
822 1377 909 1414 illud

255 1439 328 1481 est,
359 1435 460 1484 quod
479 1448 554 1472 non
582 1435 699 1471 minus
730 1439 825 1471 inter
845 1446 909 1471 ve-

255 1495 376 1538 teres,
413 1503 523 1540 quam
559 1491 653 1528 inter
687 1491 908 1528 recentiores

254 1546 482 1597 potissimum
526 1547 768 1598 disceptatum
828 1550 907 1593 est,

253 1608 373 1640 utrum
406 1602 464 1640 hic
503 1604 656 1650 fluvius,
694 1615 803 1653 quem
837 1602 908 1640 Ni-

253 1672 359 1707 grum
391 1671 474 1696 esse
504 1659 682 1707 diximus,
713 1672 793 1696 cum
820 1658 907 1696 Nilo

253 1715 448 1753 cohaereat
461 1743 472 1762 ,
493 1717 660 1766 adeoque
680 1728 772 1752 unus
791 1715 908 1753 idem-

253 1783 325 1820 que
349 1772 397 1809 sit
417 1772 558 1809 fluvius.
618 1771 828 1809 Praefracte
842 1784 909 1809 ne-

254 1831 320 1875 gat
339 1827 538 1865 Rennelius
561 1828 583 1865 l.
606 1828 628 1865 1.
648 1841 734 1878 pag.
757 1829 836 1869 573
852 1840 907 1877 sq.

253 1895 321 1921 nec
359 1883 506 1921 omnino
544 1884 646 1922 aliter
675 1885 909 1922 statuendum

254 1939 323 1976 erit
333 1967 344 1985 ‚
361 1940 391 1977 si
409 1941 529 1990 ipsum
541 1940 648 1989 Nigri
668 1953 811 1977 cursum
823 1952 910 1976 con·
926 1978 934 1990 ,

255 1995 392 2033 sidetes
433 1996 684 2046 montiumque
727 1996 908 2033 interioris

253 2049 398 2088 Africae
444 2056 620 2097 tractum,
676 2055 713 2089 et
760 2056 910 2097 terram,

253 2118 364 2156 quam
388 2106 496 2144 Nilus
527 2111 710 2157 permeat,
742 2106 907 2144 altiorem

255 2174 321 2208 ea,
353 2174 464 2212 quam
492 2162 611 2211 Niger
643 2164 795 2211 irrigat,
825 2163 907 2211 alia,

254 2230 350 2267 quae
380 2218 426 2255 ab
456 2219 717 2256 recentioribus
743 2220 908 2269 peregri-

254 2274 439 2311 natoribus
476 2275 691 2322 observata,
720 2275 816 2313 bene
840 2288 907 2312 no-

254 2333 378 2367 tarunt
400 2330 606 2368 Heerenius
626 2331 678 2378 ΙΙ,
703 2333 722 2371 1
743 2344 829 2381 pag.
855 2333 904 2374 15

255 2398 332 2434 seq.
362 2385 527 2423 Ritterus
552 2386 575 2423 l.
597 2386 654 2424 l.1
675 2386 802 2438 p.491
827 2400 909 2437 sqq.

255 2441 338 2483 506
361 2455 463 2491 seqq.
482 2442 563 2484 511
585 2456 688 2493 seqq·
718 2444 908 2490 523-26,

255 2496 318 2547 qui
351 2498 462 2535 iidem
490 2510 535 2536 ex
566 2499 765 2537 eorundem
802 2513 910 2550 pere-

255 2554 481 2603 grinatorum
502 2554 721 2593 testimoniis
744 2556 831 2592 satis
843 2568 910 2606 pa-

255 2615 333 2648 tere
383 2610 575 2658 adiiciunt,
618 2612 716 2662 apud
760 2611 908 2649 istarum

256 2670 433 2703 terrarum
453 2666 589 2704 incolas
615 2667 768 2705 eandem
783 2667 910 2706 hodie-

257 2735 330 2771 que
366 2722 452 2759 serri
477 2723 631 2760 famam:
660 2722 815 2772 Nigrum
845 2737 908 2761 co-

256 2777 407 2815 haerere
435 2791 515 2815 euin
541 2777 626 2816 Nilo
645 2808 656 2826 ,
696 2779 770 2817 sive
798 2792 908 2817 unum

259 2847 343 2872 esse
360 2834 590 2885 eundemque
610 2835 767 2872 fluvium.
798 2836 907 2873 cons.

1180 444 1419 497 φαίνεσθαι
1450 441 1495 484 δὲ
1524 441 1573 484 ἐν

973 648 1191 685 Dammana.
1211 648 1248 683 in
1260 647 1442 684 Herodot.
1459 660 1544 697 pag.
1560 649 1626 688 86.

972 703 1151 740 Renneiio
1171 703 1306 740 diserte
1329 703 1626 752 obloquiturDu-

974 772 1062 796 reau
1094 759 1141 795 de
1169 759 1204 794 la
1223 758 1334 796 Malle
1363 760 1628 809 (Geographie

974 815 1153 865 physique
1175 820 1242 851 etc.
1271 827 1307 864 p.
1334 817 1418 864 79)
1449 816 1629 853 communi

975 872 1094 908 famae
1116 871 1341 919 antiquitatis
1373 882 1489 920 aeque
1511 884 1553 908 ac
1572 885 1629 908 re-

976 927 1174 964 centiorum
1216 931 1421 976 temporum
1456 927 1631 964 insisten-

977 983 1064 1019 ‹lum
1094 987 1197 1019 ratus
1231 996 1383 1031 eamque
1420 996 1629 1034 proponens

977 1040 1216 1086 sententiam,
1246 1044 1288 1075 ut
1315 1038 1421 1077 Nilus
1451 1046 1490 1078 et
1514 1039 1631 1089 Niger

976 1108 1042 1147 per
1073 1095 1179 1132 alium
1199 1095 1345 1132 fluxium
1374 1097 1630 1134 intermedium

976 1152 1081 1202 quasi
1094 1151 1206 1189 iuncti
1218 1153 1484 1200 existimentur,
1499 1166 1630 1202 quem-

977 1209 1175 1246 admodum
1201 1221 1235 1245 v.
1255 1221 1284 1245 c.
1312 1208 1348 1245 in
1376 1208 1543 1247 America
1571 1222 1632 1246 se-

976 1265 1210 1316 ptentrionali
1240 1265 1400 1302 Orinoco
1429 1266 1558 1303 fluvius
1591 1269 1631 1303 et

977 1321 1204 1358 Amazonum
1232 1322 1364 1358 fluvius
1392 1322 1502 1359 iuncti
1530 1323 1632 1359 inve-

977 1379 1125 1414 niantur
1165 1378 1275 1414 fluvio
1315 1378 1386 1415 Rio
1407 1378 1568 1427 -Negro
1594 1382 1632 1416 et

978 1433 1221 1482 Cassiquiare.
1250 1434 1518 1472 Recentissima
1540 1447 1632 1484 quo-

976 1491 1025 1527 ad
1049 1490 1122 1527 scio
1146 1491 1354 1527 testimonia
1374 1492 1554 1540 praebent
1571 1491 1632 1527 iti-

976 1548 1119 1584 neraria
1156 1546 1267 1596 Angli
1309 1548 1408 1584 docti
1443 1551 1481 1584 et
1520 1546 1630 1584 Galli.

977 1602 1142 1647 Quorum
1162 1602 1238 1650 ine,
1267 1603 1351 1640 Fitz
1381 1603 1579 1650 Clarence,
1609 1615 1633 1639 a

975 1664 1178 1697 mercatore
1213 1659 1356 1707 Arabe,
1399 1659 1459 1709 qui
1496 1659 1631 1711 pluries

976 1716 1048 1752 iam
1079 1715 1165 1753 inde
1192 1728 1215 1753 a
1233 1715 1326 1753 Fetz
1355 1717 1404 1753 ad
1425 1715 1632 1753 Tombuctu

976 1772 1045 1809 iter
1068 1773 1229 1819 fecerat,
1260 1771 1352 1810 haec
1377 1773 1540 1823 accepit:
1570 1785 1633 1809 ur-

977 1828 1061 1866 bem
1091 1829 1228 1866 distare
1257 1828 1398 1866 duabus
1428 1830 1510 1867 viae
1531 1828 1631 1866 horis

977 1885 1023 1921 ab
1043 1884 1184 1933 Nigro,
1215 1885 1277 1933 qui
1302 1885 1479 1923 orientem
1503 1897 1631 1922 versus

975 1942 1093 1977 fluens
1121 1941 1159 1977 iu
1187 1953 1359 1989 magnum
1381 1941 1494 1978 dulcis
1515 1953 1633 1990 aquae

976 1994 1092 2033 lacum
1109 1997 1184 2033 sive
1202 2009 1303 2034 mare
1323 1998 1482 2044 desinat,
1503 1998 1541 2034 in
1555 2010 1634 2034 me-

977 2052 1038 2088 dia
1056 2051 1177 2088 Africa
1199 2052 1306 2089 situm
1335 2054 1483 2091 nomine
1511 2052 1632 2090 Bakt-

977 2107 1136 2152 Soldan3
1155 2109 1253 2146 unde
1273 2110 1334 2158 qui
1353 2110 1399 2147 ab
1421 2109 1533 2147 altera
1546 2122 1634 2159 par-

974 2168 1012 2201 te
1046 2169 1151 2202 exeat
1189 2166 1318 2202 fluvius
1339 2194 1350 2212 ,
1392 2179 1475 2204 esse
1507 2165 1633 2203 Nilum

973 2219 1196 2271 Aegyptium
1222 2221 1345 2270 (conf.
1364 2222 1491 2260 Revue
1510 2223 1634 2270 Ency-

975 2275 1067 2326 clop.
1087 2283 1112 2313 t.
1127 2277 1177 2314 lV
1195 2290 1231 2327 p.
1243 2280 1311 2325 57,
1330 2278 1446 2316 Xeme
1463 2277 1630 2327 livrais.).

975 2331 1199 2376 Quibuscum
1250 2335 1328 2372 fere
1382 2335 1632 2382 consentiunt,

978 2400 1073 2437 quae
1105 2389 1279 2427 Mollieno
1313 2391 1510 2427 sciscitanti
1539 2404 1634 2428 non-

978 2443 1067 2480 nulli
1094 2446 1282 2483 dixerunt:
1320 2446 1478 2495 Nigrum
1506 2446 1632 2498 procul

977 2500 1024 2537 ab
1046 2501 1135 2538 urbe
1155 2501 1190 2537 T
1194 2502 1364 2539 ombuctu
1394 2503 1492 2541 exire
1521 2503 1558 2540 in
1579 2502 1633 2540 la-

978 2568 1059 2592 cum
1096 2557 1333 2605 immensum,
1390 2560 1487 2596 cuius
1519 2560 1632 2610 ipsius

978 2624 1096 2661 aquae
1119 2614 1320 2651 defluentes
1349 2614 1387 2652 in
1414 2614 1538 2654 Nilum
1567 2617 1633 2653 de-

977 2667 1194 2706 laberentur.
1254 2669 1336 2707 vid.
1372 2671 1526 2721 Voyage
1563 2676 1630 2709 etc.

979 2729 1006 2760 t.
1035 2724 1050 2760 Ι
1079 2737 1165 2776 pag.
1190 2728 1283 2768 219.
1324 2732 1350 2764 t.
1379 2727 1413 2765 11
1441 2741 1526 2780 pag.
1548 2730 1627 2770 291

978 2792 1054 2830 seq.
