1759 3324
367 286 452 327 48⁰

763 285 1235 326 HERODOTI

35 404 314 474 ἱῐὲὲξῐεῖξὲᾶᾎζῑᾶῗ
370 406 500 452 γουσι
528 395 636 441 ἄλλα
663 412 708 440 τε
737 395 898 451 μάταια
926 395 1087 450 πολλὰ,
1117 397 1191 440 καὶ
1220 393 1280 448 ὦς
1307 399 1533 453 γυναικῶν
1555 396 1634 451 τὰς

37 481 142 508 quam,
178 474 235 500 nisi
263 481 314 500 en-

36 515 101 534 rum
120 507 257 541 nomina,
283 510 315 534 et

36 549 114 575 quae
131 541 314 568 rerumordo

35 575 175 609 postulet,
206 583 315 603 memo-

37 613 172 637 raturum
190 617 267 637 0858.

369 475 568 532 γλώσσας
603 475 627 520 ὁ
664 477 930 532 Ψαμμίτιχος
970 476 1188 531 ἓκταμών,
1233 476 1313 532 τήν
1352 478 1523 520 δίαιταν
1553 477 1633 521 οὕ-

371 572 456 606 τως
485 554 714 611 ἐποιήσατο
740 559 828 598 τῶν
858 557 1026 598 παίδων
1055 555 1173 609 παρὰ
1219 555 1402 613 ταύτῃσι
1429 561 1528 613 τῇσι
1554 559 1691 612 γυ-45

344 636 499 687 Ξναιξί.
529 635 638 677 κατὰ
669 633 747 688 μὲν
777 632 829 688 δὴ
858 633 939 689 τήν
970 633 1140 690 τροφήν
1168 638 1256 677 τῶν
1284 636 1453 678 παίδων
1470 639 1633 679 τοσαῦ-

369 731 422 757 τα
453 714 609 768 ἔλεγον.
657 710 858 754 ’Ήκουσα
888 712 933 755 δὲ
963 714 1036 755 καὶ
1067 712 1175 755 ἄλλα
1205 713 1251 755 ἐν
1282 712 1458 769 Μέμφι,
1492 713 1636 757 ἐλθών

341 793 416 843 Βές
447 791 606 846 λόγους
635 795 747 833 τοῖσι
778 792 919 844 ἱρεῦσι
947 794 1028 833 τοῦ
1060 788 1316 846 “Ηφαίστου.
1373 794 1446 836 καὶ
1474 793 1527 849 δή
1559 793 1634 836 καὶ

367 871 411 922 ἐς
444 869 590 927 Θήβας
618 885 662 912 τε
691 869 765 911 καὶ
794 868 836 920 ἐς
874 866 1165 912 “Ηλιούπολιν
1203 868 1349 914 αὐτῶν
1377 871 1546 915 τούτων
1575 873 1635 915 εἴ-

367 965 491 993 νεκεν
541 946 815 1003 ἐτραπόμην,
862 947 1026 991 ἐθέλων
1071 948 1231 992 εἰδέναι
1270 949 1307 992 εἰ
1340 947 1693 1005 συμβήσονται5ο

371 1034 486 1073 τοῖσι
515 1028 685 1083 λόγοισι
717 1032 831 1071 τοῖσι
862 1027 907 1070 ἐν
932 1027 1098 1083 Μέμφι.
1130 1028 1174 1070 οἱ
1201 1025 1286 1082 γάρ
1312 1026 1636 1073 Ἡλιουπολῖται

344 1109 574 1165 4λέγονται
599 1108 850 1162 Αἰγυπτίων
879 1104 991 1150 εἶναι
1020 1105 1290 1162 λογιώτατοι.

1353 1106 1416 1149 Τὰ
1443 1108 1523 1163 μέν
1550 1125 1635 1152 νυν
1646 1120 1648 1123 “

375 1193 478 1232 θεῖα
506 1191 595 1230 τῶν
633 1184 928 1242 ἀπηγημάτων
967 1183 1040 1229 οἷα
1067 1185 1254 1241 ἤκουον,
1302 1184 1383 1229 οὐκ
1413 1188 1498 1242 εἰμὶ
1525 1186 1637 1244 πρό-

375 1273 519 1322 θυμος
550 1266 819 1322 ἐξηγέεσθαι,
853 1265 930 1317 ἔξω
958 1264 988 1322 ἦ
1017 1264 1070 1308 τα
1102 1262 1326 1321 οὐνόματα
1348 1263 1495 1310 αὐτῶν
1524 1271 1636 1322 μοῦ-

373 1360 475 1391 νον’
517 1348 705 1401 νομίζων
734 1344 897 1396 πάντας
927 1343 1194 1400 ἀνθρώπους
1236 1346 1335 1388 ἴσον
1363 1346 1463 1401 περὶ
1491 1345 1637 1390 αὐτῶν

317 1533 413 1571 Solis
434 1533 493 1582 qui
505 1532 688 1569 ferebatur
697 1542 842 1580 parens,
853 1529 974 1567 Mem-

317 1591 382 1641 phi
401 1589 591 1637 insigniter
616 1586 767 1633 cultum,
798 1599 893 1623 nunc
915 1599 974 1623 sa-

318 1647 365 1683 tis
389 1649 541 1683 constat.
564 1643 648 1680 vid.
673 1643 846 1680 Creuzeri
865 1643 974 1691 Sym-

323 1702 394 1740 bol.
423 1701 438 1738 1
458 1715 493 1752 p.
518 1702 611 1742 529.

380 1753 594 1807 ἐποιήσατο
610 1757 692 1794 τῶν
711 1753 883 1806 παίδων]
913 1754 974 1792 In-

318 1815 399 1852 vitis
419 1815 518 1851 libris
546 1812 753 1851 melioribus
785 1812 869 1849 olim
893 1812 972 1849 edi-

315 1876 393 1909 tum
422 1870 621 1909 παιδίων.
661 1868 742 1906 Nos
767 1868 969 1917 Schweigh.

318 1933 356 1966 et
374 1928 489 1964 Gaisf.
513 1926 624 1964 secuti
647 1938 780 1962 sumus.

374 1983 441 2022 καὶ
462 1981 510 2032 δή
533 1981 600 2021 καὶ
626 1980 664 2028 ἐς
687 1977 824 2032 Θήβας
844 1995 884 2020 τε
902 1978 970 2018 καὶ

321 2035 635 2087 ἒςΓΗλιούπολιν
665 2053 700 2077 κ.
727 2053 759 2077 τ.
779 2036 830 2087 λ.]
870 2037 973 2073 Facit

320 2097 416 2143 huc,
447 2097 546 2146 quod
566 2094 674 2146 paulo
701 2099 785 2144 post
813 2093 972 2129 omnium

321 2151 584 2202 Aegyptiorum
622 2150 820 2188 doctissimi
848 2149 972 2198 perhi-

323 2209 449 2245 bentur
476 2207 722 2257 Heliopolitae
753 2205 971 2242 sacerdotes.

323 2263 445 2312 Atque
490 2265 657 2301 videntur
702 2262 772 2299 tria
824 2261 972 2297 omnino

325 2320 437 2358 fuisse
461 2321 604 2369 potiora
623 2318 883 2369 Aegyptiorum
914 2329 973 2353 sa-

323 2377 510 2414 cerdotum
547 2375 716 2423 collegia:
762 2373 973 2422 Memphiti-

325 2445 427 2479 cum,
456 2431 681 2468 Thebaicum
709 2434 745 2468 et
772 2429 973 2478 Heliopoli—

325 2494 471 2535 tanum,
500 2487 536 2523 in
571 2487 699 2536 quibus
729 2485 971 2535 Heliopolitae

326 2546 481 2597 primum
508 2543 626 2580 locum
652 2542 904 2588 obtinuerunt,
943 2541 974 2577 si

327 2602 474 2652 quidem
518 2612 605 2637 vera
667 2598 787 2635 retulit
842 2596 974 2633 Strabo

329 2657 454 2706 (XVII
478 2668 564 2706 pag.
588 2652 718 2701 1158,
733 2653 768 2691 D
800 2665 875 2702 seq.
901 2653 976 2690 sive

326 2727 412 2766 pag.
436 2713 515 2754 805
535 2712 630 2760 seq.)
644 2739 655 2758 ,
688 2709 784 2746 Solis
804 2708 976 2759 templum

327 2784 400 2808 una
442 2782 521 2806 cum
555 2767 705 2805 aedibus
748 2766 976 2803 sacerdotum

328 2830 492 2864 accurate
516 2824 719 2861 describens
752 2825 788 2860 et
814 2820 975 2872 pluribus

329 2884 375 2921 de
391 2883 531 2919 illorum
559 2879 721 2917 doctrina
747 2891 790 2915 ac
816 2878 977 2928 discipli-

328 2951 377 2977 na
406 2939 599 2976 disserens.
646 2933 763 2973 'Confi
799 2946 893 2983 quae
926 2935 974 2971 ad

1040 1529 1093 1577 II,
1116 1532 1142 1570 7
1167 1529 1383 1567 notabimus.
1441 1529 1593 1569 Praeter
1613 1530 1693 1569 He·
1756 1503 1759 1583 i

1039 1586 1220 1636 liopolitas
1241 1587 1448 1623 sacerdotes
1459 1586 1691 1625 Herodotum
1756 1621 1757 1629 ,

1042 1642 1213 1679 credibile
1234 1646 1290 1679 est
1321 1642 1483 1692 inprimis
1512 1656 1599 1691 eos,
1629 1644 1691 1693 qui
1755 1630 1758 1651 ²

1040 1697 1203 1748 Memphi
1221 1701 1345 1745 erant,
1365 1697 1589 1737 consuluisse
1601 1699 1694 1736 mul-
1754 1722 1756 1730 ν

1041 1759 1171 1803 tasque
1197 1767 1280 1801 res,
1318 1766 1409 1803 quas
1441 1754 1522 1805 ipse
1557 1768 1696 1804 cogno-
1754 1766 1755 1780 ³

1040 1824 1139 1848 scere
1170 1810 1268 1847 haud
1300 1810 1441 1860 potuit,
1481 1811 1528 1848 ab
1563 1811 1694 1849 iisdem

1038 1868 1206 1905 edoctum
1223 1866 1349 1904 fuisse.
1408 1865 1492 1904 Vid.
1522 1868 1618 1905 infra
1644 1868 1692 1915 11,

1097 1994 1121 2017 α
1142 1973 1167 2017 ὕ
1184 1993 1205 2016 τ
1223 1980 1254 2017 ὤ
1271 1993 1295 2018 ν
1323 1973 1477 2018 τούτων
1517 1979 1692 2031 εἵνεκεν]

1041 2030 1174 2073 αὐτῶν
1195 2048 1275 2072 cum
1295 2036 1413 2074 Gaisf.
1446 2040 1483 2073 et
1510 2036 1567 2074 hic
1599 2041 1636 2075 et
1655 2039 1693 2074 in

1041 2104 1146 2140 seqq.
1171 2091 1349 2129 edidimus
1385 2105 1453 2142 pro
1490 2092 1586 2142 vulg.
1618 2088 1691 2132 αὕ-
1748 2131 1751 2147 ,

1038 2146 1152 2185 τέων.
1173 2170 1229 2175 —
1254 2147 1313 2185 Ad
1340 2144 1568 2201 λογιώτατοι
1597 2151 1692 2187 conf.

1039 2208 1130 2240 nott.
1158 2205 1206 2241 ad
1228 2203 1265 2251 I,
1287 2206 1321 2245 1.
1747 2240 1749 2250 A

1106 2255 1259 2306 πάντας
1307 2255 1553 2312 ἀνθρώπους
1602 2259 1693 2302 ἴσον
1746 2260 1749 2307 ἶ

1039 2315 1131 2367 περὶ
1160 2311 1291 2355 αὐτῶν
1320 2315 1578 2368 ἐπίστασθαι]
1616 2319 1640 2355 i.
1660 2332 1692 2356 e.
1746 2346 1747 2351 ,

1042 2385 1153 2410 omnes
1174 2373 1324 2410 homines
1339 2375 1478 2424 pariter
1497 2374 1582 2411 haec
1605 2374 1695 2423 (no-

1040 2429 1137 2466 mina
1155 2429 1303 2466 deorum
1313 2428 1588 2481 Aegyptiorum,
1598 2443 1694 2479 quae
1744 2430 1747 2443 ²

1039 2485 1118 2522 sola
1135 2498 1232 2522 nunc
1260 2487 1426 2536 proferre
1451 2485 1570 2535 lubet)
1593 2489 1692 2524 scire.
1744 2502 1745 2510 ¹

1043 2540 1074 2578 C
1080 2554 1110 2577 r.
1145 2541 1330 2590 Heynium
1376 2543 1493 2589 citat,
1544 2542 1607 2593 qui
1651 2543 1691 2580 in
1742 2567 1744 2582 ;

1043 2597 1248 2634 Comment.
1298 2598 1346 2636 de
1389 2599 1497 2636 fontt.
1537 2598 1693 2637 Diodori
1742 2595 1744 2618 ²

1043 2665 1128 2702 pag.
1146 2652 1179 2689 L
1202 2654 1259 2690 ed.
1280 2653 1428 2704 Bipont.
1450 2658 1476 2691 t.
1500 2654 1519 2692 I
1546 2654 1582 2692 h.
1603 2654 1626 2692 l.
1641 2650 1694 2691 ita
1741 2651 1743 2661 ¹

1043 2709 1318 2758 interpretatur:
1338 2723 1478 2757 „omnes
1496 2710 1609 2748 eodem
1617 2723 1690 2748 mo-

1044 2765 1088 2801 ‹lo
1105 2765 1146 2801 de
1168 2764 1222 2801 lzz‘s
1246 2767 1441 2803 nominibus
1454 2765 1627 2815 statuere,
1649 2770 1691 2803 ut

1037 2834 1103 2871 pro
1122 2821 1243 2858 iisdem
1259 2824 1420 2860 nimirum
1436 2823 1507 2861 diis
1528 2836 1608 2860 cum
1623 2823 1693 2860 Ae-

1041 2879 1176 2927 gyptiis
1203 2878 1409 2922 habeant;“
1454 2879 1518 2916 ubi
1554 2874 1692 2918 αὐταῖν
1736 2894 1740 2933 j

1041 2935 1152 2972 refert
1179 2935 1226 2971 ad
1254 2935 1525 2973 antecedentia:
1554 2931 1603 2974 τὰ
1625 2929 1708 2974 οὕ-“
1735 2983 1738 2999 '
