<?xml version="1.0" encoding="UTF-8"?>
<!DOCTYPE html PUBLIC "-//W3C//DTD XHTML 1.0 Transitional//EN"
    "http://www.w3.org/TR/xhtml1/DTD/xhtml1-transitional.dtd">
<html xmlns="http://www.w3.org/1999/xhtml" xml:lang="en" lang="en">
 <head>
  <title>
</title>
<meta http-equiv="Content-Type" content="text/html;charset=utf-8" />
  <meta name='ocr-system' content='tesseract 3.04.00' />
  <meta name='ocr-capabilities' content='ocr_page ocr_carea ocr_par ocr_line ocrx_word'/>
</head>
<body>
  <div class='ocr_page' id='page_1' title='image "./musaeher01hero/musaeher01hero_0168.png"; bbox 0 0 1814 3315; ppageno 0'>
   <div class='ocr_carea' id='block_1_1' title="bbox 242 339 486 393">
    <p class='ocr_par' dir='ltr' id='par_1_1' title="bbox 242 339 486 393">
     <span class='ocr_line' id='line_1_1' title="bbox 242 339 486 393; baseline -0.02 -8"><span class='ocrx_word' id='word_1_1' title='bbox 242 339 307 385; x_wconf 83' lang='grc'>62</span> <span class='ocrx_word' id='word_1_2' title='bbox 369 340 486 393; x_wconf 87' lang='grc' dir='ltr'><em>δρας.</em></span> 
     </span>
    </p>
   </div>
   <div class='ocr_carea' id='block_1_2' title="bbox 36 402 396 434">
    <p class='ocr_par' dir='ltr' id='par_1_2' title="bbox 36 402 396 434">
     <span class='ocr_line' id='line_1_2' title="bbox 36 402 396 434; baseline 0 -3"><span class='ocrx_word' id='word_1_3' title='bbox 36 404 122 431; x_wconf 78' lang='lat' dir='ltr'>Anno</span> <span class='ocrx_word' id='word_1_4' title='bbox 160 402 314 431; x_wconf 75' lang='lat' dir='ltr'>undecimo</span> <span class='ocrx_word' id='word_1_5' title='bbox 376 418 396 434; x_wconf 66' lang='grc' dir='ltr'>,ι</span> 
     </span>
    </p>
   </div>
   <div class='ocr_carea' id='block_1_3' title="bbox 35 437 312 568">
    <p class='ocr_par' dir='ltr' id='par_1_3' title="bbox 35 437 310 566">
     <span class='ocr_line' id='line_1_3' title="bbox 35 437 310 465; baseline 0.008 -2"><span class='ocrx_word' id='word_1_6' title='bbox 35 437 117 464; x_wconf 70' lang='lat' dir='ltr'>exilii</span> <span class='ocrx_word' id='word_1_7' title='bbox 159 437 310 465; x_wconf 73' lang='lat' dir='ltr'>Maratha</span> 
     </span>
     <span class='ocr_line' id='line_1_4' title="bbox 36 476 262 511; baseline 0 -14"><span class='ocrx_word' id='word_1_8' title='bbox 36 479 101 497; x_wconf 80' lang='lat' dir='ltr'>nem</span> <span class='ocrx_word' id='word_1_9' title='bbox 128 479 161 496; x_wconf 85' lang='lat' dir='ltr'>n</span> <span class='ocrx_word' id='word_1_10' title='bbox 157 476 262 511; x_wconf 78' lang='lat' dir='ltr'>nupat.</span> 
     </span>
     <span class='ocr_line' id='line_1_5' title="bbox 37 504 312 545; baseline 0 -15"><span class='ocrx_word' id='word_1_11' title='bbox 37 504 198 545; x_wconf 43' lang='lat' dir='ltr'>Ani-:hinni</span> <span class='ocrx_word' id='word_1_12' title='bbox 235 506 312 534; x_wconf 75' lang='lat' dir='ltr'>vati-</span> 
     </span>
     <span class='ocr_line' id='line_1_6' title="bbox 35 539 154 568; baseline 0.009 -4"><span class='ocrx_word' id='word_1_13' title='bbox 35 539 154 568; x_wconf 79' lang='lat' dir='ltr'>ciuium.</span> 
     </span>
    </p>
   </div>
   <div class='ocr_carea' id='block_1_4' title="bbox 372 231 455 270">
    <p class='ocr_par' dir='ltr' id='par_1_4' title="bbox 372 231 455 270">
     <span class='ocr_line' id='line_1_7' title="bbox 372 231 455 270; baseline 0 0"><span class='ocrx_word' id='word_1_14' title='bbox 372 231 455 270; x_wconf 69' lang='lat'>154</span> 
     </span>
    </p>
   </div>
   <div class='ocr_carea' id='block_1_5' title="bbox 341 412 924 551">
    <p class='ocr_par' dir='ltr' id='par_1_5' title="bbox 341 412 924 551">
     <span class='ocr_line' id='line_1_8' title="bbox 373 412 924 467; baseline -0.009 -6"><span class='ocrx_word' id='word_1_15' title='bbox 373 432 488 467; x_wconf 86' lang='grc' dir='ltr'><em>ετεος</em></span> <span class='ocrx_word' id='word_1_16' title='bbox 522 412 732 457; x_wconf 76' lang='grc' dir='ltr'><em>ἀπίκοντο</em></span> <span class='ocrx_word' id='word_1_17' title='bbox 772 412 924 457; x_wconf 80' lang='grc' dir='ltr'><strong><em>ὀπίσω.</em></strong></span> 
     </span>
     <span class='ocr_line' id='line_1_9' title="bbox 341 496 867 551; baseline -0.002 -14"><span class='ocrx_word' id='word_1_18' title='bbox 341 498 542 551; x_wconf 71' lang='grc' dir='ltr'><em>Ξισχουσι</em></span> <span class='ocrx_word' id='word_1_19' title='bbox 587 496 867 549; x_wconf 78' lang='grc' dir='ltr'><strong><em>Μαραθῶνα.</em></strong></span> 
     </span>
    </p>
   </div>
   <div class='ocr_carea' id='block_1_6' title="bbox 785 224 1251 264">
    <p class='ocr_par' dir='ltr' id='par_1_6' title="bbox 785 224 1251 264">
     <span class='ocr_line' id='line_1_10' title="bbox 785 224 1251 264; baseline 0.004 -2"><span class='ocrx_word' id='word_1_20' title='bbox 785 224 1251 264; x_wconf 92' lang='lat' dir='ltr'>HERODOTI</span> 
     </span>
    </p>
   </div>
   <div class='ocr_carea' id='block_1_7' title="bbox 542 332 1635 554">
    <p class='ocr_par' dir='ltr' id='par_1_7' title="bbox 542 332 1635 554">
     <span class='ocr_line' id='line_1_11' title="bbox 542 332 1634 392; baseline 0.003 -15"><span class='ocrx_word' id='word_1_21' title='bbox 542 334 609 388; x_wconf 83' lang='grc' dir='ltr'>Ἐξ</span> <span class='ocrx_word' id='word_1_22' title='bbox 635 332 849 390; x_wconf 84' lang='grc' dir='ltr'><em>Ἐρετρίης</em></span> <span class='ocrx_word' id='word_1_23' title='bbox 886 334 935 378; x_wconf 78' lang='grc' dir='ltr'>δὲ</span> <span class='ocrx_word' id='word_1_24' title='bbox 975 333 1257 392; x_wconf 79' lang='grc' dir='ltr'><strong><em>ὁρμηθέντες,</em></strong></span> <span class='ocrx_word' id='word_1_25' title='bbox 1298 335 1370 380; x_wconf 77' lang='grc' dir='ltr'><em>διὰ</em></span> <span class='ocrx_word' id='word_1_26' title='bbox 1398 333 1634 381; x_wconf 79' lang='grc' dir='ltr'><em>ἑνδεκάτου</em></span> 
     </span>
     <span class='ocr_line' id='line_1_12' title="bbox 981 414 1635 474; baseline 0.006 -17"><span class='ocrx_word' id='word_1_27' title='bbox 981 414 1055 458; x_wconf 89' lang='grc' dir='ltr'><em>καὶ</em></span> <span class='ocrx_word' id='word_1_28' title='bbox 1101 419 1279 470; x_wconf 87' lang='grc' dir='ltr'><em>πρῶτον</em></span> <span class='ocrx_word' id='word_1_29' title='bbox 1325 419 1402 471; x_wconf 87' lang='grc' dir='ltr'><em>τῆς</em></span> <span class='ocrx_word' id='word_1_30' title='bbox 1442 414 1635 474; x_wconf 80' lang='grc' dir='ltr'><strong><em>Ἀττικῆς</em></strong></span> 
     </span>
     <span class='ocr_line' id='line_1_13' title="bbox 927 493 1634 554; baseline 0.003 -17"><span class='ocrx_word' id='word_1_31' title='bbox 927 493 975 537; x_wconf 78' lang='grc' dir='ltr'><em>ἐν</em></span> <span class='ocrx_word' id='word_1_32' title='bbox 1019 494 1066 538; x_wconf 78' lang='grc' dir='ltr'>δὲ</span> <span class='ocrx_word' id='word_1_33' title='bbox 1106 494 1247 553; x_wconf 83' lang='grc' dir='ltr'><em>τούτῳ</em></span> <span class='ocrx_word' id='word_1_34' title='bbox 1284 498 1347 553; x_wconf 78' lang='grc' dir='ltr'><em>τῷ</em></span> <span class='ocrx_word' id='word_1_35' title='bbox 1384 493 1513 554; x_wconf 80' lang='grc' dir='ltr'><em>χώρῳ</em></span> <span class='ocrx_word' id='word_1_36' title='bbox 1554 508 1634 551; x_wconf 82' lang='grc' dir='ltr'><em>σφι</em></span> 
     </span>
    </p>
   </div>
   <div class='ocr_carea' id='block_1_8' title="bbox 366 572 1632 631">
    <p class='ocr_par' dir='ltr' id='par_1_8' title="bbox 366 572 1632 631">
     <span class='ocr_line' id='line_1_14' title="bbox 366 572 1632 631; baseline 0.001 -13"><span class='ocrx_word' id='word_1_37' title='bbox 366 572 878 631; x_wconf 81' lang='grc' dir='ltr'><em>στρατοπεδευομένοισι,</em></span> <span class='ocrx_word' id='word_1_38' title='bbox 921 574 969 616; x_wconf 80' lang='grc' dir='ltr'>οῖ’</span> <span class='ocrx_word' id='word_1_39' title='bbox 1004 589 1050 616; x_wconf 91' lang='grc' dir='ltr'>τε</span> <span class='ocrx_word' id='word_1_40' title='bbox 1080 573 1126 617; x_wconf 79' lang='grc' dir='ltr'>ἐκ</span> <span class='ocrx_word' id='word_1_41' title='bbox 1154 579 1237 618; x_wconf 79' lang='grc' dir='ltr'><em>τοῦ</em></span> <span class='ocrx_word' id='word_1_42' title='bbox 1268 574 1420 626; x_wconf 77' lang='grc' dir='ltr'><em>ἄστεος</em></span> <span class='ocrx_word' id='word_1_43' title='bbox 1450 579 1632 619; x_wconf 85' lang='grc' dir='ltr'><em>στασιῶ-</em></span> 
     </span>
    </p>
   </div>
   <div class='ocr_carea' id='block_1_9' title="bbox 367 650 1690 711">
    <p class='ocr_par' dir='ltr' id='par_1_9' title="bbox 367 650 1690 711">
     <span class='ocr_line' id='line_1_15' title="bbox 367 650 1690 711; baseline -0.002 -14"><span class='ocrx_word' id='word_1_44' title='bbox 367 671 436 697; x_wconf 88' lang='grc' dir='ltr'>ται</span> <span class='ocrx_word' id='word_1_45' title='bbox 466 651 696 705; x_wconf 78' lang='grc' dir='ltr'><em>ἀπίκοντο,</em></span> <span class='ocrx_word' id='word_1_46' title='bbox 735 650 860 696; x_wconf 60' lang='lat' dir='ltr'>&amp;moa</span> <span class='ocrx_word' id='word_1_47' title='bbox 895 668 940 696; x_wconf 93' lang='grc' dir='ltr'>τε</span> <span class='ocrx_word' id='word_1_48' title='bbox 970 652 1017 696; x_wconf 79' lang='grc' dir='ltr'>ἐκ</span> <span class='ocrx_word' id='word_1_49' title='bbox 1045 657 1135 697; x_wconf 91' lang='grc' dir='ltr'>τῶν</span> <span class='ocrx_word' id='word_1_50' title='bbox 1166 652 1316 709; x_wconf 80' lang='grc' dir='ltr'><em>δήμων</em></span> <span class='ocrx_word' id='word_1_51' title='bbox 1345 655 1628 711; x_wconf 68' lang='grc' dir='ltr'><em>προσέρρεον,</em></span> <span class='ocrx_word' id='word_1_52' title='bbox 1643 661 1690 695; x_wconf 87' lang='grc' dir='ltr'>7ο</span> 
     </span>
    </p>
   </div>
   <div class='ocr_carea' id='block_1_10' title="bbox 367 728 1628 789">
    <p class='ocr_par' dir='ltr' id='par_1_10' title="bbox 367 728 1628 789">
     <span class='ocr_line' id='line_1_16' title="bbox 367 728 1628 789; baseline 0 -13"><span class='ocrx_word' id='word_1_53' title='bbox 367 730 455 777; x_wconf 84' lang='grc' dir='ltr'><em>οἷσι</em></span> <span class='ocrx_word' id='word_1_54' title='bbox 492 731 519 788; x_wconf 79' lang='grc' dir='ltr'><em>ἡ</em></span> <span class='ocrx_word' id='word_1_55' title='bbox 569 732 778 787; x_wconf 84' lang='grc' dir='ltr'><em>τυραννὶς</em></span> <span class='ocrx_word' id='word_1_56' title='bbox 819 731 905 786; x_wconf 86' lang='grc' dir='ltr'>πρὸ</span> <span class='ocrx_word' id='word_1_57' title='bbox 931 731 1180 788; x_wconf 73' lang='grc' dir='ltr'>ἐλευθερίης</span> <span class='ocrx_word' id='word_1_58' title='bbox 1206 728 1263 788; x_wconf 81' lang='grc' dir='ltr'><em>ἦν</em></span> <span class='ocrx_word' id='word_1_59' title='bbox 1293 731 1628 789; x_wconf 83' lang='grc' dir='ltr'><em>α’σπαστότερον.</em></span> 
     </span>
    </p>
   </div>
   <div class='ocr_carea' id='block_1_11' title="bbox 338 807 1632 869">
    <p class='ocr_par' dir='ltr' id='par_1_11' title="bbox 338 807 1632 869">
     <span class='ocr_line' id='line_1_17' title="bbox 338 807 1632 869; baseline 0.002 -15"><span class='ocrx_word' id='word_1_60' title='bbox 338 807 495 856; x_wconf 71' lang='grc' dir='ltr'><em>Βοιῖτοι</em></span> <span class='ocrx_word' id='word_1_61' title='bbox 525 811 604 867; x_wconf 70' lang='grc' dir='ltr'><em>μὲν</em></span> <span class='ocrx_word' id='word_1_62' title='bbox 634 811 687 869; x_wconf 76' lang='grc' dir='ltr'>δὴ</span> <span class='ocrx_word' id='word_1_63' title='bbox 719 812 1012 868; x_wconf 79' lang='grc' dir='ltr'><em>συνηλίζοντο.</em></span> <span class='ocrx_word' id='word_1_64' title='bbox 1053 810 1296 867; x_wconf 81' lang='grc' dir='ltr'><em>Ἀθηναίων</em></span> <span class='ocrx_word' id='word_1_65' title='bbox 1330 812 1376 856; x_wconf 78' lang='grc' dir='ltr'>δὲ</span> <span class='ocrx_word' id='word_1_66' title='bbox 1402 814 1446 856; x_wconf 84' lang='grc' dir='ltr'>οῖ</span> <span class='ocrx_word' id='word_1_67' title='bbox 1475 813 1521 856; x_wconf 81' lang='grc' dir='ltr'>ἐκ</span> <span class='ocrx_word' id='word_1_68' title='bbox 1551 817 1632 856; x_wconf 86' lang='grc' dir='ltr'><em>τοῦ</em></span> 
     </span>
    </p>
   </div>
   <div class='ocr_carea' id='block_1_12' title="bbox 365 890 1630 946">
    <p class='ocr_par' dir='ltr' id='par_1_12' title="bbox 365 890 1630 946">
     <span class='ocr_line' id='line_1_18' title="bbox 365 890 1630 946; baseline 0 -11"><span class='ocrx_word' id='word_1_69' title='bbox 365 892 535 945; x_wconf 79' lang='grc' dir='ltr'><em>ἄστεος,</em></span> <span class='ocrx_word' id='word_1_70' title='bbox 577 891 656 943; x_wconf 75' lang='grc' dir='ltr'>ἕως</span> <span class='ocrx_word' id='word_1_71' title='bbox 692 892 772 946; x_wconf 80' lang='grc' dir='ltr'><em>μὲν</em></span> <span class='ocrx_word' id='word_1_72' title='bbox 814 893 1124 945; x_wconf 87' lang='grc' dir='ltr'><em>Πεισίστρατος</em></span> <span class='ocrx_word' id='word_1_73' title='bbox 1163 891 1214 934; x_wconf 74' lang='grc' dir='ltr'><em>τὰ</em></span> <span class='ocrx_word' id='word_1_74' title='bbox 1244 890 1442 946; x_wconf 81' lang='grc' dir='ltr'><em>χρήματα</em></span> <span class='ocrx_word' id='word_1_75' title='bbox 1471 891 1630 946; x_wconf 74' lang='grc' dir='ltr'><em>ἤγειρε,</em></span> 
     </span>
    </p>
   </div>
   <div class='ocr_carea' id='block_1_13' title="bbox 365 968 1632 1028">
    <p class='ocr_par' dir='ltr' id='par_1_13' title="bbox 365 968 1632 1028">
     <span class='ocr_line' id='line_1_19' title="bbox 365 968 1632 1028; baseline -0.002 -13"><span class='ocrx_word' id='word_1_76' title='bbox 365 972 439 1016; x_wconf 85' lang='grc' dir='ltr'><em>καὶ</em></span> <span class='ocrx_word' id='word_1_77' title='bbox 464 975 664 1028; x_wconf 80' lang='grc' dir='ltr'><em>μεταῦτις</em></span> <span class='ocrx_word' id='word_1_78' title='bbox 693 969 752 1021; x_wconf 74' lang='grc' dir='ltr'>ὥς</span> <span class='ocrx_word' id='word_1_79' title='bbox 782 971 874 1026; x_wconf 77' lang='grc' dir='ltr'><em>ἔσχε</em></span> <span class='ocrx_word' id='word_1_80' title='bbox 908 973 1194 1024; x_wconf 76' lang='grc' dir='ltr'><em>Μαραθῶνα,</em></span> <span class='ocrx_word' id='word_1_81' title='bbox 1223 968 1356 1026; x_wconf 79' lang='grc' dir='ltr'><em>λόγον</em></span> <span class='ocrx_word' id='word_1_82' title='bbox 1388 968 1551 1014; x_wconf 81' lang='grc' dir='ltr'><em>οὐδένα</em></span> <span class='ocrx_word' id='word_1_83' title='bbox 1579 968 1632 1013; x_wconf 80' lang='grc' dir='ltr'><em>εἷ-</em></span> 
     </span>
    </p>
   </div>
   <div class='ocr_carea' id='block_1_14' title="bbox 367 1048 1687 1107">
    <p class='ocr_par' dir='ltr' id='par_1_14' title="bbox 367 1048 1687 1107">
     <span class='ocr_line' id='line_1_20' title="bbox 367 1048 1687 1107; baseline -0.002 -13"><span class='ocrx_word' id='word_1_84' title='bbox 367 1067 458 1107; x_wconf 84' lang='grc' dir='ltr'><em>χον.</em></span> <span class='ocrx_word' id='word_1_85' title='bbox 490 1050 580 1094; x_wconf 79' lang='grc' dir='ltr'><em>ἐπεί</em></span> <span class='ocrx_word' id='word_1_86' title='bbox 609 1067 653 1095; x_wconf 94' lang='grc' dir='ltr'>τε</span> <span class='ocrx_word' id='word_1_87' title='bbox 681 1051 727 1095; x_wconf 77' lang='grc' dir='ltr'>δὲ</span> <span class='ocrx_word' id='word_1_88' title='bbox 757 1049 977 1094; x_wconf 81' lang='grc' dir='ltr'><em>ἐπύθοντο</em></span> <span class='ocrx_word' id='word_1_89' title='bbox 1009 1049 1055 1094; x_wconf 76' lang='grc' dir='ltr'>ἐκ</span> <span class='ocrx_word' id='word_1_90' title='bbox 1084 1052 1164 1093; x_wconf 85' lang='grc' dir='ltr'><em>τοῦ</em></span> <span class='ocrx_word' id='word_1_91' title='bbox 1191 1052 1476 1104; x_wconf 78' lang='grc' dir='ltr'><em>Μαραθῶνος</em></span> <span class='ocrx_word' id='word_1_92' title='bbox 1497 1048 1687 1092; x_wconf 83' lang='grc' dir='ltr'><em>αὐτόν75</em></span> 
     </span>
    </p>
   </div>
   <div class='ocr_carea' id='block_1_15' title="bbox 367 1126 1630 1186">
    <p class='ocr_par' dir='ltr' id='par_1_15' title="bbox 367 1126 1630 1186">
     <span class='ocr_line' id='line_1_21' title="bbox 367 1126 1630 1186; baseline -0.002 -12"><span class='ocrx_word' id='word_1_93' title='bbox 367 1129 634 1186; x_wconf 82' lang='grc' dir='ltr'><em>πορεύεσθαι</em></span> <span class='ocrx_word' id='word_1_94' title='bbox 672 1131 740 1174; x_wconf 74' lang='grc' dir='ltr'>ἐπὶ</span> <span class='ocrx_word' id='word_1_95' title='bbox 779 1129 828 1173; x_wconf 88' lang='grc' dir='ltr'><em>τὸ</em></span> <span class='ocrx_word' id='word_1_96' title='bbox 870 1128 1008 1182; x_wconf 76' lang='grc' dir='ltr'><em>ἄστυ,</em></span> <span class='ocrx_word' id='word_1_97' title='bbox 1053 1128 1169 1173; x_wconf 83' lang='grc' dir='ltr'><em>οὕτω</em></span> <span class='ocrx_word' id='word_1_98' title='bbox 1210 1127 1263 1184; x_wconf 77' lang='grc' dir='ltr'>δή</span> <span class='ocrx_word' id='word_1_99' title='bbox 1299 1130 1540 1185; x_wconf 80' lang='grc' dir='ltr'><em>βοηθέουσι</em></span> <span class='ocrx_word' id='word_1_100' title='bbox 1568 1126 1630 1171; x_wconf 79' lang='grc' dir='ltr'>ἐπ’</span> 
     </span>
    </p>
   </div>
   <div class='ocr_carea' id='block_1_16' title="bbox 339 1203 1630 1265">
    <p class='ocr_par' dir='ltr' id='par_1_16' title="bbox 339 1203 1630 1265">
     <span class='ocr_line' id='line_1_22' title="bbox 339 1203 1630 1265; baseline 0 -14"><span class='ocrx_word' id='word_1_101' title='bbox 339 1208 523 1254; x_wconf 81' lang='grc' dir='ltr'><em>4αὐτόν.</em></span> <span class='ocrx_word' id='word_1_102' title='bbox 553 1211 629 1254; x_wconf 87' lang='grc' dir='ltr'><em>καὶ</em></span> <span class='ocrx_word' id='word_1_103' title='bbox 659 1205 784 1254; x_wconf 80' lang='grc' dir='ltr'><em>οὗτοί</em></span> <span class='ocrx_word' id='word_1_104' title='bbox 813 1225 856 1252; x_wconf 86' lang='grc' dir='ltr'>τε</span> <span class='ocrx_word' id='word_1_105' title='bbox 888 1212 1157 1265; x_wconf 86' lang='grc' dir='ltr'><em>πανστρατιῇ</em></span> <span class='ocrx_word' id='word_1_106' title='bbox 1189 1203 1305 1265; x_wconf 74' lang='grc' dir='ltr'><em>ᾖσαν</em></span> <span class='ocrx_word' id='word_1_107' title='bbox 1334 1208 1402 1252; x_wconf 77' lang='grc' dir='ltr'>ἐπὶ</span> <span class='ocrx_word' id='word_1_108' title='bbox 1427 1206 1529 1258; x_wconf 77' lang='grc' dir='ltr'><em>τοὺς</em></span> <span class='ocrx_word' id='word_1_109' title='bbox 1559 1223 1630 1251; x_wconf 85' lang='grc' dir='ltr'><em>κα-</em></span> 
     </span>
    </p>
   </div>
   <div class='ocr_carea' id='block_1_17' title="bbox 367 1285 1631 1344">
    <p class='ocr_par' dir='ltr' id='par_1_17' title="bbox 367 1285 1631 1344">
     <span class='ocr_line' id='line_1_23' title="bbox 367 1285 1631 1344; baseline -0.002 -12"><span class='ocrx_word' id='word_1_110' title='bbox 367 1287 561 1339; x_wconf 87' lang='grc' dir='ltr'><em>τιόντας·</em></span> <span class='ocrx_word' id='word_1_111' title='bbox 589 1290 663 1332; x_wconf 86' lang='grc' dir='ltr'><em>καὶ</em></span> <span class='ocrx_word' id='word_1_112' title='bbox 693 1291 736 1331; x_wconf 83' lang='grc' dir='ltr'>οἱ</span> <span class='ocrx_word' id='word_1_113' title='bbox 765 1286 878 1344; x_wconf 75' lang='grc' dir='ltr'><em>ἀμφὶ</em></span> <span class='ocrx_word' id='word_1_114' title='bbox 907 1289 1243 1342; x_wconf 87' lang='grc' dir='ltr'><em>Πεισίστρατον,</em></span> <span class='ocrx_word' id='word_1_115' title='bbox 1282 1285 1338 1338; x_wconf 79' lang='grc' dir='ltr'>ὡς</span> <span class='ocrx_word' id='word_1_116' title='bbox 1368 1285 1631 1343; x_wconf 84' lang='grc' dir='ltr'><em>ὁρμηθέντες</em></span> 
     </span>
    </p>
   </div>
   <div class='ocr_carea' id='block_1_18' title="bbox 369 1365 1629 1425">
    <p class='ocr_par' dir='ltr' id='par_1_18' title="bbox 369 1365 1629 1425">
     <span class='ocr_line' id='line_1_24' title="bbox 369 1365 1629 1425; baseline -0.002 -13"><span class='ocrx_word' id='word_1_117' title='bbox 369 1368 417 1413; x_wconf 79' lang='grc' dir='ltr'>ἐκ</span> <span class='ocrx_word' id='word_1_118' title='bbox 443 1371 731 1423; x_wconf 77' lang='grc' dir='ltr'><em>Μαραθῶνος</em></span> <span class='ocrx_word' id='word_1_119' title='bbox 759 1367 888 1425; x_wconf 79' lang='grc' dir='ltr'><em>ἤϊσαν</em></span> <span class='ocrx_word' id='word_1_120' title='bbox 916 1366 984 1411; x_wconf 79' lang='grc' dir='ltr'>ἐπὶ</span> <span class='ocrx_word' id='word_1_121' title='bbox 1011 1365 1060 1410; x_wconf 85' lang='grc' dir='ltr'><em>τὸ</em></span> <span class='ocrx_word' id='word_1_122' title='bbox 1093 1366 1224 1421; x_wconf 79' lang='grc' dir='ltr'><em>ἄστυ,</em></span> <span class='ocrx_word' id='word_1_123' title='bbox 1265 1366 1307 1418; x_wconf 80' lang='grc' dir='ltr'>ἐς</span> <span class='ocrx_word' id='word_1_124' title='bbox 1336 1365 1479 1410; x_wconf 70' lang='grc' dir='ltr'><em>τώυτό</em></span> <span class='ocrx_word' id='word_1_125' title='bbox 1511 1378 1629 1410; x_wconf 73' lang='grc' dir='ltr'><em>συνι·</em></span> 
     </span>
    </p>
   </div>
   <div class='ocr_carea' id='block_1_19' title="bbox 507 1584 763 1637">
    <p class='ocr_par' dir='ltr' id='par_1_19' title="bbox 507 1584 763 1637">
     <span class='ocr_line' id='line_1_25' title="bbox 507 1584 763 1637; baseline 0.004 -15"><span class='ocrx_word' id='word_1_126' title='bbox 507 1585 539 1622; x_wconf 91' lang='lat' dir='ltr'>C</span> <span class='ocrx_word' id='word_1_127' title='bbox 551 1597 572 1622; x_wconf 84' lang='lat' dir='ltr'>a</span> <span class='ocrx_word' id='word_1_128' title='bbox 581 1599 617 1637; x_wconf 87' lang='lat' dir='ltr'>p.</span> <span class='ocrx_word' id='word_1_129' title='bbox 647 1584 763 1623; x_wconf 83' lang='lat' dir='ltr'>LXII.</span> 
     </span>
    </p>
   </div>
   <div class='ocr_carea' id='block_1_20' title="bbox 306 1664 964 2732">
    <p class='ocr_par' dir='ltr' id='par_1_20' title="bbox 306 1664 964 2725">
     <span class='ocr_line' id='line_1_26' title="bbox 366 1664 962 1719; baseline -0.008 -9"><span class='ocrx_word' id='word_1_130' title='bbox 366 1667 433 1710; x_wconf 77' lang='grc' dir='ltr'>διοῖ</span> <span class='ocrx_word' id='word_1_131' title='bbox 470 1664 684 1710; x_wconf 73' lang='grc' dir='ltr'><em>ἑνδεκάτου</em></span> <span class='ocrx_word' id='word_1_132' title='bbox 716 1667 847 1719; x_wconf 75' lang='grc' dir='ltr'><em>ἔτεος]</em></span> <span class='ocrx_word' id='word_1_133' title='bbox 879 1669 900 1706; x_wconf 91' lang='lat' dir='ltr'>i.</span> <span class='ocrx_word' id='word_1_134' title='bbox 931 1682 962 1706; x_wconf 90' lang='lat' dir='ltr'>e.</span> 
     </span>
     <span class='ocr_line' id='line_1_27' title="bbox 309 1725 963 1776; baseline -0.003 -12"><span class='ocrx_word' id='word_1_135' title='bbox 309 1727 487 1764; x_wconf 75' lang='lat' dir='ltr'>undecimo</span> <span class='ocrx_word' id='word_1_136' title='bbox 517 1740 608 1764; x_wconf 78' lang='lat' dir='ltr'>anno</span> <span class='ocrx_word' id='word_1_137' title='bbox 634 1725 691 1764; x_wconf 85' lang='lat' dir='ltr'>vel</span> <span class='ocrx_word' id='word_1_138' title='bbox 712 1726 834 1776; x_wconf 89' lang='lat' dir='ltr'>potius</span> <span class='ocrx_word' id='word_1_139' title='bbox 865 1728 963 1763; x_wconf 80' lang='lat' dir='ltr'>intra</span> 
     </span>
     <span class='ocr_line' id='line_1_28' title="bbox 309 1781 963 1830; baseline -0.002 -10"><span class='ocrx_word' id='word_1_140' title='bbox 309 1783 526 1821; x_wconf 71' lang='lat' dir='ltr'>undecimum</span> <span class='ocrx_word' id='word_1_141' title='bbox 557 1795 710 1830; x_wconf 77' lang='lat' dir='ltr'>annum,</span> <span class='ocrx_word' id='word_1_142' title='bbox 746 1795 790 1820; x_wconf 89' lang='lat' dir='ltr'>ex</span> <span class='ocrx_word' id='word_1_143' title='bbox 819 1796 863 1820; x_wconf 91' lang='lat' dir='ltr'>eo</span> <span class='ocrx_word' id='word_1_144' title='bbox 895 1781 963 1819; x_wconf 87' lang='lat' dir='ltr'>sci-</span> 
     </span>
     <span class='ocr_line' id='line_1_29' title="bbox 310 1837 964 1890; baseline -0.005 -13"><span class='ocrx_word' id='word_1_145' title='bbox 310 1840 394 1878; x_wconf 91' lang='lat' dir='ltr'>licet</span> <span class='ocrx_word' id='word_1_146' title='bbox 438 1844 626 1890; x_wconf 86' lang='lat' dir='ltr'>tempore,</span> <span class='ocrx_word' id='word_1_147' title='bbox 691 1851 764 1887; x_wconf 89' lang='lat' dir='ltr'>quo</span> <span class='ocrx_word' id='word_1_148' title='bbox 810 1837 964 1875; x_wconf 81' lang='lat' dir='ltr'><strong>Athenis</strong></span> 
     </span>
     <span class='ocr_line' id='line_1_30' title="bbox 311 1894 962 1946; baseline -0.002 -12"><span class='ocrx_word' id='word_1_149' title='bbox 311 1900 415 1935; x_wconf 86' lang='lat' dir='ltr'>erant</span> <span class='ocrx_word' id='word_1_150' title='bbox 443 1895 547 1946; x_wconf 87' lang='lat' dir='ltr'>pulsi.</span> <span class='ocrx_word' id='word_1_151' title='bbox 576 1896 667 1933; x_wconf 91' lang='lat' dir='ltr'>Inde</span> <span class='ocrx_word' id='word_1_152' title='bbox 695 1894 872 1932; x_wconf 79' lang='lat' dir='ltr'>Matthiae</span> <span class='ocrx_word' id='word_1_153' title='bbox 896 1895 962 1933; x_wconf 90' lang='lat' dir='ltr'>Gr.</span> 
     </span>
     <span class='ocr_line' id='line_1_31' title="bbox 313 1951 962 2003; baseline -0.003 -13"><span class='ocrx_word' id='word_1_154' title='bbox 313 1954 380 1990; x_wconf 89' lang='lat' dir='ltr'>Gr.</span> <span class='ocrx_word' id='word_1_155' title='bbox 405 1951 441 2003; x_wconf 56' lang='grc' dir='ltr'>ᾗ.</span> <span class='ocrx_word' id='word_1_156' title='bbox 464 1953 559 1999; x_wconf 88' lang='grc'><em>580,</em></span> <span class='ocrx_word' id='word_1_157' title='bbox 587 1966 608 1990; x_wconf 87' lang='lat' dir='ltr'>e</span> <span class='ocrx_word' id='word_1_158' title='bbox 635 1965 721 2003; x_wconf 86' lang='lat' dir='ltr'>pag.</span> <span class='ocrx_word' id='word_1_159' title='bbox 751 1954 859 1995; x_wconf 85' lang='lat'>1150</span> <span class='ocrx_word' id='word_1_160' title='bbox 877 1953 962 1989; x_wconf 91' lang='lat' dir='ltr'>red-</span> 
     </span>
     <span class='ocr_line' id='line_1_32' title="bbox 311 2008 963 2059; baseline 0.002 -14"><span class='ocrx_word' id='word_1_161' title='bbox 311 2010 382 2046; x_wconf 88' lang='lat' dir='ltr'>dit:</span> <span class='ocrx_word' id='word_1_162' title='bbox 421 2008 492 2058; x_wconf 83' lang='lat' dir='ltr'>eilf</span> <span class='ocrx_word' id='word_1_163' title='bbox 513 2008 620 2046; x_wconf 75' lang='lat' dir='ltr'>Jahre</span> <span class='ocrx_word' id='word_1_164' title='bbox 647 2009 814 2056; x_wconf 66' lang='lat' dir='ltr'>naclzlzer,</span> <span class='ocrx_word' id='word_1_165' title='bbox 854 2021 963 2059; x_wconf 87' lang='lat' dir='ltr'>prae-</span> 
     </span>
     <span class='ocr_line' id='line_1_33' title="bbox 311 2062 963 2117; baseline 0.002 -17"><span class='ocrx_word' id='word_1_166' title='bbox 311 2065 529 2117; x_wconf 82' lang='lat' dir='ltr'>positionem</span> <span class='ocrx_word' id='word_1_167' title='bbox 550 2062 613 2104; x_wconf 74' lang='grc' dir='ltr'><em>διὰ</em></span> <span class='ocrx_word' id='word_1_168' title='bbox 640 2067 689 2102; x_wconf 80' lang='lat' dir='ltr'>ad</span> <span class='ocrx_word' id='word_1_169' title='bbox 710 2066 883 2116; x_wconf 88' lang='lat' dir='ltr'>temporis</span> <span class='ocrx_word' id='word_1_170' title='bbox 906 2065 963 2101; x_wconf 91' lang='lat' dir='ltr'>in-</span> 
     </span>
     <span class='ocr_line' id='line_1_34' title="bbox 306 2121 962 2160; baseline 0.002 -2"><span class='ocrx_word' id='word_1_171' title='bbox 306 2121 493 2159; x_wconf 80' lang='lat' dir='ltr'>tervallum</span> <span class='ocrx_word' id='word_1_172' title='bbox 519 2122 749 2160; x_wconf 82' lang='lat' dir='ltr'>indicandum</span> <span class='ocrx_word' id='word_1_173' title='bbox 789 2123 962 2160; x_wconf 84' lang='lat' dir='ltr'>referens.</span> 
     </span>
     <span class='ocr_line' id='line_1_35' title="bbox 308 2174 962 2226; baseline 0 -11"><span class='ocrx_word' id='word_1_174' title='bbox 308 2177 406 2215; x_wconf 83' lang='lat' dir='ltr'>Nam</span> <span class='ocrx_word' id='word_1_175' title='bbox 434 2174 499 2216; x_wconf 75' lang='grc' dir='ltr'><em>διιὶ</em></span> <span class='ocrx_word' id='word_1_176' title='bbox 529 2178 589 2226; x_wconf 88' lang='lat' dir='ltr'>(ut</span> <span class='ocrx_word' id='word_1_177' title='bbox 612 2178 774 2216; x_wconf 78' lang='lat' dir='ltr'>Fischer.</span> <span class='ocrx_word' id='word_1_178' title='bbox 806 2179 876 2226; x_wconf 83' lang='lat' dir='ltr'>ait,</span> <span class='ocrx_word' id='word_1_179' title='bbox 914 2179 962 2215; x_wconf 87' lang='lat' dir='ltr'>ad</span> 
     </span>
     <span class='ocr_line' id='line_1_36' title="bbox 309 2233 962 2284; baseline 0.003 -14"><span class='ocrx_word' id='word_1_180' title='bbox 309 2233 457 2271; x_wconf 52' lang='lat' dir='ltr'>lVeller.</span> <span class='ocrx_word' id='word_1_181' title='bbox 488 2234 562 2282; x_wconf 84' lang='grc' dir='ltr'><em>ΙΙΙ,</em></span> <span class='ocrx_word' id='word_1_182' title='bbox 589 2237 614 2276; x_wconf 90' lang='lat'><strong>6</strong></span> <span class='ocrx_word' id='word_1_183' title='bbox 644 2249 680 2284; x_wconf 89' lang='lat' dir='ltr'>p.</span> <span class='ocrx_word' id='word_1_184' title='bbox 708 2235 805 2281; x_wconf 84' lang='lat'>168)</span> <span class='ocrx_word' id='word_1_185' title='bbox 835 2248 962 2272; x_wconf 88' lang='lat' dir='ltr'>nume-</span> 
     </span>
     <span class='ocr_line' id='line_1_37' title="bbox 310 2289 961 2339; baseline 0.005 -14"><span class='ocrx_word' id='word_1_186' title='bbox 310 2289 444 2326; x_wconf 84' lang='lat' dir='ltr'>ralibus</span> <span class='ocrx_word' id='word_1_187' title='bbox 493 2295 529 2327; x_wconf 91' lang='lat' dir='ltr'>et</span> <span class='ocrx_word' id='word_1_188' title='bbox 570 2292 735 2339; x_wconf 78' lang='lat' dir='ltr'>genitivis</span> <span class='ocrx_word' id='word_1_189' title='bbox 775 2291 961 2329; x_wconf 83' lang='lat' dir='ltr'>nominum</span> 
     </span>
     <span class='ocr_line' id='line_1_38' title="bbox 309 2346 961 2398; baseline 0.002 -15"><span class='ocrx_word' id='word_1_190' title='bbox 309 2346 483 2395; x_wconf 87' lang='lat' dir='ltr'>temporis</span> <span class='ocrx_word' id='word_1_191' title='bbox 506 2347 662 2384; x_wconf 82' lang='lat' dir='ltr'>iunctum</span> <span class='ocrx_word' id='word_1_192' title='bbox 694 2348 864 2398; x_wconf 81' lang='lat' dir='ltr'>explicari</span> <span class='ocrx_word' id='word_1_193' title='bbox 895 2348 961 2384; x_wconf 86' lang='lat' dir='ltr'>de-</span> 
     </span>
     <span class='ocr_line' id='line_1_39' title="bbox 306 2402 959 2452; baseline 0.005 -14"><span class='ocrx_word' id='word_1_194' title='bbox 306 2403 370 2439; x_wconf 86' lang='lat' dir='ltr'>bet</span> <span class='ocrx_word' id='word_1_195' title='bbox 397 2402 470 2450; x_wconf 84' lang='lat' dir='ltr'>ita,</span> <span class='ocrx_word' id='word_1_196' title='bbox 500 2407 539 2439; x_wconf 92' lang='lat' dir='ltr'>ut</span> <span class='ocrx_word' id='word_1_197' title='bbox 568 2404 626 2450; x_wconf 81' lang='lat' dir='ltr'>id,</span> <span class='ocrx_word' id='word_1_198' title='bbox 665 2405 765 2452; x_wconf 87' lang='lat' dir='ltr'>quod</span> <span class='ocrx_word' id='word_1_199' title='bbox 794 2405 871 2441; x_wconf 88' lang='lat' dir='ltr'>fieri</span> <span class='ocrx_word' id='word_1_200' title='bbox 904 2404 959 2440; x_wconf 84' lang='lat' dir='ltr'>sa-</span> 
     </span>
     <span class='ocr_line' id='line_1_40' title="bbox 307 2461 960 2508; baseline -0.002 -12"><span class='ocrx_word' id='word_1_201' title='bbox 307 2462 473 2507; x_wconf 85' lang='lat' dir='ltr'>ctumque</span> <span class='ocrx_word' id='word_1_202' title='bbox 502 2472 583 2496; x_wconf 82' lang='lat' dir='ltr'>esse</span> <span class='ocrx_word' id='word_1_203' title='bbox 611 2461 771 2508; x_wconf 78' lang='lat' dir='ltr'>dicatur,</span> <span class='ocrx_word' id='word_1_204' title='bbox 800 2461 878 2498; x_wconf 86' lang='lat' dir='ltr'>fieri</span> <span class='ocrx_word' id='word_1_205' title='bbox 904 2461 960 2496; x_wconf 89' lang='lat' dir='ltr'>fa-</span> 
     </span>
     <span class='ocr_line' id='line_1_41' title="bbox 306 2516 959 2563; baseline 0 -12"><span class='ocrx_word' id='word_1_206' title='bbox 306 2519 474 2563; x_wconf 85' lang='lat' dir='ltr'>ctumque</span> <span class='ocrx_word' id='word_1_207' title='bbox 521 2516 742 2553; x_wconf 75' lang='lat' dir='ltr'>existimetur</span> <span class='ocrx_word' id='word_1_208' title='bbox 782 2531 825 2554; x_wconf 85' lang='lat' dir='ltr'>eo</span> <span class='ocrx_word' id='word_1_209' title='bbox 868 2521 959 2553; x_wconf 76' lang='lat' dir='ltr'>teui-</span> 
     </span>
     <span class='ocr_line' id='line_1_42' title="bbox 308 2571 960 2622; baseline 0.005 -16"><span class='ocrx_word' id='word_1_210' title='bbox 308 2583 420 2621; x_wconf 88' lang='lat' dir='ltr'>pore,</span> <span class='ocrx_word' id='word_1_211' title='bbox 459 2571 553 2608; x_wconf 87' lang='lat' dir='ltr'>intra</span> <span class='ocrx_word' id='word_1_212' title='bbox 581 2572 619 2608; x_wconf 91' lang='lat' dir='ltr'>id</span> <span class='ocrx_word' id='word_1_213' title='bbox 656 2577 821 2622; x_wconf 86' lang='lat' dir='ltr'>tempus,</span> <span class='ocrx_word' id='word_1_214' title='bbox 860 2573 960 2622; x_wconf 89' lang='lat' dir='ltr'>quod</span> 
     </span>
     <span class='ocr_line' id='line_1_43' title="bbox 310 2626 959 2679; baseline 0.003 -16"><span class='ocrx_word' id='word_1_215' title='bbox 310 2626 523 2663; x_wconf 88' lang='lat' dir='ltr'>nominatur.</span> <span class='ocrx_word' id='word_1_216' title='bbox 561 2648 617 2654; x_wconf 90' lang='lat'>——</span> <span class='ocrx_word' id='word_1_217' title='bbox 653 2627 712 2665; x_wconf 91' lang='lat' dir='ltr'>De</span> <span class='ocrx_word' id='word_1_218' title='bbox 745 2633 959 2679; x_wconf 84' lang='lat' dir='ltr'>argumento</span> 
     </span>
     <span class='ocr_line' id='line_1_44' title="bbox 311 2683 766 2732; baseline 0.002 -12"><span class='ocrx_word' id='word_1_219' title='bbox 311 2683 405 2720; x_wconf 86' lang='lat' dir='ltr'>cons</span> <span class='ocrx_word' id='word_1_220' title='bbox 439 2686 528 2719; x_wconf 88' lang='lat' dir='ltr'>nott.</span> <span class='ocrx_word' id='word_1_221' title='bbox 557 2684 605 2720; x_wconf 82' lang='lat' dir='ltr'>ad</span> <span class='ocrx_word' id='word_1_222' title='bbox 642 2684 671 2732; x_wconf 86' lang='lat' dir='ltr'>I,</span> <span class='ocrx_word' id='word_1_223' title='bbox 701 2686 766 2725; x_wconf 83' lang='lat'>59.</span> 
     </span>
    </p>
   </div>
   <div class='ocr_carea' id='block_1_21' title="bbox 312 2755 962 2926">
    <p class='ocr_par' dir='ltr' id='par_1_21' title="bbox 312 2755 962 2926">
     <span class='ocr_line' id='line_1_45' title="bbox 391 2755 958 2818; baseline 0.011 -20"><span class='ocrx_word' id='word_1_224' title='bbox 391 2755 470 2799; x_wconf 82' lang='grc' dir='ltr'><em>οἶσι</em></span> <span class='ocrx_word' id='word_1_225' title='bbox 523 2758 553 2811; x_wconf 75' lang='grc' dir='ltr'><em>ἦ</em></span> <span class='ocrx_word' id='word_1_226' title='bbox 601 2777 786 2818; x_wconf 79' lang='grc' dir='ltr'><em>τυραννις</em></span> <span class='ocrx_word' id='word_1_227' title='bbox 843 2779 872 2802; x_wconf 86' lang='grc' dir='ltr'><em>π</em></span> <span class='ocrx_word' id='word_1_228' title='bbox 895 2779 916 2815; x_wconf 88' lang='grc' dir='ltr'><em>ρ</em></span> <span class='ocrx_word' id='word_1_229' title='bbox 937 2780 958 2804; x_wconf 92' lang='grc' dir='ltr'><em>ο</em></span> 
     </span>
     <span class='ocr_line' id='line_1_46' title="bbox 312 2815 962 2869; baseline 0.005 -13"><span class='ocrx_word' id='word_1_230' title='bbox 312 2815 423 2856; x_wconf 77' lang='grc' dir='ltr'><em>ἕλευ</em></span> <span class='ocrx_word' id='word_1_231' title='bbox 438 2820 497 2855; x_wconf 80' lang='grc' dir='ltr'><em>θε</em></span> <span class='ocrx_word' id='word_1_232' title='bbox 511 2817 558 2867; x_wconf 87' lang='grc' dir='ltr'><em>ρι’</em></span> <span class='ocrx_word' id='word_1_233' title='bbox 570 2833 626 2867; x_wconf 85' lang='grc' dir='ltr'>ης</span> <span class='ocrx_word' id='word_1_234' title='bbox 673 2819 726 2869; x_wconf 76' lang='grc' dir='ltr'><em>ἠν</em></span> <span class='ocrx_word' id='word_1_235' title='bbox 768 2815 962 2859; x_wconf 67' lang='grc' dir='ltr'><em>ἀσπαστό-</em></span> 
     </span>
     <span class='ocr_line' id='line_1_47' title="bbox 312 2871 961 2926; baseline 0.003 -15"><span class='ocrx_word' id='word_1_236' title='bbox 312 2871 448 2924; x_wconf 84' lang='grc' dir='ltr'><em>τερον]</em></span> <span class='ocrx_word' id='word_1_237' title='bbox 489 2873 547 2910; x_wconf 86' lang='lat' dir='ltr'>De</span> <span class='ocrx_word' id='word_1_238' title='bbox 587 2887 654 2910; x_wconf 84' lang='lat' dir='ltr'>usu</span> <span class='ocrx_word' id='word_1_239' title='bbox 683 2876 961 2926; x_wconf 76' lang='lat' dir='ltr'>praepositionis</span> 
     </span>
    </p>
   </div>
   <div class='ocr_carea' id='block_1_22' title="bbox 1029 1581 1688 1960">
    <p class='ocr_par' dir='ltr' id='par_1_22' title="bbox 1029 1581 1688 1960">
     <span class='ocr_line' id='line_1_48' title="bbox 1030 1581 1687 1637; baseline 0 -14"><span class='ocrx_word' id='word_1_240' title='bbox 1030 1581 1106 1637; x_wconf 84' lang='grc' dir='ltr'>πρὸ</span> <span class='ocrx_word' id='word_1_241' title='bbox 1123 1582 1259 1622; x_wconf 84' lang='lat' dir='ltr'>consul.</span> <span class='ocrx_word' id='word_1_242' title='bbox 1279 1583 1409 1622; x_wconf 81' lang='lat' dir='ltr'>Matth.</span> <span class='ocrx_word' id='word_1_243' title='bbox 1442 1583 1480 1637; x_wconf 61' lang='grc' dir='ltr'>ξ.</span> <span class='ocrx_word' id='word_1_244' title='bbox 1505 1585 1585 1629; x_wconf 82' lang='lat'>450</span> <span class='ocrx_word' id='word_1_245' title='bbox 1610 1591 1687 1624; x_wconf 87' lang='lat' dir='ltr'>not.</span> 
     </span>
     <span class='ocr_line' id='line_1_49' title="bbox 1033 1639 1688 1691; baseline 0.008 -15"><span class='ocrx_word' id='word_1_246' title='bbox 1033 1644 1052 1682; x_wconf 84' lang='lat'>1</span> <span class='ocrx_word' id='word_1_247' title='bbox 1089 1653 1174 1691; x_wconf 81' lang='lat' dir='ltr'>pag.</span> <span class='ocrx_word' id='word_1_248' title='bbox 1195 1640 1288 1681; x_wconf 76' lang='lat'>844.</span> <span class='ocrx_word' id='word_1_249' title='bbox 1328 1640 1401 1678; x_wconf 90' lang='lat' dir='ltr'>Pro</span> <span class='ocrx_word' id='word_1_250' title='bbox 1436 1639 1515 1681; x_wconf 82' lang='grc' dir='ltr'><em>οἷσι</em></span> <span class='ocrx_word' id='word_1_251' title='bbox 1555 1643 1688 1681; x_wconf 86' lang='lat' dir='ltr'>Struve</span> 
     </span>
     <span class='ocr_line' id='line_1_50' title="bbox 1031 1696 1686 1748; baseline 0.008 -16"><span class='ocrx_word' id='word_1_252' title='bbox 1031 1697 1188 1747; x_wconf 78' lang='lat' dir='ltr'>Speeiul.</span> <span class='ocrx_word' id='word_1_253' title='bbox 1209 1696 1361 1740; x_wconf 87' lang='lat' dir='ltr'>Quaest.</span> <span class='ocrx_word' id='word_1_254' title='bbox 1393 1711 1429 1748; x_wconf 87' lang='lat' dir='ltr'>p.</span> <span class='ocrx_word' id='word_1_255' title='bbox 1449 1701 1504 1741; x_wconf 79' lang='lat'>23</span> <span class='ocrx_word' id='word_1_256' title='bbox 1525 1699 1686 1737; x_wconf 81' lang='lat' dir='ltr'>scriben-</span> 
     </span>
     <span class='ocr_line' id='line_1_51' title="bbox 1032 1754 1687 1793; baseline 0.005 -4"><span class='ocrx_word' id='word_1_257' title='bbox 1032 1754 1118 1790; x_wconf 87' lang='lat' dir='ltr'>dum</span> <span class='ocrx_word' id='word_1_258' title='bbox 1145 1757 1269 1790; x_wconf 84' lang='lat' dir='ltr'>censet</span> <span class='ocrx_word' id='word_1_259' title='bbox 1297 1757 1444 1793; x_wconf 87' lang='grc' dir='ltr'><em>τοῖσι.</em></span> <span class='ocrx_word' id='word_1_260' title='bbox 1502 1755 1579 1792; x_wconf 86' lang='lat' dir='ltr'>Sed</span> <span class='ocrx_word' id='word_1_261' title='bbox 1606 1755 1687 1793; x_wconf 86' lang='lat' dir='ltr'>libri</span> 
     </span>
     <span class='ocr_line' id='line_1_52' title="bbox 1030 1811 1687 1859; baseline 0.002 -12"><span class='ocrx_word' id='word_1_262' title='bbox 1030 1811 1282 1858; x_wconf 80' lang='lat' dir='ltr'>refragantur,</span> <span class='ocrx_word' id='word_1_263' title='bbox 1313 1823 1467 1859; x_wconf 83' lang='lat' dir='ltr'>quorum</span> <span class='ocrx_word' id='word_1_264' title='bbox 1482 1813 1687 1849; x_wconf 82' lang='lat' dir='ltr'>auctoritati</span> 
     </span>
     <span class='ocr_line' id='line_1_53' title="bbox 1030 1866 1686 1907; baseline 0.005 -5"><span class='ocrx_word' id='word_1_265' title='bbox 1030 1867 1067 1902; x_wconf 91' lang='lat' dir='ltr'>in</span> <span class='ocrx_word' id='word_1_266' title='bbox 1086 1866 1140 1902; x_wconf 87' lang='lat' dir='ltr'>his</span> <span class='ocrx_word' id='word_1_267' title='bbox 1162 1866 1323 1903; x_wconf 88' lang='lat' dir='ltr'>nonnihil</span> <span class='ocrx_word' id='word_1_268' title='bbox 1348 1867 1580 1905; x_wconf 86' lang='lat' dir='ltr'>tribuendum</span> <span class='ocrx_word' id='word_1_269' title='bbox 1601 1881 1686 1907; x_wconf 90' lang='lat' dir='ltr'>cen-</span> 
     </span>
     <span class='ocr_line' id='line_1_54' title="bbox 1029 1935 1162 1960; baseline -0.008 -1"><span class='ocrx_word' id='word_1_270' title='bbox 1029 1935 1162 1960; x_wconf 84' lang='lat' dir='ltr'>semus.</span> 
     </span>
    </p>
   </div>
   <div class='ocr_carea' id='block_1_23' title="bbox 1020 2000 1688 2792">
    <p class='ocr_par' dir='ltr' id='par_1_23' title="bbox 1020 2000 1688 2792">
     <span class='ocr_line' id='line_1_55' title="bbox 1085 2000 1688 2064; baseline 0.003 -19"><span class='ocrx_word' id='word_1_271' title='bbox 1085 2005 1152 2046; x_wconf 81' lang='grc' dir='ltr'><em>καὶ</em></span> <span class='ocrx_word' id='word_1_272' title='bbox 1193 2000 1307 2046; x_wconf 85' lang='grc' dir='ltr'><em>οὑτοί</em></span> <span class='ocrx_word' id='word_1_273' title='bbox 1356 2021 1397 2047; x_wconf 85' lang='grc' dir='ltr'>τε</span> <span class='ocrx_word' id='word_1_274' title='bbox 1437 2011 1688 2064; x_wconf 80' lang='grc' dir='ltr'><em>πανστρατιῇ</em></span> 
     </span>
     <span class='ocr_line' id='line_1_56' title="bbox 1028 2063 1685 2120; baseline 0 -18"><span class='ocrx_word' id='word_1_275' title='bbox 1028 2065 1149 2120; x_wconf 69' lang='grc' dir='ltr'><em>ἦσαν]</em></span> <span class='ocrx_word' id='word_1_276' title='bbox 1181 2063 1300 2113; x_wconf 84' lang='lat' dir='ltr'>Vulgo</span> <span class='ocrx_word' id='word_1_277' title='bbox 1331 2065 1456 2114; x_wconf 77' lang='grc' dir='ltr'><em>ἠσαν,</em></span> <span class='ocrx_word' id='word_1_278' title='bbox 1487 2066 1587 2102; x_wconf 85' lang='lat' dir='ltr'>cuius</span> <span class='ocrx_word' id='word_1_279' title='bbox 1604 2065 1685 2103; x_wconf 88' lang='lat' dir='ltr'>loco</span> 
     </span>
     <span class='ocr_line' id='line_1_57' title="bbox 1029 2105 1685 2170; baseline 0 -12"><span class='ocrx_word' id='word_1_280' title='bbox 1029 2105 1087 2158; x_wconf 82' lang='lat' dir='ltr'>alii</span> <span class='ocrx_word' id='word_1_281' title='bbox 1108 2121 1234 2170; x_wconf 64' lang='grc' dir='ltr'><em>ἦσαν,</em></span> <span class='ocrx_word' id='word_1_282' title='bbox 1264 2121 1366 2170; x_wconf 89' lang='lat' dir='ltr'>quod</span> <span class='ocrx_word' id='word_1_283' title='bbox 1387 2122 1586 2170; x_wconf 85' lang='lat' dir='ltr'>nuperrimi</span> <span class='ocrx_word' id='word_1_284' title='bbox 1608 2123 1685 2160; x_wconf 88' lang='lat' dir='ltr'>edi-</span> 
     </span>
     <span class='ocr_line' id='line_1_58' title="bbox 1028 2175 1686 2228; baseline 0.003 -14"><span class='ocrx_word' id='word_1_285' title='bbox 1028 2181 1128 2214; x_wconf 84' lang='lat' dir='ltr'>tores</span> <span class='ocrx_word' id='word_1_286' title='bbox 1149 2181 1333 2213; x_wconf 83' lang='lat' dir='ltr'>mutarunt</span> <span class='ocrx_word' id='word_1_287' title='bbox 1357 2178 1392 2214; x_wconf 87' lang='lat' dir='ltr'>in</span> <span class='ocrx_word' id='word_1_288' title='bbox 1414 2175 1554 2228; x_wconf 79' lang='grc' dir='ltr'><em>ἤϊσαν,</em></span> <span class='ocrx_word' id='word_1_289' title='bbox 1584 2179 1686 2228; x_wconf 90' lang='lat' dir='ltr'>quod</span> 
     </span>
     <span class='ocr_line' id='line_1_59' title="bbox 1029 2232 1685 2281; baseline 0.006 -12"><span class='ocrx_word' id='word_1_290' title='bbox 1029 2232 1163 2270; x_wconf 71' lang='lat' dir='ltr'>lenitur</span> <span class='ocrx_word' id='word_1_291' title='bbox 1188 2232 1222 2280; x_wconf 94' lang='lat' dir='ltr'>I,</span> <span class='ocrx_word' id='word_1_292' title='bbox 1253 2233 1306 2274; x_wconf 84' lang='lat'>43</span> <span class='ocrx_word' id='word_1_293' title='bbox 1348 2233 1437 2281; x_wconf 89' lang='lat' dir='ltr'>(ubi</span> <span class='ocrx_word' id='word_1_294' title='bbox 1462 2248 1555 2271; x_wconf 88' lang='lat' dir='ltr'>unus</span> <span class='ocrx_word' id='word_1_295' title='bbox 1590 2236 1685 2273; x_wconf 83' lang='lat' dir='ltr'>San-</span> 
     </span>
     <span class='ocr_line' id='line_1_60' title="bbox 1028 2286 1686 2340; baseline 0 -13"><span class='ocrx_word' id='word_1_296' title='bbox 1028 2289 1133 2327; x_wconf 89' lang='lat' dir='ltr'>crofti</span> <span class='ocrx_word' id='word_1_297' title='bbox 1169 2288 1259 2326; x_wconf 83' lang='lat' dir='ltr'>liber</span> <span class='ocrx_word' id='word_1_298' title='bbox 1298 2286 1472 2339; x_wconf 76' lang='grc' dir='ltr'><em>ἥεισαν).</em></span> <span class='ocrx_word' id='word_1_299' title='bbox 1537 2291 1686 2340; x_wconf 88' lang='lat' dir='ltr'>Reliqui</span> 
     </span>
     <span class='ocr_line' id='line_1_61' title="bbox 1027 2345 1682 2387; baseline 0.005 -5"><span class='ocrx_word' id='word_1_300' title='bbox 1027 2349 1149 2382; x_wconf 85' lang='lat' dir='ltr'>tamen</span> <span class='ocrx_word' id='word_1_301' title='bbox 1179 2359 1259 2382; x_wconf 84' lang='lat' dir='ltr'>cum</span> <span class='ocrx_word' id='word_1_302' title='bbox 1295 2345 1474 2384; x_wconf 85' lang='lat' dir='ltr'>Matthiae</span> <span class='ocrx_word' id='word_1_303' title='bbox 1513 2348 1579 2387; x_wconf 89' lang='lat' dir='ltr'>Gr.</span> <span class='ocrx_word' id='word_1_304' title='bbox 1616 2349 1682 2385; x_wconf 91' lang='lat' dir='ltr'>Gr.</span> 
     </span>
     <span class='ocr_line' id='line_1_62' title="bbox 1029 2400 1684 2459; baseline 0 -16"><span class='ocrx_word' id='word_1_305' title='bbox 1029 2400 1066 2453; x_wconf 64' lang='grc' dir='ltr'>ἓ.</span> <span class='ocrx_word' id='word_1_306' title='bbox 1077 2404 1156 2443; x_wconf 76' lang='lat'>219</span> <span class='ocrx_word' id='word_1_307' title='bbox 1171 2414 1256 2450; x_wconf 83' lang='lat' dir='ltr'>pag</span> <span class='ocrx_word' id='word_1_308' title='bbox 1269 2401 1351 2442; x_wconf 82' lang='lat'>417</span> <span class='ocrx_word' id='word_1_309' title='bbox 1373 2403 1459 2451; x_wconf 81' lang='lat' dir='ltr'>vgul</span> <span class='ocrx_word' id='word_1_310' title='bbox 1445 2408 1558 2440; x_wconf 71' lang='lat' dir='ltr'>ratam</span> <span class='ocrx_word' id='word_1_311' title='bbox 1576 2405 1684 2459; x_wconf 77' lang='grc' dir='ltr'><em>ησαν</em></span> 
     </span>
     <span class='ocr_line' id='line_1_63' title="bbox 1028 2455 1683 2508; baseline 0.003 -14"><span class='ocrx_word' id='word_1_312' title='bbox 1028 2460 1125 2508; x_wconf 86' lang='lat' dir='ltr'>(pro</span> <span class='ocrx_word' id='word_1_313' title='bbox 1145 2455 1292 2507; x_wconf 57' lang='lat' dir='ltr'>mom)</span> <span class='ocrx_word' id='word_1_314' title='bbox 1324 2461 1360 2495; x_wconf 78' lang='lat' dir='ltr'>et</span> <span class='ocrx_word' id='word_1_315' title='bbox 1378 2458 1447 2496; x_wconf 84' lang='lat' dir='ltr'>hoe</span> <span class='ocrx_word' id='word_1_316' title='bbox 1467 2459 1546 2496; x_wconf 84' lang='lat' dir='ltr'>loeo</span> <span class='ocrx_word' id='word_1_317' title='bbox 1572 2466 1609 2497; x_wconf 88' lang='lat' dir='ltr'>et</span> <span class='ocrx_word' id='word_1_318' title='bbox 1636 2460 1683 2507; x_wconf 87' lang='grc' dir='ltr'><em>ΙΙ,</em></span> 
     </span>
     <span class='ocr_line' id='line_1_64' title="bbox 1030 2515 1685 2570; baseline 0.011 -22"><span class='ocrx_word' id='word_1_319' title='bbox 1030 2515 1122 2560; x_wconf 82' lang='lat'><strong>163,</strong></span> <span class='ocrx_word' id='word_1_320' title='bbox 1142 2515 1203 2551; x_wconf 85' lang='lat' dir='ltr'>ubi</span> <span class='ocrx_word' id='word_1_321' title='bbox 1233 2515 1313 2551; x_wconf 89' lang='lat' dir='ltr'>libri</span> <span class='ocrx_word' id='word_1_322' title='bbox 1341 2527 1467 2552; x_wconf 87' lang='lat' dir='ltr'>omnes</span> <span class='ocrx_word' id='word_1_323' title='bbox 1494 2515 1550 2552; x_wconf 88' lang='lat' dir='ltr'>vel</span> <span class='ocrx_word' id='word_1_324' title='bbox 1577 2517 1685 2570; x_wconf 77' lang='grc' dir='ltr'><em>ᾑσαν</em></span> 
     </span>
     <span class='ocr_line' id='line_1_65' title="bbox 1026 2566 1683 2622; baseline 0.003 -15"><span class='ocrx_word' id='word_1_325' title='bbox 1026 2570 1082 2608; x_wconf 79' lang='lat' dir='ltr'>vel</span> <span class='ocrx_word' id='word_1_326' title='bbox 1101 2571 1217 2620; x_wconf 81' lang='grc' dir='ltr'><em>ησαν.</em></span> <span class='ocrx_word' id='word_1_327' title='bbox 1231 2592 1286 2597; x_wconf 82' lang='lat'>—</span> <span class='ocrx_word' id='word_1_328' title='bbox 1298 2566 1504 2617; x_wconf 84' lang='grc' dir='ltr'><em>κατιόντας</em></span> <span class='ocrx_word' id='word_1_329' title='bbox 1522 2572 1559 2607; x_wconf 88' lang='lat' dir='ltr'>in</span> <span class='ocrx_word' id='word_1_330' title='bbox 1577 2585 1683 2622; x_wconf 85' lang='lat' dir='ltr'>seqq.</span> 
     </span>
     <span class='ocr_line' id='line_1_66' title="bbox 1026 2626 1684 2677; baseline 0 -12"><span class='ocrx_word' id='word_1_331' title='bbox 1026 2626 1164 2665; x_wconf 86' lang='lat' dir='ltr'>Noster</span> <span class='ocrx_word' id='word_1_332' title='bbox 1182 2640 1246 2665; x_wconf 87' lang='lat' dir='ltr'>eos</span> <span class='ocrx_word' id='word_1_333' title='bbox 1266 2627 1371 2673; x_wconf 85' lang='lat' dir='ltr'>dicit,</span> <span class='ocrx_word' id='word_1_334' title='bbox 1402 2630 1464 2677; x_wconf 79' lang='lat' dir='ltr'>qui</span> <span class='ocrx_word' id='word_1_335' title='bbox 1491 2627 1535 2664; x_wconf 87' lang='lat' dir='ltr'>ab</span> <span class='ocrx_word' id='word_1_336' title='bbox 1559 2629 1684 2665; x_wconf 63' lang='lat' dir='ltr'>exsilio</span> 
     </span>
     <span class='ocr_line' id='line_1_67' title="bbox 1025 2683 1686 2723; baseline 0.003 -2"><span class='ocrx_word' id='word_1_337' title='bbox 1025 2683 1164 2721; x_wconf 68' lang='lat' dir='ltr'>redemit</span> <span class='ocrx_word' id='word_1_338' title='bbox 1199 2683 1253 2720; x_wconf 85' lang='lat' dir='ltr'>vel</span> <span class='ocrx_word' id='word_1_339' title='bbox 1302 2683 1434 2721; x_wconf 74' lang='lat' dir='ltr'>reditus</span> <span class='ocrx_word' id='word_1_340' title='bbox 1482 2686 1578 2722; x_wconf 85' lang='lat' dir='ltr'>viam</span> <span class='ocrx_word' id='word_1_341' title='bbox 1615 2685 1686 2723; x_wconf 84' lang='lat' dir='ltr'>sibi</span> 
     </span>
     <span class='ocr_line' id='line_1_68' title="bbox 1020 2743 1159 2792; baseline 0.014 -16"><span class='ocrx_word' id='word_1_342' title='bbox 1020 2743 1159 2792; x_wconf 78' lang='lat' dir='ltr'>parent.</span> 
     </span>
    </p>
   </div>
   <div class='ocr_carea' id='block_1_24' title="bbox 1033 2815 1682 2925">
    <p class='ocr_par' dir='ltr' id='par_1_24' title="bbox 1033 2815 1682 2925">
     <span class='ocr_line' id='line_1_69' title="bbox 1086 2815 1679 2870; baseline -0.003 -12"><span class='ocrx_word' id='word_1_343' title='bbox 1086 2818 1127 2866; x_wconf 77' lang='grc' dir='ltr'>ἐς</span> <span class='ocrx_word' id='word_1_344' title='bbox 1164 2815 1287 2857; x_wconf 74' lang='grc' dir='ltr'><em>τώυτό</em></span> <span class='ocrx_word' id='word_1_345' title='bbox 1321 2815 1547 2870; x_wconf 85' lang='grc' dir='ltr'><em>συνιόντες]</em></span> <span class='ocrx_word' id='word_1_346' title='bbox 1591 2820 1614 2856; x_wconf 86' lang='grc' dir='ltr'>ἱ.</span> <span class='ocrx_word' id='word_1_347' title='bbox 1647 2833 1679 2857; x_wconf 90' lang='lat' dir='ltr'>e.</span> 
     </span>
     <span class='ocr_line' id='line_1_70' title="bbox 1033 2875 1682 2925; baseline 0.002 -13"><span class='ocrx_word' id='word_1_348' title='bbox 1033 2878 1206 2925; x_wconf 76' lang='lat' dir='ltr'>congressi</span> <span class='ocrx_word' id='word_1_349' title='bbox 1232 2875 1374 2913; x_wconf 80' lang='lat' dir='ltr'>eundem</span> <span class='ocrx_word' id='word_1_350' title='bbox 1400 2878 1439 2913; x_wconf 81' lang='lat' dir='ltr'>in</span> <span class='ocrx_word' id='word_1_351' title='bbox 1465 2876 1579 2914; x_wconf 79' lang='lat' dir='ltr'>locum</span> <span class='ocrx_word' id='word_1_352' title='bbox 1604 2887 1682 2913; x_wconf 85' lang='lat' dir='ltr'>cum</span> 
     </span>
    </p>
   </div>
   <div class='ocr_carea' id='block_1_25' title="bbox 1696 1382 1752 1423">
    <p class='ocr_par' dir='ltr' id='par_1_25' title="bbox 1696 1382 1752 1423">
     <span class='ocr_line' id='line_1_71' title="bbox 1696 1382 1752 1423; baseline 0.018 -1"><span class='ocrx_word' id='word_1_353' title='bbox 1696 1382 1752 1423; x_wconf 88' lang='grc'>30</span> 
     </span>
    </p>
   </div>
   <div class='ocr_carea' id='block_1_26' title="bbox 1804 1616 1814 2225">
    <p class='ocr_par' dir='ltr' id='par_1_26' title="bbox 1804 1616 1814 2225">
     <span class='ocr_line' id='line_1_72' title="bbox 1804 1616 1814 2225; baseline 0 0"><span class='ocrx_word' id='word_1_354' title='bbox 1804 1616 1814 2225; x_wconf 95' lang='lat' dir='ltr'> </span> 
     </span>
    </p>
   </div>
   <div class='ocr_carea' id='block_1_27' title="bbox 1788 1919 1814 3315">
    <p class='ocr_par' dir='ltr' id='par_1_27' title="bbox 1788 1919 1814 3315">
     <span class='ocr_line' id='line_1_73' title="bbox 1788 1919 1814 3315; baseline 0 0"><span class='ocrx_word' id='word_1_355' title='bbox 1788 1919 1814 3315; x_wconf 95' lang='lat' dir='ltr'> </span> 
     </span>
    </p>
   </div>
  </div>
 </body>
</html>
