1759 3324
364 242 449 284 544

776 235 1243 279 HERODOTI

338 349 445 394 ὁκαὶ
471 348 518 393 ἐν
547 349 704 406 Μαρέῃ
741 348 850 404 πρὸς
888 347 1055 404 Λιβύης
1085 346 1204 402 ἄλλη.
1253 344 1314 389 ἔτι
1343 343 1389 388 δὲ
1418 341 1488 388 ἐπ’
1519 342 1620 401 ἐμεῦ
1631 352 1676 387 80

363 429 437 474 καὶ
467 428 670 484 Περσέων
697 427 806 472 κατα
835 425 969 471 τούτά
1000 428 1045 469 αἱ
1068 425 1259 481 φυλακαὶ
1279 425 1438 480 ἔχουσι,
1469 420 1527 475 ὦς
1546 424 1620 467 καὶ

363 508 433 552 ἐπὶ
469 509 740 564 Ψαμμιτίχου
769 501 901 562 ἦσαν·
931 504 1101 560 καὶγὰρ
1133 505 1180 548 ἐν
1204 503 1479 560 Ἐλεφαντίνῃ
1503 502 1619 557 Πέρ-

335 596 441 631 δσαι
469 586 762 642 φρουρέουσι,
788 585 861 627 καὶ
890 583 936 626 ἐν
964 581 1185 639 Δάφνῃσι.
1234 583 1337 634 τοὺς
1367 578 1430 626 οἷν
1458 582 1509 638 δὴ
1539 583 1620 624 Αἰ-

363 666 574 721 γυπτίους
620 664 719 717 τρία
758 663 852 704 ἔτεα
901 660 1237 717 φρουρήσαντας
1280 659 1436 705 ἀπέλυε
1477 659 1621 712 οὐδεὶς

363 749 441 800 τῆς
473 744 696 798 φρουρῆς·
740 741 784 784 οῖ
810 739 878 787 δὲ,
910 739 1253 794 βουλευσάμενοι
1280 740 1354 782 καὶ
1383 743 1519 796 κοινῷ
1547 738 1677 783 λό-85

363 838 427 879 γῳ
457 819 741 876 χρησάμενοι,
789 817 948 868 πάντες
977 816 1063 860 ἀπὸ
1091 820 1170 860 τοῦ
1208 818 1481 873 Ψαμμιτίχου
1511 819 1622 862 dno-

335 899 565 951 7στάντες,
602 897 733 954 ἤϊσαν
770 897 813 948 ἐς
840 897 1092 952 Αἰθιοπίην.

1162 897 1430 952 Ψαμμίτιχος
1464 897 1510 941 δὲ
1536 913 1622 941 πυ-

363 978 573 1034 θόμενος,
615 977 775 1021 ἐδίωκε.
834 974 893 1026 ὡς
922 975 967 1019 δὲ
996 975 1223 1032 κατέλαβε,
1270 975 1434 1028 ἐδέετο,
1481 976 1621 1020 πολλὰ

365 1057 528 1113 λέγων,
569 1058 644 1099 καί
674 1067 810 1111 σφεας
839 1053 973 1105 θεοὺς
1010 1053 1240 1113 πατρῴους
1276 1052 1508 1098 ἀπολιπεῖν
1538 1054 1622 1099 οὐκ

337 1135 438 1187 8ἓά,
469 1134 542 1179 καὶ
569 1135 724 1187 τέκνα,
762 1134 835 1178 καὶ
863 1138 1086 1190 γυναῖκας.
1140 1137 1228 1177 τῶν
1258 1133 1304 1177 δέ
1333 1150 1430 1177 τινα
1458 1134 1623 1190 λέγεται

365 1215 562 1266 δείξαντα
589 1214 639 1257 τό
672 1216 842 1257 αἰδοῖον
869 1215 1003 1256 εἰπεῖν
1028 1213 1172 1264 ,,ἔνθα
1200 1211 1255 1256 ἂν
1282 1216 1414 1256 τοῦτο
1444 1207 1498 1270 ᾗ,
1528 1213 1620 1257 ἔσε-
1663 1218 1741 1257 117

364 1299 504 1346 ,,σθαι
533 1291 705 1337 αὐτοῖσι
743 1293 934 1336 ἐνθαῦτα
972 1292 1046 1336 καὶ
1087 1292 1216 1336 τέκνα
1250 1292 1324 1336 καὶ
1362 1297 1679 1348 γυναῖκας.“9ο

336 1368 507 1417 9οὗτοι
536 1372 628 1416 ἐπεί
657 1388 701 1416 τε
730 1371 773 1423 ἐς
803 1373 1044 1428 Αἰθιοπίην
1063 1370 1290 1422 ἀπίκοντο,
1322 1372 1495 1415 διδοῦσι
1517 1371 1623 1427 σφέ-

367 1469 418 1504 ας
448 1450 609 1503 αὐτούς
646 1454 707 1509 τῷ
740 1449 967 1495 Αἰθιόπων
996 1450 1171 1506 βασιλέϊ.
1216 1448 1239 1494 ὁ
1271 1449 1316 1493 δέ
1347 1461 1483 1506 σφεας
1511 1452 1621 1508 τῷδε

311 1541 355 1574 10
367 1530 684 1586 ἀντιδωρέεται.
714 1524 828 1586 ἦσάν
859 1531 902 1573 οἰ
925 1527 1134 1585 διάφοροί
1160 1545 1273 1580 τινες
1293 1527 1517 1585 γεγονότες
1532 1531 1621 1572 τῶν

364 1608 621 1661 Αἰθιόπων·
650 1607 835 1662 τούτους
864 1608 1030 1653 ἐκέλευε
1059 1606 1303 1662 ἐξελόντας,
1338 1606 1419 1665 τήν
1446 1607 1677 1651 ἐκείνων95

310 1817 500 1867 aliquoties
522 1818 711 1854 occurrunt
726 1815 870 1854 nomine
885 1813 962 1852 Τα-

305 1875 434 1925 phnes,
465 1874 565 1923 quod
591 1873 636 1909 ab
664 1872 841 1909 hodierno
869 1871 964 1921 Sas-

309 1943 376 1968 nas
404 1942 477 1966 non
510 1928 615 1966 valde
645 1929 792 1965 recedit.
851 1929 959 1964 Conf.

310 1985 581 2024 Schliehthorst.
601 1984 624 2021 l.
645 1984 667 2021 l.
692 1997 729 2034 p.
748 1983 814 2026 75.
855 1983 961 2020 Man-

310 2045 402 2078 nert.
434 2041 457 2078 l.
486 2040 508 2077 l.
535 2040 590 2086 X,
619 2043 637 2081 1
670 2053 756 2089 pag.
778 2039 861 2081 492
883 2052 958 2088 seq.

310 2097 528 2134 Hartmann.
571 2096 848 2132 Erdbeschreib.
889 2107 961 2131 von

309 2151 403 2200 Aeg.
424 2165 460 2202 p.
480 2153 572 2193 855.
606 2151 696 2187 Mox
723 2151 851 2200 scripsi
879 2163 958 2188 cum

313 2209 430 2245 Gaisf.
440 2203 632 2259 Ἀραβίων
652 2222 673 2245 τ
686 2220 702 2245 ε
722 2205 788 2245 καὶ
803 2202 957 2258 Σύρων,

311 2265 373 2301 ubi
393 2263 502 2312 vulgo
525 2264 650 2301 deerat
666 2277 706 2302 τε
734 2268 770 2301 et
789 2275 856 2312 pro
877 2258 958 2301 Σύ-

313 2334 393 2372 ρων
441 2320 687 2357 inveniebatur
729 2314 958 2370 Ἀσσυρίων,

313 2376 412 2425 quod
449 2376 577 2414 merito
617 2376 688 2412 iam
724 2376 959 2412 damnaverat

312 2431 549 2469 Valcken.—-
560 2432 617 2469 De
634 2430 766 2468 Marea
783 2431 856 2468 vid.
867 2435 958 2468 nott.

312 2488 360 2525 ad
386 2488 442 2535 ll,
472 2490 535 2530 18.
566 2509 623 2516 —-
660 2487 702 2524 In
727 2487 866 2525 verbis:
905 2485 958 2534 ὥς

312 2542 379 2582 καὶ
397 2542 463 2583 ἐπὶ
479 2543 725 2594 Ψαμμιτίχου
737 2537 839 2595 ἦσαν
852 2544 958 2580 Stru-

313 2613 359 2637 ve
387 2600 494 2650 Spec.
524 2600 674 2644 Quaest.
703 2604 769 2637 etc.
796 2612 881 2650 pag.
902 2602 955 2641 26

313 2659 417 2694 notat
438 2669 540 2693 usum
561 2655 755 2707 particulae
772 2654 824 2701 ὦς
843 2657 957 2692 rario-

314 2725 389 2750 rem
402 2716 488 2762 post
506 2724 759 2763 praegressum
775 2706 898 2750 ταύτὰ
921 2716 958 2749 ct

315 2768 455 2806 similia.

379 2823 469 2875 τρία
519 2822 604 2863 ἔτεα
653 2818 963 2877 φρουρήσαντας

316 2874 464 2920 ἀπέλυε
503 2894 538 2919 κ.
565 2895 597 2919 τ.
617 2878 679 2931 λ.]
726 2881 806 2919 Alia
840 2881 963 2933 prodit

1029 1814 1214 1854 Diodorus
1243 1813 1278 1862 1,
1303 1816 1381 1862 67,
1409 1826 1565 1864 quocum
1589 1825 1678 1850 eon-

1030 1872 1150 1908 ferunt
1167 1871 1345 1908 Plutarch.
1364 1870 1462 1908 Mor.
1479 1883 1563 1921 pag.
1581 1871 1678 1916 601,

1030 1926 1062 1963 E
1093 1926 1339 1964 etAristotel.
1366 1926 1474 1964 Rhet.
1507 1925 1581 1972 ΙΙΙ,
1611 1927 1676 1965 16.

1029 1981 1090 2020 Tu
1125 1983 1195 2019 vid.
1222 1995 1317 2031 quae
1354 1982 1463 2033 paulo
1495 1986 1580 2018 ante
1606 1981 1678 2031 ipsi

1027 2038 1242 2075 monuimus.
1260 2060 1316 2067 —
1339 2034 1414 2077 οὐκ
1438 2037 1482 2076 ἔα
1500 2042 1598 2076 recte
1614 2050 1679 2075 ex-

1026 2094 1136 2144 plicat
1156 2094 1330 2132 Valcken.
1353 2093 1596 2142 dissuadebat,
1617 2093 1678 2131 de-
1738 2130 1739 2149 3

1027 2150 1242 2188 hortabatur.
1300 2151 1382 2188 vid.
1421 2151 1497 2188 eius
1533 2154 1609 2187 not.
1640 2153 1677 2188 et

1026 2207 1070 2244 cf.
1090 2207 1288 2244 Hermann.
1317 2208 1365 2244 ad
1383 2207 1506 2256 Viget.
1526 2220 1563 2258 p.
1581 2208 1675 2248 890.

1081 2265 1161 2301 τῶν
1181 2262 1224 2302 δέ
1242 2261 1505 2315 τιναλέγεται
1524 2262 1675 2310 δείξαν-

1025 2332 1073 2356 τα
1103 2315 1146 2358 τὸ
1181 2319 1336 2358 αἰδοῖον
1364 2319 1490 2359 εἰπεῖν
1517 2333 1553 2358 κ.
1573 2334 1605 2357 τ.
1624 2316 1673 2369 λ.]
1734 2362 1735 2374 ¹

1025 2375 1151 2412 Simile
1170 2376 1354 2425 quoddam
1377 2377 1424 2414 de
1441 2375 1553 2412 nobili
1563 2387 1675 2412 uxore

1024 2430 1139 2479 Itala,
1169 2432 1367 2469 Catharina
1398 2433 1550 2479 Sforza,
1579 2443 1675 2481 quae

1026 2487 1172 2524 domino
1192 2488 1360 2525 Forlensi
1378 2492 1456 2525 erat
1474 2492 1600 2538 nupta,
1629 2498 1674 2524 ex
1732 2509 1733 2520 ι

1023 2542 1246 2581 Machiavell.
1258 2544 1353 2582 Hist.
1371 2544 1533 2583 Florent.
1552 2543 1575 2580 l.
1590 2541 1675 2581 VIII

1022 2601 1160 2650 profert
1180 2600 1289 2637 Italus
1305 2601 1494 2651 interpreS.

1078 2653 1242 2703 τούτους
1278 2655 1428 2696 ἐκέλευε
1456 2649 1673 2706 ἐξελόντας]

1030 2708 1194 2760 τούτους
1221 2712 1269 2749 ad
1299 2712 1496 2763 Aethiopes
1534 2715 1674 2762 spectat

1031 2774 1067 2806 et
1092 2781 1113 2804 a
1135 2769 1245 2805 verbo
1283 2764 1486 2816 ἐξελόντας
1523 2767 1673 2818 pendet,

1030 2824 1130 2873 quod
1161 2825 1279 2874 ipsum
1308 2826 1356 2862 ad
1385 2823 1589 2874 Aegyptios
1615 2835 1674 2860 re-

1030 2893 1114 2918 cens
1133 2885 1298 2931 receptos
1315 2882 1442 2919 referri
1462 2879 1584 2928 debet,
1605 2878 1673 2916 hoc
1726 2894 1727 2898 ¹
