1759 3324
593 239 1110 281 EUTERPE.11.

213 354 458 410 ἐπωνυμίας
486 351 655 403 δόντες,
685 350 759 394 καὶ
787 349 914 406 τιμάς
946 365 991 393 τε
1019 349 1093 394 καὶ
1119 350 1269 406 τέχνας
1298 346 1466 394 διελόν-
1526 353 1606 394 130

184 437 305 486 4τες,
334 433 405 476 καὶ
434 433 550 474 εἴδεα
580 428 726 473 αὐτῶν
755 428 1032 486 σημήναντες.

1385 242 1470 282 611

1094 432 1138 473 οἱ
1175 430 1221 474 δὲ
1254 427 1471 484 πρότερον
1480 434 1526 469 30

210 511 383 568 ποιηταὶ
423 508 645 564 λεγόμενοι
683 507 852 552 τούτων
897 513 987 552 τῶν
1024 506 1202 563 ἀνδρῶν
1239 509 1468 563 γενέσθαι,

181 590 421 644 5ὕστερον,
454 588 549 644 ἐμοί
577 604 624 643 γε
655 588 843 640 δοκέειν,
871 586 1069 643 ἐγένοντο
1099 587 1281 631 τούτων.
1311 587 1385 630 καὶ
1414 585 1468 629 τὰ

207 669 286 726 μὲν
324 671 476 721 πρῶτα
511 670 557 711 αἱ
592 669 852 719 Δωδωνίδες
891 666 1028 723 ἰρήϊαι
1074 667 1273 724 λέγουσι·

1328 665 1381 709 τὰ
1422 665 1468 709 δὲ

207 747 386 802 ὕστερα,
416 747 468 791 τα
499 748 540 799 ἐς
565 746 770 792 Ἡσίοδόν
799 763 844 791 τε
864 747 938 792 καὶ
957 746 1156 804 Ὅμηρον
1175 747 1351 804 ἔχοντα,
1382 744 1465 801 ἐγώ

205 827 330 883 λέγω.

203 1029 320 1085 τιμάς
340 1047 381 1072 τε
401 1031 469 1072 καὶ
496 1030 633 1083 τέχνας
655 1027 801 1072 διελόν-

147 1089 232 1141 τες]
265 1091 330 1128 Cr.
361 1090 511 1127 similem
528 1091 666 1127 confert
683 1089 800 1126 locum

147 1147 315 1196 Aeschyli
339 1148 375 1183 in
398 1146 672 1187 Prometh.228
696 1146 796 1193 (237

149 1217 227 1252 seq.
249 1203 412 1250 Blomf.).
461 1202 520 1239 Ad
541 1216 666 1239 vocem
682 1197 799 1252 τιμάς

147 1261 241 1297 conf.
262 1260 368 1297 etiam
385 1259 535 1296 Homer.
566 1259 700 1307 Odyss.
731 1259 797 1307 XI,

146 1317 241 1358 301.
260 1319 341 1357 303
355 1345 366 1363 ,
393 1327 440 1352 ne
462 1315 579 1366 plura.

202 1426 244 1467 οἱ
263 1424 305 1466 δὲ
332 1422 526 1478 πρότερον
551 1423 711 1476 ποιηταὶ
741 1428 798 1465 λε-

144 1478 304 1535 γόμενοι
315 1479 466 1522 τούτων
477 1498 556 1521 των
569 1478 728 1534 ανδοων
740 1504 796 1510 -

144 1539 279 1591 ἔγενοι
283 1555 323 1579 το
345 1534 518 1590 τούτων]
548 1540 650 1577 Bene
670 1543 796 1576 monet

143 1596 352 1646 Heyninsl.
372 1596 415 1633 l.:
447 1597 568 1643 „forte
597 1595 797 1643 (Herodo-

144 1654 221 1701 tus)
241 1653 399 1689 carmina
421 1653 579 1702 respicit,
609 1664 703 1700 quae
728 1652 794 1688 sub

145 1708 298 1758 Orphei,
326 1708 481 1754 Musaei,
495 1707 592 1754 Lini,
612 1707 795 1758 Eumolpi,

144 1764 295 1813 aiiisque
332 1764 538 1802 nominibus
565 1764 796 1809 ferebantur,

144 1825 184 1857 ut
212 1833 286 1857 non
310 1824 385 1857 tam
412 1820 491 1857 illos
519 1820 681 1857 homines
709 1823 796 1870 post

142 1876 343 1914 Homerum
363 1877 507 1923 vixisse,
536 1889 644 1926 quam
667 1876 795 1913 carmi-

143 1945 192 1969 na
210 1932 276 1969 illis
302 1933 410 1969 tribui
433 1934 539 1969 solita
568 1933 681 1969 serius
709 1945 795 1969 eon-

144 1989 221 2025 dita
238 2002 386 2026 censere
405 1989 518 2027 videri
540 1989 683 2026 debeat.
715 1987 795 2025 Nec

142 2057 228 2083 vero
247 2045 332 2083 inde
352 2045 476 2082 inferri
502 2050 563 2082 aut
587 2048 709 2094 potest
731 2048 795 2081 aut

143 2101 267 2148 debet,
296 2103 402 2151 quasi
417 2102 627 2139 Herodotus
647 2104 794 2148 statuat,

142 2156 257 2196 nullos
279 2159 424 2194 omnino
443 2163 528 2195 ante
540 2158 742 2195 Homerum
758 2161 794 2194 et

140 2212 344 2262 Hesiodum
369 2214 479 2251 fuisse
504 2218 656 2264 poetas,
695 2212 792 2250 nulla

141 2269 253 2310 fuisse
280 2271 456 2308 carmina:
493 2271 532 2307 id
563 2270 663 2320 quod
692 2269 790 2306 omni

140 2337 259 2365 rerum
282 2327 415 2363 rationi
445 2328 675 2372 adversatum
712 2325 791 2362 fieri

144 2381 239 2429 enim
258 2381 356 2420 nullo
379 2384 490 2420 modo
518 2384 652 2433 potuit,
682 2386 723 2418 ut
751 2382 789 2419 in

142 2426 225 2475 rudi
249 2442 285 2476 et
310 2451 332 2475 a
355 2439 451 2476 nullo
473 2440 542 2476 alio
563 2444 674 2489 poeta
701 2439 788 2475 sub-

142 2497 224 2539 acto
243 2497 278 2531 et
295 2499 448 2533 tractato
474 2509 639 2533 sermone
660 2494 788 2531 earmi-

141 2560 191 2590 na
205 2548 398 2589 Homerica
415 2556 451 2589 et
461 2552 649 2590 Hesiodea
665 2551 788 2589 elabo-

141 2609 323 2652 rarentur3
352 2612 390 2644 et
411 2612 496 2645 sunt
523 2609 662 2645 infinita
687 2607 725 2643 in
744 2607 786 2645 iis

142 2659 251 2709 i1)siS‚
279 2674 372 2711 quae
400 2665 607 2714 antiquiora
630 2664 788 2701 carmina

142 2717 273 2765 partim
291 2722 490 2768 testantur,
519 2721 649 2771 partim
679 2733 789 2769 argu-

143 2773 246 2809 unt.“
295 2774 398 2817 Quae
424 2778 552 2815 eadem
581 2778 658 2814 fere
686 2777 790 2826 ponit

143 2827 342 2867 Creuzerus
361 2830 394 2869 11.
407 2831 461 2881 ll.,
482 2833 697 2884 praesertim
708 2845 789 2870 cum

866 1033 947 1084 ipse
984 1032 1198 1070 Herodotus
1230 1031 1390 1082 pluribus
1432 1030 1519 1068 locis

867 1090 1026 1127 carmina
1050 1093 1085 1127 et
1107 1101 1209 1124 sacra
1236 1089 1401 1126 videatur
1419 1100 1520 1124 com-

865 1158 1087 1192 memorare,
1117 1157 1211 1193 quae
1231 1145 1279 1181 ad
1305 1146 1403 1195 prius
1426 1148 1520 1182 tem-

865 1216 932 1253 pus
966 1203 1035 1238 sint
1065 1201 1271 1238 revocanda
1300 1202 1364 1249 (cf.
1389 1201 1432 1247 H,
1449 1200 1516 1241 49.

867 1260 932 1300 51.
954 1259 1019 1299 52.
1038 1260 1141 1305 81),
1175 1258 1352 1307 ipsosque
1386 1261 1516 1307 poetas

865 1316 1029 1352 Homero
1050 1314 1188 1364 priores
1208 1313 1254 1361 H,
1274 1315 1348 1359 233
1378 1318 1417 1350 ut
1431 1313 1519 1351 inde

866 1384 1013 1420 quoque
1060 1374 1258 1420 appareat,
1313 1370 1518 1420 respexisse

865 1427 1042 1465 Nostrum
1062 1439 1105 1463 ea
1123 1427 1299 1473 carmina,
1329 1438 1423 1476 quae
1451 1426 1518 1463 sua

863 1484 974 1533 ipsius
1008 1486 1131 1520 aetate
1151 1483 1217 1519 sub
1247 1482 1338 1519 falso
1365 1482 1518 1532 Orphei,

863 1540 946 1577 Lini
984 1539 1207 1587 aliorumque
1242 1540 1389 1576 nomine
1422 1540 1518 1577 fere-

862 1597 1007 1642 bantur,
1029 1608 1109 1632 cum
1129 1594 1179 1631 ad
1194 1595 1330 1632 seriora
1349 1599 1517 1646 tempora

861 1653 1098 1703 pertinerent.

917 1762 982 1803 καὶ
999 1760 1046 1802 τοὶ
1065 1760 1136 1814 μὲν
1153 1765 1293 1815 πρῶτα
1311 1761 1356 1801 αἶ
1370 1763 1516 1802 Δωδω-

861 1820 969 1866 νίδες
991 1816 1119 1871 Eoritai,
1135 1817 1312 1872 λέγουσι]
1343 1819 1516 1868 Intelligit

862 1890 917 1924 ea,
932 1889 1026 1926 quae
1046 1890 1124 1926 cap.
1145 1879 1200 1918 52
1218 1880 1438 1913 narraverat.
1458 1897 1514 1903 ——

861 1935 1055 1970 Caeterum
1073 1933 1164 1970 haec
1174 1945 1297 1970 rursus
1317 1932 1514 1969 candidum

858 1989 1040 2027 Herodoti
1058 1990 1215 2026 studium
1227 1989 1514 2038 religionemque

859 2046 937 2083 veri
952 2046 1123 2082 tradendi
1144 2046 1230 2082 satis
1248 2046 1420 2095 produnt,
1450 2046 1514 2093 qui

858 2105 934 2138 tam
952 2106 1130 2148 accurate,
1160 2114 1256 2150 quae
1274 2102 1355 2152 ipse
1380 2101 1514 2138 sentiat

860 2162 924 2195 aut
943 2162 1100 2205 statuat,
1130 2158 1176 2194 ab
1196 2159 1261 2205 iis,
1291 2170 1386 2207 quae
1413 2158 1513 2194 fama

859 2218 1062 2264 acceperat,
1091 2214 1303 2262 distinguat.
1344 2214 1446 2251 Idem
1474 2214 1512 2250 in

858 2272 977 2320 capite
1007 2271 1173 2323 sequenti
1196 2271 1392 2308 observare
1415 2270 1511 2317 licet,

857 2327 920 2363 ubi
946 2327 1120 2376 legimus:
1160 2322 1276 2366 τόνδε
1295 2320 1512 2378 Αἰγυπτιοι

856 2378 976 2434 λόγον
982 2358 1181 2436 υλέγουσις
1226 2384 1312 2422 add.
1346 2395 1424 2433 cap.
1455 2381 1510 2425 55

853 2439 932 2476 init.

912 2548 961 2590 τοέ
988 2550 1028 2598 ἐς
1059 2549 1245 2590 Ἡσίοδον
1268 2569 1323 2578 -
1347 2547 1511 2600 ἔχοντα]

854 2609 879 2646 ἰ.
899 2622 930 2646 e.
951 2622 992 2646 ea
1014 2621 1102 2658 quae
1115 2608 1162 2645 ad
1171 2606 1366 2645 Hesiodum
1384 2610 1416 2643 et
1430 2605 1512 2643 Ho-

853 2677 982 2702 merum
1004 2668 1169 2714 spectant.
1199 2663 1439 2701 Locutionem
1456 2663 1512 2699 in-

856 2722 903 2759 de
931 2723 1057 2758 sumsit
1078 2721 1278 2758 Pausanias
1304 2720 1341 2769 I,
1360 2723 1387 2762 2
1413 2717 1450 2770 ἓ-
1471 2718 1511 2766 4,

856 2778 919 2816 ubi
935 2778 1040 2830 plura
1057 2777 1223 2816 Siebelis.

1199 2944 1295 2984 39*
