1805 3315
245 576 309 621 16

35 641 118 676 Sady
121 643 198 668 nites
225 641 262 668 ab
280 648 310 668 a.

35 676 86 702 «529
100 650 142 701 aa
159 674 218 714 ιιι.
225 673 310 713 *Aly-
357 666 413 693 τα
440 649 554 703 ἔτεα,

35 714 125 741 aues,
144 716 192 743 qm
205 707 255 734 eis
260 715 307 734 ue-

35 751 94 835 {a
72 731 144 802 egei}
149 783 182 801 us
199 741 309 801 1ιε11111ἐιι
357 731 552 773 σίλευσεν
586 730 681 774 ἔτεα
719 727 943 772 δυώδεκα·

64 817 96 835 ns
121 808 158 835 ab
183 816 219 834 eo
246 816 307 835 mo—

35 847 98 870 tum
120 846 151 870 ct
176 850 225 869 sex
252 849 308 869 au-

363 222 418 262 42
787 221 1256 260 HERODOTl

361 328 598 385 Κιμμέριοι
630 329 673 384 ἐξ
702 327 848 387 ἠθέων
875 328 964 373 ὑπὸ
994 330 1215 374 Σκυθέων
1240 336 1331 375 τῶν
1353 331 1579 387 Νομάδων
1597 331 1654 384 ἐξ·

363 407 647 462 αναστάντες,
678 408 884 454 ἀπικέατο
905 409 947 460 ἐς
973 408 1053 464 τήν
1070 407 1236 466 Ἀσίην,
1267 412 1338 455 καὶ
1356 412 1520 467 Σάρδις
1539 409 1698 467 πλὴν35

361 491 438 545 τῆς
463 487 724 544 ἀκροπόλιος
747 487 873 533 εἶλον.

461 568 650 626 ’Ἄρδυος
669 569 714 613 δὲ
733 566 1070 626 βασιλεύσαντος
1103 567 1200 620 ἑνὸς
1229 569 1386 613 δέοντα
1415 569 1648 626 πεντήκον-

319 900 545 937 Graecorum
578 896 697 947 po'etis
749 894 970 942 (vernaculo

318 960 529 1003 sermone),
569 954 631 989 ubi
668 950 848 988 Callinum
877 952 972 987 intra

317 1017 484 1049 octamm
511 1016 548 1047 et
569 1021 705 1046 nonum
728 1007 911 1044 saeculum
936 1021 968 1044 a.

318 1069 406 1106 Chr.
428 1082 464 1105 n.
486 1068 618 1104 vixisse
638 1065 845 1109 contendit3
876 1065 970 1101 conf.

317 1126 387 1174 (T.
405 1125 459 1173 ll)
484 1123 626 1175 p.415.
657 1121 751 1158 Utut
770 1124 838 1168 est,
869 1121 970 1169 equi-

318 1184 404 1220 dem
420 1181 617 1232 persistere
638 1177 759 1214 malim
775 1177 812 1212 in
827 1190 870 1214 ea
885 1190 969 1214 sen-

318 1239 449 1284 tentia,
481 1249 590 1286 quam
613 1235 662 1272 ad
683 1247 761 1284 cap.
780 1233 831 1269 Vl
850 1234 971 1283 posui,

317 1295 550 1333 Herodotum
568 1293 615 1329 de
637 1303 710 1327 una
736 1290 846 1327 modo
868 1290 969 1326 Cim-

317 1353 512 1390 meriorum
537 1351 588 1386 im
599 1348 723 1384 asione
750 1347 868 1396 loqui,
903 1360 968 1383 ne-

315 1422 390 1458 que
407 1407 556 1444 aliorum
571 1405 787 1454 scriptorum
803 1403 968 1440 testimo-

317 1466 398 1511 nia,
439 1465 470 1500 si
503 1464 598 1499 forte
639 1461 867 1507 discordant,
908 1464 971 1496 aut

317 1535 365 1559 ne
407 1519 629 1557 concordent
667 1531 689 1554 a
731 1516 814 1553 viris
854 1517 970 1553 doctis

314 1577 572 1623 sollicitantur,
629 1574 721 1610 illius
770 1573 971 1609 auctoritati

315 1633 559 1686 praeferenda
616 1630 741 1666 videri.
818 1628 971 1677 Lygda-

315 1691 443 1737 midis,
495 1689 556 1737 qui
590 1689 663 1724 dux
691 1686 968 1722 Cimmeriorum

316 1748 354 1784 in
396 1747 464 1783 hae
509 1744 760 1794 expeditione,
809 1746 889 1789 aut,
928 1745 969 1777 ut

316 1803 519 1841 Franckius
546 1800 637 1846 vult,
666 1800 704 1836 in
723 1799 853 1848 priori,
884 1810 969 1848 per-

315 1860 479 1906 hibetur,
501 1857 715 1894 Herodotus
732 1855 866 1891 nullam
883 1854 971 1891 facit

315 1916 549 1954 mentionem.
589 1913 672 1950 Vid.
704 1917 828 1949 tamen
859 1910 969 1947 Calli—

315 1973 430 2010 mach.
477 1972 614 2020 Hymn.
652 1969 690 2005 in
730 1968 838 2005 Dian.
876 1967 969 2008 251.

316 2029 440 2066 Strab.
471 2027 490 2064 Ι
515 2041 554 2077 p.
592 2027 645 2067 61
676 2038 704 2061 5.
731 2027 809 2066 106
835 2029 870 2061 et
893 2024 971 2060 He-

315 2085 417 2134 sych.
438 2097 466 2120 5.
488 2097 522 2120 v.
546 2082 581 2119 II
603 2096 639 2132 p.
665 2081 758 2122 502.
815 2080 876 2117 Ad
894 2079 971 2128 Ly-

319 2142 550 2189 diamusque
578 2144 615 2176 et
640 2137 778 2174 Ioniam
806 2136 864 2174 ille
884 2150 971 2186 pro-

317 2210 490 2247 gressuS,
530 2196 662 2232 deinde
699 2194 876 2230 Sardibus
913 2206 972 2230 ca-

319 2254 411 2305 ptis,
441 2254 479 2289 in
517 2251 641 2288 Cilicia
676 2251 811 2288 obiisse
850 2252 972 2287 sertur.

319 2311 423 2348 Idem
441 2309 582 2346 Dianae
600 2307 783 2358 Ephesiae
797 2306 973 2356 templum

318 2366 520 2405 combussit
540 2370 602 2401 aut
626 2368 722 2401 certe
739 2377 780 2400 se
798 2365 973 2400 facturum

319 2436 403 2461 esse
450 2423 606 2459 minatus
662 2424 729 2457 est.
787 2420 845 2456 Cf.
892 2420 975 2455 virr.

321 2481 432 2516 doctt.
481 2479 531 2514 ad
577 2476 737 2525 Hesych.
790 2475 811 2511 l.
864 2475 887 2512 l.
937 2479 974 2512 et

322 2535 477 2573 Franck.
505 2533 635 2571 Callin.
666 2546 703 2583 p.
727 2533 806 2572 111
832 2544 889 2580 sq.

381 2602 594 2655 Κιμιιέριοι
631 2602 670 2650 ἐξ
709 2597 850 2652 η’θέων
897 2598 976 2640 ὑπὸ

323 2661 520 2702 Σκυθέων
547 2662 628 2699 τῶν
658 2653 864 2709 Νομάδων
890 2656 973 2704 ἐξα-

322 2714 555 2763 ναστάντες]
594 2713 702 2766 ἤθεα
726 2729 757 2752 5.
787 2712 874 2765 ’ἢθη
902 2714 974 2750 iam

324 2775 488 2813 Homero
537 2778 622 2810 sunt
661 2771 862 2817 (tornacum,
917 2783 975 2807 se-

327 2832 395 2868 des
415 2831 541 2881 fixae‚·
576 2829 672 2866 unde
710 2829 758 2865 ad
804 2827 977 2865 Herodo-

332 2892 408 2925 tum
436 2885 599 2935 aliosque
621 2885 765 2923 Ionicos
785 2884 978 2935 scriptores

597 649 813 702 ἐξεδέξατο
854 646 1113 703 Σαδυάττης
1143 646 1395 703 ὁ”Αρδυος,
1436 649 1510 691 καὶ
1545 649 1648 705 ἐβα-

1000 725 1263 772 Σαδυάττεω
1305 728 1364 780 δὲ,
1399 725 1646 784 Ἀλυάττης.

1038 896 1179 932 transiit
1205 895 1262 932 hic
1286 895 1385 932 vocis
1419 908 1529 943 usus,
1571 908 1594 932 a
1618 908 1691 944 quo

1039 964 1086 988 ne
1104 951 1214 988 Attici
1238 952 1386 1001 quidem
1403 965 1553 1001 prorsus
1578 951 1691 988 absti-

1038 1011 1139 1045 nent.
1196 1008 1274 1046 Sed
1319 1009 1366 1046 de
1404 1008 1460 1044 his
1507 1007 1691 1057 copiosius

1039 1064 1226 1101 admonuit
1299 1065 1347 1100 G.
1413 1064 1441 1101 Ι.
1497 1064 1691 1102 Bekkerus

1038 1134 1141 1158 meus
1176 1121 1215 1157 in
1247 1120 1454 1171 Specimine
1494 1120 1691 1157 Philostra-

1037 1182 1121 1225 teo,
1169 1178 1270 1225 quod
1299 1177 1438 1226 prodiit
1472 1176 1690 1214 Heidelber-

1037 1246 1107 1282 gae
1134 1233 1441 1270 MDCCCXVIII
1485 1247 1522 1283 p.
1550 1234 1605 1274 30
1634 1245 1690 1281 sq.

1035 1291 1095 1327 Ad
1137 1303 1214 1327 rem
1242 1291 1337 1327 conf.
1367 1290 1504 1327 Herod.
1534 1289 1569 1336 I,
1598 1290 1690 1330 103.

1039 1346 1129 1387 104.

1091 1401 1159 1441 καὶ
1184 1397 1333 1453 Σάρδις
1351 1423 1407 1430 -
1427 1397 1556 1447 εἷλον]
1587 1396 1691 1452 Σάρ-

1038 1459 1118 1506 δις
1147 1459 1341 1496 εςειιΞᾶῖίιί
1372 1458 1518 1509 pluralis
1542 1461 1598 1495 est
1617 1459 1691 1494 sor-

1036 1528 1097 1553 ma
1124 1516 1265 1562 Ionica,
1317 1521 1357 1551 ut
1395 1510 1532 1561 πόλις,
1580 1510 1691 1561 ὄψις,

1037 1572 1106 1609 alia
1128 1573 1227 1622 apud
1249 1571 1447 1618 Nostrum,
1478 1572 1525 1607 de
1559 1570 1691 1618 quibus

1037 1629 1171 1665 consul.
1211 1627 1342 1664 Matth.
1383 1626 1420 1678 §-
1459 1629 1512 1668 80
1550 1630 1626 1663 not.
1664 1628 1691 1666 6

1035 1698 1071 1735 p.
1104 1686 1194 1725 180.

1249 1783 1354 1835 cap.
1384 1783 1483 1820 ΧΠ.

1093 1862 1328 1917 Σαδυάττης
1358 1864 1590 1917 δ’Ἀρδυος]
1629 1865 1690 1903 De

1034 1926 1105 1963 hoc
1134 1938 1223 1973 rege
1254 1927 1372 1961 exstat
1404 1923 1564 1960 narratio
1589 1923 1689 1972 apud

1037 1981 1230 2020 Nicolaum
1261 1981 1480 2018 Damascen.
1509 1980 1565 2030 (p.
1585 1978 1689 2026 453)

1038 2052 1074 2090 p.
1105 2040 1183 2096 52
1185 2038 1244 2075 ed.
1283 2036 1395 2074 Orell.
1409 2065 1420 2083 ,
1467 2037 1531 2073 ubi
1567 2039 1690 2072 tamen

1037 2079 1206 2143 Alyattae
1231 2093 1326 2129 filius
1351 2093 1496 2139 dicitur3
1527 2091 1626 2142 quod
1646 2103 1690 2128 ex

1038 2151 1230 2188 Herodoto
1250 2150 1504 2197 corrigendum
1527 2148 1614 2185 mihi
1631 2148 1691 2184 vix

1038 2208 1189 2244 dubium
1219 2211 1284 2243 est.
1330 2206 1471 2242 Ibidem
1510 2206 1578 2255 (p.
1606 2204 1688 2251 53)

1039 2264 1202 2313 sequitur
1246 2263 1406 2300 narratio
1444 2262 1492 2298 de
1530 2260 1690 2309 Alyatta,

1039 2319 1227 2369 Sadyattis
1254 2319 1348 2366 filio,
1377 2319 1507 2356 iuvene
1521 2317 1691 2354 libidino-

1039 2390 1105 2424 so,
1141 2376 1218 2412 viro
1242 2375 1396 2426 posthac
1421 2372 1692 2411 continentissi-

1039 2447 1119 2480 mo,
1150 2433 1212 2481 qui
1239 2433 1433 2480 Smyrnam
1455 2431 1561 2481 cepit.
1617 2428 1692 2466 Eo-

1042 2491 1126 2526 dem
1157 2493 1342 2538 spectant,
1392 2500 1487 2536 quae
1522 2487 1692 2534 leguntur

1040 2546 1077 2581 iu
1092 2545 1265 2581 Heereuii
1284 2543 1454 2580 Biblioth.
1480 2543 1516 2579 d.
1541 2542 1602 2579 alt.
1615 2541 1690 2578 Lit.

1042 2614 1076 2636 ιι.
1107 2600 1232 2636 Kunst
1265 2599 1302 2645 I,
1338 2600 1388 2636 Vl
1435 2612 1471 2648 p.
1509 2601 1585 2645 20,
1630 2597 1693 2634 ubi

1043 2657 1212 2693 laudatur
1246 2655 1498 2705 Xenophilus,
1533 2653 1693 2702 Lydica-

1041 2725 1121 2749 rum
1148 2724 1268 2749 rerum
1297 2712 1463 2761 scriptor.
1522 2710 1601 2747 Sed
1618 2709 1692 2756 illa,

1042 2781 1137 2818 quae
1164 2767 1338 2805 Nicolaus
1375 2767 1504 2813 habet,
1543 2779 1564 2803 e
1589 2765 1693 2802 Xan—

1043 2826 1106 2861 tho
1145 2828 1183 2861 et
1215 2824 1298 2874 ipso
1327 2836 1447 2861 rerum
1471 2822 1693 2871 Lydicarum

1042 2884 1190 2919 auctore
1234 2880 1401 2918 desumta
1444 2891 1527 2917 esse
1558 2877 1695 2918 iudicat
