1777 3324
152 214 236 253 932
547 210 798 251 ADDENDA
826 213 898 251 ET
928 212 1284 251 CORRIGENDA.

154 322 206 356 Ad
230 322 284 363 Π,
310 323 355 358 66
378 333 460 365 pag.
479 322 559 357 632.
605 322 659 356 Ad
686 334 750 364 ea,
777 335 867 368 quae
890 324 932 356 de
953 325 1029 366 sele
1046 323 1267 367 Aegyptiam
1290 323 1565 368 disputavimus,
1591 338 1675 360 con-

371 368 454 401 ferri
474 373 653 412 poterunt,
678 380 767 413 quae
794 369 958 403 disseruit
974 371 1016 402 tle
1032 370 1214 413 primitiva
1230 371 1352 413 patria
1369 373 1455 412 selis
1473 371 1611 405 Dureau
1633 373 1676 407 de

372 414 406 448 la
422 414 528 448 Malle
553 414 587 448 in
612 415 736 451 annall.
757 416 819 450 des
849 416 1001 448 sciences
1029 415 1186 448 naturell.
1209 416 1287 458 juin
1307 417 1392 450 1329
1418 417 1507 460 (vid.
1524 418 1677 452 Notizen

371 472 433 494 aus
462 460 537 494 dem
565 461 695 494 Gebiet
725 462 787 495 der
812 463 927 496 Natur
956 461 1024 494 und
1052 461 1244 494 Heilkuude
1274 463 1360 497 1829
1393 474 1442 496 nr.
1462 462 1550 504 5423
1585 464 1676 507 quod

371 506 614 550 benignissime
649 518 775 541 mecum
807 507 1070 541 communicavit
1100 519 1134 542 v.
1164 508 1205 541 cl.
1231 507 1488 553 Tiedemanm).
1545 509 1618 549 Qui
1646 509 1677 542 si

370 553 599 586 Palaestinam
619 564 754 598 quoque
783 554 867 587 seles
892 559 926 587 et
942 554 1077 587 cicures
1098 557 1134 587 et
1152 559 1308 597 agrestes
1326 555 1512 589 nutrivisse
1536 560 1678 588 conten-

373 609 444 650 dit,
477 609 578 642 valde
607 614 714 643 errat.
762 610 887 655 Neque
912 610 999 644 enim
1028 611 1261 644 Hebraeorum
1288 613 1382 655 0³³·ss
1409 614 1502 654 feles
1520 617 1677 657 agrestes

371 655 523 696 indicat,
557 659 596 688 ut
626 655 704 688 olim
734 656 970 689 arbitrabatur
999 657 1212 696 Bochartus,
1246 657 1327 699 sed,
1364 659 1504 702 quosvis
1526 659 1676 692 locorum

372 702 544 735 aridorum
565 713 605 734 ac
627 701 837 735 desertorum
860 702 1011 742 incolas,
1045 704 1118 736 sive
1146 703 1296 736 homines
1325 704 1400 737 sive
1427 704 1571 738 bestias.
1618 704 1676 737 Tu

373 747 456 787 vid„
482 758 524 780 ne
546 747 666 790 plura,
697 748 825 781 Winer.
844 747 877 780 in
898 748 1001 781 lexic.
1025 748 1168 781 manual.
1189 750 1296 781 Hebr.
1323 761 1357 793 p.
1381 751 1459 784 817.
1507 750 1676 784 Maiorem

371 792 473 826 fidem
491 799 681 833 merentur,
707 805 794 836 quae
814 793 858 826 de
878 793 1000 826 felibus
1026 805 1086 837 per
1106 794 1244 827 Africae
1277 800 1395 838 partes
1420 797 1675 840 septentriona-

372 840 442 879 les,
469 839 598 871 Indiam
619 850 659 871 ac
682 839 796 871 Sinam
827 838 885 871 diu
907 844 987 872 ante
1003 840 1175 872 Christum
1199 845 1312 873 natum
1328 840 1498 884 cognitis,
1522 846 1591 874 tum
1612 842 1676 875 do-

371 884 522 917 mesticis
542 889 611 917 tum
633 885 827 927 agrestibus
855 884 912 916 ille
943 885 1083 925 scribit,
1110 896 1149 917 ac
1172 885 1319 929 denique
1340 886 1383 919 de
1409 886 1486 931 ipsa
1512 887 1674 930 Graecia,

372 930 429 963 ubi
452 930 562 963 serius
583 929 704 974 utique
725 930 843 974 γαλῆν
859 929 1008 964 dixerint
1034 932 1143 972 felem
1174 932 1394 965 domesticam
1409 957 1418 973 ,
1443 938 1479 966 et
1501 932 1677 975 αἴλουρον

373 982 567 1021 agrestem,
594 988 667 1009 cum
685 983 786 1009 antea
808 975 982 1019 αἴλουρος
1003 977 1048 1009 ad
1079 983 1260 1021 utrumque
1278 978 1394 1011 felium
1416 989 1524 1023 genus
1546 979 1678 1022 signifi-

372 1023 518 1055 candum
536 1022 769 1055 adhiberetur.
802 1023 915 1066 Ipsam
932 1034 1048 1055 vocem
1069 1022 1245 1065 αἴλουρος
1270 1023 1328 1056 ille
1354 1024 1489 1057 derivat
1509 1025 1552 1058 ab
1575 1022 1676 1059 αἰόλ-

373 1069 421 1100 λω
440 1070 529 1101 ultro
548 1069 699 1112 citroque
714 1080 849 1109 moveo,
876 1073 910 1101 et
929 1064 1024 1110 οὔρει
1045 1070 1177 1110 cauda,
1203 1069 1362 1103 Salmasii
1378 1070 1513 1104 ratione
1531 1070 1673 1111 reiecta,

373 1114 432 1157 qui
455 1115 498 1146 ab
516 1114 657 1158 antiquo
682 1112 786 1152 αἰλὸς
806 1115 914 1158 (quod
936 1116 1150 1148 adulatorem
1167 1114 1361 1159 significat)
1388 1121 1422 1149 et
1451 1112 1568 1159 οὖροι,
1591 1116 1677 1150 illud

372 1160 552 1194 devenisse
573 1160 695 1193 statuit
714 1172 787 1193 cum
805 1172 892 1194 voce
912 1158 1017 1200 αἰλὸς
1028 1186 1038 1203 ,
1073 1162 1103 1195 si
1121 1169 1357 1206 praeponatur
1376 1162 1544 1206 digamma
1561 1162 1678 1197 Aeoli-

371 1219 468 1247 cum,
492 1205 690 1239 Latinorum
709 1207 835 1240 existat
856 1208 953 1249 felis,

156 1260 203 1295 Ad
224 1261 276 1303 ll,
301 1262 346 1297 74
369 1274 403 1306 p.
423 1264 502 1297 651.
527 1265 595 1298 652
621 1264 697 1296 coll.
723 1275 776 1308 cp.
801 1264 857 1298 75.
907 1264 984 1305 Ea,
1010 1276 1098 1309 quae
1126 1265 1169 1298 de
1197 1265 1305 1298 alatis
1325 1265 1536 1310 serpentibus
1556 1264 1679 1298 scribit

366 1309 564 1343 Herodotus
579 1334 590 1350 ‚
622 1310 657 1343 in
689 1321 829 1343 examen
861 1317 984 1344 vocata
1012 1323 1088 1344 esse
1111 1311 1213 1344 video
1233 1322 1254 1344 a
1283 1323 1317 1344 v.
1335 1311 1376 1344 cl.
1398 1310 1622 1344 Tiedemann.
1641 1311 1677 1344 in

371 1355 481 1396 libro,
508 1356 567 1400 qui
588 1355 807 1389 inscribitur:
834 1357 1012 1390 Anatomie
1035 1369 1069 1390 u.
1089 1357 1404 1401 Naturgeschichte
1422 1358 1482 1390 des
1504 1357 1679 1392 Drachen.

371 1401 572 1445 Nurnberg.
596 1404 696 1437 1811.
752 1403 828 1435 Illic
861 1403 948 1436 enim
984 1414 1209 1447 quaecunque
1242 1408 1379 1436 veteres
1407 1403 1451 1436 de
1475 1403 1678 1436 draconibus

370 1447 444 1480 sive
470 1459 554 1481 vera
582 1448 657 1481 sive
686 1449 774 1482 falsa
793 1449 974 1482 memoriae
992 1449 1231 1490 tradiderunt,
1267 1449 1519 1482 accuratissime
1544 1449 1678 1493 disqui-

369 1499 502 1528 runtur.
551 1495 724 1538 Tangitur
741 1494 910 1528 Herodoti
927 1496 1024 1529 locus
1047 1506 1125 1539 pag.
1146 1497 1190 1530 45
1212 1507 1320 1540 seqq„
1346 1495 1403 1528 ubi
1433 1496 1487 1527 vir
1517 1494 1677 1528 doctissi-

370 1551 444 1572 mus
460 1540 618 1584 Savignii
636 1541 787 1574 rationes
805 1542 927 1585 probat
951 1541 1129 1584 alatosque
1154 1548 1330 1585 serpentes
1350 1553 1411 1585 pro
1434 1540 1596 1574 fabulosis
1616 1541 1677 1573 be-

371 1585 446 1618 stiis
467 1587 590 1626 habet,
616 1598 689 1619 cum
710 1587 820 1619 nullae
839 1587 1028 1620 istiusmodi
1045 1586 1212 1620 bestiolae
1233 1598 1355 1620 revera
1372 1587 1593 1620 inveniantur
1613 1598 1677 1620 nec

370 1643 432 1675 per
455 1633 648 1677 Aegyptum·
667 1645 730 1665 nec
750 1633 834 1666 alias
854 1645 916 1677 per
933 1634 1091 1677 regiones
1110 1633 1268 1674 Arabiae,
1294 1633 1510 1677 Aethiopiae,
1532 1632 1677 1676 Libyae,

370 1689 432 1711 nec
454 1678 600 1723 denique
622 1678 655 1711 in
675 1678 758 1723 ipsis
777 1679 980 1723 anaglyphis
999 1685 1149 1712 veterum
1167 1679 1413 1723 Aegyptiorum
1436 1679 1524 1712 istae
1541 1690 1678 1722 compa-

370 1729 481 1757 reant.
530 1725 639 1764 Quem
670 1737 752 1758 vero
782 1725 847 1758 ibis
878 1725 1038 1769 persequi
1067 1725 1216 1757 traditur
1243 1733 1460 1769 serpentem,
1495 1724 1525 1757 is
1545 1724 1678 1758 Tiede-

369 1781 489 1803 manno
512 1770 649 1804 videtur
669 1783 744 1804 esse
763 1773 895 1804 coluber
915 1777 1076 1811 cerestes,
1102 1777 1140 1804 ut
1163 1771 1221 1815 qui
1238 1796 1246 1811 ,
1274 1772 1355 1804 Nilo
1375 1775 1570 1810 crescente,
1594 1781 1676 1814 pas-

371 1816 432 1849 sim
455 1827 518 1860 per
539 1819 730 1861 Aegyptum
761 1817 957 1861 reperiatur
988 1822 1022 1850 et
1055 1817 1089 1850 in
1118 1817 1323 1861 anaglyphis
1350 1828 1484 1860 semper
1510 1817 1585 1849 fere
1611 1827 1678 1849 una

370 1873 443 1895 cum
465 1862 559 1895 ibide
577 1870 866 1906 repraesentetur.
915 1863 1034 1897 Alatos
1056 1871 1236 1907 serpentes
1268 1863 1334 1896 dici
1365 1864 1517 1907 potuisse
1545 1863 1587 1895 ab
1611 1864 1678 1895 Ae-

371 1908 522 1952 gyptiis,
555 1920 628 1941 cum
656 1915 725 1942 tam
755 1910 865 1943 celere
897 1921 958 1953 per
978 1911 1170 1953 Aegyptum
1201 1909 1318 1942 diffusi
1345 1909 1495 1949 fuerint,
1528 1907 1677 1952 suspicio

370 1960 423 1986 est
442 1955 507 1986 viri
531 1954 741 1996 doctissimi,
767 1956 832 1988 hoc
851 1962 1020 1989 caeterum
1045 1955 1261 1988 adiicientis:
1287 1967 1352 1998 quo
1374 1955 1482 1988 minus
1501 1958 1678 1998 serpentes

371 2000 413 2032 ab
436 2001 611 2033 Herodoto
634 2002 808 2034 memorati
829 2013 891 2046 pro
921 2003 1125 2034 draconibus
1152 2002 1346 2034 volantibus
1368 2000 1595 2034 recentiorum
1615 2000 1678 2032 ha-

371 2045 533 2086 beantur,
561 2047 700 2080 obstare
729 2047 830 2088 illud,
857 2048 947 2092 quod
971 2048 1027 2080 isti
1049 2060 1112 2081 nec
1136 2059 1199 2091 per
1217 2049 1410 2091 Aegyptum
1431 2058 1493 2080 nec
1511 2057 1573 2090 per
1591 2047 1678 2079 Ara-

371 2091 460 2124 biam
491 2092 708 2125 inveniantur
732 2105 794 2126 nec
823 2094 866 2126 ab
892 2093 958 2126 ullo
985 2093 1244 2137 peregrinatore
1270 2095 1385 2126 harum
1415 2092 1590 2137 regionum
1609 2091 1679 2124 sint

371 2137 556 2170 observati.
605 2139 681 2172 Hoc
705 2145 886 2182 praeterea
912 2151 953 2172 ex
972 2140 1036 2172 hoc
1057 2139 1142 2172 libro
1165 2139 1318 2172 addimus
1347 2140 1446 2183 (pag.
1467 2138 1551 2181 33),
1576 2149 1678 2170 voces

371 2180 518 2223 δράκων
534 2188 569 2217 et
593 2180 679 2226 ὄφις
703 2185 791 2218 idem
819 2185 894 2218 fere
914 2186 1006 2228 apud
1032 2185 1245 2229 antiquiores
1274 2189 1367 2218 certe
1393 2186 1549 2218 Graecos
1570 2182 1676 2225 signi—

369 2228 513 2269 fica-se,
546 2241 587 2264 ac
617 2236 739 2275 postea
762 2231 894 2264 demum
923 2231 1068 2265 maiores
1092 2236 1268 2275 serpentes
1293 2231 1461 2264 vocitatas
1489 2241 1563 2263 esse
1587 2225 1677 2271 ὁρά-

372 2284 515 2312 κοντας.

724 2592 756 2629 L
789 2593 802 2629 Ι
833 2593 863 2629 P
893 2594 920 2629 S
952 2594 967 2630 Ι
995 2591 1028 2630 A
1058 2593 1089 2629 E

426 2671 493 2701 Ex
541 2672 853 2705 OFFICINA
898 2674 941 2707 Β.
981 2673 1026 2707 G.
1065 2673 1398 2707 TEUBNERI.
