<?xml version="1.0" encoding="UTF-8"?>
<!DOCTYPE html PUBLIC "-//W3C//DTD XHTML 1.0 Transitional//EN"
    "http://www.w3.org/TR/xhtml1/DTD/xhtml1-transitional.dtd">
<html xmlns="http://www.w3.org/1999/xhtml" xml:lang="en" lang="en">
 <head>
  <title>
</title>
<meta http-equiv="Content-Type" content="text/html;charset=utf-8" />
  <meta name='ocr-system' content='tesseract 3.04.00' />
  <meta name='ocr-capabilities' content='ocr_page ocr_carea ocr_par ocr_line ocrx_word'/>
</head>
<body>
  <div class='ocr_page' id='page_1' title='image "./musaeher01hero/musaeher01hero_0395.png"; bbox 0 0 1759 3324; ppageno 0'>
   <div class='ocr_carea' id='block_1_1' title="bbox 605 270 908 312">
    <p class='ocr_par' dir='ltr' id='par_1_1' title="bbox 605 270 908 312">
     <span class='ocr_line' id='line_1_1' title="bbox 605 270 908 312; baseline -0.013 0"><span class='ocrx_word' id='word_1_1' title='bbox 605 270 908 312; x_wconf 78' lang='lat' dir='ltr'>cL10.1‚</span> 
     </span>
    </p>
   </div>
   <div class='ocr_carea' id='block_1_2' title="bbox 136 384 286 430">
    <p class='ocr_par' dir='ltr' id='par_1_2' title="bbox 136 384 286 430">
     <span class='ocr_line' id='line_1_2' title="bbox 136 384 286 430; baseline 0 0"><span class='ocrx_word' id='word_1_2' title='bbox 136 384 262 430; x_wconf 81' lang='grc' dir='ltr'><em>νικόν</em></span> <span class='ocrx_word' id='word_1_3' title='bbox 275 400 286 411; x_wconf 88' lang='grc'><em>·</em></span> 
     </span>
    </p>
   </div>
   <div class='ocr_carea' id='block_1_3' title="bbox 1309 271 1393 311">
    <p class='ocr_par' dir='ltr' id='par_1_3' title="bbox 1309 271 1393 311">
     <span class='ocr_line' id='line_1_3' title="bbox 1309 271 1393 311; baseline 0 -1"><span class='ocrx_word' id='word_1_4' title='bbox 1309 271 1393 311; x_wconf 74' lang='lat'>379</span> 
     </span>
    </p>
   </div>
   <div class='ocr_carea' id='block_1_4' title="bbox 347 378 1388 437">
    <p class='ocr_par' dir='ltr' id='par_1_4' title="bbox 347 378 1388 437">
     <span class='ocr_line' id='line_1_4' title="bbox 347 378 1388 437; baseline -0.006 -10"><span class='ocrx_word' id='word_1_5' title='bbox 347 386 477 428; x_wconf 78' lang='grc' dir='ltr'><em>τοῦτο</em></span> <span class='ocrx_word' id='word_1_6' title='bbox 517 379 601 437; x_wconf 74' lang='grc' dir='ltr'>γάρ</span> <span class='ocrx_word' id='word_1_7' title='bbox 644 379 728 424; x_wconf 76' lang='grc' dir='ltr'>οὐκ</span> <span class='ocrx_word' id='word_1_8' title='bbox 769 380 848 436; x_wconf 73' lang='grc' dir='ltr'>ἔχω</span> <span class='ocrx_word' id='word_1_9' title='bbox 894 378 1105 434; x_wconf 74' lang='grc' dir='ltr'><em>ἀτρεκέως</em></span> <span class='ocrx_word' id='word_1_10' title='bbox 1151 379 1388 434; x_wconf 82' lang='grc' dir='ltr'><em>διακρῖναι.</em></span> 
     </span>
    </p>
   </div>
   <div class='ocr_carea' id='block_1_5' title="bbox 106 457 1393 522">
    <p class='ocr_par' dir='ltr' id='par_1_5' title="bbox 106 457 1393 522">
     <span class='ocr_line' id='line_1_5' title="bbox 106 457 1393 522; baseline -0.008 -13"><span class='ocrx_word' id='word_1_11' title='bbox 106 467 308 522; x_wconf 71' lang='grc' dir='ltr'><em>Ξνόμοισι</em></span> <span class='ocrx_word' id='word_1_12' title='bbox 337 464 381 508; x_wconf 80' lang='grc' dir='ltr'>δὲ</span> <span class='ocrx_word' id='word_1_13' title='bbox 418 461 628 518; x_wconf 80' lang='grc' dir='ltr'><em>χρέωνται</em></span> <span class='ocrx_word' id='word_1_14' title='bbox 655 458 1009 515; x_wconf 78' lang='grc' dir='ltr'><em>κεχωρισμένοισι</em></span> <span class='ocrx_word' id='word_1_15' title='bbox 1037 457 1203 502; x_wconf 83' lang='grc' dir='ltr'><em>πολλὸν</em></span> <span class='ocrx_word' id='word_1_16' title='bbox 1232 461 1321 500; x_wconf 79' lang='grc' dir='ltr'><em>τῶν</em></span> <span class='ocrx_word' id='word_1_17' title='bbox 1348 472 1393 500; x_wconf 84' lang='grc' dir='ltr'>τε</span> 
     </span>
    </p>
   </div>
   <div class='ocr_carea' id='block_1_6' title="bbox 133 534 1449 598">
    <p class='ocr_par' dir='ltr' id='par_1_6' title="bbox 133 534 1449 598">
     <span class='ocr_line' id='line_1_6' title="bbox 133 534 1449 598; baseline -0.008 -9"><span class='ocrx_word' id='word_1_18' title='bbox 133 545 276 590; x_wconf 75' lang='grc' dir='ltr'><em>ἄλλων</em></span> <span class='ocrx_word' id='word_1_19' title='bbox 304 540 552 598; x_wconf 64' lang='grc' dir='ltr'><em>ἀνθρώπων</em></span> <span class='ocrx_word' id='word_1_20' title='bbox 580 540 653 585; x_wconf 83' lang='grc' dir='ltr'>καὶ</span> <span class='ocrx_word' id='word_1_21' title='bbox 681 541 856 594; x_wconf 72' lang='grc' dir='ltr'><em>Καρῶν.</em></span> <span class='ocrx_word' id='word_1_22' title='bbox 903 543 1016 582; x_wconf 83' lang='grc' dir='ltr'><em>τοῖσι</em></span> <span class='ocrx_word' id='word_1_23' title='bbox 1044 536 1129 594; x_wconf 75' lang='grc' dir='ltr'>γὰρ</span> <span class='ocrx_word' id='word_1_24' title='bbox 1159 534 1449 581; x_wconf 75' lang='grc' dir='ltr'><em>κάλλιστὸν35</em></span> 
     </span>
    </p>
   </div>
   <div class='ocr_carea' id='block_1_7' title="bbox 128 617 1392 678">
    <p class='ocr_par' dir='ltr' id='par_1_7' title="bbox 128 617 1392 678">
     <span class='ocr_line' id='line_1_7' title="bbox 128 617 1392 678; baseline -0.006 -11"><span class='ocrx_word' id='word_1_25' title='bbox 128 625 218 669; x_wconf 80' lang='grc' dir='ltr'><em>ἐστι</em></span> <span class='ocrx_word' id='word_1_26' title='bbox 245 619 342 667; x_wconf 79' lang='grc' dir='ltr'><strong><em>κατ’</em></strong></span> <span class='ocrx_word' id='word_1_27' title='bbox 371 621 544 678; x_wconf 76' lang='grc' dir='ltr'><em>ἡλικίην</em></span> <span class='ocrx_word' id='word_1_28' title='bbox 573 635 617 664; x_wconf 82' lang='grc' dir='ltr'>τε</span> <span class='ocrx_word' id='word_1_29' title='bbox 647 620 721 663; x_wconf 86' lang='grc' dir='ltr'>καὶ</span> <span class='ocrx_word' id='word_1_30' title='bbox 749 617 960 675; x_wconf 80' lang='grc' dir='ltr'><em>φιλότητα</em></span> <span class='ocrx_word' id='word_1_31' title='bbox 990 617 1162 662; x_wconf 80' lang='grc' dir='ltr'><em>εἰλαδὸν</em></span> <span class='ocrx_word' id='word_1_32' title='bbox 1192 617 1392 672; x_wconf 76' lang='grc' dir='ltr'><em>συγγίνε-</em></span> 
     </span>
    </p>
   </div>
   <div class='ocr_carea' id='block_1_8' title="bbox 132 696 1391 755">
    <p class='ocr_par' dir='ltr' id='par_1_8' title="bbox 132 696 1391 755">
     <span class='ocr_line' id='line_1_8' title="bbox 132 696 1391 755; baseline -0.006 -8"><span class='ocrx_word' id='word_1_33' title='bbox 132 708 238 747; x_wconf 77' lang='grc' dir='ltr'><em>σθαι</em></span> <span class='ocrx_word' id='word_1_34' title='bbox 264 701 308 752; x_wconf 78' lang='grc' dir='ltr'>ἐς</span> <span class='ocrx_word' id='word_1_35' title='bbox 336 699 496 753; x_wconf 86' lang='grc' dir='ltr'><em>πόσιν,</em></span> <span class='ocrx_word' id='word_1_36' title='bbox 533 700 608 745; x_wconf 80' lang='grc' dir='ltr'>καὶ</span> <span class='ocrx_word' id='word_1_37' title='bbox 637 698 820 755; x_wconf 76' lang='grc' dir='ltr'><em>ἀνδράσι</em></span> <span class='ocrx_word' id='word_1_38' title='bbox 849 698 921 741; x_wconf 84' lang='grc' dir='ltr'>καὶ</span> <span class='ocrx_word' id='word_1_39' title='bbox 950 697 1123 754; x_wconf 76' lang='grc' dir='ltr'><em>γυναιξὶ</em></span> <span class='ocrx_word' id='word_1_40' title='bbox 1152 697 1224 740; x_wconf 84' lang='grc' dir='ltr'>καὶ</span> <span class='ocrx_word' id='word_1_41' title='bbox 1254 696 1391 739; x_wconf 84' lang='grc' dir='ltr'><em>παισί.</em></span> 
     </span>
    </p>
   </div>
   <div class='ocr_carea' id='block_1_9' title="bbox 101 772 1394 838">
    <p class='ocr_par' dir='ltr' id='par_1_9' title="bbox 101 772 1394 838">
     <span class='ocr_line' id='line_1_9' title="bbox 101 772 1394 838; baseline -0.005 -15"><span class='ocrx_word' id='word_1_42' title='bbox 101 779 432 838; x_wconf 78' lang='grc' dir='ltr'><em>Βῖδρυνθέντων</em></span> <span class='ocrx_word' id='word_1_43' title='bbox 457 780 503 824; x_wconf 81' lang='grc' dir='ltr'>δέ</span> <span class='ocrx_word' id='word_1_44' title='bbox 544 791 621 836; x_wconf 94' lang='grc' dir='ltr'><em>σφι</em></span> <span class='ocrx_word' id='word_1_45' title='bbox 666 780 772 834; x_wconf 76' lang='grc' dir='ltr'><em>ἱρῶν</em></span> <span class='ocrx_word' id='word_1_46' title='bbox 812 779 1031 831; x_wconf 76' lang='grc' dir='ltr'><em>ξεινικῶν,</em></span> <span class='ocrx_word' id='word_1_47' title='bbox 1083 777 1304 833; x_wconf 80' lang='grc' dir='ltr'><em>μετέπειτα</em></span> <span class='ocrx_word' id='word_1_48' title='bbox 1334 772 1394 825; x_wconf 71' lang='grc' dir='ltr'>ὥς</span> 
     </span>
    </p>
   </div>
   <div class='ocr_carea' id='block_1_10' title="bbox 130 855 1394 916">
    <p class='ocr_par' dir='ltr' id='par_1_10' title="bbox 130 855 1394 916">
     <span class='ocr_line' id='line_1_10' title="bbox 130 855 1394 916; baseline -0.006 -12"><span class='ocrx_word' id='word_1_49' title='bbox 130 872 209 916; x_wconf 88' lang='grc' dir='ltr'><em>σφι</em></span> <span class='ocrx_word' id='word_1_50' title='bbox 236 857 437 912; x_wconf 77' lang='grc' dir='ltr'><em>ἀπέδοξε,</em></span> <span class='ocrx_word' id='word_1_51' title='bbox 469 860 602 912; x_wconf 74' lang='grc' dir='ltr'><em>(ἔδοξε</em></span> <span class='ocrx_word' id='word_1_52' title='bbox 631 859 676 902; x_wconf 67' lang='lat'>6²0-</span> <span class='ocrx_word' id='word_1_53' title='bbox 704 862 819 901; x_wconf 81' lang='grc' dir='ltr'><em>τοῖσι</em></span> <span class='ocrx_word' id='word_1_54' title='bbox 848 858 1068 913; x_wconf 83' lang='grc' dir='ltr'><em>πατρίοισι</em></span> <span class='ocrx_word' id='word_1_55' title='bbox 1097 859 1267 914; x_wconf 81' lang='grc' dir='ltr'><em>μοῦνον</em></span> <span class='ocrx_word' id='word_1_56' title='bbox 1295 855 1394 910; x_wconf 74' lang='grc' dir='ltr'><em>χρᾶ-</em></span> 
     </span>
    </p>
   </div>
   <div class='ocr_carea' id='block_1_11' title="bbox 132 931 1393 994">
    <p class='ocr_par' dir='ltr' id='par_1_11' title="bbox 132 931 1393 994">
     <span class='ocr_line' id='line_1_11' title="bbox 132 931 1393 994; baseline -0.005 -11"><span class='ocrx_word' id='word_1_57' title='bbox 132 945 240 984; x_wconf 80' lang='grc' dir='ltr'><em>σθαι</em></span> <span class='ocrx_word' id='word_1_58' title='bbox 267 940 454 994; x_wconf 78' lang='grc' dir='ltr'><em>θεοῖσι,)</em></span> <span class='ocrx_word' id='word_1_59' title='bbox 503 937 795 990; x_wconf 49' lang='lat' dir='ltr'>&amp;coms-vo}</span> <span class='ocrx_word' id='word_1_60' title='bbox 834 936 946 982; x_wconf 82' lang='grc' dir='ltr'><strong><em>ὅπλα</em></strong></span> <span class='ocrx_word' id='word_1_61' title='bbox 984 936 1171 989; x_wconf 82' lang='grc' dir='ltr'><em>ἅπαντες</em></span> <span class='ocrx_word' id='word_1_62' title='bbox 1200 931 1393 979; x_wconf 82' lang='grc' dir='ltr'><em>Καύνιοι</em></span> 
     </span>
    </p>
   </div>
   <div class='ocr_carea' id='block_1_12' title="bbox 78 1051 352 1057">
    <p class='ocr_par' dir='ltr' id='par_1_12' title="bbox 78 1051 352 1057">
     <span class='ocr_line' id='line_1_12' title="bbox 78 1051 352 1057; baseline 0 0"><span class='ocrx_word' id='word_1_63' title='bbox 78 1051 352 1057; x_wconf 95' lang='lat' dir='ltr'> </span> 
     </span>
    </p>
   </div>
   <div class='ocr_carea' id='block_1_13' title="bbox 74 1123 733 2647">
    <p class='ocr_par' dir='ltr' id='par_1_13' title="bbox 74 1123 733 2647">
     <span class='ocr_line' id='line_1_13' title="bbox 74 1123 731 1164; baseline -0.002 -1"><span class='ocrx_word' id='word_1_64' title='bbox 74 1125 188 1163; x_wconf 76' lang='lat' dir='ltr'>dinem</span> <span class='ocrx_word' id='word_1_65' title='bbox 216 1125 390 1164; x_wconf 77' lang='lat' dir='ltr'><strong><em>Caricam.</em></strong></span> <span class='ocrx_word' id='word_1_66' title='bbox 427 1123 551 1162; x_wconf 91' lang='lat' dir='ltr'>Minus</span> <span class='ocrx_word' id='word_1_67' title='bbox 580 1125 731 1163; x_wconf 81' lang='lat' dir='ltr'>feliciter</span> 
     </span>
     <span class='ocr_line' id='line_1_14' title="bbox 75 1181 730 1232; baseline -0.003 -13"><span class='ocrx_word' id='word_1_68' title='bbox 75 1183 115 1219; x_wconf 89' lang='lat' dir='ltr'>in</span> <span class='ocrx_word' id='word_1_69' title='bbox 132 1183 201 1220; x_wconf 84' lang='lat' dir='ltr'>hoe</span> <span class='ocrx_word' id='word_1_70' title='bbox 228 1182 307 1220; x_wconf 86' lang='lat' dir='ltr'>loco</span> <span class='ocrx_word' id='word_1_71' title='bbox 338 1181 549 1232; x_wconf 82' lang='lat' dir='ltr'>explicando</span> <span class='ocrx_word' id='word_1_72' title='bbox 566 1186 730 1220; x_wconf 85' lang='lat' dir='ltr'>versatur</span> 
     </span>
     <span class='ocr_line' id='line_1_15' title="bbox 77 1237 727 1287; baseline -0.003 -11"><span class='ocrx_word' id='word_1_73' title='bbox 77 1239 209 1287; x_wconf 87' lang='lat' dir='ltr'>Heyne</span> <span class='ocrx_word' id='word_1_74' title='bbox 239 1239 276 1275; x_wconf 89' lang='lat' dir='ltr'>in</span> <span class='ocrx_word' id='word_1_75' title='bbox 297 1239 474 1276; x_wconf 79' lang='lat' dir='ltr'>Observv.</span> <span class='ocrx_word' id='word_1_76' title='bbox 502 1239 549 1276; x_wconf 89' lang='lat' dir='ltr'>ad</span> <span class='ocrx_word' id='word_1_77' title='bbox 568 1239 669 1275; x_wconf 90' lang='lat' dir='ltr'>Iliad.</span> <span class='ocrx_word' id='word_1_78' title='bbox 696 1237 727 1286; x_wconf 91' lang='lat' dir='ltr'>I,</span> 
     </span>
     <span class='ocr_line' id='line_1_16' title="bbox 80 1295 727 1345; baseline 0 -14"><span class='ocrx_word' id='word_1_79' title='bbox 80 1297 160 1336; x_wconf 88' lang='lat'>117</span> <span class='ocrx_word' id='word_1_80' title='bbox 189 1308 274 1345; x_wconf 86' lang='lat' dir='ltr'>pag.</span> <span class='ocrx_word' id='word_1_81' title='bbox 305 1296 370 1337; x_wconf 88' lang='lat'>51.</span> <span class='ocrx_word' id='word_1_82' title='bbox 428 1295 526 1333; x_wconf 90' lang='lat' dir='ltr'>Nam</span> <span class='ocrx_word' id='word_1_83' title='bbox 548 1295 627 1345; x_wconf 89' lang='lat' dir='ltr'>ipse</span> <span class='ocrx_word' id='word_1_84' title='bbox 646 1295 727 1332; x_wconf 92' lang='lat' dir='ltr'>Ho-</span> 
     </span>
     <span class='ocr_line' id='line_1_17' title="bbox 77 1351 728 1400; baseline -0.003 -11"><span class='ocrx_word' id='word_1_85' title='bbox 77 1364 197 1389; x_wconf 84' lang='lat' dir='ltr'><strong>merus</strong></span> <span class='ocrx_word' id='word_1_86' title='bbox 230 1351 297 1399; x_wconf 82' lang='grc' dir='ltr'>(Π.</span> <span class='ocrx_word' id='word_1_87' title='bbox 319 1351 378 1399; x_wconf 85' lang='lat' dir='ltr'>ll,</span> <span class='ocrx_word' id='word_1_88' title='bbox 401 1352 502 1400; x_wconf 83' lang='lat'>867)</span> <span class='ocrx_word' id='word_1_89' title='bbox 534 1352 647 1390; x_wconf 83' lang='lat' dir='ltr'>Cares</span> <span class='ocrx_word' id='word_1_90' title='bbox 671 1352 728 1388; x_wconf 85' lang='lat' dir='ltr'>di-</span> 
     </span>
     <span class='ocr_line' id='line_1_18' title="bbox 77 1404 729 1459; baseline 0 -15"><span class='ocrx_word' id='word_1_91' title='bbox 77 1407 125 1444; x_wconf 90' lang='lat' dir='ltr'>cit</span> <span class='ocrx_word' id='word_1_92' title='bbox 143 1404 512 1459; x_wconf 75' lang='grc' dir='ltr'><em>βαρβαροφῶνονς,</em></span> <span class='ocrx_word' id='word_1_93' title='bbox 526 1409 625 1457; x_wconf 88' lang='lat' dir='ltr'>quod</span> <span class='ocrx_word' id='word_1_94' title='bbox 636 1421 729 1458; x_wconf 92' lang='lat' dir='ltr'>quo-</span> 
     </span>
     <span class='ocr_line' id='line_1_19' title="bbox 75 1464 730 1514; baseline 0.002 -13"><span class='ocrx_word' id='word_1_95' title='bbox 75 1464 187 1502; x_wconf 92' lang='lat' dir='ltr'>modo</span> <span class='ocrx_word' id='word_1_96' title='bbox 224 1464 271 1500; x_wconf 86' lang='lat' dir='ltr'>sit</span> <span class='ocrx_word' id='word_1_97' title='bbox 300 1465 571 1514; x_wconf 88' lang='lat' dir='ltr'>accipiendum,</span> <span class='ocrx_word' id='word_1_98' title='bbox 611 1465 730 1502; x_wconf 87' lang='lat' dir='ltr'>disce-</span> 
     </span>
     <span class='ocr_line' id='line_1_20' title="bbox 75 1522 730 1572; baseline 0.002 -15"><span class='ocrx_word' id='word_1_99' title='bbox 75 1523 182 1572; x_wconf 85' lang='lat' dir='ltr'>ptant</span> <span class='ocrx_word' id='word_1_100' title='bbox 206 1524 346 1559; x_wconf 83' lang='lat' dir='ltr'>veteres</span> <span class='ocrx_word' id='word_1_101' title='bbox 377 1522 593 1571; x_wconf 81' lang='lat' dir='ltr'>interpretes</span> <span class='ocrx_word' id='word_1_102' title='bbox 617 1526 730 1571; x_wconf 84' lang='lat' dir='ltr'>atque</span> 
     </span>
     <span class='ocr_line' id='line_1_21' title="bbox 76 1577 730 1627; baseline 0.006 -14"><span class='ocrx_word' id='word_1_103' title='bbox 76 1577 322 1626; x_wconf 82' lang='lat' dir='ltr'>grammatici,</span> <span class='ocrx_word' id='word_1_104' title='bbox 354 1590 507 1627; x_wconf 88' lang='lat' dir='ltr'>quorum</span> <span class='ocrx_word' id='word_1_105' title='bbox 530 1580 730 1617; x_wconf 87' lang='lat' dir='ltr'>sententias</span> 
     </span>
     <span class='ocr_line' id='line_1_22' title="bbox 77 1633 730 1685; baseline 0.005 -15"><span class='ocrx_word' id='word_1_106' title='bbox 77 1633 200 1671; x_wconf 85' lang='lat' dir='ltr'>retulit</span> <span class='ocrx_word' id='word_1_107' title='bbox 216 1634 348 1682; x_wconf 72' lang='lat' dir='ltr'>Heyne</span> <span class='ocrx_word' id='word_1_108' title='bbox 367 1635 416 1671; x_wconf 89' lang='lat' dir='ltr'>ad</span> <span class='ocrx_word' id='word_1_109' title='bbox 435 1634 471 1671; x_wconf 87' lang='lat' dir='ltr'>h.</span> <span class='ocrx_word' id='word_1_110' title='bbox 493 1634 515 1671; x_wconf 94' lang='lat' dir='ltr'>l.</span> <span class='ocrx_word' id='word_1_111' title='bbox 536 1648 623 1685; x_wconf 82' lang='lat' dir='ltr'>pag.</span> <span class='ocrx_word' id='word_1_112' title='bbox 646 1635 730 1678; x_wconf 79' lang='lat'>434</span> 
     </span>
     <span class='ocr_line' id='line_1_23' title="bbox 78 1689 732 1741; baseline 0.005 -15"><span class='ocrx_word' id='word_1_113' title='bbox 78 1702 155 1739; x_wconf 89' lang='lat' dir='ltr'>seq.</span> <span class='ocrx_word' id='word_1_114' title='bbox 200 1689 381 1739; x_wconf 81' lang='lat' dir='ltr'>Equidem</span> <span class='ocrx_word' id='word_1_115' title='bbox 404 1694 556 1741; x_wconf 87' lang='lat' dir='ltr'>propter</span> <span class='ocrx_word' id='word_1_116' title='bbox 577 1692 732 1730; x_wconf 87' lang='lat' dir='ltr'>Strabo-</span> 
     </span>
     <span class='ocr_line' id='line_1_24' title="bbox 78 1744 729 1798; baseline 0.005 -15"><span class='ocrx_word' id='word_1_117' title='bbox 78 1746 134 1783; x_wconf 91' lang='lat' dir='ltr'>nis</span> <span class='ocrx_word' id='word_1_118' title='bbox 163 1744 280 1783; x_wconf 88' lang='lat' dir='ltr'>locum</span> <span class='ocrx_word' id='word_1_119' title='bbox 319 1746 436 1794; x_wconf 84' lang='lat' dir='ltr'>(XIV</span> <span class='ocrx_word' id='word_1_120' title='bbox 462 1760 500 1797; x_wconf 89' lang='lat' dir='ltr'>p.</span> <span class='ocrx_word' id='word_1_121' title='bbox 529 1750 609 1789; x_wconf 89' lang='grc'>977</span> <span class='ocrx_word' id='word_1_122' title='bbox 631 1749 729 1798; x_wconf 90' lang='lat' dir='ltr'>seq.)</span> 
     </span>
     <span class='ocr_line' id='line_1_25' title="bbox 79 1798 732 1854; baseline 0.003 -14"><span class='ocrx_word' id='word_1_123' title='bbox 79 1798 427 1854; x_wconf 80' lang='grc' dir='ltr'><em>βαρβαροφώνους</em></span> <span class='ocrx_word' id='word_1_124' title='bbox 454 1816 535 1841; x_wconf 89' lang='lat' dir='ltr'>eam</span> <span class='ocrx_word' id='word_1_125' title='bbox 567 1805 614 1842; x_wconf 90' lang='lat' dir='ltr'>ob</span> <span class='ocrx_word' id='word_1_126' title='bbox 646 1818 732 1842; x_wconf 89' lang='lat' dir='ltr'>cau-</span> 
     </span>
     <span class='ocr_line' id='line_1_26' title="bbox 77 1859 729 1912; baseline 0.006 -16"><span class='ocrx_word' id='word_1_127' title='bbox 77 1872 155 1896; x_wconf 86' lang='lat' dir='ltr'>sam</span> <span class='ocrx_word' id='word_1_128' title='bbox 176 1859 291 1897; x_wconf 83' lang='lat' dir='ltr'>Cares</span> <span class='ocrx_word' id='word_1_129' title='bbox 319 1873 340 1897; x_wconf 92' lang='lat' dir='ltr'>a</span> <span class='ocrx_word' id='word_1_130' title='bbox 361 1864 473 1910; x_wconf 89' lang='lat' dir='ltr'>poeta</span> <span class='ocrx_word' id='word_1_131' title='bbox 501 1860 569 1898; x_wconf 92' lang='lat' dir='ltr'>dici</span> <span class='ocrx_word' id='word_1_132' title='bbox 588 1865 729 1912; x_wconf 84' lang='lat' dir='ltr'>putem,</span> 
     </span>
     <span class='ocr_line' id='line_1_27' title="bbox 76 1915 732 1968; baseline 0.006 -16"><span class='ocrx_word' id='word_1_133' title='bbox 76 1916 177 1965; x_wconf 90' lang='lat' dir='ltr'>quod</span> <span class='ocrx_word' id='word_1_134' title='bbox 189 1915 370 1954; x_wconf 85' lang='lat' dir='ltr'>Graecum</span> <span class='ocrx_word' id='word_1_135' title='bbox 388 1929 604 1964; x_wconf 87' lang='lat' dir='ltr'>sermonem,</span> <span class='ocrx_word' id='word_1_136' title='bbox 622 1931 732 1968; x_wconf 87' lang='lat' dir='ltr'>quem</span> 
     </span>
     <span class='ocr_line' id='line_1_28' title="bbox 78 1972 730 2025; baseline 0.005 -16"><span class='ocrx_word' id='word_1_137' title='bbox 78 1972 326 2021; x_wconf 82' lang='lat' dir='ltr'>adsciverant,</span> <span class='ocrx_word' id='word_1_138' title='bbox 354 1986 485 2024; x_wconf 82' lang='lat' dir='ltr'>aspere</span> <span class='ocrx_word' id='word_1_139' title='bbox 506 1978 543 2011; x_wconf 87' lang='lat' dir='ltr'>et</span> <span class='ocrx_word' id='word_1_140' title='bbox 562 1979 730 2025; x_wconf 88' lang='lat' dir='ltr'>corrupte</span> 
     </span>
     <span class='ocr_line' id='line_1_29' title="bbox 78 2028 730 2082; baseline 0.003 -16"><span class='ocrx_word' id='word_1_141' title='bbox 78 2028 280 2077; x_wconf 80' lang='lat' dir='ltr'>retulerint,</span> <span class='ocrx_word' id='word_1_142' title='bbox 298 2030 394 2068; x_wconf 92' lang='lat' dir='ltr'>male</span> <span class='ocrx_word' id='word_1_143' title='bbox 414 2030 577 2068; x_wconf 90' lang='lat' dir='ltr'>dicentes</span> <span class='ocrx_word' id='word_1_144' title='bbox 599 2034 730 2082; x_wconf 89' lang='lat' dir='ltr'>etpro-</span> 
     </span>
     <span class='ocr_line' id='line_1_30' title="bbox 78 2086 728 2125; baseline 0.006 -4"><span class='ocrx_word' id='word_1_145' title='bbox 78 2086 294 2124; x_wconf 86' lang='lat' dir='ltr'>nuntiantes.</span> <span class='ocrx_word' id='word_1_146' title='bbox 351 2086 471 2124; x_wconf 87' lang='lat' dir='ltr'>Multa</span> <span class='ocrx_word' id='word_1_147' title='bbox 503 2088 659 2125; x_wconf 86' lang='lat' dir='ltr'>eandem</span> <span class='ocrx_word' id='word_1_148' title='bbox 689 2089 728 2125; x_wconf 91' lang='lat' dir='ltr'>in</span> 
     </span>
     <span class='ocr_line' id='line_1_31' title="bbox 78 2142 728 2195; baseline 0.006 -17"><span class='ocrx_word' id='word_1_149' title='bbox 78 2154 154 2179; x_wconf 86' lang='lat' dir='ltr'>rem</span> <span class='ocrx_word' id='word_1_150' title='bbox 173 2142 335 2193; x_wconf 85' lang='lat' dir='ltr'>disputat</span> <span class='ocrx_word' id='word_1_151' title='bbox 343 2142 528 2181; x_wconf 86' lang='lat' dir='ltr'>Iablonsk.</span> <span class='ocrx_word' id='word_1_152' title='bbox 546 2142 569 2181; x_wconf 90' lang='lat' dir='ltr'>l.</span> <span class='ocrx_word' id='word_1_153' title='bbox 582 2143 605 2181; x_wconf 93' lang='lat' dir='ltr'>l.</span> <span class='ocrx_word' id='word_1_154' title='bbox 626 2158 664 2195; x_wconf 88' lang='lat' dir='ltr'>p.</span> <span class='ocrx_word' id='word_1_155' title='bbox 676 2147 728 2187; x_wconf 90' lang='lat'>11</span> 
     </span>
     <span class='ocr_line' id='line_1_32' title="bbox 79 2198 733 2249; baseline 0.008 -15"><span class='ocrx_word' id='word_1_156' title='bbox 79 2211 156 2248; x_wconf 83' lang='lat' dir='ltr'>seq.</span> <span class='ocrx_word' id='word_1_157' title='bbox 176 2198 230 2240; x_wconf 85' lang='lat'>94</span> <span class='ocrx_word' id='word_1_158' title='bbox 251 2212 327 2249; x_wconf 91' lang='lat' dir='ltr'>seq.</span> <span class='ocrx_word' id='word_1_159' title='bbox 357 2201 443 2237; x_wconf 85' lang='lat' dir='ltr'>satis</span> <span class='ocrx_word' id='word_1_160' title='bbox 482 2203 648 2239; x_wconf 84' lang='lat' dir='ltr'>constare</span> <span class='ocrx_word' id='word_1_161' title='bbox 673 2214 733 2239; x_wconf 88' lang='lat' dir='ltr'>ar·-</span> 
     </span>
     <span class='ocr_line' id='line_1_33' title="bbox 79 2254 731 2306; baseline 0.008 -16"><span class='ocrx_word' id='word_1_162' title='bbox 79 2254 240 2303; x_wconf 83' lang='lat' dir='ltr'>bitratus,</span> <span class='ocrx_word' id='word_1_163' title='bbox 253 2255 389 2294; x_wconf 86' lang='lat' dir='ltr'>Carum</span> <span class='ocrx_word' id='word_1_164' title='bbox 409 2257 652 2306; x_wconf 81' lang='lat' dir='ltr'>antiquiorum</span> <span class='ocrx_word' id='word_1_165' title='bbox 664 2257 731 2295; x_wconf 90' lang='lat' dir='ltr'>lin-</span> 
     </span>
     <span class='ocr_line' id='line_1_34' title="bbox 80 2314 732 2363; baseline 0.008 -16"><span class='ocrx_word' id='word_1_166' title='bbox 80 2323 186 2360; x_wconf 86' lang='lat' dir='ltr'>guam</span> <span class='ocrx_word' id='word_1_167' title='bbox 198 2341 209 2359; x_wconf 93' lang='lat'>,</span> <span class='ocrx_word' id='word_1_168' title='bbox 222 2314 385 2361; x_wconf 87' lang='lat' dir='ltr'>quamvis</span> <span class='ocrx_word' id='word_1_169' title='bbox 407 2326 429 2350; x_wconf 89' lang='lat' dir='ltr'>a</span> <span class='ocrx_word' id='word_1_170' title='bbox 445 2314 596 2351; x_wconf 87' lang='lat' dir='ltr'>Graecis</span> <span class='ocrx_word' id='word_1_171' title='bbox 619 2327 732 2363; x_wconf 92' lang='lat' dir='ltr'>quae-</span> 
     </span>
     <span class='ocr_line' id='line_1_35' title="bbox 81 2367 731 2422; baseline 0.006 -18"><span class='ocrx_word' id='word_1_172' title='bbox 81 2367 164 2404; x_wconf 85' lang='lat' dir='ltr'>dam</span> <span class='ocrx_word' id='word_1_173' title='bbox 187 2370 394 2407; x_wconf 86' lang='lat' dir='ltr'>assumserit</span> <span class='ocrx_word' id='word_1_174' title='bbox 407 2399 418 2418; x_wconf 89' lang='lat'>,</span> <span class='ocrx_word' id='word_1_175' title='bbox 437 2374 561 2407; x_wconf 85' lang='lat' dir='ltr'>tamen</span> <span class='ocrx_word' id='word_1_176' title='bbox 579 2375 731 2422; x_wconf 87' lang='lat' dir='ltr'>propter</span> 
     </span>
     <span class='ocr_line' id='line_1_36' title="bbox 82 2422 729 2473; baseline 0.009 -14"><span class='ocrx_word' id='word_1_177' title='bbox 82 2422 119 2460; x_wconf 88' lang='lat' dir='ltr'>id</span> <span class='ocrx_word' id='word_1_178' title='bbox 133 2423 251 2473; x_wconf 88' lang='lat' dir='ltr'>ipsum</span> <span class='ocrx_word' id='word_1_179' title='bbox 267 2438 290 2462; x_wconf 88' lang='lat' dir='ltr'>a</span> <span class='ocrx_word' id='word_1_180' title='bbox 309 2426 453 2464; x_wconf 88' lang='lat' dir='ltr'>Graeca</span> <span class='ocrx_word' id='word_1_181' title='bbox 481 2426 636 2465; x_wconf 89' lang='lat' dir='ltr'>dialecto</span> <span class='ocrx_word' id='word_1_182' title='bbox 654 2428 729 2465; x_wconf 85' lang='lat' dir='ltr'>dis-</span> 
     </span>
     <span class='ocr_line' id='line_1_37' title="bbox 81 2479 730 2536; baseline 0.012 -21"><span class='ocrx_word' id='word_1_183' title='bbox 81 2481 304 2518; x_wconf 85' lang='lat' dir='ltr'>cernendam.</span> <span class='ocrx_word' id='word_1_184' title='bbox 319 2503 372 2510; x_wconf 98' lang='lat'><strong>—</strong></span> <span class='ocrx_word' id='word_1_185' title='bbox 389 2483 432 2520; x_wconf 92' lang='lat' dir='ltr'>In</span> <span class='ocrx_word' id='word_1_186' title='bbox 453 2496 557 2533; x_wconf 89' lang='lat' dir='ltr'>seqq.</span> <span class='ocrx_word' id='word_1_187' title='bbox 574 2479 662 2522; x_wconf 84' lang='grc' dir='ltr'><strong>κατ’</strong></span> <span class='ocrx_word' id='word_1_188' title='bbox 685 2482 730 2536; x_wconf 75' lang='grc' dir='ltr'>ἦ·</span> 
     </span>
     <span class='ocr_line' id='line_1_38' title="bbox 80 2534 729 2590; baseline 0.011 -18"><span class='ocrx_word' id='word_1_189' title='bbox 80 2535 210 2587; x_wconf 80' lang='grc' dir='ltr'><em>λικίην</em></span> <span class='ocrx_word' id='word_1_190' title='bbox 225 2552 265 2576; x_wconf 83' lang='grc' dir='ltr'>τε</span> <span class='ocrx_word' id='word_1_191' title='bbox 284 2538 351 2578; x_wconf 82' lang='grc' dir='ltr'>καὶ</span> <span class='ocrx_word' id='word_1_192' title='bbox 369 2534 580 2590; x_wconf 53' lang='lat' dir='ltr'>(pinsitum.-</span> <span class='ocrx_word' id='word_1_193' title='bbox 603 2554 729 2579; x_wconf 81' lang='lat' dir='ltr'>secun-</span> 
     </span>
     <span class='ocr_line' id='line_1_39' title="bbox 82 2589 682 2647; baseline 0.013 -19"><span class='ocrx_word' id='word_1_194' title='bbox 82 2589 162 2629; x_wconf 76' lang='lat' dir='ltr'>dum</span> <span class='ocrx_word' id='word_1_195' title='bbox 186 2597 333 2633; x_wconf 77' lang='lat' dir='ltr'>aetatem</span> <span class='ocrx_word' id='word_1_196' title='bbox 351 2600 461 2647; x_wconf 89' lang='lat' dir='ltr'>atque</span> <span class='ocrx_word' id='word_1_197' title='bbox 476 2599 682 2636; x_wconf 64' lang='lat' dir='ltr'>anticitz&#39;am.</span> 
     </span>
    </p>
   </div>
   <div class='ocr_carea' id='block_1_14' title="bbox 84 2701 731 2986">
    <p class='ocr_par' dir='ltr' id='par_1_14' title="bbox 84 2701 731 2986">
     <span class='ocr_line' id='line_1_40' title="bbox 141 2701 730 2762; baseline 0.014 -20"><span class='ocrx_word' id='word_1_198' title='bbox 141 2701 408 2756; x_wconf 81' lang='grc' dir='ltr'><em>ἷδρυνθέντων</em></span> <span class='ocrx_word' id='word_1_199' title='bbox 442 2706 486 2748; x_wconf 82' lang='grc' dir='ltr'>δέ</span> <span class='ocrx_word' id='word_1_200' title='bbox 524 2720 596 2759; x_wconf 86' lang='grc' dir='ltr'><em>σφι</em></span> <span class='ocrx_word' id='word_1_201' title='bbox 630 2708 730 2762; x_wconf 75' lang='grc' dir='ltr'><em>ἱρῶν</em></span> 
     </span>
     <span class='ocr_line' id='line_1_41' title="bbox 84 2758 729 2815; baseline 0.014 -19"><span class='ocrx_word' id='word_1_202' title='bbox 84 2758 263 2805; x_wconf 76' lang='grc' dir='ltr'><em>ξεινικῶν</em></span> <span class='ocrx_word' id='word_1_203' title='bbox 290 2777 328 2802; x_wconf 83' lang='grc' dir='ltr'>κ.</span> <span class='ocrx_word' id='word_1_204' title='bbox 347 2779 378 2803; x_wconf 86' lang='grc' dir='ltr'>τ.</span> <span class='ocrx_word' id='word_1_205' title='bbox 405 2762 452 2815; x_wconf 84' lang='grc' dir='ltr'>λ.]</span> <span class='ocrx_word' id='word_1_206' title='bbox 494 2766 632 2803; x_wconf 89' lang='lat' dir='ltr'>Sensus</span> <span class='ocrx_word' id='word_1_207' title='bbox 660 2766 729 2805; x_wconf 92' lang='lat' dir='ltr'>loci</span> 
     </span>
     <span class='ocr_line' id='line_1_42' title="bbox 85 2814 731 2873; baseline 0.017 -23"><span class='ocrx_word' id='word_1_208' title='bbox 85 2814 116 2851; x_wconf 88' lang='lat' dir='ltr'>is</span> <span class='ocrx_word' id='word_1_209' title='bbox 136 2816 212 2854; x_wconf 86' lang='lat' dir='ltr'>fere</span> <span class='ocrx_word' id='word_1_210' title='bbox 242 2823 319 2857; x_wconf 85' lang='lat' dir='ltr'>est:</span> <span class='ocrx_word' id='word_1_211' title='bbox 357 2821 484 2868; x_wconf 88' lang='lat' dir='ltr'>„Cum</span> <span class='ocrx_word' id='word_1_212' title='bbox 514 2822 598 2859; x_wconf 92' lang='lat' dir='ltr'>olim</span> <span class='ocrx_word' id='word_1_213' title='bbox 622 2836 731 2873; x_wconf 85' lang='lat' dir='ltr'>pere-</span> 
     </span>
     <span class='ocr_line' id='line_1_43' title="bbox 86 2870 730 2928; baseline 0.016 -22"><span class='ocrx_word' id='word_1_214' title='bbox 86 2870 190 2919; x_wconf 85' lang='lat' dir='ltr'>griua</span> <span class='ocrx_word' id='word_1_215' title='bbox 215 2886 314 2912; x_wconf 88' lang='lat' dir='ltr'>sacra</span> <span class='ocrx_word' id='word_1_216' title='bbox 332 2877 430 2927; x_wconf 88' lang='lat' dir='ltr'>apud</span> <span class='ocrx_word' id='word_1_217' title='bbox 446 2878 544 2928; x_wconf 87' lang='lat' dir='ltr'>ipsos</span> <span class='ocrx_word' id='word_1_218' title='bbox 566 2878 730 2916; x_wconf 87' lang='lat' dir='ltr'>instituta</span> 
     </span>
     <span class='ocr_line' id='line_1_44' title="bbox 86 2932 730 2986; baseline 0.014 -22"><span class='ocrx_word' id='word_1_219' title='bbox 86 2932 227 2977; x_wconf 78' lang='lat' dir='ltr'>esseut,</span> <span class='ocrx_word' id='word_1_220' title='bbox 239 2935 365 2980; x_wconf 88' lang='lat' dir='ltr'>postea</span> <span class='ocrx_word' id='word_1_221' title='bbox 382 2933 441 2970; x_wconf 87' lang='lat' dir='ltr'>ubi</span> <span class='ocrx_word' id='word_1_222' title='bbox 462 2934 530 2972; x_wconf 83' lang='lat' dir='ltr'>hoc</span> <span class='ocrx_word' id='word_1_223' title='bbox 546 2934 635 2986; x_wconf 86' lang='lat' dir='ltr'>ipsis</span> <span class='ocrx_word' id='word_1_224' title='bbox 654 2936 730 2973; x_wconf 86' lang='lat' dir='ltr'>dis-</span> 
     </span>
    </p>
   </div>
   <div class='ocr_carea' id='block_1_15' title="bbox 794 1122 1455 2365">
    <p class='ocr_par' dir='ltr' id='par_1_15' title="bbox 794 1122 1455 2365">
     <span class='ocr_line' id='line_1_45' title="bbox 794 1122 1451 1174; baseline -0.003 -15"><span class='ocrx_word' id='word_1_225' title='bbox 794 1122 920 1174; x_wconf 86' lang='lat' dir='ltr'>plicuit</span> <span class='ocrx_word' id='word_1_226' title='bbox 940 1123 1093 1174; x_wconf 86' lang='lat' dir='ltr'>(placuit</span> <span class='ocrx_word' id='word_1_227' title='bbox 1111 1136 1197 1161; x_wconf 82' lang='lat' dir='ltr'>vero</span> <span class='ocrx_word' id='word_1_228' title='bbox 1224 1122 1350 1174; x_wconf 81' lang='lat' dir='ltr'>patriis</span> <span class='ocrx_word' id='word_1_229' title='bbox 1369 1124 1451 1158; x_wconf 90' lang='lat' dir='ltr'>tan-</span> 
     </span>
     <span class='ocr_line' id='line_1_46' title="bbox 795 1178 1452 1229; baseline -0.005 -12"><span class='ocrx_word' id='word_1_230' title='bbox 795 1185 870 1217; x_wconf 88' lang='lat' dir='ltr'>tum</span> <span class='ocrx_word' id='word_1_231' title='bbox 889 1180 940 1217; x_wconf 91' lang='lat' dir='ltr'>uti</span> <span class='ocrx_word' id='word_1_232' title='bbox 960 1181 1061 1229; x_wconf 91' lang='lat' dir='ltr'>diis),</span> <span class='ocrx_word' id='word_1_233' title='bbox 1089 1192 1214 1218; x_wconf 90' lang='lat' dir='ltr'>omnes</span> <span class='ocrx_word' id='word_1_234' title='bbox 1233 1178 1364 1216; x_wconf 88' lang='lat' dir='ltr'>Caunii</span> <span class='ocrx_word' id='word_1_235' title='bbox 1383 1191 1452 1228; x_wconf 82' lang='lat' dir='ltr'>pu-</span> 
     </span>
     <span class='ocr_line' id='line_1_47' title="bbox 794 1235 1450 1284; baseline -0.005 -10"><span class='ocrx_word' id='word_1_236' title='bbox 794 1237 923 1284; x_wconf 78' lang='lat' dir='ltr'>beros,</span> <span class='ocrx_word' id='word_1_237' title='bbox 981 1237 1088 1274; x_wconf 89' lang='lat' dir='ltr'>armis</span> <span class='ocrx_word' id='word_1_238' title='bbox 1132 1236 1290 1282; x_wconf 87' lang='lat' dir='ltr'>indutis,</span> <span class='ocrx_word' id='word_1_239' title='bbox 1339 1235 1450 1272; x_wconf 77' lang='lat' dir='ltr'>hastis</span> 
     </span>
     <span class='ocr_line' id='line_1_48' title="bbox 795 1291 1452 1342; baseline -0.005 -12"><span class='ocrx_word' id='word_1_240' title='bbox 795 1296 916 1331; x_wconf 80' lang='lat' dir='ltr'>a&#39;erem</span> <span class='ocrx_word' id='word_1_241' title='bbox 929 1294 1100 1331; x_wconf 85' lang='lat' dir='ltr'>ferientes</span> <span class='ocrx_word' id='word_1_242' title='bbox 1120 1306 1235 1342; x_wconf 86' lang='lat' dir='ltr'>usque</span> <span class='ocrx_word' id='word_1_243' title='bbox 1254 1293 1301 1329; x_wconf 85' lang='lat' dir='ltr'>ad</span> <span class='ocrx_word' id='word_1_244' title='bbox 1315 1291 1452 1340; x_wconf 78' lang='lat' dir='ltr'>Calyn-</span> 
     </span>
     <span class='ocr_line' id='line_1_49' title="bbox 797 1349 1451 1400; baseline -0.003 -14"><span class='ocrx_word' id='word_1_245' title='bbox 797 1351 898 1387; x_wconf 83' lang='lat' dir='ltr'>dicos</span> <span class='ocrx_word' id='word_1_246' title='bbox 929 1350 1020 1388; x_wconf 89' lang='lat' dir='ltr'>fines</span> <span class='ocrx_word' id='word_1_247' title='bbox 1049 1350 1235 1400; x_wconf 84' lang='lat' dir='ltr'>progressi</span> <span class='ocrx_word' id='word_1_248' title='bbox 1264 1352 1364 1395; x_wconf 81' lang='lat' dir='ltr'>sunt,</span> <span class='ocrx_word' id='word_1_249' title='bbox 1395 1349 1451 1385; x_wconf 80' lang='lat' dir='ltr'>‹li-</span> 
     </span>
     <span class='ocr_line' id='line_1_50' title="bbox 797 1404 1452 1455; baseline -0.005 -12"><span class='ocrx_word' id='word_1_250' title='bbox 797 1410 919 1444; x_wconf 82' lang='lat' dir='ltr'>centes</span> <span class='ocrx_word' id='word_1_251' title='bbox 952 1420 992 1443; x_wconf 87' lang='lat' dir='ltr'>se</span> <span class='ocrx_word' id='word_1_252' title='bbox 1017 1406 1145 1443; x_wconf 88' lang='lat' dir='ltr'>eiicere</span> <span class='ocrx_word' id='word_1_253' title='bbox 1171 1407 1260 1444; x_wconf 88' lang='lat' dir='ltr'>deos</span> <span class='ocrx_word' id='word_1_254' title='bbox 1286 1404 1452 1455; x_wconf 83' lang='lat' dir='ltr'>peregri-</span> 
     </span>
     <span class='ocr_line' id='line_1_51' title="bbox 796 1461 1452 1513; baseline -0.003 -14"><span class='ocrx_word' id='word_1_255' title='bbox 796 1475 876 1500; x_wconf 86' lang='lat' dir='ltr'>nos.</span> <span class='ocrx_word' id='word_1_256' title='bbox 937 1462 1045 1510; x_wconf 82' lang='lat' dir='ltr'>„Qui</span> <span class='ocrx_word' id='word_1_257' title='bbox 1072 1463 1123 1499; x_wconf 84' lang='lat' dir='ltr'>dii</span> <span class='ocrx_word' id='word_1_258' title='bbox 1149 1461 1336 1513; x_wconf 83' lang='lat' dir='ltr'>peregrini</span> <span class='ocrx_word' id='word_1_259' title='bbox 1362 1474 1452 1510; x_wconf 87' lang='lat' dir='ltr'>qua—</span> 
     </span>
     <span class='ocr_line' id='line_1_52' title="bbox 797 1519 1452 1569; baseline -0.003 -13"><span class='ocrx_word' id='word_1_260' title='bbox 797 1519 851 1557; x_wconf 89' lang='lat' dir='ltr'>les</span> <span class='ocrx_word' id='word_1_261' title='bbox 884 1519 1039 1567; x_wconf 83' lang='lat' dir='ltr'>suerint,</span> <span class='ocrx_word' id='word_1_262' title='bbox 1079 1532 1196 1569; x_wconf 86' lang='lat' dir='ltr'>aeque</span> <span class='ocrx_word' id='word_1_263' title='bbox 1241 1520 1452 1568; x_wconf 84' lang='lat' dir='ltr'>ignoramus</span> 
     </span>
     <span class='ocr_line' id='line_1_53' title="bbox 799 1576 1451 1626; baseline -0.002 -13"><span class='ocrx_word' id='word_1_264' title='bbox 799 1580 910 1625; x_wconf 89' lang='lat' dir='ltr'>atque</span> <span class='ocrx_word' id='word_1_265' title='bbox 929 1577 1066 1626; x_wconf 90' lang='lat' dir='ltr'>patrios</span> <span class='ocrx_word' id='word_1_266' title='bbox 1082 1576 1223 1613; x_wconf 88' lang='lat' dir='ltr'>illorum</span> <span class='ocrx_word' id='word_1_267' title='bbox 1234 1577 1338 1622; x_wconf 89' lang='lat' dir='ltr'>deos,</span> <span class='ocrx_word' id='word_1_268' title='bbox 1359 1587 1451 1624; x_wconf 90' lang='lat' dir='ltr'>quos</span> 
     </span>
     <span class='ocr_line' id='line_1_54' title="bbox 798 1632 1452 1680; baseline -0.003 -10"><span class='ocrx_word' id='word_1_269' title='bbox 798 1632 896 1670; x_wconf 90' lang='lat' dir='ltr'>solos</span> <span class='ocrx_word' id='word_1_270' title='bbox 918 1645 1013 1670; x_wconf 89' lang='lat' dir='ltr'>nunc</span> <span class='ocrx_word' id='word_1_271' title='bbox 1034 1633 1151 1671; x_wconf 91' lang='lat' dir='ltr'>colere</span> <span class='ocrx_word' id='word_1_272' title='bbox 1178 1633 1452 1680; x_wconf 86' lang='lat' dir='ltr'>constituerant,</span> 
     </span>
     <span class='ocr_line' id='line_1_55' title="bbox 798 1689 1453 1739; baseline -0.003 -12"><span class='ocrx_word' id='word_1_273' title='bbox 798 1689 867 1727; x_wconf 88' lang='lat' dir='ltr'>nisi</span> <span class='ocrx_word' id='word_1_274' title='bbox 889 1691 1062 1738; x_wconf 90' lang='lat' dir='ltr'>eosdem,</span> <span class='ocrx_word' id='word_1_275' title='bbox 1089 1703 1182 1739; x_wconf 90' lang='lat' dir='ltr'>quos</span> <span class='ocrx_word' id='word_1_276' title='bbox 1201 1690 1316 1727; x_wconf 86' lang='lat' dir='ltr'>Cares</span> <span class='ocrx_word' id='word_1_277' title='bbox 1342 1701 1453 1725; x_wconf 88' lang='lat' dir='ltr'>vene-</span> 
     </span>
     <span class='ocr_line' id='line_1_56' title="bbox 797 1745 1453 1796; baseline -0.005 -13"><span class='ocrx_word' id='word_1_278' title='bbox 797 1746 989 1794; x_wconf 89' lang='lat' dir='ltr'>rabantur,</span> <span class='ocrx_word' id='word_1_279' title='bbox 1042 1746 1166 1784; x_wconf 89' lang='lat' dir='ltr'>Iovem</span> <span class='ocrx_word' id='word_1_280' title='bbox 1211 1745 1453 1796; x_wconf 90' lang='lat' dir='ltr'>potissimum,</span> 
     </span>
     <span class='ocr_line' id='line_1_57' title="bbox 796 1801 1454 1853; baseline -0.005 -13"><span class='ocrx_word' id='word_1_281' title='bbox 796 1802 908 1840; x_wconf 86' lang='lat' dir='ltr'>fuisse</span> <span class='ocrx_word' id='word_1_282' title='bbox 926 1802 1129 1853; x_wconf 88' lang='lat' dir='ltr'>suspiceris.</span> <span class='ocrx_word' id='word_1_283' title='bbox 1167 1801 1290 1852; x_wconf 86' lang='lat' dir='ltr'>Atque</span> <span class='ocrx_word' id='word_1_284' title='bbox 1318 1802 1356 1838; x_wconf 90' lang='lat' dir='ltr'>in</span> <span class='ocrx_word' id='word_1_285' title='bbox 1374 1801 1454 1837; x_wconf 87' lang='lat' dir='ltr'>uni-</span> 
     </span>
     <span class='ocr_line' id='line_1_58' title="bbox 797 1859 1452 1907; baseline -0.002 -11"><span class='ocrx_word' id='word_1_286' title='bbox 797 1871 940 1896; x_wconf 87' lang='lat' dir='ltr'>versum</span> <span class='ocrx_word' id='word_1_287' title='bbox 961 1859 1163 1896; x_wconf 88' lang='lat' dir='ltr'>notandum</span> <span class='ocrx_word' id='word_1_288' title='bbox 1182 1863 1260 1907; x_wconf 88' lang='lat' dir='ltr'>est,</span> <span class='ocrx_word' id='word_1_289' title='bbox 1288 1859 1326 1896; x_wconf 87' lang='lat' dir='ltr'>in</span> <span class='ocrx_word' id='word_1_290' title='bbox 1350 1862 1452 1895; x_wconf 83' lang='lat' dir='ltr'>vete-</span> 
     </span>
     <span class='ocr_line' id='line_1_59' title="bbox 797 1915 1453 1965; baseline -0.002 -13"><span class='ocrx_word' id='word_1_291' title='bbox 797 1928 876 1953; x_wconf 87' lang='lat' dir='ltr'>rum</span> <span class='ocrx_word' id='word_1_292' title='bbox 895 1915 1130 1965; x_wconf 83' lang='lat' dir='ltr'>religionibus</span> <span class='ocrx_word' id='word_1_293' title='bbox 1159 1916 1228 1953; x_wconf 88' lang='lat' dir='ltr'>sibi</span> <span class='ocrx_word' id='word_1_294' title='bbox 1255 1915 1354 1953; x_wconf 90' lang='lat' dir='ltr'>haud</span> <span class='ocrx_word' id='word_1_295' title='bbox 1370 1927 1453 1951; x_wconf 87' lang='lat' dir='ltr'>raro</span> 
     </span>
     <span class='ocr_line' id='line_1_60' title="bbox 798 1973 1455 2023; baseline -0.002 -15"><span class='ocrx_word' id='word_1_296' title='bbox 798 1973 938 2023; x_wconf 82' lang='lat' dir='ltr'>opponi</span> <span class='ocrx_word' id='word_1_297' title='bbox 977 1973 1066 2010; x_wconf 89' lang='lat' dir='ltr'>deos</span> <span class='ocrx_word' id='word_1_298' title='bbox 1098 1974 1255 2023; x_wconf 79' lang='lat' dir='ltr'>patrios,</span> <span class='ocrx_word' id='word_1_299' title='bbox 1298 1984 1455 2022; x_wconf 91' lang='lat' dir='ltr'>quorum</span> 
     </span>
     <span class='ocr_line' id='line_1_61' title="bbox 798 2028 1454 2076; baseline 0 -10"><span class='ocrx_word' id='word_1_300' title='bbox 798 2041 901 2066; x_wconf 89' lang='lat' dir='ltr'>sacra</span> <span class='ocrx_word' id='word_1_301' title='bbox 926 2042 948 2067; x_wconf 90' lang='lat' dir='ltr'>a</span> <span class='ocrx_word' id='word_1_302' title='bbox 968 2029 1163 2067; x_wconf 88' lang='lat' dir='ltr'>maioribus</span> <span class='ocrx_word' id='word_1_303' title='bbox 1189 2029 1347 2076; x_wconf 88' lang='lat' dir='ltr'>tradita,</span> <span class='ocrx_word' id='word_1_304' title='bbox 1378 2028 1454 2066; x_wconf 85' lang='lat' dir='ltr'>sive</span> 
     </span>
     <span class='ocr_line' id='line_1_62' title="bbox 795 2085 1454 2137; baseline -0.002 -15"><span class='ocrx_word' id='word_1_305' title='bbox 795 2085 940 2137; x_wconf 87' lang='lat' dir='ltr'>publica</span> <span class='ocrx_word' id='word_1_306' title='bbox 958 2085 1034 2124; x_wconf 87' lang='lat' dir='ltr'>sive</span> <span class='ocrx_word' id='word_1_307' title='bbox 1062 2086 1205 2137; x_wconf 87' lang='lat' dir='ltr'>privata</span> <span class='ocrx_word' id='word_1_308' title='bbox 1229 2086 1454 2135; x_wconf 81' lang='lat' dir='ltr'>singulorum</span> 
     </span>
     <span class='ocr_line' id='line_1_63' title="bbox 798 2142 1452 2194; baseline 0.002 -16"><span class='ocrx_word' id='word_1_309' title='bbox 798 2142 947 2190; x_wconf 90' lang='lat' dir='ltr'>civium,</span> <span class='ocrx_word' id='word_1_310' title='bbox 979 2147 1016 2181; x_wconf 87' lang='lat' dir='ltr'>et</span> <span class='ocrx_word' id='word_1_311' title='bbox 1035 2142 1114 2180; x_wconf 80' lang='lat' dir='ltr'>deos</span> <span class='ocrx_word' id='word_1_312' title='bbox 1131 2144 1357 2194; x_wconf 78' lang='lat' dir='ltr'>peregrinos,</span> <span class='ocrx_word' id='word_1_313' title='bbox 1389 2155 1452 2179; x_wconf 74' lang='lat' dir='ltr'>ex-</span> 
     </span>
     <span class='ocr_line' id='line_1_64' title="bbox 800 2200 1453 2250; baseline 0 -15"><span class='ocrx_word' id='word_1_314' title='bbox 800 2202 936 2247; x_wconf 82' lang='lat' dir='ltr'>ternos,</span> <span class='ocrx_word' id='word_1_315' title='bbox 967 2201 1136 2249; x_wconf 84' lang='lat' dir='ltr'>adeoque</span> <span class='ocrx_word' id='word_1_316' title='bbox 1157 2200 1329 2250; x_wconf 77' lang='lat' dir='ltr'>hospites,</span> <span class='ocrx_word' id='word_1_317' title='bbox 1360 2211 1453 2249; x_wconf 90' lang='lat' dir='ltr'>quos</span> 
     </span>
     <span class='ocr_line' id='line_1_65' title="bbox 798 2255 1455 2306; baseline 0 -14"><span class='ocrx_word' id='word_1_318' title='bbox 798 2255 932 2294; x_wconf 89' lang='lat' dir='ltr'>scilicet</span> <span class='ocrx_word' id='word_1_319' title='bbox 952 2255 1099 2295; x_wconf 87' lang='lat' dir='ltr'>aliunde</span> <span class='ocrx_word' id='word_1_320' title='bbox 1124 2257 1354 2295; x_wconf 87' lang='lat' dir='ltr'>adsciverant</span> <span class='ocrx_word' id='word_1_321' title='bbox 1384 2268 1455 2306; x_wconf 91' lang='lat' dir='ltr'>pu-</span> 
     </span>
     <span class='ocr_line' id='line_1_66' title="bbox 796 2312 1454 2365; baseline -0.005 -15"><span class='ocrx_word' id='word_1_322' title='bbox 796 2312 961 2363; x_wconf 87' lang='lat' dir='ltr'>bliceque</span> <span class='ocrx_word' id='word_1_323' title='bbox 1020 2317 1244 2365; x_wconf 86' lang='lat' dir='ltr'>receperant.</span> <span class='ocrx_word' id='word_1_324' title='bbox 1316 2312 1454 2349; x_wconf 89' lang='lat' dir='ltr'>Eorum</span> 
     </span>
    </p>
   </div>
   <div class='ocr_carea' id='block_1_16' title="bbox 797 2364 1515 2419">
    <p class='ocr_par' dir='ltr' id='par_1_16' title="bbox 797 2364 1515 2419">
     <span class='ocr_line' id='line_1_67' title="bbox 797 2364 1515 2419; baseline 0.001 -14"><span class='ocrx_word' id='word_1_325' title='bbox 797 2382 944 2419; x_wconf 89' lang='lat' dir='ltr'>quoque</span> <span class='ocrx_word' id='word_1_326' title='bbox 967 2370 1004 2407; x_wconf 92' lang='lat' dir='ltr'>in</span> <span class='ocrx_word' id='word_1_327' title='bbox 1023 2370 1200 2408; x_wconf 88' lang='lat' dir='ltr'>honorem</span> <span class='ocrx_word' id='word_1_328' title='bbox 1219 2369 1383 2407; x_wconf 87' lang='lat' dir='ltr'>instituta</span> <span class='ocrx_word' id='word_1_329' title='bbox 1404 2364 1453 2406; x_wconf 71' lang='grc' dir='ltr'>τοὶ</span> <span class='ocrx_word' id='word_1_330' title='bbox 1507 2374 1515 2383; x_wconf 87' lang='grc'><strong>”</strong></span> 
     </span>
    </p>
   </div>
   <div class='ocr_carea' id='block_1_17' title="bbox 795 2425 1455 2918">
    <p class='ocr_par' dir='ltr' id='par_1_17' title="bbox 795 2425 1455 2918">
     <span class='ocr_line' id='line_1_68' title="bbox 799 2425 1455 2477; baseline -0.005 -12"><span class='ocrx_word' id='word_1_331' title='bbox 799 2425 1009 2475; x_wconf 75' lang='grc' dir='ltr'><em>Θεοξένια,</em></span> <span class='ocrx_word' id='word_1_332' title='bbox 1049 2440 1144 2477; x_wconf 89' lang='lat' dir='ltr'>quae</span> <span class='ocrx_word' id='word_1_333' title='bbox 1173 2427 1273 2464; x_wconf 89' lang='lat' dir='ltr'>haud</span> <span class='ocrx_word' id='word_1_334' title='bbox 1303 2439 1386 2463; x_wconf 89' lang='lat' dir='ltr'>raro</span> <span class='ocrx_word' id='word_1_335' title='bbox 1415 2426 1455 2462; x_wconf 90' lang='lat' dir='ltr'>in</span> 
     </span>
     <span class='ocr_line' id='line_1_69' title="bbox 798 2483 1453 2530; baseline -0.003 -9"><span class='ocrx_word' id='word_1_336' title='bbox 798 2483 1023 2521; x_wconf 87' lang='lat' dir='ltr'>Graecorum</span> <span class='ocrx_word' id='word_1_337' title='bbox 1035 2484 1236 2521; x_wconf 86' lang='lat' dir='ltr'>civitatibus</span> <span class='ocrx_word' id='word_1_338' title='bbox 1250 2485 1453 2530; x_wconf 82' lang='lat' dir='ltr'>occurrunt,</span> 
     </span>
     <span class='ocr_line' id='line_1_70' title="bbox 799 2539 1452 2579; baseline -0.002 -2"><span class='ocrx_word' id='word_1_339' title='bbox 799 2543 838 2577; x_wconf 88' lang='lat' dir='ltr'>ut</span> <span class='ocrx_word' id='word_1_340' title='bbox 864 2545 968 2578; x_wconf 86' lang='lat' dir='ltr'>notat</span> <span class='ocrx_word' id='word_1_341' title='bbox 1002 2541 1211 2579; x_wconf 86' lang='lat' dir='ltr'>Casaubon.</span> <span class='ocrx_word' id='word_1_342' title='bbox 1235 2540 1285 2577; x_wconf 91' lang='lat' dir='ltr'>ad</span> <span class='ocrx_word' id='word_1_343' title='bbox 1322 2539 1452 2577; x_wconf 86' lang='lat' dir='ltr'>Athen.</span> 
     </span>
     <span class='ocr_line' id='line_1_71' title="bbox 795 2596 1454 2648; baseline -0.002 -15"><span class='ocrx_word' id='word_1_344' title='bbox 795 2596 850 2633; x_wconf 88' lang='lat' dir='ltr'>IX</span> <span class='ocrx_word' id='word_1_345' title='bbox 867 2610 904 2647; x_wconf 84' lang='lat' dir='ltr'>p.</span> <span class='ocrx_word' id='word_1_346' title='bbox 918 2599 1023 2645; x_wconf 81' lang='lat'>372,</span> <span class='ocrx_word' id='word_1_347' title='bbox 1049 2596 1082 2634; x_wconf 90' lang='lat' dir='ltr'>A</span> <span class='ocrx_word' id='word_1_348' title='bbox 1105 2597 1161 2648; x_wconf 89' lang='lat' dir='ltr'>(p.</span> <span class='ocrx_word' id='word_1_349' title='bbox 1183 2599 1238 2639; x_wconf 85' lang='lat'>38</span> <span class='ocrx_word' id='word_1_350' title='bbox 1263 2596 1335 2634; x_wconf 89' lang='lat' dir='ltr'>t.V</span> <span class='ocrx_word' id='word_1_351' title='bbox 1363 2596 1454 2632; x_wconf 85' lang='lat' dir='ltr'>Ani-</span> 
     </span>
     <span class='ocr_line' id='line_1_72' title="bbox 796 2652 1454 2703; baseline -0.002 -13"><span class='ocrx_word' id='word_1_352' title='bbox 796 2654 954 2691; x_wconf 88' lang='lat' dir='ltr'>madvss.</span> <span class='ocrx_word' id='word_1_353' title='bbox 985 2653 1186 2703; x_wconf 85' lang='lat' dir='ltr'>Schwgh.).</span> <span class='ocrx_word' id='word_1_354' title='bbox 1220 2653 1306 2690; x_wconf 89' lang='lat' dir='ltr'>Vid.</span> <span class='ocrx_word' id='word_1_355' title='bbox 1338 2652 1454 2690; x_wconf 86' lang='lat' dir='ltr'>Hem-</span> 
     </span>
     <span class='ocr_line' id='line_1_73' title="bbox 796 2709 1454 2760; baseline 0.006 -13"><span class='ocrx_word' id='word_1_356' title='bbox 796 2709 949 2748; x_wconf 85' lang='lat' dir='ltr'>sterhus.</span> <span class='ocrx_word' id='word_1_357' title='bbox 964 2711 1013 2747; x_wconf 91' lang='lat' dir='ltr'>ad</span> <span class='ocrx_word' id='word_1_358' title='bbox 1031 2709 1189 2760; x_wconf 87' lang='lat' dir='ltr'>Hesych.</span> <span class='ocrx_word' id='word_1_359' title='bbox 1209 2714 1234 2749; x_wconf 88' lang='lat' dir='ltr'>t.</span> <span class='ocrx_word' id='word_1_360' title='bbox 1256 2709 1274 2747; x_wconf 93' lang='lat' dir='ltr'>I</span> <span class='ocrx_word' id='word_1_361' title='bbox 1292 2724 1328 2760; x_wconf 90' lang='lat' dir='ltr'>p.</span> <span class='ocrx_word' id='word_1_362' title='bbox 1345 2709 1454 2751; x_wconf 85' lang='lat'>1694</span> 
     </span>
     <span class='ocr_line' id='line_1_74' title="bbox 798 2762 1454 2818; baseline -0.003 -13"><span class='ocrx_word' id='word_1_363' title='bbox 798 2767 856 2805; x_wconf 89' lang='lat' dir='ltr'>ed.</span> <span class='ocrx_word' id='word_1_364' title='bbox 873 2766 1041 2805; x_wconf 83' lang='lat' dir='ltr'>Albert.“</span> <span class='ocrx_word' id='word_1_365' title='bbox 1072 2767 1104 2805; x_wconf 90' lang='lat' dir='ltr'>C</span> <span class='ocrx_word' id='word_1_366' title='bbox 1113 2780 1208 2805; x_wconf 84' lang='lat' dir='ltr'>r.—</span> <span class='ocrx_word' id='word_1_367' title='bbox 1233 2762 1386 2818; x_wconf 71' lang='grc' dir='ltr'><em>’ἡβηδὸν</em></span> <span class='ocrx_word' id='word_1_368' title='bbox 1405 2766 1454 2803; x_wconf 88' lang='lat' dir='ltr'>ad</span> 
     </span>
     <span class='ocr_line' id='line_1_75' title="bbox 797 2824 1452 2874; baseline -0.005 -13"><span class='ocrx_word' id='word_1_369' title='bbox 797 2835 922 2861; x_wconf 88' lang='lat' dir='ltr'>omnes</span> <span class='ocrx_word' id='word_1_370' title='bbox 937 2824 1082 2874; x_wconf 80' lang='lat' dir='ltr'>puberes</span> <span class='ocrx_word' id='word_1_371' title='bbox 1102 2826 1280 2861; x_wconf 77' lang='lat' dir='ltr'>s.z·uvenes</span> <span class='ocrx_word' id='word_1_372' title='bbox 1300 2825 1452 2873; x_wconf 86' lang='lat' dir='ltr'>spectat.</span> 
     </span>
     <span class='ocr_line' id='line_1_76' title="bbox 797 2878 1453 2918; baseline -0.003 -2"><span class='ocrx_word' id='word_1_373' title='bbox 797 2880 907 2917; x_wconf 86' lang='lat' dir='ltr'>Conf.</span> <span class='ocrx_word' id='word_1_374' title='bbox 927 2884 1002 2918; x_wconf 89' lang='lat' dir='ltr'>not.</span> <span class='ocrx_word' id='word_1_375' title='bbox 1021 2884 1185 2917; x_wconf 89' lang='lat' dir='ltr'>nostram</span> <span class='ocrx_word' id='word_1_376' title='bbox 1204 2880 1253 2917; x_wconf 87' lang='lat' dir='ltr'>ad</span> <span class='ocrx_word' id='word_1_377' title='bbox 1271 2878 1453 2916; x_wconf 88' lang='lat' dir='ltr'>Plutarch.</span> 
     </span>
    </p>
   </div>
   <div class='ocr_carea' id='block_1_18' title="bbox 796 2935 1203 2989">
    <p class='ocr_par' dir='ltr' id='par_1_18' title="bbox 796 2935 1203 2989">
     <span class='ocr_line' id='line_1_77' title="bbox 796 2935 1203 2989; baseline -0.002 -16"><span class='ocrx_word' id='word_1_378' title='bbox 796 2935 974 2974; x_wconf 87' lang='lat' dir='ltr'>Alcibiad.</span> <span class='ocrx_word' id='word_1_379' title='bbox 1001 2948 1089 2989; x_wconf 87' lang='lat' dir='ltr'>pag.</span> <span class='ocrx_word' id='word_1_380' title='bbox 1111 2935 1203 2978; x_wconf 85' lang='lat'>155.</span> 
     </span>
    </p>
   </div>
  </div>
 </body>
</html>
