1759 3324
332 254 417 294 824

728 247 1202 288 HERODOTI

306 359 419 416 Ξέγὼ
445 359 529 417 ἤδη
558 361 657 403 ἰ’δον
684 359 819 415 λόγου
851 358 974 414 μέζω.
1030 357 1066 400 εἰ
1094 355 1178 412 γάρ
1209 371 1272 407 τις
1300 354 1352 397 τά
1381 354 1422 406 ἐξ
1447 353 1595 410 Ἑλλή-

335 455 426 482 νων
464 437 600 494 τείχεά
639 453 683 481 τε
723 438 797 480 καὶ
836 437 976 492 ἔργων
1025 433 1228 487 ἀπόδεξιν
1278 435 1597 488 συλλογίσαιτο,
1613 440 1654 473 15

335 517 571 568 ἐλάσσονος
606 515 748 559 πόνου
788 532 831 558 τε
863 515 918 558 ἂν
948 514 1021 558 καὶ
1053 513 1249 570 δαπάνης
1279 514 1437 568 φανείη
1471 511 1598 554 ἐόντα

333 600 414 640 τοῦ
444 596 720 650 λαβυρίνθου
752 594 938 638 τούτου·
992 595 1066 637 καί
1097 610 1164 636 τοι
1195 590 1422 647 ἀξιόλογός
1451 607 1497 646 γε
1528 591 1602 633 καὶ

338 672 361 719 ὁ
393 675 439 718 ἐν
464 672 629 729 Ἐφέσῳ
661 673 750 716 ἐστὶ
780 671 907 728 νηὸς,
939 672 1013 714 καὶ
1044 669 1067 714 ὁ
1100 670 1146 713 ἐν
1176 669 1334 727 Σάμῳ·
1380 665 1493 726 ἦσαν
1523 668 1601 724 μέν

335 770 420 797 νυν
450 752 523 795 καὶ
553 753 598 793 αἱ
640 752 879 806 πυραμίδες
908 749 1043 805 λόγου
1082 747 1276 804 μέζονες,
1326 749 1399 792 καὶ
1427 750 1602 792 πολλῶν

337 831 494 886 ἑκάστη
526 827 692 872 αὐτέων
727 829 993 883 Ἑλληνικῶν
1023 828 1163 883 ἔργων
1195 827 1269 870 καὶ
1298 826 1497 882 μεγάλων
1527 825 1602 869 ἆν-

337 910 478 965 ταξίη·
510 907 534 951 ὁ
557 907 602 950 δὲ
625 905 677 963 δή
699 906 974 964 λαβύρινθος
1002 906 1077 950 καὶ
1105 904 1182 956 τας
1210 906 1458 961 πυραμίδας
1473 903 1662 958 ὑπερ-ΞΟ

310 986 501 1044 ὃβάλλει.
539 989 621 1030 τοῦ
650 983 734 1042 γὰρ
771 984 970 1030 δυώδεκα
1010 984 1089 1042 μέν
1128 985 1211 1028 εἰσι
1242 981 1372 1028 αὐλαὶ
1399 981 1605 1029 κατάστε-

285 1217 322 1254 p-
340 1205 420 1244 811
451 1217 481 1240 S.
508 1201 628 1244 1165.
678 1202 847 1242 Pococke
878 1204 944 1241 de-

286 1261 408 1310 script.
437 1259 475 1307 l,
501 1260 565 1300 59.
603 1260 735 1309 Zoega
763 1261 811 1299 de
838 1260 945 1298 obell.

285 1330 323 1368 p.
342 1316 436 1358 242.
459 1319 542 1357 292
560 1319 596 1353 et
616 1317 822 1367 Champoll.
846 1317 943 1365 l’Eg.

288 1386 319 1409 s.
338 1372 360 1409 l.
389 1372 492 1422 phar.
527 1372 543 1409 Ι
582 1385 669 1422 pag.
688 1373 945 1414 323—325·

286 1428 430 1468 Nutriti
468 1428 517 1465 ibi
542 1428 688 1478 publice
729 1430 767 1466 in
797 1430 944 1467 lacubus

288 1485 382 1522 sacri
400 1484 609 1522 crocodili.“
641 1486 772 1523 Creuz.
789 1486 827 1522 in
846 1499 946 1523 com-

288 1545 415 1579 mentt.
430 1541 596 1578 Herodd.
615 1555 650 1592 p.
663 1542 716 1583 85
737 1546 814 1579 not.
837 1541 946 1579 Nunc

288 1598 387 1635 urbis
426 1598 558 1635 veteris
598 1598 732 1635 rudera
761 1600 945 1648 quaedam

290 1657 439 1692 exstant
472 1667 589 1704 prope
620 1655 748 1692 urbem
778 1654 947 1692 Medinat

291 1710 322 1748 el
350 1709 511 1761 Fayoum
556 1711 840 1760 septentrionem
868 1725 948 1750 ver-

291 1780 353 1804 sus
375 1794 386 1814 ,
434 1766 616 1816 valdeque
654 1767 826 1816 disiecta,
867 1781 947 1805 cum

291 1823 433 1861 Arabes
458 1824 614 1873 optimos
652 1836 819 1873 quosque
856 1824 948 1876 lapi-

293 1880 358 1917 des
379 1880 462 1916 hinc
488 1880 536 1916 ad
564 1892 696 1917 novam
717 1882 843 1918 urbem
861 1895 949 1919 con-

293 1936 453 1973 dendam
469 1937 664 1973 avexerint.
723 1937 858 1975 Videas
888 1938 947 1974 Io-

293 1991 410 2030 mard.
437 1992 475 2028 in
511 1992 627 2029 deser.
654 1992 677 2029 l.
702 1992 724 2030 l.
758 1993 858 2041 (vid.
888 2007 951 2032 ex·-

294 2049 406 2095 curs.)
427 2052 512 2084 sect.
535 2047 551 2084 Ι
580 2047 616 2098 §.
635 2052 672 2090 2.
692 2051 718 2090 3
741 2063 777 2100 p.
797 2054 822 2092 6
846 2063 949 2100 seqq.

295 2103 426 2140 Ritter.
443 2102 635 2140 Erdkund.
653 2104 669 2140 I
687 2119 773 2155 pag.
791 2109 874 2149 802
893 2120 949 2157 sq.

295 2158 480 2196 Mannert.
496 2159 519 2196 l.
539 2159 560 2195 l.
581 2173 666 2210 pag.
688 2161 782 2204 419.

352 2239 433 2292 ἤδη
466 2242 554 2281 ἴδον
583 2240 699 2296 λόγου
728 2243 850 2295 μέζω]
882 2245 954 2288 ,De

297 2298 476 2335 locutione
512 2295 632 2349 λόγου
663 2298 762 2350 μέζω
801 2303 872 2338 vid.
906 2301 951 2348 ΙΙ,

298 2356 366 2395 35.
396 2354 533 2391 Vocula
553 2352 655 2405 ἤδη,
687 2362 726 2393 ut
748 2357 952 2405 Schweigh.

299 2414 450 2456 monet,
509 2415 652 2460 spectat
687 2413 735 2448 ad
764 2412 819 2459 11,
852 2413 952 2452 147:

300 2460 409 2505 ταῦτ’
430 2462 510 2516 ἤδη
540 2462 704 2518 φράσω·
744 2466 956 2518 προσέσται

302 2520 346 2561 δέ
373 2536 410 2560 τι
444 2518 598 2561 αὐτοῖσι
642 2521 710 2561 καὶ
748 2525 821 2574 τῆς
856 2523 956 2574 ἐμῆς

304 2575 438 2626 ὄψιος.
477 2599 534 2605 —
579 2578 638 2615 Ad
668 2580 798 2617 verba:
838 2577 884 2618 τὰ
916 2579 956 2627 ἐξ

301 2629 500 2684 Ἑλλήνων
518 2633 644 2684 τείχεα
676 2640 820 2684 praeter
850 2636 958 2673 W'es-

306 2690 496 2739 selingium
526 2692 620 2728 conf.
650 2691 780 2730 Matth.
804 2692 869 2729 Gr.
892 2693 959 2730 Gr.

305 2760 391 2798 pag.
421 2746 540 2788 1135.

364 2827 489 2881 ἔργων
512 2825 718 2880 ἀπόδεξιν]
749 2830 856 2868 Conf.
882 2837 958 2869 not.

307 2886 356 2923 ad
373 2898 534 2937 prooem.
556 2891 592 2925 et
612 2886 647 2935 I,
667 2889 760 2928 207.
792 2887 847 2936 ΙΙ,
867 2890 959 2929 101.

1011 1225 1068 1233 -
1088 1203 1131 1241 In
1157 1215 1259 1252 seqq.
1289 1199 1469 1255 μεγάλων
1499 1215 1577 1240 curn
1608 1215 1666 1241 re-

1012 1265 1121 1299 centt.
1142 1260 1241 1298 edidi
1261 1273 1328 1310 pro
1347 1260 1551 1312 μεγίστων.

1070 1312 1188 1355 αὐλαὶ
1231 1312 1484 1368 κατάστεγοι]
1544 1316 1666 1365 Vulgo

1012 1378 1177 1411 vertunt:
1225 1373 1330 1410 aulae
1369 1377 1458 1410 tecto
1508 1376 1666 1422 opertae3

1013 1431 1114 1479 quod
1133 1430 1304 1479 quoniam
1327 1443 1448 1467 secum
1466 1430 1583 1479 ipsum
1600 1443 1668 1478 pu-

1014 1491 1117 1535 gnat,
1148 1487 1234 1535 quia
1253 1481 1355 1537 αὕλή
1374 1490 1431 1524 est
1451 1487 1547 1523 locus
1565 1498 1667 1534 aper-

1014 1547 1091 1590 tus,
1130 1543 1193 1579 sub
1225 1542 1302 1589 dio,
1342 1546 1499 1592 apertum
1527 1554 1669 1591 superne

1015 1604 1052 1637 et
1073 1597 1185 1651 στέγη
1206 1603 1371 1648 opertum,
1389 1602 1537 1646 tectum,
1560 1598 1670 1647 wyt-

1013 1656 1180 1693 tenbaeh.
1204 1656 1240 1691 in
1262 1656 1397 1693 selectt.
1416 1656 1515 1692 histt.
1534 1668 1570 1705 p.
1585 1654 1669 1695 355

1015 1713 1061 1749 ab
1103 1712 1296 1749 Herodoto
1347 1713 1521 1762 scriptum
1557 1711 1672 1748 fuisse

1016 1772 1160 1806 censet:
1203 1764 1323 1807 αὕλαί
1346 1781 1386 1806 τε
1419 1766 1487 1806 καὶ
1527 1765 1670 1818 στέγαι,

1015 1825 1067 1862 ita
1096 1829 1138 1861 ut
1165 1825 1271 1862 aulae
1301 1824 1434 1861 fuerint
1465 1824 1671 1870 duodecim,

1013 1882 1240 1931 totidemque
1278 1885 1373 1918 tecta
1404 1880 1569 1919 aedificia
1597 1881 1674 1917 sive

1019 1935 1171 1989 στέγαι,-
1191 1942 1314 1988 partes
1337 1949 1424 1975 vero
1448 1931 1574 1987 αὐλῆς
1593 1948 1674 1974 esse

1018 1994 1097 2031 vult
1143 1990 1348 2040 παστάδας
1397 1998 1433 2031 et
1478 1989 1674 2044 ἓλιγμούς,

1019 2055 1143 2102 partes
1167 2049 1303 2103 στέγης
1321 2064 1402 2088 esse
1423 2045 1620 2100 οἰκήματα
1636 2053 1675 2086 et

1021 2103 1234 2154 διεξόδους.
1318 2106 1496 2155 Vulgatae
1532 2105 1677 2143 lectioni

1021 2164 1151 2213 (quam
1169 2164 1247 2201 sine
1266 2163 1367 2200 libris
1395 2167 1535 2200 mutare
1553 2163 1612 2199 vix
1633 2162 1676 2198 li-

1021 2220 1146 2267 cebit)
1178 2221 1229 2256 ita
1260 2220 1398 2256 dudum
1426 2219 1673 2268 patrocinatus

1023 2280 1101 2313 erat
1131 2276 1361 2321 Gronovius,
1392 2279 1432 2311 ut
1457 2274 1677 2322 intelligeret

1022 2331 1124 2367 aulas
1133 2331 1327 2380 porticibus
1347 2330 1584 2367 circumdatas
1612 2343 1677 2367 seu

1023 2387 1122 2423 aulas
1142 2400 1214 2423 non
1234 2399 1391 2437 superne
1412 2392 1580 2436 opertas,
1610 2387 1676 2423 sed

1023 2454 1046 2478 a
1062 2442 1175 2480 latere
1193 2443 1389 2492 porticibus
1417 2455 1459 2479 ac
1476 2442 1676 2494 parietibus

1023 2499 1156 2535 cinctas
1189 2503 1224 2535 et
1254 2499 1357 2547 quasi
1385 2503 1513 2536 tectas.
1572 2499 1679 2542 Quae

1023 2554 1234 2604 placuerunt
1246 2555 1601 2604 Schweighaeusem,
1616 2555 1678 2604 qui

1024 2611 1063 2647 id
1088 2611 1205 2660 ipsum
1227 2612 1395 2649 disertius
1415 2612 1509 2648 infra
1534 2611 1580 2648 ab
1600 2611 1679 2648 He-

1025 2667 1158 2703 rodoto
1192 2667 1367 2704 declarari
1397 2671 1503 2718 putat
1537 2667 1676 2704 verbis:

1026 2717 1130 2773 αὐλή
1154 2719 1298 2773 ἑκάστη
1319 2724 1574 2774 περίστυλος;
1595 2736 1678 2760 nam

1027 2777 1164 2831 στέγας
1186 2793 1265 2817 esse
1288 2780 1448 2829 porticus
1476 2780 1551 2816 sive
1565 2780 1680 2816 forni-

1028 2848 1100 2881 ceS,
1113 2849 1204 2884 quos
1217 2836 1349 2872 Strabo
1368 2839 1474 2873 vocet
1490 2830 1676 2886 κρυπτάς.

1027 2890 1079 2929 At
1099 2892 1294 2930 fornicibus
1311 2892 1386 2930 sive
1405 2892 1559 2930 arcubus
1585 2891 1678 2929 affa-
