1805 3315
653 247 953 286 CL10.1.
1395 251 1451 290 83

166 358 362 416 »ἡμέρας
394 357 615 412 διηκοσίας
643 356 714 400 καὶ
744 358 1087 411 πεντακισχιλίας
1117 355 1190 399 καὶ
1208 356 1496 411 δισμυρίας,95

141 456 189 490 4„
204 438 438 494 ἐμβολίμου
466 434 601 491 μηνὸς
625 435 682 491 μὴ
712 434 960 491 γινομένου.

1023 437 1058 477 εἴ,
1093 434 1138 478 δὲ
1170 434 1222 491 δὴ
1254 434 1451 492 ἐθελήσει

163 515 403 570 ,,τοῦτερον
425 519 514 558 τῶν
541 514 667 558 ἐτέων
688 515 791 571 μηνὶ
817 514 1090 570 μακρότερον
1123 514 1344 569 γίνεσθαι,
1376 516 1450 558 ἴνα

162 595 248 650 »δή
279 596 325 637 αἱ
354 589 464 648 ὧραι
493 596 764 650 συμβαίνωσι
794 593 1139 650 παραγινόμεναι
1180 593 1223 643 ἐς
1252 593 1300 636 τὸ
1332 594 1448 647 δέον,

161 677 326 730 ,,μῆνες
355 674 434 730 μὲν
462 672 580 728 παρὰ
612 674 664 717 τοὶ
695 673 995 730 ἑβδομήκοντα
1027 673 1121 716 ἔτεα
1151 674 1195 715 οῖ
1224 670 1449 729 ἐμβόλιμοι

161 785 186 804 ,,
197 754 396 809 γίνονται
420 753 654 811 τριήκοντα
674 753 817 797 πέντε·
855 752 1014 810 ἡμέραι
1041 753 1087 796 δὲ
1116 752 1162 796 ἐκ
1185 755 1274 795 τῶν
1296 756 1448 809 μηνῶν

113 923 349 971 sequentibus
379 935 526 972 quoque
553 923 674 960 verbis
695 935 774 960 ma-

113 991 188 1028 gna
221 979 271 1015 illi
300 992 394 1029 opus
433 980 653 1027 mutatione,
702 992 774 1028 qua

114 1035 251 1073 scilicet
304 1036 438 1072 iustum
496 1037 532 1073 in
584 1048 774 1073 numerum

114 1093 236 1129 omnia
266 1093 492 1141 redigantur.
534 1093 651 1129 Sciibi
678 1093 774 1130 enim

112 1148 208 1185 vult:
240 1170 297 1176 -—
323 1164 445 1200 μηνες
479 1146 552 1199 μὲν
581 1165 689 1201 παρα
726 1163 774 1187 τα

114 1201 392 1256 ἑβδομήκοντα
439 1203 524 1244 ε’τεα
564 1206 773 1257 γίγνον-

112 1276 192 1300 ται
216 1257 413 1301 δώδεκα
435 1260 653 1307 δέοντος
681 1276 773 1313 τρι-

111 1318 393 1370 τημορίου·
451 1316 598 1385 ημέραι
641 1315 683 1356 δὲ
731 1316 775 1357 ἐκ

111 1390 192 1413 των
222 1377 363 1425 μηνῶν
389 1370 540 1413 τούτων
568 1389 622 1426 τρ
638 1369 775 1425 ιηκό-

111 1443 195 1470 σιο
213 1445 226 1469 ι
288 1429 374 1470 καὶ
425 1429 772 1483 πεντήκοντα

110 1485 280 1527 τουτέων
317 1489 399 1526 τῶν
431 1486 549 1527 ἇπασ,
592 1504 661 1539 ημ.
694 1489 774 1526 τῶν

111 1543 151 1591 ἐς
170 1540 218 1582 w*
239 1542 322 1595 ἓβδ.
348 1543 458 1594 ἔτεα,
490 1543 662 1584 ἐουσέων
685 1559 774 1584 πεν-

108 1595 283 1652 τήκοντα
314 1600 381 1640 καὶ
417 1602 775 1652 πεντηκοσίων

110 1657 178 1697 καὶ
222 1659 662 1710 πεντακισχιλίων
706 1656 774 1697 καὶ

111 1712 430 1765 δισμυριέων
452 1729 490 1753 κ.
519 1729 551 1753 τ.
586 1717 619 1754 λ.
667 1715 774 1759 Quae

109 1772 234 1820 utique
275 1771 375 1808 haud
404 1771 491 1808 talia
528 1776 630 1819 sunt,
679 1785 774 1821 quae

110 1828 278 1876 cuiquam
318 1829 466 1878 probari
499 1829 652 1878 possint.
721 1828 775 1865 Ut

111 1885 208 1922 enim
235 1885 312 1921 viro
338 1885 549 1922 doctissimo
568 1886 606 1921 id
627 1884 773 1932 largiar,

109 1941 342 1978 Herodotum
373 1955 449 1978 non
482 1942 534 1978 ita
560 1942 771 1991 scripsisse,

110 1999 416 2046 quemadmodum
462 2011 558 2036 nunc
606 1998 772 2046 legatur,

108 2054 205 2091 idem
225 2058 348 2092 tamen
373 2056 555 2093 contendo
572 2055 666 2091 hanc
690 2067 770 2091 cor-

107 2110 286 2160 ruptelam
318 2111 481 2149 altiorem
511 2125 616 2158 esse,
659 2124 770 2160 quam

108 2179 203 2215 quae
252 2167 296 2203 iis
335 2169 448 2218 copiis
501 2168 769 2217 manuscriptis,

108 2236 200 2272 quas
224 2237 293 2260 nos
310 2224 506 2272 habemus,
529 2225 652 2261 sanari
679 2237 769 2274 pos-

107 2280 165 2316 sit.
223 2279 357 2330 Neque
393 2283 432 2319 id
468 2282 620 2318 multum
659 2280 768 2328 valet,

108 2337 209 2385 quod
238 2336 451 2375 Plutarchus
485 2339 523 2374 in
554 2339 629 2375 vita
663 2337 769 2373 Solo-

107 2393 164 2429 nis
188 2406 217 2430 c.
241 2397 295 2434 27
314 2394 532 2444 colloquium
555 2394 667 2432 hocce
686 2406 771 2430 nar-

108 2462 216 2496 rans,
247 2449 339 2487 hanc
361 2464 540 2488 annorum
558 2451 772 2498 dierumque

109 2507 417 2544 enumerationem
443 2521 593 2557 prorsus
617 2507 771 2554 omittat,

110 2566 173 2598 aut
193 2563 230 2599 in
254 2563 346 2600 libro
372 2565 420 2602 de
442 2564 673 2612 Malignitate
692 2563 772 2600 He-

108 2619 246 2666 rodoti,
283 2620 346 2656 ubi
373 2620 463 2657 alios
500 2620 630 2658 Nostri
672 2632 772 2657 erro-

111 2686 169 2710 res
199 2677 373 2725 castigat,
408 2661 487 2714 hac
496 2678 543 2714 de
571 2689 612 2714 re
641 2680 771 2713 taceat.

110 2707 313 2769 ΝεῑιιῐῑτιιῑιιὈ
321 2734 416 2771 enim
444 2733 517 2770 tale
557 2746 642 2771 esse
669 2737 772 2782 puto,

113 2798 156 2823 ex
183 2798 254 2834 quo
286 2791 373 2826 certi
402 2791 492 2840 quid
521 2791 568 2826 ad
590 2788 773 2826 Herodoti

111 2842 230 2878 locum
248 2845 371 2882 conjici
391 2851 454 2883 aut
465 2845 627 2883 concludi
643 2849 773 2894 queat·,

115 2900 151 2936 in
177 2911 250 2948 quo
278 2900 309 2935 si
330 2902 541 2952 scriptorem
569 2903 690 2952 ipsum
711 2906 775 2938 aut

842 923 903 972 qui
944 922 989 958 ab
1025 934 1068 959 eo
1110 920 1264 970 loquens
1301 920 1493 968 inducitur,

841 979 1014 1016 Solonem
1028 990 1169 1016 errasse
1177 982 1386 1026 temereque
1396 990 1494 1013 com-

839 1040 992 1086 putasse
1017 1034 1169 1081 dixeris,
1207 1033 1347 1071 facilius
1371 1033 1495 1082 utique

841 1106 900 1129 res
920 1095 1167 1141 componetur.
1226 1091 1303 1127 Sed
1322 1090 1360 1126 id
1374 1091 1494 1139 ipsum

842 1153 1014 1194 statuere,
1045 1147 1203 1197 proclive
1224 1147 1366 1183 videtur
1381 1147 1494 1183 adeo-

843 1218 913 1253 que
942 1204 1195 1249 temerarimn3
1236 1202 1398 1252 quamvis
1432 1215 1494 1240 ae-

841 1265 916 1298 tate
941 1265 1014 1297 tam
1036 1264 1175 1297 remota
1200 1263 1408 1309 temporum
1434 1271 1493 1294 ra-

842 1319 978 1355 tionem
1008 1320 1283 1365 accuratamque
1322 1315 1408 1351 anni
1451 1327 1494 1352 ac

843 1376 1018 1411 mensium
1039 1373 1319 1422 descriptionem
1348 1372 1493 1408 institu-

842 1436 916 1468 tam
954 1431 1068 1467 fuisse
1120 1430 1177 1465 vix
1226 1428 1397 1467 credibile
1433 1429 1491 1464 sit.

843 1488 904 1525 Tu
946 1488 1019 1526 vid.
1067 1486 1198 1523 Ukert.
1249 1487 1306 1534 (in
1355 1485 1493 1534 Geogr.

841 1545 987 1583 Romm.
1008 1548 1045 1581 et
1061 1543 1210 1580 Graece.
1228 1543 1258 1590 Ι,
1276 1547 1303 1585 2
1321 1555 1357 1592 p.
1372 1541 1493 1590 157);

842 1602 904 1652 qui
923 1602 992 1638 hoc
1004 1602 1122 1651 ipsum
1134 1600 1223 1636 satis
1238 1600 1358 1636 valere
1371 1598 1495 1635 existi-

841 1662 936 1706 mat,
974 1671 1046 1707 quo
1088 1657 1206 1694 minus
1242 1656 1281 1692 in
1311 1654 1494 1693 Herodoti

840 1715 960 1753 verbis
973 1714 1171 1763 quidquam
1192 1713 1409 1750 immutetur.

899 1771 935 1810 εἰ
956 1768 998 1810 δὲ
1028 1767 1078 1821 δή
1101 1764 1284 1819 ἐθελήσει
1305 1765 1493 1820 τοῦτερον

839 1829 920 1867 τῶν
943 1825 1061 1867 ε’τέων
1087 1841 1122 1865 κ.
1143 1841 1176 1864 τ.
1196 1828 1245 1872 λ.]
1277 1823 1412 1864 θέλειν
1437 1828 1493 1860 at-

841 1898 912 1934 que
946 1882 1100 1923 ἐθέλειν
1134 1895 1210 1919 non
1247 1883 1294 1919 de
1322 1881 1491 1932 personis

839 1945 992 1988 tantum,
1021 1952 1146 1977 verum
1174 1940 1221 1976 de
1248 1938 1356 1976 rebus
1383 1938 1492 1975 etiam

839 1998 921 2046 dici,
951 2010 1044 2047 quae
1060 2000 1100 2033 ut
1119 1996 1231 2039 fiant,
1253 1995 1491 2032 constitutum

839 2058 907 2101 est,
934 2055 1023 2090 satis
1040 2057 1175 2090 notum.
1207 2052 1492 2089 Undenostrum

837 2110 935 2147 haud
954 2124 1034 2147 raro
1050 2114 1203 2158 aequat:
1234 2108 1341 2145 svllen
1361 2121 1389 2145 S.
1404 2106 1491 2143 kein-

837 2180 911 2204 m’n.
955 2168 1013 2204 Cf.
1048 2166 1189 2203 Herod.
1221 2165 1259 2212 I,
1292 2163 1358 2205 74.
1398 2166 1490 2205 109.

838 2224 885 2271 ΙΙ,
913 2223 965 2264 14
993 2227 1059 2260 etc.
1103 2222 1213 2259 Plura
1249 2221 1407 2270 Vigerus
1444 2221 1493 2257 de

836 2279 1013 2317 Idiotism.
1040 2293 1075 2329 p.
1102 2282 1195 2320 272.

895 2336 963 2375 ι’να
1002 2333 1051 2386 δη
1094 2335 1138 2374 αἱ
1175 2336 1278 2387 ὠραι
1326 2332 1493 2383 συμβαί-

837 2405 937 2432 νωσι
948 2387 1256 2444 παραγινόμεναι
1277 2389 1315 2436 ές
1327 2386 1369 2428 τὸ
1384 2389 1425 2428 δε
1417 2387 1490 2434 ὀν]

837 2450 859 2486 i.
891 2463 922 2487 e.
974 2463 1041 2499 quo
1080 2449 1213 2486 scillcet
1250 2449 1490 2496 tempestatmn

837 2506 1098 2543 vicissitudines
1125 2508 1219 2542 iusto
1252 2508 1400 2552 tempore
1432 2514 1488 2538 re-

838 2563 963 2611 deant,
1002 2576 1069 2600 nec
1097 2567 1214 2599 certus
1244 2572 1367 2599 earum
1396 2559 1487 2595 ordo

839 2633 882 2656 ae
921 2619 1013 2656 ratio
1050 2619 1123 2655 ullo
1168 2619 1279 2655 modo
1315 2616 1490 2652 turbetur.

838 2675 1009 2713 Formula
1030 2673 1077 2722 ἐς
1097 2672 1148 2714 τὸ
1169 2675 1191 2713 δ
1204 2673 1221 2713 ε’
1233 2689 1252 2713 ο
1265 2688 1289 2712 ν
1307 2674 1414 2719 iusto,
1428 2684 1489 2720 op-

833 2736 984 2783 portuno
1009 2735 1175 2781 tempore,
1205 2729 1374 2768 commode
1402 2728 1491 2764 satis

840 2790 1013 2837 frequens
1032 2787 1186 2825 Nostro.
1244 2788 1301 2823 Cf.
1332 2785 1428 2821 infra
1444 2783 1490 2830 ll,

843 2846 923 2885 173
947 2849 983 2882 et
1002 2844 1161 2883 Fischer.
1181 2843 1230 2881 ad
1249 2841 1400 2880 Weller.
1427 2839 1492 2885 III,

841 2904 867 2943 6
887 2914 926 2951 p·
943 2900 1032 2942 157.

1132 2953 1190 2995 5*
