1759 3324
489 275 1007 317 EUTERPE.11.

1286 277 1371 318 725

104 408 186 436 νον
216 388 412 435 διδόντα·
441 389 514 432 καὶ
545 386 629 430 ἀπὸ
659 384 822 430 τούτου
850 385 929 438 τοὶς
965 384 1216 440 προσόδους
1242 386 1370 444 ποιή-

105 475 286 520 σασθαι,
325 465 580 520 ἐπιτάξαντα
618 463 856 521 ἀποφορὴν
893 464 1122 509 ἐπιτελέειν
1150 464 1251 509 κατ’
1278 465 1398 509 ἔνι-5

75 547 255 592 Ξαυτόν.
285 549 321 591 εἰ
352 546 398 591 δέ
426 562 544 597 τινος
571 549 652 589 τοῦ
689 543 857 600 κλήρου
888 542 912 587 ὁ
943 542 1138 600 ποταμός
1165 560 1206 587 τι
1234 545 1369 599 παρέ-

101 632 243 679 λοιτο,
272 625 416 669 ἐλθών
445 624 500 668 ἂν
528 624 640 678 πρός
670 623 808 668 αὐτόν
839 623 1043 681 ἐσήμαινε
1071 622 1121 667 τὸ
1139 623 1369 680 γεγενημέ-

102 722 203 750 νον·
244 704 268 748 ὁ
300 705 346 748 δὲ
376 704 533 760 ἔπεμπε
570 702 676 754 τούς
710 703 1076 759 ἐπισκεψομένους
1104 702 1177 746 καὶ
1207 700 1369 760 ἀναμε-

101 783 342 841 τρήσοντας
373 782 462 840 ὅσῳ
496 782 690 826 ἐλάσσων
722 781 744 826 ὁ
775 786 914 839 χῶρος
944 783 1115 839 γέγονε,
1147 781 1261 834 ὅκως
1288 785 1369 825 τοῦ

102 867 261 909 λοιποῦ
307 862 417 907 κατὰ
455 861 590 919 λόγον
625 866 702 918 τῆς
740 863 1000 919 τεταγμένης
1039 861 1270 918 ἀποφορῆς
1299 878 1366 905 τε-
1383 870 1426 903 10

74 950 96 985 3
107 943 212 988 λέοι.

101 1126 337 1178 ἐπιτάξαντα
366 1126 580 1180 οἷποφορήν
619 1129 702 1170 ἐπι-

47 1186 191 1227 τελέειν
210 1183 291 1226 κατ’
312 1183 511 1237 ἐνιαυτόν]
535 1187 607 1224 Pro
620 1186 703 1227 ε’πι-

47 1243 191 1283 τελέειν
229 1244 311 1281 libri
349 1245 495 1294 quidam
536 1239 701 1284 ἀποτε-

47 1299 161 1340 λεέιν.
219 1300 300 1338 Nec
339 1305 460 1338 tamen
493 1300 584 1337 illud
621 1301 701 1338 loco

48 1359 115 1395 erit
146 1358 377 1396 movendum.
435 1357 571 1394 Vocem
605 1353 701 1396 οἷπο-

48 1429 184 1466 φορην
214 1414 337 1463 glossa
355 1414 570 1451 Herodotea
588 1427 701 1464 expo-

46 1473 101 1509 nit
120 1468 194 1521 τὴν
217 1469 459 1521 τελουμένην
482 1485 600 1520 τιμην
621 1466 703 1510 υπὸ

46 1542 128 1566 των
158 1523 315 1566 δούλων
355 1531 439 1574 τοῖς
480 1522 698 1573 δεσπόταις.

47 1585 243 1622 Caeterum
261 1583 331 1621 hoc
347 1597 391 1621 ex
407 1584 487 1620 loco
508 1584 700 1633 suspiceris

46 1641 128 1681 licet
144 1670 157 1687 ,
196 1653 291 1690 quae
322 1641 433 1678 fuerit
461 1640 699 1690 agricolarum

46 1698 85 1734 in
106 1696 278 1747 Aegypto
306 1698 488 1744 conditio,
519 1709 699 1745 quaenam

46 1754 172 1792 tributi
193 1754 362 1801 exigendi
380 1755 484 1793 ratio.
528 1753 584 1790 Ut
605 1754 700 1791 euim

46 1811 229 1859 hodieque
247 1810 332 1847 illud
364 1823 436 1847 non
465 1811 513 1848 ad
539 1809 700 1859 singulos

46 1867 209 1904 homines
224 1867 376 1904 rusticos
394 1867 565 1917 pertinet,
577 1878 700 1904 verum

47 1924 96 1961 ad
123 1924 284 1971 integros
313 1924 433 1970 vicos,
471 1923 601 1972 quibus
632 1923 700 1959 tri-

47 1981 174 2018 butum
196 1980 412 2030 imponitur,
449 1980 583 2029 quique
602 1991 701 2016 com-

46 2037 147 2074 muni
167 2037 276 2074 etiam
302 2038 414 2087 opera
441 2049 550 2085 agros
579 2035 701 2073 colunt

47 2093 148 2142 (cum
167 2094 303 2131 scilicet
320 2098 472 2143 propter
492 2092 700 2129 inundatio-

47 2163 111 2188 nes
133 2150 266 2199 singuli
285 2149 508 2198 singulorum
530 2161 700 2198 agrorum

45 2207 187 2244 termini
216 2207 415 2244 accuratius
456 2206 590 2244 servari
625 2217 700 2242 non

46 2264 229 2314 possint),
266 2264 320 2300 ita
356 2264 465 2301 etiam
504 2262 699 2311 antiquitus

48 2320 269 2368 obtinuisse,
304 2332 347 2356 ex
372 2320 486 2370 ipsius
507 2323 626 2356 terrae
644 2318 701 2354 in-

50 2375 132 2414 dole
149 2376 338 2414 verisimile
355 2377 499 2414 videtur
515 2374 699 2413 Heerenio

50 2432 190 2479 (Ideen
216 2433 272 2480 ΙΙ,
301 2436 328 2474 2
365 2426 451 2484 pag.
478 2433 560 2474 340
589 2432 699 2481 seq).

49 2488 219 2537 Namque
244 2502 322 2526 cum
350 2490 534 2527 canalibus
560 2502 581 2527 e
611 2488 698 2526 Nilo

51 2545 212 2582 deductis
249 2549 345 2582 arcte
393 2547 587 2583 coniuncta
617 2546 699 2596 ipsa

51 2612 220 2649 agrorum
250 2602 378 2638 divisio
402 2608 440 2640 et
470 2602 597 2640 tributi
628 2601 700 2638 sol-

50 2657 159 2693 vendi
198 2658 309 2703 ratio3
356 2660 487 2708 quibus
534 2659 700 2695 omnibus

53 2725 133 2749 cum
150 2712 244 2750 bene
266 2716 493 2765 prospexerit
511 2715 702 2762 Sesostris,

53 2773 334 2808 consentaneum
352 2776 409 2808 est
431 2771 700 2819 (utHeerenius

53 2824 264 2874 existimat),
293 2826 388 2864 hunc
404 2841 527 2876 regem
545 2830 701 2877 primum

54 2880 125 2917 dici
150 2880 239 2919 haec
265 2883 460 2923 instituisse
480 2889 516 2922 et
537 2884 702 2922 introdu-

55 2948 163 2975 xisse.

269 943 409 987 δοκέει
439 941 486 986 δέ
514 958 589 999 μοι
624 941 826 987 ἐνθεῦτεν
864 943 1099 999 γεωμετρίη
1129 939 1369 998 εὑρεθεῖσα,

827 1126 961 1171 έλθων
985 1124 1037 1168 ἂν
1064 1125 1165 1180 πρός
1195 1123 1318 1167 αὐτὸν
1339 1123 1425 1179 ἐσή-

771 1201 887 1239 μαινε
905 1183 950 1225 τό
971 1183 1249 1239 γεγενημένον]
1281 1185 1339 1222 De
1360 1180 1424 1232 ἂν,

770 1245 918 1295 quando
945 1243 1108 1291 iungitur
1124 1242 1312 1292 praeteriti
1332 1241 1425 1278 indi-

769 1302 906 1348 cativo,
940 1301 1032 1337 conf.
1051 1298 1089 1346 I,
1110 1298 1177 1340 42.
1205 1300 1295 1339 196.

825 1353 924 1396 nocto}
945 1350 1065 1408 λόγον
1094 1357 1168 1405 τῆς
1190 1351 1427 1405 τεταγμένης

770 1409 984 1463 οἷποφορῆς
1002 1409 1147 1462 τελέοι]
1170 1411 1230 1449 Ne
1248 1412 1328 1460 quis
1347 1424 1425 1448 ma-

768 1471 811 1508 lit
853 1465 1093 1521 οἷποφορήν,
1147 1467 1426 1516 intelligendum

768 1531 894 1566 monet
924 1525 1129 1574 Schweigh.
1164 1522 1316 1576 μέρος
1355 1527 1426 1574 τῆς

767 1581 1004 1637 τεταγμένης
1030 1577 1256 1633 ἀποφορῆς.
1306 1580 1424 1630 Equi-

768 1642 853 1679 dem
875 1642 924 1677 ad
942 1654 1041 1678 κατα
1055 1634 1176 1691 λόγον
1194 1639 1330 1675 referre
1347 1650 1426 1674 ma-

766 1697 828 1735 lim
858 1697 1076 1746 genitivum3
1105 1699 1146 1732 ut
1176 1694 1427 1743 unusquisque

766 1758 911 1792 tantum
976 1751 1117 1790 solvere
1187 1750 1425 1798 intelligatur,

768 1814 945 1860 quantum
982 1821 1050 1859 pro
1087 1807 1231 1845 ratione
1270 1807 1425 1843 universi

768 1867 895 1904 tributi
920 1878 1035 1912 nunc,
1086 1864 1262 1901 diminuto
1292 1863 1425 1901 scilicet

770 1923 953 1970 dominio,
987 1921 1125 1958 solvere
1143 1933 1211 1970 par
1230 1924 1299 1957 est.

826 1977 955 2019 δοκέει
974 1976 1017 2017 δέ
1035 1992 1102 2028 μοι
1127 1976 1317 2015 ἐνθεῦτεν
1333 1990 1425 2027 γεω-

769 2037 905 2087 μετρίη
927 2031 1154 2087 εὑρεθεῖσα]
1177 2034 1260 2077 Quo
1282 2046 1327 2070 ex
1344 2033 1424 2069 loco

768 2092 951 2131 Herodoti
996 2091 1152 2142 profecti
1187 2089 1285 2126 haud
1320 2089 1425 2140 pauci

768 2155 929 2188 veterum
943 2147 1182 2198 geometriam
1198 2159 1241 2184 ex
1251 2144 1424 2196 Aegypto

767 2206 965 2257 repetitam
1012 2204 1244 2241 tradiderunt
1261 2231 1272 2250 ,
1331 2215 1424 2252 quos

766 2263 895 2300 laudat
914 2261 1064 2309 Menag.
1091 2261 1139 2297 ad
1165 2260 1276 2308 Diog.
1300 2258 1423 2297 Laert.

767 2319 858 2367 Vll,
885 2321 947 2360 11.
1005 2316 1129 2366 Atque
1157 2317 1304 2353 Servius
1331 2328 1425 2365 quo-

767 2389 840 2425 que
866 2376 914 2412 ad
942 2373 1071 2423 Virgil.
1104 2373 1235 2422 Eclog.
1264 2372 1337 2420 III,
1368 2370 1423 2412 41

766 2432 842 2471 Nili
873 2431 1154 2477 inundationes,
1182 2430 1312 2479 quibus
1334 2441 1424 2479 pos-

769 2489 972 2527 sessionum
999 2487 1145 2525 termini
1172 2486 1309 2524 suerint
1336 2498 1424 2522 con·

767 2547 861 2593 susi,
892 2548 977 2595 post
993 2543 1214 2590 renovandi,
1243 2544 1291 2580 ad
1308 2545 1423 2579 artem

769 2602 1027 2652 geometricam
1064 2600 1321 2638 inveniendam
1358 2610 1424 2635 va-

768 2660 876 2696 luisse
913 2658 1046 2695 scribit.
1106 2657 1180 2700 Qui
1224 2656 1270 2693 ab
1300 2656 1424 2692 Hero-

767 2717 857 2753 doto
876 2715 1072 2752 dissentire
1096 2714 1289 2759 videntur,
1319 2712 1343 2748 ii
1367 2715 1423 2748 ta-

767 2785 852 2810 men
872 2776 909 2809 et
924 2771 993 2821 ipsi
1013 2771 1061 2807 ad
1095 2769 1306 2820 Aegyptum
1334 2768 1422 2804 artis

767 2829 1013 2866 inventionem
1042 2827 1226 2873 referunt,
1250 2825 1423 2862 remotio-

768 2885 940 2933 ribusque
958 2896 1002 2921 ex
1020 2883 1245 2932 temporibus
1266 2893 1345 2918 eam
1365 2893 1423 2917 re-

768 2943 911 2992 petunt.
968 2938 1109 2984 Quibus
1127 2940 1327 2976 adnumero
1337 2935 1422 2973 Pla-
