1759 3324
329 252 415 293 594

720 243 1192 287 HERODOTI

332 356 539 416 Αἰγύπτῳ
570 355 813 413 ἐσέρχονται
843 360 1003 412 μοῦνοι
1038 353 1237 397 πάντων·
1278 350 1381 396 οὐδέ
1411 362 1491 407 σφι
1519 351 1590 395 ἐκ·

334 439 538 482 δίδοσθαι
566 436 789 492 θυγατέρα
819 434 965 485 οὐδεὶς
1002 432 1160 485 ἐθέλει,
1204 430 1303 476 οὐδ’
1334 431 1518 487 ἄγεσθαι
1547 430 1590 483 ἐξ
1602 434 1647 470 25

336 515 503 560 αὐτῶν·
534 513 631 559 ἀλλ’
663 515 909 559 ἐκδίδονταί
936 529 980 557 τε
1011 514 1054 556 οἱ
1086 515 1278 567 συβῶται
1307 512 1380 554 καὶ
1410 510 1591 566 ἄγονται

305 595 379 648 Ξέξ
409 593 615 650 ἀλλήλων.
662 598 774 636 τοῖσι
802 593 881 648 μέν
903 609 988 635 νυν
1018 590 1185 634 ἄλλοισι
1212 595 1354 633 θεοῖσι
1382 589 1513 633 θύειν
1536 583 1591 639 ὗς

336 673 391 718 οὐ
427 675 641 716 δικαιεῦσι
670 670 922 726 Αἰγύπτιοι·
980 669 1154 726 Σελήνῃ
1195 669 1242 712 δὲ
1277 669 1350 712 καὶ
1381 668 1592 724 Διονύσῳ
1635 671 1715 710 127

337 749 564 809 μούνοισι,
601 753 682 794 τοῦ
709 748 847 794 αὐτοῦ
876 748 1065 805 χρόνον,
1101 751 1155 803 τῇ
1186 745 1296 804 αὐτῇ
1324 746 1595 805 πανσελήνῳ,

284 995 376 1033 opus
390 980 459 1018 hac
474 977 668 1031 particula,
679 989 789 1027 quam
812 977 933 1029 scripti

284 1038 368 1076 libri
395 1049 471 1074 non
496 1038 708 1085 agnoscunt.
765 1033 824 1073 De
846 1035 933 1085 ipsis

285 1093 441 1133 subulcis
461 1092 542 1142 (qui
561 1091 669 1130 etiam
690 1095 936 1128 memorantur

284 1151 333 1198 ΙΙ,
355 1150 456 1197 164)
471 1149 595 1186 infimo
618 1147 698 1184 loco
719 1147 851 1184 habitis
875 1159 933 1198 ap.

286 1206 486 1257 Aegyptios
497 1234 508 1253 ,
526 1204 596 1242 alia
614 1203 764 1240 aliorum
782 1204 937 1253 scripto-

287 1277 366 1302 rum
380 1261 588 1301 testimonia
607 1260 856 1310 suppeditabit
863 1260 939 1295 Bo-

288 1319 400 1359 chart.
425 1317 631 1356 Hierozoic.
649 1316 696 1363 ΙΙ,
714 1316 767 1356 57
785 1329 820 1366 p.
844 1317 939 1357 707.

288 1375 344 1415 Ac
364 1375 563 1413 tenendum
593 1377 670 1420 est,
703 1372 940 1421 agriculturae

289 1431 563 1484 promovendae
584 1433 621 1467 et
640 1429 798 1466 tuendae
820 1439 939 1474 causa,

290 1488 348 1527 cui
373 1487 528 1525 maxime
552 1489 734 1524 assuetam
755 1489 792 1522 et
810 1484 941 1521 adstri-

290 1549 385 1583 ctam
406 1543 584 1581 voluerint
610 1542 816 1579 sacerdotes
833 1540 943 1590 legis-

290 1600 424 1639 latores
451 1603 598 1649 gentem
620 1597 861 1647 Aegyptiam,
891 1596 942 1633 vi-

292 1661 368 1695 tam
394 1655 619 1707 pastoritiam
648 1658 757 1703 atque
779 1652 944 1690 nomadi-

294 1725 374 1751 cam
388 1712 484 1750 reiici
496 1741 506 1759 ,
528 1715 568 1748 ut
584 1711 677 1748 adeo
696 1710 841 1747 infamia
853 1722 944 1758 qua-

294 1770 379 1807 dam
401 1772 572 1806 notentur
595 1767 642 1814 ii,
672 1766 733 1815 qui
753 1766 833 1803 huic
848 1766 944 1802 vitae

295 1825 421 1875 generi
453 1837 534 1862 sese
564 1823 736 1870 dicarint,
774 1823 946 1871 quoniam

294 1882 333 1918 in
362 1881 460 1930 agris
485 1880 552 1917 rite
587 1879 750 1916 colendis
783 1879 946 1915 sedibus-

296 1950 368 1987 que
385 1936 498 1974 firmis
518 1936 704 1985 capiendis
726 1935 840 1971 omnis
859 1947 947 1971 con-

297 1994 404 2031 sistat
428 1993 481 2030 rei
508 1991 674 2042 publicae
709 1990 804 2027 salus
836 1996 946 2039 atque

297 2049 388 2086 ordo
409 2077 420 2095 ‚
470 2047 612 2096 qualem
656 2047 862 2084 sacerdotes
898 2045 948 2082 illi

297 2104 452 2142 maxime
474 2107 704 2140 sectarentur.
733 2102 950 2139 PluraHee-

298 2173 374 2198 ren.
397 2160 509 2196 Ideen
528 2158 583 2206 ΙΙ,
599 2162 625 2200 2
645 2171 732 2208 pag.
749 2160 826 2199 159
846 2171 950 2207 seqq.

299 2215 377 2254 coll.
401 2216 493 2256 150.

358 2266 452 2310 ου’δέ
474 2282 548 2319 σφι
567 2268 801 2308 ἐκδίδοσθαι
827 2273 951 2320 θυγα-

300 2325 393 2377 τέρα
416 2341 451 2366 κ.
478 2341 510 2364 τ.
533 2324 580 2375 λ]
619 2325 678 2363 De
711 2325 952 2363 locutionibus

301 2383 534 2425 ἐκδίδοσθαι
560 2380 760 2433 θυγατέρα
799 2386 836 2418 et
864 2379 951 2435 ἄγε-

303 2443 402 2480 σθαι
430 2439 525 2477 conf.
557 2442 633 2474 not.
662 2438 710 2474 ad
740 2438 779 2485 l,
796 2437 861 2478 34.
885 2440 950 2479 59.

305 2497 371 2534 Cr.
400 2494 554 2533 conferri
579 2493 659 2530 vult
683 2494 876 2531 Heindorf.
904 2494 951 2530 ad

302 2552 443 2590 Platon.
463 2550 580 2599 Gorg.
604 2562 690 2599 pag.
711 2549 952 2591 226.——Pro

304 2606 527 2648 ἔκδίδονται
547 2610 585 2644 et
605 2602 767 2658 ἄγονται
784 2606 953 2654 Schwgh.

305 2669 344 2704 et
371 2664 488 2701 Gaiss.
522 2675 566 2700 ex
588 2674 661 2698 uno
687 2661 778 2699 libro
806 2675 955 2712 recepe-

304 2724 389 2759 runt
410 2714 630 2759 ἒκδιδόαται
653 2722 764 2767 atque
784 2713 953 2769 οἶγέαται.

305 2776 485 2826 Equidem
494 2775 678 2824 vulgatam
697 2774 887 2811 lectionem
898 2787 955 2811 re-

305 2833 483 2882 liquorum
499 2831 669 2868 librorum
681 2843 859 2867 consensu
870 2843 957 2879 pro-

307 2890 431 2928 batam
453 2888 597 2927 retinui.
653 2887 762 2924 Conf.
790 2887 830 2934 1,
859 2888 952 2929 209.

1001 976 1079 1015 Sed
1104 969 1237 1014 αὐτῶν
1267 975 1392 1026 scripsi
1422 987 1503 1013 cum
1533 975 1652 1013 Gaisf.

1002 1046 1070 1084 pro
1097 1027 1236 1071 αὗτὲω
1248 1047 1282 1070 ν.

1059 1083 1218 1143 Σελήνῃ
1232 1086 1274 1127 δὲ
1284 1087 1350 1127 καὶ
1359 1084 1544 1141 Διονύσῳ
1557 1083 1654 1140 μού·

1004 1157 1110 1185 νοισι
1131 1161 1166 1184 κ.
1185 1160 1216 1184 τ.
1236 1144 1287 1195 λ.]
1330 1145 1464 1182 Auctor
1493 1149 1548 1182 est
1580 1143 1656 1182 Ae-

1005 1201 1122 1239 lianus
1144 1201 1194 1239 N.
1218 1202 1262 1238 A.
1285 1201 1339 1248 X,
1372 1203 1423 1242 16
1449 1201 1653 1251 Aegyptios

1007 1259 1118 1296 semel
1135 1259 1328 1307 quotannis
1339 1257 1465 1295 Lunae
1485 1270 1585 1295 suem
1597 1269 1656 1294 sa-

1004 1316 1165 1353 crificare
1183 1314 1307 1351 solitos
1328 1327 1428 1361 esse;
1459 1314 1559 1351 cuius
1578 1326 1658 1350 mo-

1004 1372 1054 1408 ris
1075 1383 1223 1418 causaS,
1252 1376 1331 1408 tum
1351 1371 1397 1407 ab
1415 1370 1492 1407 aliis
1511 1374 1588 1407 tum
1609 1369 1656 1407 ab

1005 1428 1160 1464 Eudoxo
1191 1427 1352 1477 prolatas
1381 1427 1478 1464 idem
1508 1427 1658 1464 subiun-

1007 1485 1071 1533 git.
1128 1483 1287 1521 Maxime
1303 1497 1390 1521 vero
1411 1483 1480 1520 huc
1498 1483 1660 1534 pertinet

1008 1540 1191 1577 Plutarchi
1202 1539 1299 1576 locus
1316 1540 1363 1577 de
1382 1539 1426 1576 Is.
1444 1543 1555 1588 atque
1569 1538 1657 1576 Osi-

1010 1597 1089 1633 ride
1109 1608 1195 1646 pag.
1216 1597 1311 1643 353,
1330 1595 1373 1632 F.
1402 1596 1498 1643 354,
1516 1594 1550 1632 A
1566 1607 1658 1644 seq.,

1010 1652 1071 1690 ubi
1097 1665 1197 1688 suem
1218 1653 1330 1688 refert
1351 1653 1557 1689 sacerdotes
1584 1651 1659 1689 exi-

1012 1709 1158 1746 stimare
1176 1708 1305 1744 animal
1327 1721 1349 1745 a
1367 1708 1476 1745 sacris
1488 1707 1658 1753 alienum,

1011 1766 1181 1815 quoniam
1202 1765 1354 1802 maxime
1375 1769 1478 1802 coeat
1493 1764 1578 1801 luna
1594 1765 1660 1801 de-

1011 1825 1194 1859 crescente
1211 1821 1444 1870 eiusdemque
1462 1821 1517 1858 lac
1533 1821 1660 1857 biben-

1011 1878 1108 1915 tibus
1133 1877 1270 1927 lepram
1298 1877 1429 1915 afferat
1453 1881 1564 1926 atque
1583 1889 1662 1913 sca-

1012 1934 1119 1970 biem.
1161 1934 1272 1977 Quod
1292 1947 1378 1971 vero
1398 1933 1510 1971 semel
1529 1934 1566 1970 in
1582 1932 1662 1983 ple-

1013 1990 1150 2026 nilunio
1175 2003 1274 2027 suem
1302 1989 1474 2041 Aegyptii
1502 1992 1664 2027 mactent

1014 2046 1300 2094 comedantque,
1339 2046 1408 2084 hoc
1434 2047 1482 2083 ad
1512 2045 1663 2095 Typho-

1018 2115 1101 2139 nem
1127 2107 1315 2152 spectare,
1351 2103 1413 2152 qui
1442 2102 1550 2152 plena
1578 2101 1664 2138 luna

1019 2171 1117 2195 suem
1126 2171 1346 2208 persequens
1357 2158 1514 2207 ligneam
1531 2169 1663 2204 arcam,

1019 2215 1091 2263 qua
1128 2214 1282 2251 Osiridis
1321 2227 1452 2264 corpus
1488 2213 1663 2250 inclusum

1018 2270 1144 2317 fuerit,
1173 2271 1350 2307 invenerit
1373 2270 1533 2319 illudque
1554 2270 1665 2306 disie-

1020 2326 1121 2363 cerit.
1177 2325 1246 2362 Est
1265 2326 1322 2363 hic
1340 2325 1462 2376 procul
1479 2326 1592 2362 dubio
1614 2325 1664 2364 ἱε-

1018 2378 1087 2433 ρὸς
1115 2377 1230 2433 λόγος
1243 2410 1252 2428 ,
1306 2395 1414 2431 quem
1454 2382 1667 2419 Herodotus

1018 2437 1192 2485 religione
1210 2438 1404 2487 impeditus
1420 2440 1586 2488 proferre
1598 2451 1666 2475 no-

1017 2494 1092 2530 luit.
1121 2495 1273 2543 Spectat
1285 2507 1369 2531 vero
1385 2495 1455 2531 huc
1466 2523 1476 2541 ,
1493 2498 1666 2532 monente

1022 2550 1084 2587 Cr.
1103 2549 1287 2598 (Symbol.
1300 2551 1348 2587 ΙΙΙ
1364 2564 1399 2600 p.
1411 2552 1526 2599 332),
1543 2552 1665 2600 imago

1019 2606 1084 2642 viri
1110 2619 1188 2643 cum
1217 2620 1296 2654 sue,
1328 2619 1421 2655 quae
1446 2607 1481 2643 in
1504 2608 1666 2644 Zodiaco

1020 2662 1056 2699 T
1060 2666 1266 2710 entyrorum
1298 2664 1533 2713 conspicitur,
1582 2677 1667 2713 spe-

1021 2722 1120 2756 ctant
1138 2718 1206 2754 huc
1224 2718 1447 2756 Graecorum
1466 2732 1581 2766 sacra,
1603 2719 1668 2768 qui

1020 2774 1151 2811 Bacchi
1176 2774 1326 2811 infesto
1353 2788 1454 2812 suem
1475 2775 1561 2814 hirci
1586 2775 1666 2811 loco

1021 2835 1200 2875 mactant,
1222 2832 1424 2880 eodemque
1444 2833 1521 2870 sere
1542 2831 1669 2870 referri

1019 2900 1131 2938 posse
1157 2887 1325 2924 videntur
1361 2901 1463 2926 suum
1493 2888 1669 2926 sacrificia
