1777 3324
376 249 461 289 888

780 247 1250 287 HERODOTI

350 354 545 414 ὅταύτην
583 357 662 414 τὴν
703 359 901 414 Λαδίκην
925 391 936 410 ,
993 358 1052 409 ὠς
1100 356 1359 413 ἐπεκράτησε
1401 356 1641 414 Καμβύσης

377 434 628 492 Αἰγύπτου,
659 437 733 481 καὶ
763 437 949 482 ἐπύθετο
981 435 1115 494 αὐτῆς
1142 437 1170 493 ἤ
1199 453 1263 487 τις
1292 438 1380 492 εἴη,
1421 435 1640 491 ἀπέπεμψε
1653 443 1699 477 90

222 515 322 561 182
380 513 534 559 ἀσινέα
562 516 605 568 ἐς
636 515 859 573 Κυρήνην.
914 514 1117 572 Ἀνέθηκε
1147 515 1193 558 ὁὲ
1225 515 1297 559 καὶ
1328 514 1590 571 ἀναθήματα
1619 513 1642 558 ὁ

47 579 134 615 Quae
200 579 326 608 donaria

47 615 155 676 &uibus
205 615 325 649 templis
371 591 551 650 ’Ἀμασις
580 595 623 646 ἐς
656 595 736 651 τὴν
771 593 975 638 Ἑλλάδα·
1035 598 1167 638 τοῦτο
1198 595 1301 649 μὲν,
1353 594 1396 645 ἐς
1434 593 1646 650 Κυρήνην

80 647 199 675 raeciae
207 647 326 675 dederit

51 681 188 709 Amasis:
249 685 324 708 tem·
382 672 554 729 ἄγαλμα
592 673 826 729 ἐπίχρυσον
872 671 1125 729 Ἀθηναίης,
1178 673 1253 717 καὶ
1293 673 1440 718 εἰκόνα
1479 673 1645 717 ἑωυτοῦ

47 716 129 751 plum
148 713 226 749 quod
236 714 325 742 Lindi

47 752 95 776 est
111 748 287 781 Minervae,
306 755 325 774 a

47 782 146 809 „am
205 781 324 808 filiam„
381 756 531 808 γραφῇ
561 753 842 809 εἰκασμένην·
889 755 1023 794 τοῦτο
1055 751 1100 794 δὲ
1120 783 1132 804 ,
1184 755 1237 809 τῇ
1268 752 1314 796 ἐν
1344 754 1490 810 Λίνδῳ
1515 751 1646 808 Ἀθη-

51 817 232 843 exstructum
244 824 251 841 ε
265 815 324 848 Cy-

49 848 175 884 prusab
188 848 327 875 Amaside
382 832 485 887 ναίῃ
517 830 598 874 δύο
627 847 671 874 τε
701 829 927 887 ἀγάλματα
957 831 1131 882 λίθινα,
1172 830 1246 873 καὶ
1283 830 1467 887 θώρηκα
1505 833 1703 874 λίνεον95

48 883 176 918 primum
201 889 328 918 occupa-

49 922 91 945 ta·
355 908 670 965 Ξᾶξιοθέητον·
711 913 842 953 τοῦτο
880 906 939 960 δ’,
982 908 1025 959 ἐς
1052 907 1210 963 Σάμον
1246 913 1300 966 τῇ
1329 907 1446 967 “’Ήρῃ
1478 909 1650 960 εἰκόνας

381 988 550 1031 ἑωυτοῦ
581 989 788 1044 διφασίας
819 988 1015 1040 ξυλίνας,
1056 990 1101 1031 αἳ
1139 988 1187 1031 ἐν
1216 991 1277 1045 τῷ
1306 992 1398 1048 νηῷ
1427 992 1488 1047 τῷ
1518 987 1647 1045 μεγά-

382 1072 444 1128 λῳ
486 1067 669 1124 ἱδρύατο
711 1067 772 1111 ἔτι
809 1067 884 1111 καὶ
921 1066 970 1110 τό
1012 1067 1159 1123 μέχρις
1198 1067 1322 1122 ἐμεῦ,
1367 1068 1523 1111 ὄπισθε
1561 1072 1649 1111 τῶν

352 1147 570 1204 ὃθυρέων.
617 1146 661 1198 ἐς
689 1145 769 1203 μέν
795 1163 881 1190 νυν
910 1144 1070 1202 Σάμον
1110 1143 1294 1203 ἀνέθηκε
1335 1146 1445 1190 κατα
1486 1147 1648 1202 ξεινίην

380 1227 462 1285 τὴν
490 1228 658 1272 ἑωυτοῦ
685 1241 731 1270 τε
758 1226 833 1271 καὶ
862 1224 1170 1282 Πολυκράτεος
1198 1230 1278 1271 τοῦ
1301 1226 1507 1278 Αἰάκεος·
1540 1228 1582 1278 ἐς
1602 1225 1649 1270 δὲ

328 1448 383 1485 bit
400 1448 504 1485 vulta
524 1451 625 1485 extra
644 1447 760 1486 urbem
777 1459 887 1495 verso,
906 1447 982 1485 sive

1109 1450 1156 1502 τῇ
1203 1447 1247 1488 ἐν
1291 1448 1431 1502 Λίνδῳ
1483 1444 1705 1502 Ἀθηναίῃ]

327 1508 534 1554 spectantem
594 1505 672 1543 loca
738 1505 947 1543 suburbana.
960 1505 984 1523 “
1052 1505 1165 1544 Haud
1192 1506 1430 1556 praetermitti
1458 1505 1589 1552 debet,
1628 1505 1709 1542 Da-

335 1560 605 1611 Wesseling.

471 1691 844 1742 Cap.CLxxxn.

416 1771 550 1814 εἰκόνα
566 1798 621 1803 —
646 1777 788 1829 γραφῇ
811 1774 987 1826 εἰκασμέ-

330 1834 434 1882 νην]
467 1832 505 1868 id
528 1836 604 1870 est:
634 1835 822 1881 imaginem
839 1831 988 1882 pictura.

330 1888 583 1936 assimilatam,
613 1894 653 1926 nt
677 1890 798 1927 reddit
819 1889 985 1938 Schwgh.

333 1945 442 1982 Conf.
462 1958 572 1996 supra
591 1945 625 1982 ll
638 1977 648 1993 ‚
668 1947 734 1986 73.
792 1946 988 1984 Caeterum

331 2001 402 2038 hoc
421 2015 464 2039 ex
480 2002 559 2038 loco
580 2002 626 2038 G.
643 2002 844 2039 Hermann.
869 2003 988 2050 (cuius

332 2057 450 2094 locum
497 2059 691 2108 adscripsit
744 2058 774 2095 C
789 2071 840 2095 r..·

332 2113 512 2151 Boeckh’s
536 2114 714 2152 Behandl.
746 2116 782 2151 d.
810 2114 990 2152 Inschrift.

332 2181 419 2219 pag.
440 2172 543 2218 203)
580 2170 785 2215 concludit,
831 2172 903 2208 iam
930 2172 990 2209 illa

334 2228 458 2262 aetate
488 2227 649 2275 privatos
682 2227 846 2264 homines
874 2241 991 2277 aeque

335 2292 379 2317 ac
395 2293 502 2329 reges
523 2294 607 2318 suas
619 2282 795 2330 imagines
809 2287 991 2321 statuasve

338 2336 581 2374 elaborandas
596 2350 742 2374 curasse
760 2338 913 2386 aliisque
925 2340 992 2375 ho-

336 2392 433 2429 noris
456 2393 559 2441 quasi
585 2405 694 2430 causa
714 2394 882 2431 donasse.
914 2395 990 2431 Sed

335 2448 455 2485 iudice
472 2448 635 2486 Boeckh.
661 2450 719 2496 (in
744 2462 840 2500 corp.
865 2451 991 2487 inscrr.

337 2505 490 2542 Graece.
509 2504 545 2551 Ι,
564 2506 590 2545 3
620 2518 658 2555 p.
677 2507 778 2553 872)
806 2518 891 2543 cave
915 2519 992 2543 cre-

340 2561 406 2597 das
432 2560 470 2596 in
500 2561 643 2610 publico
677 2565 815 2598 statuas
850 2563 991 2613 positas

340 2629 423 2653 esse
441 2616 488 2653 ab
508 2616 679 2655 Amaside
697 2617 847 2654 Graecis
876 2618 914 2654 in
945 2618 994 2654 ci-

337 2672 532 2720 vitatibus,
561 2686 640 2710 cum
671 2672 855 2721 religionis
886 2687 994 2711 causa

339 2727 416 2765 illas
440 2728 477 2765 in
498 2729 633 2778 templa
656 2730 838 2767 dicaverit.
856 2752 911 2757 —
936 2730 992 2768 De

341 2784 482 2820 thorace
514 2784 632 2831 lineo,
671 2786 771 2822 cuius
796 2786 918 2823 statim
950 2786 992 2822 fit

342 2841 502 2887 mentio,
533 2842 625 2878 conf.
647 2841 786 2879 Herod.
804 2842 875 2888 ΙΙΙ,
890 2843 944 2883 47
956 2847 991 2879 et

342 2896 433 2934 Plin.
454 2897 488 2933 h.
508 2909 543 2934 n.
562 2897 664 2944 xlx,
691 2902 724 2938 1.

899 2060 989 2097 iiber

1053 1562 1203 1609 naidas,
1234 1575 1330 1611 quae
1349 1561 1644 1612 Thesmophoria
1669 1561 1707 1598 in

1056 1619 1247 1655 Graeciam
1276 1618 1518 1655 introduxisse
1547 1619 1711 1654 feruntur

1056 1675 1138 1723 (11,
1163 1676 1297 1723 171),
1344 1674 1532 1712 Minervae
1561 1686 1710 1723 quoque

1055 1744 1158 1768 sacra
1185 1731 1432 1781 antiquissima
1446 1731 1484 1767 in
1502 1730 1625 1767 Lindo
1653 1730 1709 1766 in-

1056 1789 1219 1825 stituisse
1240 1788 1323 1833 dici,
1341 1801 1384 1825 ex
1395 1787 1564 1837 Aegypto
1583 1791 1619 1823 et
1631 1787 1712 1835 qni-

1058 1845 1143 1882 dem
1176 1857 1221 1882 ex
1260 1845 1350 1882 urbe
1378 1844 1464 1891 δεῖ,
1502 1844 1555 1880 uti
1580 1843 1711 1893 opinor

1056 1901 1160 1948 (nam
1180 1901 1331 1950 insignis
1350 1900 1440 1937 haec
1459 1900 1543 1936 urbs
1563 1900 1709 1948 religio-

1056 1958 1160 1995 nibus
1180 1958 1286 1994 Isidis
1298 1957 1436 1995 -Neith
1448 1970 1475 1993 s.
1487 1955 1708 2004 Minervae),

1056 2014 1126 2051 huc
1148 2014 1256 2051 allata
1283 2017 1319 2052 et
1351 2013 1437 2050 inde
1467 2026 1534 2063 per
1565 2025 1710 2050 omnem

1058 2071 1250 2108 Graeciam
1270 2075 1487 2120 propagata.
1546 2068 1626 2107 Nee
1646 2068 1711 2105 ab-

1056 2126 1181 2164 horret
1203 2156 1214 2174 ,
1249 2127 1350 2176 quod
1387 2126 1432 2162 ab
1471 2125 1552 2176 ipso
1579 2125 1711 2161 Danao

1058 2183 1232 2233 templum
1255 2183 1439 2220 conditum
1449 2181 1610 2218 nonnulli
1623 2181 1712 2218 scri-

1058 2240 1162 2276 bunt.
1221 2239 1302 2276 Vid.
1319 2239 1473 2276 Diodor.
1494 2238 1530 2284 Ι,
1552 2238 1619 2283 58,
1649 2237 1711 2275 ubi

1057 2295 1171 2332 multa
1191 2297 1238 2333 de
1266 2295 1335 2332 hoc
1350 2294 1485 2344 templo
1509 2293 1713 2331 VVesselin-

1059 2352 1151 2399 gius.
1211 2351 1287 2387 Sed
1309 2351 1442 2387 Strabo
1459 2350 1546 2386 XIV
1571 2364 1607 2400 p.
1629 2349 1712 2391 655

1060 2419 1088 2442 s.
1108 2409 1203 2453 967,
1224 2407 1255 2442 C
1285 2406 1517 2443 Herodotum
1537 2406 1713 2455 sequitur,

1061 2475 1169 2511 quem
1203 2462 1359 2498 eundem
1397 2463 1490 2498 conf.
1532 2462 1588 2508 ΙΙ,
1621 2464 1711 2502 107.

1064 2522 1139 2558 171
1168 2518 1253 2566 ibiq.
1273 2522 1349 2554 not.
1407 2517 1516 2554 Plura
1543 2518 1712 2555 Creuzer.

1061 2574 1098 2610 in
1119 2574 1281 2621 Symbol.
1305 2574 1337 2610 ll
1365 2587 1401 2623 p.
1425 2576 1507 2614 683
1529 2587 1631 2622 seqq.
1657 2594 1714 2602 ·—

1061 2628 1119 2666 Ad
1139 2625 1300 2678 ἱδρύατο
1319 2630 1554 2667 conf.Matth.
1569 2630 1634 2666 Gr.
1647 2630 1713 2666 Gr.

1061 2699 1098 2736 p.
1119 2687 1214 2727 378.
1273 2686 1315 2722 In
1335 2699 1438 2735 seqq.
1461 2699 1541 2724 cum
1560 2690 1713 2723 recentt.

1061 2742 1147 2779 dedi
1165 2737 1410 2793 ἱδρύσασθαι
1429 2755 1496 2792 pro
1509 2741 1713 2793 ἱδρῦσθαι.

1060 2819 1115 2825 —
1143 2796 1203 2835 Ad
1237 2794 1479 2849 προσχόντας
1515 2799 1609 2835 conf.
1639 2803 1713 2834 not.

1059 2856 1106 2891 ad
1131 2854 1167 2902 l,
1189 2858 1226 2895 2.
