1814 3315
380 259 461 299 158
791 255 1258 297 HERODOTI

382 366 692 418 Πεισίστρατος
720 362 1010 420 ἐπιτεχνᾶται,
1052 365 1164 416 ὅκως
1191 363 1295 422 μήτε
1328 364 1548 408 ἁλισθεῖεν
1577 363 1638 408 ἔτι

347 448 425 489 4οῑ
450 443 694 499 Ἀθηναῖοι,
736 444 1082 501 διεσκεδασμένοι
1122 461 1166 489 τε
1204 442 1301 488 εἶεν.
1362 441 1694 499 α’ναβιβάσαςθὸ

377 524 480 574 τούς
509 522 667 572 παῖδας
697 521 766 565 ἐπὶ
795 523 977 575 ἵππους,
1015 523 1282 579 προέπεμπε·
1336 525 1380 567 οἱ
1418 524 1464 566 δὲ
1504 539 1638 566 κατα-

375 600 672 657 λαμβάνοντες
702 599 804 652 τούς
835 601 1102 658 φεύγοντας,
1133 602 1284 658 ἔλεγον
1312 602 1364 645 τὰ
1394 602 1636 658 ἐντεταλμέ-

375 698 431 725 να
461 678 546 723 ὑπὸ
581 680 919 735 Πεισιστράτου,
949 681 1154 737 θαρσέειν
1183 697 1227 725 τε
1260 680 1530 733 κελεύοντες,
1562 682 1639 725 καὶ

382 760 554 803 ἀπιέναι
593 758 771 811 ἕκαστος
809 761 878 803 ἐπὶ
921 759 975 803 τὰ
1020 760 1199 803 ἑωυτοῦ.

256 768 323 813 64

47 834 173 862 Obsides
191 835 281 868 capti,
292 837 323 859 et

45 871 99 897 mis
87 854 321 896 enixaxumls-el

46 904 75 930 lo
94 903 250 929 domitam.
264 901 320 926 Dc-

46 937 92 963 lus
111 934 320 973 expiatas-Me-

46 971 147 1032 facies
156 974 186 997 et
195 968 318 1002 alnpro-

62 1012 78 1029 u

81 1010 112 1037 τι
376 1014 421 1040 τε
451 1001 672 1047 πολλοῖσι,
703 998 777 1040 καὶ
795 995 1024 1052 χρημάτων
1046 995 1294 1047 συνόδοισι,
1326 999 1415 1039 τῶν
1437 997 1538 1053 μὲν,
1569 995 1643 1040 αὖ·

1269 761 1555 817 Πειθομένων
1594 760 1640 805 δὲ

377 842 464 883 τῶν
501 835 770 894 Ἀθηναίων,
830 837 945 882 οὕτω
985 838 1037 895 δὴ
1077 839 1387 893 Πεισίστρατος
1414 840 1462 883 τὸ
1493 841 1643 895 τρίτον

377 918 490 974 σχὼν
514 916 725 973 Ἀθήνας,
763 917 963 973 έρῤίζωσε
989 917 1069 973 τὴν
1097 918 1337 971 τυραννίδα
1370 916 1668 973 έπικούροισί1

380 1076 543 1131 τόθεν,
582 1079 671 1118 τῶν
701 1075 767 1127 δὲ,
815 1073 898 1118 ἀπό
931 1073 1191 1130 Στρυμόνος
1230 1079 1431 1132 ποταμοῦ
1462 1073 1644 1120 συνιόν-

353 1162 493 1199 Ξτων·

379 1324 402 1339 17
574 1323 585 1338 Ι
691 1325 702 1339 t·
819 1329 837 1338 n
927 1325 948 1341 n

381 1343 482 1375 οκως
529 1341 628 1380 μητε
676 1329 876 1367 αλισθειεν
925 1341 980 1366 ετι

322 1400 358 1425 κ.
387 1400 419 1423 τ.
452 1388 500 1431 λ.]
542 1381 710 1435 μήτε-
731 1398 772 1422 τε
800 1384 869 1421 hoc
899 1383 979 1420 loco

322 1446 398 1479 est:
427 1454 488 1478 nec
519 1442 603 1489 (non
628 1440 737 1477 solum
763 1441 849 1487 non)
872 1461 929 1467 —
947 1444 980 1477 et

324 1498 411 1546 (sed
440 1498 579 1547 etiam).
621 1497 838 1534 Particulam
877 1492 980 1543 ’ὅκως

323 1554 520 1604 Optativus
542 1555 674 1604 excipit
700 1558 851 1604 propter
873 1565 981 1604 prae-

322 1623 407 1648 sens
440 1610 650 1647 historicum
688 1611 838 1660 opinor,
879 1609 981 1657 quod

323 1667 515 1704 antecedit.
547 1667 654 1704 Conf.
673 1666 804 1703 Matth.
824 1664 860 1717 ὃ.
882 1665 978 1713 518,

379 1774 709 1830 ἀναβιβάσας
755 1773 850 1824 τούς
891 1780 980 1816 παῖ-

322 1834 394 1880 δας
424 1834 482 1874 ε’πῖ
525 1832 698 1885 ἵππους]
741 1835 763 1871 i.
791 1847 821 1871 e.
853 1835 980 1883 „filios

323 1891 443 1940 (suos)
483 1894 660 1941 impositos
697 1893 794 1940 equis
827 1893 983 1939 praemi-

323 1949 408 1984 sit.“
464 1948 522 1985 De
545 1948 724 1985 locutione
742 1948 835 1984 conf.
857 1947 886 1994 1,
911 1950 979 1995 60,

322 2004 383 2039 ubi
414 2004 460 2041 de
490 2003 610 2052 Phya:
653 2002 693 2049 ἔς
728 1999 835 2055 ἅρμα
878 2001 981 2054 ε’σβι-

326 2055 519 2110 βάσαντες
555 2060 641 2108 ibiq.
672 2064 748 2096 not.
774 2056 868 2105 τούς
891 2063 981 2098 παῖ-

325 2116 397 2161 δας
424 2116 483 2152 hic
503 2117 549 2153 de
569 2115 650 2152 filiis
681 2116 770 2166 ipsis
790 2115 982 2163 Pisistrati,

324 2184 392 2208 nec
421 2172 468 2209 de
497 2171 601 2219 aliis,
639 2184 672 2208 v.
705 2185 734 2208 c.
762 2172 897 2219 servis,
925 2173 983 2209 in-

324 2227 559 2276 telligendum
583 2227 640 2265 vel
677 2228 762 2265 inde
793 2229 896 2278 sequi
926 2229 980 2265 vi-

325 2284 432 2320 detur
457 2285 558 2332 quod
590 2283 628 2331 I,
661 2287 712 2325 61
745 2283 897 2333 legimus
935 2285 982 2322 de

325 2338 537 2376 Pisistrato:
617 2336 846 2390 ἐβουλεύετο
899 2337 983 2392 ἅμα

325 2399 429 2434 τοῖσι
449 2394 587 2434 παισίν
606 2400 671 2434 etc.
689 2396 771 2435 Nec
792 2397 884 2434 ratio
903 2398 985 2448 ipsa

327 2452 508 2490 abhorret.

379 2506 448 2546 καὶ
493 2503 652 2547 ἀπιέναι
707 2506 868 2556 ἕκαστος
918 2506 984 2548 ε’πὶ

321 2561 370 2604 τοὶ
401 2563 580 2615 ἑωυτοῦ]
614 2564 686 2608 Qui
720 2561 879 2604 α’πιέναι
901 2565 984 2603 infi-

323 2622 473 2659 nitivum
504 2634 570 2671 pro
603 2621 814 2670 imperativo
838 2621 898 2659 hic
924 2635 984 2659 ac-

324 2677 396 2727 cipi
415 2676 562 2724 vohmt,
592 2690 666 2714 non
698 2678 817 2714 minus
847 2678 933 2714 mihi
962 2690 985 2715 a

326 2746 436 2772 sensu
468 2733 536 2769 loci
581 2734 771 2771 aberrasse
807 2733 985 2781 videntur,

327 2801 437 2839 quam
476 2789 520 2836 ii,
571 2789 632 2837 qui
671 2802 750 2825 cum
797 2789 985 2838 Stephano

329 2846 488 2883 scribere
519 2845 647 2882 malint
675 2843 874 2883 ἕκαστον.
914 2845 986 2882 Est

328 2902 424 2940 enim
455 2901 697 2939 nominativus
735 2913 779 2939 ex
818 2900 988 2939 anacolu-

545 1153 740 1212 ὁμήρους
777 1170 822 1198 τε
862 1161 952 1198 τῶν
998 1153 1363 1211 παραμεινάντων
1402 1153 1646 1212 Ἀθηναίων

1046 1326 1144 1365 thiae
1165 1327 1323 1378 quodam
1350 1340 1486 1377 genere
1515 1325 1701 1377 explican-

1048 1385 1138 1431 dus,
1188 1386 1287 1436 apud
1334 1386 1564 1422 Herodotum
1604 1383 1703 1420 haud

1047 1440 1214 1490 insolito,
1245 1443 1291 1479 de
1320 1454 1393 1492 quo
1419 1442 1515 1479 conf.
1537 1441 1586 1477 ad
1597 1440 1626 1488 Ι,
1648 1442 1702 1481 27

1047 1501 1138 1534 nott.

1234 1579 1349 1632 Cap.
1380 1579 1517 1619 LXIV.

1103 1661 1172 1703 καὶ
1221 1659 1436 1732 χρημάτων
1488 1659 1703 1710 συνόδοισι,

1046 1735 1128 1760 των
1157 1717 1250 1770 μὲν,
1296 1716 1494 1769 αὐτόθεν,
1539 1736 1620 1760 των
1660 1718 1706 1759 δὲ

1050 1772 1129 1816 απὸ
1155 1773 1387 1829 Στρυμόνος
1407 1779 1590 1828 ποταμοῦ
1614 1789 1708 1816 συν-

1050 1829 1205 1884 ιόντων]
1249 1834 1305 1870 In·
1332 1835 1565 1885 pecuniarum
1609 1833 1707 1871 redi-

1047 1891 1166 1936 tibus,
1203 1890 1265 1939 qui
1294 1903 1338 1928 ex
1377 1891 1458 1941 ipsa
1492 1889 1611 1927 Attica
1647 1903 1706 1927 re-

1049 1948 1158 1996 gione
1206 1942 1436 1995 (αὕτόθεν)
1471 1947 1708 1995 cogebantur,

1049 2003 1257 2052 respexisse
1276 2007 1364 2053 puto
1381 2003 1611 2040 Herodotum
1629 2015 1708 2039 me-

1049 2059 1135 2096 talla
1168 2058 1328 2106 Lauria,
1378 2060 1476 2096 unde
1516 2063 1708 2107 argentum

1049 2115 1297 2166 proveniebat.
1357 2115 1464 2160 Quae
1484 2117 1632 2164 quidem
1648 2114 1708 2150 illo

1050 2177 1215 2221 tempore
1244 2171 1326 2221 plus
1360 2171 1557 2222 protulisse
1581 2172 1708 2209 viden-

1049 2232 1129 2273 tur,
1161 2240 1271 2276 quam
1302 2228 1473 2278 posthac3
1501 2228 1553 2265 ita
1581 2232 1622 2265 ut
1651 2228 1708 2264 fo·-

1051 2284 1159 2321 dinae
1201 2284 1393 2321 Strabonis
1434 2288 1600 2334 tempore
1628 2296 1708 2323 ,ne-

1052 2339 1193 2388 glectae
1226 2341 1302 2377 fere
1341 2340 1510 2378 iacerent.
1567 2340 1627 2379 De
1650 2339 1708 2376 his

1053 2397 1201 2445 copiose
1221 2396 1404 2443 disseruit,
1433 2401 1607 2435 monente
1627 2395 1709 2444 Cr.‚

1049 2451 1213 2488 Boeckh.
1231 2455 1307 2487 tum
1325 2452 1363 2488 in
1376 2453 1576 2490 Oeconom.
1596 2451 1710 2489 Athe-

1051 2508 1187 2545 nienss.
1209 2506 1227 2543 I
1252 2520 1289 2556 p.
1310 2508 1390 2548 331
1420 2512 1497 2545 tum
1527 2509 1565 2544 in
1596 2521 1708 2558 pecu-

1052 2563 1130 2600 liari
1154 2563 1349 2612 scriptione
1366 2564 1503 2600 inserta
1525 2576 1708 2601 commen-

1050 2623 1129 2656 tatt.
1153 2617 1327 2656 Academ.
1350 2632 1428 2668 reg.
1459 2620 1709 2657 Berolinensis

1052 2687 1136 2713 ann.
1176 2674 1295 2716 1815.
1353 2674 1499 2713 Deinde
1522 2676 1584 2713 ubi
1610 2676 1710 2713 redi-

1051 2736 1111 2768 tus
1159 2729 1298 2768 Noster
1344 2731 1431 2768 dicit
1470 2744 1492 2768 a
1512 2732 1710 2781 Strymone

1053 2786 1162 2825 fluvio
1216 2787 1493 2836 provenientes,
1542 2788 1712 2837 intelligit

1054 2842 1197 2880 metalla
1228 2842 1405 2891 Thracia,
1443 2857 1561 2893 eaque
1586 2856 1710 2890 aurea,

1054 2900 1101 2938 de
1133 2898 1265 2950 quibus
1294 2901 1492 2950 postmodo
1511 2899 1710 2939 Athenien-
