1759 3324
526 258 948 298 EUTERPE.
1004 259 1050 296 II.

1327 262 1410 301 789

144 368 221 414 ’ὑπ’
253 371 355 426 ἐμεῦ
392 369 460 413 ἐπὶ
500 367 686 426 τοιούτῳ
717 367 956 424 πρήγματι,
1005 366 1102 411 τότε
1137 360 1198 410 ὧν
1226 367 1299 410 καὶ
1328 368 1407 424 τὴν

113 453 254 506 4βοῦν
288 447 522 504 ἐκφέρουσι
562 447 604 497 ἐς
643 445 692 489 τὸ
732 451 839 502 φῶς.

901 447 1011 502 φασὶ
1050 445 1134 502 γάρ
1175 446 1227 502 δὴ
1267 443 1404 502 αὐτὴν

142 530 351 584 δεηθῆναι
388 530 468 570 τοῦ
504 525 665 580 πατρὸς
704 527 964 581 Μυκερίνου
1010 523 1398 583 ἀποθνήσκουσαν,

80 711 316 749 celebrabant:
365 709 565 760 Pasiphaes
612 716 733 747 autem

78 768 262 816 flagitiosa
291 766 415 804 fabula
440 773 559 804 ortum
591 768 734 804 duxerit

77 837 120 862 ex
149 824 250 861 verni
285 824 458 873 temporis
491 824 731 871 solemnitate,

76 880 148 930 qua
182 880 220 916 in
253 879 397 930 templis
434 876 509 930 τήν
539 876 731 932 Ὀσίριδος

75 935 243 987 ἔμβασιν
276 936 332 983 εἰς
359 933 434 986 τήν
455 933 625 987 σελήνην
652 943 730 974 3116

75 994 216 1031 56611163
236 994 600 1043 repraesentabant.“
630 994 731 1030 Hac-

73 1054 182 1087 tenus
232 1050 434 1087 Creuzerus
455 1079 466 1095 ‚
513 1051 729 1100 quibuscum

73 1108 225 1153 confer,
265 1119 360 1155 quae
385 1107 421 1142 in
453 1106 650 1156 Symbolic.
680 1106 727 1143 lV

71 1175 158 1213 pag.
180 1166 261 1204 227
282 1176 384 1211 seqq.
416 1162 596 1211 leguntur.
655 1163 728 1206 Qui

71 1219 167 1256 idem
189 1232 209 1256 e
229 1220 471 1256 monumentis
493 1219 726 1268 Aegyptiacis

71 1275 215 1313 fabulae
252 1277 498 1313 testimonium
533 1289 726 1324 quaerens,

69 1331 217 1368 1111116111
241 1332 390 1368 modum
419 1332 557 1381 pergit:
588 1333 725 1378 „Divi-

68 1401 135 1425 nos
162 1395 283 1425 autem
311 1389 469 1425 honores
498 1401 627 1426 vaccae
657 1390 724 1426 im-

66 1445 219 1496 pertitos
238 1445 448 1494 reliquaque
464 1446 602 1491 omnia,
628 1458 723 1494 quae

66 1501 300 1539 Herodoteus
328 1501 426 1538 locus
467 1502 513 1539 de
543 1501 721 1551 Mycerini

66 1557 196 1595 bucula
222 1559 323 1595 sacra
349 1558 478 1605 habet,
519 1559 566 1595 ad
598 1559 720 1595 oculo-

65 1627 145 1651 rum
190 1628 333 1652 sensum
375 1615 523 1665 exponit
568 1616 719 1664 egregia

63 1670 163 1717 icon,
194 1684 302 1720 quam
325 1672 488 1708 Venetiis
515 1677 717 1709 exstantem

66 1740 110 1764 ex
130 1727 269 1764 Pricaei
289 1729 549 1764 commentario
572 1729 620 1764 ad
640 1728 717 1778 Ap-

64 1783 224 1834 puleium
242 1784 456 1821 Herodoteo
479 1784 557 1821 loeo
582 1785 719 1834 primus

64 1840 196 1877 adiecit
212 1840 282 1877 lac.
301 1841 523 1888 Gronovius,
550 1846 719 1890 repeten-

64 1896 223 1945 damque
244 1897 380 1934 curavit
406 1898 442 1933 in
477 1910 541 1934 sua
560 1898 719 1934 editione

63 1952 297 2002 Wesseling.‚
317 1967 413 1990 nunc
427 1967 511 1991 vero
525 1967 634 2002 aegre
653 1954 719 1991 de-

63 2009 260 2046 sideramus
288 2011 324 2046 in
350 2011 509 2048 editione
533 2011 719 2059 Schweig-

61 2064 237 2103 haeuseri.
294 2066 416 2115 Magis
450 2072 569 2103 autem
607 2068 717 2105 debet

61 2134 128 2158 nos
156 2123 346 2160 advertere
366 2123 451 2159 illud
480 2124 580 2172 quod
599 2136 717 2174 nuper

59 2179 257 2215 admodum
279 2180 327 2216 ad
353 2180 603 2217 Herodoteam
632 2193 716 2217 nar-

60 2236 240 2273 rationem
276 2236 493 2273 firmandam
532 2236 713 2286 explican-

60 2291 216 2341 damque
241 2305 284 2329 ex
298 2292 333 2329 Τ
336 2293 492 2330 hebaicis
511 2293 712 2343 hypogaeis

61 2353 232 2385 eruerunt
249 2353 400 2398 arteque
420 2350 571 2399 pictoria
588 2349 713 2387 lineari

61 2404 339 2442 describendum
373 2411 587 2443 curaverunt
613 2407 713 2443 docti

61 2461 351 2509 peregrinatores
367 2462 398 2498 F
401 2462 609 2511 raucogalli.
657 2463 711 2499 llli

62 2517 210 2553 enimin
239 2531 371 2567 opere:
413 2520 637 2568 description
663 2520 710 2557 de

61 2571 216 2622 l’Egypt.
238 2576 376 2623 antiqq.
415 2575 484 2612 vol.
513 2576 543 2611 ll
569 2589 604 2624 p.
631 2578 708 2616 169

62 2627 198 2665 Thebis
229 2633 409 2680 reperisse
450 2645 490 2669 se
530 2637 710 2669 testantur

61 2684 98 2719 111
127 2690 282 2733 angusto
318 2688 477 2724 conclaxi
509 2689 624 2737 quinti
652 2702 709 2726 se-

60 2739 172 2788 pulcri
210 2754 335 2790 regum
383 2756 503 2781 arcam
548 2744 710 2791 feralem,

61 2808 155 2843 quae
177 2799 344 2835 omnibus
371 2800 407 2836 in
435 2801 544 2837 rebus
574 2801 709 2838 descri-

60 2851 173 2900 ptioni
195 2852 427 2892 Herodoteae
447 2869 709 2906 usquequaque

61 2914 285 2956 congrueret.
315 2911 367 2948 Et
389 2913 486 2949 sistit
501 2912 623 2950 tabula
642 2914 708 2950 ad-

802 711 895 748 iecta
942 711 1108 748 buculam
1163 711 1456 760 ingeniculatam‚

801 767 954 804 velatam
974 797 985 815 ‚
1033 768 1217 816 quomodo
1242 768 1454 804 Herodotus

801 824 972 861 describit
999 837 1079 861 cum
1106 825 1207 861 disco
1233 824 1340 861 solari
1362 825 1456 861 111161

800 893 934 917 60111113
952 879 1084 917 locato.
1118 881 1234 928 (Sunt
1251 881 1362 917 verba
1374 881 1453 930 ipsa

801 936 990 973 Gallorum
1011 937 1120 974 haec:
1152 937 1212 984 „il
1231 937 1344 982 suffit,
1361 950 1454 986 pour

798 993 889 1029 ainsi
919 993 997 1030 dire
1018 1022 1029 1040 ‚
1070 995 1117 1030 de
1142 994 1252 1042 jetter
1279 993 1330 1029 les
1360 1006 1452 1041 yeux

796 1062 858 1086 sur
877 1049 912 1086 la
934 1050 1117 1099 peinture,
1140 1050 1231 1086 dont
1250 1062 1343 1086 nous
1367 1063 1451 1099 par-

795 1105 890 1153 lons,
910 1119 1002 1155 pour
1022 1106 1193 1144 s'assurer
1211 1107 1256 1143 de
1269 1119 1335 1142 son
1348 1106 1451 1143 iden-

793 1163 859 1199 1116
880 1175 969 1200 avec
987 1163 1020 1200 le
1046 1163 1158 1200 coffre
1182 1162 1359 1213 sepulcral
1384 1163 1450 1199 de-

795 1219 860 1256 crit
890 1232 958 1269 par
981 1220 1184 1256 Herodote.
1251 1219 1450 1256 L'attitude

795 1276 842 1312 de
862 1275 896 1312 la
914 1277 1073 1324 genisse‚
1103 1275 1137 1312 la
1158 1276 1338 1325 draperie‚
1359 1276 1449 1312 dont

793 1344 860 1368 son
877 1345 983 1382 corps
1005 1338 1060 1369 est
1080 1337 1249 1378 couvert,
1266 1331 1299 1368 le
1318 1332 1448 1380 disque

791 1389 882 1438 pose
903 1395 1005 1426 entre
1025 1388 1077 1425 les
1097 1401 1238 1434 6011165,
1255 1393 1335 1424 10111
1354 1389 1446 1424 dans

789 1450 896 1482 notre
940 1446 1063 1482 dessin
1104 1450 1159 1482 est
1186 1446 1371 1481 conforme
1400 1457 1446 1481 au

789 1501 876 1538 re'cit
895 1502 941 1539 de
964 1501 1222 1549 l'historienf‘)
1261 1501 1364 1538 Haec
1384 1502 1445 1549 qui

788 1557 944 1606 legerit,
994 1559 1025 1595 is
1064 1564 1165 1595 extra
1205 1557 1444 1595 dubitationis

787 1614 903 1651 aleam
933 1615 1005 1651 iam
1036 1616 1194 1664 positum
1230 1615 1443 1664 suspicetur,

787 1671 896 1708 etiam
914 1676 998 1721 post
1016 1672 1153 1708 obitum
1170 1672 1207 1707 111
1231 1671 1366 1707 buculis
1385 1683 1443 1707 se-

787 1727 977 1777 peliendos
1010 1741 1048 1765 se
1073 1740 1218 1765 curasse
1236 1727 1441 1776 Aegyptio-

786 1797 864 1820 rum
887 1784 1026 1833 aliquot
1051 1797 1159 1832 reges
1186 1784 1324 1820 aliosve
1356 1796 1442 1833 pro-

786 1853 899 1877 ceres.
957 1841 1077 1889 Regia
1107 1840 1202 1877 enim
1236 1840 1441 1876 conditoria

785 1897 892 1933 nobis
932 1897 1171 1934 exhibuerunt
1203 1895 1299 1933 illam
1335 1908 1440 1932 arcu-

785 1952 896 1990 lam.“
939 1953 1043 1990 Haec
1060 1954 1283 2000 Creuzerus,
1310 1952 1438 2002 Apidis

785 2010 872 2046 dein
897 2011 1118 2046 mentionem
1146 2009 1298 2055 faciens,
1330 2022 1438 2057 quem

785 2066 893 2103 etiam
914 2066 1162 2115 sarcophagus
1183 2066 1333 2103 buculae
1363 2066 1439 2101 for-

783 2135 878 2159 mam
899 2135 988 2173 prae
1011 2136 1050 2160 se
1079 2125 1200 2160 ferens
1221 2122 1437 2170 designasse

781 2179 951 2229 potuerit.
1008 2178 1126 2226 „Hoc
1173 2179 1203 2216 si
1252 2179 1435 2225 statuas,“

780 2236 903 2286 pergit
920 2236 1124 2272 Creuzerus
1149 2249 1186 2285 p.
1207 2236 1300 2281 130,
1322 2247 1435 2284 „pos-

780 2293 830 2328 sis
850 2305 929 2329 eam
945 2305 1021 2329 rem
1041 2292 1094 2329 ita
1114 2291 1305 2341 explicare,
1324 2296 1363 2327 ut
1378 2305 1435 2329 re-

779 2362 845 2398 ges
856 2348 1059 2398 Aegyptios
1076 2349 1174 2385 dicas
1185 2352 1270 2398 post
1281 2352 1434 2385 mortem

778 2419 902 2442 secum
921 2405 1094 2442 habuisse
1115 2405 1272 2442 bovinae
1293 2405 1434 2442 formae

778 2462 924 2509 cistam,
965 2475 1039 2511 quo
1071 2467 1193 2499 essent
1229 2462 1337 2498 etiam
1363 2461 1433 2497 hoc

776 2523 885 2569 pacto
907 2515 1107 2568 ὁμόταφοι
1130 2513 1344 2568 Ὀσίριδος,
1376 2521 1432 2553 ut-

777 2579 866 2625 pote
892 2576 991 2611 cuius
1013 2574 1242 2611 simulacrum
1261 2573 1351 2624 Apis
1372 2586 1432 2611 es-

778 2632 871 2668 set.“
929 2631 988 2667 Ad
1010 2631 1166 2680 Apidem
1185 2643 1331 2679 quoque
1347 2643 1432 2679 per-

777 2689 869 2725 tinet
898 2688 981 2724 solis
1012 2688 1131 2724 discus
1165 2688 1259 2724 inter
1296 2698 1431 2723 cornua

777 2745 879 2781 bovis
899 2743 1057 2789 locatu53
1087 2743 1126 2780 id
1147 2743 1247 2791 quod
1277 2743 1313 2778 in
1333 2742 1430 2778 haud

775 2801 900 2850 paucis
914 2799 1044 2837 tabulis
1057 2800 1292 2847 iconibusque
1303 2798 1430 2835 etiam-

776 2869 864 2893 num
892 2856 1045 2894 servatis
1073 2857 1199 2893 videre
1221 2855 1326 2900 licet3
1357 2854 1426 2890 vid.

775 2913 998 2952 Creuzerum
1019 2926 1056 2963 p.
1076 2913 1154 2953 137
1179 2915 1254 2948 not.
1279 2911 1370 2950 113-
