1777 3333
23 756 166 785 Gar-mina
181 756 299 795 patriar:

21 792 167 819 Maueros
183 810 192 822 ,
224 795 299 817 antl-

23 826 198 859 quissimum
233 831 300 849 car-

158 862 189 884 et
222 857 302 883 idem

45 892 102 919 uod
114 892 300 920 Graecorum

23 867 92 886 men
110 878 118 892 ‚

53 926 130 954 inus.

229 691 295 737 79

351 253 437 293 660

747 246 1221 288 HERODOTI

352 367 494 418 γαθος
525 359 629 404 ὅσον
658 375 702 403 τε
720 358 859 416 πάντη
885 362 1124 414 πηχυαῖον,
1155 356 1413 413 ἢδίπηχυν·
1446 355 1618 406 δεικνὺς
1664 359 1744 402 140
1775 393 1777 414 1

356 442 401 485 δὲ
432 440 597 496 ἑκάστῳ
627 443 715 482 τῶν
739 437 1017 493 συμποτέων,
1050 437 1161 491 λέγει
1177 453 1186 462 ·
1218 436 1314 489 ,,Ἑς
1337 440 1499 479 τοῦτον
1522 433 1621 489 ὁρέ-
1633 441 1677 476 65

354 555 378 574 ,,
396 537 482 571 ων,
530 518 627 562 πῖνέ
665 534 708 560 τε
747 517 820 560 καὶ
859 517 1034 570 τέρπευ·

1095 517 1211 559 ἔσεαι
1252 515 1336 571 γὰρ
1381 513 1623 557 ἀποθανών

354 602 627 653 ,,τοιοῦτος.“
672 600 818 638 Ταῦτα
846 596 925 650 μὲν
953 594 1070 649 παρὰ
1101 596 1154 638 τὰ
1185 594 1405 651 συμπόσια
1434 597 1620 636 ποιεῦσι.

467 677 698 730 Πατρίοισι
728 674 773 717 ὁὲ
803 675 1040 730 χρεώμενοι
1068 674 1261 728 νόμοισι,
1293 673 1427 717 ἄλλον
1458 670 1620 716 οὐδένα

303 1114 473 1151 seqq.-—
492 1100 602 1138 Nunc
619 1099 834 1138 mumiarum
854 1110 956 1135 arcas

303 1161 420 1211 pictas
440 1187 450 1206 ,
490 1157 614 1206 quales
650 1157 862 1194 Herodotus
892 1156 958 1192 de-

305 1216 448 1261 scribit,
488 1215 526 1250 in
552 1214 723 1251 conviviis
754 1212 958 1262 Aegyptio-

303 1285 385 1310 rum
411 1270 590 1308 adhibitas
617 1283 718 1315 esse3
756 1282 852 1306 nnnc
870 1282 956 1306 vero

305 1329 415 1366 etiam
445 1327 623 1365 eiusmodi
650 1327 865 1364 mumiarum
889 1339 958 1375 pu-

299 1398 388 1436 pas,
430 1384 554 1433 quales
596 1395 640 1420 ex
676 1396 760 1420 osse
797 1382 957 1418 humano

305 1442 448 1489 aliaque
464 1445 568 1490 parte
586 1441 748 1489 corporis
769 1440 958 1476 consectae

304 1498 490 1546 hodieque
507 1497 736 1547 reperiuntur
755 1508 821 1545 per
840 1495 959 1531 Euro-

305 1567 376 1605 pae
396 1566 545 1599 musea,
575 1557 687 1600 atque
702 1552 782 1588 hine
802 1553 958 1589 fortasse

305 1610 475 1660 explicari
491 1622 601 1659 posse
618 1608 767 1646 Luciani
782 1608 849 1655 (de
863 1607 960 1644 luctu

307 1666 344 1717 ἓ.
364 1669 416 1708 21
452 1670 539 1702 tom.
563 1665 632 1702 VII
667 1678 752 1715 pag.
784 1667 865 1706 217
896 1665 954 1701 ed.

305 1723 409 1773 Bip.)
449 1722 598 1769 locum,
639 1722 843 1770 suspicatur
871 1720 959 1757 Blu-

306 1778 493 1816 menbach.
524 1780 560 1815 in
579 1779 651 1815 den
668 1778 866 1826 Beitriigen
895 1789 961 1814 zur

307 1835 550 1884 Naturgesch.
580 1835 615 1872 ΙΙ
644 1848 680 1885 p.
701 1834 780 1875 142
798 1835 903 1884 seq.“

363 1914 495 1970 πάντη
553 1917 773 1969 πηχυαῖον]
833 1912 963 1969 πάντη

307 1976 510 2024 Schweigh.
533 1977 671 2013 reddit:
702 1977 964 2025 οιηηῑ’1ιο,])νον-

307 2046 386 2081 sus,
408 2032 623 2083 plerumque.

481 2145 512 2181 c
525 2157 545 2181 a
555 2158 592 2195 p.
622 2143 794 2181 LXXIX.

365 2227 566 2280 πατρίοισι
596 2225 638 2266 δὲ
667 2224 883 2279 χρεώμενοι
900 2223 964 2267 νό-

311 2296 440 2336 μοισι,
483 2282 603 2323 ἄλλον
634 2280 778 2322 ου’ὁένα
805 2299 840 2322 κ.
860 2300 891 2322 τ.
914 2283 962 2334 λ.]

309 2338 461 2391 νόμους
491 2341 630 2391 priores
656 2341 870 2390 interpretes
902 2354 964 2377 ex-

309 2397 488 2448 plicarunt
537 2396 752 2443 cantilenas,
799 2396 962 2446 hymnos,-

311 2452 677 2502 Schweighaeuserus
694 2454 827 2490 rectius
857 2453 961 2490 intel-

311 2510 398 2547 lexit
424 2512 593 2546 instituta
619 2522 662 2546 ac
696 2522 822 2554 more-93
861 2510 961 2557 quod

312 2566 382 2603 alia
405 2572 443 2602 nt
460 2572 620 2612 taceam,
650 2565 705 2603 vel
724 2578 879 2614 sequens
899 2560 962 2604 νὸ-

312 2637 412 2673 μιμα
430 2622 516 2658 satis
537 2622 691 2659 suadere
706 2622 858 2659 videtur.
894 2622 962 2658 At-

312 2691 384 2728 que
404 2678 550 2715 omnino
576 2678 634 2714 hic
666 2678 767 2715 locus
796 2691 870 2714 non
896 2678 963 2713 mi-

312 2748 382 2771 nus
414 2747 523 2784 quam
550 2747 646 2783 quae
669 2735 891 2772 antecedunt
927 2738 963 2771 et

312 2804 408 2840 quae
440 2791 730 2839 subsequuntur,
770 2791 817 2827 ad
838 2790 964 2838 Aegy-

312 2848 472 2898 ptiorum
490 2847 656 2884 instituta
673 2846 850 2897 pertinet,
882 2859 962 2883 cum

313 2916 409 2953 quae
428 2904 586 2941 carmina
611 2905 712 2954 apud
738 2905 846 2940 istam
870 2915 963 2952 gen-

329 757 653 803 Ξέπικτέωνται.
683 758 795 796 τοῖσι
824 753 934 796 ἄλλα
962 769 1006 797 τε
1036 752 1187 805 ἐπάξια
1218 753 1305 797 ἐστι
1333 751 1521 807 νόμιμα,
1550 752 1624 794 καὶ

360 838 413 892 δὴ
441 836 514 880 καὶ
544 833 698 888 ἄεισμα
730 832 777 876 ἕν
807 831 918 884 ἐστι,
948 832 1104 883 Λίνος,
1136 831 1270 884 ὅσπερ
1299 831 1345 873 ἕν
1375 847 1419 874 τε
1439 832 1624 886 Φοινίκῃ
1636 838 1681 872 70

357 912 556 971 ἄοίδιμός
586 913 674 957 ἐστι
702 911 776 956 καὶ
801 911 847 954 ἐν
876 909 1070 969 Κύπρῳ,
1106 911 1180 954 καὶ
1209 908 1339 967 ἄλλῃ·
1380 908 1490 953 κατὰ
1519 909 1622 965 μέν-

1025 1101 1097 1135 tem
1130 1097 1166 1133 in
1197 1110 1264 1133 usu
1291 1096 1450 1145 fuerint,
1486 1095 1682 1133 contineat.

1026 1149 1169 1201 ἐπάξια
1199 1157 1285 1189 sunt
1314 1152 1574 1199 memorabilia,
1607 1164 1678 1188 me-

1025 1215 1162 1247 morata
1201 1210 1333 1258 (ligna,
1384 1213 1425 1246 ut
1459 1209 1606 1246 minime
1638 1209 1685 1246 sit

1025 1281 1175 1305 necesse
1191 1267 1348 1303 scribere
1375 1260 1684 1316 ἄξιαπηγητὸτα-

1025 1340 1094 1372 τα,
1126 1324 1433 1373 quemadmodum
1462 1322 1576 1360 voluit
1595 1321 1684 1360 Val-

1025 1381 1227 1419 ckenarius.

1081 1492 1233 1540 Λίνος,
1265 1487 1385 1540 ὅσπερ
1409 1490 1452 1531 ἔν
1483 1507 1524 1531 τε
1549 1490 1684 1531 Φοινί-

1025 1566 1075 1605 κῃ
1103 1544 1288 1600 οἷοίδιμός
1321 1547 1424 1598 ἐστι]
1468 1551 1623 1586 Secutus
1646 1549 1685 1586 in

1026 1608 1105 1644 loco
1127 1607 1231 1643 valde
1257 1610 1385 1643 vexato
1416 1606 1620 1654 Schweigh.
1642 1618 1685 1642 ac

1029 1665 1237 1709 Gaissord.,
1268 1675 1359 1711 quos
1390 1662 1498 1700 etiam
1521 1666 1685 1699 secutum

1028 1734 1109 1759 esse
1151 1719 1328 1756 Matthiae
1363 1719 1483 1756 video.
1571 1717 1685 1761 Quod

1029 1778 1124 1815 enim
1164 1776 1315 1813 Reizius
1343 1775 1472 1822 dedit,
1511 1770 1608 1825 ὅπερ
1628 1794 1684 1801 —-

1032 1828 1218 1883 οἶοίδιμόν
1240 1831 1340 1878 ἐστι,
1372 1832 1506 1868 omisso
1535 1843 1685 1882 prorsus

1031 1889 1206 1927 vocabulo
1231 1890 1360 1934 Λίνος
1379 1918 1389 1936 ,
1419 1889 1458 1925 id
1489 1901 1533 1925 ex
1563 1887 1686 1925 conie-

1032 1952 1133 1984 ctura
1152 1945 1386 1993 wesselingii
1412 1945 1534 1995 potius
1562 1943 1680 1991 fluxit,

1033 2016 1143 2053 quam
1181 2002 1351 2038 librorum
1388 2006 1612 2039 vetustorum
1642 2011 1687 2036 ex

1033 2059 1258 2097 auctoritate.
1300 2058 1423 2101 Quare
1443 2059 1553 2095 etiam
1572 2058 1609 2093 in
1628 2069 1687 2093 se-

1035 2116 1227 2165 quentibus
1248 2115 1347 2151 tenui
1370 2114 1542 2151 librorum
1563 2113 1688 2150 lectio-

1034 2185 1134 2209 nem:
1168 2169 1407 2221 συμφέρεται
1429 2168 1471 2208 δὲ
1493 2166 1611 2215 ωὐτὸς
1633 2165 1687 2207 εἶ-

1034 2243 1102 2266 ναι
1129 2224 1198 2266 τὸν
1221 2222 1488 2275 οῖ’Έλληνες,
1516 2226 1580 2263 ubi
1598 2225 1688 2262 Rei-

1033 2284 1108 2320 zins
1150 2297 1170 2321 e
1211 2283 1445 2331 iVesselingii
1482 2283 1688 2320 coniectura

1033 2341 1219 2377 ediderat:
1253 2337 1490 2388 συμφέρεται
1521 2336 1563 2377 δὲ
1584 2354 1684 2377 τωυ-

1032 2393 1073 2434 τὸ
1093 2392 1194 2434 εἶναι
1205 2391 1249 2433 τό
1273 2394 1314 2432 οἷ
1328 2391 1528 2444 ΓΈλληνες.
1547 2395 1687 2445 Scripsi

1031 2453 1190 2500 denique
1211 2464 1292 2487 cnm
1313 2456 1461 2488 recentt.
1473 2452 1600 2498 Λίνος
1616 2465 1685 2502 pro

1028 2511 1178 2555 Λίνος,
1208 2512 1248 2544 ut
1275 2507 1360 2544 olim
1389 2508 1573 2558 vulgatum
1593 2512 1684 2546 erat.

1085 2617 1185 2659 κατὰ
1206 2618 1339 2671 μέντοι
1373 2619 1495 2660 ἔθνεα
1528 2618 1685 2672 οὕνομα

1031 2675 1133 2727 ἔχει]
1165 2677 1189 2713 i.
1211 2690 1241 2714 e.
1266 2690 1332 2727 pro
1355 2677 1503 2715 diversis
1522 2679 1685 2727 gentibus

1028 2733 1201 2770 diversum
1232 2746 1363 2782 quoque
1392 2734 1480 2772 haec
1503 2734 1684 2772 cantilena

1027 2803 1145 2826 nomen
1166 2789 1278 2826 habet.
1294 2790 1568 2828 Distributivum
1579 2803 1685 2828 usum

1027 2846 1305 2896 praepositionis
1327 2843 1427 2886 κατὰ
1438 2848 1622 2897 attigimus
1634 2847 1683 2886 ad

1028 2902 1068 2950 Ι,
1093 2905 1185 2944 196.
