1759 3324
214 518 279 562 13

12 581 133 614 Quanta
155 580 218 608 Nili
243 582 287 608 a!-

11 614 109 642 titudo
150 614 288 650 irrigarit

14 649 180 683 Aegyptum
241 657 289 675 re-

36 687 126 709 naute
173 681 289 711 Moeri;

13 689 68 775 {ab
93 723 122 742 a.
148 716 215 742 1358
251 715 289 742 ad

31 749 90 775 329.

336 242 420 283 504

737 235 1208 278 HERODOTI

335 349 411 392 καὶ
439 349 611 405 Συρίην
640 347 1010 405 ἀργιλωδεστέρην
1041 363 1086 390 τε
1115 346 1189 390 καὶ
1217 344 1468 399 ὑπόπετρον
1496 343 1595 387 ἐοῦ-

338 438 435 471 σαν.

437 504 618 561 ’Ἑλεγου
648 506 694 548 δὲ
728 505 802 548 καὶ
838 504 938 548 τόδε
973 521 1049 560 μοι
1085 504 1192 560 μέγα
1233 502 1468 558 τεκμήριον
1497 503 1655 556 περὶ95

15 785 137 816 quanta,
155 781 291 808 Herodo-

13 817 38 843 ti
55 819 165 842 aetate.
189 814 288 842 Famis

14 848 181 884 periculum
221 855 288 876 esse

343 588 417 640 τῆς
444 583 585 640 χώρης
613 583 773 639 ταύτης
802 585 845 625 οἱ
874 582 1007 636 ἱρέες,
1057 581 1115 634 ὥς
1152 583 1220 626 ἐπὶ
1248 584 1444 636 Μοίριος
1473 585 1598 637 βασι-

347 662 468 714 λέος,
510 662 621 712 ὅκως
659 662 781 704 ἔλθοι
810 659 832 704 ὁ
864 660 1058 716 ποταμὸς
1095 661 1165 705 ἐπὶ
1204 662 1316 705 ὀκτώ
1356 661 1515 718 πήχεας
1550 660 1598 705 τό

138 749 172 779 2·
214 749 287 783 ¹⁰1]
347 741 591 796 ἐλάχιστον,
628 739 807 794 ἄρδεσκε
835 741 1058 794 Αἴγυπτον
1086 739 1166 796 τὴν
1195 741 1345 796 ἔνερθε
1374 742 1599 797 Met-pipios.

315 820 423 863 Ξκαὶ
450 820 591 872 ΙνῙοίρι
625 816 680 862 οὔ
708 833 770 861 κω
810 811 867 874 ἦν
901 817 996 861 ἔτεα
1026 817 1249 862 εἰνακόσια
1277 819 1601 876 τετελευτηκότι,

16 881 209 909 metuendum
264 883 295 907 et

16 915 144 942 Graecis
161 934 171 949 ,

16 948 112 985 pluat,

235 914 293 944 nini

487 1025 599 1074 Cap.
643 1022 744 1060 XIII.

347 1077 452 1128 ’ὅκως
481 1079 595 1119 ἔλθοι
627 1076 847 1130 ὅποταμός
876 1076 942 1118 ἐπὶ

291 1132 394 1177 ὀκτώ
425 1133 576 1189 πήχεας
610 1133 652 1176 τὸ
686 1131 885 1186 ἐλάχιστον
908 1149 943 1173 κ.

292 1209 324 1233 τ.
345 1197 392 1241 λ.]
434 1194 507 1238 Qui
538 1193 769 1230 Herodotum
800 1197 837 1231 et
854 1192 945 1228 haec

295 1254 333 1288 et
357 1264 452 1300 quae
482 1254 683 1299 sequuntur
714 1250 761 1286 de
785 1249 944 1286 sedecim

293 1308 420 1344 cubitis
446 1306 660 1344 scribentem
693 1318 813 1343 errare
843 1304 943 1350 dixit,

292 1363 323 1399 is
343 1377 417 1400 non
436 1365 521 1400 satis
540 1362 699 1412 respexit
718 1365 849 1398 statum
866 1360 943 1398 Nili

294 1423 332 1457 et
348 1424 525 1457 terrarum
541 1418 780 1456 adiacentium
807 1418 853 1454 ob
875 1419 943 1454 flu-

294 1475 341 1511 vii
366 1475 564 1512 alluviones
592 1474 717 1512 crebro
753 1477 942 1520 mutatum,

294 1536 336 1568 ut
355 1531 444 1569 alius
455 1531 524 1568 alio
535 1536 700 1581 tempore
716 1544 797 1568 esse
819 1530 942 1566 videa-

294 1591 363 1624 tur.
401 1587 513 1631 Quod
531 1592 656 1624 contra
676 1586 832 1623 Poeoek.
850 1586 946 1623 bene

296 1648 420 1681 monet
439 1642 624 1691 Larchcr.‚
654 1643 710 1680 cui
727 1643 823 1680 adde
842 1642 945 1679 Ren-

295 1699 382 1737 nelii
407 1700 592 1750 disputata
621 1712 658 1750 p.
684 1698 767 1741 597
795 1701 832 1736 et
851 1710 946 1747 quae

297 1756 345 1793 de
361 1756 462 1793 vario
490 1755 567 1793 Nili
598 1759 693 1792 statu
710 1767 752 1792 ac
770 1754 946 1792 mensuris

297 1813 335 1848 in
386 1812 592 1849 universum
636 1815 865 1862 exponuntur
901 1811 947 1848 ab

299 1868 528 1905 Hartmanno
549 1867 572 1904 l.
598 1867 620 1904 l.
641 1880 728 1917 pag.
749 1870 840 1908 122.
870 1867 950 1904 He-

297 1924 418 1961 rodoti
428 1925 676 1961 auctoritatem
694 1926 771 1961 fere
789 1927 948 1970 tuentur,

299 1979 389 2017 alios
411 1984 450 2016 ut
468 1984 607 2017 taceam
618 2008 629 2026 ‚
643 1979 854 2016 Plutarchus
864 1978 950 2015 Μο-

297 2035 373 2072 rall.
404 2049 441 2085 p.
468 2037 576 2082 368,
602 2035 646 2072 B.
692 2035 825 2072 Strabo
846 2034 950 2071 XVII

298 2104 336 2141 p.
364 2093 496 2138 1136,
527 2091 559 2127 C
591 2104 619 2127 s.
645 2103 731 2141 pag.
751 2092 856 2137 788,
887 2092 950 2139 qui

301 2150 386 2184 ante
403 2146 562 2184 Petronii
583 2151 739 2183 aetatem
757 2147 948 2183 maximam

300 2206 426 2239 narrat
452 2203 561 2239 fuisse
589 2202 830 2250 fertilitatem,
869 2216 948 2239 cum

300 2257 406 2296 Nilus
447 2258 496 2294 ad
522 2261 685 2308 quartum
713 2262 750 2295 et
781 2258 949 2296 decimum

301 2314 458 2352 cubitum
484 2314 722 2359 excrevisset3
771 2315 832 2364 qui
867 2327 948 2352 cum

300 2370 350 2408 ad
367 2374 531 2407 octavum
548 2370 657 2407 modo
676 2370 949 2418 adsurrexisset,

300 2427 435 2464 samem
457 2425 620 2464 evenisse
640 2430 749 2475 atque
778 2426 949 2477 inopiam.

303 2482 388 2525 Quo
412 2481 470 2519 vel
490 2482 656 2519 disertius
677 2481 812 2518 Plinius
831 2484 880 2520 H.
899 2482 948 2520 N.

301 2537 348 2585 V,
367 2540 393 2580 9
421 2536 458 2588 ἓ.
484 2539 535 2579 10
567 2540 699 2574 iustum
724 2539 846 2576 scribit
873 2538 950 2576 Nili

302 2594 562 2631 incrementum
582 2593 726 2630 sedecim
746 2607 826 2632 esse
850 2596 949 2632 cubi-

304 2654 444 2695 torum3
466 2649 496 2686 si
515 2650 630 2687 minus
651 2650 854 2701 sit‚inopia
867 2664 953 2702 pre-

303 2706 353 2743 mi
380 2707 588 2755 Aegyptum
612 2718 655 2743 ac
682 2705 857 2744 laborare.
904 2707 954 2743 Et

302 2762 341 2799 in
358 2761 426 2799 hoc
445 2761 588 2798 sedecim
609 2762 810 2799 cubitorum
829 2776 954 2801 nume-

302 2831 343 2855 ro
361 2831 485 2856 omncs
505 2819 580 2855 fere
599 2818 792 2867 scriptores
809 2820 854 2855 ab
877 2819 955 2856 He-

303 2874 432 2912 rodoto
462 2874 547 2912 inde
574 2886 690 2924 usque
720 2874 769 2912 ad
790 2874 954 2914 Leonem

1007 1021 1215 1060 Africanum
1272 1024 1474 1062 consentire
1535 1031 1661 1064 monet

1008 1079 1139 1117 Ritter.
1162 1080 1354 1117 Erdkund.
1379 1080 1395 1117 I
1422 1094 1459 1130 p.
1482 1081 1584 1128 8383
1615 1095 1658 1120 eo

1010 1137 1107 1174 enim
1139 1149 1231 1186 opus
1270 1149 1372 1184 esse,
1420 1149 1492 1185 quo
1531 1139 1659 1176 messis

1009 1193 1107 1229 bona
1142 1193 1217 1229 fiat.
1277 1193 1376 1236 Quin
1404 1194 1599 1231 etiamnum
1631 1195 1661 1232 si

1010 1248 1120 1286 Nilus
1137 1249 1185 1285 ad
1196 1249 1288 1286 hanc
1299 1262 1414 1298 usque
1421 1249 1661 1298 altitudinem,

1011 1317 1119 1354 quam
1148 1304 1345 1354 legitimam
1382 1305 1502 1344 dicere
1543 1307 1660 1354 liceat,

1010 1362 1182 1410 creverit,
1217 1375 1284 1411 per
1312 1366 1427 1399 totam
1453 1361 1662 1413 Aegyptum

1008 1417 1161 1465 vectigal
1185 1418 1419 1468 pendendum
1437 1432 1529 1457 esse.
1560 1419 1664 1462 Qua-

1010 1486 1051 1511 re
1073 1475 1228 1511 subinde
1256 1475 1359 1521 fieri,
1406 1480 1446 1511 ut
1472 1488 1558 1512 vera
1585 1475 1661 1513 Nili

1009 1531 1187 1566 undarum
1211 1543 1380 1568 mensura
1405 1530 1560 1579 celetur,
1600 1535 1663 1568 aut

1013 1587 1042 1623 si
1062 1586 1180 1623 minor
1209 1587 1275 1634 sit,
1305 1590 1410 1623 aucta
1433 1588 1594 1634 dicatur,
1624 1592 1664 1624 ut

1014 1642 1147 1680 scilicet
1164 1643 1240 1680 iure
1259 1643 1362 1691 quasi
1373 1643 1526 1692 vectigal
1541 1644 1587 1681 ab
1606 1644 1664 1680 in-

1013 1699 1099 1737 colis
1129 1699 1230 1749 posci
1258 1698 1385 1749 possit.
1454 1699 1560 1743 Quae
1583 1700 1665 1750 ipsa

1012 1769 1071 1793 res
1103 1755 1394 1806 peregrinatores
1423 1756 1602 1806 quosdam
1626 1757 1664 1793 in

1013 1813 1178 1850 fraudem
1225 1812 1377 1849 induxit.
1440 1812 1521 1850 Alia
1567 1825 1665 1849 nunc

1017 1869 1132 1906 sciens
1173 1872 1386 1918 praetereo,
1435 1881 1529 1917 quae
1565 1869 1665 1918 apud

1014 1925 1133 1974 ipsum
1148 1923 1328 1960 Ritterum
1344 1924 1417 1972 legi
1434 1924 1565 1961 malim.
1596 1925 1666 1961 Sa-

1015 1981 1060 2017 tis
1079 1980 1172 2017 enirn
1188 1980 1370 2017 Herodoti
1387 1981 1496 2018 fidem
1517 1981 1553 2017 in
1568 1980 1666 2018 hisce

1014 2036 1188 2087 probasse
1207 2036 1313 2072 nobis
1340 2036 1512 2074 videmur.
1568 2037 1667 2073 Hinc

1015 2091 1072 2130 vel
1106 2092 1142 2128 in
1166 2092 1355 2130 Romanae
1384 2093 1513 2130 aetatis
1541 2093 1667 2130 inscri-

1014 2148 1199 2199 ptionibus
1222 2147 1455 2200 Aegyptiacis
1487 2149 1668 2187 invenitur

1017 2204 1153 2243 δικαία
1170 2200 1385 2255 αὐάβασις,
1415 2206 1461 2243 de
1480 2206 1576 2243 iusta
1598 2205 1667 2242 hac

1017 2261 1287 2310 quatuordeeim
1304 2262 1504 2298 cubitorum
1523 2274 1668 2298 mensu-

1017 2329 1069 2354 ra.
1128 2317 1210 2353 vid.
1228 2316 1415 2356 Letronne
1439 2317 1666 2355 Recherches

1018 2386 1079 2410 sur
1098 2372 1258 2423 l'Egypt.
1285 2386 1372 2423 pag.
1393 2376 1488 2415 396.
1536 2373 1669 2411 Decla-

1017 2433 1116 2465 ratur
1134 2428 1223 2466 haec
1241 2442 1387 2479 quoque
1415 2443 1472 2467 res
1501 2430 1670 2478 imagini-

1016 2485 1083 2521 bus
1112 2489 1271 2522 veterum
1296 2485 1580 2536 Aegyptiorum,
1621 2486 1669 2523 de

1018 2541 1147 2589 quibus
1195 2542 1288 2578 conf.
1320 2547 1410 2579 nott.
1441 2542 1488 2578 ad
1514 2542 1571 2589 ΙΙ,
1596 2544 1669 2588 19;

1018 2597 1210 2646 ipsumque
1238 2595 1322 2634 Nile·
1343 2597 1410 2634 huc
1444 2599 1571 2636 referri
1601 2611 1670 2648 po-

1017 2653 1102 2689 terit
1127 2666 1282 2700 nomen,
1312 2654 1341 2690 si
1366 2654 1512 2702 quidem
1540 2654 1669 2690 fluvius

1019 2713 1096 2755 cst,
1126 2713 1290 2759 tempore
1308 2710 1456 2747 definito
1483 2714 1523 2746 ut
1546 2710 1672 2746 volunt

1020 2777 1184 2802 crescens
1238 2769 1426 2815 terrasque
1471 2766 1670 2803 exundans.

1020 2820 1102 2858 vid.
1115 2821 1245 2858 Creuz.
1257 2821 1420 2870 Symbol.
1438 2822 1453 2858 1
1471 2835 1507 2870 p.
1520 2825 1601 2863 270
1615 2834 1669 2870 sq.

1078 2875 1146 2916 καὶ
1165 2877 1298 2930 Μοίρι
1313 2875 1363 2918 οὔ
1380 2893 1436 2917 κω
1455 2873 1509 2929 ἦν
1529 2893 1565 2917 κ.
1578 2877 1669 2928 τ.λ.]
