1759 3324
545 250 967 290 EUTERPE.
1026 252 1072 289 11.
1356 257 1441 296 515

187 361 272 406 ἀπὸ
302 358 602 405 Καταδούπων
629 375 675 404 τε
710 359 784 403 καὶ
806 357 1112 416 Ἐλεφαντίνης
1138 359 1313 415 πόλιος,
1343 365 1439 420 δίχα
1450 371 1495 406 75

129 552 170 577 re
199 541 302 575 vacat
321 565 332 584 ‚
375 547 447 585 quo
477 535 595 584 magis
629 534 720 572 haec
754 547 777 571 a

127 607 212 632 vero
248 593 365 630 aliena
404 595 467 629 aut
499 596 596 629 certe
624 591 777 628 multum

127 653 346 698 exaggerata
379 661 459 686 esse
493 648 704 695 videantur,
744 647 775 684 si

127 719 189 743 eos
217 705 364 752 audias,
401 705 463 754 qui
490 709 615 742 nostra
653 708 775 742 aetate

125 761 190 798 has
223 762 391 810 regiones
424 761 624 798 visitarunt.
681 761 775 798 Vide

123 817 339 854 Hartmann.
359 819 396 854 in
413 817 689 855 Erdbeschreib.
704 830 775 854 von

124 873 280 924 Aegypt.
300 886 382 923 pag.
403 875 456 915 75
481 887 558 924 seq.
596 874 696 911 Inter
712 887 775 911 ve-

124 933 221 967 teres
241 931 432 980 scriptores
453 931 587 967 Strabo
611 932 774 968 minorem

124 990 356 1024 catarractem
400 987 597 1024 accuratius
641 987 776 1025 descri-

124 1043 197 1093 psit
217 1043 322 1080 XVII
340 1057 375 1093 p.
392 1046 512 1090 1172,
534 1043 566 1080 C
588 1045 772 1094 s.p.817;

124 1112 233 1148 quem
249 1101 411 1148 sequitur
429 1099 611 1137 Mannert.
630 1101 769 1148 Geogr.

125 1156 161 1193 d.
183 1156 249 1193 Gr.
272 1170 307 1193 u.
329 1155 436 1193 Rom.
457 1156 513 1203 X,
537 1159 558 1198 1
584 1169 667 1207 pag.
689 1158 771 1198 237

125 1212 204 1249 coll.
227 1215 319 1254 226.
358 1213 435 1250 Sed
463 1212 526 1250 Cr.
558 1214 604 1250 ad
636 1213 773 1250 Iomar-

125 1269 211 1305 dum
231 1281 299 1305 nos
318 1269 506 1316 amandat,
537 1269 598 1318 qui
615 1270 773 1306 omnium

125 1325 372 1375 copiosissime
389 1329 425 1362 et
441 1326 703 1363 accuratissime
726 1326 773 1362 de

123 1380 192 1418 hoc
216 1385 410 1418 catarracte
438 1393 480 1418 ac
494 1381 638 1430 reliquis
669 1382 773 1430 (nam

124 1441 199 1474 octo
223 1436 332 1486 vulgo
375 1439 582 1487 ponuntur)
620 1439 696 1487 egit
735 1438 773 1474 in

121 1492 301 1543 Descript.
335 1494 382 1531 de
428 1493 585 1544 l'Egypt.
633 1494 772 1543 antiqq.

122 1549 251 1586 livrais.
273 1549 288 1587 Ι
308 1563 386 1600 cap.
407 1550 440 1587 Π
462 1555 548 1587 sect.
569 1554 596 1592 2
620 1563 704 1601 pag.
721 1552 771 1591 13

123 1619 226 1655 seqq.
258 1606 305 1652 (s.
321 1607 358 1643 in
374 1607 522 1644 Recueil
541 1607 774 1644 d’observatt.

124 1675 186 1699 sur
215 1662 382 1713 l'Egypt.
419 1663 523 1713 chap.
559 1663 575 1700 Ι
622 1668 708 1701 sect.
748 1667 774 1705 2

122 1731 208 1769 pag.
224 1718 340 1760 24-—
352 1718 437 1767 54).
463 1719 522 1756 Tu
544 1720 629 1756 add.
642 1719 776 1757 Cham-

122 1775 269 1825 pollion.
298 1775 460 1826 l‘Egypt.
490 1789 573 1813 sous
599 1775 651 1813 les
671 1776 772 1826 phar.

122 1831 139 1868 l
166 1845 200 1882 p.
223 1833 302 1872 120
330 1846 407 1882 seq.
438 1836 475 1869 et
504 1832 632 1869 Ritter.
658 1832 773 1869 Erdk.

120 1886 140 1925 I
163 1901 199 1938 p.
218 1887 312 1929 594.
334 1891 416 1931 687
436 1901 512 1938 seq.
570 1889 638 1926 Est
652 1893 775 1926 autem

121 1944 351 1994 scopulorum
374 1958 417 1982 ac
446 1957 613 1982 saxorum
648 1946 775 1992 series,

121 2013 216 2049 quae
240 2004 447 2039 transverso
477 2002 625 2039 flumine
654 2002 770 2052 porri-

121 2057 238 2106 gitur,
259 2071 355 2107 pone
379 2071 485 2107 quam
508 2071 603 2107 aqua
628 2062 771 2095 retenta

121 2117 159 2150 et
176 2113 324 2151 collecta
353 2115 425 2152 iam
451 2114 638 2165 praecipiti
665 2127 770 2152 cursu

120 2169 300 2207 delabitur
328 2183 370 2209 ac
394 2172 662 2220 navigationem
688 2184 772 2222 per-

120 2238 229 2276 quam
265 2227 444 2265 difficilem
479 2228 610 2265 reddit.
663 2227 772 2265 Nunc

121 2283 258 2320 Arabes
290 2288 422 2322 vocant
465 2285 609 2322 Clzellal.
678 2285 772 2321 Sunt

121 2337 180 2376 alii
199 2351 343 2390 quoque
366 2345 585 2379 catari-actae
615 2340 769 2378 maiores

75 2420 78 2422 Δ
121 2395 160 2432 in
179 2394 369 2447 Aethiopia
388 2398 467 2448 ipsa
483 2402 593 2448 atque
606 2410 628 2435 a
648 2398 770 2445 Syene

122 2451 271 2490 multum
291 2456 522 2501 remotiores3
566 2455 614 2491 de
639 2455 769 2504 quibus

121 2509 244 2545 tamen
286 2511 486 2548 accuratior
529 2511 633 2548 nobis
665 2512 770 2548 deest

122 2563 301 2613 cognitio,
321 2579 540 2617 quamquam
555 2567 660 2604 valde
682 2581 768 2617 pro-

123 2618 242 2657 babile
261 2626 336 2670 est,
353 2627 513 2661 veterum
534 2623 672 2673 aliquot
686 2637 770 2660 nar-

123 2675 278 2714 rationes
302 2678 349 2716 de
373 2680 484 2717 nimia
518 2681 769 2729 magnitudine

124 2734 233 2780 atque
259 2735 376 2772 sonitu
409 2741 686 2774 catarractarum
721 2737 769 2773 ad

125 2799 188 2824 eos
217 2791 418 2839 superiores
444 2793 648 2843 pertinere,
676 2792 769 2830 male

124 2843 334 2894 translatas,
359 2849 410 2885 uti
433 2849 494 2897 fit,
524 2849 573 2886 ad
593 2849 769 2886 minorem

124 2897 224 2937 illum
243 2903 448 2953 propiorem
466 2906 627 2955 indeque
651 2906 768 2954 magis

843 534 1040 584 cognitum.
1099 535 1354 577 Vid.10mard.
1378 552 1415 590 p.
1439 538 1495 583 47

845 604 950 642 seqq.
981 591 1035 633 54
1057 591 1225 640 (Recueil
1241 596 1341 645 etc.).

900 648 1165 698 Elephantine,
1194 651 1310 689 insula
1335 651 1494 690 celeber-

843 704 933 741 rima
965 709 1000 742 et
1027 706 1134 753 urbs,
1173 706 1210 744 in
1232 707 1312 758 ipso
1334 708 1495 760 Aegypti

842 761 993 798 introitu
1020 762 1088 798 sita
1116 762 1182 799 sub
1214 764 1300 814 ipsis
1331 767 1408 803 sere
1434 778 1495 803 ca-

841 818 1005 855 tarractis
1048 818 1118 865 (ut
1154 818 1276 858 Aelius
1315 821 1493 860 Aristides

843 874 1007 922 scribit),
1039 887 1106 912 nec
1140 876 1292 915 multum
1320 878 1405 915 inde
1432 891 1493 916 re-

842 934 941 967 mota
972 942 994 967 a
1018 931 1150 979 Syene.
1221 933 1295 977 Qui
1320 935 1492 972 terminus

841 987 909 1024 fuit
933 987 1037 1035 regni
1071 992 1232 1026 veterum
1262 990 1493 1029 Pharaonum

841 1055 884 1080 ac
919 1044 1091 1080 remansit
1125 1050 1255 1093 postea
1291 1059 1406 1097 usque
1444 1048 1493 1085 ad

838 1099 996 1137 Romani
1017 1100 1158 1150 imperii
1175 1107 1361 1152 tempora,
1389 1104 1491 1141 cuius

840 1155 993 1193 claustra
1031 1156 1257 1206 appellantur
1290 1172 1313 1196 a
1362 1158 1492 1197 Tacito

839 1211 983 1249 Annall.
1003 1211 1060 1260 Il,
1081 1215 1146 1254 61.
1185 1214 1255 1251 Est
1279 1214 1376 1252 locus
1405 1216 1493 1253 insi-

842 1269 922 1318 gnis
948 1268 1015 1305 soli
1039 1269 1223 1308 fertilitate
1250 1272 1492 1321 arborumque

840 1327 953 1372 flore,
984 1326 1196 1362 commercio
1226 1328 1397 1377 frequens
1416 1341 1492 1366 non

840 1381 958 1418 minus
971 1385 1080 1430 atque
1092 1382 1267 1431 religione
1286 1385 1490 1434 conspicua,

841 1449 951 1487 quum
966 1437 1034 1474 illic
1051 1437 1174 1475 Nilum
1194 1445 1413 1477 crescentem
1425 1440 1492 1477 ob-

841 1498 1026 1531 servarent
1047 1506 1088 1531 ac
1106 1495 1364 1534 dimetirentur.
1384 1496 1491 1534 Nunc

839 1563 1054 1599 magnarum
1081 1552 1224 1589 aedium
1259 1558 1371 1602 atque
1395 1558 1490 1591 tem-

841 1607 981 1657 plorum
1008 1607 1145 1656 aliquot
1172 1614 1386 1660 supersunt,
1416 1610 1492 1646 sin-

842 1663 957 1712 gulari
979 1664 1064 1700 cura
1084 1665 1285 1716 descriptae
1314 1678 1336 1702 a
1351 1665 1490 1703 Iomar-

842 1720 890 1756 do
902 1748 913 1767 ‚
944 1732 1051 1769 quem
1068 1721 1214 1758 omnino
1241 1723 1288 1760 de
1305 1721 1372 1759 hac
1390 1722 1491 1759 insu-

841 1775 876 1813 la
897 1775 1062 1813 consulas
1083 1777 1185 1814 velim
1205 1778 1241 1814 in
1250 1778 1402 1816 Recueil
1421 1782 1488 1816 etc.

841 1845 927 1883 pag.
949 1832 1001 1873 55
1025 1846 1127 1882 seqq.
1154 1833 1249 1870 Add.
1265 1834 1446 1872 Mannert.
1464 1834 1488 1871 l.

840 1889 863 1926 l.
886 1903 922 1939 p.
944 1890 1026 1930 323
1055 1894 1092 1926 et
1109 1890 1238 1927 Ritter.
1254 1890 1276 1927 l.
1298 1890 1320 1927 l.
1349 1904 1384 1941 p.
1407 1892 1489 1932 689

842 1958 944 1994 seqq.
975 1945 1122 1982 Nomen
1141 1946 1276 1984 insulae
1296 1960 1390 1984 nunc
1409 1960 1490 1984 esse

837 2002 987 2052 Gezyret
1014 2002 1196 2050 Assoudn,
1233 2004 1333 2052 quod
1352 2003 1491 2052 signifi-

837 2063 895 2096 cat
918 2057 1068 2095 insulam
1092 2058 1244 2109 Syenae,
1283 2059 1404 2097 scribit
1430 2060 1490 2097 Io-

836 2116 982 2152 mardus
1003 2114 1024 2151 l.
1048 2115 1071 2153 l.
1097 2128 1183 2165 pag.
1209 2117 1283 2162 583
1313 2117 1413 2165 quod
1430 2116 1490 2153 alii

837 2185 877 2208 se
889 2171 1070 2209 audivisse
1088 2172 1252 2210 dictitant
1268 2186 1401 2210 nomen
1418 2172 1489 2209 El-

840 2227 922 2276 Sag
936 2257 947 2275 ‚
978 2241 1016 2266 se
1035 2239 1218 2278 nunquam
1238 2229 1419 2266 audivisse
1434 2230 1490 2266 af-

837 2285 968 2322 firmat.
1029 2285 1096 2321 Est
1127 2289 1251 2323 tamen
1284 2284 1487 2336 Champoll.

837 2341 1017 2392 (l‘Egypt.
1037 2355 1122 2378 sous
1136 2341 1158 2378 l.
1171 2342 1272 2392 phar.
1293 2341 1307 2379 1
1326 2356 1360 2392 p.
1376 2342 1489 2390 160),

837 2398 900 2447 qui
924 2399 992 2435 hoc
1019 2411 1154 2436 nomen
1177 2398 1353 2448 recipiens
1383 2399 1491 2435 vertit

837 2453 891 2491 Ile
910 2456 1040 2505 fleurz'e
1072 2455 1094 2492 i.
1129 2469 1160 2492 e.
1189 2455 1309 2492 insula
1331 2455 1488 2505 florens,-

837 2524 1057 2561 quamquam
1092 2511 1184 2548 hanc
1213 2510 1488 2562 appellationem

837 2568 876 2604 in
897 2568 1049 2605 insulam
1068 2581 1107 2605 re
1135 2580 1220 2605 vera
1247 2568 1377 2605 cadere
1401 2580 1489 2617 pos-

839 2638 892 2671 se,
904 2625 984 2674 ipsa
1004 2637 1047 2662 ea
1067 2628 1268 2671 testantur,
1293 2636 1387 2673 quae
1406 2623 1487 2673 plu-

838 2681 936 2718 ribus
969 2682 1016 2718 de
1046 2681 1121 2718 eius
1153 2681 1222 2717 situ
1241 2685 1350 2729 atque
1365 2679 1489 2717 fertili-

838 2741 913 2774 tate
933 2737 1097 2787 exposuit
1108 2737 1294 2774 lomardus
1317 2736 1370 2773 l.l.
1386 2734 1488 2786 p.55

839 2806 941 2842 seqq.
970 2794 1065 2830 Add.
1084 2793 1154 2830 Ios.
1175 2794 1222 2830 de
1252 2792 1428 2830 Hammer
1450 2791 1488 2828 in

836 2849 979 2887 Annall.
1016 2850 1233 2888 Viennenss.
1281 2848 1352 2886 vol.
1383 2846 1488 2885 XLV

836 2919 921 2955 pag.
948 2906 1012 2947 47.

1124 2961 1179 3000 33
1200 2960 1218 2982 *
