1759 3324
329 252 414 299 458

724 250 1195 290 HERODO'ri

329 360 510 417 ταύτης,
533 364 609 417 τῆς
629 362 825 416 Κασπίης
848 360 1133 416 καλεομένης,
1166 359 1189 404 ὁ
1215 358 1446 409 Καύκασος
1467 355 1622 414 ἀκέο-5

327 457 420 497 γει·
450 439 501 484 τὰ
533 440 578 483 δὲ
609 439 719 494 πρὸς
752 438 816 496 ἠῶ
844 456 888 483 τε
917 441 989 483 καὶ
1018 439 1145 495 ἥλιον
1175 438 1481 488 ἀνατέλλοντα,
1514 455 1593 482 πε-

327 523 425 564 δίον
456 519 693 569 ἐκδέκεται.
745 523 914 575 πλῆθος
953 517 1135 573 ἄπειρον
1177 520 1218 570 ἐς
1257 517 1448 570 ἄποψιν·

1508 522 1588 561 τοῦ

325 595 390 645 ὦν
419 599 473 656 δὴ
512 602 666 643 πεδίου
703 602 782 641 τοῦ
821 598 1012 655 μεγάλου
1050 597 1132 642 οὐκ
1172 598 1397 655 ἐλαχίστην
1434 600 1596 655 μοίρην

324 679 549 735 μετέχουσι
590 679 633 721 οἱ
673 678 979 734 Μασσαγέται,
1039 676 1109 721 ἐπ’
1149 676 1229 728 οὓς
1269 676 1293 722 ὁ
1325 680 1474 731 Κῦρος
1503 677 1595 733 ἔσχε

298 759 587 813 Ξπροθυμίην
628 754 987 810 στρατεύσασθαι.
1047 754 1185 800 πολλά
1225 773 1268 800 τε
1303 756 1388 812 γάρ
1417 774 1493 813 μιν
1523 757 1596 800 καὶ

327 836 490 895 μεγάλα
518 835 855 890 τοὶ-ἐπαείροντα
885 836 957 878 καὶ
987 834 1283 890 ἐποτρύνοντα
1311 831 1378 892 ἦν.
1412 840 1592 890 πρῶτον
1608 845 1651 877 10

326 916 407 972 μὲν
434 915 460 973 ἡ
491 915 678 971 γένεσις,
728 913 774 958 τὸ
808 914 977 957 δοκέειν
1013 914 1147 957 πλέον
1188 932 1230 957 τι
1270 913 1382 957 εἶναι
1425 913 1595 970 ἀνθρώ-

326 1010 435 1039 που·
473 994 652 1048 δεύτερα
684 994 753 1045 δὲ,
789 993 815 1050 ἡ
848 992 1019 1050 εὐτυχίη
1044 992 1070 1050 ἡ
1101 992 1210 1036 κατοὶ
1240 992 1344 1044 τούς
1373 993 1593 1048 πολέμους

325 1073 538 1131 γενομένη
549 1089 558 1098 ·

617 1074 698 1129 ὅκη
736 1073 821 1129 γὰρ
862 1072 1026 1117 ἰθύσειε
1063 1072 1379 1127 στρατεύεσθαι
1427 1072 1594 1126 Κῦρος,

326 1152 552 1211 ἀμήχανον
580 1149 634 1211 ἦν
666 1154 802 1198 έκεῖνο
831 1152 879 1197 τὸ
912 1153 1043 1204 ἔθνος
1073 1155 1341 1209 διαφυγέειν.

271 1327 339 1370 καὶ
369 1325 485 1380 ἥλιον
515 1325 779 1368 ἀνατέλλοντα
805 1329 927 1377 regio-

271 1400 337 1426 nes
360 1387 406 1424 ad
429 1387 605 1424 orientem
634 1386 675 1433 (i.
700 1399 731 1423 e.
752 1386 790 1422 in
812 1385 926 1435 parti-

271 1445 339 1487 bus
357 1442 618 1491 orientalibus)
647 1443 722 1480 sive
750 1442 927 1478 orientem

270 1513 396 1538 versus
417 1513 440 1537 a
465 1500 603 1550 Caspio
622 1500 713 1536 mari
736 1499 834 1536 sitas.
866 1499 925 1534 Cf.

270 1556 602 1606 Schweighaeuser.
623 1556 672 1592 ad
691 1556 727 1603 1,
749 1557 840 1596 202.

327 1613 470 1652 πεδίον
507 1610 726 1658 ἐκδέκεται,
765 1612 928 1660 πλῆθος

272 1666 440 1722 ἄπειρον
481 1667 520 1716 ἒς
552 1666 711 1718 ἄποψιν
744 1682 780 1706 κ.
805 1683 836 1705 τ.
869 1670 924 1713 λ.]

270 1726 360 1765 Non
390 1739 539 1777 possum
579 1726 667 1775 quin
711 1724 927 1771 adscribam,

271 1795 368 1834 quae
385 1783 534 1832 egregie
562 1783 610 1820 de
637 1782 706 1818 hoc
732 1781 810 1818 loco
831 1793 929 1817 com-

271 1843 454 1878 mentatus
477 1843 534 1877 est
552 1838 713 1876 Heeren.
736 1837 877 1886 (Ideen
899 1835 927 1883 l,

271 1899 300 1938 2
327 1908 414 1946 pag.
436 1896 559 1944 292);
589 1894 696 1942 „Die
721 1906 926 1931 unermess-

271 1952 365 1990 liche
387 1952 518 1990 Ebene
538 1973 596 1979 —
621 1951 748 1988 ‹leutet
778 1951 845 1986 auf
867 1949 927 1986 die

271 2008 403 2046 weiten
426 2007 742 2058 Steppenlander,
779 2006 839 2042 (lie
862 2006 928 2042 be-

272 2065 360 2101 reits
388 2065 427 2101 in
449 2064 518 2101 der
549 2075 703 2112 grossen
737 2061 927 2109 Bucharey

272 2120 377 2158 ihren
393 2119 544 2168 Anfang
571 2119 727 2156 nehmen
756 2118 831 2154 und
852 2117 927 2154 sich

273 2175 429 2213 alsdann
445 2175 482 2212 in
502 2176 569 2212 der
581 2187 735 2224 grossen
747 2173 927 2221 Tartarey

273 2236 380 2270 unter
398 2232 465 2269 der
483 2231 715 2280 Benennung
743 2230 808 2268 der
830 2229 928 2267 Sun-

272 2300 384 2339 garey
404 2288 479 2324 und
499 2286 691 2337 BIongoley
708 2287 829 2324 neben
845 2287 929 2323 dem

273 2345 407 2383 Laude
426 2343 562 2393 Eggur
586 2344 641 2381 bis
667 2356 713 2380 zu
734 2344 800 2380 der
815 2343 929 2380 Kette

274 2402 341 2440 des
383 2399 478 2437 Altai
513 2400 644 2437 hinaus
679 2399 928 2438 erstrecken.“

274 2457 416 2498 Aurum
437 2457 534 2494 enim
553 2456 700 2494 multum
722 2459 832 2504 atque
851 2468 930 2502 aeS,

275 2527 348 2564 quo
383 2512 619 2562 Massagetae
662 2512 715 2549 uti
764 2513 932 2549 dicuntur

276 2570 346 2619 (Ι,
371 2569 504 2617 215),
542 2582 615 2607 non
650 2569 752 2606 aliter
789 2569 856 2606 nisi
889 2581 933 2606 ex

276 2631 403 2665 monte
423 2626 526 2663 Altai
555 2625 719 2676 accipere
752 2630 933 2676 poterunt.

276 2682 391 2721 Unde
416 2682 522 2720 simul
546 2683 650 2733 ipsae
680 2682 783 2718 huius
815 2683 933 2731 gentis

279 2740 389 2777 sedes
408 2739 638 2788 aliquatenus
669 2738 811 2776 definiri
828 2744 936 2789 pote-

277 2799 374 2834 runt.
431 2794 553 2845 Atque
581 2795 653 2832 iam
669 2794 869 2833 Bennelius
897 2796 934 2832 in

280 2851 495 2903 Geograph.
529 2851 708 2889 Herodot.
735 2863 822 2901 pag.
852 2851 934 2893 473

281 2922 360 2959 seq.
379 2913 539 2946 veterum
561 2907 661 2946 locos
681 2908 728 2946 de
743 2907 936 2958 Mass-age-

995 1328 1041 1366 tis
1060 1328 1252 1375 (Strabon.
1283 1327 1337 1364 Xl
1367 1340 1453 1377 pag.
1473 1326 1552 1369 511
1575 1339 1652 1376 seq.

994 1385 1148 1422 Diodor.
1187 1384 1295 1421 Sicul.
1328 1384 1382 1430 ll,
1417 1385 1455 1424 3.
1510 1383 1652 1420 Arrian.

994 1441 1141 1491 Exped.
1163 1440 1263 1478 Alex.
1285 1440 1354 1487 IV,
1387 1443 1449 1480 17.
1479 1439 1652 1487 Ptolem.)

995 1498 1167 1546 collegit,
1204 1510 1276 1546 quo
1304 1497 1351 1534 de
1384 1497 1476 1533 veris
1504 1497 1652 1534 sedibus

995 1555 1195 1592 accuratius
1223 1553 1331 1590 statui
1359 1558 1497 1603 posset.
1554 1552 1652 1590 Scri-

993 1616 1117 1662 ptores
1131 1611 1323 1647 Herodoto
1334 1610 1556 1659 posteriores
1573 1622 1652 1647 me·

994 1668 1062 1705 lius
1109 1668 1260 1705 edoctos
1320 1680 1401 1704 esse
1447 1665 1653 1710 contendit·‚

996 1737 1088 1774 quos
1119 1724 1148 1760 si
1179 1735 1391 1772 sequamur,
1420 1721 1652 1771 Massagetas

995 1781 1156 1818 tenuisse
1172 1785 1286 1817 terras
1309 1791 1426 1827 usque
1445 1780 1493 1816 ad
1513 1779 1652 1815 Imaum

997 1837 1190 1875 dicendum
1203 1866 1214 1884 ,
1239 1848 1284 1873 ea
1302 1836 1340 1872 in
1356 1836 1527 1884 regione,
1558 1847 1654 1883 quae

996 1894 1126 1931 dicitur
1161 1892 1331 1942 Kipzak‚
1367 1891 1406 1927 in
1440 1890 1654 1929 occidentali

994 1954 1099 2000 parte
1118 1954 1241 1987 terrae
1260 1947 1472 1986 Turkestan
1492 1951 1529 1985 et
1550 1948 1589 1984 in
1609 1947 1652 1984 iis

995 2005 1152 2056 campis,
1187 2016 1282 2053 quae
1310 2006 1459 2055 proprie
1493 2003 1542 2041 ad
1579 2007 1654 2041 ter-

994 2074 1072 2099 ram
1099 2062 1196 2098 Gete
1223 2061 1431 2110 pertineant
1457 2061 1510 2108 (,,
1521 2061 1571 2096 im
1598 2061 1651 2098 ei-

995 2117 1201 2168 gentlichen
1220 2117 1354 2154 Gebiet
1378 2131 1450 2154 von
1476 2116 1650 2166 Gete“).

1054 2170 1340 2225 στρατεύεσθαι
1357 2175 1517 2226 Κῦρος]
1540 2184 1651 2222 στρα-

997 2228 1129 2271 τεύειν
1164 2244 1253 2267 unus
1282 2230 1400 2277 liber3
1447 2230 1547 2280 quod
1577 2242 1652 2266 non

995 2288 1164 2339 displicet
1175 2287 1531 2336 Schweighaeusem,
1554 2299 1652 2323 com-

995 2345 1141 2396 paranti
1180 2344 1219 2391 Ι,
1247 2347 1314 2385 77.
1354 2343 1428 2391 Vl,
1461 2346 1498 2383 7.
1555 2341 1653 2380 Ante

998 2404 1136 2451 Κῦρος
1174 2400 1361 2437 articulum
1393 2398 1439 2449 ὅ,
1467 2398 1569 2436 libris
1596 2399 1654 2436 in-

997 2459 1078 2496 vitis
1098 2456 1206 2505 vulgo
1226 2457 1428 2504 adiectum,
1456 2455 1653 2494 omisimus.

999 2515 1060 2552 Sic
1091 2515 1128 2550 in
1156 2514 1346 2551 antecedd.
1375 2526 1442 2563 pro
1474 2507 1654 2562 δεύτερα,

999 2571 1100 2620 quod
1126 2570 1251 2620 optimi
1291 2574 1417 2607 tenent
1450 2569 1555 2616 libri,
1594 2569 1655 2606 alii

1002 2623 1214 2678 δεύτερον,
1243 2640 1324 2663 cum
1347 2630 1455 2662 antea
1484 2626 1522 2662 in
1547 2627 1653 2676 πρῶ-

1001 2699 1071 2723 τον
1116 2695 1242 2720 omnes
1279 2681 1499 2732 conspirent.
1555 2681 1654 2720 Nam

1004 2740 1095 2778 alias
1141 2739 1240 2790 apud
1286 2737 1462 2776 Nostrum
1516 2740 1655 2790 πρῶτα

1005 2794 1078 2848 μὲν
1098 2817 1155 2824 -
1176 2789 1340 2846 δεύτερα
1358 2791 1419 2841 δὲ,
1449 2798 1489 2831 ut
1504 2795 1567 2843 lu,
1588 2796 1655 2836 80.

1005 2852 1114 2900 VIII,
1155 2853 1247 2893 106.
1321 2849 1522 2888 Adnotavit
1565 2851 1657 2888 haec

1002 2908 1219 2959 Schweigh.,
1247 2908 1327 2960 ipse
1354 2911 1475 2946 tamen
1501 2907 1655 2955 addens,
