1805 3315
387 218 442 258 12
800 215 1267 257 HERODOTI

386 325 550 383 παγήν·
603 321 664 376 ὥς
696 323 750 369 οὐ
792 324 944 376 δόντες
980 323 1105 370 αὐτοὶ
1139 327 1287 379 δίκας,
1336 324 1439 371 οὐδὲ
1476 326 1671 381 ἐκδόντες

386 402 706 457 ἀπαιτεόντων,
737 402 972 460 βουλοίατό
999 415 1078 460 σφι
1109 403 1216 460 παρ’
1245 404 1388 449 ἄλλων
1410 407 1534 458 δίκας
1559 408 1669 462 γίνε-

306 488 340 532 4
387 488 502 527 σθαι.
543 481 688 537 Μέχρι
724 482 803 538 μὲν
841 477 904 525 ὦν
936 482 1096 527 τούτου
1130 481 1328 540 ἁρπαγάς
1366 484 1532 540 μούνας
1560 482 1670 529 εἶναι

66 550 339 645 ξξξᾏῗῌὲξὲῗὲἓζ
361 561 482 618 παρ’
516 559 735 618 ἀλλήλων·
778 558 828 603 τὸ
866 560 913 604 δὲ
940 558 1027 605 ἀπὸ
1059 561 1241 616 τούτου,
1275 564 1486 620 ’Έλληνας
1518 563 1571 620 δή
1600 570 1715 621 με-55

66 625 160 687 auga
202 625 265 646 aiae
289 626 341 654 po-

385 639 531 699 γοὲλως
553 641 719 692 αἰτίους
744 639 961 695 γενέσθαι.
1026 641 1265 698 προτέρους
1290 642 1374 698 γάρ
1397 641 1522 697 ἄρξαι
1541 653 1669 698 στρα-

386 721 592 765 τεύεσθαι
627 718 672 771 ἐς
705 717 786 775 τὴν
809 717 977 776 Ἀσίην,
1015 719 1044 776 ἢ
1071 721 1206 778 σφέας
1246 722 1287 773 ἐς
1326 721 1406 777 τήν
1432 719 1668 777 Εὐρώπην.

387 799 438 845 τὸ
460 799 539 856 μέν
571 814 657 842 νυν
693 796 899 854 ἁρπάζειν
920 805 1152 856 γυναῖκας,
1191 798 1368 857 ἀνδρῶν
1403 798 1567 844 ἀδίκων
1589 815 1670 843 νο-

1792 50 1802 171 -ᾼ-ι-νι-Α
1791 0 1794 29 Α

345 1012 424 1066 τήν
457 1010 665 1068 ἁρπαγήν]
703 1015 726 1052 i.
756 1027 787 1053 e.
815 1016 896 1053 illos
922 1028 1002 1053 vero

347 1072 584 1121 (Troianos),
609 1084 686 1108 cum
711 1072 750 1108 ln·
773 1073 943 1121 (Graeci)
963 1086 1003 1109 ea

341 1129 559 1181 proferrent,
618 1128 738 1165 iisdem
784 1130 1004 1178 exprobrasse

349 1184 497 1224 ,Medeae
523 1187 673 1234 raptum.
738 1185 850 1221 Haud
891 1186 1001 1223 infre-

347 1255 465 1290 quens
501 1242 643 1279 dicendi
668 1253 803 1289 genus,
842 1242 902 1278 ubi
936 1242 1002 1278 da-

348 1298 413 1334 tivi
456 1297 535 1334 loco
587 1298 783 1346 genitivum
827 1298 1003 1348 participii

349 1353 570 1400 absolutum,
603 1366 711 1402 quem
740 1354 873 1400 dicunt,
904 1354 1004 1391 inve-

349 1410 483 1456 nimus,
502 1409 601 1457 (illos
617 1423 702 1447 vero
731 1410 796 1457 his,
821 1410 1005 1459 postulata

343 1465 624 1517 proferentibus,
669 1470 813 1515 raptum
846 1466 1004 1504 Medeae

350 1522 622 1572 exprobrasse).
680 1522 769 1559 Non
793 1522 896 1560 aliter
920 1535 1004 1559 mox

350 1573 634 1617 ἀπαιτεόντων.
692 1578 775 1614 vid.
808 1592 901 1627 quae
933 1579 1004 1614 dixi

350 1635 389 1671 in
407 1633 535 1671 Creuz.
561 1633 702 1671 Melett.
720 1633 770 1670 III
798 1647 833 1683 p.
860 1637 913 1676 80
928 1639 1003 1671 not.

352 1694 391 1728 et
408 1691 457 1726 ad
475 1690 567 1726 Plut.
587 1689 739 1726 Flamin.
759 1690 842 1727 VIII
871 1704 907 1740 p.
936 1693 1001 1731 97.

350 1744 432 1783 Alia
450 1746 609 1782 laudaxdt
628 1746 828 1794 Schweigh.
858 1747 905 1783 ad
927 1746 961 1783 h.
979 1746 1000 1783 l.

351 1802 454 1838 citat
489 1802 645 1850 denique
685 1801 719 1838 h.
749 1801 771 1838 l.
807 1802 936 1839 Matth.
965 1800 1001 1853 ἓ,

350 1859 436 1898 563
471 1871 507 1908 p.
534 1860 642 1898 1110
664 1858 710 1894 ob
730 1859 924 1906 genitivum
940 1859 1004 1895 al>-

348 1913 507 1950 solutum
530 1913 726 1964 participii,
756 1915 892 1952 omisso
918 1915 1004 1951 sub-

347 1970 516 2006 stantiVo.
583 1969 644 2006 De
680 1971 780 2006 verbi
821 1971 1003 2020 significa—

347 2026 449 2062 tione
480 2024 831 2077 (προϊσχομένων)
870 2027 1002 2074 omnia,

348 2086 522 2120 monente
541 2081 604 2119 Cr.
619 2111 629 2130 ‚
656 2087 830 2131 congesta
858 2087 942 2120 sunt
964 2084 1000 2119 in

348 2150 445 2175 nova
471 2138 555 2175 edit.
589 2139 764 2187 Stephan.
801 2139 956 2176 thesaur.
983 2139 1000 2176 I

348 2207 387 2245 p.
415 2194 534 2234 1363.
591 2193 650 2231 Ad
675 2194 827 2232 alterum
851 2196 999 2233 verbiun

347 2248 570 2301 προφέρειν
591 2263 640 2286 sc.
671 2249 708 2289 τί
735 2265 812 2290 τινι
839 2252 1000 2299 (obiicere

348 2305 462 2342 alicui
480 2306 628 2356 aliquid,
657 2307 877 2356 exprobrare)
897 2308 999 2345 Idem

348 2363 435 2399 citat
447 2360 611 2412 Lennep.
626 2363 675 2399 ad
686 2363 865 2402 Phalarid.
875 2363 993 2415 Epist.

350 2419 430 2459 107
451 2432 488 2469 p.
508 2421 601 2461 311.

403 2527 460 2576 οἷς
495 2525 544 2569 οὔ
573 2526 708 2579 δόντες
739 2527 853 2572 αὐτοὶ
887 2532 1000 2579 δίκας

347 2598 383 2624 κ.
410 2599 440 2622 τ.
466 2587 525 2631 λ.]
555 2587 658 2625 Haec
693 2589 804 2625 verba
837 2590 999 2638 proxime

347 2644 598 2679 connectenda
635 2657 714 2681 cum
751 2646 999 2682 antecedenti-

348 2696 436 2743 bus,
460 2697 529 2733 hoc
546 2700 621 2736 fere
643 2714 772 2738 sensu:
802 2703 1000 2751 „cum,qui

346 2753 449 2800 „ipsi
472 2753 641 2802 (Graeci)
666 2769 733 2792 non
754 2770 819 2806 pro
844 2760 919 2794 iure
938 2772 996 2794 sa-

347 2807 590 2857 „tissecz'ssent
608 2823 713 2860 neque
739 2815 996 2862 exposcentibus

346 2891 372 2911 „
382 2863 481 2902 illam
511 2865 728 2917 (Medeam)
756 2869 997 2919 reddidissent,

1059 1029 1182 1065 „nunc
1219 1017 1263 1054 ab
1307 1017 1393 1055 aliis
1443 1017 1513 1056 sibi
1548 1016 1716 1067 satiqfieri

1058 1074 1251 1123 „vellent.“

1286 1157 1397 1209 Cap.
1425 1157 1487 1195 IV.

1116 1239 1225 1292 μέχρι
1254 1239 1325 1292 μὲν
1350 1235 1406 1280 ὦν
1427 1236 1593 1286 τούτου]
1621 1239 1712 1284 Qui-

1060 1300 1143 1336 ‹Iain
1178 1298 1256 1335 libri
1281 1293 1450 1345 τούτων,
1490 1298 1548 1334 alii
1578 1297 1709 1334 rectius

1059 1351 1220 1401 τούτου,
1274 1368 1364 1404 quos
1408 1368 1487 1391 cum
1529 1353 1646 1389 Schw.
1675 1356 1713 1389 et

1061 1412 1178 1448 Gaisf.
1202 1412 1315 1448 secuti
1345 1424 1490 1458 sumus,
1533 1412 1711 1446 commate

1060 1467 1179 1505 deleto
1209 1472 1295 1517 post
1325 1462 1479 1505 τούτου.
1546 1464 1711 1501 Similem

1060 1524 1244 1573 quandam
1271 1523 1518 1560 confusionem
1547 1522 1596 1557 ad
1616 1519 1710 1557 Plut.

1057 1580 1172 1618 Flam.
1199 1593 1235 1629 p.
1262 1582 1342 1620 100
1370 1579 1584 1615 notavimus.

1115 1632 1157 1675 τὸ
1174 1634 1245 1685 μέν
1272 1649 1346 1673 νυν
1365 1630 1554 1685 ἁρπάζειν
1576 1635 1710 1684 γυναῖ-

1058 1707 1131 1738 κας
1161 1706 1196 1730 κ.
1219 1705 1250 1730 τ.
1265 1693 1323 1737 λ.]
1361 1692 1383 1728 i.
1399 1705 1430 1729 e.
1450 1689 1529 1739 „Et
1554 1689 1711 1726 mulieres

1060 1748 1197 1799 quidem
1217 1760 1348 1797 rapere,
1379 1748 1446 1784 sibi
1457 1747 1570 1784 videri
1591 1746 1710 1795 (aiunt

1061 1819 1109 1842 sc.
1134 1804 1288 1852 Persae)
1318 1807 1525 1842 iniustorum
1558 1805 1709 1839 virorum

1060 1874 1129 1898 esse
1141 1861 1313 1911 facinus;
1341 1864 1524 1910 raptarum
1545 1872 1625 1896 vero
1650 1858 1708 1895 ul-

1059 1921 1185 1954 tionem
1210 1916 1362 1954 studiose
1377 1918 1554 1966 persequi,
1591 1928 1707 1952 amen-

1058 1977 1146 2011 tium
1153 1988 1167 2019 ‚·
1205 1973 1340 2011 nullam
1383 1977 1496 2010 tamen
1526 1975 1708 2021 raptarum

1058 2043 1177 2068 curam
1194 2031 1336 2077 habere,
1369 2029 1600 2079 prudentium.
1611 2030 1635 2048 “
1663 2028 1705 2065 In

1056 2088 1112 2125 his
1158 2087 1277 2124 verbis
1323 2087 1532 2124 retinuimus
1577 2081 1707 2136 ὤρην,

1057 2157 1137 2180 cum
1168 2143 1275 2192 vulgo
1309 2147 1406 2180 esset
1441 2137 1568 2192 ὤρην,
1608 2141 1707 2190 quod

1057 2200 1165 2237 etiam
1181 2199 1400 2248 Excerptum
1419 2198 1530 2234 habet
1545 2198 1583 2233 in
1611 2197 1705 2233 Cod.

1055 2255 1189 2302 Palat.‚
1253 2256 1352 2291 cuius
1412 2254 1530 2290 varias
1582 2253 1707 2290 lectio-

1055 2324 1121 2348 nes
1146 2311 1218 2347 vid.
1241 2311 1289 2347 ad
1320 2310 1452 2347 calcem
1485 2309 1706 2347 Commentt.

1053 2367 1248 2404 Herodott.
1266 2366 1448 2403 Creuzeri.
1476 2366 1578 2403 Idem
1598 2378 1707 2402 voca-

1054 2423 1176 2460 buhun
1206 2423 1299 2459 infra
1330 2423 1400 2469 III,
1433 2421 1524 2462 155.
1557 2421 1631 2469 ΙΧ,
1668 2423 1705 2462 8.

1054 2479 1162 2517 Adde
1195 2478 1354 2527 Etymol.
1395 2491 1493 2526 mag.
1533 2491 1569 2527 p.
1610 2477 1706 2524 448,

1055 2535 1121 2577 45.
1178 2535 1248 2572 Est
1263 2535 1359 2573 enim
1383 2530 1467 2583 ὤρη
1494 2533 1640 2570 Ionibus
1667 2537 1706 2570 ut

1057 2589 1140 2642 ὥρα
1158 2592 1338 2629 veten'bus
1353 2589 1480 2627 Atticis
1507 2602 1613 2635 cura,
1643 2601 1706 2626 ex-

1054 2648 1278 2698 plicaturque
1299 2645 1463 2698 φροντίς
1489 2644 1542 2691 (V.
1559 2658 1588 2682 c.
1605 2645 1705 2694 apud

1053 2704 1207 2740 Hesiod.
1222 2700 1333 2755 ’Έργ.
1357 2701 1444 2749 30),
1468 2714 1588 2749 neque
1606 2701 1704 2750 apud

1051 2763 1223 2809 posterae
1302 2758 1432 2795 aetatis
1510 2757 1705 2806 scriptores

1051 2827 1204 2864 usquam
1246 2813 1434 2851 invenitur.
1504 2812 1586 2849 Vid.
1617 2811 1704 2849 Val-

1052 2871 1156 2909 cken.
1210 2871 1259 2907 ad
1312 2868 1449 2907 Herod.
1485 2868 1558 2917 111,
1611 2867 1703 2911 155.
