1805 3315
249 759 316 805 38

355 247 413 288 98

766 248 1238 287 HERODOTI

358 359 466 411 „naz
494 358 537 412 ἐξ
567 357 728 415 ἀγορῆς
758 357 989 415 φοιτέοντα
1029 360 1288 413 ‹palmosa-u
1329 362 1452 409 κοῖος
1484 356 1564 413 μέν
1590 372 1654 409 τις

357 443 505 490 ,,τοῖσι
543 438 769 495 πολιήτῃσι
810 437 922 489 δόξω
964 435 1099 489 εἶναι,-
1144 442 1265 488 notos
1305 439 1350 481 δέ
1390 454 1452 488 τις
1482 441 1535 494 τῇ
1563 453 1654 480 νεο-

358 516 517 577 ,,γάμῳ
537 518 737 573 γυναικί;
760 518 867 573 κοίῳ
888 516 934 560 δὲ
952 516 1092 572 ἐκείνη
1113 516 1227 568 δόξει
1249 515 1377 571 ἀνδρὶ
1390 516 1654 567 συνοικέεινς

360 597 465 653 »ἐμὲ
506 592 569 640 ὦν
606 595 661 639 σύ
699 594 728 651 ἢ
758 595 885 650 μέθες
926 595 1036 638 ἰέναι
1065 595 1135 639 ἐπὶ
1159 595 1238 652 τήν
1266 596 1434 653 θήρην,
1473 595 1502 653 ἢ
1539 595 1702 653 λόγῳΙΟ

360 673 632 728 »ἀνάπεισον
662 673 774 725 ὅκως
803 689 878 729 μοι
908 671 1069 729 ἀμείνω
1099 674 1189 718 ἐστὶ
1217 680 1354 719 ταῦτα
1384 677 1498 720 οὕτω
1515 675 1657 720 ποιεό-

360 755 557 811 ,,μενα.“
612 751 849 808 Ἀμείβεται
878 755 1069 807 Κροῖσος
1092 757 1257 798 τοῖσδε·
1302 751 1385 807 „32
1414 761 1512 807 παῖ,
1554 755 1656 800 οὔτε

359 866 385 886 ,,
398 834 586 889 δειλίην,
618 831 719 874 οὔτε
750 829 854 874 ἄλλο
877 829 1009 875 οὐδὲν
1039 831 1166 888 ἄχαρι
1194 834 1393 888 παριδών
1412 852 1492 888 τοι,
1522 834 1656 879 ποιέω

363 914 554 963 ,,ταῦτα·
595 906 705 952 ἄλλα
745 925 822 964 μοι
861 907 961 960 ὄψις
1000 908 1177 964 ὀνείρου
1217 913 1264 956 ἐν
1302 918 1364 970 τῷ
1407 914 1532 974 ὕπνῳ
1570 915 1658 958 ἐπι-

363 1023 389 1041 ,,
403 993 538 1032 στᾶσα
567 988 650 1045 ἔφη
671 999 719 1031 σε
746 986 1050 1044 ὀλιγοχρόνιον
1072 991 1262 1045 ἔσεσθαι,
1292 991 1376 1036 ’ὑπὸ
1402 992 1486 1048 γάρ
1505 995 1703 1049 αἰχμῆς15

342 1068 600 1125 2,,σιδηρέης
629 1064 904 1111 ἀπολέεσθαι.

965 1068 1077 1124 πρός
1116 1064 1179 1113 ὦν
1215 1070 1296 1127 τήν
1334 1070 1440 1124 ὄψιν
1478 1071 1656 1128 ταύτην,

364 1147 477 1201 »τόν
508 1163 552 1191 τε
580 1145 722 1204 γάμον
750 1164 819 1191 τοι
847 1150 1008 1192 τοῦτον
1037 1149 1245 1203 ἔσπευσα,
1285 1150 1360 1194 καὶ
1396 1150 1465 1194 ἐπὶ
1501 1150 1555 1194 τὰ
1582 1166 1661 1194 πα-

366 1225 770 1284 ,,ραλαμβανόμενα
806 1225 889 1271 οὐκ
928 1224 1188 1284 ἀποπέμπω,
1233 1228 1435 1286 φυλακὴν
1475 1229 1584 1286 ἔχων
1622 1231 1664 1274 εἴ

341 1317 394 1358 3,,
407 1322 494 1357 κως
523 1307 740 1364 δυναίμην
768 1306 837 1350 ἐπὶ
864 1310 940 1363 τῆς
969 1307 1073 1364 ἐμῆς
1101 1319 1148 1353 σε
1189 1308 1288 1367 ζόης
1318 1309 1560 1364 διακλέψαι.
1600 1307 1661 1362 εἷς

325 1483 462 1523 sthenis
481 1483 600 1522 locum
628 1497 673 1523 ex
703 1488 793 1522 orat.
820 1499 889 1537 pro
919 1499 981 1525 co·

326 1555 404 1579 ron.
425 1555 463 1591 p.
492 1542 586 1582 174.
643 1541 686 1578 In
712 1555 818 1592 seqq.
851 1543 982 1582 retinui

327 1596 447 1649 μέθες
460 1628 470 1645 ,
499 1597 538 1634 in
558 1610 631 1646 quo
651 1611 777 1635 omnes
799 1599 878 1636 libri
896 1613 984 1637 con-

331 1654 501 1692 sentiunt.
570 1653 787 1691 Schaeferus
819 1657 984 1694 ediderat

331 1709 452 1761 μέτες.
510 1708 620 1747 Male.
678 1710 777 1747 Nam
802 1711 870 1750 alia
892 1726 984 1762 quo-

332 1779 402 1816 que
423 1767 522 1816 apud
537 1766 766 1803 Herodotum
784 1773 985 1817 occurrunt,

330 1823 390 1860 ubi
407 1823 553 1859 minime
572 1823 744 1873 aspiratio
765 1826 985 1874 negligitur3

330 1880 426 1917 conf.
451 1878 581 1915 Matth.
592 1892 678 1929 pag.
691 1880 773 1920 514
785 1909 796 1927 ,
814 1883 985 1919 Addend.

330 1936 381 1971 ad
417 1948 453 1985 p.
481 1934 547 1975 94.
614 1935 672 1973 De
706 1938 986 1987 praepositionis

331 2004 401 2027 usu
433 1991 470 2026 in
497 1991 615 2027 verbis
646 1990 711 2030 ἐπὶ
741 1990 816 2043 τήν
847 1990 987 2046 θήρην

330 2047 430 2084 conf.
453 2047 546 2084 infra
565 2047 669 2095 adl,
692 2048 758 2089 84.

387 2126 490 2176 ’ὅκως
513 2144 580 2180 μοι
600 2126 748 2181 αμείνω
773 2132 851 2172 εστι
862 2148 986 2173 ταυτα

332 2181 438 2225 οὕτω
468 2201 526 2225 πο
542 2182 779 2238 ιεόμενα]
811 2189 868 2227 De
899 2204 986 2241 par-

329 2243 441 2292 tieipii
478 2255 546 2279 usu
571 2243 650 2279 loco
694 2244 857 2281 infinitivi
901 2251 987 2296 post

332 2296 498 2349 ἄμεινον
518 2311 560 2335 ac
579 2299 707 2336 similia
723 2306 846 2338 monet
855 2301 986 2340 Matth.

332 2353 371 2406 ἓ.
394 2355 476 2396 555
496 2358 571 2392 not.
587 2368 675 2406 pag.
703 2358 826 2398 1090.

481 2472 514 2509 c
526 2484 548 2508 a
558 2485 596 2522 p.
625 2472 832 2511 xxxvm.

388 2552 483 2606 πρὸς
504 2549 563 2594 ὦν
594 2551 668 2606 τὴν
689 2553 788 2606 ’όψιν
813 2552 985 2608 ταύτην]

330 2611 354 2648 i.
374 2624 406 2648 e.
437 2611 622 2662 „Propter
647 2612 708 2649 hoc
729 2615 865 2661 visum,
896 2615 987 2664 quod

329 2670 457 2705 attinet
495 2669 544 2706 ad
583 2668 684 2705 hocce
719 2671 869 2707 vz'smnf‘
926 2671 987 2708 Sic

325 2723 508 2764 Plutarch.
532 2725 658 2762 Pericl.
673 2727 727 2767 36
744 2728 806 2763 fin.
828 2722 984 2777 η’ττήθη

323 2782 399 2818 τοῦ
429 2777 591 2827 πάθους
627 2780 725 2831 πρός
765 2778 842 2833 τήν
871 2780 982 2830 ὄψιν.

325 2836 437 2874 Plura
457 2837 586 2876 Matth.
603 2836 639 2888 ἓ.
653 2841 748 2886 591,
761 2840 787 2888 β
807 2841 981 2888 p.1181.

377 2891 444 2932 καὶ
477 2893 543 2934 ἐπὶ
587 2892 634 2935 τοὶ
676 2891 977 2949 παραλαμβανό-

1048 1502 1147 1542 μενα
1177 1483 1253 1529 ov’n
1281 1483 1531 1543 ἆποπέμπω]
1562 1487 1611 1530 τοὶ
1632 1505 1705 1531 πα-

1049 1543 1384 1599 ραλαμβανόμενα
1409 1553 1495 1586 sunt
1528 1561 1588 1596 ea,
1619 1562 1708 1599 quae

1048 1606 1300 1653 suscipiuntur.
1359 1605 1402 1642 In
1434 1618 1508 1655 quo
1545 1618 1621 1642 non
1652 1606 1707 1642 vi-

1051 1662 1147 1708 deo,
1186 1661 1274 1709 quid
1303 1660 1431 1698 doctos
1459 1662 1555 1699 viros
1583 1675 1708 1700 move-

1050 1717 1124 1764 rit,
1153 1720 1195 1753 ut
1214 1716 1365 1755 mallent
1385 1715 1434 1756 τοὶ
1455 1714 1706 1770 παραβαλλό-

1053 1786 1152 1824 μενα
1167 1785 1230 1821 ea,
1254 1787 1340 1824 quae
1354 1779 1609 1824 proponuntur,
1619 1788 1706 1825 pro-

1051 1832 1245 1877 ι’ίείιιηίαν,
1285 1832 1323 1867 z'n
1353 1831 1478 1882 quibus
1506 1832 1592 1869 adeo
1607 1833 1705 1881 peri-

1054 1886 1172 1924 culum
1211 1889 1312 1924 inest.
1384 1888 1497 1924 Cuius
1541 1888 1705 1926 lectionis

1053 1943 1243 1994 speciosae
1270 1947 1446 1994 patronus
1474 1945 1612 1982 exstitit
1632 1945 1708 1982 Co·-

1052 2013 1134 2038 raes
1163 1999 1292 2050 (apud
1323 2000 1573 2047 Larcherum)
1609 2014 1708 2039 eam-

1054 2069 1126 2106 que
1159 2057 1303 2094 firmare
1341 2058 1482 2095 studuit
1505 2058 1594 2096 locis
1625 2058 1706 2096 He-

1053 2113 1216 2150 rodoteis
1250 2113 1289 2160 l,
1314 2116 1405 2155 108.
1447 2114 1537 2161 Vll,
1559 2116 1611 2155 10
1644 2114 1706 2153 fin.

1053 2182 1150 2206 vers.
1191 2169 1358 2219 Thucyd.
1395 2170 1435 2219 I,
1472 2172 1563 2212 133.
1629 2171 1708 2209 Sed

1054 2223 1380 2276 παραλαμβάνειν
1400 2229 1570 2277 suscipere
1596 2227 1706 2277 lippis

1055 2294 1097 2318 ac
1134 2283 1344 2320 tonsoribus
1374 2288 1512 2321 notum.
1575 2282 1709 2321 Adfert

1056 2337 1121 2373 Cr.
1149 2338 1265 2375 locum
1303 2339 1445 2377 Platon.
1486 2340 1527 2376 in
1563 2339 1705 2377 Criton.

1054 2406 1091 2443 Ρ
1120 2396 1214 2434 109.
1251 2409 1288 2445 Ρ
1320 2398 1395 2437 151
1425 2396 1545 2433 Bekk.
1583 2392 1632 2435 τοῖ
1662 2393 1706 2434 δὲ

1055 2447 1147 2500 ε’ργα
1167 2447 1233 2488 δια
1258 2447 1328 2497 τοὶς
1344 2466 1423 2490 των
1443 2453 1707 2518 παραλαμβα-

1053 2502 1202 2543 νόντων
1226 2503 1454 2558 φθορὰς-
1475 2503 1705 2559 ἠφανίσθη.

1053 2582 1110 2588 —
1130 2561 1172 2598 In
1191 2575 1296 2611 seqq.
1325 2564 1491 2600 dedimus
1522 2562 1610 2614 ζόης
1635 2578 1704 2614 pro

1052 2616 1150 2665 mlg.
1174 2618 1275 2667 ζωης
1303 2632 1383 2656 cum
1415 2619 1561 2669 optimis
1591 2620 1704 2669 libris,

1053 2686 1144 2722 quos
1178 2679 1213 2710 et
1240 2675 1407 2723 Schwgh.
1439 2680 1475 2712 et
1500 2676 1616 2714 Gaisf.
1643 2690 1704 2714 se-

1052 2730 1122 2766 cuti
1158 2736 1251 2767 sunt.
1311 2731 1365 2767 llli
1395 2737 1450 2769 cet
1454 2745 1553 2769 erum
1585 2733 1704 2782 magis

1049 2786 1225 2835 placerxet
1277 2786 1342 2826 ε’πι
1386 2790 1456 2839 τῆς
1497 2788 1621 2840 ἐμῆς
1652 2802 1704 2841 γε

1051 2837 1102 2888 ζΟ
1116 2857 1175 2890 ⁹7
1157 2869 1187 2888 υ·

1106 2900 1163 2944 εἰς
1198 2895 1274 2952 γάρ
1318 2915 1385 2950 μοι
1425 2902 1577 2952 μοῦνος
1605 2916 1701 2954 τυγ-
