1759 3324
517 244 1038 287 EUTERPE.II.

1314 246 1396 285 797

132 362 204 405 καὶ
233 359 450 415 κατέμεινέ
478 372 523 400 τε
553 357 601 399 έν
624 354 852 413 Αἰγύπτῳ,
881 353 954 397 καὶ
984 352 1126 408 κάρτα
1154 350 1396 407 ἐπαφρόδι-

134 457 208 490 τος
246 437 474 494 γενομένη,
523 433 688 490 μεγάλα
730 434 937 490 ἐκτήσατο
979 431 1202 489 χρήματα,
1241 429 1300 482 ὦς
1339 430 1396 475 ἂν

131 516 241 562 εἶναι
265 515 496 566 Ῥοδῶπιν,
528 513 634 567 ἀτὰρ
666 511 748 556 οὐκ
779 512 838 564 ὥς
865 528 913 567 γε
935 512 979 563 ές
998 512 1226 566 πυραμίδα
1242 509 1394 554 τοιαύ-

103 605 123 637 3
136 613 212 651 την
241 594 469 646 ἐξικέσθαι.

530 597 608 650 τῆς
646 592 731 648 γὰρ
772 591 853 648 τήν
893 593 1078 646 δεκάτην
1108 593 1197 634 τῶν
1226 589 1395 646 χρημά-

127 691 215 718 των
245 674 417 717 ἰδέσθαι
451 673 540 716 ἐστὶ
577 673 639 716 ἔτι
672 672 745 715 καὶ
784 671 826 722 ές
856 670 954 714 τόδε
983 670 1112 714 παντὶ
1142 673 1203 727 τῷ
1232 671 1395 725 βουλο-

127 752 269 809 μένῳ,
323 750 454 796 ούδὲν
496 753 562 794 δεῖ
597 749 764 807 μεγάλα
815 752 859 794 οἱ
906 748 1103 806 χρήματα
1153 746 1452 793 ἄναθεῖναι.7ο

97 831 375 888 4ἐπεθύμησε
412 829 496 886 γαρ
542 829 752 881 Ῥοδῶπις
789 829 1008 886 μνημήιον
1051 828 1214 885 ἑωυτῆς
1252 828 1300 872 ἐν
1338 832 1394 885 τῇ

120 910 289 954 Ἑλλάδι
327 912 644 954 καταλιπέσθαι
666 942 677 961 ,
737 911 903 964 ποίημα
943 908 1214 965 ποιησαμένη
1250 911 1394 959 τοῦτο,

125 990 174 1034 τό
205 990 263 1046 μὴ
293 988 496 1046 τυγχάνει
527 989 642 1044 ἄλλῳ
673 989 964 1045 ἐξευρημένον
993 989 1066 1032 καὶ
1108 985 1392 1042 ἀνακείμενον

123 1070 172 1113 έν
203 1072 307 1127 ἱρῷ,
349 1073 480 1113 τοῦτο
513 1066 743 1112 ἀναθεῖναι
781 1068 824 1119 ές
854 1067 1065 1123 Δελφούς
1104 1065 1392 1124 μνημόσυνον
1452 1073 1531 1113 169

97 1149 302 1204 5έωυτῆς.
334 1152 409 1204 τῆς
439 1142 502 1191 ὧν
531 1147 709 1204 δεκάτης
738 1151 828 1190 τῶν
857 1146 1091 1204 χρημάτων
1119 1145 1449 1203 ποιησαμένη75

123 1227 304 1285 ὀβελοὺς
341 1226 600 1284 βουπόρους
633 1225 826 1278 πολλοὺς
863 1227 1114 1283 σιδηρέους,
1167 1226 1275 1270 ὅσον
1299 1224 1391 1269 ἐνε-

123 1306 256 1362 χώρεε
285 1306 312 1363 ἡ
346 1307 502 1363 δεκάτη
531 1308 595 1359 οἱ,
647 1305 869 1363 ἀπέπεμπε
900 1306 942 1358 ές
976 1304 1202 1362 Δελφούς·
1245 1307 1289 1349 οἳ
1317 1305 1393 1349 καὶ

124 1390 209 1430 νῦν
239 1386 300 1430 ἔτι
331 1386 641 1439 συννενέαται,
691 1385 850 1431 ὄπισθε
891 1386 971 1442 μὲν
1008 1389 1089 1429 τοῦ
1126 1387 1279 1442 βωμοῦ
1313 1385 1391 1430 τὸν

66 1606 143 1644 beri
160 1610 257 1644 recte
276 1606 415 1644 monuit
443 1606 723 1657 W‘esselingius,

66 1676 141 1713 quo
183 1667 377 1709 monente,
417 1663 570 1713 Sappho
610 1667 721 1715 μελο-

66 1716 178 1764 ποιός
199 1747 210 1766 ,
249 1720 560 1768 quemadmodum
586 1720 723 1757 Pinda—

67 1789 129 1812 rus
153 1776 189 1812 in
209 1780 299 1812 orat.
322 1788 358 1824 p.
377 1776 430 1816 25
454 1776 583 1813 Dionis
604 1777 723 1826 Chry-

67 1835 157 1869 sost.
200 1835 237 1869 et
275 1831 473 1882 Hipponax
522 1833 722 1870 Theocrito

66 1887 202 1926 anthol.
226 1888 275 1924 ΙΙΙ
293 1901 380 1937 pag.
399 1890 483 1930 392
514 1903 542 1926 s.
569 1889 723 1927 analect.

67 1945 226 1982 Brunck.
249 1948 277 1982 t.
294 1944 309 1981 I
328 1958 365 1995 p.
387 1946 482 1986 382.

123 2054 176 2104 ὥς
206 2052 258 2096 ἂν
288 2054 391 2097 εἶναι
415 2055 623 2110 Ῥοδῶπιν]
666 2059 722 2097 Ita

66 2113 149 2151 libri
170 2116 302 2152 vetusti
324 2128 461 2153 omnes.
513 2116 719 2154 Valckena-

64 2172 138 2208 rius
169 2171 321 2208 coniecit
345 2168 575 2220 Ῥοδώπιος,
617 2174 718 2222 quod

65 2227 213 2265 Reizius
231 2228 380 2279 recepit,
402 2228 470 2266 hoc
490 2231 566 2267 fere
588 2243 716 2267 sensu:

67 2296 143 2333 opes
179 2296 357 2333 magnas,
395 2289 436 2321 ut
485 2286 716 2337 Rhodopidis

68 2340 210 2378 scilieet.
247 2342 324 2378 Sed
343 2346 441 2379 recte
460 2342 645 2391 vulgatam
666 2343 717 2380 sic

67 2396 237 2446 explicuit
267 2398 652 2446 Schweighaeuserus:
680 2403 720 2436 ut

70 2465 158 2502 quae
198 2453 381 2504 Rhoclopz's
420 2459 531 2502 esset,
571 2468 721 2505 magnas

66 2511 232 2558 pecunias
245 2512 314 2548 sihi
327 2514 542 2561 acquisivit,
564 2513 586 2549 i.
607 2526 638 2551 e.
656 2525 720 2562 pro

70 2564 287 2615 Rhodopz'dz's
316 2568 530 2616 conditione,
561 2573 602 2606 ut
631 2583 721 2619 quae

70 2621 154 2658 talis
179 2627 269 2659 esset·
289 2624 432 2673 mulier,
462 2638 611 2674 magnas
642 2639 720 2675 opes

68 2677 136 2714 szbz'
153 2683 378 2728 comparavit.
417 2682 560 2725 Quibus
582 2683 718 2733 optime

68 2735 289 2784 respondent
301 2740 510 2787 sequentia:
531 2733 630 2789 οἷταρ
645 2734 718 2778 οὔκ

71 2785 126 2836 ὥς
156 2804 198 2840 γε
221 2789 261 2837 ἔς
295 2795 500 2857 πυραμίδα
527 2790 719 2845 τοιαύτην

70 2843 268 2892 ἐξικέσθαι
303 2850 327 2886 i.
369 2863 401 2887 e.
432 2864 494 2888 nec
522 2864 602 2888 vero
631 2851 719 2888 tales

70 2902 220 2952 (opes),
264 2917 352 2954 qaae
380 2906 429 2944 ad
465 2907 569 2945 talem
603 2920 717 2958 pyra-

789 1606 915 1644 midem
946 1605 1193 1644 exstruendam
1232 1605 1446 1656 sufficerent.

789 1663 886 1701 Add.
906 1663 1035 1700 Matth.
1057 1664 1122 1700 Gr.
1146 1663 1211 1699 Gr.
1229 1676 1313 1712 pag.
1339 1666 1448 1704 1069

791 1720 842 1758 sic
860 1725 1124 1771 exponentem:
1155 1719 1257 1769 „fiir
1277 1719 1333 1756 elie
1346 1719 1447 1756 le-

791 1776 911 1826 dopis,
940 1777 1104 1813 insofern
1124 1776 1242 1813 dieses
1269 1777 1335 1813 das
1356 1776 1449 1813 Ver-

791 1836 926 1882 miigen
947 1834 1047 1870 einer
1074 1832 1357 1882 Privatperson‚
1381 1832 1448 1869 der

791 1889 1007 1939 Rhodopis‚
1038 1890 1149 1925 war.“
1177 1909 1234 1916 —
1281 1885 1449 1939 ὀβελούς

791 1942 1020 1997 βουπόρους
1038 1945 1075 1981 ἰη
1105 1958 1208 1994 seqq.
1229 1945 1318 1983 dicit
1339 1958 1450 1983 verua

791 2003 954 2040 assandz's
974 2003 1078 2039 bobus
1098 2002 1223 2039 idonea
1234 2016 1247 2047 ‚·
1283 2015 1378 2051 quae
1399 2002 1447 2039 ad

791 2072 929 2097 sacram
953 2058 1209 2109 supellectilem
1226 2059 1448 2109 pertinuisse

790 2115 961 2154 credibile
979 2121 1046 2153 est.

844 2231 883 2270 οἳ
903 2228 970 2270 καὶ
994 2231 1072 2269 νῦν
1093 2228 1148 2269 ἔτι
1172 2226 1444 2279 συννενέαται]

787 2286 1042 2327 συννενέαται
1072 2299 1094 2323 a
1122 2286 1232 2323 schol.
1254 2285 1360 2323 Pass.
1385 2298 1448 2323 ex-

788 2344 940 2395 plicatur
960 2345 994 2381 h.
1012 2343 1035 2380 l.
1060 2341 1322 2394 συνηγμένοι,
1355 2355 1447 2381 συν-

790 2399 1004 2452 ειλεγμένοι
1024 2400 1132 2449 (quae
1143 2402 1332 2436 etiamnum
1345 2411 1445 2436 coar-

789 2462 931 2495 cervata
951 2472 980 2494 s.
1002 2456 1147 2494 collecta
1172 2456 1341 2503 exstant).
1386 2455 1447 2493 De

788 2516 906 2552 forma
926 2515 1022 2552 conf.
1040 2513 1069 2561 Ι,
1089 2513 1155 2554 50.
1185 2512 1234 2559 ΙΙ,
1258 2515 1337 2553 107
1364 2511 1445 2549 coll.

789 2570 826 2618 Ι,
851 2570 917 2612 34.
955 2572 1020 2611 86.
1094 2569 1154 2606 Ad
1189 2573 1446 2618 argumentum

789 2627 925 2664 consul.
946 2626 1126 2664 Plutarch.
1143 2638 1235 2663 mor.
1256 2639 1292 2675 p.
1306 2624 1446 2671 400‚F

788 2697 864 2733 seq.
889 2697 910 2720 e
927 2696 1000 2732 quo
1020 2682 1271 2731 intelligimus,
1302 2681 1447 2718 Plutar-

787 2740 843 2777 chi
863 2744 984 2777 aetate
998 2739 1088 2777 haec
1106 2739 1255 2776 minime
1271 2737 1341 2774 illic
1355 2738 1446 2774 fuis-

788 2809 829 2834 se
848 2796 1011 2845 quamvis
1030 2796 1132 2841 1000,
1162 2807 1236 2844 quo
1263 2794 1347 2831 olim
1365 2794 1446 2831 fue-

786 2853 882 2900 rint,
910 2853 1006 2890 bene
1025 2853 1185 2901 cognito,
1202 2872 1260 2878 —
1280 2850 1338 2888 De
1353 2850 1445 2886 urbe

787 2908 964 2947 Naucrati
982 2910 1076 2946 conf.
1097 2912 1176 2945 not.
1200 2908 1250 2945 ad
1269 2906 1326 2954 ΙΙ,
1351 2906 1443 2946 178.
