1759 3324
529 266 948 306 EUTERPE.
1003 267 1047 304 ΙΙ.
1324 268 1407 308 531

152 379 230 424 τὸν
257 378 390 435 ταύτῃ
421 374 555 428 εἶναι,
587 376 798 419 διακαίων
827 374 907 430 τὴν
936 373 1132 425 διέξοδον
1153 373 1294 432 αὐτῷ·
1326 375 1405 419 οὕ-

117 465 208 501 Ξτω
237 461 310 512 τῆς
338 455 503 510 Λιβύης
539 453 592 497 τοὶ
631 452 722 496 ἄνω
763 454 893 508 θέρος
924 453 1005 495 αἰεὶ
1035 453 1210 509 κατέχει.
1269 456 1328 497 Εἰ
1358 454 1404 498 δὲ
1459 457 1631 518 Ῑξζθξζξῖῧῇξε
1658 460 1735 520 “ff-³¹¹

1641 512 1650 527 ‚
1723 509 1734 514 -

1410 539 1430 574 5
1460 513 1550 552 nuiio
1560 525 1637 553 idem
1645 534 1734 555 even-

1459 563 1567 587 turum.

148 536 176 592 ἦ
207 533 352 585 στάσις
384 534 569 590 ἤλλακτο
599 535 687 575 τῶν
717 531 888 586 (ὁρέων,
917 532 991 574 καὶ
1020 535 1100 575 τοῦ
1132 530 1330 586 οὐρανοῦ
1348 537 1401 591 τῇ

148 615 226 670 μὲν
254 617 338 657 νῦν
367 610 390 656 ὁ
423 611 579 668 βορέης
617 627 662 655 τε
699 612 773 655 καὶ
815 609 839 654 ὁ
878 610 1037 666 χειμών
1066 612 1229 663 ἑστᾶσι,
1267 611 1406 669 ταύτῃ

145 692 225 748 μὲν
252 695 332 735 τοῦ
361 690 495 735 νότου
525 686 580 748 ἦν
608 689 635 746 ἦ
667 692 814 742 στάσις
842 692 915 734 καὶ
943 694 1020 745 τῆς
1037 693 1322 746 μεσαμβρίης,
1353 694 1408 746 τῇ

119 770 199 814 3δὲ
226 768 249 814 ὁ
278 769 405 822 νότος
433 775 517 814 νῦν
547 770 723 827 ἕστηκε,
752 769 886 827 ταύτῃ
915 770 960 813 δὲ
991 767 1212 826 ὁβορὲης·
1244 771 1281 813 εἰ
1297 772 1405 812 ταῦ-

147 867 200 892 τα
231 848 345 892 οὕτω
377 848 484 905 εἶχε,
527 849 550 895 ὁ
583 849 704 906 ἥλιος
734 847 789 891 ἂν
818 847 1166 904 ἀπελαυνόμενος
1196 849 1241 892 ἐκ
1271 850 1405 904 μέσου

145 932 226 971 τοῦ
256 926 452 982 οὐρανοῦ
480 927 567 971 ὑπὸ
599 933 678 972 τοῦ
707 932 913 984 χειμῶνος
942 928 1015 970 καὶ
1043 931 1122 971 τοῦ
1150 926 1306 984 βορέω,
1337 926 1404 983 ἤϊε

145 1007 201 1050 ἂν
229 1005 281 1049 τοὶ
312 1005 400 1049 ἄνω
431 1010 505 1063 τῆς
536 1005 773 1064 Εὐρώπης,
805 1005 993 1062 κατάπερ
1023 1010 1106 1049 νῦν
1134 1010 1209 1062 τῆς
1230 1006 1401 1064 Λιβύης
1460 1016 1539 1059 115

116 1085 324 1141 4ἔρχεται.
367 1083 578 1137 διεξιόντα
623 1084 666 1130 δ’
699 1086 753 1128 ἄν
780 1103 854 1141 μιν
885 1086 957 1129 δια
995 1084 1135 1142 πάσης
1165 1084 1402 1142 Εὐρώπης,
1416 1094 1456 1127 11

146 1166 327 1220 ἔλπομαι
367 1165 528 1207 ποιέειν
567 1163 622 1208 ἄν
656 1164 733 1208 τόν
761 1163 932 1217 Ἴστρον
961 1164 1013 1208 τά
1041 1180 1121 1219 περ
1160 1168 1244 1207 νῦν
1273 1164 1399 1220 ἐργά-

25 1245 90 1290 2Ί
150 1248 261 1297 ζεται
300 1244 377 1286 τὸν
416 1247 589 1287 Νεῖλον.
662 1248 746 1300 Τῆς
787 1243 923 1300 αὔρης
963 1244 1009 1287 δὲ
1043 1244 1160 1297 πέρι,
1209 1242 1276 1286 ὅτι
1315 1243 1398 1288 οὐκ
1453 1252 1731 1314 fflflffiemrffitlgg

146 1321 376 1376 ἀποπνέει,
406 1322 535 1380 τήνδε
563 1323 640 1379 ἔχω
670 1323 868 1380 γνώμην,
909 1321 968 1373 ὦς
1006 1322 1145 1378 κάρτα
1175 1320 1259 1365 ἀπό
1290 1327 1397 1379 θερ-
1452 1319 1615 1354 ⁰⁸⁵P¹¹³ffi

143 1507 333 1547 διακαίων
342 1504 416 1559 τήν
429 1505 605 1555 διέξοδον
618 1503 737 1561 αὐτῷ]

86 1559 195 1618 αὐτῷ
204 1565 376 1614 plurimos
388 1565 496 1601 libros
507 1568 648 1601 secutus
661 1566 739 1601 edi-

86 1622 141 1658 dit
167 1621 419 1667 Gaisfordiu53
462 1620 572 1669 vulgo
598 1617 737 1668 αὐτοῦ,

87 1678 186 1726 quod
199 1678 247 1714 ad
268 1689 400 1724 aerem,
420 1677 481 1725 qui
501 1677 584 1713 solis
604 1678 738 1714 transi-

86 1738 126 1770 tu
145 1733 394 1780 excandescat,
405 1734 530 1770 referri
546 1733 620 1770 vult
631 1733 679 1770 W
681 1747 738 1771 es-

85 1789 279 1837 selingius3
319 1790 385 1826 sed
432 1790 561 1827 rectius
608 1790 737 1839 opinor

84 1845 447 1893 Schweighaeuserus
487 1845 660 1883 intellexit
690 1847 737 1883 de

85 1901 178 1948 sole,
209 1904 269 1951 qui
287 1906 412 1938 &curat
430 1914 531 1938 suum
550 1904 737 1939 transitum

84 1958 108 1995 i.
130 1971 162 1996 e.
194 1959 308 1994 οηιηία
337 1971 425 2008 quae
463 1962 620 1995 transeat
652 1971 737 1995 exu-

83 2018 152 2051 rat.
183 2013 358 2061 διέξοδος
380 2015 487 2061 enim,
517 2015 583 2052 crit
601 2019 736 2052 tractus

82 2070 143 2108 ille
163 2071 200 2107 in
219 2071 318 2108 coelo
339 2084 448 2121 super
464 2076 608 2118 terram,
627 2084 735 2120 quem

82 2131 246 2179 permeat
258 2127 331 2174 sol;
361 2129 454 2164 conf.
480 2140 590 2178 supra
608 2127 655 2175 ΙΙ,
667 2126 733 2169 24.

82 2203 140 2211 —-
157 2183 199 2220 In
218 2197 320 2233 seqq.
343 2185 390 2220 ad
407 2181 454 2222 τοὶ
472 2180 555 2222 ἅνω
574 2186 645 2234 τῆς
663 2186 735 2222 Λι-

84 2234 186 2290 βύης
214 2244 250 2277 et
276 2239 383 2290 paulo
410 2241 558 2278 inferius
583 2238 629 2278 τοὶ
651 2237 734 2279 ἅνω

83 2297 155 2346 τῆς
173 2291 377 2347 Εὐρώπης
395 2298 487 2334 conf.
507 2301 597 2333 nott.
616 2298 664 2334 ad
685 2296 733 2344 ΙΙ,

84 2352 151 2393 24.
205 2351 264 2389 Ad
292 2366 417 2390 vocem
454 2350 610 2404 αἱρέων,
664 2365 736 2402 qua

83 2411 298 2458 tempestates
309 2412 395 2448 anni
404 2410 620 2458 indicantur,
639 2410 735 2447 conf.

83 2462 115 2511 I,
136 2464 227 2507 142.

141 2573 208 2613 καὶ
225 2578 299 2616 τοῦ
315 2572 495 2630 ούρανοῦ
511 2579 562 2632 τῇ
574 2574 645 2628 μὲν
657 2579 736 2616 νῦν

87 2627 113 2670 ὅ
133 2629 272 2682 βορέης
289 2648 324 2671 κ.
334 2648 364 2672 τ.
383 2633 438 2685 λ.]
462 2635 565 2672 Bene
577 2634 633 2671 hic
648 2647 736 2683 par-

85 2685 212 2725 ticulae
243 2689 309 2726 sibi
330 2689 481 2728 invicem
508 2691 546 2727 in
569 2691 735 2728 oratione

84 2741 271 2781 bimembri
303 2748 547 2796 respondent3
579 2758 664 2783 nam
696 2747 734 2784 in

83 2797 195 2847 priori
216 2804 254 2836 ut
277 2802 328 2854 τῇ
347 2799 417 2852 μὲν
440 2807 477 2840 et
503 2798 624 2856 ταύτῃ
649 2799 734 2852 μὲν,

84 2853 136 2890 ita
156 2854 193 2890 in
213 2857 400 2904 posteriori
420 2860 469 2912 τῇ
488 2855 530 2897 δὲ
549 2862 735 2909 ponuntur

85 2912 124 2946 et
163 2905 283 2966 ταύτῃ
319 2910 382 2961 δὲς
423 2915 541 2962 confi,
589 2918 735 2965 praeter

805 1507 989 1545 Schaefer.
1009 1506 1045 1542 in
1064 1505 1205 1543 Melett.
1222 1507 1311 1543 critt.
1324 1520 1360 1557 p.
1376 1509 1455 1548 111

805 1569 881 1601 not.
901 1569 936 1602 et
962 1564 1118 1601 Werser.
1138 1563 1175 1599 in
1201 1562 1296 1600 Actt.
1321 1562 1457 1613 philoll.

804 1620 968 1657 Monacc.
991 1620 1028 1666 l,
1060 1622 1081 1660 1
1103 1632 1188 1668 pag.
1213 1621 1289 1666 90,
1324 1618 1456 1656 Matth.

807 1677 872 1714 Gr.
886 1677 951 1713 Gr.
964 1689 1050 1727 pag.
1072 1677 1190 1716 1263.
1222 1675 1335 1711 Simili
1346 1676 1457 1713 modo

804 1733 841 1769 in
854 1745 955 1782 seqq.
974 1731 1151 1782 duplicem
1163 1731 1361 1768 invenimus
1373 1744 1459 1782 par-

805 1789 948 1826 ticulam
972 1784 1041 1835 ἂν,
1071 1801 1166 1836 quae
1187 1787 1299 1825 altero
1314 1787 1393 1825 loco
1409 1788 1457 1824 ad

805 1846 922 1896 ipsum
948 1844 1197 1894 participium,
1237 1843 1349 1881 altero
1377 1843 1457 1881 loco

805 1903 853 1939 ad
872 1902 1019 1939 verbum
1042 1900 1182 1937 finitum
1207 1900 1332 1937 referri
1351 1903 1458 1950 pote-

803 1959 860 2005 rit,
889 1959 1042 1994 docente
1063 1957 1193 1994 eodem
1205 1956 1373 1994 Werfero
1391 1955 1415 1994 l.
1431 1955 1455 1994 l,

802 2014 832 2063 Ι,
856 2017 882 2055 2
907 2026 993 2065 pag.
1014 2013 1108 2055 250.

860 2092 1055 2145 διεξιόντα
1078 2093 1119 2136 δ’
1144 2094 1195 2136 ι’ἷν
1215 2112 1283 2148 μιν
1302 2110 1337 2135 κ.
1354 2110 1385 2134 τ.
1406 2094 1455 2146 λ.]

801 2152 861 2191 Ad
893 2154 1003 2191 solem
1027 2154 1116 2192 haec
1142 2154 1360 2200 referenda,
1395 2152 1456 2201 qui

803 2211 867 2258 (ex
879 2211 1058 2248 Herodoti
1071 2210 1212 2258 mente)
1235 2211 1266 2247 si
1281 2210 1325 2246 ab
1342 2208 1454 2246 altera

801 2272 905 2318 parte
922 2267 1109 2316 Europam
1131 2280 1273 2303 omnem
1291 2277 1456 2316 permea-

802 2328 857 2361 ret
896 2324 955 2371 (ut
984 2336 1078 2360 nunc
1112 2336 1161 2360 sc.
1190 2322 1346 2371 Libyam
1371 2334 1456 2371 per-

801 2381 940 2427 meat),
969 2380 1067 2417 idem
1097 2380 1134 2416 in
1161 2379 1254 2416 Istro
1283 2378 1455 2425 efficeret,

802 2437 903 2486 quod
923 2448 1019 2474 nunc
1040 2436 1077 2473 in
1098 2435 1185 2473 Nilo
1210 2435 1332 2473 efficit.

981 2548 1013 2586 c
1025 2561 1047 2586 a
1058 2562 1095 2599 p.
1125 2547 1278 2585 xxvn.

861 2631 915 2680 ὥς
933 2627 1058 2684 κάρτα
1088 2627 1166 2671 eino*
1192 2631 1356 2680 θερμῶν
1380 2644 1452 2680 χω-

802 2687 902 2739 ρέων
920 2705 954 2728 κ.
977 2705 1008 2728 τ.
1029 2687 1084 2739 λ,]
1116 2689 1224 2726 Conf.
1244 2687 1291 2735 ΙΙ,
1316 2689 1367 2727 19
1391 2687 1454 2723 fin.

802 2747 895 2783 Cum
913 2746 1104 2784 Herodoto
1125 2745 1160 2781 in
1171 2745 1225 2782 his
1240 2742 1456 2781 conveniunt

801 2801 938 2839 Plinius
956 2803 1005 2839 H.
1025 2801 1074 2839 N.
1100 2801 1156 2848 V,
1187 2803 1225 2842 9.
1266 2799 1454 2837 Diodorus

801 2858 940 2895 Siculus
962 2858 991 2905 I,
1013 2860 1090 2904 38,
1119 2857 1202 2904 alii,
1232 2868 1324 2905 quos
1344 2855 1457 2892 inter-

800 2919 922 2964 pretes
943 2915 991 2952 ad
1013 2913 1049 2951 h.
1068 2913 1091 2951 l.
1114 2913 1317 2957 adiiciunt,

1139 2969 1196 3008 34
1218 2968 1236 2989 *¹
