<?xml version="1.0" encoding="UTF-8"?>
<!DOCTYPE html PUBLIC "-//W3C//DTD XHTML 1.0 Transitional//EN"
    "http://www.w3.org/TR/xhtml1/DTD/xhtml1-transitional.dtd">
<html xmlns="http://www.w3.org/1999/xhtml" xml:lang="en" lang="en">
 <head>
  <title>
</title>
<meta http-equiv="Content-Type" content="text/html;charset=utf-8" />
  <meta name='ocr-system' content='tesseract 3.04.00' />
  <meta name='ocr-capabilities' content='ocr_page ocr_carea ocr_par ocr_line ocrx_word'/>
</head>
<body>
  <div class='ocr_page' id='page_1' title='image "./musaeher01hero/musaeher01hero_0293.png"; bbox 0 0 1805 3324; ppageno 0'>
   <div class='ocr_carea' id='block_1_1' title="bbox 684 205 1475 251">
    <p class='ocr_par' dir='ltr' id='par_1_1' title="bbox 684 205 1475 251">
     <span class='ocr_line' id='line_1_1' title="bbox 684 205 1475 251; baseline 0.006 -5"><span class='ocrx_word' id='word_1_1' title='bbox 684 205 906 246; x_wconf 86' lang='lat' dir='ltr'>CLIO.</span> <span class='ocrx_word' id='word_1_2' title='bbox 963 207 991 244; x_wconf 90' lang='grc' dir='ltr'><strong><em>Ι.</em></strong></span> <span class='ocrx_word' id='word_1_3' title='bbox 1392 211 1475 251; x_wconf 74' lang='lat'><strong><em>279</em></strong></span> 
     </span>
    </p>
   </div>
   <div class='ocr_carea' id='block_1_2' title="bbox 164 315 1579 1487">
    <p class='ocr_par' dir='ltr' id='par_1_2' title="bbox 164 315 1579 1487">
     <span class='ocr_line' id='line_1_2' title="bbox 205 315 1474 377; baseline -0.002 -12"><span class='ocrx_word' id='word_1_4' title='bbox 205 320 331 377; x_wconf 78' lang='grc' dir='ltr'><strong><em>ἔφερε</em></strong></span> <span class='ocrx_word' id='word_1_5' title='bbox 360 315 630 364; x_wconf 73' lang='grc' dir='ltr'><strong><em>θανατώσων</em></strong></span> <span class='ocrx_word' id='word_1_6' title='bbox 656 317 817 368; x_wconf 87' lang='grc' dir='ltr'><strong><em>παῖδα,</em></strong></span> <span class='ocrx_word' id='word_1_7' title='bbox 848 318 1008 359; x_wconf 89' lang='grc' dir='ltr'><strong><em>τοῦτον</em></strong></span> <span class='ocrx_word' id='word_1_8' title='bbox 1037 315 1118 372; x_wconf 79' lang='grc' dir='ltr'><strong><em>μὲν</em></strong></span> <span class='ocrx_word' id='word_1_9' title='bbox 1147 318 1391 370; x_wconf 80' lang='grc' dir='ltr'><em>παραδιδοῖ</em></span> <span class='ocrx_word' id='word_1_10' title='bbox 1418 320 1474 375; x_wconf 82' lang='grc' dir='ltr'><strong><em>τῇ</em></strong></span> 
     </span>
     <span class='ocr_line' id='line_1_3' title="bbox 203 393 1527 453; baseline -0.002 -10"><span class='ocrx_word' id='word_1_11' title='bbox 203 399 370 443; x_wconf 81' lang='grc' dir='ltr'><strong><em>έωυτοῦ</em></strong></span> <span class='ocrx_word' id='word_1_12' title='bbox 403 396 602 453; x_wconf 76' lang='grc' dir='ltr'><strong><em>γυναικί’</em></strong></span> <span class='ocrx_word' id='word_1_13' title='bbox 633 393 714 438; x_wconf 83' lang='grc' dir='ltr'><strong><em>τὸν</em></strong></span> <span class='ocrx_word' id='word_1_14' title='bbox 736 395 782 438; x_wconf 82' lang='grc' dir='ltr'><strong><em>δὲ</em></strong></span> <span class='ocrx_word' id='word_1_15' title='bbox 802 395 975 439; x_wconf 79' lang='grc' dir='ltr'><strong><em>ἑωυτοῦ</em></strong></span> <span class='ocrx_word' id='word_1_16' title='bbox 986 427 998 447; x_wconf 92' lang='grc'><strong>,</strong></span> <span class='ocrx_word' id='word_1_17' title='bbox 1029 393 1158 439; x_wconf 80' lang='grc' dir='ltr'><strong><em>ἐόντα</em></strong></span> <span class='ocrx_word' id='word_1_18' title='bbox 1177 396 1358 450; x_wconf 79' lang='grc' dir='ltr'><strong><em>νεκρόν,</em></strong></span> <span class='ocrx_word' id='word_1_19' title='bbox 1391 401 1470 441; x_wconf 76' lang='grc' dir='ltr'><strong><em>λα·</em></strong></span> <span class='ocrx_word' id='word_1_20' title='bbox 1483 406 1527 440; x_wconf 87' lang='grc'><strong><em>85</em></strong></span> 
     </span>
     <span class='ocr_line' id='line_1_4' title="bbox 201 472 1466 533; baseline 0 -12"><span class='ocrx_word' id='word_1_21' title='bbox 201 477 294 533; x_wconf 74' lang='grc' dir='ltr'><strong><em>βων</em></strong></span> <span class='ocrx_word' id='word_1_22' title='bbox 334 477 460 532; x_wconf 76' lang='grc' dir='ltr'><strong><em>ἔθηκε</em></strong></span> <span class='ocrx_word' id='word_1_23' title='bbox 507 475 550 526; x_wconf 74' lang='grc' dir='ltr'><strong><em>ἐς</em></strong></span> <span class='ocrx_word' id='word_1_24' title='bbox 589 472 637 518; x_wconf 86' lang='grc' dir='ltr'>τὸ</span> <span class='ocrx_word' id='word_1_25' title='bbox 677 472 810 530; x_wconf 79' lang='grc' dir='ltr'><strong><em>ἄγγος</em></strong></span> <span class='ocrx_word' id='word_1_26' title='bbox 851 474 900 518; x_wconf 79' lang='grc' dir='ltr'><strong><em>ἐν</em></strong></span> <span class='ocrx_word' id='word_1_27' title='bbox 940 477 1000 532; x_wconf 78' lang='grc' dir='ltr'><strong><em>τῷ</em></strong></span> <span class='ocrx_word' id='word_1_28' title='bbox 1031 473 1158 530; x_wconf 74' lang='grc' dir='ltr'><strong><em>ἔφερε</em></strong></span> <span class='ocrx_word' id='word_1_29' title='bbox 1187 491 1266 518; x_wconf 86' lang='grc' dir='ltr'><strong><em>τον</em></strong></span> <span class='ocrx_word' id='word_1_30' title='bbox 1295 476 1466 531; x_wconf 76' lang='grc' dir='ltr'><strong><em>ἕτερον·</em></strong></span> 
     </span>
     <span class='ocr_line' id='line_1_5' title="bbox 201 552 1468 612; baseline 0 -12"><span class='ocrx_word' id='word_1_31' title='bbox 201 553 420 612; x_wconf 81' lang='grc' dir='ltr'><strong><em>κοσμήσας</em></strong></span> <span class='ocrx_word' id='word_1_32' title='bbox 459 554 505 598; x_wconf 78' lang='grc' dir='ltr'><strong><em>δὲ</em></strong></span> <span class='ocrx_word' id='word_1_33' title='bbox 545 557 606 611; x_wconf 77' lang='grc' dir='ltr'><strong><em>τῷ</em></strong></span> <span class='ocrx_word' id='word_1_34' title='bbox 646 552 797 612; x_wconf 84' lang='grc' dir='ltr'><strong><em>κόσμῳ</em></strong></span> <span class='ocrx_word' id='word_1_35' title='bbox 833 554 965 598; x_wconf 84' lang='grc' dir='ltr'><strong><em>παντὶ</em></strong></span> <span class='ocrx_word' id='word_1_36' title='bbox 1001 558 1085 599; x_wconf 84' lang='grc' dir='ltr'><strong><em>τοῦ</em></strong></span> <span class='ocrx_word' id='word_1_37' title='bbox 1115 553 1267 610; x_wconf 80' lang='grc' dir='ltr'><strong><em>ἑτέρου</em></strong></span> <span class='ocrx_word' id='word_1_38' title='bbox 1297 556 1468 609; x_wconf 85' lang='grc' dir='ltr'><strong><em>παιδὸς,</em></strong></span> 
     </span>
     <span class='ocr_line' id='line_1_6' title="bbox 172 630 1579 690; baseline 0.004 -15"><span class='ocrx_word' id='word_1_39' title='bbox 172 634 349 690; x_wconf 73' lang='grc' dir='ltr'><strong><em>εφέρων</em></strong></span> <span class='ocrx_word' id='word_1_40' title='bbox 378 632 421 685; x_wconf 83' lang='grc' dir='ltr'><strong><em>ἐς</em></strong></span> <span class='ocrx_word' id='word_1_41' title='bbox 453 632 502 677; x_wconf 81' lang='grc' dir='ltr'><strong><em>τό</em></strong></span> <span class='ocrx_word' id='word_1_42' title='bbox 532 632 800 689; x_wconf 76' lang='grc' dir='ltr'><strong><em>ἐρημότατον</em></strong></span> <span class='ocrx_word' id='word_1_43' title='bbox 828 638 918 679; x_wconf 77' lang='grc' dir='ltr'><strong><em>τῶν</em></strong></span> <span class='ocrx_word' id='word_1_44' title='bbox 947 633 1120 689; x_wconf 77' lang='grc' dir='ltr'><strong><em>οὐρέων</em></strong></span> <span class='ocrx_word' id='word_1_45' title='bbox 1148 640 1272 679; x_wconf 81' lang='grc' dir='ltr'><strong><em>τιθεῖ.</em></strong></span> <span class='ocrx_word' id='word_1_46' title='bbox 1334 634 1393 687; x_wconf 71' lang='grc' dir='ltr'><strong><em>ὥς</em></strong></span> <span class='ocrx_word' id='word_1_47' title='bbox 1423 636 1469 680; x_wconf 79' lang='grc' dir='ltr'><strong><em>δὲ</em></strong></span> <span class='ocrx_word' id='word_1_48' title='bbox 1526 630 1579 672; x_wconf 89' lang='grc'><strong><em>57</em></strong></span> 
     </span>
     <span class='ocr_line' id='line_1_7' title="bbox 196 705 1468 772; baseline 0.002 -15"><span class='ocrx_word' id='word_1_49' title='bbox 196 714 316 770; x_wconf 80' lang='grc' dir='ltr'><strong><em>τρίτη</em></strong></span> <span class='ocrx_word' id='word_1_50' title='bbox 343 711 479 769; x_wconf 82' lang='grc' dir='ltr'><strong><em>ἡμέρη</em></strong></span> <span class='ocrx_word' id='word_1_51' title='bbox 515 716 577 770; x_wconf 78' lang='grc' dir='ltr'><strong><em>τῷ</em></strong></span> <span class='ocrx_word' id='word_1_52' title='bbox 616 713 777 771; x_wconf 82' lang='grc' dir='ltr'><strong><em>παιδίῳ</em></strong></span> <span class='ocrx_word' id='word_1_53' title='bbox 815 705 1047 772; x_wconf 82' lang='grc' dir='ltr'><strong><em>ἐκκειμένῳ</em></strong></span> <span class='ocrx_word' id='word_1_54' title='bbox 1076 714 1267 771; x_wconf 81' lang='grc' dir='ltr'><strong><em>ἐγένετο,</em></strong></span> <span class='ocrx_word' id='word_1_55' title='bbox 1318 713 1387 772; x_wconf 83' lang='grc' dir='ltr'><strong><em>ἤϊε</em></strong></span> <span class='ocrx_word' id='word_1_56' title='bbox 1424 713 1468 766; x_wconf 81' lang='grc' dir='ltr'><strong><em>ές</em></strong></span> 
     </span>
     <span class='ocr_line' id='line_1_8' title="bbox 195 790 1469 855; baseline 0.002 -20"><span class='ocrx_word' id='word_1_57' title='bbox 195 790 323 836; x_wconf 81' lang='grc' dir='ltr'><strong><em>πόλιν</em></strong></span> <span class='ocrx_word' id='word_1_58' title='bbox 354 790 378 836; x_wconf 90' lang='grc' dir='ltr'>ὁ</span> <span class='ocrx_word' id='word_1_59' title='bbox 408 791 646 849; x_wconf 81' lang='grc' dir='ltr'><strong><em>βουκόλος,</em></strong></span> <span class='ocrx_word' id='word_1_60' title='bbox 693 797 783 837; x_wconf 78' lang='grc' dir='ltr'><strong><em>τῶν</em></strong></span> <span class='ocrx_word' id='word_1_61' title='bbox 822 811 922 838; x_wconf 91' lang='grc' dir='ltr'><strong><em>τινα</em></strong></span> <span class='ocrx_word' id='word_1_62' title='bbox 958 794 1226 855; x_wconf 71' lang='grc' dir='ltr'><strong><em>προβόσκων</em></strong></span> <span class='ocrx_word' id='word_1_63' title='bbox 1266 792 1469 851; x_wconf 80' lang='grc' dir='ltr'><strong><em>φύλακον</em></strong></span> 
     </span>
     <span class='ocr_line' id='line_1_9' title="bbox 166 870 1522 930; baseline 0.004 -17"><span class='ocrx_word' id='word_1_64' title='bbox 166 871 337 915; x_wconf 76' lang='grc' dir='ltr'><strong><em>4αύτοῦ</em></strong></span> <span class='ocrx_word' id='word_1_65' title='bbox 367 870 630 915; x_wconf 74' lang='grc' dir='ltr'><strong><em>καταλιπών.</em></strong></span> <span class='ocrx_word' id='word_1_66' title='bbox 660 871 807 916; x_wconf 72' lang='grc' dir='ltr'><strong><em>ἐλθών</em></strong></span> <span class='ocrx_word' id='word_1_67' title='bbox 836 873 883 917; x_wconf 79' lang='grc' dir='ltr'><strong><em>δὲ</em></strong></span> <span class='ocrx_word' id='word_1_68' title='bbox 912 873 956 925; x_wconf 79' lang='grc' dir='ltr'><strong><em>ἐς</em></strong></span> <span class='ocrx_word' id='word_1_69' title='bbox 981 877 1063 917; x_wconf 84' lang='grc' dir='ltr'><strong><em>τοῦ</em></strong></span> <span class='ocrx_word' id='word_1_70' title='bbox 1084 872 1330 930; x_wconf 76' lang='grc' dir='ltr'><strong><em>Ἁρπάγου,</em></strong></span> <span class='ocrx_word' id='word_1_71' title='bbox 1361 871 1464 918; x_wconf 80' lang='grc' dir='ltr'><strong><em>ἀπο·</em></strong></span> <span class='ocrx_word' id='word_1_72' title='bbox 1476 880 1522 914; x_wconf 88' lang='grc'><strong><em>90</em></strong></span> 
     </span>
     <span class='ocr_line' id='line_1_10' title="bbox 192 950 1462 1008; baseline 0.001 -13"><span class='ocrx_word' id='word_1_73' title='bbox 192 951 418 995; x_wconf 80' lang='grc' dir='ltr'><strong><em>δεικνύναι</em></strong></span> <span class='ocrx_word' id='word_1_74' title='bbox 449 952 531 1007; x_wconf 76' lang='grc' dir='ltr'><strong><em>ἔφη</em></strong></span> <span class='ocrx_word' id='word_1_75' title='bbox 560 950 733 1008; x_wconf 75' lang='grc' dir='ltr'><strong><em>ἑτοῖμος</em></strong></span> <span class='ocrx_word' id='word_1_76' title='bbox 762 951 875 996; x_wconf 81' lang='grc' dir='ltr'><strong><em>εἶναι</em></strong></span> <span class='ocrx_word' id='word_1_77' title='bbox 900 958 982 997; x_wconf 87' lang='grc' dir='ltr'><strong><em>τοῦ</em></strong></span> <span class='ocrx_word' id='word_1_78' title='bbox 1011 955 1194 998; x_wconf 85' lang='grc' dir='ltr'><strong><em>παιδίου</em></strong></span> <span class='ocrx_word' id='word_1_79' title='bbox 1217 954 1295 997; x_wconf 87' lang='grc' dir='ltr'><strong><em>τὸν</em></strong></span> <span class='ocrx_word' id='word_1_80' title='bbox 1314 954 1462 996; x_wconf 83' lang='grc' dir='ltr'><strong><em>νέκυν.</em></strong></span> 
     </span>
     <span class='ocr_line' id='line_1_11' title="bbox 192 1029 1466 1089; baseline 0.002 -16"><span class='ocrx_word' id='word_1_81' title='bbox 192 1030 363 1086; x_wconf 79' lang='grc' dir='ltr'><strong><em>πέμψας</em></strong></span> <span class='ocrx_word' id='word_1_82' title='bbox 394 1032 438 1074; x_wconf 78' lang='grc' dir='ltr'><strong><em>δὲ</em></strong></span> <span class='ocrx_word' id='word_1_83' title='bbox 469 1029 493 1075; x_wconf 88' lang='grc' dir='ltr'>ὁ</span> <span class='ocrx_word' id='word_1_84' title='bbox 513 1031 731 1087; x_wconf 73' lang='grc' dir='ltr'><strong><em>’Ἅρπαγος</em></strong></span> <span class='ocrx_word' id='word_1_85' title='bbox 759 1036 848 1075; x_wconf 77' lang='grc' dir='ltr'><strong><em>τῶν</em></strong></span> <span class='ocrx_word' id='word_1_86' title='bbox 876 1032 1043 1077; x_wconf 78' lang='grc' dir='ltr'><strong><em>ἑωυτοῦ</em></strong></span> <span class='ocrx_word' id='word_1_87' title='bbox 1074 1033 1343 1089; x_wconf 87' lang='grc' dir='ltr'><strong><em>δορυφόρων</em></strong></span> <span class='ocrx_word' id='word_1_88' title='bbox 1360 1031 1466 1083; x_wconf 79' lang='grc' dir='ltr'><strong><em>τούς</em></strong></span> 
     </span>
     <span class='ocr_line' id='line_1_12' title="bbox 191 1109 1464 1165; baseline 0.001 -11"><span class='ocrx_word' id='word_1_89' title='bbox 191 1109 503 1165; x_wconf 75' lang='grc' dir='ltr'><strong><em>πιστοτάτους,</em></strong></span> <span class='ocrx_word' id='word_1_90' title='bbox 553 1109 640 1155; x_wconf 83' lang='grc' dir='ltr'><strong><em>εἶδέ</em></strong></span> <span class='ocrx_word' id='word_1_91' title='bbox 669 1127 713 1154; x_wconf 83' lang='grc' dir='ltr'><strong><em>τε</em></strong></span> <span class='ocrx_word' id='word_1_92' title='bbox 744 1111 817 1155; x_wconf 84' lang='grc' dir='ltr'><strong><em>διὰ</em></strong></span> <span class='ocrx_word' id='word_1_93' title='bbox 845 1110 1038 1164; x_wconf 87' lang='grc' dir='ltr'><strong><em>τούτων,</em></strong></span> <span class='ocrx_word' id='word_1_94' title='bbox 1087 1113 1162 1156; x_wconf 87' lang='grc' dir='ltr'><strong><em>καὶ</em></strong></span> <span class='ocrx_word' id='word_1_95' title='bbox 1206 1112 1343 1164; x_wconf 76' lang='grc' dir='ltr'><strong><em>ἔθαψε</em></strong></span> <span class='ocrx_word' id='word_1_96' title='bbox 1381 1115 1464 1156; x_wconf 85' lang='grc' dir='ltr'><strong><em>τοῦ</em></strong></span> 
     </span>
     <span class='ocr_line' id='line_1_13' title="bbox 164 1189 1461 1247; baseline 0.004 -17"><span class='ocrx_word' id='word_1_97' title='bbox 164 1190 419 1245; x_wconf 80' lang='grc' dir='ltr'><strong><em>5βουκόλου</em></strong></span> <span class='ocrx_word' id='word_1_98' title='bbox 447 1189 496 1235; x_wconf 87' lang='grc' dir='ltr'><strong><em>τὸ</em></strong></span> <span class='ocrx_word' id='word_1_99' title='bbox 526 1192 718 1234; x_wconf 85' lang='grc' dir='ltr'><strong><em>παιδίον.</em></strong></span> <span class='ocrx_word' id='word_1_100' title='bbox 748 1192 823 1235; x_wconf 89' lang='grc' dir='ltr'><strong><em>καὶ</em></strong></span> <span class='ocrx_word' id='word_1_101' title='bbox 851 1190 900 1235; x_wconf 80' lang='grc' dir='ltr'><strong><em>τό</em></strong></span> <span class='ocrx_word' id='word_1_102' title='bbox 932 1191 1013 1247; x_wconf 76' lang='grc' dir='ltr'><strong><em>μὲν</em></strong></span> <span class='ocrx_word' id='word_1_103' title='bbox 1043 1189 1274 1235; x_wconf 80' lang='grc' dir='ltr'><strong><em>ἐτέθαπτο·</em></strong></span> <span class='ocrx_word' id='word_1_104' title='bbox 1314 1190 1392 1235; x_wconf 85' lang='grc' dir='ltr'><strong><em>τὸν</em></strong></span> <span class='ocrx_word' id='word_1_105' title='bbox 1415 1191 1461 1235; x_wconf 75' lang='grc' dir='ltr'><strong><em>δὲ</em></strong></span> 
     </span>
     <span class='ocr_line' id='line_1_14' title="bbox 192 1268 1521 1326; baseline -0.001 -14"><span class='ocrx_word' id='word_1_106' title='bbox 192 1268 376 1325; x_wconf 81' lang='grc' dir='ltr'><strong><em>ὕστερον</em></strong></span> <span class='ocrx_word' id='word_1_107' title='bbox 402 1270 571 1314; x_wconf 86' lang='grc' dir='ltr'><strong><em>τούτων</em></strong></span> <span class='ocrx_word' id='word_1_108' title='bbox 610 1273 765 1326; x_wconf 85' lang='grc' dir='ltr'><strong><em>Κῦρον</em></strong></span> <span class='ocrx_word' id='word_1_109' title='bbox 807 1269 1112 1326; x_wconf 79' lang='grc' dir='ltr'><strong><em>ὀνομασθέντα</em></strong></span> <span class='ocrx_word' id='word_1_110' title='bbox 1141 1272 1521 1326; x_wconf 79' lang='grc' dir='ltr'><strong><em>παραλαβοῦσα95</em></strong></span> 
     </span>
     <span class='ocr_line' id='line_1_15' title="bbox 189 1347 1461 1407; baseline 0 -14"><span class='ocrx_word' id='word_1_111' title='bbox 189 1349 339 1404; x_wconf 77' lang='grc' dir='ltr'><strong><em>ἔτρεφε</em></strong></span> <span class='ocrx_word' id='word_1_112' title='bbox 366 1347 393 1406; x_wconf 83' lang='grc' dir='ltr'><strong><em>ἡ</em></strong></span> <span class='ocrx_word' id='word_1_113' title='bbox 423 1349 535 1407; x_wconf 76' lang='grc' dir='ltr'><strong><em>γυνή</em></strong></span> <span class='ocrx_word' id='word_1_114' title='bbox 569 1354 651 1394; x_wconf 86' lang='grc' dir='ltr'><strong><em>τοῦ</em></strong></span> <span class='ocrx_word' id='word_1_115' title='bbox 681 1348 927 1406; x_wconf 80' lang='grc' dir='ltr'><strong><em>βουκόλου,</em></strong></span> <span class='ocrx_word' id='word_1_116' title='bbox 968 1349 1141 1407; x_wconf 79' lang='grc' dir='ltr'><strong><em>οὔνομα</em></strong></span> <span class='ocrx_word' id='word_1_117' title='bbox 1171 1348 1279 1394; x_wconf 79' lang='grc' dir='ltr'><strong><em>ἄλλο</em></strong></span> <span class='ocrx_word' id='word_1_118' title='bbox 1306 1352 1390 1394; x_wconf 83' lang='grc' dir='ltr'><strong><em>κοῦ</em></strong></span> <span class='ocrx_word' id='word_1_119' title='bbox 1418 1365 1461 1393; x_wconf 86' lang='grc' dir='ltr'><strong><em>τι</em></strong></span> 
     </span>
     <span class='ocr_line' id='line_1_16' title="bbox 188 1427 746 1487; baseline 0.002 -15"><span class='ocrx_word' id='word_1_120' title='bbox 188 1427 262 1472; x_wconf 87' lang='grc' dir='ltr'><strong><em>καὶ</em></strong></span> <span class='ocrx_word' id='word_1_121' title='bbox 293 1427 348 1472; x_wconf 87' lang='grc' dir='ltr'><strong><em>ου’</em></strong></span> <span class='ocrx_word' id='word_1_122' title='bbox 379 1431 535 1485; x_wconf 82' lang='grc' dir='ltr'><strong><em>Κῦρον</em></strong></span> <span class='ocrx_word' id='word_1_123' title='bbox 568 1428 746 1487; x_wconf 77' lang='grc' dir='ltr'><strong><em>θεμένη.</em></strong></span> 
     </span>
    </p>
   </div>
   <div class='ocr_carea' id='block_1_3' title="bbox 66 1506 165 1554">
    <p class='ocr_par' dir='ltr' id='par_1_3' title="bbox 66 1506 165 1554">
     <span class='ocr_line' id='line_1_17' title="bbox 66 1506 165 1554; baseline 0.02 -2"><span class='ocrx_word' id='word_1_124' title='bbox 66 1506 165 1554; x_wconf 81' lang='lat'><strong><em>114</em></strong></span> 
     </span>
    </p>
   </div>
   <div class='ocr_carea' id='block_1_4' title="bbox 157 1587 1084 1646">
    <p class='ocr_par' dir='ltr' id='par_1_4' title="bbox 157 1587 1084 1646">
     <span class='ocr_line' id='line_1_18' title="bbox 157 1587 1084 1646; baseline 0.002 -15"><span class='ocrx_word' id='word_1_125' title='bbox 157 1587 270 1632; x_wconf 72' lang='grc' dir='ltr'><strong><em>Ξτόν</em></strong></span> <span class='ocrx_word' id='word_1_126' title='bbox 297 1587 472 1632; x_wconf 88' lang='grc' dir='ltr'><strong><em>τοιόνδε</em></strong></span> <span class='ocrx_word' id='word_1_127' title='bbox 509 1587 749 1646; x_wconf 75' lang='grc' dir='ltr'><strong><em>γενόμενον</em></strong></span> <span class='ocrx_word' id='word_1_128' title='bbox 790 1588 966 1646; x_wconf 80' lang='grc' dir='ltr'><strong><em>ἐξέφηνέ</em></strong></span> <span class='ocrx_word' id='word_1_129' title='bbox 997 1605 1084 1645; x_wconf 88' lang='grc' dir='ltr'><strong><em>μιν.</em></strong></span> 
     </span>
    </p>
   </div>
   <div class='ocr_carea' id='block_1_5' title="bbox 183 1503 1453 1885">
    <p class='ocr_par' dir='ltr' id='par_1_5' title="bbox 183 1503 1453 1885">
     <span class='ocr_line' id='line_1_19' title="bbox 301 1503 1453 1567; baseline 0 -16"><span class='ocrx_word' id='word_1_130' title='bbox 301 1508 390 1552; x_wconf 82' lang='grc' dir='ltr'><strong><em>Καὶ</em></strong></span> <span class='ocrx_word' id='word_1_131' title='bbox 420 1508 491 1553; x_wconf 84' lang='grc' dir='ltr'><strong><em>ὅτε</em></strong></span> <span class='ocrx_word' id='word_1_132' title='bbox 516 1508 570 1567; x_wconf 81' lang='grc' dir='ltr'><strong><em>δὴ</em></strong></span> <span class='ocrx_word' id='word_1_133' title='bbox 598 1504 654 1566; x_wconf 79' lang='grc' dir='ltr'><strong><em>ἦν</em></strong></span> <span class='ocrx_word' id='word_1_134' title='bbox 684 1509 886 1566; x_wconf 82' lang='grc' dir='ltr'><strong><em>δεκαέτης</em></strong></span> <span class='ocrx_word' id='word_1_135' title='bbox 909 1507 933 1553; x_wconf 87' lang='grc' dir='ltr'>ὁ</span> <span class='ocrx_word' id='word_1_136' title='bbox 954 1512 1082 1563; x_wconf 83' lang='grc' dir='ltr'><strong><em>παῖς,</em></strong></span> <span class='ocrx_word' id='word_1_137' title='bbox 1112 1511 1290 1566; x_wconf 82' lang='grc' dir='ltr'><strong><em>πρῆγμα</em></strong></span> <span class='ocrx_word' id='word_1_138' title='bbox 1313 1507 1358 1561; x_wconf 77' lang='grc' dir='ltr'><strong><em>ἐς</em></strong></span> <span class='ocrx_word' id='word_1_139' title='bbox 1376 1503 1453 1551; x_wconf 79' lang='grc' dir='ltr'><strong><em>αὖ·</em></strong></span> 
     </span>
     <span class='ocr_line' id='line_1_20' title="bbox 1144 1587 1451 1645; baseline -0.003 -13"><span class='ocrx_word' id='word_1_140' title='bbox 1144 1588 1285 1642; x_wconf 78' lang='grc' dir='ltr'><strong><em>ἔπαιζε</em></strong></span> <span class='ocrx_word' id='word_1_141' title='bbox 1320 1587 1368 1632; x_wconf 82' lang='grc' dir='ltr'><strong><em>ἐν</em></strong></span> <span class='ocrx_word' id='word_1_142' title='bbox 1395 1588 1451 1645; x_wconf 84' lang='grc' dir='ltr'><strong><em>τῇ</em></strong></span> 
     </span>
     <span class='ocr_line' id='line_1_21' title="bbox 185 1661 1453 1727; baseline -0.001 -16"><span class='ocrx_word' id='word_1_143' title='bbox 185 1665 309 1724; x_wconf 80' lang='grc' dir='ltr'><strong><em>κώμῃ</em></strong></span> <span class='ocrx_word' id='word_1_144' title='bbox 348 1666 485 1725; x_wconf 86' lang='grc' dir='ltr'><strong><em>ταύτῃ</em></strong></span> <span class='ocrx_word' id='word_1_145' title='bbox 525 1667 573 1711; x_wconf 82' lang='grc' dir='ltr'><strong><em>ἐν</em></strong></span> <span class='ocrx_word' id='word_1_146' title='bbox 608 1673 662 1726; x_wconf 88' lang='grc' dir='ltr'><strong><em>τῇ</em></strong></span> <span class='ocrx_word' id='word_1_147' title='bbox 700 1664 815 1727; x_wconf 79' lang='grc' dir='ltr'><strong><em>ἦσαν</em></strong></span> <span class='ocrx_word' id='word_1_148' title='bbox 850 1669 924 1713; x_wconf 85' lang='grc' dir='ltr'><strong><em>καὶ</em></strong></span> <span class='ocrx_word' id='word_1_149' title='bbox 965 1671 1010 1713; x_wconf 82' lang='grc' dir='ltr'><strong><em>αἱ</em></strong></span> <span class='ocrx_word' id='word_1_150' title='bbox 1044 1669 1274 1725; x_wconf 84' lang='grc' dir='ltr'><strong><em>βουκολίαι</em></strong></span> <span class='ocrx_word' id='word_1_151' title='bbox 1305 1661 1453 1719; x_wconf 73' lang='grc' dir='ltr'><strong><em>αὗται,</em></strong></span> 
     </span>
     <span class='ocr_line' id='line_1_22' title="bbox 186 1744 1451 1808; baseline -0.001 -18"><span class='ocrx_word' id='word_1_152' title='bbox 186 1746 329 1800; x_wconf 76' lang='grc' dir='ltr'><strong><em>ἔπαιζε</em></strong></span> <span class='ocrx_word' id='word_1_153' title='bbox 359 1747 406 1791; x_wconf 80' lang='grc' dir='ltr'><strong><em>δὲ</em></strong></span> <span class='ocrx_word' id='word_1_154' title='bbox 435 1744 520 1803; x_wconf 84' lang='grc' dir='ltr'><strong><em>μετ’</em></strong></span> <span class='ocrx_word' id='word_1_155' title='bbox 551 1747 694 1792; x_wconf 78' lang='grc' dir='ltr'><strong><em>ἄλλων</em></strong></span> <span class='ocrx_word' id='word_1_156' title='bbox 722 1748 887 1805; x_wconf 75' lang='grc' dir='ltr'><strong><em>ἡλίκων</em></strong></span> <span class='ocrx_word' id='word_1_157' title='bbox 916 1748 963 1792; x_wconf 77' lang='grc' dir='ltr'><strong><em>ἐν</em></strong></span> <span class='ocrx_word' id='word_1_158' title='bbox 993 1746 1102 1808; x_wconf 79' lang='grc' dir='ltr'><strong><em>ὁδῷ·</em></strong></span> <span class='ocrx_word' id='word_1_159' title='bbox 1132 1746 1206 1791; x_wconf 84' lang='grc' dir='ltr'><strong><em>καὶ</em></strong></span> <span class='ocrx_word' id='word_1_160' title='bbox 1229 1748 1273 1790; x_wconf 77' lang='grc' dir='ltr'><strong><em>οἱ</em></strong></span> <span class='ocrx_word' id='word_1_161' title='bbox 1299 1747 1451 1797; x_wconf 86' lang='grc' dir='ltr'><strong><em>παῖδες</em></strong></span> 
     </span>
     <span class='ocr_line' id='line_1_23' title="bbox 183 1823 1452 1885; baseline 0 -15"><span class='ocrx_word' id='word_1_162' title='bbox 183 1828 409 1881; x_wconf 82' lang='grc' dir='ltr'><strong><em>παίζοντες</em></strong></span> <span class='ocrx_word' id='word_1_163' title='bbox 437 1829 607 1872; x_wconf 82' lang='grc' dir='ltr'><strong><em>εἵλοντο</em></strong></span> <span class='ocrx_word' id='word_1_164' title='bbox 636 1828 812 1873; x_wconf 76' lang='grc' dir='ltr'><strong><em>ἑωυτῶν</em></strong></span> <span class='ocrx_word' id='word_1_165' title='bbox 851 1827 1030 1885; x_wconf 86' lang='grc' dir='ltr'><strong><em>βασιλέα</em></strong></span> <span class='ocrx_word' id='word_1_166' title='bbox 1065 1825 1179 1872; x_wconf 79' lang='grc' dir='ltr'><strong><em>εἶναι</em></strong></span> <span class='ocrx_word' id='word_1_167' title='bbox 1206 1829 1368 1876; x_wconf 84' lang='grc' dir='ltr'><strong><em>τοῦτον</em></strong></span> <span class='ocrx_word' id='word_1_168' title='bbox 1397 1823 1452 1881; x_wconf 80' lang='grc' dir='ltr'><strong><em>δὴ</em></strong></span> 
     </span>
    </p>
   </div>
   <div class='ocr_carea' id='block_1_6' title="bbox 1503 1499 1790 1774">
    <p class='ocr_par' dir='ltr' id='par_1_6' title="bbox 1503 1499 1790 1774">
     <span class='ocr_line' id='line_1_24' title="bbox 1510 1499 1790 1537; baseline 0.007 -8"><span class='ocrx_word' id='word_1_169' title='bbox 1510 1499 1607 1537; x_wconf 67' lang='lat' dir='ltr'>Cyrus</span> <span class='ocrx_word' id='word_1_170' title='bbox 1649 1500 1790 1531; x_wconf 70' lang='lat' dir='ltr'><strong><em>decennfn</em></strong></span> 
     </span>
     <span class='ocr_line' id='line_1_25' title="bbox 1509 1535 1785 1576; baseline 0.004 -14"><span class='ocrx_word' id='word_1_171' title='bbox 1509 1542 1537 1563; x_wconf 84' lang='lat' dir='ltr'><strong><em>a.</em></strong></span> <span class='ocrx_word' id='word_1_172' title='bbox 1555 1535 1604 1564; x_wconf 79' lang='lat'><strong><em>561</em></strong></span> <span class='ocrx_word' id='word_1_173' title='bbox 1622 1543 1673 1563; x_wconf 78' lang='lat' dir='ltr'><strong><em>rex</em></strong></span> <span class='ocrx_word' id='word_1_174' title='bbox 1691 1536 1721 1563; x_wconf 83' lang='lat' dir='ltr'><strong><em>in</em></strong></span> <span class='ocrx_word' id='word_1_175' title='bbox 1739 1536 1785 1576; x_wconf 72' lang='lat'><strong><em>1¹!-</em></strong></span> 
     </span>
     <span class='ocr_line' id='line_1_26' title="bbox 1503 1576 1786 1642; baseline 0.007 -13"><span class='ocrx_word' id='word_1_176' title='bbox 1503 1576 1786 1642; x_wconf 54' lang='lat' dir='ltr'><strong><em>{fis‘ffgz‘ruffifffflf&#39;a</em></strong></span> 
     </span>
     <span class='ocr_line' id='line_1_27' title="bbox 1505 1636 1788 1672; baseline -0.004 -8"><span class='ocrx_word' id='word_1_177' title='bbox 1505 1636 1600 1664; x_wconf 72' lang='lat' dir='ltr'><strong>nobnh</strong></span> <span class='ocrx_word' id='word_1_178' title='bbox 1618 1636 1788 1672; x_wconf 78' lang='lat' dir='ltr'>verberato,</span> 
     </span>
     <span class='ocr_line' id='line_1_28' title="bbox 1503 1670 1784 1697; baseline 0.004 -1"><span class='ocrx_word' id='word_1_179' title='bbox 1503 1673 1661 1697; x_wconf 75' lang='lat' dir='ltr'>accusatur</span> <span class='ocrx_word' id='word_1_180' title='bbox 1671 1670 1709 1696; x_wconf 85' lang='lat' dir='ltr'><strong><em>ab</em></strong></span> <span class='ocrx_word' id='word_1_181' title='bbox 1718 1670 1784 1697; x_wconf 77' lang='lat' dir='ltr'>eius</span> 
     </span>
     <span class='ocr_line' id='line_1_29' title="bbox 1503 1703 1785 1739; baseline 0.004 -9"><span class='ocrx_word' id='word_1_182' title='bbox 1503 1706 1591 1739; x_wconf 78' lang='lat' dir='ltr'>patre</span> <span class='ocrx_word' id='word_1_183' title='bbox 1608 1703 1785 1732; x_wconf 80' lang='lat' dir='ltr'>Artembare</span> 
     </span>
     <span class='ocr_line' id='line_1_30' title="bbox 1505 1737 1765 1774; baseline 0.008 -9"><span class='ocrx_word' id='word_1_184' title='bbox 1505 1737 1586 1774; x_wconf 72' lang='lat' dir='ltr'>apud</span> <span class='ocrx_word' id='word_1_185' title='bbox 1603 1737 1765 1773; x_wconf 76' lang='lat' dir='ltr'>Astyagen.</span> 
     </span>
    </p>
   </div>
   <div class='ocr_carea' id='block_1_7' title="bbox 125 2020 785 2867">
    <p class='ocr_par' dir='ltr' id='par_1_7' title="bbox 125 2020 785 2245">
     <span class='ocr_line' id='line_1_31' title="bbox 127 2020 785 2077; baseline 0.003 -15"><span class='ocrx_word' id='word_1_186' title='bbox 127 2023 271 2072; x_wconf 85' lang='grc' dir='ltr'><strong><em>παῖδα,</em></strong></span> <span class='ocrx_word' id='word_1_187' title='bbox 291 2025 436 2063; x_wconf 84' lang='grc' dir='ltr'><strong><em>τοῦτον</em></strong></span> <span class='ocrx_word' id='word_1_188' title='bbox 455 2020 545 2075; x_wconf 76' lang='grc' dir='ltr'><strong><em>μὲν</em></strong></span> <span class='ocrx_word' id='word_1_189' title='bbox 565 2023 785 2077; x_wconf 82' lang='grc' dir='ltr'><strong><em>παραδιδοῖ</em></strong></span> 
     </span>
     <span class='ocr_line' id='line_1_32' title="bbox 126 2079 781 2133; baseline -0.002 -14"><span class='ocrx_word' id='word_1_190' title='bbox 126 2094 164 2119; x_wconf 91' lang='grc' dir='ltr'><strong><em>κ.</em></strong></span> <span class='ocrx_word' id='word_1_191' title='bbox 189 2095 220 2119; x_wconf 92' lang='grc' dir='ltr'><strong><em>τ.</em></strong></span> <span class='ocrx_word' id='word_1_192' title='bbox 240 2079 292 2131; x_wconf 82' lang='grc' dir='ltr'><strong><em>λ.]</em></strong></span> <span class='ocrx_word' id='word_1_193' title='bbox 344 2080 492 2118; x_wconf 82' lang='lat' dir='ltr'>Monuit</span> <span class='ocrx_word' id='word_1_194' title='bbox 526 2082 573 2120; x_wconf 89' lang='lat' dir='ltr'><strong><em>de</em></strong></span> <span class='ocrx_word' id='word_1_195' title='bbox 605 2082 781 2133; x_wconf 77' lang='lat' dir='ltr'>particula</span> 
     </span>
     <span class='ocr_line' id='line_1_33' title="bbox 125 2132 781 2190; baseline 0.005 -16"><span class='ocrx_word' id='word_1_196' title='bbox 125 2132 200 2188; x_wconf 79' lang='grc' dir='ltr'><strong><em>μὲν</em></strong></span> <span class='ocrx_word' id='word_1_197' title='bbox 218 2137 255 2174; x_wconf 92' lang='lat' dir='ltr'><strong><em>in</em></strong></span> <span class='ocrx_word' id='word_1_198' title='bbox 275 2137 331 2174; x_wconf 72' lang='lat' dir='ltr'><strong><em>his</em></strong></span> <span class='ocrx_word' id='word_1_199' title='bbox 344 2138 474 2176; x_wconf 76' lang='lat' dir='ltr'>iterata</span> <span class='ocrx_word' id='word_1_200' title='bbox 486 2137 618 2176; x_wconf 86' lang='lat' dir='ltr'>Matth.</span> <span class='ocrx_word' id='word_1_201' title='bbox 633 2137 670 2190; x_wconf 60' lang='grc' dir='ltr'><strong><em>ὃ.</em></strong></span> <span class='ocrx_word' id='word_1_202' title='bbox 685 2141 781 2187; x_wconf 79' lang='lat'><strong>622,</strong></span> 
     </span>
     <span class='ocr_line' id='line_1_34' title="bbox 125 2193 393 2245; baseline -0.015 -9"><span class='ocrx_word' id='word_1_203' title='bbox 125 2193 152 2236; x_wconf 88' lang='lat'><em>5</em></span> <span class='ocrx_word' id='word_1_204' title='bbox 171 2206 256 2245; x_wconf 86' lang='lat' dir='ltr'>pag.</span> <span class='ocrx_word' id='word_1_205' title='bbox 274 2195 393 2237; x_wconf 81' lang='lat'><strong>1263.</strong></span> 
     </span>
    </p>

    <p class='ocr_par' dir='ltr' id='par_1_8' title="bbox 125 2245 784 2867">
     <span class='ocr_line' id='line_1_35' title="bbox 190 2245 781 2303; baseline 0.002 -14"><span class='ocrx_word' id='word_1_206' title='bbox 190 2252 274 2290; x_wconf 76' lang='grc' dir='ltr'><strong><em>τῶν</em></strong></span> <span class='ocrx_word' id='word_1_207' title='bbox 321 2265 410 2291; x_wconf 90' lang='grc' dir='ltr'><strong><em>τινα</em></strong></span> <span class='ocrx_word' id='word_1_208' title='bbox 460 2265 555 2303; x_wconf 86' lang='grc' dir='ltr'><strong><em>προ</em></strong></span> <span class='ocrx_word' id='word_1_209' title='bbox 572 2245 781 2303; x_wconf 86' lang='grc' dir='ltr'><strong><em>βόσκων</em></strong></span> 
     </span>
     <span class='ocr_line' id='line_1_36' title="bbox 126 2303 776 2358; baseline 0.002 -12"><span class='ocrx_word' id='word_1_210' title='bbox 126 2304 310 2358; x_wconf 78' lang='grc' dir='ltr'><strong><em>φύλακον</em></strong></span> <span class='ocrx_word' id='word_1_211' title='bbox 363 2303 487 2347; x_wconf 75' lang='grc' dir='ltr'><strong><em>αὐτοῦ</em></strong></span> <span class='ocrx_word' id='word_1_212' title='bbox 521 2303 776 2358; x_wconf 79' lang='grc' dir='ltr'><strong><em>καταλιπών]</em></strong></span> 
     </span>
     <span class='ocr_line' id='line_1_37' title="bbox 125 2359 780 2416; baseline 0 -14"><span class='ocrx_word' id='word_1_213' title='bbox 125 2359 350 2416; x_wconf 77' lang='grc' dir='ltr'><strong><em>πρόβοσκος</em></strong></span> <span class='ocrx_word' id='word_1_214' title='bbox 383 2365 431 2402; x_wconf 88' lang='lat' dir='ltr'><strong><em>de</em></strong></span> <span class='ocrx_word' id='word_1_215' title='bbox 450 2369 592 2415; x_wconf 75' lang='lat' dir='ltr'><em>pastore</em></span> <span class='ocrx_word' id='word_1_216' title='bbox 614 2379 693 2402; x_wconf 89' lang='lat' dir='ltr'><strong><em>cum</em></strong></span> <span class='ocrx_word' id='word_1_217' title='bbox 720 2378 780 2402; x_wconf 75' lang='lat' dir='ltr'><strong><em>ra-</em></strong></span> 
     </span>
     <span class='ocr_line' id='line_1_38' title="bbox 126 2419 777 2469; baseline 0.005 -13"><span class='ocrx_word' id='word_1_218' title='bbox 126 2419 200 2457; x_wconf 82' lang='lat' dir='ltr'>rius</span> <span class='ocrx_word' id='word_1_219' title='bbox 227 2425 393 2459; x_wconf 83' lang='lat' dir='ltr'>occurrat</span> <span class='ocrx_word' id='word_1_220' title='bbox 430 2421 480 2469; x_wconf 92' lang='lat' dir='ltr'><strong><em>(e</em></strong></span> <span class='ocrx_word' id='word_1_221' title='bbox 508 2421 663 2460; x_wconf 82' lang='lat' dir='ltr'>Philone</span> <span class='ocrx_word' id='word_1_222' title='bbox 698 2421 777 2459; x_wconf 84' lang='lat' dir='ltr'>Iud.</span> 
     </span>
     <span class='ocr_line' id='line_1_39' title="bbox 126 2474 780 2529; baseline 0.005 -16"><span class='ocrx_word' id='word_1_223' title='bbox 126 2474 256 2525; x_wconf 84' lang='lat' dir='ltr'><strong>Legat.</strong></span> <span class='ocrx_word' id='word_1_224' title='bbox 286 2492 324 2529; x_wconf 89' lang='lat' dir='ltr'><strong><em>p.</em></strong></span> <span class='ocrx_word' id='word_1_225' title='bbox 355 2480 459 2527; x_wconf 83' lang='lat'><strong>993,</strong></span> <span class='ocrx_word' id='word_1_226' title='bbox 478 2479 529 2517; x_wconf 89' lang='grc' dir='ltr'><strong><em>Ι).</em></strong></span> <span class='ocrx_word' id='word_1_227' title='bbox 556 2478 780 2528; x_wconf 82' lang='lat' dir='ltr'>Wesseling.</span> 
     </span>
     <span class='ocr_line' id='line_1_40' title="bbox 128 2530 779 2588; baseline 0.006 -20"><span class='ocrx_word' id='word_1_228' title='bbox 128 2531 251 2571; x_wconf 73' lang='lat' dir='ltr'>iaudat</span> <span class='ocrx_word' id='word_1_229' title='bbox 275 2530 560 2588; x_wconf 82' lang='grc' dir='ltr'><strong><em>προβόσκημα,</em></strong></span> <span class='ocrx_word' id='word_1_230' title='bbox 589 2536 700 2572; x_wconf 92' lang='lat' dir='ltr'>modo</span> <span class='ocrx_word' id='word_1_231' title='bbox 718 2548 779 2573; x_wconf 80' lang='lat' dir='ltr'><strong><em>sa-</em></strong></span> 
     </span>
     <span class='ocr_line' id='line_1_41' title="bbox 129 2589 782 2643; baseline 0.008 -18"><span class='ocrx_word' id='word_1_232' title='bbox 129 2600 214 2626; x_wconf 89' lang='lat' dir='ltr'><strong><em>num</em></strong></span> <span class='ocrx_word' id='word_1_233' title='bbox 230 2589 303 2640; x_wconf 74' lang='lat' dir='ltr'>sit)</span> <span class='ocrx_word' id='word_1_234' title='bbox 332 2593 489 2643; x_wconf 78' lang='lat' dir='ltr'>suspicio</span> <span class='ocrx_word' id='word_1_235' title='bbox 515 2596 597 2630; x_wconf 82' lang='lat' dir='ltr'>orta</span> <span class='ocrx_word' id='word_1_236' title='bbox 625 2592 782 2630; x_wconf 83' lang='lat' dir='ltr'>Valcke-</span> 
     </span>
     <span class='ocr_line' id='line_1_42' title="bbox 128 2644 782 2694; baseline 0.012 -14"><span class='ocrx_word' id='word_1_237' title='bbox 128 2644 251 2694; x_wconf 74' lang='lat' dir='ltr'>nariu,</span> <span class='ocrx_word' id='word_1_238' title='bbox 316 2649 604 2688; x_wconf 79' lang='lat' dir='ltr'>substituendam</span> <span class='ocrx_word' id='word_1_239' title='bbox 654 2662 782 2688; x_wconf 83' lang='lat' dir='ltr'>vocem</span> 
     </span>
     <span class='ocr_line' id='line_1_43' title="bbox 130 2700 782 2758; baseline 0.015 -21"><span class='ocrx_word' id='word_1_240' title='bbox 130 2701 247 2750; x_wconf 79' lang='lat' dir='ltr'>magis</span> <span class='ocrx_word' id='word_1_241' title='bbox 282 2704 455 2743; x_wconf 65' lang='lat' dir='ltr'>usitatam</span> <span class='ocrx_word' id='word_1_242' title='bbox 503 2700 756 2758; x_wconf 79' lang='grc' dir='ltr'><strong><em>αἰγοβόσκων</em></strong></span> <span class='ocrx_word' id='word_1_243' title='bbox 768 2723 782 2756; x_wconf 77' lang='lat'>3</span> 
     </span>
     <span class='ocr_line' id='line_1_44' title="bbox 131 2763 784 2815; baseline 0.017 -22"><span class='ocrx_word' id='word_1_244' title='bbox 131 2769 227 2806; x_wconf 84' lang='lat' dir='ltr'>quae</span> <span class='ocrx_word' id='word_1_245' title='bbox 243 2763 365 2798; x_wconf 86' lang='lat' dir='ltr'>tamen</span> <span class='ocrx_word' id='word_1_246' title='bbox 386 2766 428 2800; x_wconf 81' lang='lat' dir='ltr'><strong><em>ut</em></strong></span> <span class='ocrx_word' id='word_1_247' title='bbox 445 2766 531 2810; x_wconf 79' lang='grc' dir='ltr'><strong><em>ταῖς</em></strong></span> <span class='ocrx_word' id='word_1_248' title='bbox 550 2763 784 2815; x_wconf 80' lang='grc' dir='ltr'><strong><em>βουκολίαις</em></strong></span> 
     </span>
     <span class='ocr_line' id='line_1_45' title="bbox 132 2814 784 2867; baseline 0.014 -17"><span class='ocrx_word' id='word_1_249' title='bbox 132 2814 225 2851; x_wconf 83' lang='lat' dir='ltr'>bene</span> <span class='ocrx_word' id='word_1_250' title='bbox 237 2819 437 2867; x_wconf 81' lang='lat' dir='ltr'>conveniat,</span> <span class='ocrx_word' id='word_1_251' title='bbox 445 2820 525 2858; x_wconf 78' lang='lat' dir='ltr'><strong><em>iure</em></strong></span> <span class='ocrx_word' id='word_1_252' title='bbox 533 2821 662 2859; x_wconf 79' lang='lat' dir='ltr'>metuit</span> <span class='ocrx_word' id='word_1_253' title='bbox 672 2821 784 2859; x_wconf 81' lang='lat' dir='ltr'>Wes-</span> 
     </span>
    </p>
   </div>
   <div class='ocr_carea' id='block_1_8' title="bbox 135 2870 785 2930">
    <p class='ocr_par' dir='ltr' id='par_1_9' title="bbox 135 2870 785 2930">
     <span class='ocr_line' id='line_1_46' title="bbox 135 2870 785 2930; baseline 0.014 -24"><span class='ocrx_word' id='word_1_254' title='bbox 135 2870 321 2922; x_wconf 82' lang='lat' dir='ltr'>selingius.</span> <span class='ocrx_word' id='word_1_255' title='bbox 350 2871 584 2929; x_wconf 81' lang='grc' dir='ltr'><strong><em>Πρόβοσκος</em></strong></span> <span class='ocrx_word' id='word_1_256' title='bbox 602 2876 785 2930; x_wconf 77' lang='lat' dir='ltr'>aToupio</span> 
     </span>
    </p>
   </div>
   <div class='ocr_carea' id='block_1_9' title="bbox 846 2018 1507 2472">
    <p class='ocr_par' dir='ltr' id='par_1_10' title="bbox 846 2018 1507 2472">
     <span class='ocr_line' id='line_1_47' title="bbox 848 2018 1505 2076; baseline -0.008 -15"><span class='ocrx_word' id='word_1_257' title='bbox 848 2024 989 2076; x_wconf 79' lang='lat' dir='ltr'><strong>(Epist.</strong></span> <span class='ocrx_word' id='word_1_258' title='bbox 1014 2023 1122 2061; x_wconf 74' lang='lat' dir='ltr'><strong>critic.</strong></span> <span class='ocrx_word' id='word_1_259' title='bbox 1155 2036 1193 2073; x_wconf 86' lang='lat' dir='ltr'><strong><em>p.</em></strong></span> <span class='ocrx_word' id='word_1_260' title='bbox 1215 2024 1269 2065; x_wconf 87' lang='lat'><strong><em>66</em></strong></span> <span class='ocrx_word' id='word_1_261' title='bbox 1299 2021 1359 2060; x_wconf 85' lang='lat' dir='ltr'><strong><em>ed.</em></strong></span> <span class='ocrx_word' id='word_1_262' title='bbox 1377 2018 1505 2071; x_wconf 74' lang='lat' dir='ltr'>Lips.)</span> 
     </span>
     <span class='ocr_line' id='line_1_48' title="bbox 848 2077 1504 2132; baseline -0.009 -13"><span class='ocrx_word' id='word_1_263' title='bbox 848 2081 1047 2132; x_wconf 84' lang='lat' dir='ltr'>explicatur</span> <span class='ocrx_word' id='word_1_264' title='bbox 1067 2079 1297 2117; x_wconf 69' lang='lat' dir='ltr'><strong><em>subbubwlcus</em></strong></span> <span class='ocrx_word' id='word_1_265' title='bbox 1308 2108 1319 2127; x_wconf 83' lang='lat'>‚</span> <span class='ocrx_word' id='word_1_266' title='bbox 1348 2092 1378 2115; x_wconf 84' lang='grc' dir='ltr'><strong><em>ε.</em></strong></span> <span class='ocrx_word' id='word_1_267' title='bbox 1393 2077 1504 2114; x_wconf 78' lang='lat' dir='ltr'><em>locum</em></span> 
     </span>
     <span class='ocr_line' id='line_1_49' title="bbox 848 2133 1507 2186; baseline -0.011 -10"><span class='ocrx_word' id='word_1_268' title='bbox 848 2142 963 2176; x_wconf 78' lang='lat' dir='ltr'><strong><em>tenens</em></strong></span> <span class='ocrx_word' id='word_1_269' title='bbox 992 2136 1154 2182; x_wconf 75' lang='lat' dir='ltr'><strong><em>bubulc2·‚·</em></strong></span> <span class='ocrx_word' id='word_1_270' title='bbox 1203 2135 1273 2173; x_wconf 84' lang='lat' dir='ltr'>nisi</span> <span class='ocrx_word' id='word_1_271' title='bbox 1309 2135 1432 2186; x_wconf 87' lang='lat' dir='ltr'>potius</span> <span class='ocrx_word' id='word_1_272' title='bbox 1452 2133 1507 2170; x_wconf 78' lang='lat' dir='ltr'><strong><em>ita</em></strong></span> 
     </span>
     <span class='ocr_line' id='line_1_50' title="bbox 848 2190 1506 2246; baseline -0.011 -13"><span class='ocrx_word' id='word_1_273' title='bbox 848 2195 1102 2246; x_wconf 82' lang='lat' dir='ltr'>accipiendum</span> <span class='ocrx_word' id='word_1_274' title='bbox 1131 2198 1171 2230; x_wconf 89' lang='lat' dir='ltr'><strong><em>ut</em></strong></span> <span class='ocrx_word' id='word_1_275' title='bbox 1199 2192 1381 2230; x_wconf 82' lang='lat' dir='ltr'>inferioris</span> <span class='ocrx_word' id='word_1_276' title='bbox 1405 2190 1506 2227; x_wconf 84' lang='lat' dir='ltr'>ordi-</span> 
     </span>
     <span class='ocr_line' id='line_1_51' title="bbox 848 2246 1504 2303; baseline -0.008 -14"><span class='ocrx_word' id='word_1_277' title='bbox 848 2253 906 2290; x_wconf 88' lang='lat' dir='ltr'><strong><em>nis</em></strong></span> <span class='ocrx_word' id='word_1_278' title='bbox 933 2256 1121 2303; x_wconf 81' lang='lat' dir='ltr'><strong>pastorem</strong></span> <span class='ocrx_word' id='word_1_279' title='bbox 1146 2250 1303 2297; x_wconf 79' lang='lat' dir='ltr'>indicet‚</span> <span class='ocrx_word' id='word_1_280' title='bbox 1343 2247 1405 2298; x_wconf 86' lang='lat' dir='ltr'><strong><em>qui</em></strong></span> <span class='ocrx_word' id='word_1_281' title='bbox 1436 2246 1504 2284; x_wconf 90' lang='lat' dir='ltr'><strong><em>sub</em></strong></span> 
     </span>
     <span class='ocr_line' id='line_1_52' title="bbox 846 2303 1504 2360; baseline -0.011 -14"><span class='ocrx_word' id='word_1_282' title='bbox 846 2308 1000 2360; x_wconf 83' lang='lat' dir='ltr'>imperio</span> <span class='ocrx_word' id='word_1_283' title='bbox 1049 2307 1153 2357; x_wconf 84' lang='lat' dir='ltr'>quasi</span> <span class='ocrx_word' id='word_1_284' title='bbox 1199 2306 1290 2343; x_wconf 77' lang='lat' dir='ltr'>alius</span> <span class='ocrx_word' id='word_1_285' title='bbox 1328 2303 1504 2355; x_wconf 76' lang='lat' dir='ltr'>praefecti</span> 
     </span>
     <span class='ocr_line' id='line_1_53' title="bbox 846 2359 1506 2416; baseline -0.009 -13"><span class='ocrx_word' id='word_1_286' title='bbox 846 2365 1045 2416; x_wconf 78' lang='lat' dir='ltr'>superioris</span> <span class='ocrx_word' id='word_1_287' title='bbox 1055 2363 1194 2413; x_wconf 76' lang='lat' dir='ltr'>(qualis</span> <span class='ocrx_word' id='word_1_288' title='bbox 1212 2367 1269 2400; x_wconf 74' lang='lat' dir='ltr'><strong><em>est</em></strong></span> <span class='ocrx_word' id='word_1_289' title='bbox 1283 2359 1506 2412; x_wconf 82' lang='lat' dir='ltr'>Harpagus)</span> 
     </span>
     <span class='ocr_line' id='line_1_54' title="bbox 846 2423 1360 2472; baseline -0.008 -12"><span class='ocrx_word' id='word_1_290' title='bbox 846 2425 1013 2460; x_wconf 84' lang='lat' dir='ltr'>armenta</span> <span class='ocrx_word' id='word_1_291' title='bbox 1032 2424 1162 2472; x_wconf 83' lang='lat' dir='ltr'><strong>pascat</strong></span> <span class='ocrx_word' id='word_1_292' title='bbox 1181 2432 1225 2457; x_wconf 86' lang='lat' dir='ltr'><strong><em>ac</em></strong></span> <span class='ocrx_word' id='word_1_293' title='bbox 1241 2423 1360 2468; x_wconf 83' lang='lat' dir='ltr'>regat.</span> 
     </span>
    </p>
   </div>
   <div class='ocr_carea' id='block_1_10' title="bbox 1044 2507 1323 2562">
    <p class='ocr_par' dir='ltr' id='par_1_11' title="bbox 1044 2507 1323 2562">
     <span class='ocr_line' id='line_1_55' title="bbox 1044 2507 1323 2562; baseline -0.007 -14"><span class='ocrx_word' id='word_1_294' title='bbox 1044 2510 1156 2562; x_wconf 78' lang='lat' dir='ltr'><strong>Cap.</strong></span> <span class='ocrx_word' id='word_1_295' title='bbox 1187 2507 1323 2548; x_wconf 86' lang='lat' dir='ltr'><strong>cx1v.</strong></span> 
     </span>
    </p>
   </div>
   <div class='ocr_carea' id='block_1_11' title="bbox 849 2585 1507 2925">
    <p class='ocr_par' dir='ltr' id='par_1_12' title="bbox 849 2585 1507 2925">
     <span class='ocr_line' id='line_1_56' title="bbox 906 2585 1506 2638; baseline -0.015 -5"><span class='ocrx_word' id='word_1_296' title='bbox 906 2612 1032 2621; x_wconf 82' lang='lat'><strong><em>——-</em></strong></span> <span class='ocrx_word' id='word_1_297' title='bbox 1055 2589 1212 2631; x_wconf 79' lang='grc' dir='ltr'><strong><em>εἵλοντο</em></strong></span> <span class='ocrx_word' id='word_1_298' title='bbox 1240 2586 1402 2629; x_wconf 73' lang='grc' dir='ltr'><strong><em>ἑωυτῶν</em></strong></span> <span class='ocrx_word' id='word_1_299' title='bbox 1436 2585 1506 2638; x_wconf 87' lang='grc' dir='ltr'><strong><em>βα-</em></strong></span> 
     </span>
     <span class='ocr_line' id='line_1_57' title="bbox 851 2641 1504 2696; baseline -0.012 -7"><span class='ocrx_word' id='word_1_300' title='bbox 851 2648 959 2689; x_wconf 84' lang='grc' dir='ltr'><strong><em>σιλέα</em></strong></span> <span class='ocrx_word' id='word_1_301' title='bbox 980 2644 1095 2688; x_wconf 80' lang='grc' dir='ltr'><strong><em>εῖνα</em></strong></span> <span class='ocrx_word' id='word_1_302' title='bbox 1107 2663 1121 2687; x_wconf 94' lang='grc' dir='ltr'><strong><em>ι</em></strong></span> <span class='ocrx_word' id='word_1_303' title='bbox 1142 2648 1286 2688; x_wconf 78' lang='grc' dir='ltr'><strong><em>τοῦτον</em></strong></span> <span class='ocrx_word' id='word_1_304' title='bbox 1299 2641 1348 2696; x_wconf 87' lang='grc' dir='ltr'><strong><em>δὴ</em></strong></span> <span class='ocrx_word' id='word_1_305' title='bbox 1365 2659 1400 2684; x_wconf 86' lang='grc' dir='ltr'><strong><em>κ.</em></strong></span> <span class='ocrx_word' id='word_1_306' title='bbox 1412 2641 1504 2693; x_wconf 81' lang='grc' dir='ltr'><strong><em>τ.λ.]</em></strong></span> 
     </span>
     <span class='ocr_line' id='line_1_58' title="bbox 849 2702 1507 2750; baseline -0.017 -4"><span class='ocrx_word' id='word_1_307' title='bbox 849 2706 1039 2746; x_wconf 81' lang='lat' dir='ltr'>Notarunt</span> <span class='ocrx_word' id='word_1_308' title='bbox 1075 2705 1145 2742; x_wconf 91' lang='lat' dir='ltr'><strong><em>hoc</em></strong></span> <span class='ocrx_word' id='word_1_309' title='bbox 1185 2702 1331 2742; x_wconf 78' lang='lat' dir='ltr'>dicendi</span> <span class='ocrx_word' id='word_1_310' title='bbox 1374 2713 1507 2750; x_wconf 85' lang='lat' dir='ltr'>genus,</span> 
     </span>
     <span class='ocr_line' id='line_1_59' title="bbox 850 2757 1507 2814; baseline -0.015 -13"><span class='ocrx_word' id='word_1_311' title='bbox 850 2777 924 2814; x_wconf 90' lang='lat' dir='ltr'><strong><em>quo</em></strong></span> <span class='ocrx_word' id='word_1_312' title='bbox 936 2763 1134 2801; x_wconf 79' lang='lat' dir='ltr'>infinitivus</span> <span class='ocrx_word' id='word_1_313' title='bbox 1155 2757 1258 2800; x_wconf 86' lang='grc' dir='ltr'><strong><em>εἷναι</em></strong></span> <span class='ocrx_word' id='word_1_314' title='bbox 1276 2758 1507 2797; x_wconf 81' lang='lat' dir='ltr'>abundanter</span> 
     </span>
     <span class='ocr_line' id='line_1_60' title="bbox 850 2811 1506 2870; baseline -0.017 -12"><span class='ocrx_word' id='word_1_315' title='bbox 850 2823 928 2858; x_wconf 86' lang='lat' dir='ltr'>fere</span> <span class='ocrx_word' id='word_1_316' title='bbox 965 2819 1183 2870; x_wconf 80' lang='lat' dir='ltr'>quibusdam</span> <span class='ocrx_word' id='word_1_317' title='bbox 1211 2816 1333 2855; x_wconf 83' lang='lat' dir='ltr'>verbis</span> <span class='ocrx_word' id='word_1_318' title='bbox 1368 2811 1506 2863; x_wconf 82' lang='lat' dir='ltr'>adponi</span> 
     </span>
     <span class='ocr_line' id='line_1_61' title="bbox 851 2870 1506 2925; baseline -0.018 -9"><span class='ocrx_word' id='word_1_319' title='bbox 851 2878 1016 2925; x_wconf 82' lang='lat' dir='ltr'>videtur,</span> <span class='ocrx_word' id='word_1_320' title='bbox 1044 2876 1112 2914; x_wconf 80' lang='lat' dir='ltr'>viri</span> <span class='ocrx_word' id='word_1_321' title='bbox 1138 2872 1237 2914; x_wconf 80' lang='lat' dir='ltr'>docti</span> <span class='ocrx_word' id='word_1_322' title='bbox 1263 2873 1314 2911; x_wconf 85' lang='lat' dir='ltr'><strong><em>ad</em></strong></span> <span class='ocrx_word' id='word_1_323' title='bbox 1329 2870 1506 2919; x_wconf 84' lang='lat' dir='ltr'>Vigerum</span> 
     </span>
    </p>
   </div>
  </div>
 </body>
</html>
