1759 3324
367 272 452 313 308

765 271 1232 311 HERODOTI

368 379 653 435 ποιευμένους
682 378 933 436 ἱδρύεσθαι,
965 380 1073 425 ἄλλα
1103 383 1177 425 καὶ
1209 386 1322 426 τοῖσι
1351 383 1524 425 ποιεῦσι
1545 397 1631 437 μω-

370 462 469 516 ρίην
498 459 776 514 ἐπιφέρουσι·
806 458 865 511 ὡς
893 460 971 516 μὲν
1000 460 1095 517 ἐμοὶ
1125 461 1315 513 δοκέειν,
1348 460 1415 505 ὅτι
1445 458 1528 504 οὐκ
1558 458 1687 503 οἶν-26

366 538 662 596 θρωποφυέας
692 538 899 594 ἐνόμισαν
928 539 1030 590 τούς
1057 540 1212 594 θεοὺς,
1242 540 1433 595 κατάπερ
1464 541 1508 583 οἱ
1535 538 1632 582 ‘'Ea-

338 623 515 675 Ξληνες,
547 616 670 662 εἶναι.
703 619 746 661 οἱ
775 618 821 661 δὲ
849 620 1078 673 νομίζουσι
1106 621 1185 662 Διῒ
1213 619 1314 675 μὲν,
1342 619 1412 663 ἐπὶ
1440 618 1493 662 τὰ
1518 616 1629 674 ὑψη-

366 697 525 741 λότατα
555 701 643 740 τῶν
673 694 845 752 οὐρέων
881 696 1219 754 ἀναβαίνοντες,
1276 701 1439 751 θυσίας
1475 698 1630 753 ἕρδειν,

310 893 408 930 ribus
427 893 465 929 in
490 892 647 930 medium
670 890 830 942 protulit.
887 891 966 930 Ne-

310 963 384 999 que
404 949 499 986 eniin
530 961 597 996 eo,
628 948 727 996 quod
762 948 966 985 idololatria

311 1018 406 1055 quae
432 1010 582 1041 vocatur
615 1016 637 1041 a
664 1003 856 1042 Persarum
881 1005 966 1042 reli-

311 1063 422 1110 gione
439 1060 558 1098 aliena
585 1065 661 1106 est,
691 1073 818 1105 omnes
836 1062 965 1110 imagi-

309 1130 375 1155 nes
408 1117 552 1155 diw‘nae
585 1129 783 1165 earumque
814 1132 897 1154 usus
926 1118 965 1154 in

310 1174 488 1224 gemmis,
519 1174 619 1221 aliis,
649 1173 898 1212 excluduntur.

367 1230 522 1281 μωρίην
573 1228 828 1281 ἐπιφέρουσι]
870 1231 893 1268 i.
931 1244 962 1269 e.

311 1287 502 1324 stultitiam
520 1287 595 1324 illis
616 1289 809 1336 imputant,
839 1288 962 1325 stulti-

310 1346 384 1382 tiae
402 1344 482 1380 illos
503 1347 672 1392 arguunt.
719 1344 828 1381 Conf.
854 1358 964 1395 supra

310 1400 352 1448 I,
384 1403 450 1442 26.
476 1402 545 1442 68*
568 1405 605 1438 et
629 1399 846 1437 Pausaniam
875 1401 965 1438 haec

311 1457 511 1495 imitantem
540 1456 576 1504 Ι,
598 1457 669 1503 23,
695 1459 768 1503 10,
797 1457 859 1494 ubi
884 1457 965 1507 plu-

311 1526 353 1551 ra
398 1513 564 1551 Siebelis.
611 1533 669 1540 —
707 1513 750 1549 In
798 1515 965 1564 proxime

311 1583 415 1619 seqq.
432 1570 598 1607 dedimus
617 1567 771 1608 δοκέειν
789 1583 856 1619 pro
868 1570 964 1618 mlg.

312 1625 460 1674 δοκέει,
490 1626 588 1663 libris
607 1626 813 1664 melioribus
843 1627 965 1663 sicin-

312 1684 491 1721 bentibus.
559 1682 619 1720 De
655 1682 838 1720 locutione
871 1684 964 1720 conf.

311 1739 479 1777 Reizium
497 1740 547 1776 ad
569 1739 694 1788 Viget.
725 1739 772 1777 de
792 1739 964 1777 idiotism.

311 1809 348 1847 p.
370 1798 467 1837 744.

366 1848 426 1892 ὅτι
445 1847 520 1891 οὐκ
531 1847 859 1903 ἅνθρωποφυέας
882 1849 964 1893 ε’νό-

312 1922 432 1960 μισαν
452 1906 543 1954 τοὺς
563 1906 688 1954 θεούς
711 1925 747 1948 κ.
768 1925 799 1948 τ.
821 1912 867 1957 λ.]
897 1905 964 1948 οἷν-

310 1964 582 2015 θρωποφυέας
605 1965 708 2002 Valla
735 1967 964 2003 reddiderat:

313 2021 445 2069 (deos)
456 2035 500 2058 ex
513 2022 706 2058 hominibus
717 2026 818 2058 ortos.
842 2022 964 2065 Quem

311 2082 456 2115 secutus
479 2078 717 2115 estKleuker.
738 2078 774 2114 in
792 2077 963 2128 Append.

311 2134 361 2171 ad
379 2133 600 2170 Zendavest.
622 2134 704 2170 Vol.
721 2134 756 2170 ΙΙ
774 2134 815 2170 P.
830 2135 857 2174 3
878 2136 963 2183 p.5.

253 2235 259 2239 ,
313 2192 378 2230 13.
417 2189 543 2226 Malim
568 2191 737 2238 equidem
763 2190 965 2238 intelligere

311 2245 390 2283 deos
403 2245 544 2296 formae
561 2246 752 2293 humanae,
772 2246 832 2295 qui
853 2246 963 2284 iidem

310 2302 370 2349 ΙΙ,
399 2301 478 2343 142
520 2303 687 2339 dicuntur
714 2298 963 2353 οἷνθρωποει-

312 2356 397 2404 δέες
426 2357 532 2396 θεοί.
591 2358 675 2401 Quo
697 2360 827 2396 eodem
853 2373 964 2396 sensu

310 2413 497 2452 Diodorus
518 2414 582 2460 IV,
605 2417 658 2455 69
680 2415 885 2453 Centauros
906 2416 962 2452 di-

312 2471 361 2508 cit
382 2465 694 2519 ἅνθρωποφυεΐς
713 2472 734 2508 i.
759 2485 789 2509 e.
805 2472 962 2509 humana

306 2526 442 2577 formd,
489 2527 603 2574 gunt,
621 2528 810 2576 praeditos.
840 2529 964 2565 Voluit

312 2587 433 2620 autem
477 2583 688 2620 Herodotus
738 2586 962 2622 Graecorum

311 2638 734 2689 anthropomorphism0‚
774 2642 835 2690 qui
874 2641 963 2678 dici-

312 2699 391 2742 tur,
421 2708 610 2745 opponere
638 2698 865 2734 orientalium
893 2699 960 2734 do-

312 2751 463 2790 ctrinam
472 2752 588 2800 magis
600 2765 729 2801 puram
739 2758 961 2803 exemptam-

313 2820 386 2857 que
405 2808 451 2844 ab
477 2820 542 2854 eo,
572 2809 673 2856 quod
700 2810 960 2847 materialitatis

313 2863 487 2901 vocabulo
524 2864 680 2901 barbaro
715 2865 823 2914 vulgo
861 2867 960 2903 desi-

314 2923 440 2969 gnant.
479 2919 539 2958 Tu
556 2921 638 2959 vide
664 2927 866 2960 accuratam
885 2923 962 2960 dis·

1032 894 1256 944 putationem
1274 894 1318 931 V.
1335 894 1382 931 D.
1401 893 1601 932 Ouwaroff.
1615 892 1684 929 Es-

1037 950 1108 986 sais
1128 963 1190 986 sur
1209 950 1260 987 les
1282 952 1429 999 myster.
1454 963 1541 999 pag.
1563 951 1617 990 73
1642 970 1680 976 ··-

1033 1009 1088 1046 76
1110 1008 1167 1043 ed.
1192 1020 1283 1053 see„
1313 1007 1504 1057 probatam
1539 1018 1685 1054 quoque

1035 1062 1142 1098 Gallo
1166 1063 1272 1099 docto
1300 1062 1488 1100 Letronne
1519 1062 1556 1098 in
1577 1061 1685 1098 Jour-

1034 1118 1094 1154 nal
1115 1119 1151 1156 d.
1168 1120 1252 1156 Sav.
1283 1121 1390 1160 1817
1412 1132 1497 1169 pag.
1518 1121 1598 1159 100
1609 1130 1685 1167 seq.

1032 1174 1110 1212 coll.
1132 1177 1240 1216 1816
1263 1176 1394 1213 Octob.
1414 1189 1499 1225 pag.
1515 1177 1608 1215 111.

1090 1231 1131 1270 οἱ
1160 1229 1202 1270 δὲ
1230 1232 1433 1282 νομίζουσι
1453 1231 1525 1270 Διῒ
1546 1228 1618 1281 μὲν
1648 1244 1683 1268 κ.

1032 1302 1064 1326 τ.
1087 1286 1142 1338 λ.]
1182 1287 1314 1326 Persas
1343 1288 1465 1326 Iovem
1492 1291 1684 1325 veneratos

1033 1357 1115 1382 esse
1128 1373 1138 1392 ,
1167 1345 1280 1382 multa
1298 1350 1461 1382 veterum
1480 1344 1685 1382 testimonia

1032 1401 1229 1438 ostendunt
1251 1414 1273 1438 a
1293 1414 1350 1438 ine
1368 1401 1512 1451 prolata
1529 1401 1566 1437 in
1592 1404 1683 1437 nott.

1032 1458 1080 1494 ad
1106 1458 1251 1495 Ctesiae
1277 1459 1444 1506 sragmm.
1475 1470 1561 1508 pag.
1584 1456 1681 1504 5146.

1031 1513 1100 1550 Est
1131 1514 1225 1551 enirn
1256 1515 1479 1562 tenendum,
1519 1514 1682 1550 Graecos

1034 1569 1248 1620 scriptores,
1279 1571 1340 1619 qui
1362 1570 1511 1608 Graecis
1529 1569 1683 1606 homini-

1033 1627 1100 1663 bus
1127 1627 1346 1674 scriberent,
1375 1627 1413 1663 in
1442 1626 1593 1664 aliafum
1616 1638 1682 1662 na-

1032 1683 1170 1720 tionum
1189 1683 1257 1720 diis
1271 1712 1281 1731 ,
1306 1683 1422 1730 cultu,
1443 1683 1568 1719 ritibus
1580 1710 1591 1729 ‚
1606 1681 1683 1719 aliis

1033 1740 1280 1777 describendis
1312 1740 1364 1776 ita
1408 1753 1448 1777 se
1480 1751 1683 1776 accommo-

1032 1796 1142 1833 dasse
1166 1800 1203 1833 et
1237 1796 1454 1846 applicuisse
1480 1795 1529 1833 ad
1566 1795 1684 1832 Grae-

1031 1865 1156 1889 corum
1191 1865 1311 1889 mores
1345 1857 1382 1889 et
1416 1853 1602 1898 instituta,
1641 1855 1683 1888 ut

1031 1909 1273 1957 quodcunque
1305 1909 1403 1958 apud
1432 1908 1519 1944 alias
1550 1911 1681 1956 gentes

1030 1977 1166 2001 numen
1184 1964 1251 2000 coli
1270 1963 1457 2010 viderent,
1476 1964 1515 2001 id
1533 1964 1681 2001 nomine

1029 2020 1259 2070 appellarent
1293 2020 1381 2070 ipsis
1413 2021 1530 2069 magis
1572 2020 1681 2057 solito

1031 2077 1106 2113 eius
1127 2077 1187 2114 dei
1216 2077 1366 2123 Graeci,
1403 2078 1451 2114 ad
1479 2089 1588 2126 quem
1612 2089 1682 2127 po-

1029 2133 1205 2170 tissimum
1233 2133 1417 2183 peregrini
1451 2133 1606 2170 numinis
1633 2133 1682 2170 si-

1032 2190 1215 2238 gnificatio
1234 2194 1345 2238 atque
1372 2189 1487 2226 cultus
1505 2190 1683 2228 aecedere

1030 2246 1222 2283 videretur.
1277 2246 1407 2295 Itaque
1430 2245 1554 2284 Iovem
1582 2245 1682 2297 apud

1699 392 1753 431 66

1030 2301 1162 2339 Persas
1191 2306 1228 2339 et
1257 2302 1438 2340 invenisse
1457 2303 1620 2341 Graecos
1644 2306 1682 2340 et
1709 2298 1718 2301 ’

1031 2371 1261 2408 nuncupasse
1277 2359 1367 2408 quid
1385 2358 1541 2396 mirum?

1083 2415 1290 2465 νομίζουσι
1315 2416 1389 2454 Διῒ
1415 2412 1506 2466 μὲν,
1538 2413 1605 2455 ἐπὶ
1631 2410 1681 2454 τοὶ

1026 2466 1264 2521 ὑψηλότατα
1291 2474 1372 2510 τῶν
1397 2467 1550 2524 ου’ρὲων
1583 2466 1681 2511 οἴνα-

1028 2526 1260 2578 βαίνοντες]
1293 2528 1467 2579 νομίζειν
1497 2528 1568 2565 hoe
1599 2528 1680 2565 loco

1029 2589 1085 2622 est
1103 2585 1199 2622 idem
1226 2588 1337 2632 atque
1366 2583 1409 2624 ἐν
1433 2579 1538 2637 νόμῳ
1558 2587 1681 2624 ποιεῖ·

1030 2644 1127 2679 σθαι
1142 2670 1152 2687 ,
1181 2642 1220 2677 in
1234 2652 1324 2677 more
1340 2641 1465 2679 habere
1475 2669 1485 2688 ,
1505 2653 1596 2679 more
1611 2643 1680 2690 uti,

1028 2697 1143 2734 solere.
1203 2696 1313 2734 Conf.
1335 2697 1372 2745 Ι,
1400 2699 1491 2738 133.
1521 2697 1579 2745 H,
1610 2697 1677 2739 64.

1026 2753 1100 2800 ΙΙΙ,
1130 2755 1222 2794 100.
1259 2752 1331 2801 IV,
1362 2757 1438 2795 191
1473 2757 1540 2792 etc.
1597 2753 1680 2791 Alia

1027 2809 1187 2846 laudavit
1205 2808 1350 2857 Astius‚
1373 2823 1395 2847 a
1413 2810 1478 2848 Cr.
1497 2809 1679 2857 laudatus,

1028 2866 1076 2903 ad
1096 2865 1237 2902 Platon.
1262 2865 1370 2902 Polit.
1390 2879 1476 2917 pag.
1495 2866 1591 2907 557.
1620 2885 1677 2894 —

1028 2922 1140 2967 Quod
1164 2934 1250 2960 vero
1273 2921 1405 2961 Persas
1436 2923 1474 2960 in
1499 2923 1685 2960 montium.
