1814 3315
660 232 875 272 CLIO.
933 235 960 273 1.

1361 243 1442 283 149

182 343 445 401 λογήσαντος
475 341 541 386 ἐπὶ
567 339 762 386 τούτοισι
791 344 1130 400 Πεισιστράτου,
1162 351 1437 404 μηχανῶνται

181 422 234 478 δὴ
264 422 331 465 ἐπὶ
358 424 412 477 τῇ
438 418 607 477 κατόδῳ
637 424 814 477 πρῆγμα
843 419 1158 478 εὐηθέστατον,
1189 424 1248 477 ὦς
1263 426 1345 481 ἐγώ
1365 427 1432 471 εὑ-

179 502 336 555 ρίσκω,
368 503 537 557 μακρῷ·
571 499 661 543 ἐπεί
688 516 735 555 γε
766 499 983 558 ἀπεκρίθη
1009 504 1055 547 ἐκ
1071 504 1334 560 παλαιτέρου
1356 509 1437 549 τοῦ

174 576 401 635 βαρβάρου
431 577 581 628 ἔθνεος
609 579 658 622 τὸ
694 576 975 636 Ἑλληνικόν,
1034 581 1108 626 ἐὸν
1144 584 1218 627 καὶ
1248 583 1436 636 δεξιώτε-

117 740 366 788 frequentavit.
420 740 528 777 conf.
578 740 773 781 Ruhnken.

116 796 165 833 ad
186 795 280 833 Tim.
306 795 395 833 Lex.
416 797 507 834 Plat.
539 811 576 846 p.
609 799 701 840 132.

170 850 257 891 ἐπεί
276 866 320 903 γε
341 848 543 904 ἀπεκρίθη
567 852 609 892 ἐκ
630 858 769 894 παλαι-

114 905 228 959 τέρου
256 909 329 947 τοῦ
358 909 605 960 βαρβαρικοῦ
628 909 768 958 ἔθνεος

113 962 158 1004 τό
184 963 429 1016 Ἑλληνικὸν]
461 966 615 1004 Multum
642 968 698 1005 hic
724 968 767 1004 li-

114 1021 168 1057 bri
214 1022 372 1067 variant3
419 1022 540 1072 plures
577 1024 765 1061 exhibent:

112 1073 157 1115 τό
195 1072 400 1129 βάρβαρον
431 1078 552 1125 ἔθνος
584 1082 655 1118 τοῦ
684 1079 763 1119 Ἑλ-

112 1135 307 1183 ληνικοῦ,
363 1147 457 1171 1111115
494 1133 536 1174 τὸ
572 1136 762 1189 βαρβαρι-

111 1186 185 1228 κόν
234 1189 353 1236 ἔθνος
403 1193 478 1230 τοῦ
515 1190 760 1242 Ἑλληνικοῦ,

110 1259 204 1283 1111115
256 1245 396 1293 ἔθνεος
442 1250 516 1286 τοῦ
554 1245 760 1300 βαρβάρου

109 1298 154 1341 τό
209 1299 438 1353 Ἑλληνικόν
455 1333 466 1350 ,
534 1304 594 1341 3111
660 1306 761 1343 (10111-

109 1371 181 1407 que
230 1361 302 1397 τοῦ
358 1356 565 1412 βαρβάρου
620 1360 761 1408 ἔθνεος

108 1411 152 1453 τό
190 1411 433 1465 Ἑλληνικὸν,
485 1418 585 1465 quod
640 1419 760 1468 ipsum

107 1470 310 1519 Schweigh.
360 1476 396 1509 et
449 1473 564 1510 Gaisf.
613 1474 757 1523 placuit.

107 1526 188 1563 Nos
221 1541 302 1564 cuin
328 1527 459 1565 Matth.
488 1529 572 1566 olim
600 1531 759 1568 retinen-

107 1583 191 1619 dam
218 1584 453 1622 censebamus
474 1586 633 1636 priorum
656 1587 758 1625 editt.

106 1638 313 1677 lectionem:
383 1643 456 1680 τοῦ
510 1642 759 1694 βαρβαρικοῦ

107 1693 247 1741 ἔθνεος
272 1693 314 1735 τὸ
330 1695 577 1748 Ἑλληνικὸν,
607 1699 662 1736 1115
690 1713 757 1749 po-

105 1751 282 1789 tissimum
339 1755 493 1803 permoti
546 1756 758 1803 rationibus,

104 1808 206 1856 quod
232 1808 279 1846 de
305 1809 370 1857 iis,
401 1823 496 1859 quae
523 1823 590 1848 nec
615 1812 757 1849 Graeca

103 1868 189 1900 sunt
206 1877 274 1902 nec
295 1866 343 1902 ad
363 1866 554 1905 Graeciam
572 1869 756 1917 pertinent

102 1920 268 1970 adeoque
316 1922 467 1959 Graecis
522 1928 755 1974 opponuntur

103 1976 164 2024 (ut
192 1976 262 2014 hoc
290 1979 367 2016 fere
387 1978 485 2027 loco)
517 1980 671 2018 subinde
697 1981 753 2017 in-

102 2032 241 2069 venitur
258 2033 518 2087 βαρβαρικός,
550 2049 629 2073 011111
658 2033 751 2087 βάρ-

102 2088 224 2141 βαρος
260 2090 378 2128 10011111
415 2092 567 2140 habeat,
609 2094 671 2130 ubi
705 2094 752 2131 de

100 2146 259 2182 moribus
286 2160 404 2185 sermo
435 2152 545 2198 atque
566 2149 750 2186 institutis.

101 2201 160 2239 De
188 2214 280 2251 quo,
308 2209 479 2242 monente
515 2205 595 2252 Cr.,
621 2219 752 2242 consu-

100 2256 194 2295 latur
215 2259 395 2298 Schaeser.
422 2261 460 2297 in
486 2261 624 2299 Melett.
658 2263 750 2299 critt.

100 2326 186 2364 pag.
209 2317 279 2363 40,
303 2317 359 2354 cui
382 2318 467 2354 add.
497 2318 752 2355 Hemsterhus.

100 2370 150 2406 311
167 2370 400 2422 Xenophont.
419 2373 556 2423 EpheS.
571 2387 657 2424 pag.
673 2376 752 2414 180

100 2426 160 2464 ed.
192 2426 327 2466 Locell.
357 2429 467 2467 Nunc
494 2434 616 2467 tamen
641 2431 751 2467 Gais-

99 2482 256 2521 sordium
277 2486 381 2534 sequi
403 2486 530 2534 malui,
559 2491 635 2523 tum
662 2499 750 2537 pro-

100 2541 182 2586 pter
200 2539 372 2579 librorum
397 2542 612 2592 scriptorum
639 2547 751 2592 atque

102 2593 300 2634 editionum
359 2599 628 2647 auctoritatem,
674 2603 750 2636 tum

101 2651 201 2696 quod
221 2652 308 2690 illud
325 2654 518 2692 discrimen
539 2655 633 2693 inter
657 2655 750 2706 βαρ-

102 2703 260 2757 βαρικὸς
288 2713 326 2746 et
348 2705 550 2763 βάρβαρος
577 2712 636 2748 vix
671 2711 752 2748 ubi-

102 2772 174 2807 que
204 2769 376 2802 servatur.
432 2767 490 2804 Ita
520 2768 558 2804 in
587 2767 750 2804 Platonis

100 2815 192 2864 loco,
218 2831 324 2867 quem
346 2821 414 2858 Cr.
433 2824 649 2872 adscripsit,
677 2823 751 2859 Po-

102 2872 185 2910 litic.
216 2886 253 2923 p.
288 2879 369 2918 262
398 2891 427 2914 5.
457 2892 495 2929 p.
517 2880 597 2920 257
630 2878 748 2917 Bekk.

832 743 901 780 sibi
934 744 1130 794 opponitur
1177 743 1221 785 το“
1267 743 1491 797 Ἑλληνικὸν

839 800 909 847 (50.
930 798 1063 851 γένος)
1081 805 1190 850 atque
1208 799 1250 842 τὸ
1271 800 1485 856 βάρβαρον.

837 855 906 893 Est
930 869 1014 893 vero
1041 857 1130 894 haec
1157 860 1271 896 nostri
1310 860 1377 897 loci
1405 874 1489 898 5011-

835 912 966 948 tentia:
998 912 1112 959 „illos
1132 913 1204 951 tale
1226 916 1411 953 consilium
1440 918 1486 954 de

833 968 1040 1006 reducendo
1091 969 1281 1007 Pisistrato
1333 974 1486 1022 cepisse,

834 1023 944 1072 longe
982 1024 1160 1072 omnium,
1213 1031 1252 1063 ut
1293 1028 1485 1066 Herodoto

832 1080 995 1127 videtur,
1024 1081 1311 1130 ineptissimum,
1341 1085 1371 1120 si
1405 1086 1486 1133 qui-

832 1136 915 1172 dem
941 1149 985 1173 ex
1014 1138 1164 1185 antiquo
1191 1138 1261 1174 iam
1279 1152 1368 1176 aevo
1395 1140 1485 1178 Hel-

831 1191 931 1229 lenes
962 1204 1051 1241 prae
1082 1193 1243 1230 barbaris
1277 1196 1484 1232 nationibus

830 1247 1064 1294 excellerent,
1095 1253 1169 1285 tum
1198 1250 1411 1289 dexteritate
1428 1252 1484 1288 in-

829 1304 948 1351 genii,
978 1308 1055 1340 tum
1082 1317 1126 1340 eo
1153 1306 1251 1354 quod
1279 1318 1300 1342 a
1334 1308 1484 1344 ridicula

829 1360 1117 1408 (barbarorum)
1169 1361 1318 1398 stultitia
1364 1364 1482 1411 magis

827 1416 957 1453 remoti
977 1421 1120 1463 essent,
1149 1421 1259 1466 atque
1291 1431 1385 1456 nunc
1410 1420 1482 1470 ipsi

826 1470 1093 1520 Athenienses,
1130 1474 1192 1522 qui
1228 1475 1406 1523 sapientia
1427 1475 1481 1512 vel

827 1528 973 1577 reliquis
985 1528 1200 1567 Hellenibus
1218 1536 1406 1579 praestare
1425 1532 1481 1568 (11-

826 1590 1003 1631 cerentur,
1024 1586 1096 1622 tale
1122 1586 1210 1634 quid
1232 1587 1480 1625 comminisce-

826 1645 969 1687 rentur,
999 1654 1071 1689 quo
1090 1642 1218 1690 utique
1246 1643 1356 1680 rudes
1387 1656 1478 1693 gen·

825 1701 881 1733 tes
903 1709 945 1733 30
964 1697 1141 1734 barbarae
1160 1699 1236 1735 fere
1269 1699 1387 1748 decipi
1409 1713 1479 1749 po-

824 1753 969 1798 tuerint,
988 1753 1134 1791 minime
1151 1766 1236 1791 vero
1254 1755 1338 1791 culti
1357 1755 1476 1793 Grae-

826 1808 857 1845 ci
886 1809 1183 1859 Graecorumque
1212 1809 1268 1847 vel
1289 1810 1477 1848 cultissimi

823 1863 1066 1903 Athenienses
1107 1865 1225 1915 decipi
1255 1866 1476 1905 debebant.“

823 1920 877 1958 Ut
907 1921 1003 1958 enim
1034 1922 1167 1959 Graeci
1200 1922 1384 1971 barbaris,
1424 1923 1476 1960 ita

823 1977 974 2014 Graecis
1037 1979 1171 2015 cunctis
1232 1977 1474 2017 Athenienses

819 2038 1008 2083 praestare
1054 2034 1124 2071 sibi
1153 2034 1366 2072 videbantur
1413 2048 1472 2073 sa—

819 2090 956 2139 pienti-21
994 2091 1164 2139 omnique
1203 2090 1339 2138 ingenii
1366 2091 1472 2139 cultu,

818 2145 979 2195 reliquae
1005 2147 1182 2184 Graeciae
1212 2159 1253 2183 se
1279 2148 1472 2196 magistros

819 2214 902 2239 esse
926 2203 1114 2241 iactantes.
1172 2203 1284 2241 Unde
1310 2202 1471 2241 Athena-

820 2271 901 2295 rum
933 2259 1060 2296 urbem
1095 2258 1251 2296 Pericles
1287 2260 1375 2296 dixit
1400 2261 1472 2310 τῆς

817 2310 1004 2362 Ἑλλάδος
1021 2315 1243 2364 παίδευσιν,
1264 2314 1470 2364 Thucydid.

818 2370 876 2418 ΙΙ,
915 2371 980 2412 41.
1037 2371 1096 2409 De
1133 2384 1206 2421 quo
1238 2371 1333 2408 dicto
1367 2371 1472 2420 plura

821 2427 882 2464 Cr.
903 2429 951 2464 ad
970 2428 1121 2465 oration.
1144 2427 1327 2464 decivitat.
1338 2426 1469 2466 Athen.

817 2496 904 2534 pag.
939 2483 992 2525 56
1025 2484 1083 2522 011.
1114 2496 1191 2521 sec„
1210 2483 1391 2533 Equidem
1412 2496 1471 2521 me

817 2540 1010 2576 continebo
1060 2541 1098 2577 in
1149 2553 1223 2577 uno
1260 2539 1470 2577 Dicaearchi

818 2595 910 2643 loco,
940 2596 1001 2644 qui
1023 2609 1066 2633 ex
1086 2596 1300 2633 Herodoteo
1322 2608 1470 2645 expres-

818 2665 880 2688 sus
899 2652 1086 2700 videatur,
1112 2665 1148 2702 p.
1173 2654 1224 2692 10
1257 2652 1315 2698 (in
1336 2652 1467 2689 CreuZ.

818 2707 958 2746 Melett.
985 2708 1035 2745 1ss
1065 2721 1150 2757 pag.
1187 2709 1304 2755 183):
1345 2704 1388 2747 τὸ
1403 2722 1470 2746 κα-

818 2760 940 2804 θόλον
968 2759 1008 2802 δ’
1043 2760 1141 2803 ὅσον
1162 2763 1207 2802 αἱ
1225 2762 1362 2803 λοιπαὶ
1391 2759 1469 2802 πό-

817 2824 897 2868 λεις
917 2816 1015 2872 πρός
1042 2834 1083 2859 τε
1100 2817 1256 2870 ’ἡδονὴν
1280 2819 1348 2858 καὶ
1376 2819 1468 2870 βίου

818 2874 1038 2930 διόρθωσιν
1063 2879 1145 2916 τῶν
1173 2871 1305 2929 ἀγρῶν
1331 2873 1467 2924 διαφέ-
