1768 3315
350 257 435 297 236
741 253 1209 295 HERODOTI

350 366 430 409 τοῦ
458 361 519 406 ἔτι
547 359 763 417 πρότερον
790 362 1056 420 κατιρώσας,
1095 361 1190 408 τότε
1219 362 1367 421 τρόπῳ
1407 366 1468 422 τῷ
1496 364 1611 422 εἰρη-

289 484 293 485 ⁷
350 442 465 501 μένῳ
495 439 681 497 α’νὲθηκε
709 440 753 493 ἐς
777 440 830 485 τοὶ
859 443 1034 499 εἴρηται.
1090 444 1164 487 καὶ
1201 443 1303 499 περὶ
1330 443 1409 500 μὲν
1441 441 1610 500 ἀναθη-

353 521 500 578 μάτων
528 523 718 563 τοσαῦτα
745 519 951 577 εἰρήσθω.

226 609 292 654 93
464 596 683 654 Θώυματα
712 598 759 643 δὲ
786 602 842 655 γῆ
879 601 1022 657 Λυδίη
1049 600 1092 652 ἐς
1119 600 1380 659 συγγραφήν
1411 600 1465 645 οὐ
1494 599 1665 657 μάλα35

20 673 129 709 lugens
161 673 301 709 Alyattae

21 708 198 743 sepulcrum.
239 707 298 741 Ly-

21 741 298 803 322518351¹¹³523¹1¹53

22 808 158 844 Gygaea.

355 679 459 736 ἔχει,
489 675 563 722 Οἷά
591 694 636 722 τε
660 677 735 722 καὶ
764 674 873 734 ἄλλη
902 678 1039 735 χώρη,
1067 679 1201 737 πάρεξ
1218 685 1300 725 τοῦ
1322 681 1368 725 ἐκ
1388 684 1469 725 τοῦ
1489 678 1609 736 Τμώ-

352 763 434 803 λου
472 755 831 814 καταφερομένου
868 755 1104 814 ψήγματος.
1152 758 1233 803 Ἓν
1262 761 1309 805 δὲ
1337 760 1470 816 ἔργον
1499 763 1610 803 πολ-

349 837 428 884 λὸν
458 836 658 895 μέγιστον
683 835 932 893 παρέχεται,
972 837 1102 894 χωρὶς
1139 842 1230 883 τῶν
1268 855 1313 884 τε
1351 838 1604 895 Αἰγυπτίων

293 1047 426 1097 ling-ius
438 1074 450 1094 ,
501 1046 609 1082 ducta
636 1042 867 1094 potissimum
905 1056 948 1082 ex

294 1105 359 1152 iis,
388 1115 484 1154 quae
502 1100 707 1149 Hesychius
729 1113 757 1137 s.
777 1113 811 1137 v.
831 1104 868 1138 et
880 1100 949 1138 Ti-

295 1173 424 1198 maeus
443 1159 481 1196 in
500 1157 622 1195 Lexic.
651 1156 794 1194 Platon.
814 1170 851 1208 p.
868 1159 949 1199 160

297 1217 356 1256 ed.
374 1215 522 1255 Ruhnk.
540 1213 779 1251 tradiderunt.

494 1298 526 1336 C
538 1311 558 1335 a
566 1311 603 1349 p.
632 1297 770 1335 XCIII.

357 1379 558 1435 Θῶυματα
590 1379 633 1421 δὲ
667 1383 721 1433 γῆ
747 1380 882 1432 Λυδίη
913 1379 954 1427 ἐς

298 1437 535 1494 συγγραφήν
547 1434 596 1478 οὕ
607 1433 713 1489 μάλα
725 1436 800 1488 ἔχει
810 1453 845 1477 κ.
856 1453 888 1476 τ.
902 1436 950 1488 λ.]

297 1497 441 1536 Mavult
469 1496 686 1534 Schaeferus
733 1496 771 1531 in
809 1494 949 1532 Melett.

296 1556 388 1593 critt.
417 1554 436 1590 I
463 1567 499 1604 p.
520 1553 575 1593 73
602 1553 656 1604 γῆ
680 1548 709 1602 ἦ
728 1551 875 1601 Λυδίη.
894 1572 950 1579 —

299 1611 512 1661 Suspicatur
531 1609 734 1646 Creuzerus
744 1607 794 1655 (F
797 1620 947 1656 ragmm.

298 1667 383 1705 hist.
401 1679 438 1716 p.
460 1665 591 1713 170),
621 1664 677 1701 his
702 1663 791 1714 ipsis
828 1663 948 1700 verbis

293 1723 525 1761 Herodotum
579 1724 741 1768 „notare
789 1719 949 1757 voluisse

294 1775 482 1829 ἀκρισίαν
527 1776 663 1814 Xanthi
708 1775 949 1825 similiumque

297 1836 535 1886 scriptorum,
560 1834 621 1882 qui
638 1833 675 1870 in
694 1833 801 1870 rebus
821 1833 949 1883 patriis

297 1890 490 1931 narrandis
544 1889 746 1927 fabularum
794 1889 950 1926 ludibria

295 1950 520 1997 aucupantes
553 1945 782 1997 popularium
808 1949 949 1983 mentes

222 2020 224 2022 '
297 2005 489 2042 advertere
504 2003 694 2040 studerent
720 2005 757 2038 et
785 2001 949 2038 miranda

297 2059 447 2110 quaew‘s
485 2058 533 2095 ad
565 2070 668 2094 suam
695 2057 766 2107 ipsi
793 2058 946 2108 patriam

297 2115 521 2154 traherent.“
546 2114 659 2157 Quod
683 2126 786 2151 secus
807 2114 946 2150 videtur

296 2171 529 2211 Dahlmanno
559 2169 757 2217 (Herodot.
779 2182 816 2219 p.
833 2170 946 2217 122),

297 2227 361 2277 qui
388 2227 479 2264 haec
513 2226 728 2263 documento
770 2238 852 2263 esse
884 2226 946 2272 ait,

296 2283 490 2321 Herodoto
543 2294 694 2332 prorsus
740 2282 946 2330 incognitos

296 2339 411 2377 fuisse
432 2341 586 2387 quatuor
604 2336 739 2375 Xanthi
760 2337 872 2374 libros
889 2351 948 2375 re-

297 2408 379 2432 rum
397 2393 616 2442 Lydiarum,
651 2393 810 2443 indeque
839 2394 947 2432 etiam

297 2450 474 2489 mirabilia
490 2462 656 2499 quaeque
675 2450 711 2486 in
722 2449 864 2498 Lydiae
882 2463 948 2487 na-

297 2507 399 2553 tura,
429 2518 451 2543 a
475 2505 623 2543 Xantho
648 2510 815 2543 enarrata
847 2506 946 2543 illum

296 2563 427 2611 fugere
461 2562 641 2599 debuisse.
700 2562 866 2605 Quocum
890 2566 948 2599 ta-

297 2631 384 2656 men
404 2618 492 2654 illud
519 2631 594 2655 non
622 2619 809 2666 congruit,
848 2619 947 2668 quod

297 2674 527 2712 Herodotum
565 2674 641 2710 suis
679 2674 793 2724 ipsius
832 2675 946 2711 oculis

296 2730 486 2779 Lydorum
503 2730 689 2779 regionem
705 2730 838 2767 vidisse
849 2742 947 2768 eam-

299 2799 372 2836 que
388 2786 628 2837 perlustrasse
654 2786 829 2823 nonnulla
848 2787 947 2824 evin-

301 2846 388 2879 cunt
433 2842 657 2889 testimonia,
705 2842 852 2880 collecta
899 2844 945 2879 ab

303 2898 429 2948 Heyse
443 2899 786 2943 Quaestflerodot.
808 2899 823 2936 I
845 2912 880 2949 p.
892 2900 945 2940 89

1014 1056 1094 1094 seq.
1151 1042 1226 1087 Qui
1242 1042 1274 1080 si
1301 1043 1382 1094 ipse
1406 1048 1540 1083 terram
1564 1044 1666 1082 adie-

1015 1101 1083 1148 rit,
1112 1100 1239 1137 melius
1266 1101 1429 1149 profecto
1457 1101 1563 1138 huius
1592 1106 1666 1138 ter-

1017 1170 1080 1194 rae
1108 1155 1278 1194 miracula
1318 1161 1380 1194 aut
1416 1157 1487 1194 alia
1517 1157 1597 1193 visu
1629 1162 1667 1194 et

1015 1217 1164 1250 narratu
1190 1212 1302 1261 digna
1339 1214 1420 1264 ipse
1448 1225 1668 1261 cognoscere

1018 1273 1190 1321 poterat,
1218 1281 1325 1318 quam
1345 1274 1386 1307 ut
1413 1283 1433 1307 e
1450 1269 1586 1306 Xanthi
1603 1269 1669 1306 de-

1020 1339 1116 1363 mum
1136 1325 1235 1362 libris
1254 1337 1298 1361 ea
1315 1325 1543 1375 intelligeret.
1590 1325 1668 1362 Sed

1022 1395 1101 1421 eam
1118 1382 1236 1432 ipsam
1255 1381 1302 1417 ob
1313 1394 1456 1419 causam
1468 1385 1566 1419 certo
1580 1394 1668 1432 pro-

1020 1438 1186 1476 nuntiare
1213 1442 1358 1487 poterat
1389 1439 1437 1476 de
1463 1438 1568 1474 huius
1594 1442 1668 1475 ter-

1018 1508 1081 1532 rae
1113 1495 1220 1533 rebus
1261 1494 1575 1542 memorabilibus,
1618 1494 1666 1531 de

1017 1552 1149 1601 quibus
1185 1549 1245 1587 alii
1294 1551 1420 1587 forsan
1461 1556 1535 1587 tam
1575 1550 1667 1586 mira

1016 1607 1271 1659 praedixerant
1298 1606 1336 1643 in
1372 1606 1471 1644 libris
1500 1606 1667 1643 historia-

1016 1676 1096 1700 rum
1124 1662 1314 1711 evulgatis.
1355 1684 1412 1690 —-
1449 1661 1508 1700 De
1532 1661 1666 1700 Tmolo

1015 1724 1157 1767 monte,
1197 1719 1296 1756 cuius
1321 1718 1359 1755 in
1397 1731 1502 1768 seqq.
1530 1718 1667 1757 mentio

1015 1777 1079 1824 fit,
1106 1776 1164 1813 vix
1181 1775 1411 1812 monendum.
1442 1775 1485 1811 ln
1501 1787 1545 1813 eo
1562 1778 1667 1813 erant

1015 1832 1155 1870 Pactoli
1185 1832 1330 1869 auriferi
1364 1833 1495 1868 fontes.
1554 1831 1664 1868 Conf.

1015 1889 1109 1925 infra
1129 1888 1174 1936 V,
1210 1890 1287 1929 101
1317 1887 1403 1936 ibiq.
1423 1891 1499 1924 not.
1556 1886 1665 1925 Nunc

1014 1957 1149 1982 nomen
1178 1944 1254 1981 eius
1283 1943 1319 1980 T
1323 1943 1414 1980 urcis
1444 1956 1526 1981 esse
1544 1944 1664 1982 serunt

1013 2002 1117 2041 Bouz
1128 2023 1146 2028 -
1158 2000 1246 2048 Dag
1262 1999 1338 2036 sive
1361 1999 1560 2036 Tomolz'tzz'.

1033 2061 1037 2063 ’
1067 2057 1114 2096 ἓν
1131 2054 1172 2095 δὲ
1191 2053 1462 2108 ἔργονπολλὸν
1481 2054 1664 2107 μέγιστον

1012 2111 1219 2165 παρέχεται
1235 2127 1271 2151 κ.
1293 2127 1325 2150 τ.
1345 2115 1394 2158 λ.]
1425 2112 1555 2150 Monet
1571 2111 1665 2149 Lar-

1014 2171 1140 2208 cherus
1169 2170 1216 2206 de
1254 2168 1419 2206 Clearchi
1453 2169 1664 2206 narratione

1014 2227 1113 2277 apud
1126 2225 1351 2263 Athenaeum
1362 2224 1463 2274 XIII,
1475 2225 1502 2266 4
1519 2238 1556 2275 p.
1568 2224 1664 2272 573,

1013 2283 1058 2330 A,
1089 2283 1234 2331 Gygem
1262 2282 1300 2318 in
1319 2281 1454 2332 pellicis
1477 2282 1664 2319 cuiusdam

1012 2339 1118 2377 valde
1135 2343 1277 2376 amatae
1295 2338 1506 2375 memoriam
1523 2342 1664 2375 exstru-

1013 2396 1109 2433 xisse
1136 2399 1408 2432 monumentum
1436 2398 1511 2431 tam
1538 2393 1663 2441 altum,

1013 2456 1054 2488 ut
1073 2465 1093 2490 e
1124 2451 1249 2500 quavis
1283 2452 1361 2488 sere
1387 2449 1530 2498 Lydiae
1557 2453 1663 2500 parte

1015 2508 1155 2545 incolae
1215 2507 1408 2557 adspicere
1467 2506 1661 2556 potuerint.

1013 2564 1136 2601 Hocce
1148 2566 1421 2600 monumentum
1438 2566 1564 2598 nostro
1583 2561 1663 2600 loeo

1012 2620 1226 2657 Herodoteo
1286 2618 1375 2666 quin
1421 2623 1661 2666 memoretur,

1013 2675 1148 2713 nullum
1170 2679 1228 2712 est
1253 2675 1422 2721 dubium,
1449 2675 1663 2724 praesertim

1014 2744 1091 2768 cum
1110 2743 1229 2782 prope
1248 2731 1442 2779 Gygaeum
1457 2730 1571 2770 lacum
1588 2731 1663 2768 rui-

1014 2800 1081 2824 nas
1113 2787 1291 2836 quasdam
1317 2787 1421 2824 huius
1440 2787 1661 2825 monumenti

1014 2857 1036 2879 a
1047 2843 1256 2881 Chandlero
1274 2844 1435 2880 detectas
1459 2857 1542 2883 esse
1559 2845 1661 2893 lega-

1015 2913 1120 2946 mus;
1180 2899 1253 2937 vid.
1287 2901 1363 2938 eius
1394 2900 1515 2939 Itiner.
1550 2901 1661 2939 Asiae
