1759 3324
215 338 281 384 39
339 353 423 381 νυν
455 335 503 380 τὸ
539 338 695 392 κτῆνος
725 334 871 394 τρόπῳ
909 337 1074 395 τοιῷδε.

11 403 44 431 ln
64 411 98 429 vo
107 402 285 430 immolando

9 437 79 472 quid
116 438 286 470 observent,

341 226 426 268 57⁰

8 474 288 539 affictmsapvnffi
316 497 425 541 Ξτὸν
453 495 624 552 βωμὸν,
654 494 762 538 ὅκου
792 494 846 537 ἂν
875 495 1042 538 θύωσι.
1072 493 1215 548 πυρὴν
1244 495 1429 536 καίουσι.
1460 493 1604 536 ἔπειτα
1616 500 1660 534 55

9 542 141 566 ficantur.

736 225 1206 266 HERODOTI

1140 335 1277 391 Θυσίη
1318 334 1363 378 δέ
1403 345 1481 390 σφι
1525 333 1602 391 ἥδε

343 416 583 473 κατέστηκε.
623 414 856 471 ἀγαγόντες
886 415 933 460 τὸ
964 416 1286 471 σεσημασμένον
1315 418 1472 470 κτῆνος
1493 414 1604 466 πρὸς

342 576 389 620 δὲ
419 573 484 618 ἐπ’
519 572 659 618 αὐτοῦ
688 571 814 615 οἶνον
852 573 961 616 κατά
990 577 1070 616 τοῦ
1101 575 1246 629 ἵρηΐου
1273 573 1604 622 ἐπισπείσαντες,

342 654 415 699 καὶ
446 650 768 701 ἐπικαλέσαντες
795 650 871 695 τὸν
900 652 1033 702 θεὸν,
1072 651 1303 706 σφάζουσι·

1365 651 1606 707 σφάξαντες

315 733 416 782 3δὲ,
448 729 750 785 ἀποτάμνουσι
779 727 859 784 τήν
885 728 1090 784 κεφαλήν.
1152 733 1276 784 σῶμα
1314 730 1392 785 μὲν
1431 729 1483 785 δή
1524 732 1605 773 τοῦ

344 809 522 866 κτήνεος
551 809 768 862 δείρουσι·
817 811 987 864 κεφαλῇ
1018 808 1063 850 δὲ
1103 809 1222 864 κείνῃ
1253 808 1390 850 πολλοὶ
1416 824 1605 864 καταρη-

345 887 547 944 σάμενοι,
578 886 787 942 φέρουσι,
828 891 942 929 τοῖσι
971 886 1047 941 μὲν
1077 885 1132 928 ἂν
1159 888 1186 942 ᾑ
1219 885 1380 942 ἀγορή,
1411 886 1484 930 καὶ
1503 885 1606 929 ’Ἐλ-

345 969 472 1025 ληνές
501 977 627 1022 σφισι
658 965 754 1009 ἔωσι
786 965 1001 1021 ἐπιδήμιοι
1031 966 1239 1021 ἔμποροι,
1281 966 1324 1008 οἱ
1362 964 1407 1009 δὲ
1445 963 1605 1020 φέρον-
1618 972 1664 1006 60

345 1064 414 1099 τες
443 1048 485 1099 ἐς
513 1045 594 1104 τήν
624 1042 813 1102 ἀγορὴν,
844 1042 921 1089 ἀπ’
954 1039 1016 1089 ὦν
1044 1045 1218 1089 ἔδοντο·
1248 1049 1361 1089 τοῖσι
1390 1043 1435 1088 δὲ
1466 1042 1522 1088 ἂν
1548 1042 1609 1100 μή

459 1244 490 1280 C
505 1256 527 1279 a
540 1256 576 1292 p.
605 1240 773 1279 XXXIX.

347 1298 480 1340 ἔπειτα
509 1296 552 1338 δὲ
577 1294 640 1339 ἐπ’
662 1294 788 1338 αὐτοῦ
796 1296 943 1338 -ἔπι-

290 1354 543 1406 σπείσαντες]
572 1356 695 1393 Vetba
715 1351 782 1395 ἐπ’
805 1349 942 1402 αὐτοῦ,

289 1427 385 1465 quae
400 1414 576 1451 immerito
588 1413 671 1449 viris
693 1413 806 1449 doctis
817 1411 944 1462 displi-

290 1475 454 1517 cuerunt,
484 1483 563 1506 eum
585 1469 771 1506 Gronovio
795 1469 843 1506 ad
867 1469 942 1519 βω-

289 1524 369 1579 μόν
402 1526 527 1564 referri
562 1526 708 1563 debent.
746 1524 805 1561 Ad
833 1525 944 1562 verba

289 1580 390 1624 κατά
420 1585 491 1622 τοῦ
525 1581 657 1632 ἱρηίου
686 1582 780 1619 conf.
813 1580 943 1618 Matth.

291 1641 357 1678 Gr.
378 1640 443 1677 Gr.
462 1653 497 1690 p.
524 1639 641 1681 1152.

346 1698 504 1750 κεφαλῇ
523 1716 580 1723 -
598 1689 943 1746 καταρησάμενοι]

289 1752 461 1793 Datimm
474 1781 485 1799 ,
514 1752 576 1801 qui
596 1756 632 1790 et
648 1752 717 1789 hoc
735 1752 814 1788 loco
834 1756 870 1789 et
882 1750 945 1799 IV,

292 1809 375 1851 184
391 1809 536 1846 additur
553 1809 664 1846 verbo
682 1810 947 1859 καταρᾶσθαι,

290 1866 460 1915 equidem
471 1866 588 1903 refero
599 1866 647 1902 ad
657 1877 714 1912 ea,
735 1878 828 1914 quae
839 1877 947 1916 prae-

291 1922 379 1972 cipit
400 1921 530 1959 Matth.
552 1921 616 1958 Gr.
640 1921 704 1958 Gr.
733 1920 770 1971 §.
795 1920 887 1968 104,
910 1924 944 1961 1.

290 1978 390 2015 Satis
409 1991 494 2016 vero
516 1977 596 2027 ipse
613 1977 702 2014 ritus
721 1977 855 2025 arguit,
876 1989 945 2026 pro

290 2033 434 2085 piaculo
455 2034 581 2070 haberi
601 2033 754 2079 animal,
785 2033 822 2069 in
846 2033 943 2070 cuius

292 2094 403 2139 caput
431 2089 552 2126 omnia
579 2102 643 2126 sua
666 2093 814 2138 peccata
840 2088 946 2138 quasi

291 2146 527 2191 conficerent,
566 2145 739 2194 quodque
761 2145 945 2181 hominum

292 2201 427 2239 scelera
446 2201 549 2250 quasi
569 2200 671 2238 luens
688 2201 775 2238 diris
791 2201 946 2238 devove-

292 2261 384 2295 rent.
410 2257 533 2294 Simile
543 2257 743 2294 institutum
758 2258 856 2306 apud
868 2257 947 2294 He-

292 2314 422 2351 braeos
449 2314 628 2351 invenitur
645 2312 764 2350 Levit.
791 2313 889 2360 XVI,
919 2315 945 2354 6

293 2382 399 2419 seqq.
426 2372 479 2411 21
507 2382 607 2418 seq.‚
648 2369 710 2406 ubi
739 2369 867 2407 merito
898 2369 946 2405 ad

292 2426 475 2464 Herodoti
501 2425 619 2462 locum
640 2438 851 2474 moremque
874 2425 947 2463 Ae-

294 2482 459 2532 gyptium
493 2486 667 2531 provocat
696 2482 867 2532 Spencer.
900 2482 947 2519 de

294 2538 367 2576 ritt.
382 2538 515 2575 Hebrr.
536 2537 599 2584 111,
620 2539 646 2578 8
665 2551 701 2588 p.
723 2537 842 2579 1064.
879 2537 947 2574 At-

295 2607 368 2644 que
387 2593 615 2638 inveniuntur
640 2594 721 2644 ipsa
739 2593 948 2644 anaglypha

294 2650 543 2700 Aegyptiaca,
581 2662 677 2699 quae
707 2649 817 2687 hosce
854 2650 944 2687 ritus

295 2707 346 2745 ad
371 2705 554 2744 oculorum
587 2718 732 2744 sensum
761 2707 946 2743 traductos

295 2763 476 2801 exhibent.
522 2762 605 2800 Vid.
634 2763 780 2800 costaz.
809 2763 846 2799 in
869 2762 946 2800 De-

295 2819 417 2870 script.
448 2819 496 2857 de
518 2817 541 2856 l'
549 2817 620 2867 Eg.
640 2818 745 2856 mdm.
767 2818 946 2869 (antiqq.)

1067 1237 1247 1292 φέρουσι,
1261 1242 1362 1279 τοῖσι
1383 1236 1454 1291 μὲν
1466 1235 1515 1278 ὂῖν
1528 1233 1557 1294 -ᾗ
1574 1233 1666 1292 οἰγο-

1011 1293 1062 1349 ρή
1073 1312 1108 1336 κ.
1128 1312 1160 1336 τ.
1179 1296 1234 1348 λ.]
1265 1298 1402 1347 Scripsi
1414 1311 1493 1334 cum
1513 1301 1664 1335 recentt.

1010 1349 1213 1404 ἐπιδήμιοι
1245 1367 1311 1404 pro
1344 1353 1530 1404 ἐπίδημοι
1560 1357 1598 1390 et
1626 1351 1668 1392 οἱ

1011 1407 1054 1449 δὲ
1081 1423 1148 1460 pro
1171 1410 1274 1457 οἵδε,
1302 1416 1474 1448 monente
1498 1409 1665 1446 VVerfero

1010 1467 1048 1504 in
1068 1467 1160 1503 Actt.
1182 1467 1278 1517 phin.
1296 1466 1460 1503 Monacc.
1475 1466 1504 1513 Ι,
1521 1469 1539 1506 1
1557 1479 1593 1515 p.
1610 1468 1665 1507 88

1011 1536 1054 1560 ac
1082 1524 1262 1572 probante
1289 1524 1498 1560 Buttmann.
1529 1523 1565 1558 in
1593 1522 1667 1558 Ex-

1011 1592 1103 1617 curs.
1146 1580 1194 1616 ad
1222 1579 1479 1616 Demosthenis
1508 1578 1665 1615 Midian.

1010 1649 1047 1687 p.
1061 1637 1150 1676 158.
1175 1637 1289 1673 Usum
1301 1635 1526 1686 pronominis
1541 1634 1668 1684 σφίσι,

1011 1693 1073 1729 ubi
1099 1692 1284 1729 relativum
1315 1692 1552 1741 exspectabas
1581 1703 1669 1741 pro-

1012 1760 1168 1795 nomen,
1212 1753 1314 1785 notat
1341 1747 1471 1785 Matth.
1502 1748 1569 1785 Gr.
1602 1747 1668 1784 Gr.

1012 1819 1048 1856 p-
1068 1806 1148 1845 881
1162 1834 1172 1852 ,
1201 1806 1299 1843 idem
1324 1806 1370 1842 de
1389 1805 1493 1841 tmesi
1513 1804 1570 1852 (in
1586 1816 1668 1841 ver-

1012 1861 1088 1898 bis:
1120 1854 1190 1899 άπ’
1220 1856 1276 1900 οὖν
1312 1861 1476 1909 ἔδοντο)
1514 1873 1666 1897 monens

1011 1931 1047 1968 p.
1068 1920 1185 1959 1189.
1209 1918 1315 1959 1275
1334 1922 1371 1956 et
1390 1918 1436 1955 de
1454 1917 1578 1954 aoristi
1599 1929 1666 1953 usu

1010 1974 1049 2010 in
1068 1987 1127 2021 re,
1157 1987 1252 2024 quae
1267 1975 1345 2012 fieri
1369 1974 1480 2022 solet,
1509 1971 1546 2024 ὃ.
1569 1973 1668 2021 506,

1011 2029 1065 2076 V,
1090 2033 1126 2071 1.

1070 2084 1111 2125 οἵ
1142 2083 1184 2124 δὲ
1212 2083 1401 2137 φέροντες
1431 2107 1480 2115 —-—
1505 2084 1665 2136 ἔδοντο]

1011 2141 1082 2179 Ηὶ5
1112 2143 1230 2179 verbis
1260 2143 1528 2192 quodammodo
1560 2155 1669 2193 repe-

1011 2202 1136 2235 tuntur
1165 2198 1287 2248 priora
1318 2199 1450 2236 verba:
1486 2197 1669 2248 φέρουσι,

1011 2257 1114 2293 τοῖσι
1134 2253 1205 2304 μὲν
1221 2250 1273 2293 ἂν
1292 2248 1321 2309 ᾗ
1337 2269 1372 2293 κ.
1395 2267 1427 2293 τ.
1450 2257 1482 2294 λ.
1516 2255 1590 2292 Ubi
1602 2268 1670 2292 no·-

1012 2314 1050 2347 ta
1071 2323 1174 2347 usum
1191 2311 1446 2360 particularum
1467 2309 1538 2362 μὲν
1556 2316 1594 2348 et
1612 2309 1669 2359 δὲ,

1014 2377 1110 2414 quae
1146 2368 1183 2403 in
1218 2367 1329 2417 priori
1358 2367 1531 2404 oratmnis
1564 2371 1670 2418 parte

1014 2423 1082 2459 sibi
1104 2422 1253 2461 invicem
1279 2428 1511 2474 opponuntur
1539 2423 1670 2470 (τοῖσι

1014 2476 1106 2529 μὲν
1130 2475 1182 2518 ἂν
1207 2502 1264 2507 -
1289 2480 1330 2519 οἱ
1355 2477 1407 2519 δὲ
1445 2478 1668 2529 φέροντες),

1014 2548 1093 2572 cum
1124 2536 1162 2572 in
1190 2537 1383 2586 posteriori
1409 2533 1452 2575 δὲ
1479 2530 1670 2586 dnplicitcr

1012 2592 1133 2642 posita
1144 2597 1181 2630 et
1195 2593 1358 2644 protasin
1370 2597 1407 2631 et
1423 2591 1604 2643 apodosin
1614 2591 1671 2628 in-

1014 2648 1124 2698 cipiat
1143 2649 1265 2697 (τοῖσι
1285 2647 1336 2688 δὲ
1356 2645 1530 2687 &iv—05
1545 2643 1586 2687 δ’
1607 2646 1670 2687 ἐκ·

1016 2701 1238 2755 βάλλουσι).
1269 2704 1493 2743 Monuerunt
1511 2704 1668 2742 Werfer.

1015 2761 1071 2798 l.l.
1097 2775 1132 2812 p.
1143 2765 1210 2804 90.
1225 2763 1290 2804 93.
1313 2766 1350 2799 et
1371 2762 1582 2798 Buttmann.
1598 2759 1621 2796 l.
1643 2759 1667 2797 1.

1015 2817 1113 2855 Hinc
1132 2818 1214 2856 talis
1233 2817 1386 2856 fereloci
1407 2829 1557 2855 sensus:
1575 2814 1667 2866 „fe-

1014 2877 1097 2911 runt
1111 2874 1259 2926 (caput)
1272 2876 1287 2911 i
1293 2876 1309 2912 i
1315 2903 1326 2922 ‚
1345 2873 1468 2926 quibus
1481 2872 1604 2924 forum
1617 2876 1669 2909 est
