1759 3324
39 366 125 392 quum
154 358 243 391 lunge
261 365 311 391 pu-

39 392 97 418 ιιιὲι
127 398 313 425 progressus,

39 424 121 451 rubri
147 424 238 450 inuris
263 432 311 450 ac-

39 458 138 487 eoiusr,
161 462 189 483 ct
208 465 310 483 rever<

39 500 89 518 sus
103 491 315 518 mediterrane-

39 533 72 551 os
90 525 213 559 populos
224 524 260 550 ad
272 533 318 551 sc-

366 239 448 279 712

341 355 452 391 Ξτου
482 347 653 404 μνήμην
681 347 932 404 ποιήσομαι.

761 236 1231 276 HERODOTI

992 347 1069 390 τὸν
1107 346 1253 402 ἔλεγον
1291 347 1335 390 οἱ
1373 347 1480 401 ἱρέες
1509 350 1628 402 πρῶ-

367 445 443 472 τον
470 428 548 483 μὲν
577 429 768 471 πλοίοισι
796 430 1002 482 μακροῖσι
1039 423 1287 481 ὁρμηθέντα
1323 425 1369 469 ἐκ
1398 429 1480 469 τοῦ
1505 424 1627 479 Ἀρα-

40 559 238 593 ptenlriouem
264 557 315 583 do-

41 593 130 618 muit:
167 592 244 626 cippi
274 592 316 618 vi-

38 625 153 652 ctoriae
169 625 292 653 iudices.

373 589 715 642 κατοικημένους
753 584 1147 638 καταστρέφεσθαι·

372 509 474 563 βίου
508 506 699 557 κόλπου,
748 505 852 556 τοὺς
880 505 997 560 παρὰ
1032 503 1110 560 τὴν
1145 503 1364 560 Ἐρυθρὴν
1398 504 1685 548 θάλασσανθὸ

1209 584 1251 634 ἐς
1281 583 1305 626 ὃ
1343 582 1529 626 πλέοντά
1555 600 1630 637 μιν

368 665 542 721 πρόσω,
572 664 805 707 ἀπικέσθαι
833 661 876 713 ἐς
904 663 1132 705 θάλασσαν
1168 660 1311 705 οὐκέτι
1338 662 1511 719 πλωτήν
1538 662 1627 706 ὑπὸ

342 744 582 800 3βραχὲων.
643 742 846 785 ἐνθεῦτεν
877 741 921 785 δὲ
953 740 1011 792 ὡς
1040 740 1179 784 ὀπίσω
1211 740 1385 785 ἀπίκετο
1423 742 1464 793 ἐς
1493 743 1630 798 Αἴγυ-

315 985 374 1010 me
394 972 684 1022 comprobantur.
743 971 850 1008 Conf.
866 970 967 1008 Hee-

314 1042 390 1066 ren.
408 1029 521 1066 Ideen
551 1028 606 1075 11,
633 1032 659 1068 2
688 1041 724 1078 p.
749 1029 842 1068 317.
872 1029 966 1067 318.

316 1085 450 1122 Ritter.
467 1085 660 1121 Erdkund.
693 1083 709 1120 I
728 1097 765 1134 p.
787 1085 870 1124 742
890 1096 965 1132 seq.

320 1145 358 1179 et
379 1154 474 1191 quae
501 1141 744 1179 monebuntur
772 1141 819 1178 ad
847 1139 968 1177 Hero-

319 1198 467 1245 ‹10t.H,
488 1201 578 1239 102.
603 1200 696 1238 110.
754 1196 810 1233 Ex
837 1197 880 1232 iis
907 1209 970 1233 au-

319 1261 393 1292 tem
419 1256 505 1291 satis
528 1254 758 1304 perspicuum
780 1254 863 1300 fiet,
884 1253 971 1301 quid

320 1312 368 1348 de
391 1311 544 1359 zoegae
575 1311 753 1348 sententia
781 1309 857 1357 (de
882 1310 972 1347 obe-

320 1368 417 1404 lis-cc.
445 1380 530 1417 pag.
554 1367 658 1412 578,
688 1367 747 1403 ubi
765 1394 776 1412 ‚
806 1378 901 1414 quae
926 1367 972 1403 de

319 1425 479 1461 Sesostri
496 1423 702 1460 verisimilia
721 1422 843 1470 habet,
862 1435 974 1472 expo-

319 1481 392 1529 nit)
413 1480 644 1517 statuendum
673 1479 719 1515 sit
739 1507 750 1525 ,
781 1479 829 1515 ad
849 1478 973 1528 Aegy-

319 1537 437 1587 ptium
454 1537 642 1587 imperium
662 1535 766 1572 unice
788 1535 881 1571 iilius
912 1549 972 1573 re-

320 1594 377 1642 gis
432 1593 685 1642 expeditiones
741 1591 970 1642 pertinuisse,

320 1663 401 1687 eum
425 1650 571 1686 minime
606 1661 650 1686 ea
679 1648 787 1685 fuerit
811 1647 972 1698 Aegypti

319 1710 395 1742 tum
413 1706 569 1743 conditio
582 1735 592 1753 ,
621 1709 664 1741 ut
680 1717 831 1754 magnas
850 1705 970 1741 istius—

320 1763 419 1799 modi
437 1763 689 1812 expeditiones
711 1761 748 1797 in
778 1761 887 1809 longe
914 1774 972 1798 re-

320 1823 437 1856 motas
474 1824 589 1856 terras
632 1821 815 1868 susceptas
859 1817 972 1855 fuisse

321 1880 605 1912 consentaneum
630 1875 748 1911 fuerit.
818 1874 970 1910 Cautius

323 1932 452 1968 statuit
483 1932 530 1968 de
554 1931 608 1968 his
635 1931 794 1968 Heeren.
826 1929 849 1966 l.
872 1930 968 1967 laud.

319 2002 356 2038 p.
379 1990 484 2034 322,
522 1987 584 2023 ubi
618 1987 706 2024 iilud
737 2000 781 2024 ex
809 1990 971 2024 veterum

321 2043 588 2080 narrationibus
619 2044 666 2080 de
685 2043 847 2080 Sesostri
874 2048 970 2080 certo

321 2100 439 2147 coliigi
456 2112 567 2149 posse
592 2099 648 2135 vul
659 2103 690 2143 t,
721 2100 971 2149 expeditiones

322 2156 426 2191 huius
444 2155 539 2203 regis
560 2160 750 2192 terrestres
770 2156 818 2191 ad
828 2155 969 2203 Syriam

322 2224 541 2259 omnemque
606 2210 731 2248 Asiam
796 2212 973 2247 minorem

323 2266 620 2315 (Vorderasien)
656 2268 822 2316 adeoque
854 2267 973 2304 Thra-

324 2323 416 2360 ciam
442 2323 670 2373 pertinuisse.

379 2379 551 2417 πλοίοισι
572 2382 757 2430 μακροῖσι
776 2376 972 2430 ὁρμηθέν-

322 2450 370 2474 τα
391 2450 425 2473 κ.
446 2449 477 2472 τ.
498 2433 546 2484 λ.]
583 2432 714 2486 μακρά
738 2438 856 2473 πλοῖα
886 2440 973 2472 sunt

322 2504 427 2528 naves
444 2491 608 2535 bellicam
647 2492 740 2528 conf.
769 2491 807 2538 I,
830 2495 866 2533 2.
894 2493 972 2532 163

323 2548 410 2597 ibiq.
439 2552 530 2585 nott.
551 2570 605 2574 ——
635 2548 728 2584 Cum
748 2548 971 2585 Herodoteis

325 2605 463 2654 optime
481 2605 697 2641 conveniunt
716 2603 870 2640 Diodori
888 2617 969 2641 ver-

325 2662 373 2698 ba
404 2660 437 2706 1,
465 2660 517 2701 55
550 2660 625 2696 init.
692 2659 789 2696 Nam
818 2659 970 2698 classem

323 2717 670 2766 quadringentarum
688 2716 832 2752 navium
846 2717 882 2752 in
894 2730 971 2753 ma-

322 2786 362 2810 re
391 2773 539 2810 rubrum
570 2785 592 2809 a
614 2785 704 2821 rege
733 2773 880 2809 missam
913 2786 971 2810 re-

324 2830 417 2876 fert,
451 2829 514 2878 qui
541 2830 699 2866 omnium
717 2828 851 2878 primus
877 2829 970 2865 indi-

324 2898 498 2933 genarum
525 2884 636 2934 longa
664 2885 807 2933 navigia
834 2889 972 2923 exstru-

1034 969 1135 1007 xerit.
1196 970 1278 1013 Qui-21
1296 969 1412 1007 classe
1430 972 1467 1007 et
1491 968 1624 1006 insulas
1646 969 1689 1006 il-

1033 1026 1080 1063 lic
1100 1027 1185 1064 sitas
1210 1031 1246 1063 et
1274 1039 1373 1063 oram
1401 1026 1616 1063 maritimam
1642 1027 1690 1063 ad

1035 1083 1178 1121 Indicas
1200 1096 1318 1132 usque
1335 1087 1451 1120 terras
1465 1082 1590 1119 ditioni
1602 1095 1689 1120 suae

1035 1140 1223 1178 adiecisse.
1279 1139 1421 1175 Harum
1436 1151 1560 1176 verum
1579 1152 1690 1189 expe-

1038 1196 1212 1233 ditionum
1264 1196 1373 1232 fidem
1423 1207 1518 1231 nunc
1556 1195 1691 1232 faciunt

1038 1253 1121 1303 ipsa
1139 1253 1199 1290 iila
1220 1251 1426 1302 anaglypha
1446 1252 1483 1288 in
1499 1250 1690 1302 Aegyptiis

1039 1310 1282 1347 monumentis
1308 1308 1524 1358 conspicua,
1553 1312 1591 1345 et
1610 1308 1691 1357 qui-

1041 1367 1125 1405 dem
1146 1366 1373 1417 potissimum
1395 1365 1431 1400 in
1444 1368 1594 1402 externo
1604 1378 1691 1402 mu-

1041 1437 1081 1460 ro
1101 1423 1246 1473 palatii,
1276 1421 1376 1471 quod
1397 1425 1453 1458 est
1475 1433 1592 1471 prope
1609 1420 1690 1458 Me—

1040 1480 1262 1517 dinat-abu.
1319 1477 1506 1514 Exhibitas
1545 1478 1691 1527 conspi-

1040 1538 1152 1574 cimus
1172 1546 1316 1586 pugnas
1330 1532 1475 1571 navales
1488 1531 1691 1583 Aegyptios

1037 1593 1133 1630 inter
1161 1597 1270 1640 atque
1292 1591 1404 1627 Indos
1436 1589 1692 1640 Aethiopesve‚

1038 1663 1131 1698 quos
1163 1648 1270 1685 armis
1291 1676 1302 1695 ‚
1351 1646 1487 1683 vestitu
1523 1647 1693 1696 omnique

1038 1705 1164 1743 habitu
1195 1704 1298 1741 facile
1332 1704 1526 1752 dignoscas
1553 1704 1598 1741 ab
1618 1702 1692 1741 Ae-

1039 1762 1198 1812 gyptiis3
1237 1761 1323 1809 quin
1350 1761 1431 1809 ipsa
1454 1758 1565 1808 longa
1591 1761 1694 1815 nayi-

1039 1819 1121 1867 gia,
1153 1830 1247 1867 quae
1267 1820 1550 1853 commemorant
1570 1816 1693 1853 Hero-

1040 1876 1149 1912 dotus
1179 1878 1291 1922 atque
1308 1872 1514 1921 Diodorus,
1544 1885 1693 1924 compa-

1041 1935 1134 1968 rent.
1191 1929 1303 1966 Plura
1324 1929 1484 1967 Heeren.
1505 1929 1618 1967 Ideen
1646 1929 1694 1978 II,

1040 1992 1068 2029 2
1087 1999 1174 2037 pag.
1187 1988 1440 2027 287—291.
1461 1987 1555 2026 319.
1585 1986 1695 2023 Eius-

1040 2045 1125 2081 dem
1165 2043 1216 2080 rei
1248 2042 1279 2079 C
1287 2055 1315 2078 r.
1351 2055 1498 2091 quoque
1527 2043 1576 2079 ad
1605 2042 1641 2079 h.
1668 2042 1692 2079 l.

1040 2101 1234 2145 admonet,
1272 2098 1425 2135 laudans
1454 2099 1622 2149 descript.
1647 2099 1695 2135 de

1040 2156 1133 2203 l’Eg.
1164 2159 1239 2192 ant.
1272 2155 1341 2190 vol.
1361 2154 1394 2191 ll
1433 2153 1551 2190 Theb.
1587 2168 1642 2204 cp.
1667 2157 1692 2195 9

1042 2216 1128 2249 sect.
1154 2214 1176 2251 1
1202 2223 1288 2260 pag.
1309 2213 1374 2251 60.
1412 2209 1471 2247 De
1492 2209 1695 2260 Aegyptio-

1041 2280 1120 2304 rum
1156 2267 1385 2315 navigatione
1416 2279 1482 2315 per
1509 2279 1608 2304 mare
1635 2281 1696 2304 ru-

1040 2325 1145 2359 brum
1173 2323 1334 2373 disputat
1368 2335 1516 2371 quoque
1537 2323 1694 2362 Roziere

1042 2379 1128 2416 ibid.
1152 2383 1225 2416 ant.
1251 2378 1319 2415 vol.
1342 2377 1410 2429 Ip.
1434 2380 1525 2419 133.

1096 2459 1189 2507 τούς
1228 2459 1334 2513 παροέ
1373 2458 1447 2512 την
1491 2458 1695 2515 Ἐρυθρήν

1041 2515 1253 2557 θάλασσαν
1270 2516 1604 2569 κατοικημένους]
1636 2520 1695 2558 De

1042 2579 1133 2612 mari
1152 2576 1255 2612 rubro
1277 2575 1428 2612 diximus
1447 2577 1494 2613 ad
1518 2576 1545 2623 I,
1568 2579 1604 2616 1.
1635 2576 1695 2612 Ad

1037 2630 1349 2683 κατοικημένους
1367 2632 1462 2668 conf.
1485 2632 1515 2679 Ι,
1531 2634 1585 2674 28
1606 2633 1692 2682 ibiq.

1037 2693 1129 2726 nott.

1095 2769 1177 2811 ὑπό
1223 2770 1422 2825 βραχέων]
1463 2770 1611 2823 βραχέα
1638 2772 1694 2809 hic

1039 2831 1124 2867 dicit
1146 2828 1267 2877 vada,
1299 2829 1375 2866 loca
1393 2828 1547 2877 vadosa,
1578 2832 1617 2866 ut
1630 2828 1694 2877 IV,

1040 2888 1130 2926 178.
