1768 3315
601 218 817 258 CLIO.
875 218 903 256 Ι.
1305 218 1389 260 217

1443 325 1575 353 Croesus
1602 335 1718 363 compe-

1443 358 1528 386 dibus
1546 360 1671 401 vinctus,
1690 366 1721 389 et

1441 399 1721 462 ssssffiitmsu'ssz’aezffi?

1439 457 1558 485 Solonis
1582 461 1719 487 recorda-

1439 494 1499 525 tus,
1518 500 1583 518 eum
1596 493 1720 527 ingemi—

1442 533 1529 564 περ»
1554 528 1718 568 ter-nomi:

132 584 206 622 τα,
234 567 344 612 κατα
371 565 420 610 τὸ
449 563 713 622 χρηστήριόν
744 582 789 609 τε
817 564 1158 609 καταπαύσαντα
1176 564 1257 622 τήν
1274 564 1385 609 ἓωυ-
1444 562 1542 625 ’ὸζζζξὲ
1565 560 1720 622 Οᾚιῗςζῗῆ

192 649 210 657 ...
333 645 343 658 l
472 644 482 659 ‚
556 645 565 658 7
745 643 755 657 r
913 645 922 658 ,
1013 643 1022 657 ,
1060 645 1068 657 ,
1171 647 1185 661 ,.
1269 644 1278 658 r
1442 626 1581 664 edoctus,
1615 635 1719 661 rogum

131 662 210 690 του
238 650 426 702 μεγαλην
457 661 615 702 αρχην·
646 648 852 702 λαβοντες
883 647 929 689 δε
968 661 1102 688 αυτον
1140 661 1184 688 οι
1215 648 1383 701 Περσαι
1395 654 1720 728 δὸἑῗὲἴιιὲἑξιῖιᾶἱεειῖιοκ-

10 340 77 386 86
134 331 243 391 ζόης.
302 333 357 377 Οἱ
390 330 436 375 δὲ
475 329 643 383 Πέρσαι
670 327 747 379 τοὶς
781 343 825 370 τε
855 325 909 383 δή
941 325 1108 383 Σάρδις
1137 327 1283 383 ἔσχον,
1312 328 1386 371 καὶ

134 411 271 455 αὐτὸν
300 414 494 464 Κροῖσον
523 405 788 463 ἐζώγρησαν,
828 405 1018 460 ἄρξαντα
1045 407 1140 450 ἔτεα
1168 417 1383 462 τεσσερεσ-

131 492 328 541 acumem,
373 488 446 532 καὶ
482 487 859 540 τεσσερεσκαίδεκα
887 485 1048 542 ἡμέρας
1075 486 1384 542 πολιορκηθέν-

104 722 304 781 Ξιῆγαγον
341 725 461 781 παροὲ
499 729 663 781 Κῦρον.
722 722 746 768 ὁ
788 725 859 779 δὲ,
899 724 1118 781 συννήσας
1145 724 1292 782 πυρὴν
1321 741 1390 783 με·

229 985 341 1038 Cap.
370 985 577 1026 LXXXVI.

135 1066 308 1122 ἄρξαντα
327 1069 412 1111 ἔτεα
422 1068 727 1123 τεσσερεσκαίδε-

79 1141 151 1174 κα,
172 1125 240 1166 καὶ
269 1128 610 1181 τεσσερεσκαίδεκα
636 1125 728 1178 ἦμέ-

80 1199 154 1235 ρας
198 1183 542 1237 παλιορκηθέντα]
606 1184 726 1233 Vulgo

78 1241 217 1278 Sardes
243 1255 265 1278 a
282 1242 379 1291 Cyro
406 1245 632 1292 expugnatas
659 1253 728 1290 po·

78 1301 170 1334 nunt
187 1297 332 1348 Olymp.
351 1300 425 1345 58,
444 1299 572 1340 2—-4
593 1310 622 1333 s,
645 1295 726 1338 546

78 1352 225 1394 -545
247 1367 279 1391 a.
297 1354 382 1392 Chr.
402 1367 438 1391 n.
497 1354 605 1390 Conf.
634 1351 728 1389 Lar-

78 1409 173 1447 cher.
204 1409 313 1448 Unde
332 1411 504 1456 efficitur,
535 1410 725 1455 Croesum,

78 1466 141 1515 qui
160 1467 430 1515 quatuordecim
456 1479 572 1503 εςιηοε
595 1478 727 1514 regna-

78 1522 190 1569 verit,
219 1523 279 1561 01.
303 1523 370 1570 55,
395 1526 468 1565 1.2
489 1537 518 1560 s.
536 1524 629 1564 560.
644 1522 725 1565 559

78 1592 112 1616 a.
134 1579 221 1616 Chr.
240 1592 393 1629 regnum
411 1580 606 1630 accepisse.
650 1579 728 1616 Sed

79 1635 193 1675 multa
209 1640 419 1684 occurrunt,
449 1648 543 1685 quae
563 1649 643 1674 cum
660 1636 728 1672 hac

79 1691 188 1740 vulgo
206 1696 352 1743 recepta
371 1692 543 1743 opinione
562 1705 728 1743 pugnare

80 1748 272 1797 videntur,
329 1753 492 1786 accurate
525 1753 651 1786 notata
686 1761 729 1786 ac

79 1804 272 1854 disquisita
289 1818 311 1842 a
330 1805 513 1842 Schultzio
545 1806 581 1842 in
601 1805 729 1856 Appa-

79 1865 147 1898 rat.
169 1866 236 1899 etc.
260 1875 296 1911 p.
313 1864 364 1902 16
386 1875 504 1911 seqq,
537 1875 608 1911 quo
630 1862 730 1912 prior

79 1918 152 1955 iam
197 1917 370 1956 Volneius
423 1919 460 1955 in
504 1918 730 1967 Chronolog.

81 1973 295 2012 d'Herodot.
316 1987 353 2024 p.
372 1976 427 2017 30
440 1988 543 2024 seqq.
560 1976 614 2016 39
625 1988 729 2024 seqq.

82 2029 178 2068 illam
191 2031 545 2082 chronographorum
554 2033 731 2068 rationem

81 2087 312 2125 vehementer
329 2093 619 2138 oppugnaverat,
649 2088 731 2137 ipse

28 2138 30 2140 ’
56 2181 57 2184 ,
80 2144 236 2195 probare
259 2144 410 2181 studens
434 2145 572 2182 Sardes
589 2157 633 2183 ex
653 2144 731 2182 He-

80 2200 199 2237 rodoti
216 2206 337 2238 mente
353 2204 478 2251 captas
496 2215 578 2239 esse
598 2214 620 2238 a
632 2201 730 2250 Cyro

32 2248 36 2259 ’
78 2256 143 2306 Ol·
163 2256 246 2309 553}
262 2270 292 2294 s.
313 2257 393 2298 557
413 2270 445 2295 a.
466 2258 553 2295 Chr.
572 2258 731 2307 indeque

83 2312 260 2351 Croesum
290 2314 348 2351 Ol.
383 2314 466 2365 521}-
499 2315 546 2351 ad
577 2327 731 2363 regnum

83 2373 254 2408 evectum.
285 2370 398 2407 Cuius
422 2371 488 2407 viri
507 2370 731 2420 sagacissimi

49 2447 65 2470 2,
83 2427 300 2464 sententiam
340 2427 545 2464 Schultzius
586 2440 730 2477 quoque

43 2479 65 2497 ⁵⁵
83 2480 108 2518 l.
128 2480 152 2519 l.
166 2495 251 2533 pag.
272 2484 324 2524 19
347 2483 516 2532 vulgatae
542 2489 731 2534 computa-

84 2536 175 2574 fioni
195 2541 467 2578 anteferendam
483 2544 619 2588 censet,
639 2553 730 2589 quo-

88 2592 206 2641 niam,
234 2607 278 2632 ea
304 2600 472 2646 recepta,
499 2596 729 2635 difficultates

57 2680 62 2686 .
88 2652 127 2686 et
151 2653 434 2700 repugnantiae,
464 2666 555 2703 quas
586 2653 624 2690 in
653 2652 730 2690 vul-

89 2707 176 2752 gata
204 2709 470 2757 computatione
499 2709 731 2756 offendimus,

90 2758 265 2799 tollantur.
285 2763 527 2802 Conferantur
546 2766 593 2804 de
603 2765 733 2804 Croesi

91 2817 311 2866 temporibus
348 2819 564 2859 definiendis
578 2851 590 2869 ,
638 2833 734 2871 quae

92 2871 140 2908 ad
167 2870 202 2919 l,
231 2871 284 2914 45
322 2880 359 2912 et
387 2875 427 2925 I,
457 2878 512 2919 30
551 2877 737 2929 disputata

796 960 893 1004 sunt,
913 969 992 994 cum
1009 956 1066 995 his
1077 958 1346 1009 quodammodo
1361 971 1447 997 con-

796 1013 927 1051 iuncta.

853 1067 877 1109 ὄ
895 1067 956 1117 δὲ,
984 1064 1187 1121 συννήσας
1214 1067 1349 1123 πυρήν
1381 1086 1445 1121 με-

795 1120 922 1178 γάλην
941 1121 1177 1177 ἆνεβίβασεν
1195 1142 1231 1166 κ.
1243 1126 1332 1178 τ.λ.]
1346 1128 1444 1165 Mul-

794 1187 871 1220 tum
891 1184 936 1219 ab
957 1183 1012 1219 his
1037 1183 1184 1222 differre
1196 1184 1343 1222 Ctesiae
1360 1197 1443 1221 nar·

794 1240 973 1276 rationem
992 1239 1146 1276 Persice.
1164 1239 1351 1290 Excerptt.
1364 1239 1401 1291 ἓ.
1416 1239 1443 1281 4

794 1295 979 1344 multoque
1004 1296 1121 1344 magis
1142 1296 1285 1334 Nicolai
1305 1296 1444 1334 Dama-

794 1352 893 1389 sceni
919 1351 1124 1402 ampliantis
1156 1357 1192 1390 et
1221 1353 1270 1390 ad
1298 1356 1446 1402 tragoe-

795 1409 878 1446 diae
906 1409 1083 1446 rationem
1114 1409 1321 1447 exornantis
1352 1410 1445 1458 (vid.

795 1465 870 1503 eius
891 1465 1059 1513 fragium.
1079 1479 1116 1517 p.
1142 1465 1222 1507 195
1252 1466 1308 1503 ed.
1331 1465 1444 1503 Orell.

795 1525 832 1560 et
849 1521 1037 1572 Supplem.
1068 1536 1104 1573 p.
1124 1523 1178 1563 38
1213 1527 1249 1561 et
1270 1524 1307 1559 in
1329 1522 1446 1560 Creu-

794 1591 867 1615 zer.
885 1579 1053 1627 fragmm.
1082 1579 1224 1616 historr.
1253 1592 1339 1629 pag.
1361 1581 1446 1621 207

794 1635 933 1683 seqq),
962 1636 1034 1672 iam
1053 1635 1088 1672 in
1108 1637 1206 1673 notis
1230 1636 1278 1672 ad
1297 1636 1446 1674 Ctesiae

794 1690 817 1728 l.
840 1690 863 1728 l.
887 1690 1054 1729 indicavi.
1091 1691 1150 1730 De
1178 1705 1270 1741 rogo
1290 1705 1370 1729 cum
1390 1693 1445 1729 ni-

794 1746 843 1785 hil
864 1746 1006 1796 legatur
1030 1749 1130 1798 apud
1160 1749 1325 1786 Ctesiam
1355 1748 1446 1798 (qui

797 1804 978 1841 Croesum
1018 1808 1144 1842 narrat
1183 1805 1220 1842 in
1267 1804 1446 1855 Apollinis

796 1861 971 1910 templum
988 1862 1273 1911 perfugientem,
1295 1866 1350 1899 ter
1369 1863 1449 1899 vin-

798 1922 893 1954 ctum
911 1918 959 1955 ibi
979 1931 1001 1954 a
1019 1917 1142 1955 Persis
1157 1948 1168 1966 ,
1188 1922 1244 1956 ter
1261 1918 1452 1956 liberatum

799 1986 881 2011 esse
899 1974 1020 2011 divina
1047 1974 1181 2012 scilicet
1208 1988 1302 2025 ope,
1331 1979 1368 2013 et
1384 1976 1453 2013 ite-

798 2043 875 2067 rum
899 2031 1057 2068 vinctum
1085 2031 1123 2068 in
1149 2031 1260 2081 regiis
1287 2032 1453 2079 aedibus,

798 2087 919 2124 denuo
944 2087 1154 2135 liberatum,
1192 2089 1361 2125 immissis
1382 2088 1453 2125 ful-

798 2143 954 2181 minibus
974 2148 1011 2181 et
1029 2145 1254 2193 tonitrubus)
1274 2158 1343 2183 nec
1354 2145 1454 2195 apud

800 2199 1101 2251 Xenophontem,
1119 2201 1190 2238 iam
1205 2201 1455 2250 Wesselingio

797 2257 956 2306 suspicio
979 2261 1057 2294 erat
1087 2258 1259 2307 suborta,
1291 2272 1334 2296 ex
1355 2257 1455 2307 vulgi

798 2314 890 2350 mira
909 2314 1088 2364 captantis
1104 2314 1246 2352 fabellis
1268 2315 1453 2365 haecpro-

797 2370 958 2408 fluxisse.
1016 2369 1066 2407 Et
1093 2370 1170 2407 eius
1209 2371 1452 2422 suspicionem

799 2431 938 2475 augent
983 2427 1151 2475 adeoque
1189 2427 1321 2465 iustam
1352 2440 1453 2465 com—

797 2484 976 2533 probant,
1006 2495 1102 2532 quae
1128 2483 1177 2520 ad
1208 2484 1356 2522 Ctesiae
1381 2483 1404 2521 l.
1429 2483 1452 2521 l.

796 2552 884 2590 pag.
907 2540 988 2581 103
1016 2540 1053 2576 in
1081 2539 1288 2578 universum
1325 2541 1451 2591 dispu-

796 2596 880 2633 tavi.
937 2595 1071 2633 Parum
1089 2596 1185 2634 enim
1207 2597 1295 2634 mihi
1310 2597 1451 2634 videtur

796 2648 1006 2704 probabile,
1043 2652 1150 2701 igne,
1181 2653 1243 2702 qui
1266 2653 1451 2691 sanctissi-

798 2723 878 2748 mus
901 2709 970 2746 suit
998 2709 1145 2757 Persis,
1182 2714 1223 2746 ut
1245 2723 1293 2747 ne
1321 2710 1452 2761 spiritu

800 2767 948 2815 quidem
980 2779 1062 2803 eum
1102 2766 1337 2803 contaminari
1378 2766 1452 2803 vel—

800 2822 899 2870 lent,
939 2822 1089 2859 eosdem
1115 2822 1249 2858 abusos
1286 2835 1369 2859 esse
1404 2822 1452 2858 ad

802 2878 1019 2929 supplicium
1040 2879 1253 2916 sumendum
1273 2878 1320 2916 de
1337 2878 1451 2915 homi-
