1759 3324
366 280 450 320 446

781 276 1248 316 HERODOTI

365 386 502 444 μένην
534 387 577 439 ἐς
606 385 705 442 ἱρόν
728 385 1009 444 Ἀφροδίτης,
1061 386 1175 440 ἅπαξ
1205 386 1251 430 ἓν
1279 389 1333 441 τῇ
1371 385 1448 444 ζόῃ
1478 391 1630 445 μιχθῆ-

338 476 442 511 Ξναι
483 467 611 522 ἀνδρὶ
657 468 794 525 ξείνῳ.

855 467 1012 510 πολλαὶ
1055 466 1102 509 δὲ
1140 466 1215 510 καὶ
1265 463 1345 510 οὐκ
1385 464 1633 522 ἀξιεύμεναι

367 545 684 603 ἀναμίσγεσθαι
712 551 810 603 τῇσι
842 544 1014 603 ἄλλῃσι,
1058 542 1129 589 οἷα
1158 543 1334 604 πλούτῳ
1362 544 1632 603 ὑπερφρονέ-

367 639 516 678 ουσαι,
546 625 614 669 ἐπὶ
647 625 828 680 ζευγέων
856 624 904 668 ἐν
933 623 1154 681 καμάρῃσι
1182 623 1412 677 ἐλάσασαι,
1442 626 1552 682 πρὸς
1579 625 1630 670 τὸ

310 786 345 822 ἱη
366 785 465 822 hisce
486 784 559 820 vid.
581 785 611 832 I,
635 784 688 826 14
710 785 794 834 ibiq.
820 790 966 824 not.—

311 842 423 885 Quod
458 837 543 891 ἱρόν
572 842 630 878 hic
661 847 834 889 vocatur,
872 843 968 880 infra

310 898 440 934 dicitur
457 895 641 947 τέμενος,
674 902 715 934 ut
742 900 841 947 apud
863 899 967 935 Stra-

309 954 444 990 bonem
489 965 636 1002 quoque
673 954 802 991 eadem
842 954 880 990 in
926 968 967 993 re

309 1009 398 1047 XVI
431 1021 518 1059 pag.
544 1012 672 1057 1081,
703 1010 734 1046 C
773 1010 967 1059 invenitur,

311 1079 391 1103 cum
408 1071 551 1115 septum
570 1067 682 1117 ipsius
704 1067 806 1104 aedis
838 1068 884 1104 sit
910 1068 967 1104 in-

309 1122 567 1171 telligendum,
610 1123 666 1160 vel
705 1127 745 1159 ut
773 1123 966 1161 Miinterus

310 1179 333 1216 l.
356 1179 378 1216 l.
398 1191 484 1229 pag.
505 1181 559 1220 78
580 1179 806 1230 suspicatur,
844 1177 966 1227 ἄλσος

311 1235 386 1273 sive
416 1235 514 1272 lucus
548 1248 670 1283 sacer,
700 1236 762 1285 qui
789 1237 965 1288 templum

311 1292 568 1329 circumdabat.
596 1292 768 1341 Namque
787 1293 856 1330 hoc
874 1298 967 1330 tem-

310 1348 411 1399 plum
430 1348 528 1385 haud
548 1349 675 1399 dispar
696 1350 807 1387 fuisse
825 1350 967 1387 videtur

310 1406 353 1441 iis
366 1433 377 1452 ,
409 1417 503 1454 quae
522 1404 702 1442 Ascalone
719 1410 755 1443 et
775 1405 892 1456 Paphi
915 1407 967 1444 ei-

311 1462 396 1499 dem
429 1461 563 1498 Veneri
598 1466 810 1499 consecrata
853 1468 969 1500 erant-

310 1517 386 1556 lllic
404 1531 550 1567 quoque
569 1517 686 1555 lucum
705 1530 845 1555 sacrum
864 1519 966 1557 inve-

310 1575 450 1621 nimus,
482 1587 555 1623 quo
586 1574 726 1624 reliqua
756 1575 880 1626 templi
904 1588 967 1613 ae-

310 1632 432 1668 dificia
448 1630 586 1667 inclusa
600 1632 712 1669 fuere.
740 1631 827 1668 Vid.
857 1631 968 1668 Miiu-

311 1692 377 1725 ter.
397 1686 419 1724 l.
446 1687 470 1724 l.
491 1700 579 1738 pag.
603 1687 670 1729 55.
720 1687 835 1724 Simili
855 1689 967 1725 modo

312 1744 419 1781 simili
447 1744 486 1780 in
523 1756 563 1781 re
590 1741 635 1783 τό
658 1740 744 1795 ἱρὸν
780 1748 892 1793 atque
920 1741 965 1784 τό

309 1799 472 1851 τέμενος
519 1801 671 1838 occurrit
699 1800 794 1837 infra
826 1800 881 1848 ΙΙ,
912 1800 966 1842 64

310 1857 390 1895 coll.
416 1857 473 1904 II,
504 1857 597 1898 155.
627 1858 719 1898 156.
749 1859 841 1898 170.
874 1859 968 1899 178.

310 1935 367 1942 --
386 1916 557 1965 γυναῖκα
581 1913 640 1950 hic
660 1913 869 1963 simpliciter
888 1925 966 1950 mu-

311 1970 439 2018 lierem,
461 1971 632 2018 virginem
655 1970 845 2016 denotare,
863 1970 968 2018 Hey-

310 2027 372 2063 nio
393 2026 416 2062 l.
434 2026 458 2063 l.
478 2039 515 2076 p.
536 2027 592 2066 32
608 2026 723 2062 visum
743 2029 815 2072 est,
836 2038 966 2074 quam-

312 2095 422 2131 quam
442 2082 479 2118 in
500 2082 649 2118 dubium
683 2094 799 2131 nuper
825 2082 967 2118 vocavit

311 2139 473 2175 Heeren.
493 2136 517 2173 l.
537 2136 560 2173 l.
584 2150 621 2187 p.
643 2136 748 2184 204,
779 2137 840 2186 qui
866 2137 965 2186 ipsas

311 2195 464 2231 seminas
498 2193 537 2229 in
588 2192 725 2243 templo
761 2194 966 2242 prostitisse

311 2253 454 2297 censet,
488 2248 634 2286 minime
668 2248 826 2296 virgines
859 2249 966 2286 innu-

310 2310 415 2356 ptas,
466 2304 602 2354 quippe
641 2317 736 2353 quae
769 2304 964 2342 Herodoto

310 2362 465 2399 tuissent
487 2358 704 2411 παρθένοι,
735 2365 775 2398 ut
803 2374 912 2411 supra
934 2361 964 2410 I,

314 2419 407 2459 196.
466 2417 606 2453 Contra
636 2429 743 2465 quem
773 2416 963 2455 Miinterus

312 2473 334 2510 l.
353 2473 374 2509 l.
392 2485 477 2524 pag.
494 2476 549 2514 74
570 2477 721 2523 propter
738 2485 963 2511 communem

312 2529 462 2566 aliorum
475 2541 622 2578 quoque
640 2528 854 2579 populorum
876 2543 964 2567 con-

313 2586 542 2623 suetudinem
555 2584 694 2634 puellas
716 2585 864 2634 intelligi
885 2599 964 2623 ma-

312 2642 400 2678 vult.
416 2662 472 2669 —
488 2638 702 2692 Ἀφροδίτη
719 2653 812 2690 quae
833 2642 889 2689 sit,
906 2643 963 2679 in-

312 2697 394 2736 fra
386 2711 465 2748 lpse
484 2698 618 2734 indicat
635 2697 689 2734 his
712 2698 849 2735 verbis:
866 2694 962 2737 Μύ-

313 2756 420 2793 λιττα
438 2751 481 2793 δὲ
509 2751 692 2792 καλέουσι
720 2749 793 2802 τήν
819 2749 961 2806 Ἀφοο-

314 2810 427 2860 δίτην
443 2805 667 2861 Ἀσσύριοι,
697 2810 827 2846 eodem
851 2812 961 2847 modo

315 2879 387 2915 quo
401 2879 511 2916 supra
528 2866 566 2913 Ι,
588 2868 685 2907 131:
714 2864 899 2905 καλέουσι
917 2865 961 2906 δὲ

313 2918 512 2974 Ασσυριοι
521 2936 595 2974 την
612 2917 851 2974 Ἀφροδίτην
865 2918 958 2962 Μύ-

1034 788 1165 833 λιττα,
1202 786 1265 822 ubi
1296 787 1391 824 conf.
1427 799 1522 836 quae
1549 786 1689 825 adscri-

1035 843 1188 892 psimus,
1218 842 1305 892 Ipsa
1323 844 1411 888 dea,
1433 855 1529 892 quae
1548 855 1689 880 summa

1033 899 1110 935 lovi
1140 910 1278 934 summo
1309 912 1338 935 s.
1369 899 1460 936 belo
1490 900 1589 949 apud
1614 900 1691 936 Ba-

1036 954 1203 1003 bylonios
1223 954 1369 1001 adstat,
1401 955 1562 992 Gesenio
1585 956 1689 1003 (Ex-

1037 1023 1131 1047 curs.
1161 1010 1209 1046 ad
1237 1010 1340 1047 lesai.
1373 1014 1461 1047 tom.
1484 1010 1519 1047 II
1549 1024 1585 1060 p.
1605 1013 1689 1053 337

1034 1067 1159 1116 seqq.)
1180 1066 1305 1103 Venus
1335 1079 1415 1104 esse
1438 1067 1582 1104 videtur
1609 1067 1691 1118 pla-

1033 1127 1138 1170 neta,
1159 1135 1254 1171 quae
1276 1123 1404 1160 eadem
1420 1125 1497 1161 sere
1517 1123 1689 1161 sitAnaz‘-

1033 1183 1102 1226 tis,
1133 1184 1168 1216 et
1184 1179 1326 1216 Anahtd
1346 1179 1551 1227 Persarum,
1574 1180 1690 1219 Phoe·

1033 1237 1226 1284 nicumque
1271 1236 1435 1284 Astarte,
1473 1237 1688 1287 praesertim

1035 1305 1114 1330 cum
1154 1292 1251 1328 istud
1295 1293 1393 1329 sidus
1428 1293 1544 1341 geniis
1581 1293 1689 1330 incoli

1034 1351 1174 1395 serant,
1216 1349 1280 1397 qui
1310 1349 1359 1386 ad
1386 1349 1615 1399 voluptates,
1645 1349 1689 1386 li-

1035 1405 1178 1442 bidines
1195 1433 1205 1452 ,
1236 1405 1305 1442 alia
1330 1406 1369 1442 id
1395 1419 1532 1455 genus,
1571 1406 1689 1443 homi-

1035 1474 1101 1499 nes
1146 1462 1330 1498 seducant.
1399 1462 1512 1505 Quod
1549 1463 1686 1513 optime

1034 1530 1113 1555 cum
1143 1517 1240 1567 turpi
1264 1518 1368 1554 huius
1396 1517 1564 1566 Mylittae
1586 1520 1687 1570 apud

1033 1574 1256 1622 Babylonios
1279 1574 1375 1611 cultu
1405 1575 1597 1612 convenire
1616 1588 1687 1626 pu-

1033 1634 1099 1667 tat.
1129 1630 1210 1667 Alia
1230 1630 1376 1667 edocuit
1396 1630 1586 1668 Miinterus
1604 1644 1686 1669 cum

1034 1686 1089 1723 his
1125 1687 1316 1723 coniuncta
1355 1689 1392 1724 et
1429 1692 1686 1735 consentanea,

1035 1755 1129 1792 quae
1150 1743 1197 1779 de
1214 1742 1304 1779 Belo
1331 1742 1428 1779 illum
1459 1743 1606 1781 tradere
1625 1757 1688 1780 su-

1032 1812 1102 1850 pra
1141 1799 1189 1835 ad
1217 1798 1254 1846 I,
1294 1801 1373 1840 181
1402 1800 1578 1846 vidimus;
1614 1800 1687 1837 vid.

1034 1856 1095 1893 die
1112 1855 1234 1904 Relig.
1255 1855 1291 1891 d.
1312 1855 1490 1904 Babylon,
1519 1868 1606 1906 pag.
1631 1858 1685 1898 20

1035 1925 1112 1961 seq.
1151 1911 1294 1954 Quodsi
1317 1912 1412 1948 enim
1432 1911 1499 1949 Bel
1526 1925 1685 1949 summus

1033 1968 1124 2004 deus
1135 1967 1201 2004 Sol
1216 1967 1328 2004 fuisse
1346 1967 1569 2017 perhibetur,
1589 1981 1687 2005 sum-

1033 2036 1092 2060 ma
1114 2023 1204 2060 coeli
1219 2023 1347 2072 regina
1365 2035 1407 2060 ac
1425 2025 1506 2072 dea,
1527 2025 1687 2061 omnium

1031 2092 1149 2116 rerum
1171 2079 1324 2128 genitrix
1351 2092 1393 2116 ac
1420 2093 1553 2130 parens
1576 2080 1687 2118 Luna

1032 2136 1158 2184 utique
1187 2136 1299 2172 fuisse
1335 2141 1521 2184 censetur,
1560 2137 1684 2175 Venus

1034 2192 1236 2240 eademque
1264 2190 1313 2229 M
1310 2191 1432 2241 slitta
1491 2193 1604 2230 Cuius
1627 2193 1685 2231 vel

1032 2247 1150 2311 ipsum
1169 2261 1303 2285 nomen
1322 2248 1392 2285 huc
1411 2250 1578 2298 quadrat.
1613 2249 1685 2287 Est

1033 2305 1127 2341 enim
1149 2299 1319 2358 umbi-i.
1332 2317 1364 2342 e.
1381 2305 1548 2354 genitrix,
1569 2306 1687 2342 omni-

1031 2373 1092 2397 um
1109 2373 1265 2411 parens3
1279 2360 1336 2398 vel
1355 2362 1464 2399 etiam
1485 2356 1593 2412 nbzgn
1616 2363 1679 2399 do-

1030 2418 1148 2463 mina,
1186 2416 1389 2456 δέσποινα.
1429 2410 1542 2456 Unde
1570 2418 1686 2470 expli-

1031 2474 1206 2521 candum,
1236 2474 1337 2522 quod
1367 2473 1396 2511 Ι.
1422 2473 1533 2512 Laur.
1555 2475 1684 2524 Lydus

1032 2529 1177 2577 scribit,
1201 2529 1335 2566 Veneri
1361 2530 1460 2579 apud
1482 2530 1683 2570 Phoenices

1031 2598 1164 2622 nomen
1214 2586 1328 2623 fuisse
1365 2586 1513 2636 βῆλτις.
1578 2588 1684 2626 Haec

1030 2641 1220 2678 Miinterus
1238 2645 1314 2678 tum
1333 2642 1368 2678 h.
1390 2641 1413 2679 l.
1446 2647 1521 2680 tum
1546 2644 1594 2680 ad
1623 2644 1684 2681 Iu-

1029 2697 1115 2734 lium
1134 2697 1328 2735 Firmicum
1349 2698 1396 2735 de
1414 2701 1558 2748 profan.
1577 2700 1682 2749 relig.

1030 2766 1141 2791 error.
1171 2766 1251 2803 cap.
1272 2755 1299 2794 3
1330 2765 1416 2803 pag.
1445 2757 1519 2803 12,
1549 2756 1681 2805 quibus

1029 2810 1126 2847 adde
1146 2809 1362 2846 Palmbladii
1389 2812 1605 2849 sententiam
1633 2812 1682 2850 ad

1030 2866 1066 2914 l,
1089 2866 1168 2907 131
1190 2870 1363 2903 notatam.

1085 2920 1150 2962 ἐπὶ
1185 2920 1352 2976 ζευγέων
1393 2921 1437 2962 ἐν
1477 2918 1682 2979 καμάρῃσι
