1814 3315
375 262 459 303 186
772 255 1242 297 HERODOTI

376 368 586 420 Εὔξεινον
614 364 793 409 πόντον.
851 364 940 409 ἔστι
969 365 1016 410 δὲ
1044 364 1187 424 αὐχήν
1223 361 1353 420 οὗτος
1389 370 1466 423 τῆς
1496 364 1638 423 χώρης

375 447 534 502 ταύτης
563 443 753 501 ἁπάσης·
811 447 950 501 μῆκος
974 442 1108 501 ὁδοῦ,
1145 445 1321 505 εὐζώνῳ
1351 444 1482 502 ἀνδρὶ
1510 445 1638 491 πέντε

374 525 529 582 ἡμέραι
559 522 906 581 ἀναισιμοῦνται.

318 724 403 750 vero
432 713 570 747 tractus
595 708 655 748 ille
676 721 699 746 a
718 708 867 747 Ciliciae
888 709 971 746 fini-

318 769 386 806 bus
411 780 528 816 usque
548 767 596 803 ad
606 766 763 803 Pontum
782 766 971 815 angustior

318 824 458 863 Nostro
487 823 674 870 videatur,
723 835 796 859 non
828 823 970 870 mirum,

318 881 418 929 quod
438 881 587 930 quinque
607 879 725 916 diebus
749 878 845 915 illum
863 891 885 915 a
906 891 972 928 pe-

318 937 394 974 dite
430 936 602 986 expedito
641 936 821 985 permeari
857 947 970 985 posse

316 993 442 1045 prodit
471 996 507 1030 et
542 992 612 1029 hoc
638 991 718 1029 loco
747 996 784 1029 et
802 992 897 1028 infra
922 990 970 1039 ΙΙ,

318 1049 392 1095 34;
446 1061 513 1086 nec
547 1048 650 1085 latuit
677 1048 746 1085 hoc
773 1048 969 1097 Scymnum

318 1105 473 1152 Chium,
502 1105 564 1154 qui
591 1108 713 1142 tamen
738 1105 820 1154 ipse
845 1107 970 1154 septem

317 1162 423 1214 ponit
451 1161 530 1198 dies
560 1161 659 1208 (vid.
697 1162 773 1199 eius
800 1162 967 1209 fragmm.

317 1231 355 1269 p.
385 1219 479 1259 380.
506 1217 621 1266 382).
681 1217 826 1261 Quodsi
850 1222 972 1254 autem

319 1275 449 1311 diurno
479 1274 598 1311 itineri
626 1273 683 1311 vel
707 1277 849 1310 centum
866 1274 972 1322 quin-

319 1330 498 1380 quaginta
542 1329 602 1367 vel
646 1330 800 1367 ducenta
851 1330 971 1367 stadia

319 1386 386 1436 (V,
407 1386 473 1427 53.
512 1385 576 1433 IV,
608 1386 708 1434 101)
738 1386 970 1422 contribuun-

318 1447 400 1490 tur,
450 1442 641 1491 longitudo
685 1442 789 1479 huius
833 1446 969 1479 tractus

320 1499 389 1537 erit
406 1498 502 1536 mille
521 1499 729 1536 stadiorum.
760 1496 793 1534 A
811 1511 885 1548 quo
906 1499 972 1535 ab-

318 1556 468 1593 horrent
482 1558 519 1592 et
538 1554 801 1592 Eratosthenes
823 1555 964 1602 (Strab.

318 1611 354 1649 II
374 1625 411 1662 p.
432 1612 519 1659 68),
548 1611 610 1660 qui
630 1612 699 1648 tria
716 1610 826 1648 millia
843 1624 971 1649 nume-

318 1671 376 1705 rat
403 1667 543 1715 stadia,
580 1671 618 1705 et
647 1667 783 1704 Plinius
820 1667 899 1715 (H.
919 1666 969 1704 N.

318 1723 383 1771 VI,
402 1724 448 1771 2)
478 1724 634 1761 ducenta
651 1723 703 1760 M.
716 1723 758 1760 P.
779 1723 968 1769 indicans3

318 1779 501 1818 consentit
522 1792 601 1816 cum
627 1780 818 1817 Herodoto
839 1779 972 1828 Scylax

317 1836 357 1873 in
383 1835 517 1886 Peripl.
558 1850 596 1887 p.
628 1839 682 1878 97
722 1837 779 1874 ed.
808 1835 969 1873 Gronov.

317 1892 397 1930 Sed
421 1893 659 1930 recentiorum
682 1892 972 1941 investigationi-

317 1948 387 1986 bus
418 1948 645 1997 exploratum
670 1948 867 1996 habemus,
897 1952 971 1985 tra-

318 2008 415 2042 ctum
442 2003 541 2041 illum
569 2005 667 2042 recta
693 2005 753 2042 via
781 2005 972 2053 sexaginta

317 2060 482 2098 milliaria
525 2060 773 2111 geographica
819 2060 971 2110 longum

319 2129 403 2154 esse
415 2145 426 2163 ,
452 2117 505 2153 ita
523 2121 563 2153 ut
580 2117 619 2153 in
637 2129 747 2154 unum
765 2118 862 2155 diem
878 2118 972 2154 duo-

318 2172 436 2210 decim
447 2172 610 2210 milliaria
623 2173 737 2223 pediti
746 2175 865 2211 forent
883 2186 971 2211 con-

317 2228 496 2275 ficienda,
541 2228 599 2266 vel
628 2229 771 2266 omissis
803 2230 969 2268 omnibus

317 2284 533 2332 ambagibus
554 2297 596 2322 ac
617 2285 841 2323 deviislocis.
858 2286 969 2323 Unde

316 2353 393 2378 non
427 2341 598 2388 defuere,
646 2342 707 2390 qui
738 2341 968 2379 Herodotum

317 2396 450 2434 erroris
475 2397 703 2445 incusarent,
741 2399 839 2447 quod
862 2399 968 2434 dimi-

317 2452 418 2490 dium
440 2456 580 2489 tantum
613 2453 847 2502 longitudinis
863 2454 968 2490 huius

317 2512 452 2545 tractus
470 2509 693 2547 indicaverit.
740 2511 848 2548 Conf.
866 2510 969 2547 Ren-

317 2563 388 2601 nel.
425 2563 448 2600 l.
476 2564 499 2601 l.
530 2577 618 2615 pag.
642 2566 735 2606 457.
792 2567 970 2604 Defendit

317 2619 547 2657 Herodotum
583 2622 629 2658 ab
655 2623 787 2660 erroris
823 2623 970 2660 crimine

317 2675 536 2713 Dahlmann.
548 2676 745 2724 (Herodot.
756 2693 793 2730 p.
806 2681 870 2720 96.
882 2679 969 2727 97).

318 2730 452 2781 Neque
468 2733 562 2770 enim
587 2733 645 2771 hic
664 2735 897 2783 cogitandum
922 2735 970 2772 de

319 2788 485 2825 ducentis
513 2789 662 2837 stadiis,
694 2803 787 2839 quae
809 2791 968 2841 plerum-

319 2855 392 2892 que
417 2844 532 2894 pedes
563 2847 754 2896 expeditus
779 2860 822 2885 ex
847 2848 969 2885 Hero-

320 2899 398 2937 doti
417 2905 539 2939 mente
558 2902 732 2953 perficere
751 2907 881 2955 queat,
900 2904 967 2942 sed

1037 709 1153 748 videri
1186 723 1391 749 sermonem
1424 723 1507 749 esse
1542 710 1590 748 de
1632 722 1690 758 eo,

1038 767 1139 815 quod
1183 767 1295 804 semel
1334 769 1458 804 forsan
1503 771 1694 817 expertum

1038 823 1148 859 suerit
1163 836 1185 859 a
1205 824 1376 873 quopiam
1396 824 1522 873 pedite
1545 824 1693 873 insigni.

1039 877 1307 915 Testimonium
1327 880 1419 929 petit
1447 893 1490 917 ex
1507 880 1571 927 iis,
1599 892 1694 929 quae

1037 933 1109 980 VI,
1132 937 1210 975 106
1242 934 1349 982 (coll.
1368 934 1439 982 VI,
1470 937 1577 983 120)
1598 935 1692 984 legi-

1037 1002 1118 1026 mus
1130 1019 1141 1038 ,
1160 990 1403 1041 Philippidem
1416 990 1568 1029 Athenis
1578 992 1693 1042 Spar-

1038 1050 1111 1082 tam
1143 1047 1337 1085 advenisse
1364 1048 1478 1084 altero
1497 1048 1580 1095 die,
1610 1060 1692 1085 cum

1037 1102 1106 1140 iter
1133 1107 1230 1141 certe
1255 1104 1384 1152 viginti
1400 1117 1465 1141 sex
1483 1098 1594 1141 fuerit
1612 1103 1692 1141 mil-

1036 1158 1177 1196 liarium
1196 1161 1535 1211 geographicorum.
1566 1160 1692 1204 Quare

1037 1215 1134 1252 haud
1171 1229 1323 1267 prorsus
1361 1217 1473 1255 fidem
1515 1218 1691 1255 excedere

1037 1275 1163 1322 putat,
1201 1274 1233 1309 si
1265 1277 1399 1311 tractus
1435 1273 1494 1311 ille
1527 1272 1640 1311 Asiae
1667 1285 1691 1311 a

1036 1329 1162 1378 pedite
1178 1330 1334 1380 probato
1360 1330 1520 1379 quinque
1551 1330 1692 1368 dierum

1035 1384 1165 1422 itinere
1207 1387 1389 1436 permeari
1434 1387 1585 1423 dicatur.
1641 1384 1692 1423 At

1037 1440 1125 1476 nihil
1145 1441 1214 1478 hoc
1245 1442 1324 1479 loco
1352 1443 1400 1480 de
1427 1443 1563 1491 insigni
1583 1442 1691 1493 pedi-

1036 1496 1084 1533 tis
1109 1496 1256 1535 alicuius
1288 1499 1476 1537 conamine
1511 1499 1691 1549 proditur,

1038 1553 1100 1602 qui
1125 1557 1265 1591 tantum
1293 1555 1361 1592 iter
1394 1559 1470 1592 tam
1495 1555 1595 1593 brevi
1625 1554 1691 1592 ali-

1038 1611 1186 1658 quando
1206 1612 1420 1658 confecerit,
1449 1612 1517 1649 sed
1541 1614 1691 1649 senten-

1037 1665 1124 1701 tiam
1147 1679 1249 1704 suam
1267 1668 1414 1704 omnino
1432 1668 1550 1718 aperit
1564 1671 1691 1704 auctor

1038 1721 1086 1759 de
1101 1725 1236 1759 tractus
1263 1723 1355 1760 illius
1374 1723 1622 1772 longitudine,
1650 1723 1690 1761 in

1038 1790 1112 1827 qua
1133 1778 1164 1814 si
1185 1792 1229 1817 ea
1242 1792 1317 1816 non
1337 1780 1428 1817 vidit
1443 1809 1455 1828 ,
1495 1793 1590 1830 quae
1617 1792 1687 1817 nos

1037 1833 1230 1873 multorum
1247 1836 1472 1874 saeculorum
1489 1836 1688 1885 investiga-

1035 1890 1195 1929 tionibus
1209 1921 1220 1940 ,
1279 1893 1687 1942 mathematicorumque

1037 1959 1080 1984 ac
1095 1949 1388 2000 geographorum
1401 1949 1688 1987 dimensionibus

1037 2003 1156 2041 edocti
1173 2019 1318 2055 sumuS‚
1346 2008 1512 2057 profecto
1533 2005 1594 2044 ille
1619 2006 1688 2044 erit

1037 2063 1267 2100 excusatione
1286 2063 1432 2111 dignus.

1094 2119 1221 2168 μῆκος
1248 2117 1370 2165 ὁδοῦ]
1409 2120 1432 2156 i.
1462 2131 1494 2156 e.
1524 2117 1615 2169 quod
1639 2117 1689 2155 ad

1035 2174 1172 2211 itineris
1184 2175 1439 2224 longitudinem
1459 2177 1597 2212 attinet.
1610 2173 1689 2212 Ab-

1037 2231 1154 2267 sentia
1176 2233 1375 2282 particulae
1397 2229 1459 2281 δὲ,
1479 2244 1588 2281 quam
1605 2230 1687 2280 quis

1035 2286 1160 2323 forsan
1193 2288 1251 2325 hic
1285 2290 1472 2339 requirat,
1528 2288 1688 2337 itemque

1036 2343 1232 2382 omissione
1267 2345 1417 2383 voculae
1454 2342 1531 2392 ὥς,
1577 2356 1688 2393 quam

1036 2401 1288 2438 antecedentia
1299 2397 1446 2453 (αὐχήν
1464 2395 1601 2449 οὗτος)
1617 2412 1688 2450 po·

1036 2453 1170 2493 stulare
1189 2457 1400 2504 videantur,
1417 2457 1553 2494 maiore
1573 2469 1688 2506 quae·

1036 2510 1123 2547 dam
1153 2512 1305 2549 efficitur
1328 2513 1501 2550 orationis
1521 2512 1596 2560 vis,
1634 2511 1686 2549 uti

1036 2568 1175 2604 monuit
1198 2568 1354 2606 Werfer.
1386 2569 1423 2605 in
1452 2567 1547 2605 Actt.
1585 2567 1683 2618 phill.

1036 2622 1200 2660 Monacc.
1224 2624 1242 2661 I
1263 2638 1298 2674 p.
1321 2624 1423 2673 579,
1453 2624 1514 2661 ubi
1533 2624 1570 2660 h.
1588 2624 1612 2661 l.
1633 2625 1686 2661 sic

1037 2680 1162 2717 vertit:
1192 2679 1298 2728 „Est
1317 2685 1434 2718 autem
1456 2682 1564 2718 omnis
1580 2681 1686 2718 leuius

1036 2738 1150 2772 terrae
1184 2739 1288 2786 quasi
1325 2740 1444 2775 cervix
1475 2749 1518 2774 ea
1548 2738 1685 2775 itineris

1035 2791 1271 2841 longitudine,
1297 2798 1338 2831 ut
1351 2794 1396 2832 ab
1410 2794 1570 2845 expedito
1579 2795 1685 2845 quin-

1035 2861 1100 2899 que
1114 2848 1187 2885 dies
1207 2852 1468 2889 insumantur.“

1092 2900 1251 2962 εὐζώνῳ
1271 2901 1412 2960 ἀνδρὶ]
1450 2904 1622 2958 εὔζωνος
1639 2901 1683 2949 οἳ·
