1759 3324
301 245 387 287 548

704 237 1175 281 HERODOTI

304 351 525 409 ,,ἡλίκων,
581 351 714 396 ὕδασί
751 367 795 395 τε
833 351 908 394 καὶ
946 351 1121 394 σιτίοισι
1160 343 1209 392 εὖ
1239 346 1564 404 ἐξηρτυμένους,

304 431 452 484 »ἰέναι
479 430 533 474 τὰ
560 434 710 485 πρῶτα
747 430 826 486 μὲν
871 429 944 474 διὰ
980 432 1055 484 τῆς
1087 427 1355 483 οἰκεομένης

302 510 388 562 ,,δὲ
417 507 737 562 διεξελθόντας,
780 509 823 559 ἐς
850 507 929 564 τὴν
969 506 1192 563 θηριώδεα
1222 505 1477 550 ἀπικέσθαι·

1404 426 1566 482 ταύτην

1518 503 1566 548 ἐκ
1577 510 1623 545 30

304 588 388 640 ,,δὲ
411 587 589 642 ταύτης,
618 586 697 642 τὴν
727 585 891 641 ἐρῆμον
921 585 1144 637 διεξιέναι,
1175 585 1254 641 τὴν
1285 584 1391 628 ὁδὸν
1411 599 1563 628 ποιευ-

281 672 341 717 7,,
358 665 515 721 μένους
544 663 651 717 πρὸς
673 664 863 717 ζέφυρον
885 662 1044 717 ἄνεμον
1059 678 1068 688 ·
1100 662 1396 714 διεξελθόντας
1417 662 1461 706 δὲ
1480 666 1565 717 χῶ-

307 759 424 797 ,,ρον
453 741 614 786 πολλὸν
643 740 906 797 ψαμμώδεα,
961 741 1036 783 καὶ
1065 740 1112 783 ἐν
1148 745 1330 797 πολλῇσι
1367 740 1565 797 ἡμέρῃσι,

308 822 455 873 ,,ἶδεῖν
495 818 549 875 δή
584 836 683 862 κοτε
714 819 893 874 δένδρεα
933 818 979 861 ἓν
1018 819 1150 875 πεδίῳ
1194 816 1443 873 πεφυκότα·

1494 820 1568 861 καί

307 911 481 954 ,,σφεας
509 896 857 953 προσελθόντας,
903 895 1115 940 ἅπτεσθαι
1144 900 1225 940 τοῦ
1269 894 1471 947 ἐπεόντος
1499 896 1568 939 ἐπὶ

252 1087 339 1136 post
357 1081 459 1130 ἐπεὶ,
490 1095 557 1133 per
584 1081 847 1120 anacoluthiam
867 1082 905 1119 in

253 1140 408 1191 apodosi
424 1140 547 1177 inferri
572 1139 695 1186 solita,
710 1139 905 1189 praecipue

253 1198 292 1234 in
311 1209 470 1234 errorem
487 1197 703 1246 interpretes
721 1195 904 1232 induxisse

254 1253 376 1291 eidem
386 1253 462 1289 sdro
481 1253 588 1289 docto
607 1252 759 1289 videtur.
786 1250 904 1289 Aliam

254 1309 432 1346 rationem
471 1308 644 1345 orationis
684 1303 905 1346 α’νακολού-

254 1369 338 1404 θου
376 1365 652 1402 constituendae
689 1365 767 1400 iniit
807 1364 906 1400 Mat-

256 1421 354 1459 thiae
379 1421 418 1458 in
438 1425 513 1458 not.
536 1421 583 1457 ad
606 1421 641 1457 h.
663 1419 686 1457 l.
732 1420 802 1456 Cui
825 1420 905 1457 He-

221 1481 230 1487 *
255 1478 430 1524 rodotus,
461 1490 541 1515 cum
559 1476 677 1515 dicere
692 1475 838 1514 veflet’
821 1474 905 1516 επει

257 1527 314 1572 ὦν
347 1548 440 1580 τους
467 1548 630 1590 νεηνιας
671 1527 903 1583 ἀποπεμπο-

257 1586 402 1642 μένους
445 1610 502 1617 —
539 1591 582 1628 εὐ
623 1571 907 1640 ἐξηρτυμένους

259 1644 424 1694 ἰέναι,
464 1643 565 1684 ἰέναι
597 1661 735 1697 πρωτα
763 1643 835 1696 μὲν
865 1660 903 1684 κ.

257 1717 289 1742 τ.
314 1705 346 1743 λ.
376 1703 475 1753 prius
501 1701 602 1741 ἰέναι
621 1703 784 1740 omisisse
805 1702 907 1740 vide-

257 1763 337 1806 tur,
357 1765 398 1796 ut
418 1759 591 1809 apodosis
608 1758 698 1796 haec
720 1760 783 1796 sit:
807 1757 908 1797 ἰέναι

258 1818 394 1866 πρῶτα
424 1813 507 1865 μέν.
564 1814 687 1864 Atque
726 1827 769 1853 ea
813 1816 906 1853 ratio

258 1873 385 1922 utique
402 1872 540 1909 facilior
561 1872 704 1908 xidetur
719 1872 909 1921 magisque

259 1933 347 1979 apta
363 1928 542 1979 adipsum
565 1927 632 1964 loci
652 1940 808 1964 sensum.

315 1980 436 2022 ν’δασί
473 1997 513 2022 τε
548 1981 616 2022 καὶ
659 1983 816 2021 σιτίοισι
865 1975 910 2020 εὖ

260 2036 546 2089 ἐξηρτυμένους
579 2053 614 2076 κ.
643 2053 674 2077 τ.
698 2036 758 2088 λ.]
807 2038 910 2075 Bene

260 2096 366 2133 nobis
394 2107 543 2132 mouere
575 2094 718 2132 videtur
748 2094 907 2131 Heeren.

260 2150 373 2188 Ideen
403 2150 459 2196 ΙΙ,
486 2153 507 2191 1
539 2163 623 2200 pag.
653 2152 733 2190 198
763 2150 910 2187 minime

263 2206 358 2244 solos
379 2207 538 2256 quinque
552 2206 807 2254 intelligendos
829 2218 909 2243 esse

261 2263 408 2300 iuvenes
431 2261 590 2307 nobiles,
621 2262 682 2311 qui
698 2262 766 2299 iter
788 2275 909 2299 susce-

261 2320 400 2370 perint,
433 2330 556 2355 verum
572 2317 718 2355 additos
740 2319 848 2355 etiam
867 2317 909 2354 il-

262 2374 306 2413 lis
324 2374 526 2420 ministros,
556 2375 715 2412 comites.
750 2373 831 2412 Nos
851 2374 908 2411 di·-

263 2432 375 2468 cimus
393 2432 466 2467 eine
485 2429 694 2467 Karawane.
751 2429 832 2467 Nec
851 2435 909 2467 ta-

262 2499 347 2524 men
368 2486 416 2523 illi
442 2486 588 2523 iuvenes
607 2487 703 2523 viam
729 2486 766 2523 in
786 2487 909 2523 istius-

262 2543 363 2580 modi
383 2542 668 2592 prosectionibus
690 2541 829 2579 solitam
852 2556 908 2580 se-

263 2599 337 2636 cuti
359 2611 440 2636 esse
475 2598 665 2645 videntur,
695 2599 759 2636 sed
785 2598 909 2636 relicta

262 2654 342 2701 illa,
372 2667 452 2691 cum
471 2653 559 2690 alias
574 2654 907 2703 Africae.regiones

263 2710 384 2747 adhuc
401 2710 602 2759 incognitas
625 2711 741 2747 visere
761 2710 908 2757 vellent,

263 2766 380 2815 magis
398 2767 447 2803 ad
467 2766 686 2804 occidentem
707 2779 745 2803 se
761 2779 908 2804 conver-

263 2822 364 2859 tisse.
423 2822 506 2866 Quo
525 2827 693 2872 spectant
706 2823 817 2860 verba
833 2819 907 2872 τήν

263 2874 362 2918 ὁδόν
379 2876 639 2929 ποιευμένους
668 2875 768 2931 πρός
794 2877 908 2929 ζέφυ-

973 1097 1044 1133 ρον
1063 1078 1232 1132 ἄνεμον,
1264 1094 1344 1119 cum
1371 1081 1504 1120 scilicet
1530 1082 1625 1120 occi-

973 1139 1119 1177 dentem
1137 1143 1173 1175 ct
1184 1139 1370 1176 meridiem
1381 1152 1505 1176 versus
1517 1139 1625 1186 (siid-

971 1195 1152 1243 westlich)
1179 1194 1228 1231 illi
1251 1195 1320 1232 iter
1338 1195 1581 1233 instituerent.

1030 1246 1300 1298 διεξελθόντας
1320 1248 1362 1290 δὲ
1381 1253 1510 1303 χῶρον
1531 1252 1625 1290 πολ-

973 1304 1041 1347 λὸν
1062 1303 1287 1357 ψαμμώδεα
1312 1322 1347 1346 κ.
1374 1323 1407 1346 τ.
1428 1306 1481 1357 λ.]
1521 1308 1626 1345 Haec

973 1365 1019 1402 ad
1053 1365 1197 1402 deserta
1229 1363 1375 1401 Saliam
1405 1364 1532 1401 referri
1559 1365 1625 1401 de-

973 1422 1059 1459 bere
1098 1421 1326 1458 manifestum
1361 1424 1439 1466 est3
1493 1420 1623 1469 quibus

975 1478 1127 1515 desertis
1151 1478 1417 1525 transmigratis
1439 1476 1507 1524 (id
1524 1476 1625 1526 quod

972 1534 1155 1582 hodieque
1174 1533 1272 1569 haud
1300 1534 1377 1571 sine
1405 1545 1539 1582 magno
1559 1545 1626 1582 pe-

973 1589 1083 1626 riculo
1107 1589 1184 1626 fieri
1205 1590 1364 1639 potest),
1388 1589 1486 1626 haud
1506 1589 1624 1625 minus

973 1646 1222 1692 manifestum,
1250 1646 1460 1695 pervenisse
1479 1646 1626 1683 iuvenes

975 1704 1024 1740 ad
1045 1715 1106 1739 eas
1129 1703 1318 1750 regiones,
1338 1715 1429 1751 quas
1448 1715 1543 1738 nunc
1564 1714 1624 1738 so-

974 1758 1087 1796 lemus
1115 1771 1243 1796 vocare
1270 1757 1523 1807 Negerlc'incler.
1569 1757 1626 1794 Eo

976 1816 1071 1853 enim
1105 1816 1287 1863 quadrant
1317 1819 1356 1853 et
1382 1814 1480 1852 color
1509 1814 1626 1862 niger,

977 1872 1038 1920 qui
1055 1870 1180 1907 incolis
1208 1870 1334 1907 harum
1355 1874 1532 1908 terrarum
1560 1869 1627 1905 tri-

975 1928 1099 1964 buitur
1115 1955 1125 1974 ,
1166 1931 1204 1964 et
1231 1926 1350 1963 minor
1382 1931 1523 1963 statura
1548 1938 1628 1962 cor-

976 1984 1073 2033 poris
1086 2010 1096 2028 ,
1123 1995 1231 2031 quam
1248 1983 1460 2020 recentioris
1481 1994 1628 2032 quoque

976 2039 1150 2088 temporis
1177 2039 1472 2088 peregrinatores
1502 2039 1628 2076 obser-

977 2099 1125 2140 varunt,
1176 2099 1213 2132 et
1247 2095 1389 2132 indoles
1430 2095 1628 2132 incolarum

976 2151 1136 2199 benigne
1159 2155 1197 2188 et
1214 2150 1440 2201 hospitaliter
1465 2152 1626 2189 advenas

977 2207 1247 2257 excipientium3
1268 2220 1376 2256 quam
1392 2208 1564 2245 virtutem
1583 2207 1627 2244 il·-

977 2262 1043 2299 lius
1064 2264 1182 2312 gentis
1199 2263 1383 2313 hodieque
1400 2267 1624 2310 memorant3

977 2332 1020 2356 eo
1049 2320 1207 2368 denique
1238 2320 1344 2358 etiam
1368 2324 1537 2370 spectant
1567 2333 1626 2358 ar-

975 2375 1081 2412 bores
1109 2376 1328 2424 frugiferae,
1355 2377 1482 2414 itidem
1500 2389 1627 2415 recen-

975 2431 1128 2468 tioribus
1175 2432 1509 2482 peregrinatoribus
1555 2432 1626 2470 illic

976 2488 1202 2525 observ.atae
1260 2489 1344 2525 Vid.
1365 2488 1524 2527 Heeren.
1555 2488 1624 2527 1.l.

974 2543 1029 2591 Π,
1050 2546 1071 2584 1
1093 2557 1178 2594 pag
1204 2547 1294 2586 199
1312 2547 1405 2586 200.

1033 2595 1231 2639 ἅπτεσθαι
1258 2615 1329 2639 του
1352 2623 1409 2628 —
1438 2598 1621 2652 καρποῦ]

976 2651 1240 2694 α’πτεσθαι-
1255 2658 1414 2707 καρποῦ
1450 2669 1524 2694 non
1548 2661 1625 2694 tam

974 2714 1147 2760 attingere
1185 2713 1334 2762 fructus
1380 2725 1462 2751 esse
1498 2716 1625 2751 monet

974 2767 1178 2806 Larcherus
1198 2798 1209 2817 ‚
1249 2771 1316 2807 sed
1353 2773 1497 2818 gustare
1537 2769 1626 2819 fru-

975 2828 1050 2860 ctus
1062 2854 1072 2871 ,
1091 2827 1201 2871 vesci,
1231 2826 1284 2862 uti
1302 2826 1399 2875 apud
1416 2825 1624 2875 Thucydid.

971 2879 1028 2926 H,
1051 2881 1115 2921 50.
1146 2881 1400 2931 Intelliguntur
1423 2886 1567 2929 autem,
1584 2885 1627 2918 ut
