1759 3324
21 967 56 994 in
98 966 174 995 urbe

21 1001 163 1028 Heruiscl

22 1033 243 1070 piuniuimatq

23 1076 70 1107 11².ss

75 1077 120 1099 m,

155 1064 302 1094 6131111

23 1134 102 1162 mine

24 1168 157 1197 Thasum
167 1186 175 1201 ,
201 1141 303 1202 ibique

176 1132 259 1159 Th

234 901 301 946 4-1-

215 965 263 1000 '¹51
266 974 300 993 ro

225 975 300 1058 τέω-

351 235 437 276 584

350 340 580 397 ἐχρέωντο,
628 341 703 385 καὶ
739 336 851 398 ἦσαν
884 338 1103 397 Ἑλλήνων
1137 340 1249 390 τινὲς
1277 338 1494 382 ναυτίλοι·

766 229 1238 271 HERODOTI

1553 335 1610 389 ὦς

352 420 534 476 ἔλπομαί
561 435 605 464 τε
633 421 706 464 καὶ
737 419 814 476 ἐμὴ
847 418 995 476 γνώμη
1026 418 1180 474 αἱρέει,
1221 417 1328 462 ὥστε
1357 416 1527 461 τούτων
1553 415 1610 459 ἂν

352 499 427 544 καὶ
475 502 642 555 μᾶλλον
687 503 775 542 τῶν
811 502 930 542 θεῶν
968 496 1022 541 τοὶ
1070 496 1297 553 ου’νόματα
1342 494 1609 549 ἐξεπιστέατο

324 575 588 635 5Αἶγύπτιοι
618 576 646 632 ἦ
674 580 756 620 τοῦ
780 574 1028 631 ἸΙρακλέος.

1068 573 1192 619 Ἀλλά
1225 593 1289 627 τις
1319 573 1497 631 ἀρχαῖός
1525 574 1615 618 ἐστι

352 655 457 707 θεὸς
486 656 763 710 Αἰγυπτίοισι
796 653 1052 711 (Ηρακλέης
1102 652 1162 706 ὥς
1191 655 1237 699 δὲ
1267 653 1395 698 αὐτοὶ
1423 655 1669 710 λέγουσι,60

356 734 451 779 ἔτεα
481 735 569 777 ἐστι
608 732 902 788 ἑπτακισχίλια
930 733 1003 776 καὶ
1041 730 1178 788 μύρια
1207 733 1250 784 ἐς
1273 732 1460 789 ’Ἄμασιν
1489 736 1614 790 βασι-

353 813 571 858 λεύσαντα
581 843 594 864 ,

191 1107 302 1158 “ignis'‘

295 1358 372 1397 dem
392 1370 512 1397 revera
537 1371 656 1397 nomen
686 1357 746 1396 dei
768 1356 951 1395 cuiusdam

294 1429 319 1453 a
331 1416 476 1465 Graecis
493 1418 703 1466 accepissent
722 1413 952 1465 (Aegyptii),

298 1476 387 1510 certe
406 1472 525 1509 horum
543 1473 742 1509 memoriam
761 1483 865 1522 quam
875 1483 952 1507 ma-

297 1531 391 1566 xime
413 1532 678 1566 conservassent.
706 1549 763 1556 ——-
790 1527 850 1566 De
876 1527 952 1564 for-

300 1585 399 1623 mula
419 1578 494 1623 οὖκ
514 1580 656 1634 ’ἥκιστα
675 1579 771 1624 ἆλλοῖ
791 1578 957 1635 μάλιστα

301 1641 399 1678 idem
419 1639 555 1678 consul.
572 1640 704 1679 Matth.
725 1638 762 1691 ὃ.
781 1640 876 1681 463.
898 1638 958 1677 Ad

302 1694 490 1763 ἐχρέωντο
514 1702 636 1735 11161116
665 1696 959 1735 subaudiendum

306 1753 348 1793 οἱ
363 1753 442 1805 Αἰ)
436 1749 590 1793 ’.ύπτιοι

362 1824 414 1856 ως
436 1808 604 1861 ἔλπομαί
619 1824 659 1850 τε
677 1807 745 1848 καὶ
765 1804 841 1859 έμη
861 1822 960 1874 γνω-

308 1880 362 1917 μη
384 1864 522 1919 αἱρέει]
553 1863 746 1905 Locutio'
729 1880 802 1916 εμη
822 1878 960 1916 γνωμη

305 1921 429 1973 αἱρέει
459 1925 664 1960 sententiam
687 1921 885 1959 rationibus
904 1922 962 1957 ni-

304 1991 388 2015 :cam
409 1980 587 2029 exprimit,
618 1978 724 2016 sicuti
750 1972 796 2016 λο
801 1992 868 2028 ,1ος
898 1975 962 2015 αἷ-

306 2032 408 2085 ρέει,
438 2034 529 2084 quod
557 2037 674 2071 sanior
698 2036 790 2070 ratzo
814 2045 962 2082 Jersua-

304 2091 382 2137 det,
411 2090 475 2137 ΙΙΙ,
495 2089 561 2132 45.
578 2090 644 2138 IV,
666 2092 746 2131 127
773 2086 827 2138 [et
838 2089 866 2136 Ι,
881 2090 962 2130 132

305 2145 367 2184 fin.
388 2145 420 2182 Π
433 2173 444 2192 ,
465 2147 543 2193 33,
564 2146 625 2183 ubi
645 2143 770 2195 confi}
808 2145 912 2182 Haec
927 2148 963 2181 et

303 2200 408 2252 plura
435 2200 654 2250 VVesseling.
681 2201 730 2238 ad
759 2200 794 2237 h.
823 2200 845 2238 l.
885 2200 962 2237 Sed

308 2256 477 2307 ἔλπομαι
512 2257 721 2307 simpliciter
762 2260 819 2293 est
860 2259 962 2306 puto,

306 2315 478 2350 existimo.
508 2333 565 2341 —-
594 2313 636 2349 In
652 2324 754 2361 seqq.
774 2325 842 2363 pro
865 2312 961 2360 vulg.

305 2367 477 2409 τουτέων
519 2381 602 2407 eum
639 2368 827 2406 Gaisford.
866 2368 965 2405 edidi

306 2420 470 2465 τούτων.

367 2475 464 2520 ἄλλα
487 2495 546 2526 τις
569 2474 732 2530 ἀρχαῖός
762 2477 843 2519 ἐστι
870 2476 967 2525 θεός

311 2536 567 2590 Αἰγυπτίοισι
592 2533 829 2589 Ἱῂακλέης]
870 2536 970 2572 Hinc

310 2594 409 2644 apud
423 2593 637 2630 Ciceronem
657 2604 806 2642 quoque
833 2591 879 2628 de
895 2595 970 2628 nat.

311 2650 431 2687 deorr.
457 2649 530 2696 ΙΙΙ,
552 2650 624 2689 161
664 2647 783 2695 „alter
804 2647 965 2694 (Hercu-

310 2706 384 2754 les)
404 2705 558 2741 traditur
573 2703 661 2742 Nilo
690 2708 812 2751 ortus,
841 2702 966 2752 Aegy-

309 2761 445 2812 ptiu5.“
468 2760 629 2805 Quinam
645 2758 909 2810 Aegyptiorum
921 2759 967 2796 sit

311 2816 512 2863 Hercules,
551 2816 705 2853 diximus
732 2816 781 2852 ad
814 2815 867 2862 ΙΙ,
898 2814 965 2856 42.

311 2873 423 2912 Unde
444 2884 588 2923 quoque
601 2875 769 2923 apparet,
782 2872 819 2908 in
840 2872 966 2910 verbb.

644 810 734 854 ἐπεί
763 826 806 853 τε
835 810 882 854 ἐκ
910 815 1000 854 τῶν
1033 810 1145 855 ὀκτώ
1177 815 1298 855 θεῶν
1336 813 1380 854 οἱ
1418 811 1616 856 δυώδεκα

357 891 457 936 θεοὶ
489 889 692 947 ἐγένοντο
703 920 715 942 ,
760 892 849 933 τῶν
883 887 1096 945 Ἡρακλέα
1127 890 1202 933 ἕνα
1231 891 1469 946 νομίζουσι.
1527 891 1617 932 Καὶ

356 969 500 1015 θέλων
531 969 576 1014 δὲ
605 968 774 1014 τούτων
802 969 902 1024 πέρι
930 968 1067 1024 σαφές
1095 986 1136 1013 τι
1163 968 1323 1012 εἰδέναι
1355 968 1398 1021 ἐξ
1424 962 1490 1027 ,ὧν
1519 964 1618 1011 οἶόν

357 1065 402 1093 τε
429 1044 509 1106 ἦν,
550 1048 737 1093 ἔπλευσα
767 1048 841 1093 καὶ
870 1047 913 1099 ἐς
943 1046 1090 1103 Τύρον
1118 1051 1193 1104 τῆς
1229 1048 1459 1104 Φοινίκης,
1507 1062 1618 1090 πυν-

357 1127 604 1185 θανόμενος
633 1125 796 1173 αὐτόθι
825 1125 937 1172 εἶναι
965 1128 1062 1185 ῐρόν
1094 1126 1328 1184 ιἩρακλέος
1356 1125 1504 1184 ἅγιον·
1543 1125 1675 1170 maes

1019 1368 1121 1406 seqq.
1152 1352 1332 1407 ἐγένοντο
1359 1355 1455 1394 bene
1481 1368 1504 1394 a
1527 1355 1677 1394 Grono-

1019 1413 1078 1450 vio
1108 1416 1146 1450 et
1174 1412 1378 1462 Schweigh.
1408 1413 1592 1450 redditum
1622 1414 1680 1450 su-

1020 1469 1116 1507 isse:
1144 1471 1352 1506 exstiterunt
1377 1470 1453 1507 sive
1473 1473 1514 1507 ut
1529 1469 1616 1506 olim
1627 1469 1680 1506 Η.

1019 1525 1228 1576 Stephanus
1257 1529 1464 1563 notaverat:
1506 1537 1578 1574 „ex
1606 1537 1680 1574 quo

1025 1595 1046 1619 e
1067 1582 1135 1619 diis
1155 1587 1236 1620 octo
1258 1582 1346 1620 facti
1374 1583 1522 1620 fuerunt
1540 1581 1681 1619 duode-

1023 1638 1131 1676 cim.“

1083 1693 1123 1741 ἒς
1157 1691 1330 1745 ’Ἄμασιν
1369 1687 1681 1746 βασιλεύσαντα]

1027 1750 1161 1801 Coepit
1204 1763 1360 1800 regnare
1401 1750 1545 1788 Amasis
1585 1762 1683 1787 anno

1027 1807 1110 1850 570
1131 1819 1163 1844 a.
1184 1808 1269 1845 Chr.
1290 1820 1342 1855 11.,
1364 1807 1471 1845 desiit
1487 1818 1571 1844 ann.
1587 1806 1682 1848 526.

1028 1864 1138 1901 Conf.
1165 1863 1338 1902 Larcher.
1359 1861 1534 1901 Chronol.
1560 1862 1594 1901 d'
1606 1862 1688 1900 He-

1028 1921 1107 1958 rod.
1131 1933 1170 1972 p.
1194 1921 1287 1962 117.
1313 1922 1409 1962 629.

1224 2031 1337 2083 Cap.
1367 2030 1500 2070 XLIV.

1086 2114 1126 2163 ἐξ
1147 2110 1203 2154 ὧν
1223 2111 1307 2155 οἷόν
1321 2130 1361 2155 τε
1372 2111 1448 2167 ἦν]
1473 2114 1687 2165 Suspicatur

1030 2171 1165 2209 Struve
1184 2172 1208 2208 l.
1237 2172 1260 2208 l.
1282 2185 1367 2222 pag.
1394 2171 1471 2218 45,
1503 2169 1687 2216 hocloco,

1030 2232 1071 2264 ut
1086 2227 1115 2275 I,
1137 2227 1227 2269 125.
1259 2227 1306 2274 ΙΙ,
1325 2231 1390 2270 92.
1423 2225 1514 2268 154.
1539 2225 1611 2272 ΙΙΙ,
1633 2227 1689 2267 82

1032 2283 1261 2320 scribendum
1278 2297 1359 2321 esse
1381 2282 1432 2322 ἐκ
1451 2284 1514 2321 τῶ
1526 2297 1558 2320 ν.
1576 2282 1690 2330 Equi-

1033 2339 1119 2377 dem
1137 2339 1235 2376 libris
1255 2340 1375 2376 invitis
1397 2337 1484 2376 nihil
1511 2342 1661 2375 mutem.

1092 2417 1238 2462 αὐτόθι
1259 2419 1361 2461 εἶναι
1380 2418 1464 2472 ἱρὸν
1481 2419 1691 2473 ’Ἡρακλέος

1036 2475 1166 2530 ἅγιον]
1181 2477 1361 2516 Colebant
1381 2479 1582 2516 Phoenices
1595 2478 1692 2516 Her-

1036 2535 1151 2573 culem
1163 2563 1174 2582 ‚
1205 2547 1381 2571 summum
1400 2535 1520 2582 deum,
1534 2534 1692 2572 solarem

1036 2591 1168 2641 opinor
1189 2592 1335 2639 genium
1355 2604 1423 2628 nec
1447 2591 1555 2628 alium
1577 2595 1693 2640 atque

1031 2646 1204 2696 Aegyptii
1222 2647 1339 2693 (conf.
1364 2651 1456 2685 nott.
1479 2647 1529 2684 ad
1548 2646 1595 2694 ΙΙ,
1615 2648 1691 2696 42)

1034 2703 1184 2752 eiusque
1200 2703 1331 2740 cultum
1351 2716 1417 2754 per
1441 2703 1530 2740 alias
1559 2703 1692 2741 multas

1033 2760 1203 2808 regiones
1247 2763 1511 2810 propagarunt.
1579 2759 1693 2803 Quod

1035 2815 1134 2852 illum
1180 2827 1245 2852 sua
1284 2814 1413 2864 lingua
1458 2815 1694 2866 appellabant

1039 2869 1241 2919 Med-arth,
1280 2871 1321 2908 id
1346 2870 1405 2909 vel
1435 2872 1532 2910 urbis
1563 2884 1692 2921 regem,
