1777 3324
370 288 647 328 EXCURSUS
674 286 727 324 ΙΙΙ
755 284 822 324 AD
853 284 1122 323 HERODOT.
1155 285 1192 331 Ι,
1213 286 1302 326 130.
1523 286 1609 326 899

531 473 1036 522 EXCURSUS
1091 473 1164 521 III

286 568 409 607 AD
495 566 1387 613 HERODOT.1‚130.

172 724 324 779 Μῆδοι
354 723 400 766 δὲ
429 722 663 774 ὑπέκυψαν
696 723 892 778 Πέρσῃσι
923 721 992 764 διὰ
1033 719 1113 777 τὴν
1149 719 1310 763 τούτου
1349 717 1605 774 πικρότητα,

252 791 460 845 ἄρξαντες
505 794 579 847 τῆς
626 790 716 834 ἄνω
763 790 920 839 ΓἈλυος
968 792 1169 844 ποταμοῦ
1214 786 1354 842 Ἀσίης
1401 784 1468 829 ἐπ’
1515 787 1608 830 ἔτεα

253 857 486 913 τριήκοντα
515 860 588 903 καὶ
628 858 781 903 ἑκατὸν
820 860 942 901 δυῶν
981 856 1162 907 δέοντα,
1207 857 1340 912 παρὲξ
1369 854 1397 911 ἢ
1428 854 1534 899 ὅσον
1565 857 1607 898 οἱ

254 926 436 971 Σκύθαι
465 923 612 984 ἦρχον.

200 1010 307 1054 Quae
330 1011 376 1047 de
396 1009 465 1046 hoc
484 1010 562 1046 loco
585 1010 633 1046 ad
655 1010 802 1047 Ctesiae
822 1010 990 1057 sragmm.
1009 1022 1045 1058 p.
1059 1007 1140 1049 439
1165 1008 1447 1057 disputavimus,
1482 1019 1607 1044 eorum

88 1090 266 1114 summam
288 1078 346 1114 hic
368 1077 634 1124 adscribamus,
665 1078 741 1115 aliis
761 1077 978 1126 quibusdam
997 1076 1142 1112 additis.
1173 1075 1270 1112 Nam
1296 1074 1479 1112 Herodoti
1496 1075 1607 1112 verba

85 1158 107 1182 a
128 1145 278 1183 Ctesiae
300 1145 509 1182 narratione
532 1146 578 1182 de
595 1145 790 1182 Medorum
812 1145 959 1193 regibus
982 1156 1023 1180 ac
1049 1145 1095 1180 de
1117 1149 1308 1193 tempore,
1337 1156 1402 1193 per
1431 1144 1530 1192 quod
1557 1142 1606 1179 illi

85 1226 237 1261 regnum
256 1213 462 1260 tenuerint,
494 1214 623 1250 mirum
653 1218 829 1262 quantum
859 1213 1078 1261 discrepant.
1137 1210 1220 1248 Vid.
1242 1211 1397 1247 Diodor.
1422 1211 1531 1248 Sicul.
1558 1210 1606 1257 II,

84 1283 151 1321 32.
184 1281 278 1318 Octo
304 1282 445 1319 Ctesias
465 1282 629 1318 nominat
648 1281 844 1319 Medorum
865 1293 995 1329 reges,
1027 1279 1088 1328 qui
1115 1292 1182 1329 per
1211 1280 1387 1316 ducentos
1419 1279 1606 1327 octoginta

85 1349 157 1386 duo
176 1362 292 1386 annos
323 1362 477 1398 regnum
498 1354 742 1399 occuparunt,
776 1349 907 1398 quibus
933 1360 1052 1384 nonus
1081 1346 1220 1383 accedit
1242 1345 1435 1395 Astyages
1494 1346 1607 1383 Unde

82 1417 181 1467 apud
201 1416 355 1466 Syncell.
384 1417 539 1454 chronic.
568 1418 728 1467 paschal.
758 1431 844 1468 pag.
872 1417 974 1464 115,
998 1415 1029 1451 Β
1060 1414 1254 1451 Medorum
1281 1427 1397 1463 regno
1427 1413 1512 1450 anni
1541 1414 1606 1450 tri-

82 1485 242 1522 buuntur
266 1484 403 1522 CCLX
435 1488 472 1522 et
493 1485 591 1535 apud
616 1485 896 1535 Chronograph.
919 1498 957 1534 p.
981 1483 1060 1524 235
1091 1482 1207 1519 Paris.
1225 1483 1283 1520 ed.
1315 1495 1352 1532 p.
1376 1482 1456 1522 188
1477 1480 1604 1518 venet.

82 1554 169 1591 anni
190 1552 438 1599 CCLXXVI·‚
472 1554 646 1602 Agathias
675 1568 761 1592 vero
789 1554 856 1600 (de
878 1553 978 1590 rebb.
1002 1552 1127 1588 lustin.
1152 1551 1183 1587 11
1206 1564 1241 1600 p.
1266 1551 1339 1598 46,
1363 1549 1414 1599 A)
1437 1563 1459 1587 a
1479 1549 1606 1586 Ctesia

83 1622 213 1672 opinor
239 1622 405 1672 pendens
438 1634 556 1658 annos
585 1622 691 1671 ponit
720 1634 794 1658 non
821 1622 940 1658 minus
971 1624 1164 1657 trecentos.
1224 1618 1305 1657 Nec
1341 1619 1498 1667 denique
1526 1618 1605 1668 ipse

81 1690 293 1726 Herodotus
323 1690 390 1726 sibi
414 1694 585 1725 constans
617 1688 796 1740 reperitur
821 1688 859 1725 in
886 1689 1013 1733 annis,
1043 1701 1109 1738 per
1138 1701 1229 1737 quos
1258 1686 1390 1736 singuli
1418 1687 1605 1735 regnarint

82 1769 188 1804 reges
203 1785 214 1803 ,
244 1760 341 1793 recte
360 1756 624 1807 computandis.
686 1757 828 1800 Quodsi
848 1758 942 1794 enim
965 1769 1102 1803 annos,
1133 1768 1224 1804 quos
1245 1760 1403 1804 quatuor
1420 1754 1496 1791 istis
1522 1753 1606 1792 Me-

83 1825 212 1861 dorum
230 1824 401 1873 regibus,
431 1824 569 1861 incluso
592 1823 778 1874 Astyage,
807 1824 866 1862 ille
892 1823 1087 1870 adscribit,
1116 1823 1153 1859 in
1181 1836 1291 1859 unum
1320 1821 1512 1859 contuleris
1546 1821 1604 1869 (ἶ,

86 1894 176 1932 102-
196 1894 287 1932 106.
314 1893 413 1940 130)
443 1893 573 1930 existet
598 1905 736 1929 summa
768 1904 944 1929 annorum
984 1895 1129 1929 centum
1171 1891 1458 1940 quinquaginta,
1506 1889 1605 1926 unde

83 1960 239 1997 XXVIII
269 1961 392 2007 annis,
429 1961 490 2009 qui
523 1961 570 1997 ad
602 1960 815 2009 Scytharum
846 1961 1124 2010 occupationem
1158 1960 1375 2009 pertinent,
1415 1957 1602 2003 detractis,

83 2032 278 2078 supersunt
300 2029 386 2064 anni
408 2029 570 2076 CXXH‚
599 2042 719 2078 neque
740 2028 954 2074 CXXVIII,
984 2032 1025 2064 ut
1053 2027 1122 2064 hoc
1138 2026 1321 2063 Herodoti
1347 2025 1426 2062 loco
1457 2024 1602 2073 legitur.

83 2096 188 2139 Quae
215 2108 288 2144 quo
317 2097 450 2143 modo,
483 2098 550 2133 nisi
578 2097 812 2146 negligenter
836 2097 1049 2146 scriptorem
1077 2098 1246 2131 nostrum
1269 2093 1387 2142 egisse
1406 2096 1469 2129 aut
1493 2092 1604 2129 libra-

80 2164 153 2201 rios
181 2164 257 2201 eius
285 2164 396 2201 verba
428 2164 623 2213 literasque
655 2165 890 2214 perturbasse
919 2163 1073 2210 dixeris,
1112 2161 1305 2199 convenire
1327 2160 1492 2210 possint,
1528 2171 1602 2195 non

81 2233 197 2280 magis
213 2232 378 2281 intelligo
401 2244 509 2281 quam
528 2246 608 2269 cum
637 2233 797 2270 numeris
831 2232 1011 2269 Ctesianis
1042 2230 1072 2267 si
1102 2229 1184 2279 quis
1216 2228 1277 2265 illa
1308 2229 1344 2264 in
1374 2226 1604 2264 concordiam

81 2300 247 2349 redigere
274 2300 371 2337 velit.
431 2300 634 2337 Periculum
653 2302 770 2338 fecere
792 2301 890 2337 haud
909 2299 1014 2350 pauci
1032 2297 1098 2335 viri
1120 2297 1236 2344 docti,
1267 2309 1346 2333 cum
1364 2295 1474 2331 modo
1502 2306 1604 2330 sacra

83 2379 128 2404 ex
156 2368 353 2418 scriptura,
389 2368 500 2404 modo
529 2368 755 2405 orientalium
788 2369 1004 2418 scriptorum
1039 2380 1060 2404 e
1088 2365 1272 2412 fontibus,
1319 2364 1430 2400 modo
1461 2375 1504 2400 ex
1535 2374 1603 2398 suo

82 2434 239 2483 ipsorum
260 2436 407 2485 ingenio
427 2435 517 2472 haec
539 2448 660 2472 secum
680 2436 871 2473 conciliare
896 2436 1103 2484 iustamque
1126 2437 1332 2483 temporum
1360 2431 1490 2469 seriem
1518 2430 1604 2467 inde

82 2502 300 2540 constituere
318 2506 544 2539 conarentur.
593 2502 654 2539 Tu
683 2504 755 2540 vid.
775 2503 888 2540 Beck.
911 2502 1054 2551 allgem.
1077 2500 1303 2550 W'eltgesch.
1327 2499 1344 2535 l
1365 2513 1400 2550 p.
1419 2501 1502 2540 612
1522 2510 1601 2546 sqq.

83 2568 163 2609 635
183 2581 284 2618 seqq.
316 2569 559 2611 641—644
588 2575 625 2607 et
645 2570 785 2608 dudum
812 2576 896 2608 ante
925 2571 972 2607 de
1002 2570 1058 2607 his
1087 2569 1325 2607 disserentem
1346 2567 1494 2604 Reiner.
1514 2565 1603 2602 Rei-

82 2647 179 2672 necc.
197 2635 235 2672 in
263 2636 404 2673 familiis
431 2650 536 2686 regg.
558 2637 659 2674 Med.
690 2643 727 2676 et
748 2639 888 2675 Bactrr.
919 2637 1041 2687 (Lips.
1066 2637 1195 2686 1572)
1226 2649 1312 2686 pag·
1335 2633 1388 2676 24
1409 2647 1511 2683 seqq.
1537 2635 1601 2674 29.

83 2704 150 2742 31.
183 2702 264 2741 Nec
289 2706 527 2754 praetermitti
558 2705 670 2742 debet
701 2705 874 2743 Lai-cheri
904 2704 1103 2755 disputatio
1131 2704 1169 2739 in
1194 2703 1272 2739 tab.
1301 2701 1461 2740 chronol.
1489 2704 1516 2737 t.
1536 2699 1603 2736 Vn

85 2783 140 2819 CP-
159 2770 209 2806 IV
239 2774 275 2821 Ρ·
298 2774 376 2813 158
398 2786 525 2822 seqq.,
564 2773 625 2809 ubi
650 2772 772 2809 variae
802 2777 839 2809 et
867 2776 1030 2809 veterum
1060 2776 1098 2809 et
1126 2771 1367 2808 recentiorum
1395 2769 1604 2806 ‘sententiae

86 2836 253 2876 collectae
273 2840 513 2877 inveniuntur.
558 2840 755 2889 Ingeniose
779 2852 927 2889 quoque
945 2840 982 2876 in
1002 2839 1092 2877 haec
1116 2838 1301 2887 inquisivit
1322 2835 1449 2873 Gallus
1473 2835 1602 2871 doctus

86 2904 124 2940 in
141 2903 250 2951 libro,
275 2908 336 2955 qui
355 2908 579 2944 inscribitur:
610 2907 820 2946 recherches
852 2906 1038 2945 nouvelles
1068 2919 1128 2943 sur
1156 2905 1264 2942 l’hist.
1294 2903 1431 2941 ancien.
1457 2900 1601 2949 (Paris.

1171 2968 1271 3011 57*
