1759 3324
17 548 82 593 73

498 269 923 310 EUTERPE.
982 269 1029 306 II.

1319 271 1404 310 649

111 386 267 441 Ξῖρούς
296 383 341 428 δὲ
369 379 556 431 τούτους
582 382 665 423 τοῦ
693 380 857 423 Νείλου
896 378 1007 435 φασὶ
1038 375 1176 422 εἶναι·
1211 379 1286 423 καὶ
1314 381 1404 422 τῶν

139 464 334 520 ὀρνίθων
361 459 462 511 τούς
489 457 806 515 χηναλώπεκας.

81 728 216 765 zoticus.
260 727 372 770 Quod
393 726 441 763 ad
457 725 658 773 anguillam
678 729 734 762 at-

79 785 193 830 tinet,
240 783 338 820 haud
370 784 495 831 inepte
531 783 733 820 Larcherus

81 844 266 889 comparat
276 840 405 877 Athen.
431 838 510 885 Vll,
526 841 575 880 13
589 854 624 890 p.
639 842 734 886 299,

79 897 124 934 E.
146 896 190 933 F.
242 897 347 940 Quae
368 897 415 933 de
437 896 589 944 piscium
613 909 735 933 sacro-

78 966 158 990 rum
195 954 337 989 mumiis
383 953 619 1003 proferuntur
636 982 647 1000 ‚
689 953 735 989 de

80 1010 123 1046 iis
143 1010 306 1046 nondum
329 1011 417 1046 satis
443 1009 568 1058 liquet.
628 1010 735 1046 Conf.

80 1066 294 1105 Reinhardt.
314 1066 336 1102 l.
358 1066 380 1102 l.
398 1079 484 1117 pag.
507 1067 573 1106 30.
598 1067 663 1106 31.

137 1149 301 1189 καὶτῶν
331 1145 514 1202 ὀρνίθων
541 1147 636 1196 τούς
662 1165 738 1201 χη-

81 1202 218 1246 ναλώ
233 1206 410 1258 nemag]
449 1208 508 1245 De
528 1208 736 1257 vulpansere

81 1266 176 1301 conf.
191 1265 453 1302 Schneiderum
479 1266 526 1301 ad
546 1264 733 1301 Aristotel.

81 1321 130 1357 Η.
144 1321 186 1358 A.
200 1321 306 1368 Vlll,
330 1322 366 1362 5.
388 1324 412 1362 8
434 1334 520 1371 pag.
534 1324 612 1362 601
637 1321 735 1368 (coll.

81 1378 118 1414 in
146 1377 213 1415 lex.
236 1378 368 1414 Graec.
395 1391 423 1414 s.
443 1379 518 1426 v.),
547 1378 609 1427 qui
639 1382 736 1415 recte

81 1433 255 1471 admonet
271 1433 412 1471 Aeliani
436 1433 485 1471 N.
506 1434 549 1471 A.
584 1434 619 1471 Χ
636 1463 646 1481 ,
673 1436 736 1475 16.

80 1490 128 1538 V,
146 1492 200 1531 30
223 1494 259 1528 et
291 1490 365 1537 XI,
388 1493 454 1531 38.
512 1491 582 1527 Est
614 1496 736 1527 autem

81 1560 169 1583 anas
194 1547 345 1584 tadorna
374 1547 470 1595 Lin,
500 1561 596 1597 quae
621 1547 736 1597 vulpis

82 1603 200 1640 instar
228 1617 399 1641 cavernas
430 1608 550 1642 terrae
586 1604 737 1651 habitat,

83 1663 121 1697 et
160 1674 245 1697 vero
286 1660 393 1698 etiam
429 1662 477 1698 ad
516 1662 736 1698 domesticas

82 1715 344 1766 Aegyptiorum
367 1717 502 1754 bestias
515 1717 734 1767 pertinebat.

84 1773 160 1809 Cur
183 1786 321 1810 sacram
342 1773 534 1810 habuerint
550 1773 736 1823 Aegyptii,

82 1829 169 1865 nihil
194 1830 348 1876 scimus,
387 1830 455 1866 nisi
482 1832 582 1879 quod
614 1831 736 1867 Hora-

81 1885 180 1935 pollo
204 1886 241 1933 I,
261 1886 314 1927 53
336 1886 372 1922 in
392 1886 672 1936 hieroglyphieis
691 1886 735 1922 li-

80 1942 168 1979 teris
200 1942 268 1979 hac
295 1956 360 1979 ave
401 1942 513 1979 filium
552 1943 736 1992 designari

81 1999 224 2045 scribit,
265 2000 436 2048 quoniam
468 2000 618 2037 caritate
647 2013 737 2049 erga

81 2059 189 2093 natos
208 2056 267 2093 illa
285 2068 375 2106 prae
393 2056 521 2094 ceteris
542 2056 702 2094 excellat.

261 2169 325 2206 Ca
333 2182 370 2220 p.
400 2167 571 2206 Lxxur.

138 2253 196 2306 τῷ
221 2249 377 2303 οὕνομα
399 2250 561 2303 φοίνιξ]
598 2251 738 2302 Scripsi

85 2309 223 2358 φοίνιξ
252 2322 296 2347 ex
317 2309 504 2347 Schaeferi
523 2313 735 2360 praecepto,

85 2366 184 2414 quod
199 2365 407 2403 Buttmann.
431 2367 594 2403 Gramm.
615 2366 680 2402 Gr.
704 2365 738 2402 ΙΙ

85 2433 122 2471 P·
142 2424 221 2462 399
253 2427 288 2460 et
317 2423 519 2460 Hermann.
543 2423 591 2460 ad
618 2422 735 2472 Soph.

88 2477 182 2514 Oed.
201 2482 267 2528 tyr.
291 2478 372 2521 746
391 2492 509 2529 nuper
523 2480 737 2529 probarunt.

86 2531 208 2582 Vulgo
227 2536 370 2583 φοῖνιξ.
387 2557 444 2563 --
463 2536 521 2573 De
544 2548 739 2585 argumen-

87 2593 125 2626 to
145 2590 246 2627 huius
265 2592 391 2641 capitis
420 2592 569 2642 longum
587 2597 643 2629 est
663 2593 740 2629 dis-

89 2658 219 2684 serere.
275 2646 444 2697 Namque
464 2654 549 2699 post
567 2649 739 2686 Herodo-

88 2705 186 2749 tum,
213 2715 321 2752 quem
339 2705 456 2754 ipsum
477 2706 514 2741 in
541 2705 596 2742 his
617 2706 739 2743 Heca-

87 2757 160 2794 taei
199 2759 326 2795 scrinia
368 2761 582 2811 compilasse
613 2763 739 2800 dicunt

90 2813 212 2860 (conf.
242 2818 362 2853 tamen
392 2817 633 2856 Henrichsen.
662 2819 685 2855 l.
715 2819 738 2857 l.

87 2881 174 2920 pag.
192 2872 216 2910 6
237 2871 344 2919 not.)‚
372 2872 515 2922 plurimi
544 2875 737 2925 scriptores

90 2925 137 2963 de
153 2924 327 2976 phoenice
356 2929 582 2979 retulerunt,
602 2931 740 2969 descri-

237 540 357 584 Ἕστι
386 540 432 583 δὲ
460 539 535 583 καὶ
564 536 693 590 ἄλλος
721 536 844 593 ὅρνις
870 536 984 594 ἱρὸς,
1017 540 1079 595 τῷ
1110 536 1282 593 οὔνομα
1301 538 1404 593 φοί-

802 724 932 762 bentes
986 724 1239 763 Herodoteam
1281 724 1462 761 narratio-

803 795 887 819 nem
919 785 958 819 et
989 781 1205 832 plerumque
1241 780 1458 832 ampliantes

804 842 917 887 atque
944 842 1184 885 exornantes,
1222 850 1378 888 quorum
1408 838 1462 874 lo-

803 908 864 931 cos
886 894 1133 944 suppeditabit
1152 895 1300 932 Martini
1322 894 1370 930 ad
1387 893 1461 931 La-

805 951 928 988 ctantii
947 964 1091 989 carmen
1117 952 1163 989 de
1182 951 1352 989 Phoenic.
1366 950 1462 998 (Lu-

806 1008 981 1057 naeburg.
1004 1007 1132 1055 1825)
1153 1021 1240 1058 pag.
1261 1009 1328 1048 38.
1358 1006 1458 1045 Add.

805 1065 1046 1102 Henrichsen.
1072 1078 1200 1102 comm.
1231 1064 1248 1101 Ι
1275 1065 1321 1101 de
1338 1064 1461 1101 Phoe-

805 1121 874 1158 nic.
907 1121 1016 1158 sabul.
1047 1121 1360 1169 (Havn.1825),
1401 1120 1464 1169 qui

805 1178 930 1215 itidem
967 1177 1128 1226 singulos
1159 1182 1321 1215 veterum
1359 1176 1459 1214 locos

805 1234 960 1272 excussit
978 1235 1165 1284 ipsiusque
1184 1234 1331 1271 fabulae
1350 1233 1462 1270 ratio-

804 1304 889 1328 nem
909 1291 1064 1329 reddere
1085 1295 1233 1327 conatus
1255 1294 1310 1328 est
1328 1290 1391 1339 (p.
1406 1292 1461 1330 26

808 1349 924 1388 ——30
936 1349 964 1393 ).
1022 1347 1191 1384 Pluribus
1234 1347 1389 1384 eandem
1420 1346 1462 1382 il-

804 1404 970 1441 lustravit
997 1403 1170 1442 Creuzer.
1200 1403 1238 1439 in
1268 1402 1423 1453 symbol.
1447 1402 1463 1439 Ι

805 1474 891 1512 pag.
915 1460 996 1502 438
1015 1481 1072 1488 —
1090 1460 1194 1506 4453
1224 1461 1323 1498 unde
1364 1472 1458 1496 non-

807 1517 906 1555 nulla
926 1518 983 1554 hic
1006 1517 1266 1554 adscribamus.
1325 1515 1460 1565 Neque

807 1575 903 1612 enim
924 1587 1017 1622 quae
1047 1573 1119 1610 alia
1143 1574 1230 1610 alias
1249 1574 1348 1623 apud
1370 1586 1462 1621 gen-

804 1635 861 1668 tes
889 1631 1038 1667 orientis
1057 1630 1285 1680 potissimum
1307 1631 1459 1666 tradun-

804 1692 864 1724 tur
887 1687 1034 1733 similia,
1067 1700 1249 1737 exponere
1278 1699 1374 1723 nunc
1400 1699 1465 1722 va-

805 1747 884 1790 cat,
906 1744 944 1780 in
960 1743 1168 1780 universum
1188 1743 1374 1780 monuisse
1386 1743 1464 1779 suf-

805 1801 921 1847 ficiat,
952 1799 1216 1850 Aegyptiorum
1246 1799 1462 1850 phoenicem

804 1870 907 1893 avem
937 1870 1019 1894 esse
1060 1857 1275 1902 fictiticiam3
1316 1856 1363 1894 de
1391 1868 1465 1905 qua

805 1926 899 1963 quae
929 1913 1128 1950 memoriae
1154 1914 1357 1962 prodantur
1386 1916 1464 1949 tum

805 1970 905 2019 apud
943 1970 1199 2017 Herodotum,
1248 1973 1325 2006 tum
1363 1968 1465 2019 apud

807 2026 896 2064 alios
910 2056 920 2073 ,
942 2038 986 2063 ea
1006 2027 1054 2062 ad
1075 2026 1290 2063 tesserarias
1309 2038 1352 2062 ac
1367 2038 1467 2074 sym-

807 2083 942 2120 bolicas
967 2083 1127 2120 rationes
1152 2095 1220 2133 pro
1239 2081 1465 2131 antiquitatis

807 2153 909 2177 more
928 2153 1009 2177 esse
1028 2139 1232 2177 referenda.
1281 2137 1465 2175 Astrono-

807 2197 917 2234 micas
939 2197 1034 2234 enim
1056 2198 1216 2234 rationes
1246 2195 1275 2232 si
1294 2208 1464 2245 respexe-

806 2254 877 2300 ris,
907 2253 1016 2303 prisci
1044 2253 1093 2290 illi
1113 2252 1379 2302 Aegyptiorum
1405 2265 1466 2289 sa-

807 2310 973 2348 cerdotes
1003 2310 1189 2359 phoenicis
1219 2309 1379 2346 adventu
1408 2309 1465 2345 in-

807 2367 928 2403 dicare
952 2366 1111 2404 voluisse
1138 2367 1306 2403 videntur
1338 2365 1463 2414 magni

804 2423 895 2460 illius
929 2423 1015 2459 anni
1043 2423 1340 2469 conversionem,
1370 2435 1465 2470 quae

806 2479 1000 2517 multorum
1043 2492 1220 2516 annorum
1263 2478 1466 2528 vulgarium

807 2536 906 2586 cyclo
942 2550 1024 2573 cum
1063 2536 1296 2583 absolvatur,
1337 2548 1464 2573 recens

806 2592 911 2642 quasi
950 2597 1077 2630 natum
1113 2594 1273 2630 adducat
1307 2595 1465 2642 tempus.

808 2649 921 2693 Quod
952 2663 1032 2686 cum
1062 2653 1226 2700 praestet
1262 2648 1339 2696 sol,
1369 2649 1466 2686 cuius

807 2719 914 2743 cursu
940 2706 1021 2743 talis
1051 2706 1226 2756 periodus
1271 2705 1468 2743 definiatur

806 2762 974 2811 illiusque
1006 2762 1093 2799 anni
1130 2762 1255 2811 magni
1286 2762 1351 2798 fiat
1373 2775 1467 2799 con—

806 2819 946 2865 versio,
976 2819 1158 2869 phoenix,
1185 2831 1258 2867 quo
1276 2818 1359 2868 ipso
1378 2818 1469 2855 haee

807 2875 996 2912 conversio
1015 2875 1197 2912 indicatur
1209 2903 1220 2921 ,
1240 2874 1324 2911 solis
1341 2874 1468 2923 utique

808 2935 866 2970 est
893 2931 990 2978 avis3
1034 2932 1084 2969 ad
1111 2931 1225 2969 solem
1257 2930 1469 2980 solaresque

1460 528 1593 557 Phoenix
1602 531 1698 564 qualis
1711 534 1740 559 et

1484 566 1610 591 uantus:
1635 564 1741 593 fabula

1482 606 1499 626 e
1516 597 1581 626 illo.
