1805 3315
621 237 837 277 CLIO.
896 237 924 275 Ι.

132 354 234 410 τέρα
268 348 479 406 Μηδείην.

1361 240 1415 279 11

549 346 776 403 πέμψαντα
821 345 868 390 δὲ
905 344 984 388 τὸν
1024 344 1201 401 Κόλχον
1247 345 1291 397 ἐς
1333 344 1462 402 τήν40

109 429 308 477 5Ἑλλοίδα
339 425 532 483 κήρυκα,
576 424 732 469 αἰτέειν
764 441 810 469 τε
838 426 962 476 δίκας
987 428 1064 482 τῆς
1093 424 1314 483 ἁρπαγῆς,
1342 425 1418 470 καὶ

131 507 346 556 ἀπαιτέειν
386 504 466 562 τὴν
507 506 741 560 θυγατέρα.

814 504 920 556 τούς
974 505 1020 548 δὲ
1073 502 1418 560 ὑποκρίνασθαι,

131 588 189 639 ὦς
220 585 322 630 οὐδὲ
352 585 509 629 ἐκεῖνοι
532 582 642 636 Ἰοῦς
671 587 747 640 τῆς
773 581 965 639 Ἀργείης
997 582 1156 627 ἔδοσάν
1189 594 1269 639 σφι
1293 584 1418 635 δίκας

52 667 84 711 3
127 670 202 722 τῆς
223 664 419 721 ἁρπαγῆς
431 697 445 715 ‚

497 662 600 708 οὐδὲ
633 658 696 707 ὦν
725 662 853 707 αὐτοὶ
881 661 1038 706 δώσειν
1065 663 1280 707 ἐκείνοισι.
1311 667 1419 706 Λευ-
1465 675 1584 704 uuit-na
1607 674 1684 703 1290.

126 745 229 801 τέρῃ
267 744 313 788 δὲ
355 744 529 800 λέγουσι
563 746 691 800 γενεῇ
721 742 828 799 μετὰ
869 747 1006 787 ταῦτα
1030 741 1312 796 Ἀλέξανδρον
1340 741 1420 785 τόν

127 822 350 880 Πριάμου,
380 820 598 879 ἀκηκοότα
616 825 775 874 ταῦτα,
806 822 1006 878 ἐθελῆσαί
1035 823 1079 865 οἵ
1106 821 1153 864 ἐκ
1184 824 1260 878 τῆς
1275 819 1465 864 Ἕλλα-45

128 907 205 955 δος
238 902 290 947 δι’
319 902 516 959 ἁρπαγῆς
541 901 745 958 γενέσθαι
759 907 970 958 γυναῖκα,
1003 900 1287 956 ἐπιστάμενον
1312 900 1420 944 ποίν-
1462 917 1491 957 3

106 991 214 1034 Ξτως
245 980 313 1026 ὅτι
347 980 402 1025 οὕ
441 980 570 1025 δώσει
597 983 742 1032 δίκας·
771 980 870 1024 οὕτε
896 979 977 1036 γὰρ
1010 979 1204 1034 ἐκείνους
1228 979 1417 1023 διδόναι.

130 1060 245 1106 οὕτω
277 1059 329 1117 δὴ
351 1059 626 1116 ἁρπάσαντος
646 1059 783 1104 αὐτοῦ
797 1060 991 1116 Ἑλένην,
1022 1064 1136 1103 τοῖσι
1146 1058 1321 1115 “EM-⁷261
1348 1056 1419 1103 66-

131 1142 222 1194 ξαι,
252 1144 429 1197 πρῶτον
457 1141 708 1196 πέμψαντας
729 1137 956 1194 ἀγγέλους,
987 1136 1206 1181 ἀπαιτέειν
1228 1153 1273 1181 τε
1300 1136 1417 1181 Ἑλέ-

108 1233 234 1278 3νην,
264 1220 338 1264 καὶ
366 1220 488 1270 δίκας
505 1221 581 1275 τῆς
602 1216 799 1275 ἁρπαγῆς
825 1216 994 1261 αἰτέειν.
1051 1218 1156 1268 τούς
1185 1216 1256 1266 δὲ,
1294 1223 1464 1271 πρωϊ-50

130 1299 351 1356 σχομένων
387 1301 545 1352 ταῦτα,
591 1297 831 1355 προφέρειν
868 1308 949 1355 σφι
986 1297 1184 1354 Μηδείης
1223 1294 1306 1353 τὴν
1342 1293 1418 1352 ἆρ-

140 1493 357 1547 πὲμψαντα
392 1491 436 1534 δὲ
465 1489 537 1533 τόν
571 1488 747 1544 Κόλχον]

86 1553 110 1591 i.
131 1566 163 1591 e.
193 1552 395 1590 Colchorum
417 1563 543 1599 regem,
573 1556 661 1587 noto
693 1550 749 1586 di-

86 1610 192 1647 cendi
220 1621 356 1658 genere
381 1607 594 1656 Nostroque
621 1608 750 1644 admo-

88 1667 176 1704 dum
194 1665 381 1712 familiari,
411 1668 452 1701 ut
475 1663 514 1711 I,
546 1665 610 1704 80.
639 1663 702 1710 Ill,
722 1665 749 1703 7

88 1726 155 1760 etc.
222 1722 374 1768 [Quam
422 1719 748 1768 breviloquentiam

87 1778 279 1829 adoptavit
311 1778 420 1815 etiam
442 1776 651 1826 Xenophon
671 1776 747 1824 Cy-

88 1833 366 1885 rop.1.1·4
396 1848 416 1872 ο
444 1829 614 1882 Σκύθης
646 1836 682 1870 et
724 1829 748 1871 o‘

90 1891 210 1945 Θρᾷξ.
250 1889 331 1936 Cr.]
368 1889 460 1927 Inde
498 1889 658 1940 priorem
695 1887 748 1926 le-

87 1948 244 1985 ctionem
269 1960 340 1985 τον
372 1941 535 1997 Κόλχων
565 1946 748 1996 βασιλῆα,

88 2017 182 2054 quae
207 2003 368 2052 glossam
389 2003 504 2053 sapit,
534 2002 662 2039 merito
690 2013 750 2041 re-

87 2060 251 2100 iecerunt
265 2059 461 2111 nuperrimi
492 2059 663 2097 editores.

318 2182 524 2235 Cap.1[1.

147 2272 312 2345 δευτέρῃ
351 2274 396 2317 δὲ
437 2276 595 2330 λέγουσι
634 2280 754 2347 γενεῇ

93 2329 206 2398 μετὰ
228 2347 352 2373 ταυτα
391 2327 649 2387 Ἀλέξανδρον
686 2333 752 2376 τὸν

94 2384 287 2442 Πριαμου
314 2404 348 2429 κ.
365 2405 397 2429 τ.
417 2394 468 2438 L]
493 2392 603 2430 Valet
622 2393 680 2429 hic
698 2392 753 2429 lo-

94 2458 156 2482 cus
175 2446 326 2495 egregie
343 2447 392 2484 ad
409 2452 554 2498 tempus
575 2449 754 2487 definiena

94 2502 200 2550 dum,
229 2503 330 2551 quod
340 2502 634 2553 Argonautarum
660 2506 754 2543 inter

95 2558 362 2609 expeditionem
386 2561 596 2611 bellumque
620 2561 656 2599 T
658 2562 754 2598 roia

97 2626 182 2651 num
205 2616 460 2655 intercesserit.
518 2618 630 2661 Quod
662 2631 753 2668 qua-

99 2670 266 2720 draginta
283 2673 361 2711 fere
379 2687 557 2711 annoriun
581 2688 664 2712 esse
684 2688 753 2725 po-

99 2725 164 2774 nit,
182 2726 353 2768 laudante
378 2730 409 2769 C
412 2744 462 2779 r
492 2731 536 2768 C.
553 2731 600 2769 O
613 2730 753 2769 Miiller.

102 2780 140 2817 in
169 2783 338 2823 Orchom.
408 2760 551 2835 .306,
593 2787 753 2826 Larche-

102 2849 181 2874 rum
209 2839 283 2886 (T
308 2801 404 2881 VIIp
411 2857 448 2894 p.
480 2844 589 2892 351)
627 2857 753 2894 repre-

103 2891 279 2944 hendens‚
302 2899 363 2948 qui
378 2913 458 2939 cum
474 2901 665 2950 sexaginta
678 2905 752 2939 sta-

804 1493 914 1531 tuerit
945 1504 1081 1540 annOS,
1127 1492 1219 1529 duas
1249 1491 1376 1543 plenas
1406 1490 1466 1529 hic

804 1549 976 1587 sumserit
1002 1549 1270 1598 generationes
1301 1547 1467 1585 Collocat

806 1606 941 1644 scilicet
975 1605 1271 1654 Argonautarum
1316 1604 1466 1654 expedi-

804 1663 942 1700 tionem
968 1663 1076 1703 1350
1097 1675 1129 1699 a.
1154 1661 1221 1698 Ch.
1243 1675 1299 1710 n.‚
1330 1660 1465 1698 bellum

806 1718 980 1757 Troicum
997 1721 1104 1759 1290
1122 1730 1154 1754 a.
1176 1718 1262 1754 Chr.
1291 1717 1351 1756 De
1372 1722 1467 1754 tem-

802 1788 895 1827 pore
921 1776 1068 1827 γενεῶν
1090 1775 1135 1811 cf.
1159 1773 1189 1822 I,
1209 1776 1248 1814 7.
1271 1773 1318 1822 ΙΙ,
1337 1773 1429 1815 142.

862 1855 914 1899 δι’
942 1856 1127 1911 ἁρπαγῆς
1152 1856 1337 1910 γενέσθαι
1370 1872 1407 1895 κ.
1431 1871 1466 1897 τ.

805 1918 858 1962 λ.]
890 1915 913 1952 i.
940 1929 970 1954 e.
997 1915 1185 1963 „voluisse
1217 1914 1287 1950 sibi
1311 1928 1328 1951 e
1353 1914 1465 1951 Grae—

807 1975 865 2010 cia
882 1985 946 2022 per
962 1973 1126 2022 rapinam
1147 1984 1345 2021 comparare
1356 1970 1468 2020 semz‘-

805 2030 924 2067 nam.“
954 2029 1162 2067 Dictionem
1179 2029 1268 2064 satis
1286 2027 1467 2064 illustrant

805 2099 830 2124 a
852 2085 976 2134 Viger.
993 2099 1029 2136 p.
1046 2084 1129 2126 585
1146 2083 1298 2134 prolata.

866 2149 982 2192 οὕτε
1002 2150 1077 2204 γᾶρ
1093 2151 1270 2198 ε’κείνους
1290 2147 1465 2197 διδόναι]

807 2210 902 2247 Sunt
917 2210 978 2258 qui
999 2209 1125 2246 malint
1154 2204 1270 2256 ου’δὲς
1292 2212 1334 2245 ut
1356 2208 1466 2246 Wer-

808 2267 874 2304 fer.
891 2267 929 2302 in
945 2266 1046 2302 Actis
1065 2265 1165 2316 phill.
1185 2265 1349 2302 Monacc.
1375 2265 1403 2301 Ι.
1425 2268 1464 2306 2.

807 2336 845 2373 p.
873 2325 973 2364 261:
1014 2335 1131 2371 „nam
1155 2335 1197 2359 ne
1223 2321 1302 2358 illos
1329 2321 1467 2372 quidem

809 2379 957 2416 dedisse
967 2380 990 2398 “
1021 2379 1327 2428 quemadmodum
1353 2390 1467 2428 supra

809 2448 888 2485 cap.
913 2439 940 2476 2
966 2435 1027 2472 fin.
1058 2434 1140 2472 Nos
1153 2449 1232 2472 cum
1247 2434 1328 2471 aliis
1352 2434 1467 2471 inter-

808 2496 994 2543 pretamur
1020 2488 1113 2531 ου’τε
1149 2505 1193 2529 eo
1222 2504 1353 2537 sensu,
1392 2503 1466 2539 quo

809 2545 878 2587 καὶ
909 2562 984 2599 γαρ
1017 2561 1086 2587 ov:
1128 2576 1152 2596 „
1160 2561 1221 2585 nec
1261 2549 1351 2585 enim
1385 2546 1468 2583 illos

809 2604 995 2642 dedissef‘
1013 2625 1069 2632 —-
1089 2603 1132 2641 In
1156 2617 1259 2654 seqq.
1281 2601 1467 2654 πέμψαν-

808 2676 878 2708 τας
899 2661 1012 2708 dixit,
1041 2664 1219 2698 structura
1239 2664 1379 2699 mutata
1398 2673 1468 2710 pro

808 2716 1011 2768 πέμψασι,
1060 2718 1109 2755 de
1149 2730 1222 2768 quo
1267 2717 1339 2755 vid.
1375 2720 1468 2754 nott.

809 2775 859 2812 ad
880 2774 916 2822 Ι,
949 2776 1011 2815 19.

865 2838 961 2888 τούς
978 2838 1034 2890 δὲ,
1061 2840 1360 2894 προϊσχομένων
1374 2841 1468 2880 ταῦ-

810 2915 878 2950 τα,
924 2896 1142 2951 προφέρειν
1174 2911 1246 2950 σφι
1280 2897 1468 2950 Μηδείης
