1777 3324
201 248 285 288 924
612 248 933 286 CREUZERI
975 249 1311 287 EXCURSUS

530 654 933 703 CREUZERI
968 651 1391 703 EXCURSUS

384 768 516 809 AD
629 770 1525 818 HERODOT.1,93.

541 1002 632 1046 De
679 996 1368 1060 sepulcro'AZyattiS.

309 1128 401 1155 ‚‚—
420 1106 635 1145 Franciscus
665 1109 906 1158 Inghiramius
926 1138 937 1157 ‚
975 1110 1027 1146 vir
1056 1110 1103 1146 de
1129 1113 1449 1147 monumentorum
1478 1109 1714 1159 antiquorum

197 1176 408 1225 cognitione
426 1176 700 1224 meritissimus,
733 1178 770 1215 in
789 1178 1014 1215 monumenti
1040 1177 1210 1214 Etrusehi
1232 1178 1325 1215 serie
1347 1177 1399 1214 IV
1425 1191 1513 1228 pag.
1539 1180 1619 1219 167
1637 1191 1714 1227 seq.

194 1248 390 1294 postquam
408 1244 622 1282 Porsennae
649 1246 745 1294 regis
774 1246 938 1296 sepulcro
960 1246 1113 1282 Clusino
1144 1244 1236 1292 (vid.
1260 1245 1376 1282 Varro
1395 1246 1493 1296 apud
1513 1245 1604 1282 Plin.
1625 1245 1660 1282 h.
1679 1259 1715 1282 n.

196 1311 359 1349 XXXVI
383 1324 462 1363 cap.
480 1313 597 1360 Xlll)
624 1318 660 1351 et
680 1314 716 1350 in
739 1314 825 1351 Asia
847 1319 885 1352 et
911 1315 947 1350 in
973 1313 1079 1351 Italia
1100 1312 1300 1350 consimilia
1326 1313 1396 1350 alia
1424 1314 1534 1352 fuisse
1560 1314 1715 1361 dixerat,

195 1380 250 1417 ita
268 1381 412 1431 pergit:
443 1409 468 1428 „
479 1380 583 1427 „Del
609 1382 690 1431 pari
721 1381 781 1419 nel
807 1395 918 1432 paese
937 1383 972 1418 di
992 1381 1100 1429 Lidi,
1131 1382 1291 1419 secondo
1310 1381 1375 1419 che
1397 1381 1565 1419 Erodoto
1591 1394 1714 1429 narra,

193 1446 220 1484 il
259 1447 445 1485 mausoleo
485 1448 660 1487 d'Aliatte
687 1451 884 1489 consistera
911 1453 950 1488 in
984 1463 1056 1487 una
1092 1450 1172 1487 base
1199 1450 1463 1500 quadrilunga,
1503 1454 1715 1488 sostenente

194 1528 344 1553 enorme
372 1516 509 1553 tumulo
542 1518 579 1554 di
606 1522 705 1556 terra
731 1518 825 1556 della
849 1521 979 1570 figura
1011 1519 1050 1555 di
1077 1532 1125 1554 un
1156 1531 1261 1565 cono,
1299 1518 1389 1555 sulla
1419 1519 1474 1555 cui
1504 1522 1714 1555 troncatura

193 1596 305 1621 erano
335 1584 464 1633 cinque
481 1586 615 1634 grandi
630 1588 746 1635 stelli,
786 1602 889 1626 come
917 1588 967 1638 gli
997 1586 1168 1625 obelischi
1192 1586 1286 1624 della
1312 1587 1439 1623 tomba
1466 1586 1714 1623 Chiusina.““

194 1650 294 1690 Tum
319 1653 493 1690 amandat
517 1654 670 1694 lectores
704 1670 787 1693 suos
815 1657 863 1694 ad
892 1670 959 1694 ser.
981 1656 1093 1693 Vltae
1111 1655 1271 1692 tabulam
1298 1654 1342 1693 F.
1362 1657 1408 1700 63
1439 1667 1511 1704 qua
1533 1655 1571 1691 in
1590 1655 1714 1692 tabula

193 1720 315 1757 icones
336 1719 517 1759 exhibitae
529 1728 614 1760 sunt
633 1738 713 1761 cum
735 1725 967 1774 reliquiarum
989 1724 1129 1773 aliquot
1149 1724 1322 1780 antiquae
1341 1723 1512 1770 fabricae,
1535 1727 1614 1760 tum
1634 1735 1713 1771 eae,

195 1800 291 1836 quae
321 1788 521 1827 inserviant
549 1790 768 1829 illustrandis
799 1792 1101 1842 descriptionibus
1129 1796 1290 1829 veterum
1322 1791 1562 1841 scriptorum,
1593 1791 1631 1827 in
1658 1790 1712 1827 his

193 1869 292 1893 num.
313 1859 337 1897 6
360 1861 397 1894 et
415 1859 439 1898 8
467 1857 572 1896 huius
600 1860 712 1910 ipsius
738 1860 966 1898 monumenti
996 1859 1256 1909 (‚,Prospetto
1283 1859 1458 1908 ipotetico
1481 1858 1574 1896 della
1593 1858 1712 1896 eleva-

193 1925 300 1962 zione
320 1938 415 1962 num.
435 1928 459 1966 6
493 1940 513 1964 e
533 1928 658 1977 pianta
674 1942 772 1966 num.
793 1931 818 1969 8
840 1928 898 1965 del
924 1928 1089 1978 sepolcro
1114 1928 1150 1964 di
1178 1926 1315 1964 Aliatte
1343 1927 1483 1964 esistito
1511 1926 1572 1964 nel
1599 1938 1711 1976 paese

193 1993 241 2031 de
260 1993 346 2030 Lidi
365 2007 385 2031 e
404 1995 574 2032 descritto
597 1997 644 2033 da
662 1996 905 2043 Er0d0t0“)‚
936 1996 1036 2044 quod
1062 2009 1142 2032 cum
1173 1994 1357 2032 mausoleo
1386 1994 1597 2032 Porsennae
1612 2006 1710 2031 com-

192 2065 298 2111 parat
317 2062 569 2111 InghiramiuS.
627 2062 681 2101 Ac
708 2064 754 2102 de
782 2064 870 2111 hoc,
900 2065 962 2113 qui
991 2064 1190 2101 accuratius
1219 2076 1439 2112 cognoscere
1465 2062 1576 2109 velit,
1607 2062 1639 2099 ei
1658 2061 1711 2099 le-

193 2129 338 2177 gendae
361 2135 445 2167 sunt
465 2132 787 2169 commentationes
809 2131 925 2168 Orioli
952 2131 1033 2168 Itali
1059 2135 1096 2169 et
1125 2131 1364 2175 Quatremere
1392 2131 1439 2168 de
1461 2129 1617 2177 Quincyi
1642 2128 1709 2165 hu-

191 2196 320 2245 iusque
343 2197 505 2246 collegae
527 2199 861 2237 Raoul-Rochette
893 2200 950 2248 (in
969 2199 1168 2237 Achilleide
1186 2213 1223 2249 p.
1243 2203 1295 2241 97
1314 2198 1455 2248 seqq.):
1486 2198 1534 2234 de
1550 2195 1708 2244 Alyattis

191 2269 431 2301 monumento
452 2267 573 2303 mirari
595 2267 743 2314 subeat,
774 2268 837 2315 qui
856 2267 1093 2316 Inghiramius
1113 2267 1262 2304 Graecis
1290 2266 1473 2303 Herodoti
1496 2264 1614 2302 verbis
1633 2263 1707 2310 illa,

192 2344 287 2381 quae
306 2332 562 2381 insignioribus
587 2334 852 2371 characteribus
873 2334 1128 2381 indicavimus,
1159 2334 1280 2371 Italice
1308 2333 1465 2371 adiicere
1483 2332 1646 2383 potuerit
1670 2335 1708 2369 et

191 2400 376 2448 quomodo
402 2401 513 2438 etiam
538 2401 752 2438 Minutolius
778 2400 858 2437 loco
891 2401 928 2437 in
956 2405 1082 2437 annot.
1111 2400 1258 2436 laudato
1288 2400 1442 2449 figuram
1467 2399 1628 2448 Alyattei
1649 2412 1707 2437 se-

190 2467 307 2518 pulcri
338 2468 418 2504 coni
453 2469 608 2519 speciem
638 2468 807 2505 habuisse
847 2468 968 2505 dicere
1001 2469 1184 2518 potuerit3
1224 2468 1504 2516 laudandusque
1538 2467 1707 2504 videatur

192 2534 341 2583 Zoega,
368 2536 430 2584 qui
448 2535 526 2574 loco
545 2537 679 2574 ibidem
697 2537 806 2573 citato
830 2536 867 2573 in
892 2535 946 2572 his
965 2548 1003 2573 se
1023 2536 1260 2572 continuerit:
1291 2535 1466 2582 „‚,Vidit
1488 2531 1704 2573 Herodotus

191 2600 346 2650 Alyattis
363 2601 460 2650 Lydi
478 2604 681 2654 sepulcrum
703 2603 866 2641 maximis
884 2616 980 2652 quae
1006 2606 1092 2640 tunc
1117 2603 1309 2640 exstabant
1328 2602 1481 2640 molibus
1509 2615 1705 2641 accensen-

192 2670 300 2716 dum,
329 2671 430 2719 quod
450 2672 500 2708 sic
518 2672 688 2709 describit
708 2672 840 2709 etc.““
895 2672 973 2709 Sed
999 2675 1122 2708 tamen
1151 2671 1181 2707 si
1209 2683 1230 2708 a
1257 2670 1376 2708 verbis
1406 2671 1494 2720 ipsis
1522 2670 1703 2708 Herodoti

192 2737 428 2775 discedimus:
458 2760 513 2766 —-
533 2740 662 2789 σῆμα,
691 2740 765 2778 τοῦ
789 2737 818 2790 ἦ
837 2737 982 2791 κρηπὶς
1009 2736 1080 2789 μέν
1109 2737 1188 2777 ἐστι
1214 2738 1345 2777 λίθων
1365 2732 1565 2788 μεγάλων,
1598 2733 1640 2776 τὰ
1661 2733 1703 2775 δὲ

193 2800 288 2843 ἄλλο
311 2807 420 2855 σῆμα
435 2834 444 2852 ,
466 2807 579 2856 χῶμα
603 2800 866 2858 γῆς-οὖροι
887 2804 929 2844 δὲ
951 2803 1066 2844 πέντε
1089 2801 1245 2853 ἐόντες,
1276 2804 1331 2845 ἔτι
1348 2802 1416 2842 καὶ
1443 2803 1483 2850 ἐς
1512 2802 1578 2855 ἐμὲ
1597 2798 1703 2854 ἦσαν

193 2869 258 2909 ἐπὶ
278 2873 349 2911 τοῦ
368 2868 542 2921 σήματος
569 2869 652 2910 ἅνω
675 2894 729 2900 —-
754 2873 968 2923 sepulcrum,
1001 2875 1100 2910 cuius
1128 2873 1222 2910 basis
1248 2885 1264 2909 e
1291 2871 1483 2921 grandibus
1511 2871 1700 2922 lapidabit-5,
