1805 3315
381 241 436 281 92
795 240 1262 279 HERODOTI

382 350 490 403 ἐών,
543 349 661 405 Φρύξ
700 350 778 406 μὲν
814 354 960 407 γενεῇ,
1007 349 1153 405 γένεος
1198 350 1244 393 δὲ
1292 352 1372 392 τοῦ
1418 351 1662 405 βασιληΐου.

359 428 616 484 mansi-&niv
646 430 691 473 δὲ
721 424 847 480 οὗτος
887 429 929 480 ἐς
967 430 1018 472 τὰ
1048 430 1244 485 Κροίσου
1274 430 1409 480 οἰκία,
1455 427 1564 470 κατὰ
1593 426 1664 470 νό-

382 525 494 563 μους
535 508 637 559 vods
685 508 941 564 ἐπιχωρίους
987 510 1234 565 καθαρσίου
1277 506 1415 551 ἐδέετο
1452 512 1661 564 κυρῆσαι·

336 642 622 678 communionem
650 646 712 679 aut
736 644 983 680 commercium

337 698 594 733 aversabantur
604 711 717 746 usque.
740 699 825 734 dum
837 699 985 736 crimine

335 752 384 789 illi
402 753 534 802 expiati
553 758 676 790 essent
695 767 738 790 eo
758 755 846 798 ritu,
876 755 938 802 qui
962 754 984 791 l.

335 809 358 844 l.
379 809 559 858 copiosius
585 809 809 846 describitur.
866 809 985 858 Atque

335 864 440 900 huius
469 865 602 912 moris,
631 865 668 900 in
695 878 766 913 quo
796 866 984 913 sanguinis

335 920 535 966 vindictae,
572 933 681 968 quam
709 921 855 968 dicunt,
888 921 986 957 haud

336 976 491 1012 obscura
508 976 663 1024 vestigia
682 981 893 1024 cernuntur,
924 977 986 1024 (il-

335 1031 406 1067 lam
425 1032 518 1068 enim
537 1045 612 1068 non
631 1032 750 1069 minus
769 1033 868 1082 apud
893 1034 986 1070 anti-

335 1088 532 1136 quissimos
554 1088 738 1136 Graecos,
769 1102 877 1138 quam
888 1090 985 1140 apud

335 1144 528 1181 orientales
558 1150 688 1193 gentes
723 1145 901 1193 valuisse,
929 1147 986 1182 vix

336 1201 422 1247 erit,
452 1201 513 1249 qui
532 1202 661 1250 neget)
678 1201 781 1237 huius
794 1231 804 1248 ‚
835 1202 985 1251 inquam

335 1257 445 1294 moris
482 1256 550 1294 alia
584 1270 729 1306 quoque
760 1258 871 1294 multo
900 1262 986 1308 post

334 1317 524 1350 occurrunt
541 1314 694 1362 vestigia
713 1314 768 1351 vel
786 1316 905 1364 potius
926 1328 984 1352 re-

334 1368 466 1418 liquiae
492 1369 529 1405 in
547 1369 820 1407 Atheniensium
839 1370 985 1420 legisla-

333 1426 434 1462 tione
468 1425 693 1475 iudiciisque.
767 1428 852 1464 Fuit
888 1428 984 1465 enim

333 1483 566 1518 constitutum
589 1483 839 1533 religioneque
863 1496 985 1520 sacra-

332 1542 408 1574 tum
467 1539 755 1588 antiquissimum
816 1540 983 1577 iudicium

332 1594 558 1645 Ephetarum
570 1594 634 1634 ἕπὶ
649 1596 874 1650 Παλλαδίῳ,
883 1597 984 1645 quod

332 1655 480 1701 praeter
496 1651 565 1687 alia
583 1652 778 1700 inquireret
797 1653 834 1690 in
851 1653 982 1689 caedes

331 1706 534 1743 inconsulto
567 1709 797 1755 commissas,
838 1713 983 1746 auctore

332 1763 514 1800 Pausania
530 1763 565 1811 I,
586 1766 652 1811 28,
672 1768 709 1806 9.
769 1765 853 1808 Quo
872 1766 909 1801 in
929 1765 982 1800 iu-

332 1820 426 1856 dicio
448 1833 487 1857 re
508 1820 730 1871 disceptata,
761 1834 860 1858 reum
873 1834 981 1871 opor-

331 1876 399 1912 tuit
418 1889 485 1925 per
516 1889 649 1913 annum
672 1877 823 1915 Athenis
851 1878 981 1914 abesse

332 1936 369 1969 et
398 1931 490 1968 intra
515 1933 584 1970 hoc
615 1938 759 1983 tempus
791 1934 838 1970 de
862 1934 980 1971 reditu

329 1988 464 2037 pacisci
485 2001 564 2025 cum
584 1990 748 2037 cognatis
765 1991 854 2036 eius,
872 2003 980 2039 quem

330 2043 533 2080 inconsulto
582 2046 821 2082 interfecerat.
898 2045 978 2083 Nec

332 2100 408 2137 eius
440 2100 534 2136 bona
560 2101 744 2150 publicata
771 2106 874 2149 sunt,
910 2115 978 2139 nec

331 2157 369 2192 in
390 2156 470 2204 ipso
493 2156 616 2193 exsilio
638 2158 850 2207 propinquis
867 2159 976 2194 inter-

330 2212 416 2249 fecti
437 2212 534 2248 licuit
550 2213 709 2250 exsulem
725 2214 978 2263 persequi7qui

330 2268 392 2304 ubi
410 2281 505 2304 anno
524 2269 771 2318 praeterlapso
802 2284 879 2306 cuin
910 2269 976 2305 illis

329 2328 459 2374 pactus
478 2329 595 2372 esset,
624 2326 773 2375 patebat
794 2327 826 2363 ei
841 2326 977 2364 reditus

330 2380 369 2416 in
387 2380 538 2429 patriam
551 2410 561 2427 ‚
600 2382 661 2418 ubi
681 2386 803 2419 tamen
822 2383 891 2432 ipsi
912 2394 976 2418 ne-

329 2449 434 2473 cesse
456 2441 534 2473 erat
549 2437 694 2487 expiari.
725 2439 831 2475 Conf.
853 2438 972 2474 Schol.

330 2493 379 2529 ad
404 2492 531 2542 Eurip.
558 2494 750 2543 Hippolyt.
786 2495 852 2536 35.
898 2493 975 2530 De-

330 2548 461 2585 mosth.
482 2562 550 2599 pro
573 2550 705 2587 Neaer.
735 2564 771 2600 p.
786 2551 915 2595 1348,
937 2550 973 2586 in

329 2603 499 2641 Aristocr.
523 2619 562 2656 p.
586 2606 678 2646 643.
704 2609 782 2648 631
812 2607 974 2654 aliosque

329 2664 367 2698 et
386 2661 621 2699 recentiorum
638 2662 736 2699 locos
750 2692 760 2709 ,
778 2663 915 2711 quihac
927 2663 973 2700 de

328 2730 368 2754 re
402 2722 575 2766 egerunt,
613 2719 713 2768 apud
752 2719 972 2756 Creuzerum

327 2773 366 2809 in
385 2774 548 2822 Symbol.
572 2773 605 2810 ΙΙ
624 2787 660 2824 p.
681 2774 763 2815 694
796 2780 870 2811 not.
890 2775 971 2816 424

327 2834 365 2867 et
389 2843 428 2879 p.
451 2832 533 2872 692
557 2835 632 2867 not.
662 2830 754 2872 423.
816 2831 971 2868 Voernel.

326 2885 374 2923 de
405 2886 558 2925 Heliaea
601 2886 796 2934 (Francos.
835 2890 970 2935 1822)

1052 657 1090 694 p.
1113 643 1139 684 4
1159 649 1232 681 not.
1255 646 1290 683 1.
1329 642 1396 679 Est
1413 642 1524 690 digna
1541 642 1703 691 profecto

1052 713 1133 747 τες,
1165 713 1258 749 quae
1293 700 1360 735 hoc
1385 699 1610 747 potissimum
1647 710 1705 734 re-

1053 761 1179 806 spectu
1209 756 1315 792 altius
1340 756 1532 803 indagetur
1562 767 1584 790 a
1620 752 1703 790 viris

1053 812 1179 848 doctis.
1238 812 1296 848 De
1326 811 1405 847 aliis
1438 810 1606 859 gentibus
1640 808 1702 844 iis-

1054 880 1124 916 que
1169 867 1384 904 nomadibus
1422 879 1489 917 per
1527 867 1702 903 orientem

1055 924 1210 971 sparsis,
1241 923 1339 973 apud
1357 936 1449 972 quos
1468 923 1556 959 inde
1572 923 1617 958 ab
1636 933 1700 958 an-

1052 979 1254 1027 tiquissimo
1282 991 1372 1015 aevo
1404 980 1607 1016 etiamnunc
1624 977 1702 1014 vin-

1054 1035 1150 1072 dicta
1166 1034 1354 1083 sanguinis
1380 1034 1475 1071 valet
1496 1035 1700 1082 caedesque

1053 1091 1245 1128 commissa
1269 1090 1324 1127 vel
1343 1090 1412 1127 hoc
1430 1089 1487 1127 vel
1504 1090 1564 1126 illo
1589 1090 1699 1126 modo

1051 1147 1184 1184 luenda
1204 1151 1282 1194 est,
1311 1159 1406 1183 nunc
1425 1158 1498 1182 non
1510 1158 1700 1194 quaeram3

1053 1204 1190 1253 quippe
1208 1203 1356 1251 longum
1377 1206 1433 1239 est
1453 1206 1490 1240 et
1505 1201 1659 1239 alienum
1677 1213 1699 1237 a

1050 1265 1176 1296 nostro
1197 1260 1382 1304 instituto3
1428 1258 1604 1295 maiorum
1632 1270 1700 1294 no-

1050 1320 1206 1352 strorum
1227 1315 1388 1353 meminit
1409 1315 1440 1352 C
1444 1328 1486 1361 r.,
1503 1314 1549 1352 de
1567 1314 1698 1363 quibus

1049 1373 1100 1409 ita
1123 1372 1273 1409 Tacitus
1301 1372 1337 1408 in
1364 1371 1537 1409 German.
1571 1384 1601 1408 e.
1623 1372 1696 1410 21:

1049 1429 1260 1481 „suscipere
1295 1432 1370 1464 tam
1404 1427 1607 1464 inimicitias
1632 1439 1698 1463 seu

1050 1486 1164 1536 patris
1191 1498 1255 1522 seu
1280 1484 1500 1534 propinqui,
1533 1495 1642 1532 quam
1658 1494 1698 1518 a·

1049 1541 1201 1578 micitias
1239 1553 1390 1578 necesse
1430 1545 1501 1577 est.
1541 1552 1609 1576 nec
1631 1538 1698 1574 im-

1048 1597 1242 1648 placabiles
1271 1597 1420 1633 durant.
1450 1596 1557 1632 luitur
1582 1595 1699 1631 homi-

1050 1654 1180 1690 cidium
1197 1658 1293 1690 certo
1311 1656 1552 1690 armentorum
1570 1663 1613 1687 ac
1631 1663 1697 1700 pe-

1049 1710 1180 1746 cudum
1200 1723 1348 1747 numero
1374 1709 1572 1759 recipitque
1591 1707 1697 1744 satis-

1048 1766 1243 1803 factionem
1307 1766 1474 1803 universa
1529 1764 1695 1801 domus.“

1046 1822 1151 1859 Haec
1170 1822 1367 1859 satisfactio
1394 1821 1513 1859 medio
1534 1833 1623 1858 aevo
1640 1819 1695 1856 di-

1046 1879 1136 1915 citur
1159 1878 1344 1927 Werz'geld‚
1368 1876 1557 1926 Weregeld,
1573 1875 1694 1913 Wehr-

1045 1935 1147 1983 geld,·
1183 1948 1224 1971 ac
1251 1935 1507 1984 comprobatur
1536 1932 1694 1969 Romani

1045 1992 1230 2041 scriptoris
1248 1992 1341 2028 fides
1367 1990 1520 2040 plurium
1541 1989 1694 2026 Germa-

1044 2048 1126 2085 niae
1143 2049 1302 2096 gentium
1335 2047 1506 2083 institutis
1525 2058 1567 2082 ac
1584 2045 1693 2081 mori-

1043 2105 1131 2151 bus,
1161 2117 1228 2141 nec
1247 2105 1293 2141 ad
1311 2104 1474 2141 homines
1493 2115 1619 2140 caesos
1633 2114 1694 2137 so-

1045 2160 1119 2196 lum
1136 2173 1260 2197 verum
1282 2161 1329 2196 ad
1354 2159 1520 2197 animalia
1547 2171 1695 2207 quoque

1044 2229 1170 2263 caesa,
1200 2216 1270 2253 alia
1288 2217 1470 2266 pertinuit.
1518 2215 1601 2252 vid.
1626 2215 1693 2250 do-

1043 2273 1238 2309 ctissimum
1283 2272 1456 2310 Hessium
1494 2283 1613 2308 meum
1643 2270 1694 2306 ad

1043 2328 1162 2365 Taciti
1198 2329 1221 2365 l.
1258 2328 1281 2365 l.
1349 2328 1531 2377 Singulari
1569 2327 1694 2373 modo,

1042 2390 1212 2422 monente
1235 2384 1266 2421 C
1273 2397 1300 2420 r.
1329 2384 1423 2421 hunc
1447 2396 1585 2421 morem
1614 2382 1693 2419 illu-

1041 2441 1186 2477 stravit:
1226 2441 1254 2477 Ι.
1281 2440 1440 2477 Grimm:
1480 2432 1583 2476 Uber
1610 2439 1692 2476 eine

1041 2496 1169 2544 eigene
1181 2495 1480 2544 altgermanische
1491 2495 1615 2533 Weise
1625 2496 1691 2531 der

1039 2551 1264 2589 Mordsiihne
1294 2553 1331 2588 in
1359 2551 1551 2599 Savigny’s
1589 2551 1691 2587 Zeit-

1040 2608 1164 2644 schrift
1201 2610 1260 2645 sur
1298 2607 1504 2656 geschichtl.
1535 2607 1690 2644 Rechts-

1039 2663 1245 2701 m'ssensch.
1255 2664 1269 2700 Ι
1281 2677 1360 2701 nro.
1375 2663 1593 2713 X1V1›.323
1605 2676 1689 2712 sqq.

1041 2725 1077 2757 et
1096 2720 1144 2756 Ill
1167 2733 1221 2757 nr.
1240 2720 1291 2756 Ill
1309 2720 1518 2766 „Literatur
1535 2721 1601 2757 der
1619 2720 1688 2756 alt-

1037 2776 1254 2814 nordischen
1275 2777 1458 2814 Gesetze“
1470 2789 1508 2826 p.
1524 2779 1602 2817 119
1612 2789 1689 2825 seq.

1095 2831 1263 2871 ἐδέετο
1304 2831 1554 2883 κυρῆσαι]
1605 2832 1690 2870 Hoc

1038 2889 1167 2926 retinui
1185 2889 1468 2939 suffragantibus
1480 2889 1687 2927 melioribus
