1768 3315
609 226 825 266 cL10.
882 226 914 265 1.

1316 229 1401 269 223

138 340 263 400 μῶνά
291 355 335 384 τε
363 337 689 393 καταρῤαγῆναι
704 369 716 388 ,
746 335 819 380 καὶ
843 329 948 379 ὗσαι
975 335 1106 380 ὕδατι
1126 335 1396 394 λαβροτάτῳ,
1410 345 1455 378 10

136 418 480 474 κατασβεσθῆναί
517 431 562 459 τε
598 414 680 472 τήν
723 415 882 473 πυρήν.
942 414 1059 460 οὕτω
1099 414 1152 471 δὴ
1191 414 1396 471 μαθόντα

133 500 212 545 τὸν
250 501 423 551 Κῦρον,
481 493 540 546 ὥς
579 496 643 552 ε’ίη
682 493 706 538 ὁ
742 498 938 551 Κροῖσος
970 493 1044 538 καὶ
1081 494 1294 551 θεοφιλὴς
1322 495 1397 539 καὶ

133 577 244 633 ἀνὴρ
275 573 469 632 ἀγαθὸς,
513 573 871 631 καταβιβάσαντα
909 571 1048 618 αὐτόν
1087 571 1174 617 ἀπὸ
1203 578 1280 633 τῆς
1306 590 1396 619 πυ-

103 660 234 712 3ρῆς,
284 656 479 709 εἴρεσθαι
518 653 641 698 τάδε·
699 656 920 709 ,,Κροῖσε,
959 656 1023 706 τίς
1060 664 1107 698 σε
1144 652 1397 711 ἀνθρώπων

128 733 403 790 ,,οένὲγνωσε,
433 733 504 777 ἐπὶ
534 736 617 790 γῆν
646 731 727 789 τὴν
757 732 865 790 ἐμήν
895 734 1289 790 στρατευσάμενον,
1320 750 1395 779 πο·

129 812 318 870 »λέμιον
347 811 443 856 ἀντὶ
473 815 605 870 φίλου
635 812 732 868 ἐμοὶ
760 818 1076 871 καταστῆναις(ι
1128 812 1178 858 Ὁ
1209 815 1256 859 δὲ
1287 814 1393 859 εἶπε·
1408 823 1452 857 15

126 887 208 945 „³52
238 894 442 948 βασιλεῦ,
491 890 573 948 ἐγώ
603 895 739 935 ταῦτα
781 892 942 950 ἔπρηξα
978 897 1032 950 τῇ
1062 897 1119 951 σῇ
1147 894 1225 950 μὲν
1255 893 1396 939 εὐδαι-

126 973 322 1029 ,,μονίῃ,
370 975 424 1029 τῇ
454 971 672 1027 ἐμεωυτοῦ
713 972 759 1016 δὲ
788 974 1135 1030 κακοδαιμονίῃ,
1181 975 1319 1025 αἴτιος
1348 974 1395 1018 δὲ
1451 972 1506 1015 45

125 1084 151 1104 ,,
163 1050 333 1095 τούτων
359 1050 526 1107 ἐγένετο
548 1049 571 1096 ὁ
589 1050 808 1109 Ἑλλήνων
830 1052 957 1106 θεὸς,
988 1052 1150 1111 ἐπᾴρας
1173 1053 1243 1110 ἐμὲ
1266 1065 1391 1110 στρα-

99 1133 157 1181 4,,
171 1128 388 1174 τεύεσθαι.
439 1129 584 1182 οὐδεὶς
611 1131 692 1186 γὰρ
723 1130 839 1175 οὕτω
870 1130 1056 1188 οἷνόητός
1083 1132 1196 1184 ἐστι,
1248 1132 1297 1184 ὅς
1327 1149 1392 1185 τις

125 1242 149 1261 ,,
161 1207 357 1265 πόλεμον
385 1208 470 1265 πρὸ
500 1209 673 1266 εἰρήνης
702 1209 898 1265 αἱρέεται.
931 1211 978 1255 ἐν
1007 1210 1085 1267 μὲν
1113 1209 1199 1266 γάρ
1228 1215 1303 1268 τῇ,
1347 1214 1448 1255 οἱΞο

125 1321 151 1340 „
163 1290 315 1340 παῖδες
342 1287 448 1340 τούς
478 1289 667 1344 πατέρας
694 1287 938 1334 θάπτουσι·
977 1291 1024 1334 ἐν
1054 1290 1100 1334 δὲ
1128 1293 1210 1349 τῷ,
1241 1291 1285 1334 οἱ
1313 1306 1389 1334 πα-

123 1367 271 1422 ,,τε’ρες
299 1366 406 1419 τούς
433 1370 602 1420 παῖδας.
658 1365 768 1413 ἄλλα
808 1374 945 1414 ταῦτα
981 1371 1156 1428 δαίμοσί
1196 1386 1280 1416 κου
1318 1371 1387 1427 φί-

122 1479 147 1499 ,,
159 1450 242 1490 λον
270 1441 325 1504 ἦν
356 1446 471 1491 οὕτω
502 1447 748 1504 γενέσθαι.“

61 1687 152 1795 ξςίῒ
193 1701 238 1726 ex
277 1687 459 1726 Pausania
489 1690 538 1727 ad
568 1689 624 1739 Π,
662 1693 718 1734 29

94 1773 100 1780 .
130 1747 167 1786 6.

116 1829 335 1886 οἷνὲγνωσε]
389 1835 411 1874 i.
448 1848 479 1873 e.
523 1839 714 1886 persuasit.

58 1889 140 1928 Vid.
164 1892 322 1940 Gregor.
345 1891 510 1928 Corinth.
534 1906 619 1943 pag.
633 1894 714 1936 505

57 1947 143 1997 ibiq.
161 1947 346 1985 Schaefer.
379 1948 457 1985 coll.
479 1948 609 1987 Matth.
645 1951 712 1988 Gr.

59 2003 125 2040 Gr.
151 2002 188 2055 ς.
207 2006 290 2046 228
312 2017 399 2056 pag.
419 2004 513 2046 443.

115 2103 264 2158 ἔπρηξα
286 2107 337 2160 τῇ
357 2107 412 2160 σῇ
438 2105 511 2157 μὲν
528 2102 710 2159 εὔδαιμο-

55 2161 122 2217 νίῃ
136 2192 146 2209 ,
176 2165 229 2218 τῇ
244 2161 446 2212 ἐμεωυτοῦ
468 2164 510 2203 δὲ
526 2166 710 2204 κακοδαι-

56 2217 195 2272 μονίῃ]
244 2219 357 2256 Haud
396 2220 490 2258 male
530 2221 709 2260 Matthiae

57 2273 94 2325 ἓ.
114 2279 218 2323 398,
249 2288 271 2312 a
307 2289 393 2326 pag.
425 2280 506 2319 728
538 2278 630 2325 (ubi
661 2280 708 2317 de

54 2331 163 2368 dativi
182 2345 249 2368 usu
280 2332 317 2368 in
337 2346 446 2370 causa
467 2336 630 2383 quamvis
650 2349 709 2373 re-

53 2389 195 2425 motiori
215 2389 448 2437 indicanda):
474 2391 619 2438 „dm-cle.
633 2392 708 2429 clei-

51 2455 117 2480 nen
138 2444 347 2482 Gliickstern
373 2446 447 2483 und
474 2450 605 2486 meinen
631 2448 708 2487 Un-

54 2502 144 2538 stem
164 2502 378 2550 getriebenf‘

110 2597 258 2655 ἔπᾴρας
300 2601 368 2655 ἐμὲ
408 2599 706 2657 στρατεύεσθαι]

54 2653 238 2708 ἐπαείρας
268 2665 416 2698 recentt.
458 2662 577 2710 editt„
616 2667 657 2700 ut
678 2663 710 2711 I,

54 2711 151 2759 204,
159 2714 219 2751 ubi
228 2715 305 2753 sine
314 2717 384 2755 ulla
394 2719 568 2756 varietate
578 2717 706 2758 ἐπαεί-

55 2781 175 2818 ροντα
191 2771 361 2821 scriptum
381 2774 593 2812 invenimus
628 2776 706 2813 Sed

57 2821 215 2861 hocloco
234 2827 349 2864 nunus
361 2830 414 2866 sic
423 2832 575 2879 praebet
592 2831 704 2877 liber3

55 2891 146 2917 unus
176 2883 305 2921 modo:
345 2883 546 2937 ἐπαήρας,
574 2887 703 2938 reliqui

787 1686 958 1746 ἒπᾴρας,
990 1693 1090 1742 quod
1115 1692 1212 1743 idem
1233 1705 1314 1729 cum
1331 1691 1368 1739 Ι,
1389 1694 1445 1734 90

786 1749 865 1786 sine
886 1749 959 1786 ulla
975 1798 978 1800 .
995 1749 1158 1787 lectionis
1178 1750 1354 1787 varietate
1383 1762 1444 1786 oc-

786 1811 928 1853 currat,
958 1806 1016 1843 hic
1041 1820 1188 1856 quoque
1212 1806 1444 1843 retinendum

785 1863 921 1899 censui.
945 1861 1005 1899 Ad
1020 1862 1323 1911 significationem
1343 1862 1444 1900 verbi

787 1918 852 1955 Cr.
875 1919 1071 1969 adscripsit
1091 1919 1236 1956 Timaei
1266 1919 1384 1956 locum
1404 1919 1442 1955 in

780 1973 869 2012 Lex.
911 1975 1054 2012 Platon.
1079 1989 1116 2026 p.
1152 1978 1230 2016 119
1262 1970 1444 2030 (ἐπᾴρας

780 2031 803 2068 i.
838 2045 874 2081 q.
907 2026 1156 2082 οἷναπείσας)
1171 2062 1181 2081 ,
1237 2032 1299 2070 ubi
1335 2031 1442 2084 plura

778 2087 974 2126 Ruhnken.

837 2215 856 2240 ο
869 2196 969 2240 {svm
993 2197 1168 2252 α’νόητός
1180 2199 1272 2249 ἔστι,
1286 2196 1342 2248 ὅς
1361 2216 1438 2248 τις

777 2272 812 2296 κ.
833 2273 867 2296 τ.
887 2257 938 2309 λ.]
989 2259 1062 2296 Pro
1092 2255 1136 2304 ὅς
1161 2273 1220 2304 τις
1249 2262 1438 2308 exspecta-

776 2314 843 2351 bas
863 2311 974 2354 ὥστε.
1035 2316 1111 2352 Sed
1127 2316 1199 2352 vid.
1223 2314 1354 2352 Matth.
1369 2315 1437 2352 Gr.

777 2371 842 2409 Gr.
866 2370 902 2422 ᾖ.
925 2371 1007 2413 479
1029 2376 1104 2409 not.
1131 2374 1154 2412 1
1181 2385 1268 2422 pag.
1287 2371 1381 2414 895.

836 2482 957 2532 φίλον
996 2477 1053 2535 ἦν
1097 2479 1202 2523 οὕτω
1233 2481 1436 2536 γενέσθαι]

776 2538 820 2575 ln
843 2540 974 2588 quibus
1004 2541 1223 2579 Homericae
1244 2540 1436 2578 locutionis

777 2596 1039 2645 imitationem,
1068 2597 1146 2634 aliis
1183 2610 1331 2647 quoque
1347 2598 1436 2635 scri-

775 2653 945 2703 ptoribus
956 2654 1209 2703 frequentatae
1220 2654 1433 2692 invenimus.

776 2708 906 2746 Monui
959 2710 1008 2746 ad
1067 2710 1247 2748 Plutarch.
1304 2710 1434 2759 Pyrrh.

773 2778 862 2816 pag.
893 2769 984 2807 190.
1033 2766 1122 2804 Inde
1152 2767 1295 2804 Seneca
1330 2766 1434 2804 Med.

774 2822 875 2863 553:
907 2827 1089 2871 „gratum
1112 2825 1202 2861 estf‘,
