1796 3315
530 233 1059 274 EUTERPE.11.
1335 235 1419 276 759

95 355 136 389 31
153 351 232 392 τοῦ
263 346 480 401 ἀδελφεοῦ
515 342 789 400 κρεμάμενον
825 343 902 387 τὸν
931 342 1076 386 νέκυν.
1137 340 1218 397 τὴν
1247 341 1316 393 δὲ,
1358 339 1419 394 ὥς

150 427 333 484 ἤκουσε,
365 423 579 467 ἅπτεσθαι
609 421 763 467 αὐτοῦ.
802 422 880 467 τὸν
909 421 954 466 δὲ
985 426 1115 478 φῶρα
1145 420 1192 465 ἐν
1220 424 1282 479 τῷ
1311 419 1416 464 σκό-

151 514 215 549 τεϊ
240 508 464 558 προτεῖναι
504 501 615 560 αὐτῇ
655 505 736 546 τοῦ
765 505 923 556 νεκροῦ
952 501 1033 558 τήν
1060 505 1203 557 χεῖρα·
1241 499 1323 556 τὴν
1353 501 1413 553 δὲ,
1427 505 1473 541 40

148 582 462 638 ἐπιλαβομένην
491 581 626 637 ἔχειν,
674 583 942 637 νομίζουσαν
971 579 1110 624 αὐτοῦ
1141 580 1312 624 ἐκείνου
1340 584 1417 636 τῆς

146 661 288 720 χειρὸς
313 660 591 718 ἀντέχεσθαι·
643 662 721 705 τόν
759 661 806 705 δὲ
845 664 976 717 φῶρα
1015 659 1259 716 προέμενον
1289 658 1413 716 αὐτῇ,

1468 751 1512 779 Ob
1555 751 1749 779 caffiditatem

1468 789 1498 813 et
1524 785 1680 812 audaciam
1701 785 1750 812 sur

1468 828 1486 846 a
1510 827 1584 853 rege
1609 819 1747 846 adscisci-

1468 857 1518 880 tur
1536 861 1641 888 gener.

35 750 63 788 6
91 750 135 785 32
148 745 344 799 οἴχεσθαι
378 741 448 785 διὰ
487 739 662 796 θυρέων
699 740 932 797 φεύγοντα.
989 738 1064 791 Ὡς
1095 739 1140 784 δὲ
1170 741 1244 784 καὶ
1273 744 1411 784 ταῦτα

146 822 189 874 ἐς
215 821 295 866 τόν
326 819 506 878 βασιλέα
535 819 811 877 άνενεῖχθαι,
841 820 1134 877 ἐκπεπλῆχθαι
1167 820 1246 876 μὲν
1269 820 1338 864 ἐπὶ
1357 825 1411 879 τῇ

146 900 469 959 πολυφροσύνῃ
506 918 551 945 τε
590 901 665 945 καὶ
692 898 829 958 τόλμῃ
859 897 1141 954 τάνθρώπου.
1203 900 1327 952 τέλος
1359 901 1418 953 δὲ,

148 980 447 1036 διαπέμποντα
491 982 534 1033 ἐς
578 979 720 1032 πάσας
759 979 836 1032 τὰς
873 979 1020 1031 πόλις,
1080 980 1474 1035 ἐπαγγέλλεσθαι45

145 1059 298 1105 ἄδειάν
335 1077 380 1104 τε
417 1059 618 1115 διδόντα,
676 1060 751 1104 καὶ
790 1059 954 1117 μεγάλα
991 1058 1319 1115 ὑποδεκόμενον
1349 1059 1418 1103 έλ-

87 1141 272 1186 33θόντι
302 1140 345 1192 ές
374 1139 479 1193 ὄψιν
507 1139 587 1197 τὴν
617 1139 798 1184 ἑωυτοῦ.
859 1139 937 1184 τόν
968 1139 1014 1183 δὲ
1045 1143 1201 1196 φῶρα,
1236 1139 1413 1183 πιστεύ-

144 1232 301 1272 σαντα,
331 1220 475 1264 ἐλθεῖν
503 1220 614 1276 πρὸς
644 1218 798 1264 αὐτόν·
833 1219 1115 1275 Ῥαμψίνιτον
1146 1219 1192 1263 δὲ
1221 1218 1416 1275 μεγάλως

142 1299 403 1355 θωυμάσαι,
433 1301 508 1344 καί
541 1302 583 1344 οἷ
609 1299 689 1355 τήν
717 1300 940 1355 θυγατέρα
960 1299 1124 1355 ταύτην
1152 1300 1416 1351 συνοικίσαι,

142 1377 202 1432 ὥς
229 1384 405 1423 πλεῖστα
435 1379 702 1436 ἐπισταμένῳ
738 1377 1013 1435 ἀνθρώπων·
1044 1380 1312 1434 Αἰγυπτίους
1341 1379 1474 1434 μὲν50

140 1460 223 1517 γὰρ
260 1462 349 1503 τῶν
385 1459 529 1503 ἄλλων
579 1461 932 1516 προκεκρίσθαι,
991 1458 1161 1503 ἐκεῖνον
1202 1457 1248 1502 δὲ
1277 1459 1416 1514 Αἰγυ-

140 1541 291 1584 πτίων.

1471 1621 1647 1649 Descendiss
1635 1630 1667 1649 ae

1469 1656 1712 1695 Rhampsinitum

1469 1690 1569 1717 xivum
1605 1689 1642 1716 ad
1672 1691 1749 1717 infe-

1467 1731 1536 1753 ros;
1573 1723 1680 1751 lusisse
1707 1724 1746 1751 ibi

1465 1756 1748 1850 {klffiffffgedssss

1511 1833 1517 1849 Ι

139 1858 212 1901 καὶ
240 1857 293 1900 τὰ
321 1857 422 1913 μὲν,
450 1860 580 1901 νικᾶν
610 1856 770 1914 αὐτήν,
800 1856 851 1901 τά
872 1857 937 1913 δὲ,
969 1857 1209 1902 ἑσσοῦσθαι
1233 1852 1304 1898 ὑπ’
1326 1852 1405 1897 αὐ-
1419 1832 1748 1927 55ῗὲ8ῑζ5ἐεξὲἕῖἑτέἓι

1467 1928 1498 1952 et
1515 1924 1547 1952 iu
1566 1933 1602 1953 eo
1620 1925 1707 1954 ritus.

918 1621 1079 1661 τοῦτον
1116 1615 1196 1660 τὸν
1234 1615 1412 1672 βασιλέα

19 1623 117 1668 122
256 1617 380 1662 Meto}
411 1618 458 1661 δὲ
496 1621 655 1671 ταῦτα,
706 1618 875 1675 ἔλεγον,

145 1698 255 1752 ζωὸν
304 1700 547 1753 καταβῆναι
585 1696 700 1741 κάτω
747 1699 790 1750 ἐς
835 1697 913 1742 τὸν
953 1699 997 1741 οἱ
1033 1696 1239 1752 ‘mames
1281 1693 1410 1751 ἀΐδην

141 1778 368 1833 νομίζουσι
398 1775 530 1827 εἶναι,
561 1778 635 1821 καὶ
663 1783 779 1822 κεῖθι
802 1777 1090 1835 συγκυβεύειν
1109 1780 1160 1834 τῇ
1185 1773 1406 1831 Δήμητρι·

811 2047 944 2097 Schw.,
964 2049 1063 2086 euius
1080 2047 1149 2085 loci
1174 2046 1283 2085 etiam
1306 2044 1373 2083 Cr.
1397 2056 1474 2083 non

810 2106 1001 2143 immemor
1018 2106 1097 2141 fuit.

359 2046 463 2100 §.6

141 2146 197 2177 ως
229 2154 285 2159 -—
313 2127 566 2184 άνενεῖχθαι]
620 2133 741 2184 Vulgo

84 2182 318 2239 άνενείχθη,
361 2192 461 2240 quod
488 2204 567 2229 cum
591 2195 741 2229 recentt.

86 2245 187 2282 editt.
211 2246 338 2283 abieci.

139 2297 290 2352 ταύτην
311 2302 553 2354 συνοικίσαι]
578 2304 632 2342 Ut
651 2315 742 2343 συν-

87 2361 210 2396 οικεῖν
236 2362 455 2397 matrimonio
481 2362 640 2398 iunctum
660 2374 741 2408 esse,

84 2415 122 2450 in
151 2417 371 2454 matrimonio
404 2417 525 2454 habere
554 2417 638 2467 (II,
660 2421 740 2459 120

85 2472 197 2519 eto),
227 2472 278 2509 ita
307 2475 545 2521 συνοικίζειν
563 2474 684 2524 filiam
703 2476 742 2511 in

85 2530 342 2568 matrimonium
362 2531 458 2579 dare,
479 2535 626 2581 nuptum
644 2531 739 2569 dare.

270 2642 379 2694 Cap.
411 2644 562 2682 cxxn

141 2722 208 2763 καὶ
232 2729 342 2766 κεῖθι
365 2749 412 2755 -
444 2731 496 2783 τῇ
526 2723 739 2780 Δήμητρι]

88 2778 155 2818 καὶ
175 2784 283 2820 κεῖθι
301 2797 368 2833 pro
388 2789 550 2824 κακεῖθι
578 2798 658 2822 cum
685 2799 742 2823 re-

90 2840 198 2873 centt.
217 2840 393 2890 rescripsi.
416 2842 516 2878 Citat
531 2842 621 2879 haec
632 2841 743 2879 Athe-

91 2904 202 2930 naeus
230 2894 282 2932 lx
313 2909 398 2947 pag.
418 2897 521 2945 410,
540 2898 573 2935 E
600 2911 636 2948 p.
659 2900 744 2940 520

867 2160 936 2200 καὶ
955 2158 1002 2200 τά
1025 2158 1120 2212 μὲν..
1152 2161 1271 2200 νικᾶν
1293 2153 1422 2209 αὕτήν
1436 2173 1471 2196 κ.

810 2233 842 2257 τ.
865 2217 915 2269 λ.]
936 2218 1013 2255 Iam
1035 2217 1295 2255 Valckenarius
1318 2229 1362 2253 ex
1382 2216 1469 2252 diss.

810 2275 906 2314 Dan.
927 2275 1133 2312 Szathmari
1154 2275 1201 2311 de
1220 2272 1471 2309 Pharaonibus

810 2337 897 2382 apte
918 2332 1082 2369 monuit:
1114 2330 1205 2379 alea!
1225 2343 1304 2366 cum
1334 2329 1471 2366 Cerere

809 2389 935 2427 ludere
967 2401 1123 2437 eamque
1152 2388 1317 2432 vincere,
1347 2385 1404 2422 vel
1423 2386 1469 2422 ab

809 2445 870 2482 illa
889 2446 996 2492 vinci,
1021 2444 1108 2481 nihil
1131 2443 1229 2481 aliud
1248 2456 1341 2488 esse,
1362 2454 1472 2491 quam

811 2501 963 2539 Cererem
988 2502 1118 2538 almam
1137 2504 1169 2537 et
1189 2499 1395 2550 fautricem,
1414 2497 1472 2536 vel

808 2559 963 2596 vicissim
984 2560 1163 2596 inimicam
1184 2558 1344 2606 experiri.
1372 2554 1471 2592 Nam

809 2615 899 2652 haec
925 2628 1072 2664 quoque
1099 2614 1261 2651 narratio
1294 2613 1342 2649 ad
1373 2612 1472 2660 agri-

810 2672 988 2709 culturam
1027 2675 1065 2709 et
1110 2671 1250 2707 felicem
1301 2681 1472 2716 agrorum

809 2733 1027 2779 proventum
1051 2727 1254 2765 referenda.
1314 2725 1370 2761 Eo
1403 2725 1472 2761 du-

811 2789 897 2822 cunt
923 2786 1010 2822 ritus
1043 2784 1081 2820 in
1109 2782 1249 2834 templo
1271 2781 1418 2818 Cereris
1449 2792 1472 2817 a

813 2841 1061 2878 sacerdotibus
1072 2838 1259 2878 observari
1271 2838 1376 2875 soliti.
1394 2837 1472 2874 Re-

815 2898 986 2949 spicitur,
1016 2897 1148 2946 cred0‚
1177 2908 1284 2946 seges
1302 2892 1473 2932 frumenti
