1832 3315
665 239 881 277 CLIO.
939 238 967 276 Ι.

1370 242 1452 282 135

194 356 397 413 βασιλῆος
433 351 544 394 οἴκεε
581 351 664 405 γῆν
699 347 779 405 τήν
814 351 1034 392 Φθιῶτιν·
1094 346 1163 390 ἐπὶ
1202 347 1249 391 δὲ
1288 347 1450 402 Δώρου

193 437 274 478 τοῦ
291 432 522 486 Ἕλληνος,
552 428 632 484 τὴν
659 425 748 472 ὑπὸ
778 426 857 484 τὴν
884 426 1052 470 ’Όσσαν
1081 442 1124 470 τε
1153 427 1228 471 καὶ
1256 426 1334 471 τὸν
1366 425 1450 470 Οὔ-

191 517 360 568 λυμπον
394 507 563 564 χώρην,
606 506 874 564 καλεομένην
915 506 961 550 δὲ
999 503 1272 550 Ἱστιαιῶτιν·
1323 506 1369 550 ἐκ
1400 505 1447 550 δὲ

132 695 346 744 antiquitas,
373 695 435 732 ubi
453 695 606 733 maxime
624 692 784 732 celebra-

130 757 190 790 tae
205 752 345 790 Dorum
365 752 693 800 commigrationes.
722 749 782 786 De

129 808 260 858 quibus
280 812 404 845 tamen
424 809 573 859 copiose
585 819 780 857 exponere,

128 864 234 902 huius
252 863 321 901 loci
340 877 416 902 non
435 869 501 902 est.
560 864 684 913 Magis
711 862 781 898 huc

129 921 217 958 illud
234 921 343 969 facit,
383 922 484 971 quod
512 921 688 959 Hellenes
714 931 779 955 an-

128 977 343 1028 tiquissimi,
391 990 545 1027 quorum
575 978 674 1028 apud
699 976 781 1012 Ho-

128 1047 268 1074 merum
303 1036 459 1082 mentio,
515 1034 657 1072 incolae
697 1036 781 1068 sunt

127 1093 199 1142 τῆς
211 1086 418 1140 Ἑλλάδος,
450 1103 545 1140 quae
564 1088 780 1128 Thessaliae

130 1153 187 1186 est
214 1148 301 1185 urbs
332 1148 382 1185 ad
416 1146 562 1184 Achillis
604 1146 779 1183 ditionem

128 1204 340 1256 pertinenS,
394 1203 493 1241 haud
530 1203 634 1241 aliter
668 1207 779 1251 atque

128 1261 280 1309 Phthia,
309 1272 405 1310 quae
423 1264 460 1298 et
471 1260 552 1310 ipsa
562 1259 597 1297 T
599 1257 778 1297 hess-aliae

130 1321 187 1356 est
204 1317 290 1354 urbs
311 1317 388 1354 sive
411 1320 558 1353 tractus.
618 1315 679 1353 Tu
706 1315 777 1351 vid.

128 1386 152 1412 a
178 1373 244 1410 Cr.
280 1373 448 1409 laudatos
481 1372 630 1409 Homer.
656 1372 696 1409 Il.
731 1370 778 1417 ΙΙ,

128 1431 210 1472 683
229 1441 307 1478 seq.
325 1429 412 1478 ibiq.
436 1429 557 1477 He3n.
579 1428 631 1465 IX
644 1457 656 1475 ‚
682 1429 776 1469 363.

126 1486 248 1525 Strab.
262 1485 316 1522 IX
337 1499 374 1536 p.
399 1484 480 1526 431
507 1498 536 1522 s.
563 1499 599 1535 p.
622 1485 725 1531 659,
746 1484 777 1520 C

127 1555 207 1592 seq.
229 1541 311 1580 Nec
330 1542 418 1580 alias
435 1543 606 1590 regiones
626 1542 672 1578 ab
699 1540 779 1578 He-

126 1600 258 1638 rodoto
273 1628 285 1647 ,
325 1599 388 1648 qui
413 1597 660 1636 Phthiotidem
684 1598 778 1634 anti—

128 1656 304 1706 quissimo
323 1660 490 1706 tempore
514 1654 609 1692 hanc
631 1658 778 1703 gentem

128 1713 288 1750 tenuisse
314 1716 475 1759 asserat,
521 1711 673 1748 indicari
701 1723 778 1748 cre-

128 1770 224 1807 dam.
280 1768 446 1806 Helladis
466 1768 552 1806 inde
571 1780 703 1805 nomen
723 1767 779 1803 in-

127 1829 183 1863 tra
204 1824 423 1864 Thessaliae
448 1825 540 1863 fines
567 1825 668 1874 apud
699 1823 779 1859 Ho-

126 1895 264 1920 merum
308 1882 507 1929 contineri,
574 1880 782 1918 observavit

126 1938 338 1990 Apollodor.
377 1939 416 1976 in
457 1938 642 1987 Fragmm.
678 1936 777 1986 apud

127 1996 298 2033 Strabon.
317 1995 403 2033 VIII
418 2008 455 2046 p.
476 1996 559 2036 370
584 2008 613 2031 S·
632 1995 775 2043 p.568‚

128 2052 161 2090 C
179 2052 235 2103 (p.
252 2052 335 2094 423
357 2053 414 2090 ed.
432 2050 602 2102 Apollod.
621 2051 776 2099 Heyn.)

129 2109 205 2152 Qui
219 2121 305 2147 vero
335 2110 469 2147 factum
499 2109 564 2156 sit,
607 2111 648 2144 ut
666 2107 778 2144 hocce

127 2178 263 2203 nomen
295 2169 427 2216 postea
453 2165 502 2202 ad
524 2176 671 2202 omnem
697 2164 777 2201 sere

129 2222 322 2260 Graeciam
342 2221 576 2274 pertinuerit,
606 2234 680 2257 non
701 2233 779 2256 ma-

129 2279 186 2328 gis
202 2291 376 2328 quaerere
387 2279 537 2326 attinet,
555 2290 665 2327 quam
683 2289 778 2325 quae

128 2336 269 2386 primae
291 2335 396 2373 huius
415 2336 530 2386 ipsius
549 2335 668 2383 gentis
698 2334 777 2370 fue-

127 2392 201 2429 rint
217 2392 324 2429 sedes
337 2421 347 2440 ,
377 2405 471 2442 quae
489 2391 660 2440 origines.
680 2389 776 2426 Mul-

126 2451 165 2485 ta
185 2448 332 2497 collegit
345 2449 458 2487 Beck.
476 2448 606 2486 Anleit.
616 2461 647 2484 z.
660 2447 703 2484 W
712 2446 778 2484 elt-

72 2554 77 2559 .
129 2505 253 2553 gesch.
280 2505 298 2542 I
325 2518 413 2555 pag.
433 2506 515 2546 808
544 2505 625 2542 coll.
655 2504 779 2540 Rruse

131 2561 340 2610 (Hellas)I
374 2575 412 2612 p.
439 2561 519 2602 461
556 2574 661 2610 seqq.
719 2559 778 2597 De

131 2616 344 2655 Deucalione
362 2631 451 2667 rege
469 2618 566 2655 idem
583 2617 696 2654 Beck.
717 2616 739 2652 l.
755 2615 778 2652 l.

133 2685 218 2722 pag.
246 2676 328 2716 809
359 2675 478 2711 varias
506 2674 652 2723 collegit
678 2676 778 2710 vete·

133 2740 211 2764 rum
232 2731 430 2768 sententias
442 2760 454 2778 ,
465 2731 524 2767 vix
538 2731 617 2768 illas
630 2730 778 2779 quidem

135 2784 227 2821 inter
245 2799 287 2824 se
307 2787 560 2824 conciliandas.
618 2786 677 2823 Ad
700 2785 779 2823 Hc-

134 2840 303 2879 rodotum
326 2843 412 2880 facit
450 2843 642 2880 Strabonis
679 2842 778 2879 locus

137 2895 189 2934 IX
222 2909 258 2948 p.
278 2896 359 2941 432
392 2912 421 2936 s.
451 2901 556 2949 660,
589 2899 640 2938 B:
679 2898 779 2940 ἱστο-

852 692 976 743 ρεῖται
1010 688 1086 744 γὰρ
1112 690 1137 732 o‘
1173 690 1405 731 Δευκαλίων
1433 693 1505 743 τῆς

855 744 1084 796 Φθιώτιδος
1108 745 1224 800 ἄρξαι
1256 791 1258 795 ,
1318 747 1332 788 ὶ
1362 746 1502 794 ἁπλοῖς

849 806 921 856 τῆς
961 805 1180 852 Θετταλίας.
1257 764 1341 850 ffio
1371 805 1502 843 eodem

849 866 996 900 auctore
1055 861 1290 900 Deucalionis
1326 861 1418 899 filius
1458 874 1502 899 ex

847 918 989 967 Pyrrha
1014 923 1216 969 prognatus
1253 918 1386 956 Hellen
1410 922 1502 965 erat,

850 975 912 1024 qui
937 988 1019 1012 cum
1036 975 1131 1025 patri
1159 975 1240 1025 ipse
1267 975 1502 1013 successisset

847 1031 886 1067 in
923 1044 1061 1080 regno,
1106 1032 1192 1069 dein
1222 1030 1305 1068 filiis
1335 1031 1410 1067 suis
1443 1043 1501 1068 re-

847 1101 959 1137 gnum
983 1088 1152 1126 divisisse
1170 1089 1294 1126 fertur.
1324 1088 1401 1126 Sed
1419 1086 1500 1138 plu-

847 1157 888 1181 ra
908 1144 1021 1182 Beck.
1046 1144 1068 1180 l.
1090 1144 1114 1181 l.

905 1199 1009 1239 οἴκεε
1045 1203 1121 1252 γῆν
1161 1196 1236 1251 τήν
1291 1199 1497 1244 Φθιῶτιν]

848 1255 1049 1304 Phthiotis,
1087 1269 1182 1306 quae
1223 1255 1330 1293 etiarn
1365 1254 1500 1292 Phthia

847 1313 998 1361 dicitur,
1043 1314 1091 1350 ad
1121 1311 1352 1350 Thessaliam
1388 1313 1499 1361 perti-

846 1374 932 1417 net,
960 1371 998 1406 in
1017 1370 1116 1407 cuius
1137 1372 1254 1406 tractu
1272 1368 1499 1405 meridionali

847 1427 896 1464 ad
914 1430 1073 1464 montem
1100 1426 1244 1474 Othryn
1272 1425 1357 1463 inde
1375 1437 1397 1462 a
1417 1426 1499 1461 fon-

846 1484 942 1521 tibus
961 1482 1126 1534 Sperchii
1153 1481 1357 1520 extenditur
1382 1494 1499 1531 usque

846 1541 895 1578 ad
926 1540 1157 1589 Pagasaeum
1194 1539 1337 1584 sinum3
1370 1550 1500 1587 quam-

847 1609 956 1647 quam
997 1609 1064 1647 pro
1103 1600 1309 1645 temporum
1357 1595 1500 1632 ratione

845 1655 940 1692 fines
964 1666 1111 1702 quoque
1128 1651 1290 1690 variasse
1308 1651 1500 1701 probabile

846 1710 897 1747 fit.
956 1709 1124 1758 Augusto
1163 1706 1341 1745 Romanis
1383 1707 1498 1757 impe-

847 1770 950 1804 rante
981 1767 1030 1803 ad
1051 1764 1280 1803 Thessaliam
1296 1763 1497 1812 haecregio

847 1824 973 1860 itidem
1006 1822 1196 1872 pertinuit,
1225 1824 1320 1860 teste
1337 1820 1498 1857 Pausan.

847 1880 905 1927 X,
930 1881 955 1920 8
986 1877 1024 1929 §.
1053 1882 1091 1920 2.
1148 1877 1260 1915 Plura
1290 1877 1403 1915 Beck.
1433 1876 1455 1913 l.
1473 1877 1495 1913 l.

844 1937 917 1986 Ip.
943 1937 1023 1976 831
1054 1934 1133 1972 coll.
1180 1933 1365 1971 Mannert.
1397 1934 1497 1971 Geo-

845 1992 973 2042 graph.
983 1993 1019 2029 d.
1031 1991 1095 2028 Gr.
1109 2005 1142 2027 u.
1151 1991 1259 2028 Ram.
1272 1990 1342 2027 Vll
1353 2003 1390 2040 p.
1402 1989 1494 2031 598.

845 2051 894 2087 Et
912 2050 987 2086 iure
1010 2048 1226 2098 primitivam
1238 2047 1397 2084 Doricae
1407 2059 1498 2095 gen—

844 2107 891 2144 tis
930 2106 1056 2143 sedem
1087 2104 1334 2142 Phthiotidem
1373 2103 1498 2140 statuit

843 2163 967 2200 Kruse
989 2161 1116 2198 Hellas
1135 2160 1152 2197 I
1178 2175 1215 2211 p.
1235 2160 1329 2201 522.

903 2217 967 2257 ἐπὶ
981 2215 1023 2257 δὲ
1043 2213 1189 2267 Δώρου
1206 2213 1497 2266 τοῦ”Έλλἠνος,

845 2272 919 2326 τήν
939 2271 1020 2315 ὖπό
1036 2271 1272 2326 τῆν’Όσσαν
1289 2287 1330 2312 τε
1349 2272 1416 2312 καὶ
1428 2270 1498 2312 τόν

849 2329 1066 2381 Οὔλυμπον
1112 2326 1267 2383 χώρην,
1315 2328 1499 2379 καλεομέ-

845 2404 923 2439 νην
945 2385 1252 2439 δὲἹστιαιῶτιν]
1283 2385 1342 2424 De
1354 2386 1498 2424 Hellene

846 2459 1001 2495 regnum
1026 2445 1120 2482 inter
1142 2444 1238 2481 filios
1274 2443 1339 2491 (in
1367 2444 1497 2492 quibus

848 2502 982 2540 Dorum
1000 2544 1003 2545 ⁷
1023 2502 1137 2539 fuisse
1175 2500 1333 2538 dubitari
1352 2499 1497 2549 nequit)

848 2559 1033 2597 dividente
1065 2558 1159 2595 conf.
1186 2555 1357 2607 Apollod.
1389 2556 1428 2603 I,
1458 2559 1498 2603 7,

849 2620 887 2657 2.
910 2619 935 2657 3
974 2614 1054 2652 coll.
1089 2614 1248 2651 Pausan.
1281 2613 1368 2660 Vll,
1399 2615 1422 2653 1
1463 2617 1498 2650 et

847 2672 959 2709 Beck.
982 2671 1004 2708 l.
1022 2670 1044 2707 l.
1066 2683 1154 2721 pag.
1175 2672 1267 2711 812.
1329 2669 1413 2712 Quo
1434 2681 1498 2705 au-

847 2733 921 2766 tem
954 2732 1121 2777 tempore
1159 2730 1196 2764 et
1229 2738 1252 2763 a
1283 2726 1498 2775 quibusnam

848 2785 967 2835 patria
1002 2788 1098 2822 terra
1125 2783 1249 2821 Dorus
1281 2783 1329 2819 sit
1358 2782 1497 2832 pulsus,

847 2841 946 2878 haud
964 2844 1189 2891 compeltum
1207 2839 1391 2877 habemus.
1422 2837 1496 2874 He-

851 2899 1033 2947 maeotis,
1062 2909 1136 2949 quo
1160 2896 1220 2936 ille
1252 2896 1360 2935 sedes
1377 2898 1497 2933 trans-
