1759 3324
311 264 396 306 454

706 261 1176 301 HERODOTI

283 370 411 416 6ἕλεά
440 388 483 416 τε
521 372 593 415 καὶ
626 371 806 427 τενάγεα
836 371 1014 415 ἐκδιδοῖ.
1073 371 1120 414 ἐν
1159 375 1272 414 τοῖσι
1311 368 1578 428 ἅνθρςόπους

312 455 600 507 κατοικῆσθαι
656 452 831 506 λέγουσι
888 452 1014 506 ἰχθῦς
1071 447 1218 505 ω’μοὺς
1276 449 1575 505 σιτεομένους,

312 530 465 588 ἐσθῆτι
512 531 557 575 δὲ
604 533 861 586 νομίζοντας
917 533 1108 585 χρᾶσθαι
1157 528 1341 584 φωκέων
1387 530 1579 584 δέρμασι.

282 609 364 654 7τὸ
394 609 440 653 δὲ
478 611 528 653 ἓν
564 614 653 652 τῶν
689 608 916 665 στομάτων
946 613 1025 652 τοῦ
1059 605 1242 662 Ἀράξεω
1284 609 1371 663 ῥέει
1402 606 1476 650 δια
1507 611 1637 650 noc-85

285 692 468 743 8θαροῦ
507 688 550 739 ἐς
585 688 664 743 τὴν
702 689 906 743 Κασπίην
942 687 1184 731 θάλασσαν.

312 766 517 812 θάλασσα
528 800 540 819 ,

259 935 552 991 ποταμούςς
582 939 620 977 id
639 940 752 991 quod,
773 939 804 977 si
823 939 916 977 Bre-

259 997 365 1035 dowii
392 997 608 1035 sententiam
639 1009 751 1047 supra
787 995 917 1033 lauda-

258 1058 333 1091 tam
357 1053 414 1103 (p.
424 1052 571 1102 XXXI)
589 1053 829 1103 amplectaris,
839 1065 915 1089 non

260 1110 407 1148 omnino
435 1114 561 1148 contra
587 1122 713 1148 verum
733 1109 916 1147 Herodoti

259 1179 404 1206 sensum
438 1167 572 1204 dictum
603 1166 781 1204 videatur.
842 1165 917 1209 Qui

256 1223 355 1270 {dem
368 1222 580 1261 Bredowius
600 1222 656 1273 (p.
675 1222 806 1271 XXX)
817 1222 915 1273 opti-

258 1289 319 1318 me
354 1283 500 1327 monet,
539 1291 729 1317 numerum
761 1279 918 1329 quadra-

261 1338 365 1387 ginta
385 1349 453 1386 pro
471 1335 698 1373 orientalium
727 1348 830 1373 more
858 1335 917 1372 hic

259 1392 487 1430 indefinitum
524 1405 626 1439 esse,
674 1393 747 1442 quo
782 1404 919 1441 magna

260 1449 409 1487 omnino
429 1449 536 1500 copia
558 1447 774 1486 declaretur.
806 1448 918 1486 Conf.

261 1516 357 1556 quae
375 1505 448 1542 iam
468 1517 580 1556 supra
600 1505 649 1542 ad
673 1505 711 1552 Ι,
734 1506 813 1546 163
839 1517 919 1541 mo-

262 1562 405 1599 nuimus
455 1574 499 1599 ex
543 1562 673 1599 eodem
709 1561 917 1599 Bredowio.

263 1618 500 1670 Quapropter
523 1618 561 1654 in
583 1631 629 1656 eo
645 1630 721 1655 non
746 1618 919 1655 insisten—

262 1674 371 1722 dum,
408 1674 508 1724 quod
557 1673 693 1711 Strabo
735 1673 918 1711 duodecim

261 1735 401 1769 tantum
419 1743 502 1769 esse
532 1731 621 1768 dicit
649 1731 763 1778 ostia,
792 1730 919 1768 Ptole-

262 1799 389 1826 maeus
407 1789 499 1835 tria,
528 1788 703 1837 quodque
719 1786 776 1825 vel
794 1799 919 1825 recen-

262 1845 374 1882 tiores
398 1844 602 1895 geographi
630 1844 668 1880 in
686 1843 740 1880 his
762 1844 919 1881 maxime

263 1900 418 1938 variant.
476 1901 545 1938 Vix
566 1900 660 1938 enim
686 1900 736 1936 illi
757 1901 842 1937 satis
863 1903 920 1937 at-

262 1955 460 1995 tenderunt
495 1957 703 2007 frequentes
728 1956 921 1993 fluviorum

262 2014 563 2050 commutationes
591 2012 629 2048 in
660 2012 730 2048 illis
760 2012 921 2062 regioni-

262 2067 353 2114 bus3
399 2069 499 2106 unde
543 2068 631 2106 satis
674 2072 799 2119 patet,
846 2080 921 2104 non

265 2124 419 2164 eandem
480 2124 647 2161 omnibus
696 2124 919 2175 temporibus

263 2179 377 2218 fuisse
412 2180 560 2217 istorum
606 2180 768 2217 locorum
807 2180 921 2216 ratio-

265 2247 374 2283 nem,
401 2248 469 2274 nee
495 2249 639 2286 semper
663 2237 790 2274 eadem
810 2236 921 2274 fuisse

265 2292 378 2340 ostia,
408 2292 473 2330 sed
497 2293 652 2330 maxime
677 2305 745 2342 pro
778 2296 922 2342 tempo-

269 2348 370 2385 ribus
389 2349 540 2386 diversis
560 2348 704 2386 diversa
721 2348 781 2384 illa
800 2352 836 2385 et
853 2361 922 2386 nu-

266 2415 366 2441 mero
392 2409 428 2442 et
452 2404 544 2442 loco.
603 2404 686 2441 Vid.
718 2417 813 2454 quae
842 2417 921 2441 mo-

264 2461 344 2497 nuit
361 2460 511 2498 Dureau
530 2461 576 2498 de
589 2459 752 2499 Lamalle
772 2461 807 2497 in
820 2461 921 2498 Geo-

265 2516 419 2568 graphie
443 2517 623 2568 physique
651 2518 688 2555 d.
714 2530 792 2555 mer
818 2517 919 2555 noire

265 2576 334 2610 etc.
359 2585 446 2624 pag.
480 2574 560 2614 188
591 2577 667 2610 not.
702 2594 758 2601 —
790 2573 921 2611 Monet

264 2634 458 2680 praeterea
465 2629 842 2677 Schweighaeuserus,
851 2630 921 2666 mi-

265 2685 363 2723 nime
383 2698 462 2723 eam
480 2698 561 2722 esse
572 2685 751 2722 Herodoti
774 2691 921 2724 senten-

266 2741 355 2778 tiam
370 2770 382 2788 ,
439 2742 543 2791 quasi
576 2754 640 2791 per
681 2742 921 2792 quadraginta

268 2799 362 2834 ostia
395 2799 433 2834 in
460 2810 553 2834 mare
589 2797 752 2847 Caspium
788 2801 921 2849 influat

266 2850 328 2890 ille
364 2855 495 2901 amm's,
540 2866 649 2903 quum
694 2855 830 2892 diserte
863 2856 921 2893 ille

268 2911 422 2959 doceat,
451 2913 600 2948 caeteros
617 2910 733 2948 alveos
754 2913 792 2948 in
807 2912 917 2962 palu-

1245 687 1272 743 ἡ
1316 690 1362 730 δὲ
1405 688 1581 742 Κασπίη

603 766 693 811 ἔστι
732 764 803 810 ἐπ’
849 767 1034 822 ἑωυτῆς,
1093 764 1147 810 οὐ
1188 768 1492 823 συμμίσγουσα
1525 769 1578 821 τῇ

985 938 1045 976 des
1090 941 1124 975 et
1157 938 1305 976 lacunas
1340 941 1456 987 exire,
1501 941 1642 977 nonnisi

983 1007 1090 1032 unum
1109 997 1147 1031 in
1172 1008 1265 1032 mare
1291 996 1449 1046 influere.
1488 995 1547 1032 Ex
1566 1009 1640 1046 quo

985 1052 1073 1089 satis
1091 1063 1271 1102 apparere
1288 1051 1382 1100 vult,
1405 1047 1642 1104 ἐρεύγεσθαι

983 1120 1059 1145 non
1085 1107 1126 1144 de
1156 1110 1256 1144 ostiis
1284 1110 1322 1144 in
1350 1121 1445 1146 mare
1464 1122 1499 1146 se
1519 1121 1643 1146 exone-

982 1165 1146 1201 rantibus
1176 1165 1311 1202 debere
1338 1166 1471 1217 accipi,
1511 1166 1578 1202 sed
1600 1164 1643 1202 de

982 1223 1072 1258 rivis
1089 1234 1106 1258 e
1129 1220 1373 1270 quadraginta
1395 1223 1542 1272 orificiis
1561 1234 1642 1258 sca-

984 1278 1192 1315 turientibus
1207 1281 1239 1314 et
1252 1290 1385 1326 magna
1405 1281 1444 1315 vi
1465 1290 1644 1328 erumpen-

985 1335 1080 1371 tibus
1093 1363 1104 1382 ‚
1135 1341 1175 1371 ut
1195 1335 1295 1386 apud
1312 1333 1460 1372 Pindar.
1481 1334 1588 1384 Pyth.
1612 1334 1643 1382 I,

985 1390 1053 1433 40.
1086 1410 1143 1418 --
1172 1385 1340 1441 τενάγεα
1371 1396 1455 1428 sunt
1477 1390 1642 1443 paludes,

986 1446 1153 1494 lacunae,
1181 1450 1224 1483 ut
1249 1446 1355 1494 VIII,
1379 1449 1472 1489 129.

1042 1502 1086 1543 ἕν
1107 1506 1210 1542 τοῖσι
1236 1497 1487 1555 ἀνθρώπους
1513 1518 1644 1543 κατοι-

985 1561 1049 1610 κῆ
1061 1557 1182 1610 σθαι]
1233 1560 1295 1596 Sic
1333 1558 1500 1598 meliores
1549 1559 1643 1597 libri.

985 1616 1106 1666 Vulgo
1142 1618 1462 1655 κατοικεῖσθαι.
1500 1637 1557 1644 -
1585 1615 1646 1653 Ad

986 1674 1222 1724 νομίζοντας
1240 1672 1278 1709 in
1301 1685 1404 1722 seqq.
1423 1674 1467 1710 cf.
1494 1672 1524 1720 I,
1550 1674 1642 1714 130.

1044 1728 1126 1781 ῥέει
1151 1725 1218 1768 δια
1241 1730 1452 1779 καθαροῦ]
1493 1728 1647 1767 Wesse-

985 1786 1074 1835 ling.
1104 1785 1266 1836 suppleri
1300 1785 1402 1824 iubet
1425 1780 1575 1833 τόπου,
1605 1789 1646 1822 ut

986 1843 1085 1880 fluvii
1111 1842 1181 1879 hoc
1213 1841 1344 1880 ostium
1373 1855 1482 1879 unum
1514 1841 1647 1879 intelli-

987 1903 1097 1948 gatur
1124 1910 1190 1948 per
1227 1900 1367 1935 minime
1408 1897 1588 1935 turbidum
1612 1900 1646 1935 et

989 1956 1147 1992 limosum
1166 1954 1261 2002 labi,
1285 1967 1367 1991 cum
1387 1954 1529 2004 reliqua
1551 1954 1647 1991 ostia

987 2012 1026 2048 in
1070 2011 1224 2062 paludes
1270 2014 1475 2060 stagnaque
1526 2010 1647 2048 lutosa

989 2067 1251 2106 evolverentur.
1309 2067 1373 2103 Sic
1390 2067 1485 2104 infra
1501 2066 1566 2115 IV,
1590 2068 1645 2109 53

988 2124 1037 2161 de
1055 2122 1301 2172 Borysthene:
1330 2121 1411 2175 ῥέει
1426 2137 1467 2162 τε
1488 2127 1647 2163 καθα-

988 2175 1073 2231 ρὸς
1103 2174 1214 2230 παρα
1241 2181 1461 2231 θαλεροῖσι.
1519 2179 1646 2224 Quare

987 2247 1063 2273 non
1078 2235 1218 2286 placet,
1237 2236 1337 2285 quod
1354 2236 1557 2286 Schweigh.
1577 2232 1644 2276 διοὶ

987 2294 1176 2344 καθαροῦ
1220 2293 1446 2330 commodius
1493 2292 1645 2342 intelligi

987 2352 1115 2399 putat:
1142 2348 1316 2399 perlem,
1347 2349 1409 2386 ubi
1427 2349 1563 2386 nullum
1587 2350 1647 2386 ob-

988 2408 1064 2441 stat
1104 2405 1407 2454 impedimentum,·
1457 2405 1538 2444 coll.
1565 2405 1646 2455 Vll,

990 2462 1071 2502 183
1108 2466 1145 2499 et
1175 2461 1361 2513 Aristoph.
1385 2461 1528 2500 Eccles.
1548 2464 1645 2504 320.

1044 2515 1073 2566 ’ἡ
1094 2514 1137 2556 δὲ
1158 2518 1322 2569 Κασπίη
1344 2514 1544 2567 θάλασσα,
1566 2518 1647 2559 ἔστι

987 2568 1054 2611 ἐπ’
1077 2571 1228 2624 ἑωυτῆς
1245 2589 1280 2612 κ.
1302 2590 1336 2613 τ.
1358 2573 1409 2625 L]
1440 2575 1539 2613 Satis
1559 2575 1648 2614 haec

988 2629 1179 2677 evincunt,
1199 2631 1328 2668 eximia
1348 2631 1525 2670 Nostrum
1543 2632 1646 2670 huius

987 2686 1096 2723 maris
1119 2687 1268 2724 scientia
1286 2701 1375 2738 prae
1385 2689 1514 2726 ceteris
1533 2689 1647 2727 fuisse

989 2742 1215 2780 instructum.
1274 2743 1373 2782 Nam
1389 2744 1519 2795 reliqui
1536 2745 1647 2794 vulgo

989 2799 1172 2837 tradidere
1183 2828 1193 2846 ‚
1207 2812 1250 2837 ex
1267 2813 1404 2838 oceano
1426 2802 1648 2852 septentrio·

989 2854 1063 2891 nali
1073 2855 1248 2906 Caspium
1269 2869 1370 2896 mare
1388 2857 1554 2905 influere,
1574 2857 1647 2907 qua

989 2911 1038 2949 de
1056 2912 1228 2963 opinione
1249 2912 1354 2964 plura
1372 2914 1583 2952 Casaubon.
1596 2914 1646 2952 ad
