1759 3324
504 238 933 279 EUTERPE.
978 238 1024 276 ΙΙ.

1304 241 1388 281 777

119 368 193 396 τα·
223 352 328 408 μετὰ
358 351 427 401 δὲ,
459 350 511 393 voi
543 347 732 404 ἑπόμενα
761 347 931 390 τούτων
960 347 1200 399 ἐξεποίευν·
1240 352 1386 392 τελευ-
1398 356 1443 390 25

117 437 218 476 ταῖα
247 431 293 475 δὲ
324 428 456 485 αὐτῆς
482 427 535 471 τὰ
566 427 739 483 ἐπίγαια
767 427 841 470 καὶ
863 425 916 469 τοὶ
940 425 1171 470 κατωτάτω
1195 427 1386 484 ἐξεποίη-

87 520 214 556 5σαν.
272 507 552 563 Σεσήμανται
583 506 628 549 δὲ
659 506 732 550 διὰ
761 505 1030 562 γραμμάτων
1057 507 1310 561 Αἰγυπτίων
1340 506 1387 550 ἐν

115 594 168 647 τῇ
191 589 423 643 πυραμίδι,
465 585 546 629 ὅσα
576 586 617 637 ἔς
646 602 690 628 τε
722 586 939 641 συρμαίην
972 585 1044 629 καὶ
1075 584 1280 640 κρόμμυα
1310 586 1385 629 καὶ

114 668 308 723 σκόροδα
347 664 626 721 ἀναισιμώθη
665 671 779 709 τοῖσι
819 664 1166 720 ἐργαζομένοισι·
1220 665 1293 708 καὶ
1326 665 1385 717 ὥς

113 746 184 804 ἐμὲ
212 742 263 791 εὖ
292 750 539 802 μεμνῆσθαι
570 745 623 787 τὰ
654 742 676 788 ὁ
709 743 920 801 ἑρμηνεύς
949 760 1047 799 μοι,
1079 744 1380 801 ἐπιλεγόμενος
1394 751 1440 785 30

110 826 164 870 τὰ
191 825 446 883 γράμματα,
476 825 584 882 ἔφη,
619 823 821 876 ἑξακόσια
851 824 922 867 καὶ
953 825 1067 880 χίλια
1090 823 1281 868 τάλαντα
1302 823 1382 879 ἆρ-

54 1034 202 1072 omnino
222 1033 333 1071 modo
351 1033 575 1084 pyramidem
588 1033 711 1084 perfici

54 1091 223 1142 potuisse
239 1095 364 1128 monet
380 1091 477 1127 Hirt.
501 1090 522 1128 l.
540 1091 561 1127 l.
585 1104 622 1141 p.
643 1090 708 1132 25.

113 1142 354 1197 σεσήμανται
376 1144 418 1185 δὲ
450 1143 516 1185 tit-c?
534 1142 711 1199 γραμμά-

54 1219 133 1245 των
152 1203 384 1256 Αἰγυπτίων
411 1203 453 1243 ἐν
473 1206 521 1258 τῇ
541 1204 710 1255 πυραμί-

55 1258 109 1311 δι]
139 1260 197 1298 De
226 1260 353 1310 plurali
387 1273 409 1298 σ
421 1275 437 1298 ε
451 1273 472 1299 σ
486 1258 512 1312 η’
525 1277 549 1309 μ
563 1276 620 1300 αν
631 1276 650 1298 τ
661 1276 685 1298 α
697 1275 709 1299 ι

55 1317 180 1355 confer
207 1318 254 1353 ad
298 1317 349 1364 ΙΙ,
379 1320 444 1358 96.
513 1318 709 1355 Caeterum

53 1374 255 1411 istiusmodi
282 1374 536 1424 inscriptiones
564 1375 601 1411 in
619 1374 711 1424 lapi-

55 1431 120 1469 des
142 1430 361 1478 laevigatas,
391 1431 520 1479 quibus
541 1435 617 1467 tota
643 1444 710 1480 py-

52 1487 162 1525 ramis
181 1488 402 1525 extrinseeus
425 1492 521 1524 tecta
543 1493 632 1534 erat,
655 1488 710 1523 in-

54 1545 149 1582 cisae
165 1544 279 1582 fuisse
298 1545 474 1581 videntur.
510 1545 591 1581 vid.
613 1545 707 1581 Hirt.

53 1601 75 1639 l.
94 1601 117 1638 l.
147 1614 233 1650 pag.
256 1603 306 1642 13
330 1614 405 1650 seq.
424 1622 480 1627 —
498 1599 708 1651 γράμματα

51 1653 255 1709 Αἰγύπτια
276 1657 333 1694 hic
358 1659 404 1694 de
424 1657 562 1707 vulgari
585 1659 708 1707 Aegy-

51 1715 210 1765 ptiorum
249 1714 425 1764 scriptura
444 1743 455 1760 ‚
502 1728 622 1763 neque
661 1716 707 1752 de

51 1770 329 1820 hieroglyphicis
356 1771 467 1808 literis
497 1771 607 1820 accipi
635 1771 708 1808 vult

51 1825 254 1865 Larcherus
279 1855 290 1872 ‚
339 1841 417 1864 cum
456 1828 574 1864 adhuc
612 1827 708 1864 nulla

51 1883 404 1934 hieroglyphicorum
420 1884 575 1932 vestigia
587 1885 622 1920 in
638 1898 707 1934 py-

50 1941 249 1977 ramidibus
269 1941 546 1990 conspiciantur.
605 1941 708 1978 Idem

50 1996 170 2048 placet
191 1997 419 2035 Dalllmanno
440 1998 547 2045 (Her.
570 2011 606 2048 p.
620 1998 706 2045 65),

50 2067 129 2091 cum
147 2053 280 2103 alioqui
299 2067 519 2104 supervacua
532 2059 626 2092 esset
638 2068 707 2091 vox

49 2110 301 2162 Αἰγυπτίων,
326 2111 518 2160 ipsumque
539 2112 632 2148 adeo
651 2112 706 2148 in-

49 2168 256 2219 scriptionis
292 2172 543 2216 argumentum
583 2168 703 2205 hiero-

49 2223 192 2275 glyphis
215 2226 379 2275 profecto
407 2225 525 2262 minus
550 2225 702 2272 dignum

47 2281 185 2319 fuisset.
241 2284 363 2330 Atque
380 2294 459 2318 cum
477 2286 562 2331 post
579 2282 703 2319 Hero-

50 2337 159 2374 dotus
184 2338 419 2388 interpretem
438 2338 602 2387 appellet
620 2337 702 2389 (ἕρ-

50 2391 206 2445 μηνέα),
235 2395 296 2444 qui
329 2395 398 2444 ipsi
425 2395 514 2433 haee
536 2396 702 2443 edixerit,

48 2449 206 2498 vulgaris
249 2451 430 2489 hominem
485 2453 700 2489 conditionis

48 2510 154 2556 putat
170 2507 281 2545 fuisse
302 2508 548 2546 Graecanicae
567 2510 699 2546 fortas·

52 2576 91 2600 se
110 2563 240 2610 faecis,
269 2577 364 2613 quae
383 2566 469 2602 inde
488 2578 510 2601 a
522 2565 699 2604 Psammi-

49 2618 135 2656 tichi
150 2623 312 2670 tempore
329 2634 394 2670 per
408 2621 614 2672 Aegyptum
633 2622 698 2659 ha·-

51 2675 180 2712 bitarit.
239 2677 351 2721 Quod
368 2677 455 2715 mihi
474 2691 577 2715 secus
599 2680 701 2716 vide-

50 2736 109 2768 tur
121 2759 132 2778 ,
157 2733 218 2781 qui
234 2733 348 2783 probe
365 2734 473 2771 sciam
486 2762 497 2780 ‚
530 2735 701 2772 Herodo-

50 2792 127 2824 tum
149 2788 205 2835 (ut
222 2789 302 2839 ipse
321 2791 473 2837 fatetur)
492 2803 513 2826 a
531 2793 700 2830 sacerdo-

50 2847 127 2880 tum
153 2846 356 2883 narratione
389 2848 552 2896 pendere
580 2853 616 2885 et
640 2861 699 2884 sa-

52 2900 236 2938 cerdotum
282 2903 544 2941 consuetudine
587 2905 698 2942 fuisse

781 1047 908 1080 usum3
956 1046 1070 1084 quare
1106 1032 1229 1071 malim
1268 1032 1437 1082 equidem

781 1095 965 1137 statuere,
998 1104 1018 1128 e
1046 1091 1277 1128 sacerdotum
1303 1089 1439 1127 familia

779 1147 878 1183 illum
906 1148 1142 1197 interpretem
1178 1147 1303 1184 fuisse.
1362 1146 1439 1183 Cur

778 1217 864 1240 vero
896 1199 1107 1255 γράμματα
1146 1199 1351 1255 Αἰγύπτια
1389 1203 1439 1239 ad

778 1259 964 1308 vulgarem
990 1261 1203 1310 scripturam
1231 1260 1437 1297 necessario

778 1318 853 1354 sint
880 1318 1073 1354 referenda
1090 1344 1102 1363 ‚
1132 1316 1230 1353 haud
1258 1315 1436 1364 intelligo,

779 1387 860 1411 cum
878 1379 913 1412 et
934 1387 1074 1410 sacram
1096 1377 1131 1410 et
1149 1373 1335 1421 vulgatam
1350 1374 1437 1409 scri-

778 1435 922 1480 pturam
944 1430 1164 1480 Aegyptiam
1191 1429 1331 1466 Noster
1359 1442 1437 1466 me-

778 1492 895 1524 moret
916 1487 972 1534 11,
993 1489 1059 1528 36.
1096 1486 1160 1523 Cr.
1187 1486 1342 1523 conferri
1361 1485 1436 1523 vult

779 1544 909 1591 Palm„
933 1546 1116 1592 fragmens
1133 1556 1194 1580 sur
1215 1543 1348 1580 l’etude
1369 1542 1434 1580 des

778 1601 1036 1651 hieroglyphes
1062 1600 1111 1637 [V
1140 1613 1177 1652 p.
1200 1600 1262 1642 15.

832 1680 904 1724 ’ὅσα
927 1683 965 1730 ἔς
984 1699 1024 1723 τε
1046 1684 1245 1735 συρμαίην
1272 1699 1309 1722 κ.
1332 1698 1363 1722 τ.
1384 1682 1433 1734 λ.]

779 1741 977 1791 συρμαίην
1007 1741 1065 1778 hic
1084 1741 1209 1791 procul
1231 1741 1345 1778 dubio
1377 1741 1434 1778 in-

776 1799 905 1847 telligit
933 1797 1136 1847 raphanos,
1168 1811 1322 1846 quorum
1353 1811 1435 1834 suc-

778 1868 858 1892 cum
895 1855 943 1891 ad
992 1859 1152 1892 ventrem
1200 1855 1435 1903 purgandum

778 1912 873 1947 haud
902 1912 975 1947 scio
1006 1923 1053 1948 an
1086 1911 1217 1948 dixerit
1245 1923 1355 1960 supra
1386 1910 1433 1958 II,

777 1970 854 2016 88,
884 1968 944 2004 nbi
968 1968 1038 2004 vid.
1088 1968 1262 2004 Probavit
1285 1967 1434 2005 wesse-

774 2024 861 2073 ling.
877 2026 929 2061 ad
945 2024 1098 2062 Diodor.
1115 2024 1142 2071 Ι,
1165 2025 1219 2065 64
1242 2024 1336 2061 bene
1356 2024 1434 2060 lau-

774 2082 866 2118 dans
887 2081 1043 2118 Plinium
1060 2081 1094 2117 h.
1117 2094 1153 2117 n.
1173 2080 1346 2127 XXXVI,
1369 2083 1431 2121 12.

773 2137 825 2176 Ac
865 2143 1014 2189 praeter
1042 2137 1226 2174 Zonaram
1265 2138 1302 2173 in
1330 2137 1432 2175 lexic.

773 2195 904 2232 Graec.
922 2209 960 2245 p.
984 2193 1093 2236 1684
1125 2194 1205 2241 (ubi
1225 2194 1341 2230 cibum
1362 2193 1434 2231 hoc

770 2253 918 2288 nomine
938 2251 1116 2300 insignem
1136 2251 1316 2299 agnoscit,
1334 2263 1433 2287 com-

770 2309 930 2358 positum
955 2322 975 2346 e
995 2307 1101 2345 melle
1124 2312 1162 2346 et
1181 2308 1318 2357 adipe)
1346 2320 1433 2357 per-

770 2366 863 2403 tinet
915 2365 984 2402 huc
1027 2363 1150 2413 glossa
1195 2363 1431 2402 Herodotea:

771 2422 970 2473 συρμαίην
985 2434 994 2442 ·
1053 2416 1229 2472 λάχανον
1291 2420 1431 2472 σελίνῳ

770 2475 918 2526 ἐοικὸς,
949 2474 977 2529 ἢ
1008 2478 1150 2531 βρῶμα
1180 2473 1247 2517 διοῖ
1273 2475 1432 2523 στέατος

768 2534 835 2574 καὶ
856 2534 1021 2586 μέλιτος.

827 2617 892 2666 (ὅς
919 2617 986 2670 ἐμὲ
1011 2613 1056 2659 εὖ
1077 2615 1337 2669 μεμνῆσθαι]
1369 2617 1430 2654 Cf.

768 2677 900 2714 Matth.
914 2677 979 2714 Gr.
993 2677 1058 2714 Gr.
1069 2690 1106 2726 p.
1123 2677 1244 2717 1069.
1265 2674 1306 2710 ln
1324 2687 1428 2723 seqq.

769 2730 1046 2784 ἐπιλεγόμενος
1071 2734 1139 2770 erit
1158 2731 1428 2780 accipiendum:

767 2790 882 2837 legens
902 2818 912 2836 ‚
950 2794 1121 2828 monente
1150 2787 1357 2835 Schweigh.
1392 2787 1428 2823 in

767 2847 834 2884 lex.
857 2847 1038 2885 Herodot.
1067 2860 1095 2883 ε.
1125 2859 1223 2892 voc.‚
1264 2844 1324 2881 ubi
1352 2843 1424 2880 vid.

765 2904 883 2954 plura.
