1777 3324
479 259 901 302 EUTERPE.
953 259 1000 296 11.

1277 259 1364 298 875

101 375 296 421 τούτοισι
326 375 369 418 οῖ
397 375 518 430 φίλοι
548 369 710 422 αὐτοῦ,
739 368 1002 413 ἐνουθέτεον
1031 363 1188 418 αὐτὸν,
1217 365 1361 409 τοιάδε

102 456 319 512 λέγοντες·
360 448 435 506 „³52
464 453 664 507 βασιλεῦ,
715 447 798 492 οὐκ
830 447 976 502 ὀρθῶς
1005 449 1200 489 σεωυτοῦ
1228 445 1362 500 προέ-

101 549 313 591 ,,στηκας,
376 531 419 581 ἐς
457 529 506 572 τὸ
549 528 661 585 ἄγαν
698 531 872 584 φαῦλον
907 523 1116 581 προάγων
1159 521 1362 568 σεωυτόν.

70 614 180 667 8,,σὲ
210 613 293 668 γὰρ
333 613 441 665 χρῆν
481 609 528 652 έν
567 607 718 668 θρόνῳ
758 608 903 663 σεμνῷ
933 604 1094 661 σεμνὸν
1122 602 1364 654 θωκέοντα,

99 725 124 745 ,,
137 690 187 736 δι’
218 689 379 746 ἡμέρης
408 686 618 744 πρήσσειν
655 687 708 731 τὰ
746 684 998 742 πρήγματα·
1038 684 1111 729 καὶ
1141 683 1256 727 οὕτω
1287 684 1363 725 Αἰ-

100 769 309 827 ,,γυ’πτιοί
347 768 381 812 τ’
412 768 468 812 ἂν
511 767 732 812 ἐπιστέατο
775 764 832 818 ὡς
861 764 935 809 ὑπ’
973 762 1138 819 ἀνδρὸς
1167 761 1358 820 μεγάλου
1374 768 1419 803 55

72 848 372 905 4,,ὂέρχονται,
420 849 494 892 καὶ
542 845 721 904 ἄμεινον
760 845 815 890 σὺ
861 844 916 889 ἂν
961 843 1131 901 ἤκουες.
1190 846 1275 886 νῦν
1317 841 1364 885 δὲ

102 929 299 981 ,,ποιέεις
339 927 544 984 οὐδαμῶς
578 924 821 983 βασιλικά.“

883 924 934 968 Ὃ
963 922 1001 969 δ’
1046 923 1244 979 ἀμείβετο
1274 937 1364 965 τοι-

103 1010 194 1052 σίδε
225 1006 408 1059 αὐτούς·
467 1006 570 1059 ,,Τοέ
601 1004 704 1058 τόξα
735 1007 779 1049 οἷ
806 1003 1084 1060 κεκτημένοι,
1123 1000 1254 1046 έπεοὶν
1284 1000 1363 1056 μὲν

101 1120 127 1140 ,‚
140 1088 321 1131 δέωνται
348 1090 561 1144 χρᾶσθαι,
591 1083 902 1129 ἐνταννύουσι·
932 1083 1062 1127 ἐπεὰν
1093 1082 1139 1126 δὲ
1167 1079 1364 1138 χρήσων-

45 1283 244 1330 relaxaret,
274 1285 312 1320 in
340 1284 425 1320 vino
448 1282 701 1333 petulantiori-

45 1341 109 1378 bus
135 1340 340 1389 indulgebat
364 1342 473 1377 iocis:
511 1341 562 1377 sic
587 1340 700 1377 inter-

45 1401 170 1449 pretor
189 1397 412 1435 Herodotea.
482 1397 581 1441 Quia
601 1409 700 1434 com-

46 1454 234 1505 potoribus
262 1454 347 1504 ipsis
379 1453 475 1490 lusus
513 1453 571 1490 isti
600 1453 698 1501 regis

47 1523 205 1561 persona
223 1511 340 1547 minus
357 1511 565 1547 viderentur
585 1509 699 1558 digni,

47 1562 214 1618 μάταιος
243 1568 354 1604 fuisse
389 1567 516 1603 dicitur
546 1570 581 1603 et
605 1581 698 1604 παι-

47 1619 240 1675 γνιήμων.
298 1623 700 1672 Ρεῑιηιιῒειηωτματα-

49 1680 146 1726 ΐζειν
179 1684 216 1716 et
244 1675 505 1729 ἇσχημονεῖν,
556 1683 595 1716 et
627 1681 702 1716 for-

49 1740 146 1773 tasse
169 1735 274 1772 solita
302 1737 368 1773 sibi
398 1735 606 1773 castimonia
623 1736 703 1773 He-

49 1794 200 1830 rodotus
217 1797 321 1842 turpe
341 1793 430 1841 quid
448 1792 621 1840 ambigua
639 1805 702 1828 vo-

51 1862 92 1886 ce
108 1849 260 1895 velavit,
291 1854 331 1885 ut
358 1862 406 1886 ne
433 1849 480 1885 ab
511 1849 702 1885 obscoenis

50 1906 198 1955 quidem
217 1905 432 1942 abstinuisse
458 1905 544 1942 iocis
565 1905 703 1953 signifi-

51 1966 201 2000 caretur.
224 1961 433 1999 Deianiram
444 1960 584 1999 Nessus
597 1957 702 2010 ψαύ-

53 2032 87 2057 ει
108 2018 292 2068 ματαίαις
317 2017 447 2068 χερσὶν
474 2018 511 2054 in
531 2018 701 2068 Sophocl.

51 2074 184 2112 Trach.
205 2074 298 2116 574.
336 2074 435 2111 Nam
450 2071 494 2113 ‘cd
510 2076 701 2125 παιγνιῶ-

53 2131 119 2178 δες
136 2131 297 2180 privatae
316 2131 424 2167 sortis
443 2132 600 2168 convivis
622 2131 700 2167 lau-

52 2187 89 2225 di
120 2187 337 2234 ducebatur3
368 2183 622 2239 παιγνιήμων
647 2188 704 2224 di-

53 2243 202 2282 cebatur
230 2246 432 2292 ingeniosus
466 2249 504 2282 et
534 2241 702 2294 εὐφυής,

55 2302 117 2351 qui
126 2302 210 2337 iocis
222 2301 365 2337 urbanis
381 2301 589 2350 indulgeret.
619 2300 704 2338 Pla-

56 2357 161 2394 cebat
184 2356 242 2394 Vel
263 2357 450 2395 cavillator
465 2358 633 2408 Ῑαεεΐαε,
650 2356 706 2394 vel

58 2415 204 2451 conviva
242 2414 435 2451 commodus
471 2415 531 2464 qui
572 2414 706 2451 dicitur

56 2468 186 2506 Plauto
205 2470 276 2507 mil.
296 2471 385 2519 glor.
404 2471 478 2518 ΙΙΙ,
503 2474 539 2517 1,
560 2470 614 2511 47
637 2475 706 2507 etc.

59 2526 153 2562 etc.“
182 2547 237 2554 -—
266 2527 356 2574 „Ita
380 2528 475 2565 enim
503 2526 707 2564 Arnobium

57 2593 231 2630 usurpare
258 2584 367 2621 verba
399 2582 562 2630 ludendi,
599 2583 708 2620 lasci-

58 2638 196 2686 viendi,
231 2638 399 2676 lasciviae
428 2641 596 2677 observat
625 2640 707 2676 He-

59 2693 179 2731 raldus
197 2696 245 2732 ad
274 2695 412 2733 Arnob.
431 2697 512 2733 adv.
538 2700 652 2745 gentt.
675 2695 708 2732 V

59 2749 136 2842 igit.
156 2763 193 2801 p.
212 2753 293 2793 263
321 2753 379 2790 ed.
397 2752 509 2790 Orell.
528 2757 615 2790 tom.
634 2752 708 2790 H.“

97 2817 126 2841 r.

116 2857 159 2899 σὲ
178 2858 251 2914 γάρ
273 2876 328 2926 χρ
338 2865 368 2914 ῆ
374 2862 423 2913 ν]
441 2863 562 2913 Vulgo
577 2862 708 2915 ἐχρῆν.

62 2916 157 2954 Illud
173 2918 375 2969 Schweigh.
396 2920 497 2957 dedit
508 2932 529 2958 e
548 2920 708 2971 pluribus

767 1280 880 1327 libris,
903 1279 1033 1329 quibus
1053 1279 1162 1317 etiam
1181 1277 1322 1316 accedit
1333 1276 1423 1315 Flo-

767 1337 930 1374 rentinus
953 1337 1078 1373 codex.
1119 1337 1228 1373 Conf.
1250 1335 1304 1381 ΙΙ,
1331 1338 1422 1377 179.

767 1393 842 1440 ΙΙΙ,
864 1393 929 1435 65.
963 1393 1049 1440 Vll,
1077 1394 1143 1434 39.
1203 1393 1279 1440 „ln
1304 1392 1422 1431 verbis

767 1451 932 1501 proxime
975 1450 1210 1498 sequentibus
1268 1450 1424 1487 observa

767 1507 932 1544 ordinem
963 1508 1092 1559 σεμνῷ
1124 1504 1289 1556 σεμνόνς
1328 1519 1425 1556 quae

768 1568 854 1613 apte
888 1568 1072 1613 comparat
1099 1564 1313 1601 Schaeserus
1344 1575 1424 1600 cum

768 1620 938 1670 Sophocl.
958 1620 1057 1657 verb.
1076 1620 1113 1656 in
1131 1620 1300 1657 Trachin.
1322 1621 1423 1661 613:

768 1678 930 1726 θυτῆρα
960 1678 1123 1728 καινῷ
1165 1673 1352 1716 καινὸν
1382 1674 1425 1715 ἓν

768 1729 1041 1783 πεπλώματι.“
1073 1732 1137 1769 Cr.

826 1785 891 1828 δι’
919 1787 1141 1841 ἡμέρης]
1171 1790 1193 1826 i.
1217 1802 1248 1826 e.
1281 1801 1345 1838 per
1372 1792 1426 1826 to-

772 1850 846 1883 tum
877 1845 986 1890 diem
1043 1859 1153 1895 quam
1192 1845 1424 1892 locutionem,

773 1903 953 1940 nonnullis
986 1902 1158 1953 exemplis
1185 1915 1206 1939 a
1223 1902 1426 1940 W'esselin-

774 1961 835 2008 gio
866 1960 1102 2006 illustratam,
1136 1959 1258 2008 attigit
1277 1971 1426 2008 quoque

770 2015 901 2053 Matth.
933 2014 969 2066 ἓ.
989 2016 1091 2062 580,
1126 2028 1147 2052 a
1184 2028 1270 2066 pag.
1304 2015 1425 2056 1149.

769 2093 815 2102 -—
844 2072 903 2110 Ad
922 2070 1124 2111 ἐπιστέατο
1144 2073 1238 2109 conf.
1258 2071 1313 2120 II,
1334 2074 1425 2113 166.

828 2182 993 2236 ἄμεινον
1020 2181 1069 2224 σύ
1097 2180 1148 2223 ἂν
1174 2181 1343 2234 ἤκουες]
1375 2179 1426 2223 &¹21

773 2243 943 2280 omissum
955 2243 990 2279 in
1007 2242 1099 2279 binis
1118 2241 1218 2278 libris
1239 2241 1333 2279 bene
1346 2244 1428 2279 tue-

772 2303 831 2337 tur
851 2298 1140 2348 lVesselingius,
1171 2311 1252 2335 cum
1279 2298 1427 2346 linguae

773 2369 859 2393 usus
899 2356 985 2392 satis
1013 2356 1107 2393 ferat
1142 2355 1334 2404 repetitum
1361 2351 1426 2401 ἄν,

775 2417 815 2449 ut
850 2412 916 2458 IX,
948 2414 1013 2453 27.
1060 2411 1186 2461 Eurip.
1214 2411 1297 2448 Hel.
1331 2410 1426 2452 955.

776 2471 884 2510 1017
906 2472 972 2505 etc.
1000 2488 1057 2495 —
1084 2467 1144 2504 Ad
1169 2462 1353 2518 ἀμείβετο
1375 2488 1419 2494 —-

776 2520 926 2571 αὐτούς
946 2525 1040 2562 conf.
1061 2524 1191 2560 Matth.
1216 2522 1253 2574 ἓ.
1273 2524 1369 2568 411,
1389 2522 1426 2564 5.

775 2582 929 2631 „lpsum
958 2580 1141 2617 Amasidis
1171 2581 1307 2617 dictum
1333 2580 1427 2616 conf.

775 2652 856 2676 cum
885 2651 929 2675 eo
946 2665 958 2685 ,
996 2637 1097 2687 quod
1123 2636 1255 2686 legitur
1284 2637 1321 2672 in
1341 2636 1430 2673 Plu-

775 2694 888 2732 tarch.
911 2707 997 2744 opp.
1017 2693 1052 2730 II
1079 2705 1166 2743 pag.
1186 2695 1290 2739 792,
1315 2693 1368 2738 C·,
1391 2696 1430 2730 et

775 2751 825 2788 ad
846 2751 1042 2799 imaginem
1062 2751 1109 2787 de
1126 2762 1211 2786 arcu
1231 2749 1266 2786 h.
1279 2749 1300 2785 l.
1321 2748 1428 2786 adhi-

775 2808 888 2845 bitam
909 2808 1002 2844 conf.
1022 2806 1129 2844 Ovid.
1160 2805 1299 2843 heroid.
1321 2806 1428 2855 epist.

774 2862 840 2910 IV,
860 2866 917 2905 92
942 2863 1030 2913 ibiq.
1058 2861 1227 2913 Lennep.
1246 2875 1283 2913 p.
1308 2860 1428 2903 189·“

777 2918 843 2957 Cr.
