1768 3315
22 398 89 445 89

628 216 845 257 CLIO.
901 216 930 256 1.
1326 223 1410 263 225

146 331 321 385 ,,πα’ζει·
375 326 507 372 οὐδὲν
559 326 643 382 γὰρ
681 325 778 383 ἐμοὶ
816 325 878 370 ἔτι
915 325 1086 371 τούτων
1125 326 1244 384 μέτα.
1301 325 1410 371 ἀλλὰ

146 408 365 466 »φέρουσί
403 422 448 450 τε
486 405 561 449 καὶ
598 403 758 461 ἄγουσι
793 404 846 449 τὰ
875 403 970 451 σοί.“
1028 404 1164 465 Κύρῳ
1195 406 1243 450 δὲ
1272 405 1408 463 ἐπιμε-

144 489 212 540 λὲς
249 486 413 543 ἐγένετο
451 484 503 527 τὰ
539 486 733 539 Κροῖσος
781 482 890 528 εἶπε·
946 485 1324 543 μεταστησάμενος
1364 486 1411 530 δὲ

142 566 245 616 τούς
284 563 461 615 ἄλλους,
520 564 659 618 εἴρετο
696 566 891 619 Κροῖσον
933 564 958 608 ὅ
997 581 1038 608 τι
1069 567 1112 609 οἱ
1149 562 1316 623 ἐνορῴη
1357 565 1404 609 ἐν
1420 570 1465 607 4ο

110 649 254 689 Ξτοῖσι
282 643 588 697 ποιευμένοισι.
619 642 643 687 ὁ
674 643 720 686 δὲ
749 641 860 688 εἶπε·
892 642 1033 696 ,,Ἐπεί
1061 660 1106 688 τε
1125 660 1177 698 με
1196 646 1297 688 θεοὶ
1320 646 1408 688 603-

142 738 262 776 ,,καν
292 720 456 765 δοῦλόν
488 732 580 774 σοι,
612 724 790 775 δικαιῶ,
822 724 862 766 εἴ
887 740 926 765 τι
957 722 1120 779 ἐνορέω
1151 722 1305 774 πλέον,
1338 736 1415 781 ⁶⁷27-

143 802 348 857 »μιαίνειν
377 812 460 844 σοι.
520 801 709 856 Πέρσαι,
736 801 872 858 φύσιν
901 801 1045 853 ἐόντες
1074 801 1302 860 ὑβρισταὶ,
1326 803 1407 848 εἰσὶ

114 878 435 937 3,,ἇχρήματοι.
466 878 521 936 ἢν
552 875 615 923 οἷν
644 879 698 924 σύ
721 879 906 931 τούτους
922 884 1120 939 περιίδῃς
1142 881 1407 937 διαρπάσαν-

139 976 252 1013 ,,τας
279 958 353 1002 καὶ
378 958 673 1015 κατασχόντας
700 958 896 1016 χρήματα
923 959 1114 1017 μεγάλα,
1145 959 1251 1006 τάδε
1267 978 1337 1006 τοι
1362 962 1405 1015 ἐξ

143 1036 330 1091 »αὐτῶν
368 1037 545 1092 ἐπίδοξα
583 1038 807 1095 γενέσθαι·

139 1231 236 1275 cisso?
251 1232 418 1287 φέρουσί
431 1248 472 1274 τε
493 1233 561 1274 ml
588 1231 732 1287 ἄγουσι

82 1288 131 1331 τὰ
151 1287 226 1342 σοὲ]
258 1289 367 1344 ἄγειν
397 1290 464 1330 καὶ
499 1290 637 1343 φέρειν
661 1293 737 1328 sor-

81 1347 178 1385 mula
189 1348 425 1399 Xenophonti
445 1347 598 1397 aliisque
617 1348 737 1385 Grae-

82 1404 133 1442 cis
152 1405 388 1455 scriptoribus
409 1404 609 1450 tritissima,
624 1417 736 1453 quam

79 1459 187 1509 vulgo
245 1461 522 1510 interpretantes
576 1460 736 1510 deripere,

75 1516 247 1581 praeclari
273 1513 337 1565 (τό
357 1513 559 1567 λῃστεύειν
575 1516 644 1556 καὶ
665 1515 733 1569 οἷρ-

79 1567 239 1622 πιέζειν)
253 1601 264 1620 ,
313 1572 464 1611 alterum
496 1574 645 1611 verbum
685 1574 733 1611 ad

79 1643 126 1668 τα
149 1627 329 1680 ἔμψυχα,
368 1629 517 1667 alterum
544 1631 591 1667 ad
620 1626 667 1668 τοὶ
688 1626 732 1669 οἶ-

79 1693 192 1736 ψυχα
216 1685 367 1723 relatum
393 1685 529 1723 volunt.
598 1685 732 1735 Neque

78 1754 164 1779 vero
187 1742 256 1779 hoc
283 1742 476 1779 discrimen
504 1743 618 1779 ubivis
643 1756 730 1780 con-

79 1801 218 1835 stanter
233 1798 391 1845 servari,
412 1802 449 1836 et
468 1794 597 1850 ἄγειν,
619 1799 729 1837 etiam

79 1854 128 1891 de
164 1854 273 1891 rebus
304 1854 511 1892 inanimatis
550 1855 640 1903 dici,
681 1856 728 1893 ab

77 1909 156 1947 aliis
196 1911 268 1948 iam
301 1914 358 1948 est
401 1912 586 1949 monitum.
643 1911 728 1949 Vid.

78 1979 173 2015 quae
182 1965 328 2004 laudavi
350 1967 398 2003 ad
416 1967 511 2004 Plut.
530 1967 727 2006 Flaminia.

75 2035 163 2072 pag·
186 2025 277 2064 116·
297 2024 379 2065 253
410 2027 447 2061 et
471 2024 556 2061 add.
571 2024 730 2072 Kriiger.

76 2078 115 2115 in
139 2079 251 2117 Indic.
279 2080 328 2116 ad
361 2079 598 2132 Xenophont.
631 2080 732 2119 Ana-

77 2135 155 2173 bas.
177 2149 214 2186 p.
236 2135 330 2177 454-

134 2191 326 2229 Caeterum
337 2192 438 2241 quod
455 2193 503 2230 ad
523 2193 728 2231 universam

77 2248 124 2286 de
141 2248 281 2286 Croeso
301 2252 408 2298 capto
417 2250 586 2299 beneque
595 2254 730 2287 tracta-

75 2307 114 2340 to
133 2305 377 2342 narrationem
393 2306 543 2354 attinet,
575 2319 732 2344 consen-

75 2359 120 2396 tit
145 2360 316 2398 hactenus
358 2361 502 2399 Ctesias
544 2361 728 2410 (Persice.

75 2413 260 2467 Excerptt.
280 2415 317 2468 ἓ.
339 2416 408 2465 4),
434 2419 535 2468 quod
562 2422 647 2468 post
663 2419 731 2455 mi-

76 2471 236 2511 raculum
271 2473 309 2510 in
356 2473 496 2512 Croeso
538 2473 729 2513 liberando

78 2527 224 2576 editum,
245 2529 400 2567 eundem
419 2534 455 2568 et
473 2531 567 2568 bene
587 2543 609 2568 a
629 2531 729 2579 Cyro

79 2582 207 2621 cultum
227 2586 337 2622 refert
355 2589 392 2623 et
407 2590 599 2636 praeterea
615 2587 730 2624 Bare-

79 2649 152 2675 nen
171 2641 373 2690 accepisse,
402 2643 530 2681 urbem
557 2655 729 2691 magnam

79 2705 196 2744 prope
211 2694 406 2736 Ecbatana.
467 2699 575 2743 Quae
599 2700 728 2737 eadem

81 2747 198 2786 Barce
223 2752 423 2802 appellatur
459 2767 483 2791 a
524 2755 662 2792 Iustino
698 2754 729 2803 I,

80 2806 122 2851 7,
141 2805 202 2854 qui
218 2819 284 2843 sua.
298 2808 421 2847 forsan
437 2823 481 2847 ex
497 2812 578 2861 ipso
587 2811 727 2862 Ctesia,

82 2862 122 2896 ut
139 2864 194 2897 tot
208 2860 289 2910 alia,
302 2864 485 2904 desumsit.
511 2866 611 2912 Quin
620 2867 729 2917 Sym-

128 2914 336 2958 Henonom.
366 2919 396 2958 Ι.

867 1037 917 1090 ὃς
955 1038 1010 1083 ἂν
1050 1038 1196 1084 αὐτῶν
1230 1045 1408 1085 πλεῖστα

805 1234 955 1273 machus
992 1234 1271 1286 Chronograph.
1310 1249 1346 1287 p.
1366 1238 1461 1285 188,

805 1291 839 1329 Α
867 1292 1045 1330 Croesum
1087 1304 1110 1329 a
1136 1293 1235 1341 Cyro
1275 1294 1387 1330 tradit
1417 1294 1461 1331 fi-

804 1347 853 1385 lio
865 1361 932 1385 suo
954 1348 1129 1397 Cambysi
1144 1353 1183 1386 ut
1201 1350 1461 1399 paedagogum

804 1405 1031 1456 praefectum
1049 1418 1142 1443 esse.
1190 1405 1250 1443 De
1269 1405 1460 1456 colloquio,

807 1460 915 1509 quale
948 1460 1005 1498 hic
1028 1461 1122 1499 inter
1155 1461 1332 1499 Croesum
1350 1468 1461 1512 atque

804 1517 943 1565 Cyrum
956 1517 1175 1565 instituitur,
1190 1518 1241 1555 nil
1259 1520 1358 1570 apud
1374 1519 1461 1556 hos-

802 1585 844 1611 ce
885 1573 1081 1624 scriptores
1118 1574 1290 1623 legimus3
1331 1588 1461 1625 quam-

802 1642 912 1679 quam
945 1630 1109 1667 Ctesiam
1137 1631 1287 1668 uberius
1317 1632 1365 1669 de
1402 1632 1460 1669 his

800 1685 838 1722 in
862 1686 1054 1736 deperdita
1071 1687 1164 1736 proh
1183 1687 1290 1724 dolor
1308 1688 1460 1728 historia

800 1741 989 1790 retulisse,
1019 1743 1168 1781 dubium
1188 1756 1263 1781 non
1284 1748 1352 1782 est.

954 1826 985 1864 c
1002 1838 1069 1877 ap.
1096 1824 1309 1866 LXXXIX

845 1905 981 1980 Κύρῳ
1003 1907 1045 1949 δὲ
1076 1909 1274 1962 ἐπιμελὲς
1304 1909 1457 1964 ἐγένετο

797 1963 854 2006 τοὶ
884 1951 1063 2019 Κροῖσος
1091 1964 1200 2018 εἷπε]
1256 1968 1359 2006 Nota
1391 1983 1459 2007 nu-

798 2024 889 2062 meri
916 2037 1045 2071 usum,
1083 2024 1146 2061 ubi
1175 2029 1263 2075 post
1295 2025 1460 2075 singula-

797 2093 875 2119 rem
905 2077 1124 2131 (ἐπιμελὲς)
1165 2081 1285 2118 subito
1319 2082 1460 2120 inveni-

797 2151 878 2175 mus
887 2137 1064 2187 pluralem
1083 2151 1104 2175 τ
1117 2133 1164 2186 02,-
1178 2138 1225 2175 de
1240 2151 1312 2187 quo
1323 2138 1456 2177 Matth.

798 2192 836 2245 ὃ.
857 2192 940 2234 437
960 2198 1036 2230 not.
1058 2195 1084 2234 3
1111 2206 1198 2244 pag.
1223 2197 1319 2236 818.

855 2247 1065 2299 δικαιῶ]
1095 2249 1117 2286 i.
1143 2263 1173 2287 e.
1201 2263 1371 2301 aequum,
1400 2253 1459 2288 ιἰι-

797 2309 890 2342 stum
923 2319 1050 2343 censeo.
1107 2305 1256 2344 Laudat
1284 2307 1456 2345 Larcher.

797 2361 924 2412 Eurip.
945 2361 1106 2412 Supplic.
1131 2364 1225 2404 526.
1266 2363 1344 2401 Sed
1368 2364 1460 2401 haec

797 2418 900 2454 notio
921 2418 1088 2456 vocabuli
1110 2418 1166 2456 vel
1183 2433 1203 2457 e
1223 2418 1368 2458 Lexicis
1388 2433 1459 2457 no-

799 2477 847 2511 ta.
874 2494 931 2501 -—
972 2473 1152 2512 Dedimus
1190 2488 1272 2512 cum
1305 2480 1457 2514 recentt.

799 2528 965 2582 ἐνορέω,
1027 2531 1129 2580 quod
1180 2531 1456 2570 Schellershem.

796 2587 951 2636 praebet
972 2599 1040 2637 pro
1068 2586 1165 2636 vulg.
1197 2586 1338 2640 ἐνορῶ.
1396 2588 1458 2626 De

798 2638 976 2696 ἐνορῴη,
1009 2655 1103 2692 quae
1118 2645 1236 2681 forma
1268 2648 1324 2682 est
1350 2649 1458 2695 opta-

796 2699 859 2736 tivi
878 2699 1020 2746 Attica,
1058 2712 1126 2737 nec
1159 2700 1371 2749 infrequens
1399 2705 1457 2737 ta-

797 2767 881 2792 men
913 2755 1046 2792 Ionicis
1071 2755 1326 2805 scriptoribuS,
1367 2769 1456 2793 con-

796 2811 863 2849 sul.
885 2810 1016 2849 Matth.
1038 2809 1075 2863 ὃ.
1099 2813 1191 2858 198,
1214 2816 1241 2854 2
1261 2825 1347 2863 pag
1358 2814 1453 2853 357

853 2862 947 2908 τάδε
976 2882 1037 2908 τοι
1068 2866 1107 2916 ἐξ
1136 2863 1270 2908 αὐτων
1293 2867 1456 2916 ἐπίδοξα

1123 2924 1177 2963 15
