1759 3324
380 245 464 285 718
781 244 1263 283 HERODOTI

380 369 522 398 νεται·
589 354 808 398 Φοινίκων
845 352 996 398 ὁκόσοι
1032 356 1086 411 τῇ
1124 352 1294 397 Ἑλλάδι
1333 354 1644 410 ἐπιμίσγονται,

383 432 529 477 οὐκέτι
565 436 827 490 Αἰγυπτίους
855 434 1080 490 μιμέονται
1109 433 1217 477 κατὰ
1246 432 1299 477 τοὶ
1330 436 1475 477 αἰδοῖα
1486 467 1497 486 ,
1538 431 1647 477 ἀλλὰ

219 521 319 565 105
378 518 467 556 τῶν
495 514 807 570 ἐπιγινομένων
837 511 891 557 οὐ
921 511 1234 568 περιτάμνουσι
1263 512 1315 556 τὰ
1346 515 1501 557 αἰδοῖα.
1536 512 1701 568 Φέρε45

49 584 81 611 (“
85 583 150 612 ulchi
176 587 207 611 et
226 586 322 619 Aegy-

48 619 101 653 ptii
127 619 186 645 lino
221 619 322 646 elabo-

47 652 141 678 r-indo
153 652 285 686 emita,
296 655 327 679 et

46 686 148 720 lingua
168 674 291 714 εἰηιὶΙεε.

382 610 462 636 νυν
491 595 564 637 καὶ
593 592 698 637 ἄλλο
730 595 832 637 εἴπω
862 593 959 647 περὶ
987 596 1075 636 τῶν
1102 591 1309 648 Κόλχων,
1346 591 1406 644 ὦς
1436 593 1645 648 Αἰγυπτί-

355 679 476 715 Ξοισι
518 673 782 727 προσφερέες
819 673 911 716 εἰσί.
973 673 1098 714 λίνον
1132 676 1290 727 μοῦνοι
1330 667 1453 715 οὗτοί
1491 688 1535 715 τε
1574 672 1647 715 καὶ

380 750 615 806 Αἰγύπτιοι
644 750 900 805 ἐργάζονται
929 750 1039 793 κατὰ
1068 750 1121 792 τὰ
1151 749 1280 794 αὐτά·
1312 752 1385 794 καὶ
1415 750 1441 806 ἡ
1466 749 1541 807 ζόη
1560 755 1644 793 πᾶ-

352 836 438 871 Βσα
468 829 540 872 καὶ
567 827 594 884 ἡ
623 834 798 883 γλῶσσα
827 829 1013 885 ἐμφερής
1043 829 1132 872 ἐστι
1162 826 1396 884 ἀλλήλοισι.
1443 832 1567 873 λίνον
1599 830 1645 873 δὲ·

379 908 429 950 τὸ
459 909 537 962 μὲν
560 907 794 963 Κολχικὸν,
825 908 912 951 ὑπὸ
940 907 1156 964 Ἑλλήνων
1180 907 1463 962 Σαρδονικόν
1493 908 1645 964 κέκλη-
1657 917 1701 950 50

379 1002 472 1029 ται·
502 985 550 1029 τὸ
581 986 731 1042 μέντοι
761 985 840 1031 ἀπ’
869 985 1097 1044 Αἰγύπτου
1127 985 1446 1043 ἀπικνεύμενον
1456 1020 1467 1040 ,
1498 988 1644 1031 καλέε-

324 1206 488 1255 gentium
511 1207 693 1256 pertinet,
732 1207 802 1244 vid.
831 1206 866 1255 Ι,
899 1207 978 1249 185

323 1263 386 1300 fin.
408 1263 494 1312 ibiq.
516 1268 592 1300 not.

383 1347 586 1386 Φοινίκων
600 1343 739 1386 ὁκόσοι
757 1349 808 1401 τῇ
822 1342 982 1386 Ἑλλάδι

323 1402 624 1455 ἐπιμίσγονται]
656 1404 746 1440 Post
780 1405 980 1442 Φοινίκων

324 1466 600 1510 exspectaveras
622 1461 833 1510 particulam
857 1458 930 1512 γάρ
952 1475 979 1498 s.

325 1513 368 1555 δὲ
379 1544 390 1563 ,
409 1517 466 1554 hic
478 1522 625 1566 praeter
638 1530 775 1554 morem
796 1519 979 1554 omissam.

322 1572 478 1610 Notavit
521 1572 699 1611 Matthiae
741 1574 807 1610 Gr.
848 1575 979 1612 Graec.

323 1642 409 1680 pag.
431 1629 553 1671 1294.

544 1741 575 1778 c
591 1754 611 1778 a
622 1755 659 1792 p.
691 1742 769 1779 cv.

382 1826 495 1865 λίνον
508 1827 654 1876 μοῦνοι
669 1820 781 1866 οὗτοί
791 1841 830 1865 τε
839 1842 874 1864 κ.
887 1841 918 1864 τ.
931 1825 980 1876 λ.]

325 1883 433 1920 Conf.
458 1896 566 1933 supra
586 1883 641 1929 Π,
662 1883 728 1924 35.
759 1884 882 1932 Atque
902 1883 937 1920 h.
957 1883 980 1920 l.

323 1940 437 1978 λίνον
463 1953 544 1977 esse
563 1938 706 1975 linteum
725 1940 978 1988 (Leinwand),

323 2009 446 2045 neque
469 1998 670 2045 gossypium
691 1996 978 2043 (Baumwollen-

325 2053 458 2100 zeug),
488 2057 587 2089 recte
616 2053 813 2089 admonere
834 2053 977 2089 ridetur

322 2108 483 2145 Heeren.
505 2108 618 2144 Ideen
637 2112 705 2144 etc.
731 2108 777 2155 ΙΙ,
790 2113 816 2149 2
832 2110 973 2158 p.383,

322 2163 383 2201 De
405 2164 477 2200 lino
501 2163 660 2200 Colchico
680 2163 778 2200 locus
798 2170 852 2200 est
873 2165 976 2201 Stra-

324 2220 430 2256 bonis
453 2219 526 2264 XI,
552 2223 579 2260 2
608 2233 643 2268 p.
669 2220 750 2260 498
771 2234 798 2256 S·
823 2223 925 2266 762,
944 2220 976 2257 Α

326 2275 382 2325 (p.
406 2275 487 2316 409
508 2275 716 2323 Tauchn.),
746 2277 806 2312 ubi
833 2281 979 2325 praeter

326 2329 977 2381 ahalerunturhaeczvg&2111on-

325 2388 393 2440 γία
411 2387 478 2426 καὶ
500 2402 538 2425 τ
527 2382 781 2451 θρυλληται·
813 2388 881 2426 καὶ
900 2403 976 2453 γαρ

327 2444 383 2490 εἰς
403 2459 496 2488 τους
515 2442 586 2490 ε’ξω
617 2438 767 2489 τόπους
795 2441 976 2495 ε’πεκόμι-

326 2502 412 2547 ζον·
429 2500 497 2539 καί
519 2514 621 2545 τινες
640 2495 878 2550 βουλόμενοι
889 2513 978 2551 συγ-

323 2554 483 2610 γένειόν
495 2571 584 2594 τινα
602 2559 684 2602 τοῖς
697 2552 976 2608 Κόλχοιςπρός

323 2629 419 2660 τους
453 2612 699 2678 Αἰγυπτίους
733 2611 974 2663 ἐμφανίζειν,

326 2667 403 2709 ἀπὸ
432 2664 584 2708 τούτων
608 2671 853 2707 πιστοῦνται.
911 2670 976 2706 At-

325 2739 396 2775 que
427 2727 621 2763 etiamnum
649 2724 711 2761 lini
738 2729 774 2762 et
803 2727 974 2763 cannabis

325 2782 582 2820 feracissimam
605 2795 685 2819 esse
706 2781 891 2830 regionem
920 2783 974 2819 in-

325 2839 450 2888 telligo
485 2852 529 2877 ex
559 2837 692 2875 Ritteri
721 2837 913 2875 Erdkund.
942 2839 977 2875 II

326 2908 412 2946 pag.
432 2897 526 2938 916.
585 2894 658 2939 Qui
690 2894 787 2932 idem
815 2894 976 2933 Ritterus

1049 1206 1240 1254 (Vorhalle
1251 1211 1319 1245 etc.
1336 1220 1373 1258 p.
1392 1206 1446 1249 45
1458 1206 1597 1256 —48)
1608 1208 1702 1246 hunc

1047 1263 1230 1301 Herodoti
1257 1263 1374 1301 locum
1403 1265 1589 1313 attingens
1608 1295 1618 1312 ,
1658 1278 1702 1302 ex

1047 1319 1149 1357 lintei
1182 1320 1419 1358 fabricatione
1451 1321 1501 1358 nil
1539 1321 1702 1358 concludi

1048 1390 1159 1428 posse
1179 1381 1301 1414 censet
1321 1377 1369 1413 ad
1388 1378 1616 1426 probandam
1628 1376 1701 1415 Ae-

1049 1434 1213 1483 gyptiam
1266 1432 1485 1470 Colchorum
1536 1433 1702 1483 stirpem,

1050 1491 1222 1538 quoniam
1244 1502 1311 1539 per
1343 1489 1550 1527 universam
1577 1489 1701 1527 Asiam

1049 1547 1136 1583 inde
1156 1547 1201 1582 ab
1225 1546 1474 1595 antiquissimo
1497 1559 1586 1584 aevo
1613 1547 1702 1584 haec

1050 1615 1108 1639 ars
1130 1603 1301 1639 floruerit.
1358 1602 1489 1650 Itaque
1513 1615 1593 1640 eam
1615 1603 1702 1639 sacit

1050 1660 1315 1696 coniecturam:
1369 1658 1510 1695 Indiam
1546 1660 1700 1696 fortasse

1050 1728 1117 1765 pro
1144 1715 1335 1751 linteorum
1366 1715 1485 1765 patria
1522 1728 1603 1753 esse
1636 1715 1702 1752 ha-

1050 1772 1226 1817 bendam3
1255 1772 1306 1808 ita
1335 1776 1376 1808 ut
1401 1772 1582 1809 Herodoti
1609 1771 1701 1808 Sar-

1050 1828 1173 1865 donz'on
1189 1828 1277 1875 (sic)
1299 1832 1337 1864 et
1355 1840 1593 1876 synonymum
1615 1826 1701 1865 Sin-

1049 1884 1115 1920 don
1138 1884 1325 1932 (Hesych.
1345 1884 1378 1921 Il
1395 1897 1482 1934 pag.
1505 1885 1631 1933 1189)
1651 1885 1701 1921 ad

1048 1945 1183 1978 terram
1201 1939 1373 1987 Serltz'nd,
1404 1939 1497 1977 Sind
1524 1942 1700 1978 referatur

1046 1996 1229 2046 linteaque
1253 1997 1377 2034 Indica
1401 1996 1624 2046 (Indienne)
1653 1997 1700 2034 si-

1045 2053 1274 2102 gnificentur.

1099 2106 1181 2148 ’ὑπό
1216 2104 1416 2159 Ἑλλήνων
1452 2105 1700 2161 Σαρδονικόν

1044 2164 1248 2216 κέκληται]
1311 2165 1400 2203 Non
1434 2166 1575 2201 variant
1604 2165 1698 2212 libri,

1044 2222 1113 2259 nisi
1161 2222 1261 2271 quod
1308 2221 1469 2258 nonnulli
1527 2221 1696 2259 exhibent

1046 2277 1158 2328 Σαρδ
1169 2275 1329 2316 ωνικόν.
1371 2277 1465 2313 Cum
1484 2290 1570 2314 vero
1592 2280 1697 2329 Σαρ-

1048 2330 1205 2373 δονικόν
1228 2334 1275 2371 ad
1302 2333 1456 2370 insulam
1478 2333 1697 2381 Sardiniam,

1045 2403 1153 2439 quam
1180 2402 1348 2427 vocamus
1370 2418 1380 2436 ,
1409 2391 1620 2440 pertineat,
1650 2391 1696 2428 ab

1044 2446 1113 2483 hoc
1132 2446 1210 2483 loco
1230 2447 1383 2483 maxime
1403 2446 1570 2493 alienam,
1588 2459 1698 2496 prae-

1046 2507 1160 2540 staret
1178 2503 1303 2551 utique
1325 2515 1404 2539 cum
1413 2501 1599 2540 Larchero
1609 2503 1696 2539 scri-

1044 2559 1131 2596 bere
1159 2555 1388 2609 Σαρδιηνόν
1405 2589 1416 2607 ,
1456 2559 1558 2606 nisi,
1595 2559 1694 2608 quod

1042 2619 1165 2652 monet
1194 2615 1420 2663 Schweigh.,
1459 2615 1530 2665 ipsi
1563 2615 1694 2651 Graeci

1043 2672 1116 2707 duo
1134 2672 1281 2708 nomina
1300 2671 1477 2720 gentilitia
1495 2671 1690 2721 Σαρδόνι-

1043 2725 1131 2774 κὸς,
1170 2728 1270 2776 quod
1293 2729 1340 2765 ad
1364 2727 1568 2765 Sardiniam
1595 2727 1694 2763 insu—

1045 2783 1117 2820 lam
1138 2785 1322 2834 pertinet,
1351 2789 1388 2821 et
1412 2780 1638 2834 Σαρδιανός
1663 2797 1692 2820 s.

1045 2837 1328 2891 Σαρδιανικὸς,
1358 2841 1459 2889 quod
1477 2840 1526 2876 ad
1546 2838 1692 2887 Sardes,

1045 2896 1153 2934 Asiae
1173 2897 1320 2934 minoris
1347 2897 1472 2935 urbem
1486 2924 1498 2944 ,

1537 2899 1689 2946 spectat,
1756 2879 1758 2888 Ι

1755 2796 1759 2874 ,ὲ

1755 2896 1758 2934 ι
