<?xml version="1.0" encoding="UTF-8"?>
<!DOCTYPE html PUBLIC "-//W3C//DTD XHTML 1.0 Transitional//EN"
    "http://www.w3.org/TR/xhtml1/DTD/xhtml1-transitional.dtd">
<html xmlns="http://www.w3.org/1999/xhtml" xml:lang="en" lang="en">
 <head>
  <title>
</title>
<meta http-equiv="Content-Type" content="text/html;charset=utf-8" />
  <meta name='ocr-system' content='tesseract 3.04.00' />
  <meta name='ocr-capabilities' content='ocr_page ocr_carea ocr_par ocr_line ocrx_word'/>
</head>
<body>
  <div class='ocr_page' id='page_1' title='image "./musaeher01hero/musaeher01hero_0713.png"; bbox 0 0 1796 3333; ppageno 0'>
   <div class='ocr_carea' id='block_1_1' title="bbox 542 243 970 283">
    <p class='ocr_par' dir='ltr' id='par_1_1' title="bbox 542 243 970 283">
     <span class='ocr_line' id='line_1_1' title="bbox 542 243 970 283; baseline -0.002 -1"><span class='ocrx_word' id='word_1_1' title='bbox 542 243 970 283; x_wconf 89' lang='lat' dir='ltr'>EUTERPE.</span> 
     </span>
    </p>
   </div>
   <div class='ocr_carea' id='block_1_2' title="bbox 33 359 98 404">
    <p class='ocr_par' dir='ltr' id='par_1_2' title="bbox 33 359 98 404">
     <span class='ocr_line' id='line_1_2' title="bbox 33 359 98 404; baseline -0.015 0"><span class='ocrx_word' id='word_1_2' title='bbox 33 359 98 404; x_wconf 84' lang='lat'><em>93</em></span> 
     </span>
    </p>
   </div>
   <div class='ocr_carea' id='block_1_3' title="bbox 157 431 780 490">
    <p class='ocr_par' dir='ltr' id='par_1_3' title="bbox 157 431 780 490">
     <span class='ocr_line' id='line_1_3' title="bbox 157 431 780 490; baseline -0.002 -12"><span class='ocrx_word' id='word_1_3' title='bbox 157 441 278 490; x_wconf 76' lang='grc' dir='ltr'><em>μοῖσι</em></span> <span class='ocrx_word' id='word_1_4' title='bbox 321 433 374 477; x_wconf 88' lang='grc' dir='ltr'><em>ου’</em></span> <span class='ocrx_word' id='word_1_5' title='bbox 411 431 528 488; x_wconf 75' lang='grc' dir='ltr'><em>μάλα</em></span> <span class='ocrx_word' id='word_1_6' title='bbox 566 433 780 488; x_wconf 90' lang='grc' dir='ltr'><em>γίνονται·</em></span> 
     </span>
    </p>
   </div>
   <div class='ocr_carea' id='block_1_4' title="bbox 1023 244 1428 286">
    <p class='ocr_par' dir='ltr' id='par_1_4' title="bbox 1023 244 1428 286">
     <span class='ocr_line' id='line_1_4' title="bbox 1023 244 1428 286; baseline 0.012 -5"><span class='ocrx_word' id='word_1_7' title='bbox 1023 244 1069 282; x_wconf 89' lang='lat'><em>11.</em></span> <span class='ocrx_word' id='word_1_8' title='bbox 1347 247 1428 286; x_wconf 81' lang='lat'><em>691</em></span> 
     </span>
    </p>
   </div>
   <div class='ocr_carea' id='block_1_5' title="bbox 840 433 1426 492">
    <p class='ocr_par' dir='ltr' id='par_1_5' title="bbox 840 433 1426 492">
     <span class='ocr_line' id='line_1_5' title="bbox 840 433 1426 492; baseline 0.003 -16"><span class='ocrx_word' id='word_1_9' title='bbox 840 433 1104 489; x_wconf 78' lang='grc' dir='ltr'><strong><em>τρεφόμενοι</em></strong></span> <span class='ocrx_word' id='word_1_10' title='bbox 1154 433 1199 476; x_wconf 80' lang='grc' dir='ltr'><em>δὲ</em></span> <span class='ocrx_word' id='word_1_11' title='bbox 1242 434 1288 478; x_wconf 81' lang='grc' dir='ltr'><em>ἐν</em></span> <span class='ocrx_word' id='word_1_12' title='bbox 1326 439 1426 492; x_wconf 80' lang='grc' dir='ltr'><em>τῇσι</em></span> 
     </span>
    </p>
   </div>
   <div class='ocr_carea' id='block_1_6' title="bbox 128 511 1426 571">
    <p class='ocr_par' dir='ltr' id='par_1_6' title="bbox 128 511 1426 571">
     <span class='ocr_line' id='line_1_6' title="bbox 128 511 1426 571; baseline 0.001 -16"><span class='ocrx_word' id='word_1_13' title='bbox 128 516 353 570; x_wconf 59' lang='grc' dir='ltr'><em>ἳλίμνῃσι,</em></span> <span class='ocrx_word' id='word_1_14' title='bbox 386 511 533 554; x_wconf 76' lang='grc' dir='ltr'><em>τοιάδε</em></span> <span class='ocrx_word' id='word_1_15' title='bbox 563 516 747 556; x_wconf 82' lang='grc' dir='ltr'><em>ποιεῦσι.</em></span> <span class='ocrx_word' id='word_1_16' title='bbox 801 511 933 556; x_wconf 76' lang='grc' dir='ltr'><em>ἐπεάν</em></span> <span class='ocrx_word' id='word_1_17' title='bbox 963 525 1098 569; x_wconf 79' lang='grc' dir='ltr'><em>σφεας</em></span> <span class='ocrx_word' id='word_1_18' title='bbox 1129 512 1220 571; x_wconf 80' lang='grc' dir='ltr'><em>ἐσίῃ</em></span> <span class='ocrx_word' id='word_1_19' title='bbox 1253 512 1426 569; x_wconf 77' lang='grc' dir='ltr'><strong><em>οἶστρος</em></strong></span> 
     </span>
    </p>
   </div>
   <div class='ocr_carea' id='block_1_7' title="bbox 278 350 1759 409">
    <p class='ocr_par' dir='ltr' id='par_1_7' title="bbox 278 350 1759 409">
     <span class='ocr_line' id='line_1_7' title="bbox 278 350 1759 409; baseline 0.002 -10"><span class='ocrx_word' id='word_1_20' title='bbox 278 356 331 399; x_wconf 83' lang='grc' dir='ltr'><em>Οἱ</em></span> <span class='ocrx_word' id='word_1_21' title='bbox 363 354 408 397; x_wconf 79' lang='grc' dir='ltr'><em>δὲ</em></span> <span class='ocrx_word' id='word_1_22' title='bbox 439 351 586 408; x_wconf 79' lang='grc' dir='ltr'><strong><em>ἰχθύες</em></strong></span> <span class='ocrx_word' id='word_1_23' title='bbox 614 354 659 396; x_wconf 84' lang='grc' dir='ltr'><em>οἵ</em></span> <span class='ocrx_word' id='word_1_24' title='bbox 685 350 903 408; x_wconf 80' lang='grc' dir='ltr'><em>ἀγελαῖοι,</em></span> <span class='ocrx_word' id='word_1_25' title='bbox 955 353 1002 397; x_wconf 78' lang='grc' dir='ltr'><em>ἐν</em></span> <span class='ocrx_word' id='word_1_26' title='bbox 1027 353 1107 409; x_wconf 71' lang='grc' dir='ltr'><em>μὲν</em></span> <span class='ocrx_word' id='word_1_27' title='bbox 1144 357 1257 398; x_wconf 82' lang='grc' dir='ltr'><em>τοῖσι</em></span> <span class='ocrx_word' id='word_1_28' title='bbox 1288 359 1583 405; x_wconf 59' lang='grc' dir='ltr'><em>ποτα-45Ρὲεοεε</em></span> <span class='ocrx_word' id='word_1_29' title='bbox 1608 366 1639 393; x_wconf 70' lang='lat' dir='ltr'><em>in</em></span> <span class='ocrx_word' id='word_1_30' title='bbox 1674 367 1759 402; x_wconf 75' lang='lat' dir='ltr'><em>palu-</em></span> 
     </span>
    </p>
   </div>
   <div class='ocr_carea' id='block_1_8' title="bbox 1481 398 1760 465">
    <p class='ocr_par' dir='ltr' id='par_1_8' title="bbox 1481 398 1760 465">
     <span class='ocr_line' id='line_1_8' title="bbox 1481 398 1760 439; baseline 0.014 -14"><span class='ocrx_word' id='word_1_31' title='bbox 1481 398 1567 437; x_wconf 78' lang='lat' dir='ltr'><em>dibus</em></span> <span class='ocrx_word' id='word_1_32' title='bbox 1585 404 1760 439; x_wconf 62' lang='lat' dir='ltr'><em>natos‚gre-</em></span> 
     </span>
     <span class='ocr_line' id='line_1_9' title="bbox 1482 437 1760 465; baseline 0.022 -8"><span class='ocrx_word' id='word_1_33' title='bbox 1482 437 1576 465; x_wconf 62' lang='lat' dir='ltr'><em>t«zatun</em></span> <span class='ocrx_word' id='word_1_34' title='bbox 1613 442 1642 460; x_wconf 84' lang='lat' dir='ltr'><em>in</em></span> <span class='ocrx_word' id='word_1_35' title='bbox 1678 443 1760 463; x_wconf 73' lang='lat' dir='ltr'><em>nnn-e</em></span> 
     </span>
    </p>
   </div>
   <div class='ocr_carea' id='block_1_9' title="bbox 1480 465 1760 502">
    <p class='ocr_par' dir='ltr' id='par_1_9' title="bbox 1480 465 1760 502">
     <span class='ocr_line' id='line_1_10' title="bbox 1480 465 1760 502; baseline 0.018 -11"><span class='ocrx_word' id='word_1_36' title='bbox 1480 465 1626 493; x_wconf 81' lang='lat' dir='ltr'><em>abeuntes</em></span> <span class='ocrx_word' id='word_1_37' title='bbox 1653 468 1760 502; x_wconf 75' lang='lat' dir='ltr'><em>gigne-</em></span> 
     </span>
    </p>
   </div>
   <div class='ocr_carea' id='block_1_10' title="bbox 1482 500 1759 566">
    <p class='ocr_par' dir='ltr' id='par_1_10' title="bbox 1482 500 1759 566">
     <span class='ocr_line' id='line_1_11' title="bbox 1482 500 1759 532; baseline 0.014 -7"><span class='ocrx_word' id='word_1_38' title='bbox 1482 507 1526 532; x_wconf 83' lang='lat' dir='ltr'><em>re,</em></span> <span class='ocrx_word' id='word_1_39' title='bbox 1546 507 1581 525; x_wconf 87' lang='lat' dir='ltr'><em>ac</em></span> <span class='ocrx_word' id='word_1_40' title='bbox 1599 500 1759 529; x_wconf 68' lang='lat' dir='ltr'><em>redeuutes</em></span> 
     </span>
     <span class='ocr_line' id='line_1_12' title="bbox 1483 536 1759 566; baseline 0.014 -8"><span class='ocrx_word' id='word_1_41' title='bbox 1483 541 1538 559; x_wconf 77' lang='lat' dir='ltr'><em>ova</em></span> <span class='ocrx_word' id='word_1_42' title='bbox 1550 540 1657 566; x_wconf 84' lang='lat' dir='ltr'><em>parere</em></span> <span class='ocrx_word' id='word_1_43' title='bbox 1667 544 1674 561; x_wconf 90' lang='lat'><strong>:</strong></span> <span class='ocrx_word' id='word_1_44' title='bbox 1685 536 1759 562; x_wconf 84' lang='lat' dir='ltr'><em>mul-</em></span> 
     </span>
    </p>
   </div>
   <div class='ocr_carea' id='block_1_11' title="bbox 153 568 1759 648">
    <p class='ocr_par' dir='ltr' id='par_1_11' title="bbox 153 568 1759 648">
     <span class='ocr_line' id='line_1_13' title="bbox 153 568 1759 648; baseline -0.001 -12"><span class='ocrx_word' id='word_1_45' title='bbox 153 595 431 645; x_wconf 79' lang='grc' dir='ltr'><em>κυΐσκεσθαι,</em></span> <span class='ocrx_word' id='word_1_46' title='bbox 482 591 693 648; x_wconf 74' lang='grc' dir='ltr'><em>ἀγεληδὸν</em></span> <span class='ocrx_word' id='word_1_47' title='bbox 724 590 967 636; x_wconf 80' lang='grc' dir='ltr'><em>ἐκπλώουσι</em></span> <span class='ocrx_word' id='word_1_48' title='bbox 1005 591 1047 643; x_wconf 82' lang='grc' dir='ltr'><em>ἐς</em></span> <span class='ocrx_word' id='word_1_49' title='bbox 1075 590 1155 648; x_wconf 81' lang='grc' dir='ltr'><em>τήν</em></span> <span class='ocrx_word' id='word_1_50' title='bbox 1184 591 1425 637; x_wconf 75' lang='grc' dir='ltr'><em>θάλασσαν.</em></span> <span class='ocrx_word' id='word_1_51' title='bbox 1479 568 1759 634; x_wconf 51' lang='lat' dir='ltr'><em>teitiigiiifflris&#39;tiiuiiii</em></span> 
     </span>
    </p>
   </div>
   <div class='ocr_carea' id='block_1_12' title="bbox 152 670 1425 728">
    <p class='ocr_par' dir='ltr' id='par_1_12' title="bbox 152 670 1425 728">
     <span class='ocr_line' id='line_1_14' title="bbox 152 670 1425 728; baseline 0.002 -14"><span class='ocrx_word' id='word_1_52' title='bbox 152 670 355 728; x_wconf 76' lang='grc' dir='ltr'><em>ἡγέονται</em></span> <span class='ocrx_word' id='word_1_53' title='bbox 385 672 431 715; x_wconf 80' lang='grc' dir='ltr'><em>δὲ</em></span> <span class='ocrx_word' id='word_1_54' title='bbox 462 673 505 715; x_wconf 79' lang='grc' dir='ltr'><em>οἵ</em></span> <span class='ocrx_word' id='word_1_55' title='bbox 533 671 725 728; x_wconf 72' lang='grc' dir='ltr'><em>ἔρσενες,</em></span> <span class='ocrx_word' id='word_1_56' title='bbox 777 670 1122 728; x_wconf 75' lang='grc' dir='ltr'><em>ἀπορραίνοντες</em></span> <span class='ocrx_word' id='word_1_57' title='bbox 1152 675 1232 715; x_wconf 87' lang='grc' dir='ltr'><em>τοῦ</em></span> <span class='ocrx_word' id='word_1_58' title='bbox 1262 676 1425 728; x_wconf 81' lang='grc' dir='ltr'><em>θοροῦ·</em></span> 
     </span>
    </p>
   </div>
   <div class='ocr_carea' id='block_1_13' title="bbox 153 749 1482 808">
    <p class='ocr_par' dir='ltr' id='par_1_13' title="bbox 153 749 1482 808">
     <span class='ocr_line' id='line_1_15' title="bbox 153 749 1482 808; baseline -0.001 -14"><span class='ocrx_word' id='word_1_59' title='bbox 153 753 199 794; x_wconf 83' lang='grc' dir='ltr'><em>αἱ</em></span> <span class='ocrx_word' id='word_1_60' title='bbox 228 751 296 799; x_wconf 79' lang='grc' dir='ltr'><em>δὲ,</em></span> <span class='ocrx_word' id='word_1_61' title='bbox 347 749 556 808; x_wconf 77' lang='grc' dir='ltr'><em>ἑπόμεναι</em></span> <span class='ocrx_word' id='word_1_62' title='bbox 586 749 909 804; x_wconf 77' lang='grc' dir='ltr'><em>ἀνακάπτουσι,</em></span> <span class='ocrx_word' id='word_1_63' title='bbox 960 753 1034 796; x_wconf 85' lang='grc' dir='ltr'><em>καὶ</em></span> <span class='ocrx_word' id='word_1_64' title='bbox 1076 751 1117 804; x_wconf 79' lang='grc' dir='ltr'><em>ἐξ</em></span> <span class='ocrx_word' id='word_1_65' title='bbox 1156 749 1298 796; x_wconf 80' lang='grc' dir='ltr'><em>αὐτοῦ</em></span> <span class='ocrx_word' id='word_1_66' title='bbox 1327 754 1482 796; x_wconf 76' lang='grc' dir='ltr'><em>κοΐ-50</em></span> 
     </span>
    </p>
   </div>
   <div class='ocr_carea' id='block_1_14' title="bbox 123 831 1424 889">
    <p class='ocr_par' dir='ltr' id='par_1_14' title="bbox 123 831 1424 889">
     <span class='ocr_line' id='line_1_16' title="bbox 123 831 1424 889; baseline 0.004 -18"><span class='ocrx_word' id='word_1_67' title='bbox 123 837 346 874; x_wconf 83' lang='grc' dir='ltr'><em>3σκονται.</em></span> <span class='ocrx_word' id='word_1_68' title='bbox 379 831 508 875; x_wconf 78' lang='grc' dir='ltr'><em>ἐπεὰν</em></span> <span class='ocrx_word' id='word_1_69' title='bbox 527 833 572 876; x_wconf 83' lang='grc' dir='ltr'><em>δὲ</em></span> <span class='ocrx_word' id='word_1_70' title='bbox 592 832 770 889; x_wconf 76' lang='grc' dir='ltr'><em>πλήρεες</em></span> <span class='ocrx_word' id='word_1_71' title='bbox 798 831 1009 887; x_wconf 76' lang='grc' dir='ltr'><em>γένωνται</em></span> <span class='ocrx_word' id='word_1_72' title='bbox 1040 831 1087 874; x_wconf 77' lang='grc' dir='ltr'><em>ἐν</em></span> <span class='ocrx_word' id='word_1_73' title='bbox 1120 835 1173 888; x_wconf 84' lang='grc' dir='ltr'><em>τῇ</em></span> <span class='ocrx_word' id='word_1_74' title='bbox 1206 831 1424 889; x_wconf 77' lang='grc' dir='ltr'><em>θαλάσσῃ,</em></span> 
     </span>
    </p>
   </div>
   <div class='ocr_carea' id='block_1_15' title="bbox 153 908 1422 968">
    <p class='ocr_par' dir='ltr' id='par_1_15' title="bbox 153 908 1422 968">
     <span class='ocr_line' id='line_1_17' title="bbox 153 908 1422 968; baseline 0.003 -16"><span class='ocrx_word' id='word_1_75' title='bbox 153 908 439 955; x_wconf 73' lang='grc' dir='ltr'><em>ἀναπλώουσι</em></span> <span class='ocrx_word' id='word_1_76' title='bbox 488 911 625 956; x_wconf 83' lang='grc' dir='ltr'><em>ὀπίσω</em></span> <span class='ocrx_word' id='word_1_77' title='bbox 671 912 713 963; x_wconf 77' lang='grc' dir='ltr'><em>ἐς</em></span> <span class='ocrx_word' id='word_1_78' title='bbox 757 912 869 968; x_wconf 76' lang='grc' dir='ltr'><em>ἤθεα</em></span> <span class='ocrx_word' id='word_1_79' title='bbox 921 911 973 954; x_wconf 75' lang='grc' dir='ltr'><em>τὰ</em></span> <span class='ocrx_word' id='word_1_80' title='bbox 1019 910 1196 954; x_wconf 78' lang='grc' dir='ltr'><em>ἑωυτῶν</em></span> <span class='ocrx_word' id='word_1_81' title='bbox 1237 911 1422 956; x_wconf 76' lang='grc' dir='ltr'><em>ἔκαστοι.</em></span> 
     </span>
    </p>
   </div>
   <div class='ocr_carea' id='block_1_16' title="bbox 123 989 1424 1048">
    <p class='ocr_par' dir='ltr' id='par_1_16' title="bbox 123 989 1424 1048">
     <span class='ocr_line' id='line_1_18' title="bbox 123 989 1424 1048; baseline 0.002 -16"><span class='ocrx_word' id='word_1_82' title='bbox 123 989 361 1045; x_wconf 80' lang='grc' dir='ltr'><em>4ἡγέονται</em></span> <span class='ocrx_word' id='word_1_83' title='bbox 390 990 537 1048; x_wconf 79' lang='grc' dir='ltr'><em>μέντοι</em></span> <span class='ocrx_word' id='word_1_84' title='bbox 566 1009 613 1048; x_wconf 89' lang='grc' dir='ltr'><em>γε</em></span> <span class='ocrx_word' id='word_1_85' title='bbox 645 990 794 1035; x_wconf 79' lang='grc' dir='ltr'><em>ου’κέτι</em></span> <span class='ocrx_word' id='word_1_86' title='bbox 824 992 867 1036; x_wconf 82' lang='grc' dir='ltr'><em>οἱ</em></span> <span class='ocrx_word' id='word_1_87' title='bbox 898 989 1049 1044; x_wconf 82' lang='grc' dir='ltr'><em>αὐτοὶ,</em></span> <span class='ocrx_word' id='word_1_88' title='bbox 1089 989 1196 1034; x_wconf 84' lang='grc' dir='ltr'><em>ἀλλά</em></span> <span class='ocrx_word' id='word_1_89' title='bbox 1224 997 1311 1034; x_wconf 81' lang='grc' dir='ltr'><em>τῶν</em></span> <span class='ocrx_word' id='word_1_90' title='bbox 1339 997 1424 1048; x_wconf 78' lang='grc' dir='ltr'><em>θη-</em></span> 
     </span>
    </p>
   </div>
   <div class='ocr_carea' id='block_1_17' title="bbox 150 1069 779 1129">
    <p class='ocr_par' dir='ltr' id='par_1_17' title="bbox 150 1069 779 1129">
     <span class='ocr_line' id='line_1_19' title="bbox 150 1069 779 1129; baseline 0.005 -17"><span class='ocrx_word' id='word_1_91' title='bbox 150 1069 262 1112; x_wconf 82' lang='grc' dir='ltr'><em>λέων</em></span> <span class='ocrx_word' id='word_1_92' title='bbox 297 1073 462 1125; x_wconf 87' lang='grc' dir='ltr'><em>γίνεται</em></span> <span class='ocrx_word' id='word_1_93' title='bbox 502 1070 779 1129; x_wconf 75' lang='grc' dir='ltr'><em>ἦὴγεμονίη.</em></span> 
     </span>
    </p>
   </div>
   <div class='ocr_carea' id='block_1_18' title="bbox 837 1069 1424 1127">
    <p class='ocr_par' dir='ltr' id='par_1_18' title="bbox 837 1069 1424 1127">
     <span class='ocr_line' id='line_1_20' title="bbox 837 1069 1424 1127; baseline 0 -13"><span class='ocrx_word' id='word_1_94' title='bbox 837 1069 1073 1127; x_wconf 81' lang='grc' dir='ltr'><em>ἡγεύμεναι</em></span> <span class='ocrx_word' id='word_1_95' title='bbox 1111 1070 1158 1114; x_wconf 68' lang='grc' dir='ltr'><em>δὲ</em></span> <span class='ocrx_word' id='word_1_96' title='bbox 1199 1069 1424 1127; x_wconf 82' lang='grc' dir='ltr'><em>ἀγεληδὸν,</em></span> 
     </span>
    </p>
   </div>
   <div class='ocr_carea' id='block_1_19' title="bbox 151 1148 1426 1207">
    <p class='ocr_par' dir='ltr' id='par_1_19' title="bbox 151 1148 1426 1207">
     <span class='ocr_line' id='line_1_21' title="bbox 151 1148 1426 1207; baseline 0.002 -15"><span class='ocrx_word' id='word_1_97' title='bbox 151 1153 322 1194; x_wconf 86' lang='grc' dir='ltr'><em>ποιεῦσι</em></span> <span class='ocrx_word' id='word_1_98' title='bbox 353 1148 451 1194; x_wconf 85' lang='grc' dir='ltr'><em>οἷόν</em></span> <span class='ocrx_word' id='word_1_99' title='bbox 479 1167 558 1207; x_wconf 90' lang='grc' dir='ltr'><em>περ</em></span> <span class='ocrx_word' id='word_1_100' title='bbox 591 1152 765 1195; x_wconf 78' lang='grc' dir='ltr'><em>ἐποίευν</em></span> <span class='ocrx_word' id='word_1_101' title='bbox 798 1152 841 1195; x_wconf 82' lang='grc' dir='ltr'><em>οἱ</em></span> <span class='ocrx_word' id='word_1_102' title='bbox 871 1151 1059 1205; x_wconf 75' lang='grc' dir='ltr'><em>ἔρσενες·</em></span> <span class='ocrx_word' id='word_1_103' title='bbox 1089 1153 1179 1194; x_wconf 77' lang='grc' dir='ltr'><em>τῶν</em></span> <span class='ocrx_word' id='word_1_104' title='bbox 1210 1149 1293 1206; x_wconf 76' lang='grc' dir='ltr'><em>γὰρ</em></span> <span class='ocrx_word' id='word_1_105' title='bbox 1324 1149 1426 1194; x_wconf 77' lang='grc' dir='ltr'><em>ὠῶν</em></span> 
     </span>
    </p>
   </div>
   <div class='ocr_carea' id='block_1_20' title="bbox 154 1227 1481 1287">
    <p class='ocr_par' dir='ltr' id='par_1_20' title="bbox 154 1227 1481 1287">
     <span class='ocr_line' id='line_1_22' title="bbox 154 1227 1481 1287; baseline 0.001 -15"><span class='ocrx_word' id='word_1_106' title='bbox 154 1227 479 1285; x_wconf 74' lang='grc' dir='ltr'><em>ἀπορραίνουσι</em></span> <span class='ocrx_word' id='word_1_107' title='bbox 508 1229 604 1276; x_wconf 88' lang='grc' dir='ltr'><em>κατ’</em></span> <span class='ocrx_word' id='word_1_108' title='bbox 639 1230 815 1287; x_wconf 76' lang='grc' dir='ltr'><em>ὀλίγους</em></span> <span class='ocrx_word' id='word_1_109' title='bbox 843 1234 932 1275; x_wconf 78' lang='grc' dir='ltr'><em>τῶν</em></span> <span class='ocrx_word' id='word_1_110' title='bbox 959 1229 1180 1287; x_wconf 81' lang='grc' dir='ltr'><em>κέγχρων,</em></span> <span class='ocrx_word' id='word_1_111' title='bbox 1214 1231 1258 1273; x_wconf 81' lang='grc' dir='ltr'><em>οἱ</em></span> <span class='ocrx_word' id='word_1_112' title='bbox 1287 1230 1332 1274; x_wconf 77' lang='grc' dir='ltr'><em>δὲ</em></span> <span class='ocrx_word' id='word_1_113' title='bbox 1355 1230 1423 1286; x_wconf 78' lang='grc' dir='ltr'><em>ἔρ-</em></span> <span class='ocrx_word' id='word_1_114' title='bbox 1436 1238 1481 1272; x_wconf 89' lang='grc'><em>55</em></span> 
     </span>
    </p>
   </div>
   <div class='ocr_carea' id='block_1_21' title="bbox 294 1466 559 1520">
    <p class='ocr_par' dir='ltr' id='par_1_21' title="bbox 294 1466 559 1520">
     <span class='ocr_line' id='line_1_23' title="bbox 294 1466 559 1520; baseline 0 -16"><span class='ocrx_word' id='word_1_115' title='bbox 294 1467 402 1520; x_wconf 79' lang='lat' dir='ltr'><em>Cap.</em></span> <span class='ocrx_word' id='word_1_116' title='bbox 427 1466 559 1505; x_wconf 81' lang='lat' dir='ltr'><em>xcnl.</em></span> 
     </span>
    </p>
   </div>
   <div class='ocr_carea' id='block_1_22' title="bbox 89 1547 752 2964">
    <p class='ocr_par' dir='ltr' id='par_1_22' title="bbox 89 1547 752 2964">
     <span class='ocr_line' id='line_1_24' title="bbox 151 1547 752 1602; baseline 0 -11"><span class='ocrx_word' id='word_1_117' title='bbox 151 1549 194 1591; x_wconf 79' lang='grc' dir='ltr'><em>ἒν</em></span> <span class='ocrx_word' id='word_1_118' title='bbox 227 1547 299 1602; x_wconf 73' lang='grc' dir='ltr'><em>μὲν</em></span> <span class='ocrx_word' id='word_1_119' title='bbox 326 1554 430 1590; x_wconf 87' lang='grc' dir='ltr'><em>τοῖσι</em></span> <span class='ocrx_word' id='word_1_120' title='bbox 457 1554 670 1602; x_wconf 81' lang='grc' dir='ltr'><em>ποταμοῖσι</em></span> <span class='ocrx_word' id='word_1_121' title='bbox 702 1547 752 1592; x_wconf 84' lang='grc' dir='ltr'><em>ου’</em></span> 
     </span>
     <span class='ocr_line' id='line_1_25' title="bbox 93 1604 751 1660; baseline 0.002 -14"><span class='ocrx_word' id='word_1_122' title='bbox 93 1604 199 1660; x_wconf 75' lang='grc' dir='ltr'><em>μάλα</em></span> <span class='ocrx_word' id='word_1_123' title='bbox 222 1607 425 1660; x_wconf 83' lang='grc' dir='ltr'><em>γίνονται]</em></span> <span class='ocrx_word' id='word_1_124' title='bbox 455 1605 660 1659; x_wconf 68' lang='grc' dir='ltr'><em>ποταμούς</em></span> <span class='ocrx_word' id='word_1_125' title='bbox 680 1609 751 1647; x_wconf 91' lang='lat' dir='ltr'><em>h.l.</em></span> 
     </span>
     <span class='ocr_line' id='line_1_26' title="bbox 92 1666 751 1704; baseline 0.003 -2"><span class='ocrx_word' id='word_1_126' title='bbox 92 1670 216 1702; x_wconf 89' lang='lat' dir='ltr'><em>monet</em></span> <span class='ocrx_word' id='word_1_127' title='bbox 240 1666 414 1703; x_wconf 83' lang='lat' dir='ltr'><em>Reiskius</em></span> <span class='ocrx_word' id='word_1_128' title='bbox 445 1679 527 1703; x_wconf 84' lang='lat' dir='ltr'><em>esse</em></span> <span class='ocrx_word' id='word_1_129' title='bbox 557 1666 700 1703; x_wconf 82' lang='lat' dir='ltr'><em>canales</em></span> <span class='ocrx_word' id='word_1_130' title='bbox 730 1680 751 1704; x_wconf 86' lang='lat' dir='ltr'><em>e</em></span> 
     </span>
     <span class='ocr_line' id='line_1_27' title="bbox 91 1721 750 1773; baseline 0 -13"><span class='ocrx_word' id='word_1_131' title='bbox 91 1721 179 1760; x_wconf 88' lang='lat' dir='ltr'><em>Nilo</em></span> <span class='ocrx_word' id='word_1_132' title='bbox 214 1723 355 1759; x_wconf 90' lang='lat' dir='ltr'><em>ductos.</em></span> <span class='ocrx_word' id='word_1_133' title='bbox 400 1743 448 1749; x_wconf 90' lang='lat'><em>—--</em></span> <span class='ocrx_word' id='word_1_134' title='bbox 503 1722 562 1760; x_wconf 88' lang='lat' dir='ltr'><em>De</em></span> <span class='ocrx_word' id='word_1_135' title='bbox 591 1723 750 1773; x_wconf 84' lang='lat' dir='ltr'><em>piscibus</em></span> 
     </span>
     <span class='ocr_line' id='line_1_28' title="bbox 92 1778 673 1828; baseline 0.003 -14"><span class='ocrx_word' id='word_1_136' title='bbox 92 1778 268 1815; x_wconf 76' lang='lat' dir='ltr'><em>nonnulla</em></span> <span class='ocrx_word' id='word_1_137' title='bbox 287 1779 441 1815; x_wconf 85' lang='lat' dir='ltr'><strong>diximus</strong></span> <span class='ocrx_word' id='word_1_138' title='bbox 460 1779 507 1816; x_wconf 83' lang='lat' dir='ltr'><em>ad</em></span> <span class='ocrx_word' id='word_1_139' title='bbox 531 1779 584 1828; x_wconf 86' lang='grc' dir='ltr'><em>Π,</em></span> <span class='ocrx_word' id='word_1_140' title='bbox 608 1783 673 1820; x_wconf 88' lang='grc'><em>77.</em></span> 
     </span>
     <span class='ocr_line' id='line_1_29' title="bbox 150 1829 748 1886; baseline 0.002 -13"><span class='ocrx_word' id='word_1_141' title='bbox 150 1829 465 1885; x_wconf 60' lang='grc' dir='ltr'><em>ἀπορραίνοντες</em></span> <span class='ocrx_word' id='word_1_142' title='bbox 495 1839 569 1874; x_wconf 77' lang='grc' dir='ltr'><em>τοῦ</em></span> <span class='ocrx_word' id='word_1_143' title='bbox 594 1834 748 1886; x_wconf 72' lang='grc' dir='ltr'><em>θοροῦ]</em></span> 
     </span>
     <span class='ocr_line' id='line_1_30' title="bbox 91 1892 748 1944; baseline 0.002 -16"><span class='ocrx_word' id='word_1_144' title='bbox 91 1892 114 1928; x_wconf 86' lang='grc' dir='ltr'><em>ἰ.</em></span> <span class='ocrx_word' id='word_1_145' title='bbox 139 1905 170 1929; x_wconf 90' lang='lat' dir='ltr'><em>e.</em></span> <span class='ocrx_word' id='word_1_146' title='bbox 189 1897 391 1941; x_wconf 71' lang='lat' dir='ltr'><em>spargentes</em></span> <span class='ocrx_word' id='word_1_147' title='bbox 410 1893 550 1943; x_wconf 75' lang='lat' dir='ltr'><em>aliquid</em></span> <span class='ocrx_word' id='word_1_148' title='bbox 567 1893 748 1944; x_wconf 85' lang='lat' dir='ltr'><em>(partem)</em></span> 
     </span>
     <span class='ocr_line' id='line_1_31' title="bbox 91 1949 428 1997; baseline 0.003 -12"><span class='ocrx_word' id='word_1_149' title='bbox 91 1950 230 1985; x_wconf 74' lang='lat' dir='ltr'><em>seminis</em></span> <span class='ocrx_word' id='word_1_150' title='bbox 250 1949 428 1997; x_wconf 70' lang='lat' dir='ltr'><em>genitalis.</em></span> 
     </span>
     <span class='ocr_line' id='line_1_32' title="bbox 149 2000 747 2056; baseline 0 -13"><span class='ocrx_word' id='word_1_151' title='bbox 149 2001 545 2056; x_wconf 75' lang='grc' dir='ltr'><em>ἀνακάπτουσι]</em></span> <span class='ocrx_word' id='word_1_152' title='bbox 590 2000 747 2044; x_wconf 67' lang='grc' dir='ltr'><em>ἀνακοί-</em></span> 
     </span>
     <span class='ocr_line' id='line_1_33' title="bbox 94 2059 748 2111; baseline 0.002 -11"><span class='ocrx_word' id='word_1_153' title='bbox 94 2076 206 2101; x_wconf 85' lang='grc' dir='ltr'><em>πτειν</em></span> <span class='ocrx_word' id='word_1_154' title='bbox 236 2067 272 2100; x_wconf 89' lang='lat' dir='ltr'><em>et</em></span> <span class='ocrx_word' id='word_1_155' title='bbox 291 2059 455 2102; x_wconf 71' lang='grc' dir='ltr'><em>κάπτειν</em></span> <span class='ocrx_word' id='word_1_156' title='bbox 483 2061 613 2111; x_wconf 86' lang='lat' dir='ltr'><em>(quod</em></span> <span class='ocrx_word' id='word_1_157' title='bbox 633 2078 748 2101; x_wconf 82' lang='grc' dir='ltr'><em>κατα-</em></span> 
     </span>
     <span class='ocr_line' id='line_1_34' title="bbox 91 2119 749 2170; baseline -0.003 -13"><span class='ocrx_word' id='word_1_158' title='bbox 91 2119 224 2157; x_wconf 91' lang='grc' dir='ltr'><em>πίνειν</em></span> <span class='ocrx_word' id='word_1_159' title='bbox 254 2120 409 2170; x_wconf 82' lang='lat' dir='ltr'><em>explicat</em></span> <span class='ocrx_word' id='word_1_160' title='bbox 430 2119 661 2167; x_wconf 77' lang='lat' dir='ltr'>Hesychius)</span> <span class='ocrx_word' id='word_1_161' title='bbox 692 2122 749 2156; x_wconf 86' lang='lat' dir='ltr'><em>est</em></span> 
     </span>
     <span class='ocr_line' id='line_1_35' title="bbox 91 2175 750 2224; baseline 0.002 -12"><span class='ocrx_word' id='word_1_162' title='bbox 91 2175 285 2224; x_wconf 74' lang='lat' dir='ltr'><em>deglutire,</em></span> <span class='ocrx_word' id='word_1_163' title='bbox 315 2177 501 2223; x_wconf 79' lang='lat' dir='ltr'><em>devorare,</em></span> <span class='ocrx_word' id='word_1_164' title='bbox 533 2189 561 2212; x_wconf 92' lang='lat' dir='ltr'><em>s.</em></span> <span class='ocrx_word' id='word_1_165' title='bbox 585 2177 750 2213; x_wconf 87' lang='lat' dir='ltr'><em>utHem-</em></span> 
     </span>
     <span class='ocr_line' id='line_1_36' title="bbox 90 2232 746 2282; baseline 0 -13"><span class='ocrx_word' id='word_1_166' title='bbox 90 2233 288 2270; x_wconf 71' lang='lat' dir='ltr'><em>sterhusius</em></span> <span class='ocrx_word' id='word_1_167' title='bbox 321 2234 367 2271; x_wconf 83' lang='lat' dir='ltr'><em>ad</em></span> <span class='ocrx_word' id='word_1_168' title='bbox 394 2232 628 2282; x_wconf 86' lang='lat' dir='ltr'><em>Aristophan.</em></span> <span class='ocrx_word' id='word_1_169' title='bbox 653 2233 746 2269; x_wconf 88' lang='lat' dir='ltr'><em>Plut.</em></span> 
     </span>
     <span class='ocr_line' id='line_1_37' title="bbox 89 2289 746 2340; baseline -0.006 -10"><span class='ocrx_word' id='word_1_170' title='bbox 89 2302 176 2340; x_wconf 73' lang='lat' dir='ltr'><em>pag·</em></span> <span class='ocrx_word' id='word_1_171' title='bbox 198 2289 282 2330; x_wconf 83' lang='lat'><em>314</em></span> <span class='ocrx_word' id='word_1_172' title='bbox 310 2292 592 2340; x_wconf 83' lang='lat' dir='ltr'><em>interpretatur:</em></span> <span class='ocrx_word' id='word_1_173' title='bbox 621 2291 746 2339; x_wconf 75' lang='lat' dir='ltr'><em>repeti-</em></span> 
     </span>
     <span class='ocr_line' id='line_1_38' title="bbox 90 2345 749 2396; baseline 0.002 -14"><span class='ocrx_word' id='word_1_174' title='bbox 90 2348 138 2382; x_wconf 69' lang='lat' dir='ltr'><em>tis</em></span> <span class='ocrx_word' id='word_1_175' title='bbox 149 2345 334 2384; x_wconf 72' lang='lat' dir='ltr'><em>identidem</em></span> <span class='ocrx_word' id='word_1_176' title='bbox 349 2347 646 2396; x_wconf 73' lang='lat' dir='ltr'><em>interpellatisque</em></span> <span class='ocrx_word' id='word_1_177' title='bbox 658 2359 749 2383; x_wconf 80' lang='lat' dir='ltr'><em>mor-</em></span> 
     </span>
     <span class='ocr_line' id='line_1_39' title="bbox 91 2403 748 2454; baseline 0.003 -16"><span class='ocrx_word' id='word_1_178' title='bbox 91 2403 187 2439; x_wconf 75' lang='lat' dir='ltr'><em>sibus</em></span> <span class='ocrx_word' id='word_1_179' title='bbox 204 2403 362 2454; x_wconf 79' lang='lat' dir='ltr'><em>adpetere</em></span> <span class='ocrx_word' id='word_1_180' title='bbox 374 2408 405 2440; x_wconf 88' lang='lat' dir='ltr'><em>et</em></span> <span class='ocrx_word' id='word_1_181' title='bbox 420 2403 611 2440; x_wconf 72' lang='lat' dir='ltr'><em>vellicatim</em></span> <span class='ocrx_word' id='word_1_182' title='bbox 623 2407 748 2453; x_wconf 78' lang='lat' dir='ltr'><em>carpta</em></span> 
     </span>
     <span class='ocr_line' id='line_1_40' title="bbox 91 2458 748 2498; baseline 0.003 -3"><span class='ocrx_word' id='word_1_183' title='bbox 91 2458 277 2497; x_wconf 82' lang='lat' dir='ltr'><em>demittere.</em></span> <span class='ocrx_word' id='word_1_184' title='bbox 354 2461 490 2498; x_wconf 73' lang='lat' dir='ltr'><em>(nossa</em></span> <span class='ocrx_word' id='word_1_185' title='bbox 531 2460 748 2497; x_wconf 84' lang='lat' dir='ltr'><em>Herodotea</em></span> 
     </span>
     <span class='ocr_line' id='line_1_41' title="bbox 91 2510 746 2567; baseline 0 -13"><span class='ocrx_word' id='word_1_186' title='bbox 91 2510 306 2564; x_wconf 78' lang='grc' dir='ltr'><em>κάπτοντες</em></span> <span class='ocrx_word' id='word_1_187' title='bbox 315 2518 436 2555; x_wconf 86' lang='lat' dir='ltr'><em>reddit</em></span> <span class='ocrx_word' id='word_1_188' title='bbox 447 2512 746 2567; x_wconf 80' lang='grc' dir='ltr'><em>ἀποδεχόμενοι.</em></span> 
     </span>
     <span class='ocr_line' id='line_1_42' title="bbox 93 2571 746 2624; baseline 0.003 -15"><span class='ocrx_word' id='word_1_189' title='bbox 93 2571 155 2609; x_wconf 88' lang='lat' dir='ltr'><em>Tu</em></span> <span class='ocrx_word' id='word_1_190' title='bbox 173 2573 243 2610; x_wconf 87' lang='lat' dir='ltr'><em>vid.</em></span> <span class='ocrx_word' id='word_1_191' title='bbox 256 2578 402 2624; x_wconf 84' lang='lat' dir='ltr'><em>praeter</em></span> <span class='ocrx_word' id='word_1_192' title='bbox 414 2574 586 2611; x_wconf 87' lang='lat' dir='ltr'><em>Valcken.</em></span> <span class='ocrx_word' id='word_1_193' title='bbox 605 2575 653 2610; x_wconf 82' lang='lat' dir='ltr'><em>ad</em></span> <span class='ocrx_word' id='word_1_194' title='bbox 674 2574 708 2610; x_wconf 89' lang='lat' dir='ltr'><em>h.</em></span> <span class='ocrx_word' id='word_1_195' title='bbox 723 2573 746 2611; x_wconf 86' lang='lat' dir='ltr'><em>l.</em></span> 
     </span>
     <span class='ocr_line' id='line_1_43' title="bbox 94 2627 745 2679; baseline 0.005 -16"><span class='ocrx_word' id='word_1_196' title='bbox 94 2627 298 2678; x_wconf 86' lang='lat' dir='ltr'><em>interprett.</em></span> <span class='ocrx_word' id='word_1_197' title='bbox 336 2631 383 2668; x_wconf 84' lang='lat' dir='ltr'><em>ad</em></span> <span class='ocrx_word' id='word_1_198' title='bbox 401 2631 560 2679; x_wconf 85' lang='lat' dir='ltr'><em>Gregor.</em></span> <span class='ocrx_word' id='word_1_199' title='bbox 581 2630 745 2667; x_wconf 88' lang='lat' dir='ltr'><em>Corinth.</em></span> 
     </span>
     <span class='ocr_line' id='line_1_44' title="bbox 95 2684 747 2736; baseline 0.008 -16"><span class='ocrx_word' id='word_1_200' title='bbox 95 2684 143 2721; x_wconf 88' lang='lat' dir='ltr'><em>de</em></span> <span class='ocrx_word' id='word_1_201' title='bbox 177 2685 258 2723; x_wconf 87' lang='lat' dir='ltr'><em>dial.</em></span> <span class='ocrx_word' id='word_1_202' title='bbox 294 2700 379 2736; x_wconf 85' lang='lat' dir='ltr'><em>pag.</em></span> <span class='ocrx_word' id='word_1_203' title='bbox 410 2687 503 2729; x_wconf 78' lang='lat'><em>520.</em></span> <span class='ocrx_word' id='word_1_204' title='bbox 572 2685 632 2723; x_wconf 89' lang='lat' dir='ltr'><em>Ad</em></span> <span class='ocrx_word' id='word_1_205' title='bbox 670 2700 747 2725; x_wconf 90' lang='lat' dir='ltr'><em>rem</em></span> 
     </span>
     <span class='ocr_line' id='line_1_45' title="bbox 96 2742 749 2790; baseline 0.008 -14"><span class='ocrx_word' id='word_1_206' title='bbox 96 2752 265 2790; x_wconf 80' lang='lat' dir='ltr'><em>compara</em></span> <span class='ocrx_word' id='word_1_207' title='bbox 301 2742 503 2781; x_wconf 85' lang='lat' dir='ltr'><em>Aristotelis</em></span> <span class='ocrx_word' id='word_1_208' title='bbox 546 2743 665 2781; x_wconf 90' lang='lat' dir='ltr'><em>locum</em></span> <span class='ocrx_word' id='word_1_209' title='bbox 710 2745 749 2781; x_wconf 87' lang='lat' dir='ltr'><em>in</em></span> 
     </span>
     <span class='ocr_line' id='line_1_46' title="bbox 96 2795 747 2850; baseline 0.017 -19"><span class='ocrx_word' id='word_1_210' title='bbox 96 2795 178 2833; x_wconf 84' lang='lat' dir='ltr'><em>hist.</em></span> <span class='ocrx_word' id='word_1_211' title='bbox 205 2798 345 2835; x_wconf 85' lang='lat' dir='ltr'><em>animal.</em></span> <span class='ocrx_word' id='word_1_212' title='bbox 379 2800 434 2847; x_wconf 91' lang='lat' dir='ltr'><em>V,</em></span> <span class='ocrx_word' id='word_1_213' title='bbox 455 2801 480 2842; x_wconf 90' lang='lat'>5</span> <span class='ocrx_word' id='word_1_214' title='bbox 520 2813 557 2850; x_wconf 92' lang='lat' dir='ltr'><em>p.</em></span> <span class='ocrx_word' id='word_1_215' title='bbox 582 2801 685 2847; x_wconf 84' lang='lat'><strong>836,</strong></span> <span class='ocrx_word' id='word_1_216' title='bbox 702 2799 747 2837; x_wconf 86' lang='lat' dir='ltr'><em>A·</em></span> 
     </span>
     <span class='ocr_line' id='line_1_47' title="bbox 96 2851 717 2905; baseline -0.003 -11"><span class='ocrx_word' id='word_1_217' title='bbox 96 2851 128 2888; x_wconf 83' lang='lat' dir='ltr'>B</span> <span class='ocrx_word' id='word_1_218' title='bbox 152 2852 216 2900; x_wconf 82' lang='lat' dir='ltr'><em>(V,</em></span> <span class='ocrx_word' id='word_1_219' title='bbox 235 2853 261 2894; x_wconf 81' lang='grc'>4</span> <span class='ocrx_word' id='word_1_220' title='bbox 284 2867 320 2903; x_wconf 85' lang='lat' dir='ltr'><em>p.</em></span> <span class='ocrx_word' id='word_1_221' title='bbox 342 2857 421 2897; x_wconf 87' lang='grc'><em>185</em></span> <span class='ocrx_word' id='word_1_222' title='bbox 444 2857 717 2905; x_wconf 82' lang='lat' dir='ltr'><em>ed.Schneid.).</em></span> 
     </span>
     <span class='ocr_line' id='line_1_48' title="bbox 153 2907 750 2964; baseline 0.012 -18"><span class='ocrx_word' id='word_1_223' title='bbox 153 2910 232 2947; x_wconf 78' lang='grc' dir='ltr'><em>τῶν</em></span> <span class='ocrx_word' id='word_1_224' title='bbox 253 2907 327 2962; x_wconf 74' lang='grc' dir='ltr'><em>γὰρ</em></span> <span class='ocrx_word' id='word_1_225' title='bbox 347 2907 436 2951; x_wconf 82' lang='grc' dir='ltr'><em>ω’ῶν</em></span> <span class='ocrx_word' id='word_1_226' title='bbox 456 2908 750 2964; x_wconf 70' lang='grc' dir='ltr'><em>ἀπορραίνουσι</em></span> 
     </span>
    </p>
   </div>
   <div class='ocr_carea' id='block_1_23' title="bbox 814 1433 1480 2966">
    <p class='ocr_par' dir='ltr' id='par_1_23' title="bbox 814 1433 1480 2966">
     <span class='ocr_line' id='line_1_49' title="bbox 821 1433 1475 1491; baseline -0.003 -12"><span class='ocrx_word' id='word_1_227' title='bbox 821 1433 902 1479; x_wconf 84' lang='grc' dir='ltr'><em>κατ’</em></span> <span class='ocrx_word' id='word_1_228' title='bbox 951 1435 1113 1491; x_wconf 83' lang='grc' dir='ltr'><em>ὀλίγους</em></span> <span class='ocrx_word' id='word_1_229' title='bbox 1149 1441 1231 1478; x_wconf 72' lang='grc' dir='ltr'><em>τῶν</em></span> <span class='ocrx_word' id='word_1_230' title='bbox 1276 1436 1475 1490; x_wconf 77' lang='grc' dir='ltr'><em>κέγχρων]</em></span> 
     </span>
     <span class='ocr_line' id='line_1_50' title="bbox 822 1495 1480 1544; baseline -0.003 -10"><span class='ocrx_word' id='word_1_231' title='bbox 822 1496 990 1534; x_wconf 79' lang='lat' dir='ltr'><em>Correxit</em></span> <span class='ocrx_word' id='word_1_232' title='bbox 1028 1497 1166 1533; x_wconf 70' lang='lat' dir='ltr'><em>Col-aes</em></span> <span class='ocrx_word' id='word_1_233' title='bbox 1212 1495 1275 1544; x_wconf 90' lang='lat' dir='ltr'><em>(in</em></span> <span class='ocrx_word' id='word_1_234' title='bbox 1306 1495 1480 1533; x_wconf 88' lang='lat' dir='ltr'><em>Larcheri</em></span> 
     </span>
     <span class='ocr_line' id='line_1_51' title="bbox 822 1547 1478 1604; baseline 0 -14"><span class='ocrx_word' id='word_1_235' title='bbox 822 1554 919 1601; x_wconf 81' lang='lat' dir='ltr'><em>not.)</em></span> <span class='ocrx_word' id='word_1_236' title='bbox 945 1550 1045 1591; x_wconf 70' lang='grc' dir='ltr'><em>κατοὶ</em></span> <span class='ocrx_word' id='word_1_237' title='bbox 1069 1549 1185 1604; x_wconf 76' lang='grc' dir='ltr'><em>λόγον</em></span> <span class='ocrx_word' id='word_1_238' title='bbox 1213 1567 1232 1591; x_wconf 85' lang='lat' dir='ltr'><em>e</em></span> <span class='ocrx_word' id='word_1_239' title='bbox 1252 1553 1371 1589; x_wconf 82' lang='lat' dir='ltr'><em>verbis</em></span> <span class='ocrx_word' id='word_1_240' title='bbox 1395 1547 1478 1590; x_wconf 79' lang='grc' dir='ltr'><em>κατ’</em></span> 
     </span>
     <span class='ocr_line' id='line_1_52' title="bbox 821 1605 1480 1661; baseline -0.003 -13"><span class='ocrx_word' id='word_1_241' title='bbox 821 1605 976 1661; x_wconf 81' lang='grc' dir='ltr'><em>ὀλίγους</em></span> <span class='ocrx_word' id='word_1_242' title='bbox 996 1610 1156 1658; x_wconf 83' lang='lat' dir='ltr'><em>indeque</em></span> <span class='ocrx_word' id='word_1_243' title='bbox 1173 1610 1223 1646; x_wconf 87' lang='lat' dir='ltr'><em>sic</em></span> <span class='ocrx_word' id='word_1_244' title='bbox 1243 1609 1366 1646; x_wconf 80' lang='lat' dir='ltr'><em>vertit:</em></span> <span class='ocrx_word' id='word_1_245' title='bbox 1387 1611 1480 1659; x_wconf 75' lang='lat' dir='ltr'><em>„qai</em></span> 
     </span>
     <span class='ocr_line' id='line_1_53' title="bbox 820 1666 1477 1715; baseline 0 -12"><span class='ocrx_word' id='word_1_246' title='bbox 820 1670 897 1703; x_wconf 76' lang='lat' dir='ltr'><em>sont</em></span> <span class='ocrx_word' id='word_1_247' title='bbox 918 1667 959 1703; x_wconf 82' lang='lat' dir='ltr'><em>de</em></span> <span class='ocrx_word' id='word_1_248' title='bbox 977 1666 1012 1703; x_wconf 84' lang='grc' dir='ltr'><em>ία</em></span> <span class='ocrx_word' id='word_1_249' title='bbox 1031 1679 1195 1715; x_wconf 79' lang='lat' dir='ltr'><em>grusseur</em></span> <span class='ocrx_word' id='word_1_250' title='bbox 1216 1666 1274 1702; x_wconf 78' lang='lat' dir='ltr'><em>des</em></span> <span class='ocrx_word' id='word_1_251' title='bbox 1292 1667 1419 1714; x_wconf 75' lang='lat' dir='ltr'><em>grains</em></span> <span class='ocrx_word' id='word_1_252' title='bbox 1435 1666 1477 1703; x_wconf 83' lang='lat' dir='ltr'><em>de</em></span> 
     </span>
     <span class='ocr_line' id='line_1_54' title="bbox 820 1722 1478 1772; baseline -0.005 -12"><span class='ocrx_word' id='word_1_253' title='bbox 820 1724 976 1769; x_wconf 74' lang='lat' dir='ltr'><em>millet;“</em></span> <span class='ocrx_word' id='word_1_254' title='bbox 997 1724 1303 1772; x_wconf 83' lang='lat' dir='ltr'><em>quemadmodum</em></span> <span class='ocrx_word' id='word_1_255' title='bbox 1319 1722 1383 1769; x_wconf 78' lang='grc' dir='ltr'>ΙΙΙ,</span> <span class='ocrx_word' id='word_1_256' title='bbox 1400 1725 1478 1763; x_wconf 83' lang='grc'><em>100</em></span> 
     </span>
     <span class='ocr_line' id='line_1_55' title="bbox 820 1776 1479 1831; baseline -0.008 -12"><span class='ocrx_word' id='word_1_257' title='bbox 820 1776 919 1819; x_wconf 73' lang='grc' dir='ltr'><em>ὅσον</em></span> <span class='ocrx_word' id='word_1_258' title='bbox 938 1778 1098 1831; x_wconf 77' lang='grc' dir='ltr'><em>κέγχρος</em></span> <span class='ocrx_word' id='word_1_259' title='bbox 1118 1777 1160 1819; x_wconf 85' lang='grc' dir='ltr'><em>τὸ</em></span> <span class='ocrx_word' id='word_1_260' title='bbox 1179 1778 1364 1830; x_wconf 79' lang='grc' dir='ltr'><em>μέγαθος.</em></span> <span class='ocrx_word' id='word_1_261' title='bbox 1387 1779 1479 1815; x_wconf 86' lang='lat' dir='ltr'><em>Pro-</em></span> 
     </span>
     <span class='ocr_line' id='line_1_56' title="bbox 820 1835 1480 1884; baseline -0.005 -10"><span class='ocrx_word' id='word_1_262' title='bbox 820 1837 918 1874; x_wconf 84' lang='lat' dir='ltr'><em>bavit</em></span> <span class='ocrx_word' id='word_1_263' title='bbox 938 1838 1143 1874; x_wconf 88' lang='lat' dir='ltr'><em>Creuzerus</em></span> <span class='ocrx_word' id='word_1_264' title='bbox 1172 1837 1209 1873; x_wconf 88' lang='lat' dir='ltr'><em>in</em></span> <span class='ocrx_word' id='word_1_265' title='bbox 1232 1837 1400 1884; x_wconf 81' lang='lat' dir='ltr'><em>fragmm.</em></span> <span class='ocrx_word' id='word_1_266' title='bbox 1423 1835 1480 1872; x_wconf 89' lang='lat' dir='ltr'><em>hi-</em></span> 
     </span>
     <span class='ocr_line' id='line_1_57' title="bbox 820 1892 1479 1943; baseline -0.003 -13"><span class='ocrx_word' id='word_1_267' title='bbox 820 1897 926 1931; x_wconf 87' lang='lat' dir='ltr'><em>storr.</em></span> <span class='ocrx_word' id='word_1_268' title='bbox 986 1906 1071 1943; x_wconf 81' lang='lat' dir='ltr'><em>pag.</em></span> <span class='ocrx_word' id='word_1_269' title='bbox 1114 1895 1168 1934; x_wconf 83' lang='lat'><em>63</em></span> <span class='ocrx_word' id='word_1_270' title='bbox 1191 1922 1201 1941; x_wconf 87' lang='lat'>,</span> <span class='ocrx_word' id='word_1_271' title='bbox 1259 1892 1479 1942; x_wconf 84' lang='lat' dir='ltr'><em>improbavit</em></span> 
     </span>
     <span class='ocr_line' id='line_1_58' title="bbox 818 1947 1473 2000; baseline 0 -13"><span class='ocrx_word' id='word_1_272' title='bbox 818 1950 1207 1999; x_wconf 80' lang='lat' dir='ltr'><em>Schweighaeuserus,</em></span> <span class='ocrx_word' id='word_1_273' title='bbox 1236 1950 1291 1986; x_wconf 90' lang='lat' dir='ltr'><em>cui</em></span> <span class='ocrx_word' id='word_1_274' title='bbox 1321 1948 1362 1987; x_wconf 80' lang='grc' dir='ltr'><em>οἵ</em></span> <span class='ocrx_word' id='word_1_275' title='bbox 1388 1947 1473 2000; x_wconf 87' lang='grc' dir='ltr'><em>κε’γ-</em></span> 
     </span>
     <span class='ocr_line' id='line_1_59' title="bbox 815 2005 1474 2058; baseline -0.006 -12"><span class='ocrx_word' id='word_1_276' title='bbox 815 2022 904 2058; x_wconf 85' lang='grc' dir='ltr'><em>χροι</em></span> <span class='ocrx_word' id='word_1_277' title='bbox 933 2007 1093 2055; x_wconf 83' lang='lat' dir='ltr'><em>generali</em></span> <span class='ocrx_word' id='word_1_278' title='bbox 1123 2008 1281 2056; x_wconf 82' lang='lat' dir='ltr'><em>quadam</em></span> <span class='ocrx_word' id='word_1_279' title='bbox 1308 2005 1474 2042; x_wconf 82' lang='lat' dir='ltr'>vocabuli</span> 
     </span>
     <span class='ocr_line' id='line_1_60' title="bbox 816 2063 1472 2111; baseline -0.002 -11"><span class='ocrx_word' id='word_1_280' title='bbox 816 2065 965 2100; x_wconf 82' lang='lat' dir='ltr'><em>notione</em></span> <span class='ocrx_word' id='word_1_281' title='bbox 989 2076 1107 2111; x_wconf 77' lang='lat' dir='ltr'><em>grana</em></span> <span class='ocrx_word' id='word_1_282' title='bbox 1140 2063 1210 2100; x_wconf 89' lang='lat' dir='ltr'><em>dici</em></span> <span class='ocrx_word' id='word_1_283' title='bbox 1238 2063 1407 2099; x_wconf 86' lang='lat' dir='ltr'><em>videntur</em></span> <span class='ocrx_word' id='word_1_284' title='bbox 1435 2066 1472 2099; x_wconf 87' lang='lat' dir='ltr'><em>et</em></span> 
     </span>
     <span class='ocr_line' id='line_1_61' title="bbox 816 2115 1472 2172; baseline -0.008 -13"><span class='ocrx_word' id='word_1_285' title='bbox 816 2122 898 2159; x_wconf 73' lang='grc' dir='ltr'><em>τῶν</em></span> <span class='ocrx_word' id='word_1_286' title='bbox 923 2115 1011 2158; x_wconf 67' lang='lat'><em>‹5032›</em></span> <span class='ocrx_word' id='word_1_287' title='bbox 1040 2119 1080 2158; x_wconf 82' lang='grc' dir='ltr'><em>οἱ</em></span> <span class='ocrx_word' id='word_1_288' title='bbox 1107 2118 1263 2172; x_wconf 81' lang='grc' dir='ltr'><em>κέγχροι</em></span> <span class='ocrx_word' id='word_1_289' title='bbox 1304 2119 1472 2167; x_wconf 76' lang='lat' dir='ltr'><em>(ovorum.</em></span> 
     </span>
     <span class='ocr_line' id='line_1_62' title="bbox 815 2175 1471 2226; baseline -0.003 -12"><span class='ocrx_word' id='word_1_290' title='bbox 815 2178 972 2226; x_wconf 79' lang='lat' dir='ltr'><em>grana),</em></span> <span class='ocrx_word' id='word_1_291' title='bbox 1012 2177 1093 2226; x_wconf 83' lang='lat' dir='ltr'><em>ipsa</em></span> <span class='ocrx_word' id='word_1_292' title='bbox 1134 2176 1278 2224; x_wconf 73' lang='lat' dir='ltr'><em>singula</em></span> <span class='ocrx_word' id='word_1_293' title='bbox 1314 2189 1379 2212; x_wconf 82' lang='grc' dir='ltr'><em>ουιι</em></span> <span class='ocrx_word' id='word_1_294' title='bbox 1414 2175 1471 2212; x_wconf 88' lang='lat' dir='ltr'><em>vel</em></span> 
     </span>
     <span class='ocr_line' id='line_1_63' title="bbox 816 2233 1473 2278; baseline -0.005 -7"><span class='ocrx_word' id='word_1_295' title='bbox 816 2234 944 2278; x_wconf 77' lang='lat' dir='ltr'><em>ovula;</em></span> <span class='ocrx_word' id='word_1_296' title='bbox 982 2233 1185 2271; x_wconf 76' lang='lat' dir='ltr'><em>naturalem</em></span> <span class='ocrx_word' id='word_1_297' title='bbox 1215 2234 1312 2270; x_wconf 82' lang='lat' dir='ltr'><em>enim</em></span> <span class='ocrx_word' id='word_1_298' title='bbox 1343 2233 1473 2270; x_wconf 88' lang='lat' dir='ltr'><em>verbo-</em></span> 
     </span>
     <span class='ocr_line' id='line_1_64' title="bbox 814 2290 1474 2328; baseline -0.005 0"><span class='ocrx_word' id='word_1_299' title='bbox 814 2304 894 2328; x_wconf 91' lang='lat' dir='ltr'><em>rum</em></span> <span class='ocrx_word' id='word_1_300' title='bbox 917 2295 1134 2328; x_wconf 83' lang='lat' dir='ltr'><em>structuram</em></span> <span class='ocrx_word' id='word_1_301' title='bbox 1156 2290 1251 2327; x_wconf 89' lang='lat' dir='ltr'><em>hunc</em></span> <span class='ocrx_word' id='word_1_302' title='bbox 1266 2290 1304 2326; x_wconf 92' lang='lat' dir='ltr'><em>in</em></span> <span class='ocrx_word' id='word_1_303' title='bbox 1322 2290 1474 2326; x_wconf 85' lang='lat' dir='ltr'><em>modum</em></span> 
     </span>
     <span class='ocr_line' id='line_1_65' title="bbox 817 2341 1473 2398; baseline -0.003 -12"><span class='ocrx_word' id='word_1_304' title='bbox 817 2361 897 2386; x_wconf 86' lang='lat' dir='ltr'><em>esse</em></span> <span class='ocrx_word' id='word_1_305' title='bbox 935 2347 1232 2397; x_wconf 81' lang='lat' dir='ltr'><em>concipiendam:</em></span> <span class='ocrx_word' id='word_1_306' title='bbox 1276 2341 1473 2398; x_wconf 71' lang='grc' dir='ltr'><em>ἀπορραί-</em></span> 
     </span>
     <span class='ocr_line' id='line_1_66' title="bbox 814 2398 1471 2453; baseline -0.006 -10"><span class='ocrx_word' id='word_1_307' title='bbox 814 2417 930 2444; x_wconf 90' lang='grc' dir='ltr'><em>νουσι</em></span> <span class='ocrx_word' id='word_1_308' title='bbox 959 2406 1040 2442; x_wconf 77' lang='grc' dir='ltr'><em>τῶν</em></span> <span class='ocrx_word' id='word_1_309' title='bbox 1072 2400 1164 2442; x_wconf 71' lang='grc' dir='ltr'><em>ὠῶν</em></span> <span class='ocrx_word' id='word_1_310' title='bbox 1190 2399 1273 2442; x_wconf 85' lang='grc' dir='ltr'><em>κατ’</em></span> <span class='ocrx_word' id='word_1_311' title='bbox 1301 2398 1471 2453; x_wconf 85' lang='grc' dir='ltr'><em>ὀλίγους.</em></span> 
     </span>
     <span class='ocr_line' id='line_1_67' title="bbox 815 2459 1471 2511; baseline -0.005 -12"><span class='ocrx_word' id='word_1_312' title='bbox 815 2462 921 2506; x_wconf 84' lang='lat' dir='ltr'><em>Quae</em></span> <span class='ocrx_word' id='word_1_313' title='bbox 940 2461 969 2497; x_wconf 88' lang='lat' dir='ltr'><em>si</em></span> <span class='ocrx_word' id='word_1_314' title='bbox 985 2464 1084 2498; x_wconf 88' lang='lat' dir='ltr'><em>recte</em></span> <span class='ocrx_word' id='word_1_315' title='bbox 1102 2459 1269 2511; x_wconf 85' lang='lat' dir='ltr'><em>percepi,</em></span> <span class='ocrx_word' id='word_1_316' title='bbox 1288 2460 1471 2509; x_wconf 81' lang='lat' dir='ltr'><em>genitivus</em></span> 
     </span>
     <span class='ocr_line' id='line_1_68' title="bbox 816 2513 1473 2568; baseline -0.002 -12"><span class='ocrx_word' id='word_1_317' title='bbox 816 2520 897 2557; x_wconf 81' lang='grc' dir='ltr'><em>τῶν</em></span> <span class='ocrx_word' id='word_1_318' title='bbox 918 2513 1007 2557; x_wconf 81' lang='grc' dir='ltr'><em>ω’ὦν</em></span> <span class='ocrx_word' id='word_1_319' title='bbox 1030 2518 1192 2568; x_wconf 87' lang='lat' dir='ltr'><em>pertinet</em></span> <span class='ocrx_word' id='word_1_320' title='bbox 1216 2517 1264 2553; x_wconf 84' lang='lat' dir='ltr'><em>ad</em></span> <span class='ocrx_word' id='word_1_321' title='bbox 1287 2519 1366 2555; x_wconf 80' lang='grc' dir='ltr'><em>τῶν</em></span> <span class='ocrx_word' id='word_1_322' title='bbox 1386 2514 1473 2568; x_wconf 82' lang='grc' dir='ltr'><em>κέγ-</em></span> 
     </span>
     <span class='ocr_line' id='line_1_69' title="bbox 815 2573 1472 2626; baseline -0.005 -13"><span class='ocrx_word' id='word_1_323' title='bbox 815 2590 940 2626; x_wconf 80' lang='grc' dir='ltr'><em>χρων,</em></span> <span class='ocrx_word' id='word_1_324' title='bbox 973 2575 1035 2623; x_wconf 90' lang='lat' dir='ltr'><em>qui</em></span> <span class='ocrx_word' id='word_1_325' title='bbox 1066 2574 1246 2623; x_wconf 86' lang='lat' dir='ltr'><em>genitivus</em></span> <span class='ocrx_word' id='word_1_326' title='bbox 1272 2573 1351 2624; x_wconf 89' lang='lat' dir='ltr'><em>ipse</em></span> <span class='ocrx_word' id='word_1_327' title='bbox 1379 2585 1472 2623; x_wconf 87' lang='lat' dir='ltr'><em>pen-</em></span> 
     </span>
     <span class='ocr_line' id='line_1_70' title="bbox 816 2630 1474 2669; baseline -0.005 0"><span class='ocrx_word' id='word_1_328' title='bbox 816 2633 880 2669; x_wconf 89' lang='lat' dir='ltr'><em>det</em></span> <span class='ocrx_word' id='word_1_329' title='bbox 897 2645 919 2669; x_wconf 83' lang='lat' dir='ltr'><em>a</em></span> <span class='ocrx_word' id='word_1_330' title='bbox 944 2630 1127 2668; x_wconf 89' lang='lat' dir='ltr'><em>locutione</em></span> <span class='ocrx_word' id='word_1_331' title='bbox 1154 2643 1280 2668; x_wconf 90' lang='lat' dir='ltr'><em>sensus</em></span> <span class='ocrx_word' id='word_1_332' title='bbox 1300 2630 1474 2667; x_wconf 86' lang='lat' dir='ltr'><em>distribu-</em></span> 
     </span>
     <span class='ocr_line' id='line_1_71' title="bbox 814 2682 1473 2738; baseline -0.003 -13"><span class='ocrx_word' id='word_1_333' title='bbox 814 2688 897 2725; x_wconf 85' lang='lat' dir='ltr'><em>tivi:</em></span> <span class='ocrx_word' id='word_1_334' title='bbox 938 2682 1021 2726; x_wconf 82' lang='grc' dir='ltr'><em>κατ’</em></span> <span class='ocrx_word' id='word_1_335' title='bbox 1060 2682 1233 2738; x_wconf 88' lang='grc' dir='ltr'><em>ὀλίγους.</em></span> <span class='ocrx_word' id='word_1_336' title='bbox 1309 2687 1368 2725; x_wconf 85' lang='lat' dir='ltr'><em>De</em></span> <span class='ocrx_word' id='word_1_337' title='bbox 1399 2698 1473 2735; x_wconf 84' lang='lat' dir='ltr'><em>qua</em></span> 
     </span>
     <span class='ocr_line' id='line_1_72' title="bbox 817 2742 1471 2796; baseline -0.005 -14"><span class='ocrx_word' id='word_1_338' title='bbox 817 2746 900 2796; x_wconf 84' lang='lat' dir='ltr'><em>ipsa</em></span> <span class='ocrx_word' id='word_1_339' title='bbox 920 2757 1072 2781; x_wconf 80' lang='lat' dir='ltr'><em>monens</em></span> <span class='ocrx_word' id='word_1_340' title='bbox 1106 2744 1167 2792; x_wconf 87' lang='lat' dir='ltr'><em>(ut</em></span> <span class='ocrx_word' id='word_1_341' title='bbox 1185 2744 1233 2781; x_wconf 83' lang='lat' dir='ltr'><em>ad</em></span> <span class='ocrx_word' id='word_1_342' title='bbox 1243 2743 1278 2780; x_wconf 90' lang='lat' dir='ltr'><em>h.</em></span> <span class='ocrx_word' id='word_1_343' title='bbox 1293 2742 1315 2780; x_wconf 90' lang='lat' dir='ltr'><em>l.</em></span> <span class='ocrx_word' id='word_1_344' title='bbox 1334 2743 1471 2780; x_wconf 78' lang='lat' dir='ltr'><em>adscri-</em></span> 
     </span>
     <span class='ocr_line' id='line_1_73' title="bbox 817 2800 1472 2852; baseline -0.005 -14"><span class='ocrx_word' id='word_1_345' title='bbox 817 2802 894 2852; x_wconf 88' lang='lat' dir='ltr'><em>psit</em></span> <span class='ocrx_word' id='word_1_346' title='bbox 913 2801 998 2850; x_wconf 83' lang='lat' dir='ltr'><em>Cr.)</em></span> <span class='ocrx_word' id='word_1_347' title='bbox 1018 2800 1235 2838; x_wconf 86' lang='lat' dir='ltr'><em>Schaeferus</em></span> <span class='ocrx_word' id='word_1_348' title='bbox 1257 2800 1305 2837; x_wconf 82' lang='lat' dir='ltr'><em>ad</em></span> <span class='ocrx_word' id='word_1_349' title='bbox 1317 2800 1472 2848; x_wconf 89' lang='lat' dir='ltr'><em>Dionys.</em></span> 
     </span>
     <span class='ocr_line' id='line_1_74' title="bbox 817 2856 1473 2906; baseline -0.006 -11"><span class='ocrx_word' id='word_1_350' title='bbox 817 2857 1003 2895; x_wconf 83' lang='lat' dir='ltr'><em>Halicarn.</em></span> <span class='ocrx_word' id='word_1_351' title='bbox 1042 2857 1089 2894; x_wconf 90' lang='lat' dir='ltr'><em>de</em></span> <span class='ocrx_word' id='word_1_352' title='bbox 1130 2870 1292 2906; x_wconf 80' lang='lat' dir='ltr'><em>compos,</em></span> <span class='ocrx_word' id='word_1_353' title='bbox 1329 2856 1473 2892; x_wconf 89' lang='lat' dir='ltr'><em>verbor.</em></span> 
     </span>
     <span class='ocr_line' id='line_1_75' title="bbox 817 2911 1473 2966; baseline -0.008 -14"><span class='ocrx_word' id='word_1_354' title='bbox 817 2926 905 2966; x_wconf 85' lang='lat' dir='ltr'><em>pag.</em></span> <span class='ocrx_word' id='word_1_355' title='bbox 926 2913 1001 2964; x_wconf 80' lang='grc'><em>44,</em></span> <span class='ocrx_word' id='word_1_356' title='bbox 1020 2917 1187 2951; x_wconf 88' lang='lat' dir='ltr'><em>nostrum</em></span> <span class='ocrx_word' id='word_1_357' title='bbox 1206 2913 1324 2950; x_wconf 91' lang='lat' dir='ltr'><em>locum</em></span> <span class='ocrx_word' id='word_1_358' title='bbox 1345 2911 1396 2948; x_wconf 87' lang='lat' dir='ltr'><em>sic</em></span> <span class='ocrx_word' id='word_1_359' title='bbox 1417 2911 1473 2948; x_wconf 88' lang='lat' dir='ltr'><em>in-</em></span> 
     </span>
    </p>
   </div>
   <div class='ocr_carea' id='block_1_24' title="bbox 1106 2969 1202 3010">
    <p class='ocr_par' dir='ltr' id='par_1_24' title="bbox 1106 2969 1202 3010">
     <span class='ocr_line' id='line_1_76' title="bbox 1106 2969 1202 3010; baseline 0 0"><span class='ocrx_word' id='word_1_360' title='bbox 1106 2969 1202 3010; x_wconf 71' lang='lat'><em>44*</em></span> 
     </span>
    </p>
   </div>
   <div class='ocr_carea' id='block_1_25' title="bbox 1481 641 1680 669">
    <p class='ocr_par' dir='ltr' id='par_1_25' title="bbox 1481 641 1680 669">
     <span class='ocr_line' id='line_1_77' title="bbox 1481 641 1680 669; baseline 0.01 -8"><span class='ocrx_word' id='word_1_361' title='bbox 1481 642 1559 669; x_wconf 82' lang='lat' dir='ltr'><em>quae</em></span> <span class='ocrx_word' id='word_1_362' title='bbox 1577 641 1680 663; x_wconf 78' lang='lat' dir='ltr'><em>causa.</em></span> 
     </span>
    </p>
   </div>
  </div>
 </body>
</html>
