1777 3324
548 258 974 297 EUTERPE.
1026 260 1073 298 11.

136 378 158 411 2
171 370 448 426 δαιμονίοισι.

1349 263 1435 302 663

522 369 565 410 οἱ
601 366 809 422 νεώτεροι
851 365 998 410 αὐταῖν
1041 371 1155 411 τοῖσι
1191 367 1430 425 πρεσβυτέ-

166 461 282 505 ροισι
312 444 703 502 συντυγχοῖνοντες,
736 447 903 489 εἴκουσι
932 450 1009 502 τῆς
1037 443 1148 490 ὁδοῦ
1167 447 1240 490 καὶ
1270 446 1427 502 ἐκτρά-

134 536 339 571 3πονται·
369 526 442 569 καὶ
473 526 667 577 ἐπιοῦσι,
700 525 742 577 ἐξ
770 524 900 581 ἕδρης
928 523 1252 569 ὑπανιστέαται.

158 605 308 663 μέντοι
344 604 512 647 ἄλλοισι
561 603 778 660 Ἑλλήνων
827 603 1062 660 οὐδαμοῖσι
1103 605 1485 661 συμφέρονται·85

158 683 254 727 ἀντὶ
283 687 364 726 τοῦ
403 683 750 738 προσαγορεύειν
789 681 1004 740 ἀλλήλους
1050 685 1096 728 ἐν
1133 689 1232 742 τῇσι
1269 683 1427 738 ὁδοῖσι,

157 762 484 818 προσκυνέουσι
526 764 742 816 κατιέντες
797 763 922 819 μέχρι
965 767 1045 807 τοῦ
1092 763 1309 820 γούνατος
1347 762 1429 821 τὴν

34 857 97 904 81
157 847 291 899 χεῖρα.

101 1050 227 1099 seling.
245 1051 293 1087 ad
314 1050 349 1087 h.
371 1050 394 1087 l.
417 1071 473 1078 —·
494 1051 535 1087 In
549 1063 652 1099 seqq.
669 1050 755 1087 scri-

99 1108 156 1160 psi
176 1120 257 1145 cum
274 1107 393 1145 Gaisf.
421 1102 554 1146 αὐτῶν
583 1120 651 1157 pro
684 1102 754 1145 αὕ-

98 1162 212 1204 τέων.

156 1219 308 1260 εἴκουσι
330 1221 400 1270 τῆς
420 1217 517 1258 ὁδοῦ
532 1217 598 1258 καὶ
617 1215 751 1270 ἐκτρά-

97 1276 264 1327 πονται]
297 1276 355 1314 De
378 1280 557 1313 structura
584 1277 750 1314 conferas

98 1333 277 1371 Matthiae
309 1333 374 1370 Gr.
407 1333 472 1370 Gr.
503 1330 541 1382 ξ.
574 1332 682 1380 354,
715 1333 751 1371 δ.

97 1391 209 1428 Plura
231 1389 448 1427 Valckenar.
475 1389 524 1426 ad
546 1389 581 1425 h.
599 1389 620 1426 l.
661 1390 753 1427 Inde

96 1448 270 1497 frequens
289 1446 493 1483 Pausaniae
508 1445 598 1482 haec
618 1447 754 1483 formu-

96 1503 153 1551 la,
191 1507 343 1540 notante
378 1501 514 1539 Siebel.
545 1502 594 1539 ad
632 1502 671 1549 1,
699 1502 752 1543 44

100 1558 139 1611 ᾗ.
156 1564 193 1602 2.
251 1560 311 1597 De
333 1560 450 1596 forma
469 1556 753 1598 ὑπανιστέαται

98 1617 170 1654 vid.
191 1615 370 1653 Matthiae
391 1615 413 1652 l.
434 1615 456 1652 l.
488 1628 573 1665 pag.
594 1614 688 1657 409.

154 1667 242 1712 τόδε
271 1669 404 1721 μέντοι
433 1668 584 1710 ἄλλοισι
620 1667 754 1723 Ἑλλή-

100 1743 185 1768 νων
216 1723 429 1779 οὕδαμοῖσι
460 1725 751 1778 συμφέρονται]

98 1786 314 1834 Elegantem
332 1784 429 1821 vocis
447 1781 561 1830 ἄλλος
574 1797 677 1822 usum
690 1784 755 1822 ali-

98 1848 190 1892 quot
220 1841 396 1892 exemplis
425 1840 636 1888 illustravit,
674 1854 752 1879 mo-

97 1902 208 1936 nente
239 1898 328 1945 Cr.‚
357 1897 549 1935 Heindorf.
582 1898 629 1934 ad
667 1897 752 1935 Pla-

97 1962 173 1993 ton.
205 1954 391 1992 Phaedon.
426 1967 513 2004 pag.
550 1953 656 2000 234,
695 1954 752 1992 cui

96 2012 194 2050 adde
208 2012 256 2048 sis
270 2010 411 2048 Astium
431 2011 479 2047 ad
489 2010 581 2047 Plat.
592 2010 751 2048 Phaedr.

94 2080 181 2118 pag.
211 2067 292 2109 241
314 2096 325 2115 ,
363 2067 425 2116 qui
457 2067 674 2104 adiectivum
712 2068 750 2105 in

94 2124 193 2161 hisce
236 2137 304 2175 pro
344 2124 518 2161 adverbio
572 2123 749 2171 (omnino,

89 2193 254 2233 prorsus,
278 2181 478 2230 praeterea)
499 2182 588 2231 poni
608 2181 747 2218 statuit.

152 2236 194 2277 ἐν
223 2238 315 2291 τῇσι
343 2234 498 2282 ὁδοῖσι,
530 2235 749 2288 προσκυνέ-

96 2291 210 2344 ουσι]
250 2297 490 2345 προσκυνεῖν
520 2294 567 2331 de
597 2306 748 2331 venera-

94 2350 200 2387 tionis
221 2363 357 2399 genere
381 2351 417 2387 in
445 2351 535 2387 deos
555 2353 617 2387 aut
638 2363 746 2400 reges

96 2406 254 2443 adhibito
274 2406 488 2457 plerumque
509 2407 652 2454 dicitur,
674 2421 748 2456 quo

96 2464 202 2512 proni
224 2463 261 2499 in
283 2466 418 2500 terram
447 2464 522 2501 sive
540 2463 638 2500 humi
659 2477 747 2514 pro-

97 2519 302 2556 cumbentes
332 2519 420 2556 alios
449 2520 525 2557 sive
555 2520 643 2557 deos
673 2522 748 2558 sive

97 2575 276 2625 principes
294 2576 487 2613 adoramus
497 2605 508 2624 ,
518 2577 747 2615 maiestatem

97 2629 238 2668 illorum
258 2636 484 2671 venerantes.
516 2633 628 2677 Quod
648 2634 747 2683 apud

98 2686 230 2724 Persas
292 2693 495 2739 gentesque
551 2689 746 2728 orientales

98 2744 291 2794 praecipue
312 2744 512 2783 obtinuisse
540 2746 626 2783 satis
660 2760 748 2784 con-

100 2802 182 2836 stat.
240 2799 301 2837 Tu
326 2800 399 2839 vid.
429 2802 576 2840 Cornel.
607 2801 747 2854 Nepot.

99 2854 137 2890 in
168 2855 310 2893 Conon.
338 2856 412 2903 111,
444 2859 471 2899 3
508 2862 545 2896 et
573 2871 670 2908 quae
698 2859 748 2896 ibi

97 2909 253 2962 plurima
282 2912 481 2952 attuleruut
519 2914 751 2967 interpretes,

349 840 627 887 Ἐνδεδύκασι
670 843 716 887 δὲ
755 847 950 895 κιθῶνας
988 842 1183 897 λινέους,
1231 843 1331 900 περὶ
1370 842 1424 887 τὰ
1480 848 1760 912 ζζῗξέξῖυξξξθξξ

1479 919 1579 945 vestes
1600 917 1759 953 pcofanae.

822 1063 897 1087 non
947 1050 1205 1101 praetermisso
1255 1050 1402 1088 Stnrzio
1447 1051 1487 1088 ir}

822 1106 925 1145 lexic.
954 1107 1188 1157 Xenophont.
1208 1107 1257 1144 111
1280 1121 1367 1157 pag.
1385 1110 1486 1149 726..

822 1164 931 1201 Conf.
954 1176 1066 1214 supra
1094 1163 1133 1211 Ι,
1160 1163 1255 1205 134.
1282 1163 1336 1212 ll,
1360 1167 1457 1206 121.

989 1248 1020 1285 C
1030 1260 1051 1284 a
1063 1260 1100 1297 p.
1137 1246 1308 1285 LXXXI.

878 1327 1111 1370 ἐνδεδύκασι
1140 1329 1183 1371 δὲ
1211 1333 1394 1379 κιθῶνας
1423 1334 1482 1371 λι-

821 1385 961 1438 νέους]
994 1388 1103 1425 Cons.
1123 1389 1170 1426 ad
1188 1388 1217 1436 I,
1240 1389 1334 1430 195.
1350 1389 1398 1437 ll,
1411 1391 1480 1430 37.

824 1444 1005 1481 Calasirin
1027 1449 1189 1493 vestem,
1220 1458 1332 1494 quam
1354 1444 1482 1495 Aegy-

820 1501 887 1551 ptii
924 1502 1129 1549 vocabant,
1174 1502 1334 1540 tunicam
1365 1502 1483 1540 fuisse

821 1558 1030 1596 interiorem
1045 1558 1277 1608 perspicuum
1298 1562 1365 1605 est,
1383 1571 1480 1608 quae

822 1614 941 1664 ipsum
960 1618 1105 1663 tegeret
1115 1628 1245 1664 corpus
1259 1643 1270 1662 ,
1281 1615 1476 1652 interulam

823 1671 899 1708 sive
917 1671 1126 1708 subuculam
1138 1700 1149 1718 ,
1167 1683 1262 1720 quae
1284 1671 1377 1708 circa
1396 1685 1477 1709 cru—

822 1740 865 1763 ra
891 1727 1071 1764 fimbriata
1098 1731 1174 1765 erat
1202 1731 1239 1765 et
1268 1728 1317 1764 ad
1353 1740 1474 1776 genua

824 1786 965 1820 tautum
988 1784 1224 1833 pertingeret.
1282 1784 1393 1827 Quod
1411 1797 1479 1821 vo·-

823 1839 872 1877 cis
890 1840 1003 1891 ipsius
1021 1841 1124 1888 origo
1143 1839 1358 1877 confirmare
1373 1840 1477 1878 vide-

818 1901 897 1944 tur,
928 1897 958 1934 si
983 1897 1133 1946 quidem
1153 1895 1245 1933 Kaio·
1267 1909 1296 1933 s.
1313 1895 1398 1934 Kelol
1419 1897 1476 1933 in·-

819 1953 918 1990 dicat
934 1966 1046 2002 gena,
1069 1966 1148 1990 crus
1160 1982 1171 2001 ,
1201 1952 1387 2002 vestisque
1406 1953 1479 2002 igi-

818 2013 876 2046 tur
915 2010 1115 2057 indicatur,
1154 2022 1253 2058 quae
1291 2010 1343 2046 ad'
1371 2022 1480 2047 crura-

816 2079 933 2115 usque
954 2067 1138 2116 pertingit.
1187 2065 1268 2102 Vid.
1290 2065 1476 2103 Iablonsk.

815 2135 915 2160 voce.
934 2123 1111 2172 Aegyptt.
1142 2134 1234 2172 pag.
1257 2123 1337 2163 102
1367 2135 1477 2171 seqq.

815 2184 914 2217 reete
945 2180 1223 2225 observantem,
1261 2190 1324 2215 eas
1352 2183 1479 2216 vestes

815 2236 852 2272 in
869 2236 1059 2286 permultis
1078 2234 1347 2281 monumentis,
1378 2248 1476 2284 quae

815 2293 1012 2330 etiamnum
1024 2291 1229 2342 supersint,
1240 2291 1338 2329 cerni
1349 2305 1477 2342 posse.

813 2349 1031 2397 „Eiusmodi
1052 2349 1163 2386 cirros
1180 2348 1218 2384 in
1235 2347 1377 2396 aliquot
1395 2361 1475 2384 mu-

813 2406 966 2443 miarum
987 2405 1022 2443 T
1025 2404 1258 2442 hebaicarum
1276 2405 1475 2441 vestimen-

815 2464 861 2500 tis
887 2464 1100 2513 repererunt
1122 2461 1219 2498 docti
1243 2460 1353 2497 Galli.
1384 2461 1471 2498 vid.

813 2519 970 2556 Iomard.
994 2519 1031 2555 in
1048 2517 1222 2567 descript.
1245 2517 1291 2554 de
1310 2516 1471 2567 l’Egypt.

814 2576 955 2625 antiqq.
980 2588 1042 2613 sur
1061 2574 1114 2612 les
1133 2575 1270 2624 hypog.
1292 2574 1338 2611 de
1351 2573 1473 2611 Theb.

815 2636 907 2670 sect.
924 2631 958 2669 X
999 2630 1036 2683 ἓ.
1067 2633 1093 2672 8
1130 2643 1216 2681 pag·
1246 2629 1339 2671 340-
1399 2629 1477 2673 Qui·

814 2689 919 2726 idem
938 2688 994 2738 (p.
1014 2687 1116 2736 385)
1137 2688 1186 2724 ad
1205 2698 1330 2724 vocem
1347 2687 1472 2725 κιθῶ-

813 2760 887 2791 νας
927 2743 1059 2792 λινὲας
1098 2747 1249 2780 revocat
1285 2744 1477 2792 hodieque

814 2806 1027 2852 usurpatam
1074 2798 1271 2850 Aegyptiis
1333 2803 1470 2838 vestem

815 2858 968 2908 niilayeh
1001 2861 1037 2896 et
1065 2857 1115 2894 ad
1145 2855 1284 2907 εἵματα
1311 2851 1472 2907 εὕρένεα

814 2915 965 2966 pallium
992 2914 1152 2952 Arabum
1178 2913 1376 2951 barn0u2.“
1403 2910 1434 2949 C
1440 2922 1468 2947 r.

1319 525 1432 570 Τόδε
1493 528 1571 571 141
