1814 3315
648 216 868 256 CLIO.
924 218 954 257 Ι.

1351 225 1433 264 167

169 333 324 387 βονται
359 324 565 383 μεγάλως.
618 323 691 368 οἷα
735 325 782 369 δὲ
823 325 870 370 ἔν
910 341 955 369 τε
982 325 1103 385 χώρῃ
1143 324 1313 387 ἀγαθῇ,
1357 332 1431 375 καὶ
1489 337 1545 378 82

169 408 327 464 πλήθεϊ
353 404 434 450 οὐκ
463 403 622 460 ὀλίγων
653 403 850 460 ἀνδρῶν,
880 404 967 449 ἄνοι’
985 422 1029 450 τε
1047 405 1241 462 ἔδραμον
1261 407 1431 463 αὐτίκα,

140 488 239 532 Ξκαὶ
274 482 602 541 εὐθηνήθησαν.

662 484 734 527 καὶ
764 482 818 541 δή
848 495 928 541 σφι
960 483 1105 530 οὐκέτι
1136 485 1300 543 οἷπέχρα
1327 488 1429 546 ἡσυ-

166 565 264 620 χίην
293 561 437 619 ἄγειν,
468 561 576 607 ἀλλὰ
605 565 1021 622 καταφρονήσαντες
1058 562 1282 622 Ἀρκάδων
1311 565 1431 624 κρέσ-

106 796 185 820 rum
222 784 424 821 sententias
460 794 760 821 commemorans.

107 840 181 884 Qui
199 839 295 878 idem
313 841 360 878 de
378 839 577 877 honoribus
588 838 646 889 L)
648 852 760 888 curgo

106 896 249 933 tributis
289 897 400 934 haec:
440 891 546 948 ἱερόν
582 911 620 934 τι
654 894 760 935 ε’στιν

107 947 232 992 αὐτοῦ
242 952 310 992 καὶ
325 949 476 992 θυουσι
490 947 585 991 καθ’
595 950 759 992 ἕκαστον

105 1006 291 1049 ἐνιαυτόν
318 1025 370 1056 ως
401 1011 505 1063 θεῷ,
536 1009 635 1058 quod
660 1009 760 1046 affir-

104 1071 206 1104 mant
222 1066 380 1104 Pausan.
402 1065 466 1113 ΙΙΙ,
493 1068 544 1106 16
575 1063 611 1117 §.
635 1065 674 1113 5,
699 1065 759 1102 alii

105 1123 302 1173 scriptores
334 1135 357 1161 a
382 1121 650 1172 Leopoldoad
678 1122 758 1159 h.l.

106 1179 257 1217 laudati.
313 1179 373 1217 De
399 1180 518 1216 forma
556 1174 759 1228 εἱσάμενοι

106 1234 208 1284 (ab‘
194 1234 267 1284 ε’ω,
291 1231 377 1275 εἷσα
398 1236 485 1283 etc.)
514 1237 609 1273 conf.
622 1234 754 1272 Matth.

105 1291 142 1344 ἓ.
163 1293 244 1334 235
261 1306 298 1343 Ρ
320 1291 414 1334 462

161 1343 228 1387 οἷα
257 1345 338 1387 δὲ’
326 1347 368 1387 ἐν
399 1362 439 1387 τε
468 1343 579 1402 χώρῃ
601 1341 755 1414 οἷγαθῇ,

101 1403 170 1443 καὶ
180 1400 335 1455 πλήθεϊ
342 1400 416 1444 οὐκ
429 1400 570 1472 ὀλίγων
585 1399 757 1455 ἄνδρων,

101 1455 182 1500 οἷνα
193 1475 233 1500 τε
251 1460 423 1514 ε’δραμον
435 1456 598 1509 αὐτίκα,
611 1460 681 1500 καὶ
693 1456 756 1500 ευ’-

99 1513 371 1570 θηνηθησαν]
403 1547 427 1567 ,,
417 1531 544 1569 ,quum
563 1531 643 1555 vero
660 1522 756 1555 terra

81 1578 186 1641 ἐπεὶ
206 1575 293 1613 bona
310 1588 371 1612 nec
394 1588 588 1625 paucorum
616 1574 753 1612 incola-

98 1643 179 1669 rum
192 1631 397 1683 frequentia
416 1632 610 1679 laboraret,
631 1634 755 1668 statim

100 1690 212 1726 evecti
227 1693 309 1726 sunt
328 1689 512 1754 opibusque
529 1690 652 1726 auctif
656 1689 754 1727 ‘He-

101 1745 222 1782 rodoti
249 1747 365 1783 oratio
394 1746 426 1783 si
456 1747 513 1783 cui
534 1746 689 1796 abrupta
717 1748 754 1783 et

101 1802 278 1852 impedita
294 1802 481 1851 videatur,
509 1802 540 1839 is
560 1801 752 1852 suppleat.
743 1815 752 1823 ·

101 1853 169 1898 οἷα
195 1855 275 1898 δὲ’
265 1855 400 1906 ὀντες
430 1859 487 1907 (5.
520 1857 751 1908 οἰκοῦντες)

101 1914 144 1954 ε’ν
160 1929 201 1954 τε
219 1930 326 1969 χωρῃ
347 1913 416 1955 καὶ
436 1915 453 1956 εἶ
465 1930 489 1955 ν
507 1910 662 1966 πληθεῑ
676 1910 752 1954 οὐκ

100 1967 247 2024 ὄλίγων
267 1987 303 2012 κ.
325 1987 358 2011 τ.
377 1975 410 2011 λ.
438 1972 537 2011 Nam
560 1972 752 2023 praeposi-

99 2029 150 2066 tio
170 2027 213 2068 ἐν
231 2042 304 2078 quo
322 2028 443 2067 minus
460 2031 568 2067 etiarn
586 2030 635 2066 ad
652 2025 749 2079 πλή-

99 2089 172 2124 θεῖ
179 2086 357 2123 referatur
368 2117 379 2134 ‚
397 2086 485 2124 nihil
504 2087 638 2124 obstat.
655 2086 751 2123 Vide

100 2154 194 2192 quae
210 2142 365 2180 diximus
374 2143 423 2180 ad
432 2142 613 2181 Plutarch.
622 2141 750 2191 Pyrrh.

99 2212 136 2250 p.
156 2200 236 2240 178
256 2212 334 2249 seq.
365 2204 402 2237 et
431 2213 527 2250 quae
542 2199 749 2250 nuperrime

100 2255 240 2293 monuit
258 2256 303 2298 C.
322 2256 443 2294 Beier.
463 2257 501 2294 in
521 2269 676 2294 censura
694 2257 750 2293 in·-

99 2316 196 2350 serta
214 2311 406 2350 annalibus
422 2313 649 2364 philologieis
666 2312 750 2350 lah-

98 2369 149 2406 nii
171 2370 292 2417 1827,
311 2368 347 2406 Π
360 2399 371 2417 ,
390 2373 412 2410 1
443 2383 480 2420 p.
498 2373 564 2412 22.
608 2369 669 2408 De
684 2365 751 2409 οἷα

101 2421 146 2464 δὲ
165 2425 470 2475 subsequentibus
485 2427 652 2476 genitivis
664 2439 752 2465 con-

102 2483 314 2531 sequentiae
332 2483 536 2520 notavimus
556 2484 605 2521 ad
620 2483 749 2532 Pyrrh.

101 2549 139 2586 p.
162 2540 253 2580 176
312 2539 500 2577 Orationis
525 2540 750 2578 abundantia

103 2592 143 2629 in
167 2594 286 2632 verbis
312 2591 466 2647 πλήθεϊ
496 2611 571 2636 ουκ
605 2592 750 2649 ὀλίγων

107 2643 264 2700 ἀνδρῶν
281 2664 388 2691 nemo
408 2653 507 2704 apud
519 2653 750 2691 Herodotum

105 2704 329 2755 offendetur,
366 2722 434 2747 nec
467 2723 560 2760 opus
591 2714 647 2748 est
673 2714 750 2747 sta-

105 2762 206 2798 tuere
227 2765 567 2815 transpositionem,
607 2766 751 2816 qualem

107 2827 131 2852 a
158 2816 310 2886 Stegero
343 2823 568 2872 propositam
617 2824 751 2861 video:

108 2869 177 2911 καὶ
193 2868 269 2913 οὐκ
284 2870 415 2928 ὀλίγον
423 2881 584 2930 πληθος
591 2874 752 2935 ανδρων

831 781 995 835 ἔχοντες.
1054 783 1168 822 Ιιιιιιιο
1191 787 1350 836 πλῆθος
1368 786 1483 837 expli-

829 845 928 878 catur
947 841 1113 889 genitivis
1131 842 1291 880 adiectis.
1322 843 1482 881 ——Ver-

830 897 915 935 bum
933 893 1176 949 ἀναδραμεῖν
1194 900 1241 936 de
1252 898 1388 949 plantis
1398 899 1481 937 her-

828 954 958 1003 bisque
978 956 1125 1005 proprie
1148 956 1265 992 locum
1282 956 1412 1004 habet,
1443 959 1482 994 ut

826 1010 920 1047 infra
947 1011 1054 1059 VllI,
1085 1011 1139 1053 55
1169 1008 1284 1077 ω’ρων
1314 1009 1481 1063 βλαστὸν

827 1065 869 1106 ἒκ
899 1082 969 1107 του
1001 1068 1196 1133 στελέχεος
1227 1064 1324 1108 ὅσον
1343 1083 1382 1108 τε
1405 1084 1479 1120 πη-

826 1127 966 1173 χυαῖον
997 1119 1476 1175 ἀναδεδραμηκότα.

825 1179 921 1218 Hinc
942 1185 1056 1217 trans
1046 1182 1157 1218 ‘'ertur
1169 1182 1217 1218 ad
1227 1186 1370 1230 gentes,
1385 1195 1479 1231 quae

823 1236 1029 1286 plantarum
1071 1238 1119 1274 ad
1166 1238 1301 1285 instar,
1347 1239 1479 1288 opibus

823 1298 990 1330 crescunt
1032 1298 1068 1331 et
1113 1298 1304 1342 augentur.
1379 1294 1479 1331 Infra

822 1349 914 1397 Vll,
945 1351 1025 1391 156
1066 1350 1113 1387 de
1138 1350 1398 1399 Syracusanis:
1437 1350 1482 1388 αἴ

826 1402 869 1444 δὲ
896 1406 1123 1457 παραυτίκα
1152 1402 1248 1446 α’νοὶ
1275 1401 1305 1445 τ’
1336 1406 1478 1457 ἔδρα-

825 1477 916 1512 μον
935 1462 1002 1501 καὶ
1028 1462 1289 1513 ἔβλαστον.
1318 1463 1474 1501 Diodor.

822 1519 931 1556 Sicul.
951 1520 1002 1567 V,
1027 1522 1080 1562 12
1103 1521 1189 1570 ibiq.
1219 1519 1377 1558 l‘Vessel.
1408 1520 1474 1558 Cr.

823 1576 927 1613 addit
955 1576 1123 1614 Eustath.
1158 1578 1207 1614 ad
1239 1577 1376 1625 odyss.
1409 1577 1476 1625 vl,

825 1635 971 1683 1671).
994 1633 1099 1680 256,
1138 1633 1192 1675 35
1236 1633 1350 1671 Basil.
1414 1632 1474 1671 Ad

822 1689 970 1726 verbum
990 1684 1203 1739 εὐθηνεῖν,
1232 1690 1270 1726 in
1297 1702 1371 1740 quo
1396 1703 1475 1728 ma-

822 1745 916 1784 xime
934 1747 1091 1783 florendi
1128 1760 1171 1784 ac
1203 1747 1352 1796 vigendi
1378 1747 1473 1785 inest

820 1802 896 1851 vis,
936 1804 1030 1840 conf.
1059 1802 1116 1850 ΙΙ,
1149 1804 1228 1850 91,
1256 1803 1319 1840 ubi
1347 1803 1474 1841 itidem

820 1859 868 1896 de
888 1864 1006 1897 terrae
1021 1858 1269 1910 Aegyptiacae
1286 1860 1474 1897 foecundi-

820 1919 895 1953 tate
907 1922 944 1953 et
953 1915 1136 1954 fertilitate
1156 1915 1295 1953 dicitur.
1328 1915 1358 1954 C
1361 1929 1392 1953 τ.
1405 1916 1472 1953 ad-

820 1972 965 2022 scripsit
991 1973 1108 2010 locum
1136 1971 1248 2010 Dion.
1279 1973 1470 2021 Chrysost.

822 2029 926 2067 Orat.
949 2029 1018 2066 XL
1022 2029 1072 2066 lV
1092 2043 1129 2080 p
1147 2032 1237 2072 197

874 2084 942 2125 καὶ
976 2082 1027 2136 δή
1067 2098 1164 2136 σφιν
1200 2080 1331 2125 οὐκέτι
1360 2079 1471 2124 oims-

816 2141 930 2195 χρα]
989 2143 1094 2191 Huc,
1144 2143 1274 2190 credo,
1322 2141 1472 2190 faciunt,

817 2213 912 2250 quae
960 2200 997 2236 in
1044 2199 1205 2237 Bekkeri
1252 2198 1416 2236 Anecdd
1452 2198 1470 2235 Ι

815 2256 1241 2320 p.439,201eguntur
1273 2249 1467 2324 α’ποχρᾷν·

818 2312 1017 2365 ἐξαρκεῖν·
1040 2308 1270 2365 Ἡρόδοτος,
1298 2316 1349 2350 et:
1370 2306 1469 2351 οἷπό-

818 2381 910 2435 χρη·
943 2369 980 2409 ἐ·-
963 2370 1108 2423 ζαρκεῐ.
1153 2369 1234 2407 coll.
1257 2382 1294 2419 p.
1307 2371 1383 2416 81,
1394 2370 1467 2409 31·

818 2422 1024 2481 οἷποχραν·
1093 2441 1168 2466 ουκ
1217 2421 1465 2477 αποχρῆναι·

813 2468 1024 2535 Ηρόδοτος
1056 2479 1211 2536 πρώτῳ.
1267 2482 1330 2519 Tu
1371 2482 1467 2519 conf.

817 2541 926 2580 etiam
953 2539 1132 2578 Nostrum
1165 2539 1236 2587 VI,
1266 2540 1359 2580 137
1397 2537 1466 2586 IX,

817 2600 873 2640 79
902 2601 939 2635 et
953 2597 1111 2634 Pausan.
1130 2596 1194 2644 IV,
1217 2595 1272 2637 25
1303 2593 1340 2646 ἓ·
1362 2597 1400 2636 1·

874 2647 973 2693 ἄλλα
992 2648 1366 2712 καταφρονήσαντες
1382 2646 1469 2703 ’Λρ-

816 2707 952 2750 κᾶὃων
966 2709 1175 2761 κρέσσονες
1200 2705 1327 2759 εἶναι]
1358 2708 1468 2745 Conf.

817 2771 910 2805 nott.
929 2768 978 2805 ad
996 2768 1035 2816 I,
1057 2766 1128 2815 59,
1150 2766 1240 2804 ubi
1231 2778 1303 2802 lam
1319 2765 1389 2802 hoe
1406 2777 1469 2802 ex-

818 2824 940 2875 emplo
977 2824 1077 2862 verbi
1113 2825 1382 2874 καταφρονεῖν
1412 2820 1468 2856 usi

818 2893 966 2929 sumus,
1010 2884 1051 2918 ut
1074 2881 1113 2919 in
1140 2892 1214 2931 quo
1243 2875 1472 2917 existimandi
