1786 3324
643 266 942 307 cL10.1.
1339 272 1425 314 385

35 380 137 430 175
153 375 294 424 Ἦσαν
323 378 370 423 δὲ
406 374 626 432 Πηδασέες
662 377 886 428 οἰκοῦντες
918 374 1030 433 ὑπὲρ
1073 375 1420 437 Ἁλικαρνησσοῦ
1430 387 1751 464 95312⁴³⁸⁰⁹¹¹M⁵l1¹1¹ffi³2

1533 438 1541 456 ²
1713 444 1729 462 a

158 458 412 517 μεσόγαιαν’
468 459 582 498 τοῖσι
612 453 725 506 ὅκως
752 472 793 499 τι
830 456 980 512 μέλλοι
1018 454 1304 515 ἀνεπιτήδεον
1333 460 1418 504 ἔσε-
1474 464 1747 531 ξζξξξξθθθξξωὲᾱ-

159 543 284 588 σθαι,
343 532 513 578 αὐτοῖσί
553 549 600 578 τε
634 533 709 578 καὶ
745 539 859 578 τοῖσι
882 537 1165 591 περιοίκοισι,
1223 537 1252 595 ἡ
1282 539 1414 598 ίερείη
1468 531 1606 563 barbata.

128 619 234 672 Ξτῆς
258 612 489 670 Ἀθηναίης
516 611 708 669 πώγωνα
733 613 869 670 μέγαν
897 615 1017 671 ἴσχει.
1056 617 1150 672 τρίς
1177 627 1257 673 σφι
1285 622 1419 664 τοῦτο

153 693 332 751 ἐγένετο.
383 686 506 736 οὗτοι
534 695 624 735 τῶν
652 693 748 748 περὶ
777 695 952 751 Καρίην
980 694 1158 751 ἀνδρῶν
1183 698 1345 752 μοῦνοί
1371 715 1418 743 τε

152 770 361 829 ἀντέσχον
389 771 551 827 χρόνον
574 771 774 831 Ἁρπάγῳ
784 805 797 826 ,
835 773 909 817 καὶ
939 773 1172 831 πρήγματα
1199 775 1419 833 παρέσχον

151 857 350 903 πλεῖστα,
398 849 504 905 ὅρος
541 852 818 908 τειχίσαντες,
870 857 931 912 τῷ
963 853 1136 910 οὔνομά
1173 855 1262 898 ἐστι
1289 858 1416 914 Λίδη.

30 934 128 980 176
140 931 387 988 3Πηδασὲες
416 930 495 986 μέν
523 947 608 974 νυν
635 928 779 991 χρόνῳ
809 931 1105 990 ἐξαιρέθησαν.
1153 932 1313 979 Λύκιοι
1343 936 1435 990 δὲ,1
1467 954 1751 1026 ξῗιξζιὴαὲοὲίὲἓξιαηῗ

1468 1023 1586 1053 incolae
1624 1024 1751 1051 flammis

150 1007 210 1062 ὥς
247 1010 290 1062 ἐς
328 1008 378 1054 τὸ
418 1010 611 1058 Ξάνθιον
647 1011 801 1055 πεδίον
836 1009 970 1068 ἤλασε
1007 1010 1031 1056 ὁ
1079 1011 1298 1072 ’Ἅρπαγος
1336 1014 1414 1061 τὸν
1470 1059 1572 1090 omnia
1616 1062 1752 1086 eonsum-

253 1230 285 1269 C
298 1244 319 1268 a
329 1245 367 1283 p.
400 1230 587 1270 CLXXV.

147 1309 254 1367 ἦσαν
285 1312 328 1355 δὲ
358 1313 565 1366 Πηδασέες
589 1314 750 1354 οἰκοῦν-

89 1386 151 1419 τες
172 1369 273 1424 ’ὑπὲρ
297 1370 610 1423 Ἁλικαρνησσοῦ
634 1368 750 1423 μεσό·

87 1431 231 1481 γαιαν]
271 1428 372 1466 Male
417 1429 527 1477 vulgo
577 1427 748 1481 Ἁλικαρ-

88 1486 273 1524 νασσοῦ.
330 1483 413 1522 Nos
461 1485 572 1522 secuti
623 1499 746 1523 sumus

89 1541 351 1579 Gaisfordium.
409 1539 468 1578 Ad
494 1546 746 1590 argumentum

87 1599 182 1635 conf.
194 1597 292 1645 VIII,
308 1596 388 1639 104
400 1627 410 1645 ‚
429 1598 491 1635 ubi
510 1599 619 1646 idem,
645 1600 747 1648 quod

87 1652 158 1691 hoc
187 1653 291 1701 loco,
321 1654 368 1692 de
394 1655 584 1692 sacerdote
608 1655 747 1693 Miner-

87 1722 156 1747 vae
187 1713 376 1756 narratur3
427 1711 494 1748 sed
524 1711 577 1747 bis
604 1715 746 1750 tantum

88 1766 186 1803 istud
212 1765 385 1804 accidisse
419 1766 469 1803 ibi
503 1766 678 1816 legimus3
706 1768 746 1805 id

88 1822 190 1871 quod
220 1834 265 1859 ex
293 1822 362 1860 hoc
383 1822 463 1859 loco
488 1825 744 1873 corrigendum

87 1878 228 1915 censuit
261 1877 468 1916 Casaubon.
500 1881 548 1917 ad
570 1881 742 1918 Strabon.

87 1933 176 1972 XIII
200 1947 237 1985 p.
257 1936 341 1977 909
360 1948 446 1985 pag.
470 1938 547 1977 611
574 1937 632 1974 ed.
666 1937 742 1974 Ca-

88 1991 212 2038 saub„
252 1991 314 2040 qui
344 1992 441 2028 idem
475 1993 629 2045 scriptor
652 1993 743 2031 haec

87 2047 174 2085 citat
195 2046 377 2085 Herodoti
397 2048 519 2087 verba.

141 2120 245 2157 τοῖσι
264 2113 366 2165 ὅκως
391 2134 428 2158 τι
449 2118 583 2171 μέλλοι
608 2113 742 2159 nivem-

85 2168 229 2224 τήὸεον
253 2172 436 2226 ἔσεσθαι]
478 2172 742 2229 ἀνεπιτήδεον

84 2230 228 2269 videtur
275 2232 462 2283 scripsisse
515 2246 583 2285 pro
636 2245 739 2271 more

86 2286 309 2325 Graecorum
331 2302 408 2327 rem
427 2302 577 2339 gravem
607 2289 738 2329 leniori

85 2343 281 2392 designans
301 2346 449 2384 nomine
465 2351 576 2397 atque
592 2346 737 2385 mitiori.

86 2398 148 2437 Sic
165 2396 430 2453 ἄπεπιτήὸεον
454 2402 477 2441 i.
507 2417 538 2442 e.
567 2405 738 2454 importu-

86 2467 186 2503 num,
213 2458 460 2496 incommodum
477 2460 569 2498 dixit
591 2461 639 2499 de
658 2473 737 2498 ma-

88 2510 122 2547 lo
139 2514 245 2560 gravi
270 2515 410 2563 publice
438 2518 642 2554 imminenti.
678 2517 741 2554 In-

89 2567 146 2604 fra
163 2566 271 2616 VIII,
293 2570 373 2612 104
399 2572 542 2623 scripsit
560 2570 740 2624 χαλεπόν.

87 2642 145 2650 —
164 2619 317 2664 αὐτοῖσί
345 2641 385 2666 τε
407 2627 476 2667 καὶ
503 2633 605 2669 τοῖσι
631 2645 742 2682 περι-

91 2676 255 2718 οίκοισιε
277 2685 310 2719 et
328 2684 414 2733 ipsis
433 2684 740 2736 (Pedasensibus)

90 2736 124 2769 et
149 2735 300 2784 ipsorum
332 2740 460 2778 accolis
468 2755 482 2786 ,-
525 2742 608 2781 hine
643 2743 743 2781 nulla

91 2791 308 2830 emendandi
335 2808 453 2834 causa.

147 2855 318 2913 πώγωνα
341 2863 468 2918 μέγαν
488 2866 613 2919 ἰ’σχει]
644 2866 744 2920 ἰ’σχει

31 2954 33 2957 ,
93 2913 210 2966 (ἔχει)
229 2917 284 2956 hic
304 2920 402 2959 idem
413 2923 490 2962 fere
500 2928 612 2976 atque
625 2923 744 2978 παρέ-

137 2971 348 3014 Hnnono'r.
377 2977 407 3017 Ι.

816 1246 896 1282 χει.·
924 1233 1086 1283 praebet,
1115 1236 1258 1285 accipit.
1288 1256 1344 1264 —-·
1372 1236 1472 1284 „De

818 1289 931 1325 barba
952 1289 1055 1326 huius
1072 1293 1289 1339 sacerdotis,
1320 1294 1392 1342 qua
1411 1307 1470 1331 res

815 1345 957 1382 suturae
990 1348 1274 1396 portendantur,
1313 1348 1473 1398 loquitur

817 1402 926 1438 etiam
955 1400 1167 1441 Aristoteles
1196 1404 1295 1442 Hist.
1315 1403 1472 1443 Animal.

815 1456 887 1505 ΙΙΙ,
913 1460 1005 1498 11.“
1037 1458 1102 1496 Cr.

873 1509 1064 1565 ἀντέσχον
1101 1511 1271 1568 χρόνον]
1328 1512 1474 1568 χρόνον

816 1574 871 1608 est
891 1571 954 1608 diu
979 1572 1028 1619 (i.
1057 1585 1088 1609 e.
1114 1586 1182 1623 per
1204 1573 1353 1623 aliquod
1375 1579 1471 1612 tem-

813 1628 903 1678 pus)
924 1627 1126 1677 explicante
1143 1628 1323 1669 Matthiae
1344 1631 1381 1667 in
1401 1632 1469 1669 Gr.

815 1684 881 1720 Gr.
904 1682 941 1734 S.
960 1686 1064 1731 425,
1086 1688 1134 1733 2,
1157 1686 1192 1723 b.
1223 1687 1300 1724 Sed
1321 1683 1468 1742 χρόνῳ,

814 1741 916 1789 quod
947 1739 985 1777 in
1014 1741 1087 1779 fine
1113 1755 1191 1793 cap.
1223 1747 1363 1791 exstat,
1391 1749 1467 1782 est:

814 1796 964 1833 tandem.
1023 1798 1131 1835 Conf.
1150 1812 1260 1849 supra
1284 1800 1332 1836 ad
1354 1800 1383 1847 Ι,
1402 1803 1470 1841 68.

813 1852 879 1894 84.
909 1874 966 1880 --
993 1852 1052 1891 De
1079 1859 1203 1893 monte
1226 1855 1339 1903 Lide,
1369 1857 1470 1893 cuius

811 1909 976 1960 proxime
999 1911 1135 1947 mentio
1153 1912 1215 1959 fit,
1236 1917 1359 1950 tacent
1378 1913 1470 1949 scri-

808 1970 934 2017 ptores
955 1970 1117 2015 veteres,
1148 1968 1210 2016 qui
1232 1969 1280 2005 ad
1301 1982 1369 2006 nos
1383 1982 1468 2018 per—

809 2026 997 2060 venerunt.
1054 2022 1166 2073 Apud
1197 2037 1306 2062 unum
1342 2024 1469 2063 Ptole-

808 2091 953 2117 maeum
983 2078 1030 2126 V,
1062 2080 1089 2120 3
1127 2081 1304 2130 oppidum
1334 2081 1468 2120 Cariae

807 2134 959 2173 inveniri
985 2131 1123 2174 Λύὸαι
1153 2141 1279 2175 monet
1316 2136 1468 2175 Wesse-

807 2190 964 2240 linguis,
995 2193 1062 2230 sed
1091 2193 1188 2230 idem
1216 2194 1338 2241 addit,
1367 2194 1468 2243 varie

809 2249 916 2286 scribi
961 2249 1060 2287 istud
1095 2262 1249 2299 nomen,
1288 2255 1326 2290 et
1356 2250 1467 2301 Clyde

805 2309 843 2343 et
873 2300 1018 2345 Χύδαι.

965 2389 998 2428 C
1008 2403 1029 2428 a
1041 2403 1079 2441 p.
1109 2389 1315 2430 CLXXVI.

864 2474 905 2523 ἒς
921 2472 966 2516 ‘cd
981 2471 1164 2518 Ξάνθιον
1183 2476 1340 2524 πεδίον]
1354 2475 1463 2515 Xan-

809 2532 889 2569 thus
906 2532 1044 2581 Lyciae
1068 2537 1123 2570 est
1140 2533 1226 2570 urbs
1238 2562 1249 2581 ‚
1278 2534 1462 2571 Strabone

808 2593 957 2627 auctore
991 2589 1226 2639 septuaginta
1260 2590 1378 2627 stadia
1405 2590 1462 2626 di-

809 2649 909 2682 stans
939 2658 961 2682 a
986 2645 1098 2691 mari3
1134 2645 1174 2683 in
1199 2659 1274 2695 quo
1311 2646 1462 2695 quidem

808 2703 1015 2751 refragatur
1036 2701 1175 2739 Plinius
1195 2701 1292 2740 Hist.
1313 2701 1401 2740 Nat.
1411 2702 1460 2749 V,

810 2761 877 2800 27.
907 2758 1100 2796 Strabonis
1117 2757 1216 2797 locus
1235 2761 1354 2796 exstat
1369 2756 1460 2796 XIV

809 2827 848 2865 p.
870 2816 975 2862 981,
996 2814 1041 2852 B.
1072 2813 1117 2851 C.
1173 2814 1278 2852 quta
1295 2814 1465 2852 Xanthus

811 2871 941 2908 fluvius
952 2899 964 2918 ,
987 2870 1026 2908 in
1046 2870 1144 2909 cuius
1159 2871 1240 2921 ripa
1251 2870 1396 2907 sinistra
1413 2869 1463 2906 si-

811 2929 851 2964 ta
876 2927 944 2965 fuit
969 2926 1081 2976 urbs,
1113 2930 1155 2964 ut
1181 2926 1395 2976 intelligitur
1420 2936 1463 2962 ex

901 3011 927 3031 ἢ.
1157 2982 1216 3022 25
