1759 3324
303 253 389 294 676
698 247 1170 290 HERODOTI

304 359 734 417 κατατετμημένοισι,
790 360 1072 416 ὑποχρίοντες
1111 361 1171 414 τῷ
1212 356 1370 413 κόμμι,
1417 360 1478 414 τῷ
1517 357 1570 414 δή
1611 359 1692 402 143
1750 375 1754 400 ,·

251 535 426 586 Aegyptt.
457 537 586 586 p.297
610 547 712 584 seqq.
735 539 771 572 et
787 535 904 572 Creu-

251 594 326 630 zeri
344 592 466 629 laudd.
494 605 530 642 p.
552 591 617 632 46.
675 592 797 635 Quum
817 604 903 628 vero

251 649 320 686 hoc
357 649 436 685 loco
477 648 667 684 sindonem
709 647 903 697 βυσσίνην

252 706 349 742 dicat
378 704 537 749 Noster,
578 703 720 753 plurimi
741 704 809 740 hoc
837 716 903 752 pro

253 765 390 798 cotoneo
407 764 622 808 aeceperunt
632 788 642 805 ,
651 759 812 795 nonnulli
833 759 902 795 lin-

254 821 325 853 teos
341 816 547 852 intellexere
568 827 709 864 pannos
725 844 735 861 ,
770 815 903 863 quibus

254 879 291 910 et
308 873 395 921 ipsis
423 870 605 908 involutae
625 876 794 920 repertae
822 875 906 907 sunt

252 929 429 974 mumiae,
459 928 621 976 quamvis
641 927 699 963 alii
718 927 787 963 hoc
802 940 907 976 pror-

253 998 316 1022 sus
335 988 509 1033 negatum
539 983 681 1021 vellent.
742 984 817 1020 Sed
848 984 906 1020 lo-

254 1041 402 1078 mardus
421 1038 564 1089 (Jdescr.
588 1041 634 1077 de
656 1040 748 1088 1’Eg.
769 1041 906 1089 antiqq.

254 1098 301 1144 II,
326 1100 376 1138 10
398 1095 434 1148 ἓ.
449 1099 473 1137 8
489 1110 525 1146 p.
537 1097 639 1145 339)
660 1103 697 1133 ut
712 1096 906 1146 plurimum

255 1158 431 1191 cotoneum
452 1166 473 1189 a
504 1166 544 1190 se
572 1158 754 1203 repertum
780 1153 815 1189 in
849 1167 907 1191 se-

253 1211 387 1262 pulcris
400 1210 506 1254 dicit3
525 1222 616 1258 quos
632 1209 764 1246 linteos
783 1209 820 1245 in
840 1210 907 1258 hy-

254 1268 408 1318 pogaeis
438 1265 576 1303 insulae
605 1265 788 1303 Philarum
814 1279 907 1316 pan-

255 1337 323 1361 nos
346 1323 564 1370 offenderit,
586 1335 648 1359 eos
667 1323 906 1373 pauperrimis

256 1380 465 1417 amiciendis
511 1379 738 1425 inserviisse3
795 1392 908 1428 quare

257 1437 316 1473 vix
337 1436 599 1482 dubitandum,
629 1437 716 1484 quin
736 1436 770 1472 h.
796 1436 818 1472 l.
850 1449 908 1472 co-

257 1496 393 1529 toneum
420 1491 571 1540 intelligi
606 1492 758 1529 voluerit
787 1492 909 1530 Hero-

258 1551 386 1596 dotus,
426 1549 487 1597 qui
519 1549 548 1584 si
575 1549 622 1585 de
645 1548 762 1586 linteis
790 1550 908 1586 fasciis

258 1607 480 1654 cogitasset,
518 1604 588 1641 hoc
624 1605 702 1654 ipso
732 1606 908 1642 vocabulo

259 1675 388 1699 usurus
406 1661 554 1707 fuisset,
583 1664 623 1697 ut
642 1674 751 1711 supra
768 1661 800 1697 ll
813 1691 822 1708 ,
841 1664 908 1708 81,

259 1719 321 1755 ubi
338 1719 479 1754 tunicas
498 1723 754 1754 commemorat
768 1717 908 1756 linteas.

259 1774 309 1811 Et
327 1787 421 1823 quae
438 1774 531 1810 circa
549 1773 701 1811 Thebas
718 1787 835 1823 nuper
854 1788 912 1812 re-

260 1837 364 1881 perta
383 1835 466 1867 sunt
492 1843 646 1880 operose
676 1831 822 1867 condita
851 1845 912 1868 ca-

261 1888 408 1934 davera,
426 1887 473 1923 ad
482 1886 635 1936 primam
646 1885 796 1924 classem
813 1887 910 1925 haud

263 1945 372 1981 dubie
396 1943 610 1989 referenda,
649 1956 692 1980 ea
717 1943 911 1992 plurimum

261 1999 658 2037 cotoneiexhibuerunt.
682 1999 789 2035 Plura
799 2001 914 2037 Creu-

261 2069 367 2093 zerus
392 2055 414 2091 l.
437 2055 459 2091 l.
489 2076 546 2082 —
573 2057 800 2104 τελαμῶνας
828 2056 914 2093 dicit

257 2112 398 2162 fascias
415 2111 600 2158 dissectas,
631 2113 729 2160 quod
750 2113 914 2149 additum

262 2166 632 2217 κατατετμημένοισι
672 2168 758 2204 satis
781 2170 915 2217 arguit,

263 2230 374 2273 atque
394 2224 597 2261 Pausaniae
628 2224 804 2260 Nostrum
835 2225 915 2260 imi-

264 2281 373 2318 tantis
393 2294 478 2317 usus
509 2280 564 2326 II,
589 2282 637 2320 11
679 2279 714 2331 §.
736 2280 782 2327 4,
812 2281 913 2329 quod

263 2338 362 2374 haud
385 2337 478 2385 fugit
507 2336 639 2374 Siebel.
704 2337 800 2373 Add.
832 2336 915 2373 Sal-

264 2407 354 2431 mas.
377 2394 426 2429 ad
435 2392 576 2443 Vopisc.
589 2393 769 2430 Aurelian.
782 2407 818 2443 p.
829 2393 911 2434 422

266 2449 355 2497 (vol.
374 2449 407 2486 II
419 2451 446 2495 ).
494 2449 563 2486 Alii
578 2448 653 2485 lora
670 2450 912 2499 interpretan-

265 2513 344 2553 tur,
374 2507 422 2543 ad
437 2519 512 2542 rem
532 2505 629 2542 haud
651 2505 763 2551 salso,
786 2519 913 2554 quam-

266 2576 375 2612 quam
395 2561 570 2598 vocabulo
590 2562 707 2599 minus
731 2561 798 2598 hac
820 2563 856 2598 in
874 2574 915 2598 re

267 2619 417 2656 solemni
440 2623 551 2667 atque
580 2618 722 2655 usitato.
779 2617 914 2655 Videas

268 2676 440 2712 Creuzer.
497 2674 685 2711 Summum
713 2687 798 2712 vero
828 2675 915 2711 arti-

266 2731 407 2777 ficium,
429 2730 530 2779 quod
555 2731 592 2766 in
621 2731 826 2768 amiciendis
856 2742 916 2768 ca-

268 2787 460 2824 daveribus
502 2787 731 2824 adhibuerint
774 2791 914 2824 veteres

267 2842 461 2892 Aegyptii,
490 2844 578 2879 satis
594 2855 689 2880 nunc
702 2843 914 2880 mumiarum

266 2899 441 2950 reliquiae
469 2898 630 2936 indicant
647 2927 660 2947 ,
699 2911 789 2950 quas
816 2899 916 2938 haud

971 532 1101 570 minori
1141 544 1227 569 cura
1264 531 1486 569 illustrarunt
1527 532 1624 568 docti

973 589 1080 625 Galli.
1128 589 1266 635 Unde,
1303 589 1372 625 alia
1402 594 1442 625 ut
1471 593 1623 633 taceam,

970 649 1142 695 apparet,
1173 658 1282 695 super
1306 645 1424 681 fasciis
1451 643 1624 694 applicita

972 714 1053 738 esse
1073 701 1228 750 duplicia
1247 701 1444 750 tripliciave
1459 714 1500 737 ac
1511 713 1623 750 saepe

971 757 1074 806 plura
1093 757 1200 792 etiam
1218 758 1466 804 integumenta
1486 770 1505 793 e
1524 763 1624 793 coto-

972 825 1042 849 neo
1060 817 1251 857 contexta,
1281 818 1391 861 atque
1418 814 1455 848 in
1475 812 1529 849 his
1557 813 1623 849 de-

972 881 1070 905 mum
1086 868 1341 915 integumentis
1361 869 1520 918 picturas
1541 881 1623 906 esse

974 924 1148 961 exhibitas
1174 925 1261 960 varii
1281 926 1434 972 generis.
1464 923 1523 961 De
1541 925 1621 972 qui-

972 981 1042 1017 bus
1081 993 1159 1016 cum
1188 979 1297 1029 plane
1336 986 1455 1018 taceat
1485 979 1625 1017 Noster

973 1036 1122 1073 strictim
1139 1037 1390 1073 tantummodo
1404 1037 1626 1074 summatim-

973 1105 1044 1141 que
1074 1105 1223 1129 narrans
1271 1093 1363 1129 hanc
1407 1094 1625 1130 cadaverum

972 1148 1092 1186 fasciis
1113 1149 1409 1186 involvendorum
1435 1150 1624 1196 rationem,

973 1205 1012 1242 id
1033 1210 1117 1242 ante
1136 1206 1255 1242 omnia
1273 1206 1471 1243 tenendum
1485 1235 1495 1253 ,
1524 1205 1625 1243 illam

973 1261 1072 1298 haud
1091 1263 1248 1299 caruisse
1274 1262 1444 1299 interiore
1466 1262 1626 1311 quadam

975 1323 1086 1368 atque
1117 1318 1316 1367 insigniore
1346 1319 1626 1367 significatione,

975 1379 1012 1412 et
1039 1374 1303 1425 Aegyptiorum
1334 1389 1415 1412 cum
1445 1375 1625 1424 mysteriis

975 1431 1202 1468 coniunctam
1232 1433 1364 1477 fuisse3
1410 1432 1456 1469 de
1494 1432 1625 1479 quibus

976 1501 1055 1524 cum
1093 1487 1270 1524 silentium
1308 1488 1374 1524 sibi
1413 1488 1627 1538 imposuerit

975 1543 1134 1591 Noster,
1164 1557 1238 1580 non
1261 1545 1412 1592 mirum,
1442 1558 1525 1581 eum
1552 1549 1627 1581 tam

976 1601 1124 1637 strictim
1166 1606 1201 1637 et
1242 1601 1309 1638 levi
1346 1601 1450 1649 quasi
1478 1601 1626 1637 brachio

976 1657 1066 1694 haec
1085 1657 1259 1705 attigisse.
1301 1657 1382 1694 Vid.
1403 1657 1628 1694 Creuzerum

977 1713 1000 1749 l.
1021 1713 1042 1750 l.
1071 1713 1194 1762 ibique
1221 1714 1377 1750 Iomard.
1407 1714 1551 1761 (deser.
1580 1713 1628 1751 de

977 1769 1071 1818 l'Eg.
1105 1770 1242 1819 antiqq.
1284 1770 1317 1807 ΙΙ
1344 1774 1429 1808 sect.
1460 1770 1496 1807 X
1534 1768 1570 1820 ὃ.
1600 1771 1627 1811 8

977 1838 1062 1876 pag.
1082 1827 1164 1866 338
1192 1840 1268 1876 seq.
1312 1827 1446 1875 Royer.
1476 1827 1566 1864 ibid.
1591 1825 1628 1863 X

978 1896 1014 1932 p.
1037 1885 1158 1927 219)3
1197 1883 1282 1919 add.
1309 1882 1480 1920 Minutoli
1504 1883 1630 1921 Nach-

977 1941 1082 1987 trage
1101 1944 1167 1976 etc.
1189 1953 1226 1990 p.
1246 1942 1328 1981 200
1354 1952 1458 1989 seqq.

1036 1993 1294 2046 ὑποχρίοντες
1314 1999 1367 2051 τῷ
1383 1992 1524 2046 κόμμι]
1543 1995 1629 2034 Scil.

981 2054 1229 2102 τελαμῶνας,
1258 2054 1307 2090 ita
1340 2058 1380 2089 ut
1407 2053 1553 2103 fasciae
1573 2053 1632 2089 in-

980 2108 1187 2156 telligantur
1205 2110 1507 2157 gummz'sublitae.
1523 2105 1632 2159 Κόμ-

983 2179 1026 2214 μι
1044 2166 1118 2201 sive
1136 2166 1269 2213 gummi
1288 2166 1480 2203 Arabicum
1500 2179 1544 2203 ex
1557 2166 1632 2216 spi-

983 2222 1029 2256 na
1048 2234 1200 2257 manans
1222 2221 1398 2258 simillima
1415 2222 1490 2259 loto
1515 2222 1632 2270 Cyre-

982 2289 1097 2313 naeae
1124 2284 1300 2314 memorat
1320 2277 1456 2315 Noster
1482 2277 1539 2324 11,
1563 2280 1629 2320 96.

982 2333 1136 2381 Capitur
1153 2334 1358 2371 humoriste
1376 2347 1419 2372 ex
1436 2335 1542 2384 spina
1554 2334 1630 2372 Ae-

979 2390 1148 2438 gyptiaca
1167 2391 1240 2427 sive
1250 2390 1392 2438 Acacia,
1422 2404 1531 2440 quam
1551 2391 1632 2440 plu-

977 2446 1058 2481 rimi
1089 2447 1296 2484 existimant
1321 2449 1499 2484 mimosam
1522 2446 1630 2484 Nilo-

980 2504 1088 2538 ticam
1125 2502 1279 2540 Linnaei
1302 2532 1313 2550 ,
1350 2505 1518 2553 guttatim
1544 2504 1631 2542 inde

981 2557 1156 2596 defluens.
1212 2560 1334 2608 Atque
1370 2560 1481 2597 fidem
1508 2560 1632 2598 Hero-

982 2614 1058 2650 doti
1080 2616 1137 2652 hic
1161 2627 1308 2664 quoque
1328 2621 1474 2653 tuentur
1491 2617 1630 2667 experi-

980 2677 1103 2708 menta
1121 2672 1157 2708 in
1177 2673 1318 2709 mumiis
1334 2673 1495 2709 instituta
1507 2702 1518 2720 ,
1535 2686 1630 2722 quae

980 2729 1137 2764 resinam
1155 2728 1632 2778 exhibuerunttenaciorem,

981 2784 1077 2832 ignis
1101 2785 1239 2822 admoti
1263 2785 1298 2822 vi
1335 2797 1379 2822 ex
1417 2786 1630 2823 mumiarum

979 2841 1173 2878 involucris
1188 2842 1462 2878 redundantem.
1520 2841 1632 2879 Plura.

983 2897 1186 2936 Creuzerus
1213 2897 1238 2936 l.
1261 2896 1286 2935 L
1343 2897 1514 2935 Minutoli
1549 2897 1574 2937 l.
1602 2897 1628 2936 l.

1750 1643 1759 1682 ls

1756 1680 1759 1695 l

1750 1686 1759 1715 h

1750 1716 1759 1750 'A

1750 1761 1759 1770 ι,
