1759 3324
615 301 919 342 cL10.1.

135 415 371 473 ποιήσομαι
385 427 393 437 ·

1316 306 1401 347 433

451 407 502 456 εὖ
542 412 665 463 εἰδώς
695 410 761 456 ὅτι
800 416 914 456 τοῖσι
950 412 1009 468 μή
1048 411 1327 470 ἀπιγμένοισι
1353 415 1398 466 ἐς

135 496 214 552 τὴν
251 493 536 548 Βαβυλωνίην
564 491 730 547 χώρην,
776 492 852 535 καὶ
887 491 941 535 τοὶ
977 493 1181 549 εἰρημένα
1214 498 1399 549 καρπῶν

110 583 132 616 7
143 574 321 630 ἐχόμενα
352 572 395 623 ἐς
434 571 635 628 ἀπιστίην
673 570 839 627 πολλήν
877 570 1066 615 ἀπῖκται.
1122 572 1323 628 χρέονται
1352 574 1399 618 δὲ
1455 582 1511 623 92

138 651 269 695 οὐδὲν
299 651 450 707 ἐλαίῳ,
482 644 658 695 ἀλλἐκ
688 655 777 694 τῶν
807 649 1016 706 σησάμων
1047 655 1284 704 ποιεῦντες.
1315 653 1455 697 εἷσὶ26

138 732 184 774 δὲ
212 741 291 785 σφι
321 733 516 786 φοίνικες
544 729 785 787 πεφυκότες
822 727 906 774 ἀνὰ
933 733 1022 774 πᾶν
1051 730 1099 775 τὸ
1129 733 1304 775 πεδίον·
1355 734 1400 776 οἵ

138 813 318 861 πλεῦνες
348 809 493 854 αὐτῶν
521 808 822 866 καρποφόροι,
867 809 914 853 ἐκ
942 812 1031 853 τῶν
1068 811 1143 854 καὶ
1180 812 1294 854 σιτία
1322 812 1398 855 καὶ

107 887 266 934 ὃοῖνον
292 890 369 933 καὶ
395 889 492 947 μέλι
519 894 766 934 ποιεῦνται·
805 889 910 941 τοὺς
939 889 1109 934 συκέων
1135 888 1299 946 τρόπον
1326 895 1396 935 θε-

140 1099 184 1137 εὐ
215 1094 371 1146 εἰδώς
362 1093 420 1138 ότι
440 1100 546 1137 τοῖσι
568 1094 622 1149 μη“
642 1091 733 1137 ἀπι-

82 1153 276 1220 γμένοισι
290 1154 330 1202 ἐς
359 1152 433 1206 τήν
469 1155 734 1205 Βαβυλωνίην

81 1207 240 1263 χώρην]
273 1212 378 1255 Quae
400 1212 510 1250 verba
530 1211 625 1249 clare
640 1212 736 1249 indi-

84 1272 188 1315 cant,
244 1268 475 1306 Herodotum
521 1268 640 1318 ipsum
668 1268 734 1305 has

83 1329 198 1362 terras
218 1325 345 1362 visisse
374 1338 416 1361 ac
436 1337 672 1374 peragrasse,
695 1327 737 1361 ut

85 1393 195 1430 supra
218 1382 266 1417 ad
286 1381 321 1429 Ι,
345 1383 424 1422 178
448 1380 661 1417 notavimus.
679 1402 736 1409 —-

84 1435 145 1474 Ad
163 1410 380 1474 locutio1iem
399 1451 447 1475 τα
469 1439 636 1490 καρπῶν
648 1431 735 1488 ἐχό-

86 1507 185 1561 μενα
204 1495 300 1530 conf.
324 1493 360 1541 I,
387 1494 479 1535 120.

143 1545 230 1588 ἀλλ’
257 1548 300 1589 ἐκ
321 1565 401 1588 των
429 1544 621 1600 σησάμων
639 1563 736 1588 ποι-

87 1604 243 1656 εῦντες]
280 1606 531 1657 Supplendum
559 1619 603 1644 ex
632 1610 736 1644 ante-

88 1663 299 1701 cedentibus
322 1662 437 1716 ἔλαίῳ
456 1661 656 1713 χρέωνται.
676 1663 736 1700 De

88 1732 162 1768 quo
182 1719 450 1769 participiorum
470 1733 558 1767 usu,
590 1720 652 1755 ubi
672 1719 738 1755 ab-

87 1775 207 1813 solute
222 1776 343 1825 posita
359 1776 548 1824 videntur,
565 1789 645 1813 cum
657 1787 739 1812 ver-

87 1832 172 1869 bum
194 1845 214 1869 e
236 1832 461 1882 praegressis
489 1836 612 1869 mente
631 1844 739 1882 repe-

86 1888 237 1926 tendum
259 1888 326 1935 sit,
357 1890 451 1925 conf.
470 1888 647 1925 Matthiae
672 1888 738 1925 Gr.

90 1945 156 1981 Gr.
191 1943 227 1995 ἓ.
249 1945 330 1986 556
363 1949 440 1982 not.
462 1948 484 1986 1
513 1958 599 1995 pag.
621 1946 739 1985 1093.

89 2000 171 2038 Olei
200 2014 244 2039 ex
279 2002 429 2038 sesamis
457 2002 575 2051 parati
613 2001 741 2038 Xeno-

88 2057 188 2108 phon
217 2070 363 2107 quoque
387 2058 571 2106 meminit,
607 2057 742 2107 aliique

89 2113 211 2164 plures
261 2115 522 2162 meminerunt,
572 2127 663 2163 quos
694 2114 743 2151 ad

90 2170 344 2220 Xenophontis
361 2171 479 2208 locum
505 2171 543 2207 in
561 2171 649 2219 Cyri
667 2170 743 2207 Ex·-

90 2226 202 2277 pedit.
217 2226 265 2264 IV
279 2256 290 2275 ,
312 2226 360 2275 4,
386 2230 436 2268 13
457 2228 583 2264 laudat
596 2227 743 2275 Kriige-

91 2295 163 2320 rus.
220 2282 304 2320 Alia
324 2285 505 2332 quaedam
526 2297 547 2322 e
566 2284 744 2322 recentio-

90 2338 188 2376 ribus
215 2340 448 2390 scriptoribus
474 2341 561 2378 citat
581 2340 741 2377 Heeren.

91 2394 116 2432 l.
139 2394 163 2433 l.
183 2417 239 2423 —-
260 2397 365 2440 Quae
385 2401 605 2446 sequuntur,
621 2400 742 2433 trans-

95 2451 236 2501 scripsit
253 2452 462 2491 Athenaeus
483 2453 571 2491 XIV
587 2465 624 2503 p.
645 2453 742 2500 651,

95 2507 157 2543 ubi
187 2510 279 2546 conf.
300 2509 682 2558 Schweighaeuserum
704 2510 743 2546 in

97 2562 362 2602 Animadverss.
388 2569 415 2603 t.
438 2566 506 2603 VII
532 2579 618 2617 pag.
647 2567 742 2607 599

97 2617 158 2656 De
178 2619 305 2668 palmis
325 2621 392 2659 Cr.
416 2624 557 2661 confert
576 2635 632 2669 ea,
650 2635 745 2672 quae

99 2673 234 2712 Niclas.
262 2677 346 2714 citat
369 2679 417 2714 ad
445 2679 668 2729 Geoponicc.
697 2678 745 2726 X,

101 2728 129 2770 4
147 2730 222 2767 init.
258 2731 486 2772 Accuratiora
513 2736 615 2773 dabit
638 2735 745 2772 nobi-

101 2784 252 2824 lissimus
279 2789 326 2826 de
352 2789 520 2828 Minutoli
548 2792 586 2829 in
621 2790 748 2829 Nach-

101 2842 232 2890 tragen
246 2856 292 2881 zu
317 2858 345 2882 s.
366 2845 467 2884 Reis.
489 2851 556 2886 etc.
584 2860 671 2899 pag.
690 2850 749 2890 82

104 2909 208 2946 seqq.

162 2952 205 2991 οἱ
221 2956 383 3004 πλεῦνες
401 2953 531 2998 αὐτῶν
544 2954 751 3014 καρποφό-

148 3008 355 3049 Hmzono'r.
386 3013 415 3052 Ι.

799 1113 886 1149 ροι,
915 1096 959 1138 ἐκ
975 1098 1056 1137 τῶν
1083 1097 1152 1138 καὶ
1178 1098 1282 1140 σιτία
1300 1099 1369 1141 καὶ
1396 1097 1454 1142 οῗ-

799 1169 874 1195 νον
898 1153 966 1194 καὶ
995 1152 1081 1206 μέλι
1108 1156 1338 1208 ποιεῦνται]
1381 1154 1452 1197 αὕ-

800 1213 882 1251 τῶν
900 1225 944 1249 ex
959 1224 1059 1249 more
1079 1212 1244 1250 dedimus
1266 1227 1334 1264 pro
1353 1214 1453 1264 vulg.

803 1263 904 1308 αὖτέ
918 1283 992 1307 ων.
1004 1268 1188 1317 -σιτία,
1209 1283 1304 1319 quae
1314 1270 1454 1309 Noster

803 1339 824 1363 e
868 1325 1069 1375 palmarum
1118 1326 1292 1364 fructibus
1330 1327 1453 1377 parari

803 1381 944 1428 scribit,
982 1394 1026 1419 eo
1064 1382 1202 1430 refero,
1241 1384 1342 1431 quod
1378 1384 1452 1421 iam

803 1438 1082 1488 Theophrastus
1101 1442 1211 1487 atque
1228 1438 1365 1477 Plinius
1385 1453 1453 1490 pa-

801 1494 856 1532 nis
871 1494 1058 1543 quoddam
1078 1507 1194 1543 genus
1213 1509 1233 1534 e
1250 1495 1455 1546 palmarum

802 1550 963 1588 medulla
1009 1551 1138 1588 confici
1175 1552 1334 1590 tradunt.
1399 1551 1454 1591 Ac

802 1611 929 1644 nostra
954 1611 1076 1645 aetate
1102 1621 1123 1645 e
1156 1608 1285 1659 palmis
1314 1609 1453 1646 siccatis

803 1676 942 1701 massas
975 1663 1152 1713 quasdam
1179 1665 1286 1703 valde
1308 1679 1454 1716 pressas

805 1720 932 1769 (stark
947 1724 1155 1769 gepresster
1169 1721 1286 1770 Teig)
1313 1722 1455 1771 confici,

804 1777 952 1814 nomine
974 1776 1198 1824 Schmotsclffi
1228 1779 1265 1815 in
1285 1776 1458 1828 Aegypto

806 1833 1011 1871 observavit
1027 1833 1092 1870 Vir
1107 1833 1254 1871 illustris
1272 1835 1320 1872 de
1335 1835 1459 1873 Minu-

806 1889 871 1927 toli
887 1887 1118 1938 (Nachtriige
1133 1903 1179 1927 zu
1194 1904 1222 1927 s.
1233 1891 1345 1929 Reise
1356 1905 1392 1941 p.
1402 1895 1456 1934 91

809 1947 916 1995 seq.)
951 1950 1212 1996 accurateque,
1251 1950 1292 1984 ut
1324 1949 1458 1995 omnia,

809 2002 1020 2052 descripsit,
1058 2001 1173 2040 allatis
1223 2015 1370 2053 quoque
1403 2005 1457 2042 his

808 2063 969 2097 veterum
989 2059 1203 2108 scriptorum
1219 2059 1318 2097 locis.
1356 2060 1459 2099 Idem

809 2128 919 2167 porro
938 2119 1083 2163 monet,
1116 2129 1137 2153 e
1156 2116 1358 2166 palmarum
1378 2130 1476 2168 suc-p

809 2185 872 2219 co,
902 2171 964 2221 qui
983 2171 1091 2222 plane
1117 2176 1158 2209 ut
1185 2172 1327 2211 betulae
1346 2174 1459 2211 siccus

809 2229 909 2278 apud
935 2227 1150 2277 Nostrates,
1178 2229 1236 2267 vel
1263 2230 1459 2268 incidendo

808 2285 865 2322 vel
876 2285 1096 2322 terebrando
1115 2285 1262 2323 arbores
1279 2287 1459 2336 percipia-

808 2344 868 2379 tur
878 2370 889 2389 ,
899 2343 976 2378 vini
995 2342 1181 2390 quoddam
1198 2342 1319 2393 parari
1330 2355 1460 2391 genus,

810 2398 866 2435 cui
884 2410 1018 2435 nomen
1029 2396 1158 2448 Lakby
1176 2412 1204 2435 s.
1218 2398 1343 2437 Sabia.
1368 2399 1461 2436 Fre-

809 2454 977 2503 quentius
1013 2458 1137 2492 tamen
1181 2459 1259 2492 tum
1297 2468 1318 2493 e
1353 2468 1460 2492 succo

809 2514 885 2548 tum
905 2524 926 2547 e
938 2510 1110 2547 fructibus
1127 2511 1301 2560 optimum
1320 2516 1461 2549 acetum

811 2566 983 2615 aliudque
994 2567 1116 2604 vinum
1127 2568 1296 2604 adustum
1307 2568 1463 2616 (Brant-

811 2623 931 2671 wein)
963 2623 1069 2660 effici.
1127 2624 1240 2667 Quod
1261 2637 1333 2673 quo
1349 2625 1461 2661 modo

812 2679 891 2716 fieri
928 2685 1060 2728 queat,
1107 2680 1162 2716 vir
1200 2681 1459 2718 eruditissimus

811 2735 931 2773 lucide
972 2735 1132 2787 exponit.
1202 2736 1285 2774 Nec
1316 2738 1461 2783 mirum,

812 2792 935 2829 vinum
966 2804 989 2829 e
1024 2791 1153 2843 palmis
1188 2793 1392 2831 etiamnunc
1422 2793 1461 2830 in

812 2847 1039 2897 Babyloniae
1080 2848 1211 2887 veteris
1254 2850 1464 2899 regionibus

815 2904 960 2955 parari,
991 2904 1032 2941 id
1059 2905 1159 2954 quod
1183 2909 1335 2943 testatur
1362 2906 1464 2943 Hee-
1508 2944 1510 2948 ,

817 2972 894 2999 ren.
911 2958 934 2998 l.
951 2972 1062 3012 supra
1075 2961 1173 2999 laud.
1193 2974 1280 3011 pag.
1298 2961 1377 3003 146
1387 2964 1464 2998 not,
