1805 3315
342 252 424 292 112

781 244 1251 286 HERODOTI

342 359 395 404 τοὶ
424 357 556 404 λοιποὶ
584 361 672 402 τῶν
703 359 974 414 χρηστηρίων
1007 356 1226 406 ἐθέσπισε,
1257 353 1310 397 οὐ
1334 352 1499 408 λέγεται
1519 351 1674 406 πρὸςρο

344 439 570 495 οὐδαμῶν·
602 438 649 481 ἐν
678 437 724 480 δὲ
753 441 965 491 Δελφοῖσι
996 433 1054 486 ὠς
1085 435 1274 490 ἐσῆλθον
1302 433 1479 488 τάχιστα
1509 431 1551 482 ἐς
1579 430 1628 474 τὸ

342 521 533 576 μέγαρον
566 519 608 560 οἱ
637 513 1070 572 Λυδοϊχρησόμενοι
1104 519 1165 570 τῷ
1200 517 1314 569 θεῷ,
1354 513 1427 555 καὶ
1457 510 1630 565 ἐπειρῶ·

341 615 441 642 τεον
479 597 528 641 τὸ
567 594 890 650 ἐντεταλμένον,
933 592 1140 650 ἡΠυθίη
1179 593 1226 636 ἐν
1266 592 1479 648 ἑξαμέτρῳ
1517 589 1631 648 τόνῳ

343 677 451 734 λέγει
484 675 585 719 τάδε
603 691 611 701 ·

320 769 343 805 4
439 755 535 792 Οἶδα
555 752 586 790 ὁ’
606 753 673 799 ἐγώ
692 750 849 796 ψάμμου
869 749 899 786 τ’
920 749 1104 796 ἀριθμὸν,
1127 751 1189 786 καὶ
1205 750 1320 794 μέτρα
1334 749 1539 796 θαλάσσης,

433 815 495 850 καὶ
517 813 649 857 κωφοῦ
667 812 833 854 συνίημι,
866 809 928 844 καὶ
955 806 1000 844 οὐ
1036 811 1247 853 φωνεῦντος
1274 808 1412 845 α’κούω.
1632 817 1676 851 25

358 974 411 1022 ὥς
442 974 618 1025 ἐσῆλθον
646 967 807 1022 τάχιστα
847 970 886 1018 ἒς
911 967 955 1009 τὰ

302 1030 497 1085 μέγαρον]
529 1029 699 1082 μέγαρον
715 1028 823 1076 vulgo
835 1029 954 1078 quod-

300 1091 354 1126 vis
374 1089 510 1125 indicat
536 1086 752 1124 domicilium
781 1089 844 1121 aut
867 1097 953 1121 con-

301 1146 426 1191 clave,
458 1145 495 1180 in
515 1145 624 1181 rebus
652 1142 764 1179 sacris
793 1142 955 1178 Graeco-

301 1216 379 1239 rum
400 1201 624 1249 mysteriisve
653 1197 824 1236 sacellum
856 1197 954 1234 desi-

303 1263 396 1307 gnat
434 1257 647 1307 plerumque
678 1255 953 1291 subterraneum

304 1320 342 1354 et
370 1315 418 1351 ad
444 1313 696 1361 mysteriorum
723 1311 813 1347 ritus
840 1310 952 1360 perti—

303 1384 407 1409 nens,
465 1370 577 1407 Unde
596 1370 766 1417 frequens
796 1367 831 1403 in
847 1367 953 1403 hero-

303 1441 364 1465 um
382 1426 478 1464 cultu
500 1429 690 1463 occurrunt
712 1421 880 1474 μέγαρα,
914 1426 954 1459 ut

305 1485 438 1521 Creuz,
468 1483 608 1520 monuit
636 1481 673 1517 in
709 1480 871 1528 Symbol.
902 1478 953 1515 ΙΙΙ

304 1553 393 1591 pag.
426 1539 503 1585 49,
525 1539 586 1575 ubi
611 1537 682 1574 vid.
704 1536 878 1573 Valcken.
909 1535 957 1572 ad

305 1597 445 1634 Herod.
462 1594 640 1642 Π,134.
699 1592 752 1629 Ac
771 1592 958 1629 sanctissi-

305 1666 366 1690 ma
384 1651 510 1701 templi
537 1651 709 1699 cuiusque
728 1661 814 1699 pars
840 1649 876 1684 in
900 1648 957 1685 in-

305 1710 392 1746 timo
411 1708 502 1744 illius
530 1720 676 1745 recessu
698 1704 867 1756 μέγαρον
889 1717 956 1754 ap-

304 1765 525 1816 pellabatur,
555 1768 595 1800 ut
610 1762 794 1800 Eleusiuio
816 1762 956 1798 intem-

306 1821 393 1873 plo,
423 1821 470 1857 de
497 1833 569 1869 quo
597 1820 652 1856 St.
676 1818 788 1855 Croix
809 1830 871 1854 sur
901 1817 954 1854 les

307 1879 488 1926 myst'eres
505 1877 539 1912 d.
561 1875 764 1926 paganism.
785 1873 801 1910 Ι
826 1887 862 1924 p.
876 1875 955 1914 137

308 1947 413 1983 seqq.
433 1934 491 1971 ed.
510 1933 658 1969 secund.
716 1931 813 1966 Hinc
831 1935 957 1966 nostro

307 1990 388 2027 loco
411 1989 577 2039 Delphici
596 1987 721 2037 templi
733 1986 895 2023 intimum
917 1985 959 2021 il-

307 2046 371 2083 lud
406 2045 601 2082 sacrarium
635 2043 835 2091 intelligere
865 2042 960 2089 licet,

309 2103 408 2152 quod
438 2101 640 2147 intrabant,
681 2100 742 2148 qui
779 2098 960 2135 oraculum

309 2158 522 2196 sciscitaturi
544 2160 658 2194 erant.
717 2156 823 2192 conf.
846 2154 884 2201 I,
906 2155 959 2195 65

311 2220 348 2253 et
370 2215 529 2253 Pausan.
544 2212 654 2259 Vm,
676 2215 720 2259 6,
743 2215 770 2252 2
799 2211 879 2258 (ubi
897 2208 960 2260 με’-

310 2285 434 2323 γαρον
459 2265 702 2318 Διονύσου).
751 2266 831 2304 Nec
859 2266 961 2304 aliter

310 2328 450 2365 Herod.
474 2326 530 2373 ll,
555 2328 646 2366 141.
669 2324 759 2365 143·
784 2325 874 2364 169.

366 2382 396 2434 ἦ
417 2379 734 2434 Πυθίη-λέγει
749 2376 865 2429 τάδε]
896 2379 961 2415 Ci-

311 2444 392 2477 tant
423 2440 492 2475 hoc
520 2438 702 2475 oraculum
720 2436 897 2473 Aristides
926 2434 961 2472 Π

311 2510 349 2547 p.
364 2498 457 2538 377.
476 2495 611 2532 Euseb.
632 2494 804 2543 Praepar.
817 2492 959 2540 Evang.

311 2552 362 2599 V,
391 2553 457 2593 34.
497 2551 630 2587 Suidas
657 2564 686 2587 s.
714 2562 748 2586 v.
774 2551 961 2600 Κροῖσος.

314 2608 503 2645 Inventum
526 2620 670 2655 quoque
697 2609 754 2643 est
782 2604 961 2642 oraculum

314 2665 384 2701 hoc
412 2664 450 2699 in
476 2663 598 2713 lapide
632 2674 859 2707 marmore03
895 2673 963 2697 un-

315 2721 363 2757 de
391 2720 427 2755 in
467 2718 648 2768 Inscriptt.
678 2730 809 2768 corpus
845 2717 965 2754 retulit

314 2774 477 2813 Boeckh.
516 2774 556 2822 Ι,
590 2777 614 2815 3
652 2787 738 2825 pag.
763 2773 843 2814 847
884 2772 962 2810 coll.

317 2831 419 2869 Rose
447 2831 627 2881 Inscriptt.
657 2831 722 2866 Gr.
754 2843 840 2880 pag.
868 2831 962 2871 416.

319 2887 431 2932 Quod
449 2888 498 2926 ad
513 2900 657 2926 versum
672 2886 827 2938 primum
846 2891 884 2925 et
905 2898 963 2924 se-

1021 970 1178 1008 cundum
1200 970 1349 1017 attinet,
1382 971 1447 1011 Cr.
1476 973 1578 1010 addit
1595 984 1676 1009 ora-

1021 1027 1099 1064 cula
1119 1026 1292 1074 Sibyllina
1321 1027 1405 1064 5‘111
1437 1042 1474 1078 p.
1494 1030 1576 1070 749
1599 1042 1675 1078 seq.

1021 1085 1079 1121 ed.
1106 1082 1188 1119 Gal.
1207 1087 1243 1119 et
1254 1078 1455 1133 Σιβύλλης
1474 1081 1586 1136 λόγος
1608 1087 1675 1124 ΙΔ.

1021 1141 1080 1179 ed.
1101 1139 1189 1176 Mai.
1211 1140 1260 1175 ad
1280 1139 1365 1177 calc.
1386 1153 1421 1190 p.
1443 1142 1497 1182 53
1517 1155 1570 1177 vs.
1584 1141 1676 1182 125.

1025 1196 1116 1238 135.
1153 1196 1276 1242 Alios,
1299 1196 1360 1245 qui
1380 1198 1578 1234 secundum
1596 1209 1677 1235 ver-

1020 1266 1104 1290 sum
1132 1252 1310 1300 afferunt,
1348 1253 1474 1290 laudat
1499 1253 1676 1291 Valcken.

1020 1311 1070 1347 ad
1094 1309 1262 1346 Ammon.
1304 1309 1352 1347 de
1379 1309 1497 1347 differ.
1524 1310 1677 1348 vocabb.

1004 1379 1106 1425 pag.
1132 1368 1223 1406 170.

1077 1446 1166 1489 οἶδα
1195 1443 1234 1488 δ’
1255 1446 1329 1502 ἐγώ
1347 1445 1519 1502 ψάμμου
1541 1447 1572 1490 τ’
1595 1446 1677 1502 οἷοι-

1019 1504 1129 1557 θμόν
1151 1521 1186 1544 κ.
1208 1522 1238 1545 τ.
1256 1508 1311 1553 λ.]
1345 1506 1422 1553 „In
1446 1508 1678 1558 proverbium

1018 1566 1098 1601 sere
1127 1567 1316 1600 cesserunt
1351 1563 1462 1610 haec,
1493 1565 1593 1601 cuius
1627 1565 1677 1601 si-

1019 1620 1116 1657 milia
1131 1624 1294 1656 veterum
1315 1620 1411 1655 dicta
1436 1620 1535 1656 haud
1557 1633 1676 1670 pauca

1021 1676 1260 1725 reperiuntur.
1325 1675 1359 1712 V
1361 1675 1410 1711 id.
1449 1675 1589 1713 Iacobs.
1639 1677 1678 1713 in

1020 1731 1141 1770 Lectt.
1165 1731 1296 1769 Stobb.
1324 1744 1411 1782 pag.
1434 1734 1459 1774 6
1472 1746 1550 1783 seq.
1572 1733 1678 1773 not.“

1025 1788 1055 1826 C
1068 1801 1097 1825 r.

1080 1871 1147 1911 καὶ
1167 1875 1314 1923 κωφοῦ
1341 1873 1524 1925 συνίημι,
1543 1872 1611 1912 καὶ
1632 1868 1680 1913 οὔ

1027 1932 1258 1980 φωνεῦντος
1280 1925 1441 1976 ἄκου’ω]
1475 1930 1678 1979 Gregorius

1026 1987 1190 2023 Corinth.
1222 1987 1289 2034 (de
1309 1987 1450 2024 dialect.
1471 1986 1547 2023 Ion.
1569 1986 1606 2038 ἓ.
1625 1986 1678 2028 14

1026 2055 1112 2093 pag.
1128 2045 1207 2082 396
1221 2043 1384 2092 Schaef.)
1414 2043 1546 2092 aliique
1555 2056 1678 2092 gram-

1026 2099 1148 2136 matici
1167 2112 1189 2136 a
1207 2099 1380 2137 Valcken.
1401 2099 1423 2136 l.
1445 2099 1467 2135 l.
1494 2100 1593 2136 citati
1618 2112 1679 2137 ex-

1026 2155 1172 2192 hibent:
1214 2154 1282 2193 καὶ
1314 2151 1363 2194 ου’
1401 2153 1679 2202 λαλέοντος

1028 2206 1188 2259 α’κούως
1218 2212 1318 2260 quod
1343 2213 1507 2261 quamvis
1524 2212 1679 2250 Valcke-

1026 2268 1130 2303 nario
1172 2267 1336 2317 placeat,
1380 2269 1526 2306 minime
1556 2273 1679 2306 tamen

1026 2323 1320 2360 Herodoteorum
1342 2324 1513 2361 librorum
1532 2324 1678 2362 lectioni

1027 2380 1316 2416 substituendum
1337 2393 1537 2417 censemus.
1557 2381 1680 2418 Fluxit

1027 2436 1121 2473 enim
1159 2435 1247 2472 illud
1283 2448 1326 2473 ex
1364 2436 1678 2484 grammaticorum

1026 2492 1347 2541 interpretamento
1359 2520 1370 2538 ‚
1391 2496 1431 2528 ut
1447 2493 1584 2528 dudum
1597 2489 1676 2528 mo'-

1026 2547 1105 2584 nuit
1125 2547 1404 2596 Wesselingius.
1461 2547 1521 2584 Ad
1550 2560 1676 2585 vocem

1027 2599 1164 2650 κωφὸς
1193 2603 1312 2650 (cuius
1340 2603 1572 2653 explicandae
1593 2616 1677 2641 cau-

1029 2672 1071 2696 sa
1090 2659 1179 2696 haec
1208 2659 1333 2696 addita
1352 2661 1464 2708 sunt)
1492 2659 1564 2696 vid.
1587 2664 1680 2697 nott.

1029 2715 1133 2762 adl,
1163 2717 1229 2757 34.
1287 2715 1346 2753 De
1383 2716 1541 2764 genitivo
1573 2716 1678 2764 (κω-

1030 2771 1146 2820 φοῦ),
1175 2771 1237 2821 qui
1262 2772 1382 2809 verbis
1411 2785 1582 2810 sensuum
1610 2773 1678 2810 ad-

1029 2828 1161 2874 iicitur,
1191 2827 1326 2864 consul.
1357 2827 1488 2865 Matth.
1520 2829 1586 2868 Gr.
1607 2829 1675 2867 Gr.

1030 2883 1068 2936 §.
1091 2883 1171 2926 349
1189 2888 1265 2923 not.
1279 2888 1305 2928 ὃ
1335 2897 1420 2936 pag.
1441 2885 1534 2927 659.
