1814 3315
636 236 943 276 cL10.1.

1343 241 1425 281 161

161 354 296 410 σφέας
325 348 506 400 αὐτοὺς,
535 348 610 391 καὶ
638 347 819 400 ξείνοισι
848 346 1150 407 ἀπρόσμικτοι.
1190 348 1427 406 μετέβαλον

132 432 209 476 46³0—
238 426 319 474 ὦδε
361 428 403 478 ἐς
432 425 654 484 εὐνομίην.
706 425 999 484 Λυκούργου,
1043 432 1133 472 τῶν
1160 429 1427 485 Σπαρτιητέ-

160 526 223 554 ων
263 509 449 563 δοκίμου
490 504 674 561 ἀνδρὸς,
723 505 932 559 ἐλθόντος
972 506 1015 558 ἐς
1045 507 1248 564 Δελφοὺς
1277 508 1345 551 ἐπὶ
1373 506 1424 551 τὸ

156 584 440 643 χρηστήριον,
472 582 532 638 ὥς
562 585 677 642 ἐσήϊε
708 585 750 638 ἐς
778 586 827 630 τό
857 587 1074 644 μέγαρον,
1106 585 1243 639 εὐθύς
1271 586 1299 644 ἡ
1323 590 1422 631 Hv‘-

156 667 233 723 θίη
261 664 373 721 λέγει
403 666 505 710 τάδε
519 683 527 692 ·

98 875 176 900 rum
193 864 354 912 pessimis
373 862 511 912 legibus
520 862 641 913 fuisse
664 876 756 912 usos,

98 924 196 966 tum,
227 920 317 970 quod
336 920 384 957 ad
403 933 438 957 se
460 923 555 970 ipsos
585 924 756 971 ipsorum-

100 988 165 1027 que
182 980 342 1013 mutuum
360 978 451 1014 inter
463 990 498 1014 se
519 981 756 1016 commercium

96 1035 248 1080 attinet,
279 1038 355 1070 tum
373 1047 459 1071 vero
485 1035 616 1082 etiam,
645 1037 683 1072 in
701 1048 756 1071 eo-

98 1102 176 1127 rum
188 1102 266 1126 cum
277 1093 407 1127 exteris
426 1093 636 1138 commercio,
655 1092 755 1140 quod

97 1146 232 1184 scilicet
249 1160 392 1185 omnem
415 1161 495 1184 cum
524 1147 580 1184 his
609 1160 755 1185 recusa-

98 1203 188 1241 bant
230 1205 538 1241 consociationem
572 1216 756 1253 omneque

99 1260 390 1297 commercium.“
456 1261 566 1297 Unde
598 1264 755 1311 apparet

98 1316 152 1354 vis
177 1317 432 1366 particularum
468 1331 490 1354 τ
505 1330 522 1355 ε
543 1337 599 1343 —
619 1317 713 1356 καί.

157 1372 319 1420 ξείνοισι
357 1368 648 1423 α’πρόσμικτοι]
691 1373 755 1410 Sic

96 1429 283 1477 dicuntur,
321 1429 383 1479 qui
413 1429 546 1466 nullam
579 1443 659 1467 cum
691 1443 753 1467 ex—

95 1485 184 1523 teris
204 1486 330 1523 ineunt
349 1490 411 1523 aut
428 1487 644 1537 permittunt
666 1500 753 1524 con-

95 1542 324 1580 suetudinem
340 1571 351 1590 ,
381 1544 444 1592 qui
463 1556 570 1580 omne
593 1557 673 1580 cum
685 1557 752 1594 pe-

95 1599 251 1648 regrinis
274 1599 466 1637 excludunt
486 1601 750 1638 commercium.

95 1655 180 1692 Vid.
220 1668 314 1704 quae
352 1655 545 1693 laudantur
587 1656 625 1693 in
660 1661 752 1694 nott.

96 1709 333 1761 Wesselingii
362 1717 399 1750 et
430 1712 634 1761 Schweigh.
690 1712 752 1750 De

96 1768 179 1819 ipsa
206 1781 245 1805 re
278 1769 423 1818 longior
456 1770 503 1806 ad
521 1769 556 1806 h.
580 1769 603 1806 l.
634 1772 752 1806 exstat

94 1824 302 1874 Bellangeri
313 1826 510 1876 disputatio
522 1827 559 1863 in
575 1824 749 1863 Larcheri

94 1882 203 1918 notis.
264 1881 417 1925 Quaerit
445 1882 540 1919 enim
568 1881 646 1929 ille,
676 1894 750 1932 quo

95 1938 170 1975 fine
197 1938 388 1989 Spartanis
429 1951 538 1976 omne
563 1939 670 1976 fuerit
698 1939 755 1976 in⁴

94 1994 286 2032 terdictum
309 2008 388 2032 cum
408 1995 612 2045 peregrinis
634 1995 756 2045 genti-

94 2051 164 2088 bus
211 2052 483 2101 commercium,
545 2064 619 2101 quo
663 2051 754 2089 illud

94 2107 242 2145 omnino
261 2109 455 2158 spectarit,
485 2109 575 2158 quid
594 2108 679 2146 inde
692 2121 753 2146 se-

93 2168 214 2202 cutum
234 2165 350 2202 fuerit.
388 2166 465 2203 Sed
482 2165 665 2202 Herodoti
682 2164 752 2202 hoc

94 2233 140 2258 ex
167 2220 246 2258 loco
274 2221 420 2260 minime
452 2221 572 2271 colligi
600 2222 750 2272 poterit,

92 2281 133 2314 ut
161 2277 344 2314 nonnullis
376 2279 492 2315 visum
522 2282 598 2326 est,
640 2278 749 2329 ξενη-

93 2334 234 2382 λασίας
255 2335 353 2384 quod
373 2339 524 2372 vocatur
543 2335 749 2372 institutum

93 2390 167 2428 iam
194 2395 279 2428 ante
308 2390 517 2440 Lycurgum
538 2391 748 2439 invaluisse,

94 2459 203 2496 quem
230 2447 339 2495 vulgo
365 2448 469 2485 istius
499 2448 656 2484 instituti
685 2460 751 2484 au-

94 2507 230 2541 ctorem
249 2504 454 2554 perhibent.
511 2503 646 2554 Neque
662 2516 749 2541 vero

95 2571 204 2597 omne
228 2560 426 2611 hospitium
460 2572 643 2610 omneque
669 2573 750 2598 cum

95 2616 226 2653 exteris
282 2618 451 2666 gentibus
498 2617 750 2654 commercium

94 2671 287 2720 Spartanis
300 2674 529 2711 interdictum
540 2674 653 2711 fuisse
673 2686 751 2711 cre-

96 2727 204 2774 dam,
236 2741 317 2765 cum
339 2728 439 2766 haud
467 2742 584 2780 pauca
610 2730 751 2779 reperi-

96 2787 205 2819 antur
248 2784 404 2833 vestigia
446 2784 596 2836 hospitii
633 2786 749 2836 Spar-

95 2842 264 2876 tanorum
283 2853 363 2877 cum
385 2842 518 2878 exteris
538 2841 635 2889 initi,
655 2854 747 2890 quos

95 2894 199 2946 ipsos
230 2895 333 2931 festis
367 2896 523 2946 Spartae
556 2897 747 2937 celebratis

153 2949 361 2990 Hsnonor.
391 2951 423 2990 Ι.

824 864 923 901 haud
960 876 1043 901 raro
1073 864 1286 903 interfuisse
1310 862 1477 913 legimus.

823 920 1046 970 Peregrinae
1058 922 1182 972 stirpis
1201 920 1339 958 incolas
1354 921 1478 970 potius

822 978 959 1028 Sparta
986 982 1145 1016 remotos
1165 978 1325 1015 voluisse
1349 977 1479 1014 viden-

822 1037 905 1081 tur,
936 1035 998 1084 qui
1028 1048 1107 1071 cum
1135 1034 1226 1072 alius
1258 1037 1383 1072 essent
1412 1046 1478 1082 ge-

823 1091 945 1138 neris,
991 1091 1185 1141 ipsumque
1228 1091 1324 1128 vitae
1358 1101 1477 1138 genus

821 1150 1046 1184 sectarentur
1081 1147 1248 1194 mollius,
1282 1146 1477 1196 periculum

824 1208 903 1240 erat
923 1216 970 1240 ne
986 1204 1113 1240 civium
1125 1204 1388 1253 Spartanorum
1398 1216 1478 1239 mo-

820 1272 880 1297 res
898 1260 1080 1308 frequenti
1106 1273 1186 1297 cum
1207 1258 1276 1295 illis
1302 1271 1478 1296 commer-

821 1315 876 1352 cio
910 1316 1207 1365 depravarentur.
1269 1313 1324 1352 Ac
1356 1315 1478 1366 prisca

821 1371 1008 1420 instituta,
1037 1374 1178 1422 priscos
1205 1384 1326 1410 mores
1360 1384 1478 1420 quan-

819 1432 950 1478 topere
1003 1442 1220 1467 conservare
1270 1428 1478 1465 studuerint

820 1483 966 1533 Dores‚
995 1498 1104 1523 nemo
1125 1485 1252 1523 nescit.
1310 1483 1370 1522 Ad
1398 1484 1476 1522 He-

819 1543 993 1579 rodotum
1031 1546 1072 1579 ut
1099 1546 1285 1589 revertar,
1313 1540 1401 1578 nihil
1432 1552 1477 1578 ex

819 1598 890 1635 hoc
934 1599 1111 1649 scriptore
1159 1598 1281 1647 colligi
1326 1598 1475 1649 poterit,

819 1655 921 1704 quod
961 1668 1188 1694 communem
1221 1656 1268 1692 de
1303 1653 1475 1703 Lycurgo

820 1711 1055 1762 ξενηλασίας
1088 1712 1294 1748 institutore
1325 1714 1475 1748 senten-

817 1768 904 1805 tiam
924 1772 1080 1814 evertat,
1112 1769 1221 1804 immo
1238 1770 1322 1805 ante
1335 1766 1476 1816 Lycur-

819 1836 906 1873 gum
926 1824 983 1862 vel
1012 1824 1131 1873 magis
1159 1824 1298 1862 alienos
1326 1824 1372 1860 ab
1399 1822 1475 1860 ullo

823 1894 906 1918 cum
927 1881 1140 1930 alienigenis
1159 1880 1373 1918 commercio
1397 1878 1474 1916 La-

823 1938 1080 1975 cedaemonios
1111 1937 1256 1975 dixeris.
1312 1935 1371 1974 De
1391 1936 1474 1986 ipsa

822 1993 1036 2048 ξενηλασίᾳ
1073 1993 1140 2031 Cr.
1176 1994 1319 2032 confert
1351 1993 1394 2030 C.
1425 1992 1473 2029 Ο.

820 2049 963 2089 Miiller.
996 2051 1107 2089 Dorr.
1143 2049 1178 2087 ΙΙ
1216 2063 1301 2100 pag.
1330 2050 1356 2089 8
1394 2052 1471 2085 not.

819 2120 907 2159 pag.
938 2107 1020 2149 411
1055 2107 1135 2145 coll.
1172 2108 1265 2147 157.
1293 2108 1387 2147 229.
1416 2127 1473 2132 --

821 2164 935 2208 Quod
944 2177 1028 2201 vero
1042 2169 1127 2202 ante
1137 2162 1347 2212 Lycurgum
1358 2162 1475 2213 Spar-

817 2223 926 2258 tanos
946 2220 1086 2258 Noster
1115 2219 1230 2258 suisse
1253 2219 1377 2256 scribit
1402 2233 1472 2257 κα-

818 2272 1124 2328 κονομωτοὲι-ους
1142 2276 1163 2313 i.
1186 2289 1216 2313 e.
1239 2277 1400 2325 pessimis
1420 2274 1471 2312 le-

817 2334 923 2383 gibus
941 2337 1095 2381 utentes,
1132 2333 1171 2370 id
1204 2333 1303 2370 idem
1327 2331 1472 2369 Miiller.

818 2390 868 2438 (l.
890 2389 912 2427 l.
946 2390 981 2427 Il
1009 2404 1046 2441 p.
1071 2389 1135 2431 15.
1161 2390 1244 2438 16)
1284 2390 1396 2427 resert
1423 2389 1472 2426 ad

816 2447 941 2498 priora
956 2446 1097 2485 Dorum
1118 2447 1305 2492 instituta,
1328 2449 1473 2495 tempo-

817 2503 867 2540 ris
898 2503 1054 2541 decursu
1078 2502 1306 2546 labefactata,
1327 2501 1473 2538 turbata

819 2563 856 2597 et
876 2559 916 2596 in
936 2559 1096 2597 deterius
1115 2558 1231 2609 lapsa.
1292 2557 1398 2602 Quae
1409 2570 1472 2595 ea-

818 2615 903 2653 dem
922 2614 1115 2665 Lycurgus
1144 2628 1188 2652 ex
1206 2614 1299 2651 illius
1320 2614 1387 2651 viri
1404 2614 1473 2650 ‹lo-

817 2671 865 2709 cti
886 2673 1088 2719 sententia,
1111 2671 1254 2720 integra
1269 2670 1472 2708 restituisse

817 2740 861 2765 ac
877 2741 1070 2766 revocasse
1089 2728 1158 2766 erit
1175 2727 1392 2774 censendus,
1402 2726 1472 2763 mi-

816 2784 915 2822 nime
933 2797 1019 2822 vero
1043 2796 1171 2822 recens
1188 2783 1386 2821 induxisse.

875 2838 916 2887 ἐς
935 2837 977 2880 τὸ
994 2837 1191 2893 μέγαρον]
1223 2838 1395 2891 μέγαρον
1414 2841 1471 2875 est

816 2896 968 2936 interius
1011 2896 1138 2949 templi
1183 2896 1351 2935 sacellum
1364 2923 1374 2942 ,
1406 2893 1469 2930 ubi
