1759 3324
506 255 931 296 EUTERPE.
989 255 1035 293 II.

1322 258 1405 297 761

144 369 401 427 Δήμητρος,
432 366 590 424 ἀπέχον
616 368 692 423 τῆς
720 364 872 418 πόλιος
895 365 1051 409 ἐείκοσι
1074 365 1301 417 σταδίους·
1334 366 1408 409 καὶ

85 546 155 582 ruit
176 545 345 582 Creuzer.
368 543 405 580 in
425 544 632 579 commentt.
657 540 737 578 He-

85 602 189 638 rodd.
213 614 249 650 p.
267 599 369 640 419:
399 598 565 646 „Zoega
585 599 632 635 de
650 598 739 635 obe-

85 657 180 694 liscc.
202 669 238 706 p.
257 657 338 696 307
365 668 467 704 seqq.
489 656 537 691 ad
557 654 740 692 Herodoti

84 713 202 750 lociun
230 712 318 749 haec
354 712 545 762 apposuit:
589 711 738 758 „„Hos

83 782 169 806 vero
207 768 334 818 lupos,
373 781 464 817 quos
506 767 739 805 sacerdotalis

84 825 230 874 mythus
260 826 458 862 inferorum
486 825 671 862 ministros
704 829 740 863 et

84 882 381 932 psychopompos
400 882 528 930 genios
557 882 741 929 indigitat,

86 939 122 975 in
142 938 293 986 singulis
315 940 390 976 fere
412 938 553 975 niumiis
575 939 741 987 arcisque

86 1007 209 1032 earum
222 995 337 1044 pictos
359 995 676 1044 deprehendimus,
700 998 741 1030 ut

84 1050 277 1102 plurimum
307 1064 504 1088 averrunco
541 1053 658 1100 flagro
692 1051 740 1087 ad

85 1107 202 1145 malos
232 1108 429 1145 daemones
467 1108 656 1145 animabus
683 1108 739 1143 in-

83 1163 225 1201 hiantes
274 1165 477 1213 abigendos
534 1164 741 1201 instructos.

84 1220 231 1258 Scilicet
277 1233 392 1271 rapax
436 1220 591 1268 animal,
641 1221 741 1270 quod

85 1282 195 1314 noctu
229 1279 382 1315 maxime
420 1278 566 1315 oberrat
599 1278 740 1326 subque

87 1334 172 1371 solis
195 1338 311 1371 ortum
335 1335 382 1370 ad
405 1347 533 1384 specus
560 1337 595 1371 et
616 1335 741 1371 deser-

85 1394 123 1427 ta
142 1390 300 1438 aufugit,
324 1389 516 1440 Aegyptiis
540 1403 656 1440 aeque
685 1394 741 1427 at-

86 1459 158 1496 que
183 1447 260 1484 aliis
286 1447 429 1497 populis
452 1447 635 1497 plerisque
654 1460 738 1484 orco

85 1508 281 1552 cognatum
301 1505 414 1541 visum
439 1508 512 1551 est,
539 1508 575 1540 et
595 1510 740 1541 noctur-

85 1560 140 1596 nis
161 1564 303 1597 tantum
330 1561 466 1597 umbris
494 1561 668 1597 confisum
691 1561 737 1597 ab

86 1615 146 1653 illa
172 1617 324 1654 obscura
353 1618 526 1665 regione,
565 1617 648 1653 solis
680 1631 739 1654 ra-

87 1673 156 1709 diis
176 1673 373 1722 impervia,
392 1675 439 1710 ad
458 1678 621 1710 nostrum
636 1687 741 1710 mun-

87 1730 171 1766 dum
198 1742 411 1768 commeare.
450 1730 571 1780 Ipsum
594 1743 741 1779 quoque

88 1786 270 1823 Osiridem
299 1788 485 1837 assumpta
520 1786 593 1836 lupi
621 1788 741 1836 specie

87 1843 133 1878 ab
158 1843 282 1880 inferis
304 1844 456 1880 rediisse
479 1843 557 1880 Oro
585 1843 743 1893 opitula-

87 1902 164 1935 tum
183 1900 355 1936 adversus
374 1899 615 1949 Typhonem,
646 1900 742 1938 inter

86 1968 231 1992 caussas
279 1956 353 2006 lupi
392 1956 491 2006 apud
539 1955 742 2005 Aegyptios

87 2013 286 2049 consecrati
328 2017 452 2050 narrat
490 2012 674 2050 Diodorus
712 2013 740 2060 I,

87 2069 141 2108 88
179 2068 256 2106 coll.
302 2069 431 2117 Synes.
467 2069 514 2106 de
552 2070 692 2119 provid.
722 2070 738 2107 I

85 2138 123 2175 p.
148 2125 239 2166 115.
299 2125 396 2163 Hinc
417 2127 526 2163 etiam
550 2130 619 2173 est,
639 2127 740 2175 quod

86 2181 211 2231 lupum
232 2183 386 2219 Osiridis
415 2183 520 2219 inferi
538 2183 740 2230 symbolum

88 2242 126 2275 et
145 2241 339 2276 commercii
354 2240 448 2277 inter
462 2243 626 2289 utrosque
640 2252 740 2277 mun-

88 2294 170 2341 dos,
210 2308 368 2345 superum
396 2301 433 2334 et
461 2295 633 2346 inferum,
663 2301 740 2333 tum

86 2351 124 2387 in
144 2351 282 2390 duobus
296 2352 511 2403 anaglyphis
526 2353 742 2390 museiBor-

88 2408 187 2455 giani
200 2421 244 2446 ex
262 2408 454 2460 Aegyptiis
485 2410 619 2460 cryptis
639 2409 740 2447 abla-

88 2464 166 2510 tis,
210 2469 286 2502 tum
322 2466 359 2502 in
406 2466 554 2503 obelisci
592 2467 742 2516 cuspide

88 2518 352 2558 Wanstediana
399 2536 508 2573 super
552 2522 742 2560 simulacro

92 2576 277 2625 Osiridis,
324 2592 432 2628 quem
467 2580 740 2617 circumstantes

89 2632 246 2670 adorant
275 2638 313 2671 et
344 2636 450 2672 donis
476 2636 645 2685 placant,
678 2650 741 2673 eo-

90 2687 173 2725 dem
195 2701 267 2738 quo
289 2691 326 2727 in
352 2693 492 2729 mumiis
520 2692 646 2729 habitu
679 2706 741 2730 ex-

89 2756 253 2792 pressum
275 2749 593 2798 conspicimus.““
640 2749 746 2787 Haec

90 2799 218 2848 Zoega
244 2805 437 2842 verissime.
508 2804 590 2841 Nec
627 2805 745 2843 minus

89 2860 188 2893 recte
225 2857 283 2895 alii
320 2860 386 2896 viri
426 2861 526 2898 docti
563 2861 668 2910 lupos
706 2863 745 2900 in

89 2912 230 2950 mumiis
262 2917 465 2963 geminatos
511 2929 579 2967 pro
609 2918 744 2955 infero-

806 554 884 578 rum
905 540 1003 589 (sive
1024 540 1232 590 Amenthis)
1252 541 1463 579 custodibus

807 598 998 648 accipiunt.
1030 598 1133 645 (vid.
1154 598 1307 635 Becker.
1327 598 1364 634 in
1395 598 1464 634 Au-

808 659 905 703 gust.
929 654 998 691 vol.
1023 655 1038 691 Ι
1066 655 1113 690 ad
1133 655 1207 691 tab.
1222 655 1248 690 I.
1279 655 1462 702 Bottiger.

808 712 845 748 in
866 710 1032 748 Archiiol.
1050 711 1084 747 d.
1113 710 1267 748 Malerei
1293 711 1308 747 I
1339 725 1376 761 p.
1396 712 1461 752 55.

810 769 874 808 63.
897 768 983 815 65.)
1031 767 1164 816 Neque
1187 781 1273 805 vero
1293 768 1464 804 omitten-

809 825 896 861 dum
919 824 1071 861 alterum
1088 824 1198 869 illud,
1223 828 1300 860 tam
1324 837 1463 862 sacrum

808 881 922 918 fuisse
948 880 1070 929 lupum
1098 881 1313 929 quibusdam
1340 880 1464 931 Aegy-

808 938 893 988 ptiis
907 966 917 984 ,
951 942 992 973 ut
1013 937 1161 974 herbam
1183 950 1332 986 quoque
1348 938 1380 974 ei
1401 940 1463 976 be-

810 995 902 1031 stiae
938 993 1116 1031 letiferam
1152 994 1188 1030 in
1226 998 1341 1031 terras
1379 1008 1463 1032 suas

808 1050 997 1100 importari
1026 1050 1273 1100 prohiberent.
1333 1051 1462 1098 (Conf.

807 1107 948 1144 Aelian.
974 1107 1008 1143 h.
1036 1119 1068 1143 a.
1098 1106 1172 1154 IX,
1206 1108 1290 1155 18.)
1348 1108 1464 1156 Igitur

807 1168 913 1201 erant
928 1164 964 1199 in
984 1162 1174 1214 Aegypto,
1204 1165 1265 1212 qui
1287 1165 1464 1214 parcitum

807 1220 940 1257 vellent
967 1219 1080 1270 lup0‚
1117 1224 1246 1270 utpote
1285 1221 1464 1259 bonorum

808 1277 917 1314 etiam
958 1277 1109 1313 deorum
1152 1289 1274 1313 sacrae
1310 1277 1463 1316 bestiae.

810 1333 908 1376 Quid
939 1331 1111 1381 quaeris?
1151 1334 1333 1383 Superum
1372 1335 1464 1372 inse-

807 1403 960 1438 rumque
981 1394 1263 1427 commeatorem
1282 1390 1406 1441 lupum
1428 1396 1465 1429 et

807 1446 983 1496 Aegyptii
1006 1450 1259 1495 agnoverunt,
1288 1451 1325 1484 et
1347 1448 1465 1485 Grae-

809 1516 932 1540 corum
957 1503 1003 1549 ii,
1037 1504 1098 1552 qui
1120 1503 1278 1554 Apollini
1304 1504 1465 1541 Dianae-

808 1572 880 1608 que
928 1560 1140 1596 dicaverunt
1186 1560 1273 1596 illud
1319 1561 1463 1598 animal.

806 1616 987 1653 Nimirum
1018 1616 1103 1653 lucis
1134 1629 1318 1653 accessum
1344 1622 1380 1655 et
1407 1632 1466 1655 re-

807 1685 970 1721 gressum
999 1687 1078 1710 cum
1104 1673 1349 1723 quotidianum
1389 1679 1465 1712 tum

809 1742 961 1766 (mmmm
980 1728 1048 1767 hoe
1060 1730 1227 1779 symbolo
1240 1730 1465 1768 declaratum

808 1785 1002 1823 voluerunt
1051 1791 1190 1824 veteres
1247 1788 1463 1824 sacerdotes.

812 1842 990 1885 Quocirca
1013 1844 1122 1880 etiam
1142 1844 1191 1880 ad
1217 1845 1311 1880 vitae
1328 1847 1466 1881 mortis-

812 1911 876 1948 que
911 1902 1029 1949 superi
1058 1900 1234 1950 inferique
1264 1901 1387 1937 mundi
1410 1901 1465 1938 al-

811 1959 925 1992 ternas
944 1958 1036 1993 vices
1059 1958 1226 1994 traducta
1245 1956 1333 1994 haec
1351 1962 1466 1995 tesse-

810 2025 851 2049 ra
874 2016 938 2050 est.
997 2013 1122 2064 quue
1138 2015 1217 2063 ipsa
1243 2014 1309 2050 illa
1330 2013 1467 2063 fabula

809 2069 1055 2120 Rhampsiniti
1088 2074 1233 2120 spectat.
1300 2070 1466 2109 Descen-

809 2127 915 2162 derat
942 2140 1003 2164 rex
1036 2127 1084 2163 ad
1110 2129 1270 2175 inferos,
1307 2127 1468 2177 indeque

809 2183 969 2220 redierat
988 2185 1023 2220 in
1051 2184 1143 2221 hanc
1166 2184 1295 2222 lucem.
1356 2185 1467 2222 Unde

809 2240 990 2277 ducuntur
1009 2241 1208 2291 primordia
1220 2243 1395 2279 festorum
1417 2242 1468 2278 ri-

808 2300 922 2333 tuum.
982 2298 1163 2335 Sacerdos
1190 2298 1359 2347 obligatis
1383 2312 1468 2335 ocu-

809 2353 852 2390 lis
871 2354 1026 2391 mittitur
1048 2356 1095 2391 ad
1117 2356 1242 2391 sanum
1262 2356 1367 2392 Isidis
1391 2356 1468 2394 sive

810 2410 968 2448 Cereris.
1041 2411 1191 2448 Ducunt
1226 2415 1261 2448 et
1288 2412 1467 2449 reducunt

811 2467 887 2503 bini
920 2467 1008 2518 lupi.
1084 2468 1189 2506 Haec
1224 2469 1344 2505 omnia
1380 2468 1468 2504 nihil

811 2523 909 2560 aliud
928 2524 1124 2573 loquuntur
1145 2537 1253 2574 quam
1267 2525 1467 2562 doctrinam

809 2579 906 2617 illam
927 2581 1178 2627 sacerdotum,
1210 2582 1255 2618 ab
1273 2581 1467 2618 Herodoto

810 2636 1025 2686 explicatam
1047 2638 1215 2686 sequenti
1244 2638 1363 2687 capite
1393 2638 1468 2685 (H,

813 2695 929 2741 123):
949 2694 1114 2730 nimirum
1137 2707 1207 2731 esse
1227 2693 1374 2731 hominis
1386 2697 1467 2731 ani-

813 2761 906 2786 mam
932 2750 1160 2788 immortalem
1178 2780 1188 2798 ,
1233 2750 1292 2787 sed
1322 2751 1469 2788 alternis

812 2806 948 2843 vicibus
979 2807 1067 2844 illuc
1101 2807 1299 2844 descendere
1337 2810 1375 2845 in
1409 2808 1468 2844 ob-

812 2875 918 2900 scura
946 2876 1057 2911 regna
1082 2864 1238 2901 Cereris-
1252 2862 1383 2912 Isidis,
1411 2865 1468 2901 in-

813 2918 921 2970 deque
942 2922 1072 2958 reverti·
1093 2922 1132 2958 in
1163 2921 1253 2958 hanc
1283 2922 1380 2958 vitae
1408 2920 1467 2957 lu-
