1759 3324
339 276 425 317 828

757 274 1231 313 HERODOTI

340 388 501 440 θῶυμα
539 384 700 439 μυρίον
736 384 975 439 παρέχοντο
1014 383 1056 436 ἐξ
1092 381 1228 440 αὐλῆς
1257 400 1300 426 τε
1328 382 1371 434 ἐς
1400 382 1452 425 τὰ
1482 381 1600 438 οἰκή-

341 481 456 520 ματα
486 464 716 515 διεξιοῦσι,
766 464 838 506 καὶ
870 464 915 506 ἐκ
944 466 1033 506 τῶν
1071 463 1316 518 οἰκημάτων
1357 462 1398 513 ἐς
1437 460 1603 505 παστά-
1631 467 1637 473 “

341 545 445 594 δας,
484 542 525 592 ἐς
556 541 705 597 στέγας
733 558 777 584 τε
808 541 939 593 ἄλλας
969 542 1015 585 ἐκ
1046 546 1134 585 τῶν
1164 541 1419 593 παστάδων,
1458 541 1532 584 καὶ
1561 539 1603 590 ἐς

313 621 481 672 8αὐλὰς
507 621 638 671 ἄλλας
667 620 713 663 ἐκ
742 625 830 663 τῶν
861 620 1120 676 οἰκημάτων.
1172 619 1317 676 ὀροφή
1354 621 1398 664 δὲ
1428 618 1661 663 πάντων40

341 699 532 752 τούτων,
571 701 744 755 λιθίνη,
783 699 973 753 κατάπερ
1006 702 1048 742 οἱ
1077 704 1234 754 τοῖχοι·

343 860 543 912 ρίστυλος
555 889 567 906 ,

313 942 420 992 9τῆς
451 936 495 978 δὲ
523 936 681 990 γωνίης
719 937 1001 985 τελευτῶντος
1038 938 1120 977 τοῦ
1156 936 1433 989 λαβυρίνθου
1470 934 1603 989 ἔχεται
1649 938 1727 976 177

1295 701 1341 742 οῖ
1377 700 1422 742 δὲ
1449 703 1602 753 τοῖχοι,

1145 776 1387 791 ’’’’

620 858 751 898 λίθου
792 860 951 899 λευκου
1000 854 1278 911 ἁρμοσμένου
1314 856 1366 898 τὰ
1404 855 1600 910 μάλιστα.

341 1015 530 1071 πυραμὶς
558 1015 1044 1069 τεσσερακοντόργυιος,
1076 1013 1123 1056 ἐν
1152 1018 1204 1070 τῇ
1236 1017 1322 1066 ζῶα
1351 1012 1514 1069 μεγάλα
1536 1011 1604 1067 ἐγ-
1616 1015 1660 1051 45

341 1095 597 1152 γέγλυπται·
629 1093 732 1146 ὁδὸς
761 1092 801 1138 δ’
833 1093 876 1145 ἐς
906 1092 1044 1150 αὐτὴν
1072 1091 1158 1137 ὑπὸ
1187 1096 1270 1149 γῆν
1299 1094 1540 1149 πεποίηται.

286 1292 486 1344 praepositi
490 1305 596 1329 onem
633 1288 700 1331 δια
739 1292 777 1328 in
804 1290 940 1329 verbis.

288 1347 354 1389 διά
376 1351 454 1388 τῶν
476 1343 628 1388 αὐλέων
656 1350 753 1386 idem
775 1349 941 1398 exponit:

282 1410 446 1457 propter,
480 1410 629 1455 praeter.
697 1406 739 1442 In
773 1418 846 1454 quo
884 1417 943 1442 me

288 1464 436 1512 quidem
458 1462 557 1498 haud
587 1463 849 1499 assentientem
877 1461 943 1498 ha-

287 1520 351 1557 bet
375 1521 428 1556 vir
449 1519 694 1556 doctissimus.

345 1627 476 1683 ὄροφη
498 1653 552 1659 ——
569 1629 732 1681 λιθίνη]
773 1629 946 1678 wytten-

290 1689 391 1727 bach.
421 1689 444 1725 l.
472 1688 516 1725 l.:
568 1688 686 1736 „Hoc
715 1687 945 1724 referendum

288 1747 336 1783 ad
363 1745 566 1795 proximum
603 1739 831 1794 οἰκημάτων
863 1755 946 1779 con-

289 1802 464 1844 τίαυίαηις
501 1802 590 1839 haec
619 1802 737 1847 enim,
768 1806 808 1836 ut
829 1799 944 1836 latera

290 1860 407 1896 cincta
436 1858 574 1895 habent
603 1857 825 1907 parietibus,
863 1856 942 1894 τοί-

289 1930 388 1966 χοις,
408 1915 460 1951 ita
480 1927 636 1964 superne
656 1918 756 1951 tecta
779 1917 816 1950 et
835 1925 944 1962 oper-

290 1977 329 2009 ta
356 1976 440 2008 sunt
470 1966 626 2035 ὀροφῇ,
657 1970 858 2006 ίαεαηανί.ιζ
887 1989 943 1995 -

290 2027 349 2065 Ad
373 2028 504 2065 v:erba
535 2023 671 2065 τύπων
692 2025 791 2077 e'yl'ye
792 2023 944 2076 λυμμέ-

291 2099 373 2123 νων
393 2082 504 2122 πλέοι
523 2084 617 2121 conf.
639 2083 689 2129 ΙΙ,
713 2084 804 2123 136.

349 2190 452 2246 αὐλή
466 2192 506 2233 δὲ
525 2189 669 2245 ἑκάστη
695 2192 942 2244 περίστυλος]

292 2252 375 2288 Xid.
407 2264 517 2300 supra
545 2256 633 2287 nott.
668 2252 715 2288 ad
739 2264 848 2287 voces
877 2245 946 2288 αὕ-

292 2306 358 2346 λαὶ
379 2302 618 2358 κατάστεγοι.
677 2307 728 2343 Et
753 2311 878 2343 monet
898 2307 945 2342 de

292 2377 381 2401 voce
401 2363 634 2413 περίστυλος
655 2362 749 2399 Gail.
781 2364 817 2398 in
837 2363 944 2398 mem.

294 2421 341 2457 de
361 2420 498 2456 l'instit.
529 2419 613 2454 VIII
638 2431 723 2468 pag.
747 2421 825 2458 162
855 2430 945 2465 seq.‚

294 2489 421 2525 quam,
440 2476 499 2512 ubi
521 2471 621 2525 αὐλή
643 2474 697 2510 vel
715 2475 856 2510 adiecta
876 2478 944 2519 est,

294 2532 352 2570 vel
381 2532 594 2580 intelligitur
613 2560 626 2576 ‚
668 2531 944 2579 interpretatur:

295 2601 438 2637 ‚‚cour‚
477 2588 567 2624 dans
597 2587 776 2623 l'e'tendue
807 2586 854 2621 de
894 2585 945 2620 la-

296 2644 414 2694 quelle
433 2644 456 2680 il
479 2658 501 2692 y
522 2656 544 2680 a
564 2644 629 2680 des
647 2643 854 2678 colonuesf‘
884 2641 945 2676 In-

295 2701 491 2749 telligenda
516 2700 628 2748 igitur
661 2699 730 2736 erit
749 2698 850 2742 aula,
880 2710 945 2746 pe-

295 2757 432 2806 ristylio
453 2756 673 2793 circumdata
699 2754 773 2791 sive
796 2754 945 2804 porticu.

353 2884 424 2919 της
447 2865 489 2907 δὲ
515 2866 661 2930 γωνίης
690 2887 744 2892 ——
774 2879 948 2915 πυραμις

298 2918 731 2978 τεσσερακοντόργυιος]
762 2921 874 2958 Haud
902 2921 950 2957 si-

1009 1303 1057 1328 ne
1095 1303 1204 1328 causa
1247 1292 1358 1329 verba
1408 1292 1479 1341 τῆς
1516 1287 1664 1341 γωνίης

1010 1347 1345 1397 Schweighaeuseri
1421 1347 1664 1397 suspicionem

1010 1417 1158 1442 movere
1189 1404 1368 1441 videntur.
1426 1404 1486 1441 Tu
1513 1403 1606 1440 conf.
1634 1402 1663 1449 I,

1011 1460 1077 1501 51.
1139 1460 1258 1509 Atque
1286 1464 1409 1497 auctor
1435 1464 1491 1498 est
1529 1459 1663 1495 Strabo

1012 1517 1142 1564 (XVII
1163 1530 1199 1566 p.
1220 1519 1323 1564 811,
1344 1517 1374 1554 C
1405 1530 1432 1554 s.
1454 1516 1582 1562 1165,
1603 1515 1664 1562 C)

1012 1573 1050 1610 in
1081 1574 1305 1611 extremitate
1346 1572 1537 1623 labyrinthi
1571 1568 1665 1618 (ἐπὶ

1012 1628 1111 1668 τέλει
1141 1631 1212 1678 τῆς
1240 1629 1471 1680 οἰκοδομίας
1492 1623 1664 1677 ταύτης)

1012 1687 1240 1737 pyramidem
1273 1699 1353 1723 esse
1383 1686 1541 1736 positam
1577 1696 1667 1733 qua-

1013 1742 1242 1791 drangulam,
1266 1743 1364 1779 cuius
1380 1743 1472 1779 latus
1493 1741 1667 1790 quodque

1014 1799 1370 1848 quadringentorum
1392 1800 1506 1836 ferme
1529 1798 1574 1834 sit
1601 1809 1667 1846 pe-

1012 1857 1099 1892 dum
1120 1856 1294 1904 cuiusque
1314 1869 1380 1905 par
1401 1855 1565 1892 altitudo.
1591 1852 1667 1889 Ubi

1012 1912 1058 1949 ab
1078 1912 1272 1948 Herodoto
1290 1912 1477 1956 dissentit,
1506 1910 1567 1959 qui
1597 1910 1665 1946 du-

1011 1973 1138 2006 centos
1172 1969 1417 2017 quadraginta
1458 1968 1572 2017 pedes
1615 1965 1665 2001 illi

1011 2025 1137 2062 tribuit
1153 2025 1352 2075 pyramidi,
1382 2037 1491 2073 quam
1510 2023 1666 2061 eundem

1010 2081 1125 2118 videri
1144 2082 1266 2117 scribit
1285 2081 1413 2129 Zoega
1434 2081 1480 2117 de
1500 2079 1666 2116 obeliscc.

1010 2151 1047 2188 p.
1067 2138 1148 2178 390
1176 2142 1252 2173 not.
1273 2137 1349 2183 24,
1379 2150 1473 2186 quae
1502 2149 1524 2172 a
1548 2134 1666 2172 Plinio

1011 2194 1046 2230 h.
1067 2206 1101 2229 n.
1123 2192 1281 2229 XXXVI
1295 2223 1305 2239 ,
1336 2196 1386 2232 12
1409 2203 1667 2229 commemore-

1012 2254 1070 2285 tur
1101 2250 1138 2285 in
1159 2262 1268 2285 nomo
1287 2248 1485 2285 Arsinoite.
1527 2248 1667 2283 Etiam-

1012 2318 1099 2341 num
1140 2310 1280 2341 servata
1319 2305 1379 2341 illo
1417 2304 1496 2340 loco
1539 2303 1667 2340 dicitur

1012 2361 1103 2397 haec
1142 2360 1318 2409 pyramis,
1370 2360 1543 2397 lateribus
1580 2371 1668 2396 con-

1015 2420 1151 2452 structa
1175 2415 1250 2452 sole
1271 2417 1381 2452 coctis
1399 2418 1462 2462 (cf.
1479 2416 1534 2463 II,
1554 2416 1667 2462 136),

1015 2472 1258 2521 superioribus
1284 2473 1445 2521 partibus
1473 2485 1568 2508 nunc
1591 2471 1668 2507 val-

1015 2529 1061 2564 de
1090 2527 1208 2573 laesa,
1240 2532 1279 2563 ut
1302 2534 1447 2565 centum
1467 2527 1667 2576 nonaginta

1013 2584 1127 2633 pedes
1172 2585 1424 2620 tantummodo
1473 2585 1666 2621 contineat.

1013 2639 1095 2675 vid.
1122 2640 1290 2689 descript.
1313 2642 1359 2677 de
1379 2641 1473 2689 I'Eg.
1493 2653 1579 2690 pag.
1601 2640 1666 2680 25.

1013 2695 1142 2732 Ritter.
1162 2696 1352 2733 Erdkund.
1383 2697 1398 2733 Ι
1428 2711 1465 2747 p.
1487 2698 1568 2737 797
1590 2709 1665 2744 seq.

1074 2808 1153 2853 ζῶα
1177 2804 1338 2858 μεγάλα]
1371 2809 1470 2855 ζῶα
1497 2820 1592 2856 quae
1613 2807 1667 2843 di-

1016 2869 1164 2911 cuntur,
1201 2865 1272 2901 vid.
1290 2870 1365 2902 not.
1385 2865 1433 2902 ad
1450 2864 1506 2911 ll,
1527 2864 1563 2904 4.
