1759 3324
25 779 123 826 178

115 855 404 910 Ξέποιήσατο,
424 852 690 909 Ἀσσυρίοισι
718 854 951 898 ἐπετίθετο.
995 859 1080 910 Τῆς
1108 854 1153 898 δὲ
1179 852 1408 911 Ἀσσυρίης

632 267 937 308 cL10.1.

1331 270 1418 311 387

150 382 315 428 ἐποίεε·
348 379 401 423 τὰ
431 377 477 423 δὲ
507 377 598 421 ἅνω
630 376 764 434 αὐτῆς
794 375 927 428 αὐτὸς
961 379 1134 430 Κῦρος,
1166 381 1256 421 πᾶν
1286 377 1418 431 ἔθνος

120 457 577 514 Ξκαταστρεφόμενος,
622 457 696 500 καὶ
737 455 871 501 οὐδὲν
907 458 1085 512 παριείς.
1143 456 1197 500 τοὶ
1224 455 1304 512 μέν
1332 474 1418 501 νυν

151 538 298 583 αὐτῶν
332 535 447 580 πλέω
487 534 745 592 παρήσομεν
757 552 767 561 ·

826 535 880 579 τοὶ
911 535 959 579 δέ
989 538 1033 580 οἱ
1060 535 1245 592 παρέσχε
1272 536 1472 580 πόνονΞο

147 634 191 662 τε
220 620 446 668 πλεῖστον,
477 616 550 659 καὶ
581 613 956 673 ἀξιαπηγητότατα
983 615 1094 669 ἐστι,
1124 613 1294 660 τούτων
1321 615 1408 661 ἐπι-

146 694 376 753 μνήσομαι.

257 778 406 829 Κῦρος
424 774 515 818 ἐπεί
547 790 592 818 τε
618 773 671 818 τοὶ
696 772 839 818 πάντα
866 777 943 830 τῆς
971 773 1156 831 ἠπείρου
1184 772 1412 831 ὑποχείρια

144 934 233 978 ἐστὶ
250 933 302 977 τοὶ
321 933 402 990 μέν
423 950 508 978 κου
525 934 596 977 καὶ
620 931 729 977 ἄλλα
750 935 994 990 πολίσματα
1009 934 1171 990 μεγάλα
1187 933 1343 978 πολλά·
1363 932 1411 979 τό

144 1013 189 1058 δὲ
213 1012 570 1070 ὀνομαστότατον
589 1013 662 1057 καὶ
677 1013 976 1070 ἰσχυρότατον,
994 1014 1066 1057 καὶ
1086 1013 1196 1057 ἔνθα
1219 1024 1312 1070 σφι,
1337 1015 1413 1057 N'-

145 1110 230 1138 νου
249 1091 498 1138 ἀναστάτου
514 1093 763 1151 γενομένης,
785 1092 838 1137 τοὶ
857 1091 1063 1150 βασιλήϊα
1079 1093 1344 1151 κατεστήκεε,
1359 1089 1469 1152 ἦν25

87 1293 201 1329 minor
221 1291 425 1343 appellatur
444 1293 480 1328 et
488 1289 608 1339 Halye
623 1291 743 1328 flumi-

88 1361 135 1386 ne
156 1361 178 1385 a
196 1348 335 1398 reliqua
358 1347 445 1384 Asia
464 1347 640 1384 orientem
659 1361 740 1385 ver—

88 1418 147 1442 sus
170 1404 398 1453 disiungitur.
427 1404 504 1440 Iam
527 1416 621 1453 quae
642 1407 742 1440 trans

86 1460 209 1510 Halyn
232 1461 301 1498 sita
333 1466 390 1498 est
414 1458 522 1507 Asia,
553 1473 633 1498 earn
657 1461 743 1498 dicit

85 1514 133 1556 ‘ta'
164 1513 273 1565 ἅνω,
321 1517 516 1568 superioris
545 1515 657 1554 Asiae
684 1530 743 1555 re-

86 1574 228 1623 giones.
285 1573 370 1611 Vid.
395 1574 443 1610 ad
462 1573 500 1620 Ι,
518 1576 574 1614 72
594 1574 744 1611 monita.

86 1629 209 1680 Atque
235 1629 304 1667 hac
340 1631 377 1667 in
407 1630 641 1680 expeditione
670 1630 747 1679 Cy-

88 1699 167 1724 rum
203 1689 241 1724 et
276 1686 389 1724 Sacas
418 1689 456 1724 et
482 1685 645 1723 Bactrios
678 1687 747 1723 sibi

90 1742 279 1792 subegisse
309 1755 378 1780 nec
419 1755 555 1791 magno
582 1742 746 1791 negotio,

89 1800 294 1850 suspicatur
308 1799 462 1838 Rennel.
483 1799 520 1835 in
533 1799 745 1849 Geograph.

86 1855 268 1893 Herodot.
303 1868 390 1906 pag.
422 1855 505 1896 515
534 1855 591 1893 ed.
614 1868 746 1893 verua-

87 1911 154 1950 cul.
197 1912 306 1949 Conf.
325 1912 505 1950 Herodot.
529 1911 568 1960 I,
603 1912 683 1953 153
709 1916 746 1950 et

86 1980 182 2018 quae
202 1968 252 2005 ibi
277 1968 547 2018 adscripsimus.
573 1989 631 1995 —
654 1967 745 2005 Mox

87 2037 170 2062 cum
195 2024 312 2062 Gaisf.
335 2020 454 2063 αὐτῶ
465 2039 488 2063 ν
513 2037 583 2074 pro
615 2020 744 2063 αὖτέ-

88 2095 156 2120 ων.
182 2102 230 2108 -
245 2082 431 2132 Assyriam
450 2081 487 2118 in
510 2094 613 2131 seqq.
635 2094 745 2119 sensu

87 2137 207 2175 latiori
227 2138 310 2186 dici,
329 2138 402 2175 iam
422 2150 532 2190 supra
552 2138 603 2176 ad
618 2138 648 2186 Ι,
663 2140 745 2180 102

87 2193 284 2244 attigimus.

227 2279 260 2317 C
272 2291 294 2316 a
303 2292 341 2330 p.
372 2277 612 2318 CLXXVIII.

146 2363 278 2403 Νίνου
319 2358 543 2403 ἀναστάτου
585 2360 744 2415 γενομέ-

91 2418 398 2470 νης]Αι-ῒί(;υ1ιιηι
421 2421 493 2471 τῆς
512 2423 597 2457 ante
610 2420 743 2459 Νίνου

89 2487 134 2512 ex
151 2488 223 2513 uno
242 2476 333 2513 libro
351 2476 436 2513 olim
456 2477 634 2524 additum,
664 2489 744 2514 cum

89 2530 257 2580 ignorent
284 2533 412 2583 reliqui
436 2533 539 2580 libri,
575 2546 657 2570 cum
684 2546 744 2571 re-

91 2590 199 2625 centt.
226 2589 404 2627 eiecimus.
460 2588 521 2626 Ad
548 2602 745 2638 argumen-

91 2646 166 2680 tum
182 2647 221 2680 tu
239 2647 332 2683 conf.
359 2659 467 2697 supra
488 2646 526 2694 I,
549 2648 652 2691 106,
681 2646 742 2683 ubi

93 2698 141 2736 de
160 2698 258 2737 Nino
282 2713 305 2737 a
321 2701 442 2740 Medis
463 2703 554 2740 duce
576 2702 743 2752 Cyaxare

93 2754 243 2793 obsessa
282 2760 320 2794 et
356 2762 575 2809 expugnata.
642 2756 740 2796 Add.

92 2808 245 2848 Diodor.
266 2812 374 2852 Sicul.
404 2815 463 2863 Π,
486 2818 536 2863 7,
566 2815 628 2864 qui
644 2814 741 2852 idem

94 2877 176 2915 cap.
206 2868 233 2907 3
273 2869 320 2908 de
348 2870 439 2910 urbe
475 2871 544 2910 hac
575 2870 740 2923 pluribus

95 2920 266 2972 disputat.

867 1284 922 1341 ἦν
942 1286 1162 1341 Βαβυλών]
1201 1290 1376 1340 Sequitur
1395 1292 1468 1330 iam

810 1347 931 1386 multis
971 1347 1152 1384 celebrata
1179 1347 1241 1384 illa
1267 1348 1469 1397 Babylonis

812 1408 849 1441 et
878 1403 975 1440 urbis
1004 1408 1040 1440 et
1068 1404 1229 1452 regionis
1257 1405 1468 1455 descriptio,

810 1461 849 1497 in
877 1473 951 1509 qua
974 1459 1064 1496 illud
1100 1460 1278 1510 principio
1312 1460 1467 1499 lectores

812 1520 939 1554 tenere
996 1516 1167 1564 velimus,
1235 1517 1469 1555 Herodotum

813 1573 933 1624 ipsum
955 1572 1054 1610 illam
1080 1575 1206 1611 urbem
1233 1574 1367 1612 adiisse
1394 1575 1470 1612 sin-

814 1629 975 1679 gulaque
996 1629 1259 1680 perlustrasse,
1289 1643 1384 1680 quae
1410 1632 1469 1669 hic

813 1686 919 1723 nobis
942 1686 1124 1724 describit.
1171 1687 1269 1724 Hinc
1288 1687 1338 1724 illi
1362 1687 1470 1725 mini-

813 1755 873 1779 me
890 1743 1064 1780 audiendi
1085 1746 1188 1790 sunt,
1205 1744 1267 1793 qui
1281 1742 1470 1793 Assyriam

815 1799 891 1836 sive
916 1798 1156 1847 Babyloniam
1188 1803 1352 1837 nostrum
1381 1802 1470 1838 scri-

816 1859 961 1906 ptorem
987 1856 1152 1894 invisisse
1191 1860 1254 1893 aut
1288 1861 1471 1906 negarunt

813 1915 876 1949 aut
903 1914 1001 1949 certe
1036 1912 1074 1948 in
1103 1912 1251 1950 dubium
1280 1917 1468 1961 vocarunt,

814 1981 894 2006 cum
916 1980 972 2015 ea,
993 1981 1089 2018 quae
1109 1982 1188 2019 cap.
1214 1972 1362 2011 181-
1376 1972 1469 2012 183.

815 2026 896 2065 193
918 2045 966 2052 ·-
993 2027 1076 2066 200
1113 2026 1160 2063 de
1192 2025 1248 2062 his
1284 2031 1470 2075 enarrant,

813 2081 900 2118 satis
932 2081 1095 2119 indicent
1134 2082 1268 2130 virum,
1313 2084 1375 2132 qui
1404 2096 1467 2121 eas

811 2140 928 2175 terras
943 2137 1023 2188 ipse
1043 2139 1471 2189 peragraveritintentis-

812 2207 885 2244 que
916 2193 1026 2231 oculis
1060 2199 1098 2232 et
1123 2195 1268 2233 auribus
1301 2200 1469 2235 accurate

813 2250 936 2288 omnia
962 2251 1174 2289 observarit.
1231 2252 1293 2288 Sic
1322 2252 1360 2300 I,
1387 2255 1467 2294 183

813 2306 862 2345 de
882 2311 1001 2345 statua
1017 2307 1114 2345 Iovis
1142 2308 1323 2347 disserens
1343 2310 1468 2347 addit:

812 2360 887 2416 ἐγὼ
911 2363 984 2415 μέν
1007 2379 1075 2415 μιν
1100 2358 1175 2404 ov'n
1203 2360 1323 2405 εἶδον.
1382 2366 1467 2404 Vid.

811 2419 938 2469 Heyse
960 2421 1126 2465 Quaestt.
1139 2420 1335 2459 Herodott.
1352 2425 1469 2472 p.99.

811 2475 974 2515 Heeren.
1002 2477 1117 2515 Ideen
1148 2477 1188 2525 I,
1209 2481 1237 2519 2
1275 2491 1362 2529 pag.
1386 2478 1468 2520 159

812 2545 904 2582 seq.,
934 2534 996 2583 qui
1015 2534 1109 2572 bene
1126 2534 1280 2571 adnotat
1294 2534 1469 2572 Herodo-

810 2592 886 2626 tum
908 2603 983 2627 non
1009 2603 1052 2627 ea
1079 2594 1243 2637 tantum,
1274 2603 1369 2640 quae
1388 2592 1468 2641 ipse

810 2645 964 2694 viderit,
1004 2648 1164 2694 referre,
1204 2660 1329 2684 verum
1356 2648 1467 2685 etiam

811 2701 882 2739 alia
906 2703 1110 2753 quaedam,
1140 2715 1235 2752 quae
1253 2716 1333 2752 cum
1353 2704 1465 2755 ipsius

810 2761 932 2797 aetate
949 2771 1039 2806 ‘non
1078 2758 1232 2809 amplius
1266 2760 1466 2798 existerent

810 2813 870 2862 (ut
899 2828 932 2852 v.
958 2828 987 2853 c.
1023 2816 1169 2853 moenia
1195 2827 1217 2853 a
1246 2815 1362 2853 Dario
1392 2815 1465 2853 iam

810 2871 980 2919 eversa),
1018 2872 1064 2909 ab
1094 2871 1174 2909 aliis
1204 2875 1355 2921 accepta
1382 2884 1465 2909 eum

807 2926 974 2967 retulisse
995 2927 1323 3022 probabi3e5fuerit.
1352 2926 1385 2964 E
1398 2939 1462 2964 ve-

1469 771 1632 809 Babylonis
1682 781 1745 803 ma-

1467 808 1612 843 gnitudo,
1635 809 1746 843 pulcri-

1463 841 1560 905 Υιιιίἑίξ),
1577 841 1670 879 fossa,
1680 850 1743 871 mu-
