1759 3324
322 274 405 313 710

737 262 1209 305 HERODOTI

325 379 502 435 ὀρύξαι,
530 382 606 434 τῆς
630 376 657 433 ἡ
683 377 885 430 περίοδος
915 373 1032 419 ὅσων
1063 372 1150 417 ἐστὶ
1181 372 1367 414 σταδίων
1397 368 1585 423 ὕστερον

326 457 524 515 δηλώσω·
573 457 820 512 πυραμίδας
851 471 894 498 τε
922 454 969 497 ἐν
1000 451 1109 509 αὐτῇ
1141 453 1449 506 οἰκοδομῆσαι,
1498 452 1586 491 τῶν

327 541 408 581 τοῦ
437 534 649 592 μεγάθεος
678 534 777 590 πέρι
816 533 928 589 ὁμοῦ
967 532 1076 590 αὐτῇ
1113 534 1166 588 τῇ
1194 532 1322 586 λίμνῃ
1355 526 1586 585 ἐπιμνήσο-

274 777 358 814 dem
387 775 432 811 ab
463 775 544 824 ipsa
582 773 675 810 aede
698 801 709 819 ‚
747 772 785 808 in
816 783 926 819 quam

273 831 462 868 introituro
482 830 606 877 utique
624 829 712 865 haee
727 826 927 877 propylaea

274 891 377 925 erant
400 885 634 936 permeanda.
692 883 929 920 Inveniuntur

275 943 478 980 istiusmodi
496 941 610 978 moles
632 940 788 976 erebrius
806 939 843 975 in
855 937 928 975 Ae-

276 1003 423 1049 gypto,
475 1000 593 1047 ipsam
625 997 753 1033 aedem
793 1009 820 1032 s.
857 991 927 1033 τὸν

276 1052 372 1104 νηὸν
394 1055 499 1103 quasi
517 1055 725 1102 cingentes;
754 1064 867 1100 quare
891 1054 928 1088 et

276 1112 334 1148 hic
367 1115 403 1147 et
424 1123 527 1159 seqq.
548 1123 678 1159 capp,
719 1108 803 1155 ubi,
834 1119 929 1156 quae

277 1168 322 1205 ab
348 1167 424 1204 aliis
455 1166 606 1204 Vulcani
640 1164 776 1215 templo
804 1164 931 1200 addita

278 1224 413 1261 suerint
446 1222 646 1273 prop)laea
664 1251 674 1269 ‚
720 1224 932 1258 enarrantur

279 1281 343 1328 (cf.
376 1280 430 1327 H,
461 1282 514 1320 99
544 1279 647 1327 fin),
685 1277 933 1325 intelliguntur

279 1366 304 1385 ‚‚
325 1337 391 1373 des
439 1338 701 1372 constructions
754 1334 932 1383 indepen-

280 1394 410 1429 dantes
439 1392 488 1428 du
521 1391 656 1441 temple
691 1391 829 1437 meme,
860 1389 933 1426 ele-

280 1449 365 1486 vees
399 1449 490 1485 dans
527 1449 590 1485 des
631 1447 812 1497 positions
848 1449 931 1482 tous

281 1505 491 1542 differentes
519 1517 586 1554 par
624 1506 778 1553 rapport
813 1502 835 1538 a
875 1505 932 1539 cet

281 1562 409 1598 editice
432 1590 442 1608 ,
481 1559 624 1610 place'es
657 1573 703 1597 au
733 1559 826 1595 nord
853 1587 864 1605 ‚
911 1558 934 1594 a

281 1618 363 1655 l'est
385 1646 396 1663 ‚
433 1630 478 1653 au
511 1617 605 1663 sud,
644 1617 666 1652 a
696 1615 828 1652 l’ouest
848 1643 858 1661 ‚
895 1617 934 1650 et

282 1674 421 1723 e'1·igees
441 1674 463 1710 Ξι
476 1673 540 1710 des
563 1673 725 1722 ‹Spoques
751 1672 825 1708 tres
847 1670 935 1707 eloi-

283 1731 396 1779 gnees
423 1730 475 1766 les
498 1742 587 1766 unes
611 1729 676 1765 des
704 1732 845 1771 autres;
889 1738 936 1763 en

285 1791 381 1824 sorte
398 1799 469 1835 que
484 1790 565 1822 tous
584 1785 636 1822 les
656 1785 823 1830 edifices,
846 1784 937 1819 dont

286 1857 326 1880 se
343 1842 546 1892 composait
565 1841 598 1879 le
625 1840 762 1890 temple
783 1841 830 1877 de
848 1839 938 1875 Vul-

286 1900 365 1937 cain
383 1928 394 1946 ,
435 1898 574 1935 elevees
624 1897 938 1941 successivement,

286 1956 430 1993 avoient
439 1955 595 1992 coexiste
606 1955 690 1991 bien
711 1953 936 2002 long-temps

286 2013 392 2061 apr'es
418 2011 452 2047 la
479 2011 722 2047 construction
743 2010 793 2045 du
816 2020 938 2056 noyau

289 2069 335 2104 de
363 2081 403 2104 ce
439 2067 557 2115 grand
592 2065 825 2103 enseinble.“
881 2064 937 2101 lta

287 2123 476 2160 Letronne
497 2122 725 2169 (recherches
743 2134 836 2171 pour
862 2133 936 2158 ser-

289 2178 341 2215 vir
361 2179 562 2215 al'histoire
582 2178 628 2215 de
640 2178 798 2227 l'Egypt.
821 2177 937 2214 Paris.

292 2236 400 2275 1823
426 2247 461 2283 p.
487 2236 539 2275 26
562 2247 638 2282 seq.
668 2233 747 2270 coll.
779 2233 935 2269 Iomard.

289 2292 326 2327 in
351 2289 493 2339 joui-nal
525 2290 590 2327 des
613 2290 699 2326 Sav.
721 2290 828 2329 1818
860 2288 937 2324 Mai

290 2361 327 2398 p.
348 2346 469 2393 305),
498 2345 592 2382 bene
611 2358 763 2382 monens
795 2346 841 2381 de
869 2345 938 2381 hoc

292 2403 539 2440 aedificiorum
571 2414 705 2449 genere
732 2415 752 2437 a
790 2401 940 2438 Graecis

292 2458 434 2508 templis
453 2458 569 2496 alieno
579 2458 842 2507 Aegyptiisque
857 2469 943 2507 pro-

292 2515 389 2565 pri0‚
420 2515 518 2564 quod
537 2514 719 2550 introitum
731 2514 876 2563 quidem
896 2513 943 2549 ad

293 2573 392 2621 ipsas
426 2571 538 2608 aedes
575 2571 752 2620 praebere
787 2573 942 2619 poterat.

295 2628 403 2670 Quae
419 2627 552 2663 Strabo
580 2627 671 2663 hanc
696 2626 733 2662 in
758 2639 834 2663 rem
857 2639 942 2675 pro-

294 2685 389 2730 fert,
419 2684 465 2720 ab
494 2683 624 2720 eodem
649 2683 724 2719 viro
744 2683 851 2719 docto
870 2682 941 2718 iam

298 2743 381 2776 sunt
414 2739 546 2785 allata3
593 2739 662 2775 hoe
702 2739 870 2787 equidem
901 2749 944 2775 ex

298 2795 328 2832 C
336 2808 365 2831 r.
401 2799 489 2831 nota
517 2795 565 2832 ad
592 2795 688 2832 hunc
708 2794 776 2832 loc.
797 2795 943 2840 addam,

298 2852 490 2888 etiamnum
507 2864 698 2901 superesse
717 2851 843 2888 horum
862 2863 946 2901 pro-

299 2907 506 2957 pylaeorum
535 2908 667 2946 rudera
693 2908 884 2959 splendida
912 2911 948 2944 et

994 771 1140 821 ampla,
1179 771 1301 820 qualia
1328 771 1367 806 in
1400 769 1646 819 descriptione

993 826 1298 876 Aegyptiacaruni
1337 826 1590 874 antiquitatum
1625 839 1647 862 a

996 884 1110 919 doctis
1129 883 1242 919 Gallis
1263 883 1360 919 edita
1375 886 1648 931 repraesentata

995 940 1174 976 videmus.
1230 938 1280 974 Et
1299 938 1393 974 hunc
1420 950 1558 975 morem
1590 950 1648 975 re-

997 1009 1084 1044 gum
1117 995 1405 1045 Aegyptiorum,
1443 1007 1515 1043 quo
1552 993 1650 1030 ducti

998 1052 1131 1100 singuli
1164 1052 1334 1100 deinceps
1365 1063 1431 1100 per
1459 1050 1650 1087 decursum

996 1109 1170 1158 temporis
1218 1107 1401 1144 veteribus
1463 1107 1650 1153 aedificiis,

997 1165 1141 1214 templis
1163 1194 1174 1213 ‚
1212 1176 1308 1200 nova
1345 1167 1559 1200 ornamenta
1586 1163 1651 1199 ad-

999 1222 1137 1259 debant
1152 1224 1213 1258 aut
1239 1220 1300 1257 illa
1327 1219 1502 1269 ampliora
1518 1219 1652 1257 redde-

998 1279 1090 1315 bant
1129 1276 1465 1326 (quemadmodum
1504 1277 1542 1312 in
1584 1275 1653 1312 hoc

999 1335 1078 1385 ipso
1094 1333 1246 1370 Vulcani
1265 1332 1402 1382 templo
1415 1332 1653 1383 Memphitico

999 1393 1132 1428 factum
1156 1390 1383 1439 accepimus;
1413 1390 1456 1426 cf.
1483 1388 1539 1436 II,
1561 1389 1652 1429 108.

1002 1449 1094 1487 110.
1125 1449 1213 1488 121.
1238 1446 1328 1487 153-
1360 1445 1471 1493 175),
1503 1445 1653 1493 egregie

999 1503 1256 1540 confirmarunt
1311 1501 1472 1539 editores
1533 1501 1654 1551 operis

1001 1559 1110 1597 modo
1144 1558 1280 1595 laudati
1309 1557 1380 1594 vol.
1400 1558 1434 1594 11
1464 1557 1654 1605 (Thebes)

1001 1628 1088 1666 pag.
1109 1617 1191 1657 203
1220 1627 1287 1661 e0,
1318 1615 1419 1664 quod
1450 1614 1487 1650 in
1519 1613 1655 1665 palatio

1003 1685 1118 1722 prope
1140 1671 1308 1716 Luksor,
1349 1670 1512 1707 orientali
1543 1670 1581 1707 in
1603 1670 1658 1707 la-

1004 1733 1081 1765 tere
1103 1727 1177 1765 Nili
1197 1757 1208 1775 ‚
1246 1726 1406 1775 singulas
1431 1731 1555 1777 partes
1581 1727 1656 1764 eius

1004 1784 1159 1821 aedificii
1185 1784 1333 1821 dirersis
1354 1783 1530 1820 aetatibus
1553 1783 1657 1820 dein-

1005 1854 1092 1891 ceps
1113 1841 1276 1877 conditas
1296 1852 1377 1877 esse
1397 1843 1656 1876 monstrarunt.

1005 1898 1111 1934 Haec
1132 1897 1322 1934 sufficiant.
1380 1895 1439 1934 De
1459 1895 1658 1932 Athenien-

1009 1953 1099 1990 sium
1148 1952 1356 2003 propylaeis
1412 1953 1658 1999 conferantur,

1006 2023 1101 2058 quae
1121 2010 1205 2047 citat
1218 2009 1422 2046 Creuzerus
1441 2009 1477 2045 in
1495 2007 1658 2057 Symbol.

1005 2065 1039 2102 11
1060 2078 1147 2117 pag.
1169 2067 1262 2106 806.

1007 2145 1229 2247 14g6r890v
1263 2144 1455 2199 δηλώσω]
1499 2148 1582 2185 Vid.
1612 2147 1659 2194 ΙΙ,

1060 2289 1159 2327 τῶν
1186 2289 1277 2326 τοῦ
1308 2282 1564 2339 μεγάθεος
1588 2285 1662 2325 πέ-

1009 2343 1080 2397 ρι]
1115 2345 1138 2380 i.
1171 2358 1203 2381 e.
1236 2343 1324 2393 quod
1353 2357 1432 2381 vero
1457 2346 1586 2381 attinet
1614 2343 1662 2380 acl

1008 2401 1284 2449 magnitudinem
1304 2414 1426 2437 eornm.
1478 2400 1575 2438 Nam
1598 2401 1662 2437 ab-

1011 2457 1125 2494 solute
1155 2462 1194 2493 ut
1222 2458 1346 2504 aiunt,
1372 2458 1461 2494 haec
1484 2457 1664 2506 accipien-

1011 2514 1082 2559 da,
1112 2516 1153 2549 ut
1185 2514 1292 2550 docet
1319 2513 1496 2551 Matthiae
1512 2513 1577 2549 Gr.
1597 2513 1664 2549 Gr.

1011 2582 1098 2620 pag.
1124 2569 1242 2610 1175.
1263 2591 1318 2596 ——
1339 2570 1375 2606 ln
1397 2571 1468 2606 fine
1485 2581 1567 2619 cap.
1584 2581 1665 2605 cum

1015 2626 1133 2662 Gaisf.
1158 2626 1427 2676 rescripsimus:
1447 2622 1577 2663 ἄλλων
1599 2619 1665 2663 οὕ-

1012 2680 1129 2727 δένα,
1159 2695 1238 2718 cum
1263 2683 1371 2732 vulgo
1398 2683 1541 2719 inverso
1569 2680 1667 2717 ordi-

1012 2751 1059 2775 ne
1088 2737 1306 2785 legerentur.
1351 2739 1549 2775 Schaefero
1569 2749 1666 2773 nunc

1013 2794 1128 2842 magis
1162 2794 1305 2844 placere
1336 2795 1444 2832 video
1477 2790 1666 2833 οὐδένα

1015 2847 1167 2898 ἄλλων,
1207 2850 1245 2886 in
1266 2855 1433 2901 apparat.
1470 2850 1579 2887 critic.
1618 2848 1666 2885 ad

1014 2906 1252 2944 Demosthen.
1286 2911 1372 2943 tom.
1396 2906 1447 2943 111
1465 2920 1501 2957 p.
1519 2907 1609 2946 17.·“.
