1759 3324
564 244 982 284 EUTERPE.
1043 245 1090 283 Il.

1367 248 1453 289 775

182 358 358 410 στοῖχον
386 356 475 396 τῶν
508 352 784 408 ἀναβαθμῶν
821 350 1063 406 ἀείροντες,
1114 352 1229 404 ὅκως
1257 353 1303 397 δὲ
1333 351 1453 399 ἀνίοι

181 432 206 476 ὁ
236 435 360 483 λίθος
398 429 458 474 ἐπ’
497 429 657 483 αὐτὸν,
717 432 777 482 εἰς
819 431 967 488 ἑτέρην
1012 432 1213 490 μηχανήν
1258 431 1447 484 ἐτίθετο,

179 512 393 556 ἑστεῶσαν
423 510 492 553 ἐπὶ
518 514 601 553 τοῦ
633 509 812 564 πρώτου
843 513 1040 566 στοίχου·
1094 509 1180 555 ἀπὸ
1209 510 1372 556 τούτου
1401 513 1449 557 δὲ

176 591 244 634 ἐπὶ
271 589 350 633 τὸν
381 587 588 644 δεύτερον
626 590 771 634 ἕλκετο
815 595 990 646 στοῖχον
1031 589 1093 634 ἐπ’
1136 589 1270 648 ἄλλης
1311 609 1447 650 μηχα-

116 809 310 861 superficie
336 809 479 860 aequali
499 821 541 847 ac
559 808 668 856 laevi,
689 809 775 847 bar·
842 814 928 848 sont
948 810 1165 849 construites
1185 814 1222 848 et
1241 811 1303 861 qui
1320 810 1412 850 ae'te
1424 825 1500 850 em-

113 867 283 904 barorum
304 867 505 918 rapacitate
537 879 632 904 nunc
656 866 771 903 avulsi

113 928 217 971 sunt,
255 936 303 962 ne
329 936 401 960 uno
431 923 578 972 quidem
611 923 648 960 in
682 924 771 961 sede

113 992 178 1017 sua
205 980 343 1017 relicto.
402 979 526 1016 Etiam
551 980 612 1029 qui
647 980 771 1030 proxi-

111 1049 172 1075 me
192 1037 427 1074 subiacebant
449 1049 517 1087 per
537 1038 672 1085 gradus
693 1036 769 1073 dis-

110 1093 253 1144 positi,
289 1106 385 1130 nunc
412 1094 551 1130 disiecti
592 1097 677 1131 sunt
706 1097 769 1130 aut

110 1149 205 1188 aeris
220 1150 437 1200 intemperie
456 1150 652 1199 absumpti.
693 1149 768 1186 Bo-

109 1205 207 1244 reale
236 1206 320 1243 litus
349 1219 439 1256 prae
473 1206 621 1256 reliquis
646 1210 768 1243 vasta-

108 1267 184 1300 tum
203 1276 285 1301 esse
303 1263 470 1300 dicitur.“
504 1262 626 1312 Atque
643 1264 679 1300 in
699 1276 767 1300 no-

108 1324 170 1367 ta,
210 1320 270 1357 ubi
307 1320 621 1370 peregrinatorum
661 1320 765 1358 testi-

107 1377 231 1414 monia
253 1377 373 1423 affert,
385 1376 525 1414 Arabes
546 1377 658 1415 fuisse
677 1389 765 1414 con-

106 1433 202 1481 iicit,
234 1433 296 1482 qui
319 1433 458 1483 lapides
478 1433 561 1471 hine
578 1434 765 1472 avexerint

107 1490 156 1527 ad
178 1490 277 1527 urbis
302 1490 402 1526 Cairi
431 1491 597 1527 aedificia
624 1495 763 1529 exstru-

107 1547 213 1585 enda.
272 1546 474 1584 Confirmat
502 1547 670 1585 Coutelle
696 1547 718 1584 1.
738 1547 762 1584 l.

104 1616 191 1654 pag.
215 1603 280 1644 50.
338 1603 380 1639 ln
402 1603 515 1640 altera
531 1604 760 1654 Chephrenis

103 1660 294 1710 pyramide
316 1660 407 1707 (vid.
427 1659 473 1706 Il,
496 1662 594 1709 127)
617 1661 759 1711 lapides

102 1716 162 1753 isti
183 1716 288 1766 politi
309 1729 350 1754 ac
369 1716 540 1765 laevigati
568 1718 685 1754 adhuc
714 1730 758 1755 ex

102 1778 208 1823 parte
231 1779 455 1823 comparent,
467 1786 541 1810 non
561 1774 653 1810 ultra
674 1787 758 1823 gra-

105 1830 175 1866 dus
192 1834 446 1880 procurrentes
457 1858 467 1877 ,
483 1831 548 1867 sed
571 1830 659 1866 illud
675 1836 757 1867 tan-

102 1890 178 1923 tum
207 1886 397 1937 implentes
423 1888 577 1937 spatium
601 1887 756 1937 prisma-

103 1943 241 1990 ticum,
281 1944 383 1993 quod
417 1945 632 1981 remanebat
660 1945 755 1981 inter

98 1999 267 2036 binorum
294 2001 474 2049 graduum
504 2001 677 2049 angulos3
716 2004 756 2037 ut

99 2055 168 2093 hoc
184 2069 332 2106 quoque
353 2058 463 2093 modo
481 2057 617 2095 hancce
633 2057 755 2094 Cheo-

98 2112 156 2164 pis
193 2114 419 2163 pyramidem
457 2119 591 2151 tectam
640 2115 755 2152 fuisse

98 2170 303 2220 suspiceris.
362 2170 445 2207 Vid.
469 2170 599 2220 Zo'ega
617 2171 638 2207 l.
657 2171 754 2208 laud.

97 2239 183 2277 pag.
205 2225 298 2268 410.
345 2226 562 2264 Adscribam
580 2228 753 2277 denique,

99 2295 194 2332 quae
224 2284 271 2321 de
295 2284 395 2321 hisce
426 2284 608 2334 lapidibus
627 2285 754 2322 obser-

97 2343 159 2376 vat
178 2340 346 2378 Coutelle
366 2340 388 2378 l.
412 2341 435 2378 l.
457 2354 494 2391 p.
515 2342 587 2382 50:
608 2363 691 2390 „—-
703 2354 751 2379 on

96 2399 195 2434 reste
222 2397 418 2434 convaincu
453 2411 525 2447 que
558 2398 609 2435 les
641 2411 751 2449 pyra-

98 2452 214 2490 mides
231 2454 332 2490 n’ont
351 2467 417 2504 pas
438 2455 496 2492 ete
516 2456 678 2493 revetues
702 2456 750 2492 de

97 2512 194 2547 cette
218 2511 378 2548 maniere
403 2515 439 2549 et
462 2524 533 2561 que
552 2512 586 2549 le
601 2513 749 2562 preten-

98 2565 148 2602 du
165 2568 385 2604 revetement
412 2567 506 2606 n’est
534 2581 606 2618 que
628 2569 661 2606 le
682 2581 749 2618 pa-

96 2627 238 2660 rement
265 2624 444 2661 exterieur
462 2654 474 2673 ‚
511 2638 604 2676 pour
626 2625 750 2674 lequel

98 2690 147 2715 on
171 2691 193 2716 a
222 2680 386 2730 employe
412 2694 484 2720 une
516 2683 636 2732 pierre
664 2681 745 2732 plus

98 2734 211 2782 dure,
247 2735 328 2786 plus
355 2737 481 2785 egale,
519 2738 601 2789 plus
624 2751 748 2776 susce-

96 2790 210 2840 ptible
227 2793 274 2829 de
292 2794 452 2830 recevoir
468 2807 518 2831 un
541 2796 636 2832 beau
658 2795 748 2845 poli,

97 2858 169 2894 que
192 2847 301 2895 celle,
340 2849 433 2886 dont
462 2855 518 2888 est
545 2852 685 2889 formee
713 2852 749 2889 la

97 2902 223 2942 chaine
231 2903 399 2955 Libyque
418 2919 479 2944 sur
489 2907 646 2958 laquelle
661 2907 748 2946 elles

839 866 970 918 ployee
990 868 1083 904 dans
1109 867 1143 904 la
1158 868 1388 917 maconnerie
1406 869 1499 907 inte-

839 924 968 962 rieure.
997 946 1054 951 —-
1081 923 1156 961 Les
1176 924 1275 962 blocs
1293 926 1340 963 de
1361 926 1498 974 granit,

838 980 950 1030 qu’on
965 985 1092 1018 trouve
1111 993 1158 1018 au
1176 981 1265 1032 pied
1287 982 1334 1020 de
1354 981 1389 1019 la
1409 983 1497 1019 troi-

838 1038 951 1075 sieme
969 1038 1180 1087 pyramide,
1211 1037 1386 1088 quelques
1405 1038 1497 1076 bou-

837 1094 945 1131 tisses
984 1095 1031 1131 de
1068 1095 1186 1132 meme
1226 1099 1355 1133 nature
1374 1124 1385 1143 ‚
1432 1097 1496 1146 qui

836 1155 974 1188 restent
1013 1163 1145 1188 encore
1184 1153 1371 1200 engagees
1401 1153 1494 1190 dans

835 1206 868 1244 la
889 1208 1120 1256 maconnerie
1139 1212 1175 1245 et
1196 1212 1280 1244 sont
1308 1221 1354 1245 en
1381 1208 1494 1248 saillie

836 1277 898 1301 sur
919 1263 970 1301 les
991 1265 1159 1312 gradins‚
1194 1265 1409 1302 confirment
1428 1265 1494 1302 l'o-

834 1320 960 1370 pinion
973 1321 1202 1359 d’Herodote
1214 1334 1275 1358 sur
1286 1321 1494 1360 l’existence

835 1377 921 1414 d’un
940 1379 1161 1415 revetement
1181 1390 1226 1415 en
1245 1379 1382 1427 granit,
1404 1391 1492 1416 avec

834 1438 930 1471 cette
950 1434 1220 1481 circonstance,
1245 1434 1329 1484 qu'il
1345 1435 1404 1471 n’a
1421 1448 1489 1485 pas

831 1491 888 1528 ete
909 1491 1030 1539 ajoute'
1053 1505 1114 1528 sur
1131 1491 1183 1529 les
1209 1492 1361 1540 gradins
1379 1493 1488 1541 apres

829 1547 864 1584 13
885 1548 1143 1595 construction,
1164 1549 1256 1585 mais
1279 1561 1349 1598 que
1367 1548 1489 1586 c'etoit

830 1617 879 1640 un
899 1610 1091 1655 parement
1110 1604 1286 1642 construit
1305 1618 1352 1643 en
1371 1606 1488 1643 meme

828 1665 948 1710 temps
968 1674 1039 1710 que
1055 1661 1089 1698 la
1110 1662 1407 1712 pyramide.“—·
1427 1661 1487 1699 De

827 1717 1022 1765 machinis,
1052 1718 1308 1765 ferramentis,
1339 1719 1387 1755 ad
1415 1731 1484 1768 py-

826 1775 985 1811 ramides
1024 1775 1262 1812 exstruendas
1297 1775 1485 1823 adhibitis,

825 1831 1057 1880 disputarunt
1076 1831 1238 1868 Meister.
1251 1861 1261 1878 ,
1294 1830 1484 1879 Niebuhr.,

823 1887 894 1934 alii,
914 1900 1005 1936 quos
1026 1888 1113 1924 citat
1131 1888 1243 1925 Beck.
1261 1886 1282 1923 l.
1298 1887 1318 1924 l.
1336 1901 1372 1938 p.
1388 1890 1480 1929 709.

821 1943 917 1981 Add.
936 1945 1033 1981 Hirt.
1054 1944 1077 1982 l.
1095 1944 1118 1981 1.
1141 1958 1227 1996 pag.
1252 1944 1318 1985 25.

879 2051 983 2102 ὅκως
1013 2053 1055 2095 δὲ
1083 2053 1190 2095 ἀνίοι
1219 2055 1243 2096 ὁ
1273 2057 1392 2104 λίθος
1419 2053 1479 2097 ἔπ’

824 2108 970 2164 αὐτὸν]
1001 2113 1129 2163 Suppl.
1152 2117 1328 2164 στοῖχον.·
1348 2116 1482 2164 quoties

824 2170 917 2220 lapis
941 2171 1163 2220 perveniebat
1190 2184 1226 2207 eo
1256 2185 1284 2208 s.
1313 2172 1361 2208 ad
1390 2172 1479 2209 hunc

823 2227 976 2265 ordinem
988 2256 999 2275 ,
1025 2227 1094 2264 alz’z'
1107 2227 1291 2265 machinae
1310 2231 1480 2278 superim-

814 2285 1029 2335 ponebatur,
1061 2297 1150 2335 quae
1177 2286 1215 2321 in
1240 2285 1302 2321 hoc
1324 2287 1400 2335 ipso
1421 2299 1478 2322 or-

820 2341 900 2379 dine
925 2344 998 2379 iam
1017 2345 1155 2391 parata
1184 2341 1316 2379 stabat.
1350 2364 1407 2370 —
1435 2342 1479 2380 In

819 2411 923 2447 seqq.
944 2411 1012 2448 pro
1033 2398 1196 2437 εἵλκετο
1213 2412 1294 2436 cum
1303 2398 1472 2447 Schwgh.

819 2459 856 2493 et
895 2455 1012 2492 Gaisf.
1047 2455 1134 2492 dedi
1172 2454 1321 2494 ἕλκετο.
1386 2455 1478 2493 Post

819 2511 948 2551 ἕλκετο
971 2515 1127 2562 στοῖχον
1156 2512 1334 2550 excidisse
1362 2524 1476 2561 quae-

817 2570 904 2606 dam
932 2573 1039 2619 putat
1069 2568 1294 2618 Schweigh.:
1334 2567 1400 2606 καὶ
1432 2567 1476 2608 ἐκ

817 2627 889 2664 τοῦ
920 2623 1104 2677 δευτέρου
1141 2623 1208 2665 ἐπὶ
1236 2621 1306 2664 τόν
1341 2624 1476 2675 τρίτον

815 2685 982 2733 στοῖχον.
1051 2681 1146 2719 Mihi
1182 2694 1285 2720 secus
1318 2681 1472 2719 videtur.

813 2737 875 2776 Ad
895 2733 1009 2790 χαμά
1023 2743 1100 2778 θεν
1129 2739 1294 2776 conferas
1313 2736 1471 2775 Moerid.

814 2808 903 2846 pag.
916 2797 1021 2844 409,
1043 2795 1104 2832 ubi
1124 2789 1310 2842 Ἀττικαῖς
1331 2794 1382 2832 sic
1400 2794 1472 2831 dici

815 2856 964 2900 monet,
1008 2850 1251 2902 Ἑλληνικῶς
1281 2845 1470 2903 χαμόθεν.

815 2908 894 2947 Ubi
915 2909 988 2947 vid.
1006 2908 1176 2947 Pierson.
