1759 3324
347 240 432 280 318

738 240 1208 279 HERODOTI

346 347 524 405 ἀνδρῶν
552 347 748 406 μάλιστα.
781 351 856 396 καὶ
882 349 970 408 γαρ
1001 350 1054 408 δή
1085 349 1166 407 τήν
1196 349 1404 407 Μηδικὴν
1433 350 1610 408 ἐσθῆτα,

344 431 604 485 νομίσαντες
640 433 716 486 τῆς
761 430 937 474 ἑωυτῶν
976 429 1087 474 εἶναι
1124 431 1312 483 καλλίω,
1372 430 1609 485 φορέουσι·

343 509 417 554 καὶ
447 508 491 560 ἐς
525 507 630 559 τούς
668 511 904 565 πολέμους,
953 508 1059 561 τούς
1084 511 1352 566 Αἰγυπτίους
1387 508 1608 566 θώρηκας.

316 589 422 633 suat
451 587 688 639 εὐπαθείας
717 604 761 631 τε
791 589 1073 639 παντοδαπὰς
1110 588 1442 644 πυνθανόμενοι
1471 589 1609 645 ἐπιτη-

342 667 543 712 δεύουσι·
574 666 649 711 καὶ
674 665 728 722 δή
749 666 843 719 καὶ,
874 665 952 710 ἀπ’
977 666 1194 725 Ἑλλήνων
1212 666 1450 724 μαθόντες,
1483 668 1607 712 παισὶ
1618 674 1665 709 95

308 747 582 803 3μίσγονται.
639 745 852 801 γαμέουσι
880 744 921 789 δ’
953 746 1133 798 ἕκαστος
1163 746 1310 791 αὐτῶν
1336 747 1501 798 πολλὰς
1527 747 1607 803 μὲν

339 824 567 879 κουριδίας
593 828 827 880 γυναῖκας,
875 828 1024 884 πολλῷ
1064 822 1107 869 δ’
1146 825 1205 869 ἔτι
1234 830 1423 878 πλεῦνας
1450 830 1608 871 παλλα-

282 1043 410 1081 regum
439 1035 515 1068 tum
541 1031 764 1082 privatorum
785 1032 834 1069 ad
854 1031 938 1071 Me-

281 1089 412 1125 dorum
437 1088 610 1125 victorum
646 1089 824 1127 rationem
851 1102 939 1127 con—

281 1145 438 1182 formata
467 1145 598 1192 fuerit,
628 1145 666 1182 in
700 1145 850 1195 singulis
876 1159 937 1183 ac-

281 1205 405 1239 curate
425 1205 709 1240 commonstrare
730 1203 868 1240 studuit
886 1202 940 1239 vir

283 1258 412 1295 doctus
431 1257 454 1295 l.
469 1257 492 1295 l.

336 1339 405 1381 καὶ
432 1337 508 1394 γὰρ
547 1338 598 1392 δή
637 1338 713 1393 τήν
738 1339 938 1393 Μηδικήν

283 1396 504 1450 ἔσθῆτα-
525 1397 742 1451 φορέουσι]
775 1400 939 1438 Pertinet

278 1455 349 1493 hoc
365 1455 593 1506 potissimum
627 1457 674 1493 ad
693 1456 825 1493 stolam
842 1457 936 1494 illam

278 1512 483 1560 Medicam,
523 1525 632 1561 quam
659 1517 808 1551 auctore
836 1514 935 1562 Cyro

278 1564 410 1606 Persas
448 1581 470 1605 a
502 1567 623 1606 Medis
657 1570 854 1607 adscivisse
882 1571 937 1607 fe-

277 1629 383 1673 runt,
412 1625 597 1676 pertinent
621 1626 691 1662 huc
719 1625 809 1663 aliae
827 1626 937 1664 vesti-

277 1686 334 1718 tus
364 1685 511 1745 partes,
540 1694 632 1731 quas
662 1681 823 1731 singulas
851 1695 936 1733 per-

278 1739 381 1802 sequi
421 1737 572 1787 longum
614 1742 680 1776 est.
748 1739 784 1776 Γ
787 1740 935 1778 est1m0-

276 1795 338 1832 nia
360 1795 553 1858 praebebit
578 1795 741 1832 Brisson.
779 1797 826 1834 de
854 1809 933 1845 reg.

275 1850 377 1889 Pers.
406 1852 560 1901 princip.
592 1850 629 1899 Ι,
656 1852 722 1893 56.
764 1852 821 1900 ΙΙ,
851 1854 931 1894 186

278 1921 383 1957 seqq.
396 1908 620 1956 wesseling.
639 1909 688 1945 ad
703 1908 857 1946 Diodor.
872 1909 932 1945 Si-

276 1963 343 2001 cul.
361 1964 417 2012 ΙΙ,
438 1967 483 2006 6:
524 1964 681 2013 „Atque
697 1963 844 2002 Medico
867 1978 931 2002 ve-

275 2021 445 2058 stimento
474 2033 549 2057 non
575 2020 691 2057 solum
724 2020 842 2057 induti
871 2034 930 2058 re-

274 2076 464 2127 periuntur
485 2076 627 2125 figurae
656 2076 695 2112 in
716 2089 930 2114 monumen-

273 2133 320 2169 tis
341 2132 648 2182 Persepolitanis‚
677 2132 716 2168 id
743 2134 844 2182 quod
869 2145 929 2170 sa-

273 2188 319 2225 tis
343 2193 511 2235 constat,
539 2201 663 2226 verum
679 2189 788 2226 etiam
805 2190 843 2225 in
860 2189 927 2238 hy-

272 2246 401 2296 pogeis
437 2244 634 2281 Thebaicis
672 2245 710 2281 in
752 2245 926 2296 sepulcris

273 2314 425 2350 regum,
462 2300 524 2337 ubi
553 2305 676 2338 tamen
712 2302 843 2352 captivi
876 2302 927 2340 sic

272 2358 496 2395 exhibentur.
560 2357 645 2394 vid.
694 2358 841 2395 Costaz.
887 2358 925 2395 in

269 2412 452 2464 Descript.
483 2413 531 2450 de
559 2412 732 2465 l'Egypte
771 2414 852 2452 vol.
890 2414 925 2452 ΙΙ

271 2483 308 2521 p.
336 2470 418 2511 405
438 2470 545 2519 seq.“
582 2469 649 2507 Cr.

325 2550 422 2601 τους
438 2553 684 2606 Αἰγυπτίους
714 2552 922 2607 θώρηκας]

270 2609 463 2649 Persarum
489 2610 641 2658 loricas,
671 2625 761 2661 quas
780 2614 826 2650 ab
848 2612 923 2651 Ae-

270 2667 406 2718 gyptiis
427 2672 564 2705 sumtas
583 2682 663 2705 esse
680 2668 737 2706 hic
755 2668 921 2718 legimus,

269 2723 442 2762 describit
458 2737 502 2762 ex
521 2727 681 2762 veterum
707 2726 921 2763 testimoniis

268 2779 512 2818 Brissoniusl.
533 2780 555 2817 I.
583 2780 657 2828 ΙΙΙ,
682 2783 745 2822 12.
774 2781 860 2820 Fuit
878 2783 921 2819 il-

270 2836 304 2874 Ia
329 2837 477 2886 quidem
502 2849 676 2886 squamea
705 2838 779 2876 sive
811 2851 921 2888 squa-

270 2893 337 2931 mis
352 2897 540 2940 eonserta3
569 2906 642 2945 quo
661 2894 852 2933 Strabonis
881 2900 918 2934 et

1005 1031 1190 1070 Herodoti
1227 1033 1364 1070 ducunt
1411 1032 1492 1071 loci.
1549 1033 1660 1073 conf.

1005 1089 1234 1141 potissimum
1253 1089 1343 1127 Her.
1369 1089 1443 1138 IX,
1465 1093 1532 1132 22.

1061 1144 1177 1185 παισὶ
1207 1144 1434 1198 μίσγονται]
1472 1146 1557 1184 Hoc
1583 1146 1662 1186 He-

1005 1203 1128 1240 rodoti
1145 1203 1350 1240 testimonio
1372 1216 1458 1240 usus
1476 1207 1531 1241 est
1546 1202 1662 1242 Athe-

1005 1272 1120 1298 naeus
1147 1259 1258 1306 XIII,
1283 1262 1350 1301 79.
1407 1259 1529 1297 Alium
1555 1259 1662 1297 huius

1006 1317 1136 1365 flagitii
1155 1317 1254 1367 apud
1278 1316 1409 1353 Persas
1439 1321 1569 1354 testem
1597 1329 1661 1355 ex-

1005 1373 1092 1410 citat
1112 1372 1376 1422 lVesselingius
1403 1373 1552 1410 Sextum
1577 1372 1661 1424 phi-

1003 1428 1194 1479 losophum
1242 1429 1475 1480 Hypotjpos.
1525 1428 1566 1476 Ι,
1605 1428 1658 1470 14

1003 1499 1042 1537 p.
1076 1487 1153 1533 38,
1193 1489 1304 1534 atque
1338 1485 1426 1522 illud
1459 1485 1658 1535 reprehen-

1004 1543 1152 1580 dentem
1170 1542 1404 1579 Plutarchum
1429 1542 1466 1578 in
1490 1541 1582 1579 libro
1609 1542 1658 1580 de

1003 1599 1186 1636 Herodoti
1202 1598 1350 1647 malign.
1377 1597 1424 1635 T.
1447 1597 1481 1635 II
1510 1611 1547 1649 p.
1560 1598 1657 1646 857,

1002 1655 1047 1692 B.
1087 1655 1166 1692 Sed
1191 1653 1404 1692 Ammianus
1424 1653 1655 1692 Marcellinus

1004 1711 1172 1760 (XXIII,
1192 1711 1244 1760 6)
1275 1725 1339 1750 eos
1362 1711 1554 1762 puerilium
1578 1714 1657 1748 stu-

1000 1781 1148 1819 prorum
1178 1772 1343 1819 expertes
1367 1768 1481 1805 fuisse
1510 1767 1653 1814 scribit;

1000 1825 1101 1873 quod
1125 1825 1154 1861 si
1182 1824 1230 1861 de
1248 1824 1354 1861 huius
1375 1824 1560 1874 scriptoris
1587 1836 1653 1862 ae·-

999 1884 1074 1918 tate
1094 1880 1295 1929 intelliges,
1326 1880 1507 1917 constabit
1530 1879 1653 1917 Hero-

999 1937 1088 1973 doto
1112 1937 1204 1974 fides
1225 1949 1302 1973 sua.
1358 1935 1409 1972 Et
1423 1935 1584 1985 loquitur
1602 1936 1652 1973 ita

998 2005 1144 2041 quoque
1154 1993 1305 2030 Orsines
1317 1992 1432 2031 Persa
1448 1992 1548 2043 apud
1557 1992 1653 2029 Cur-

995 2049 1085 2085 tium
1102 2048 1136 2085 X
1150 2077 1160 2095 ,
1185 2052 1223 2096 1,
1247 2053 1319 2090 12:
1350 2078 1374 2096 „
1386 2061 1453 2087 nec
1465 2048 1575 2086 moris
1590 2062 1650 2087 es-

996 2118 1036 2142 se
1064 2104 1209 2152 Persis‚
1250 2117 1369 2142 mares
1401 2106 1552 2152 ducere,
1589 2105 1651 2155 qui

996 2165 1122 2212 stupro
1148 2162 1483 2199 effeminarentur.“
1519 2161 1651 2199 Attulit

995 2217 1086 2255 haec
1109 2218 1318 2255 testimonia
1340 2218 1548 2255 Brissonius
1573 2217 1598 2255 l.
1622 2216 1646 2256 Ι.

994 2273 1051 2320 Π,
1082 2276 1173 2316 162.
1219 2273 1360 2312 Nostra
1385 2278 1508 2312 tamen
1527 2278 1649 2313 aetate

994 2330 1115 2367 denuo
1138 2331 1220 2368 huic
1248 2329 1376 2369 sceleri
1407 2330 1514 2369 valde
1543 2331 1647 2369 dedi-

991 2391 1050 2423 tos
1071 2387 1290 2425 essePersas
1306 2386 1524 2425 recentiores
1541 2400 1646 2438 pere-

990 2444 1193 2507 grinatores
1217 2444 1412 2481 affirmant.
1448 2443 1508 2481 Cf.
1528 2443 1647 2480 Ham-

991 2513 1081 2537 mer.
1110 2500 1148 2537 in
1165 2500 1316 2538 Wiener
1335 2499 1531 2537 Jahrbiich.
1559 2499 1646 2537 V111

988 2569 1026 2607 p
1044 2558 1141 2597 378.

1046 2610 1237 2679 γαμέουσι
1255 2605 1298 2650 δ’
1317 2609 1480 2658 ἕκαστος
1506 2607 1644 2652 αὔτων

987 2666 1137 2715 πολλὰς
1165 2666 1238 2735 μὲν
1269 2668 1551 2719 κουριδίας
1575 2684 1643 2721 yv-

989 2727 1152 2771 ναῖκας]
1183 2719 1316 2763 αυτῶν
1332 2725 1461 2775 scripsi
1483 2739 1564 2763 cum
1583 2739 1642 2763 re-

988 2786 1097 2820 centt.
1130 2793 1199 2831 pro
1232 2775 1423 2820 αὐτέων.
1454 2782 1641 2834 κουριδίῃ

986 2853 1089 2890 γυνη
1109 2836 1302 2874 Herodoto
1321 2841 1358 2874 et
1378 2837 1435 2875 hic
1459 2842 1495 2876 et
1513 2838 1559 2887 V,
1573 2841 1638 2881 18.
1726 2865 1729 2875 ,

987 2895 1058 2944 VI,
1081 2896 1161 2938 138
1188 2897 1244 2933 est
1263 2906 1355 2931 uxor
1372 2893 1552 2944 legitima,
1581 2895 1638 2932 cui
1692 2896 1695 2897 ⁷
1726 2909 1728 2917 ’
