1777 3324
192 265 279 304 894
662 254 1236 297 EXCURSUSII

193 377 340 425 recepta
368 369 443 422 (ὥς
467 374 584 423 φασι)
618 373 739 423 prodit
760 371 804 419 V,
829 374 855 412 2
883 383 970 421 pag.
993 372 1073 411 219
1103 382 1130 405 s.
1154 366 1260 413 335,
1283 366 1314 403 C
1347 370 1384 403 et
1412 378 1449 416 p.
1467 367 1545 406 221
1579 378 1606 401 s.
1627 364 1710 405 339
1775 374 1777 382 ⁴

195 443 273 481 coll.
295 443 475 480 scholiast.
497 441 590 478 Plat.
608 453 694 491 pag.
716 443 797 481 207
821 439 878 476 ed.
902 438 1048 475 Ruhnk.
1108 435 1188 473 'Nec
1211 435 1313 472 aliter
1333 436 1410 471 fere
1431 432 1645 469 Plutarchus
1672 433 1711 468 in

195 515 336 561 quaest.
371 510 515 546 Romm.
548 522 584 559 p.
606 511 709 553 277,
729 507 762 543 D
793 507 830 542 in
858 505 1004 542 Romuli
1032 505 1095 541 vit.
1126 516 1204 554 cap.
1224 506 1251 544 2
1275 503 1323 538 in.
1351 501 1406 542 25
1428 500 1511 547 fin.·‚
1547 504 1661 549 atque
1689 512 1710 536 e

194 580 443 617 Romanorum
484 575 718 626 scriptoribus
760 573 887 610 Vellei.
922 572 1100 609 Patercul.
1136 572 1174 617 Ι,
1208 573 1231 611 1
1271 569 1308 621 ᾖ.
1338 570 1375 610 4.
1416 568 1592 604 Horatius
1630 567 1709 604 Sat.

195 647 236 695 I,
267 649 312 695 6,
346 649 381 686 1.
412 643 538 693 virgil.
567 642 658 679 Aen.
688 641 744 687 ΙΙ,
770 642 850 680 781
883 640 1034 688 aliisque
1062 639 1171 685 locis,
1201 651 1292 687 quos
1321 638 1488 687 Heynius
1513 637 1649 674 indicat
1673 635 1711 672 in

197 728 335 753 excurS.
356 713 409 751 ΙΙΙ
437 713 485 749 ad
516 710 595 746 libr.
617 708 702 745 wll
731 720 816 758 pag.
839 709 940 752 2823
978 707 1086 743 Silius
1114 706 1257 743 Italicus
1281 707 1343 753 IV,
1363 709 1444 747 719
1475 706 1556 753 (ubi
1574 704 1710 742 consul·

195 781 395 832 interprr.).
424 778 532 824 VIII,
550 775 643 817 484.
703 775 851 826 Quippe
877 777 1011 825 poetae
1032 774 1153 810 Latini
1182 774 1279 810 haud
1304 786 1386 810 raro
1401 773 1543 823 Lyclz'as
1562 786 1617 810 res
1645 785 1711 823 ap-

195 849 332 900 pellant
360 846 606 897 Tyrrhenicas.
648 841 777 886 Quid?
808 842 908 891 quod
930 842 1099 877 Sardium
1123 840 1234 888 legati
1252 853 1374 877 coram
1396 836 1522 878 senatu
1541 841 1709 877 Romano

196 918 381 953 decretum
410 913 579 950 Etruriae
605 911 801 948 recitavere
819 937 830 955 ,
867 922 940 957 quo
973 921 1012 945 se
1043 908 1279 944 Etruscorum
1313 909 1604 957 consanguineos
1632 922 1712 947 esse

196 984 458 1027 ostenderent,
490 980 618 1018 eadem
639 979 715 1016 fere
737 978 772 1014 in
795 977 953 1014 medium
972 977 1218 1026 proferentes,
1250 989 1344 1025 quae
1362 977 1461 1028 apud
1481 977 1712 1015 Herodotum

196 1051 388 1100 leguntur,
418 1048 491 1086 vid.
512 1047 631 1085 Tacit.
655 1045 786 1083 annall.
803 1044 868 1091 IV,
889 1043 941 1085 55
957 1044 1007 1092 *).

310 1117 380 1154 His
402 1117 480 1154 fere
498 1116 714 1154 enumeratis
734 1119 895 1152 veterum
913 1111 1151 1157 testimoniis,
1185 1112 1258 1149 iam
1281 1113 1495 1151 accedamus
1520 1114 1568 1150 ad
1587 1125 1714 1151 recen-

199 1186 301 1224 tioris
325 1185 453 1223 aetatis
480 1185 686 1234 scriptores.
743 1181 865 1230 Atque
894 1180 1076 1229 Ryckius,
1113 1185 1153 1216 ut
1178 1180 1262 1217 hinc
1284 1182 1426 1228 ordiar,
1457 1181 1606 1219 disertis
1636 1181 1715 1218 He·-

198 1254 320 1292 rodoti
341 1253 458 1291 verbis
488 1252 568 1303 plus
594 1251 826 1288 tribuendum
854 1262 935 1287 esse
964 1249 1126 1296 censuit,
1165 1261 1271 1297 quam
1293 1249 1429 1287 Xanthi
1456 1249 1622 1297 silentio,
1652 1249 1715 1299 qui

200 1322 322 1371 aliqua
344 1325 443 1359 certe
474 1332 519 1357 ex
548 1333 654 1358 causa
671 1347 682 1366 ‚
726 1332 794 1355 nos
823 1318 986 1367 quamvis
1007 1316 1144 1353 latente
1165 1343 1176 1362 ,
1207 1322 1404 1354 commotus
1438 1330 1518 1355 esse
1542 1317 1716 1369 potuerit,

199 1395 242 1429 ut
259 1390 347 1427 nihil
371 1389 425 1426 his
448 1389 494 1426 de
517 1388 624 1426 rebus
654 1387 851 1425 memoriae
879 1386 1064 1436 proderet.
1125 1385 1221 1421 Galli
1249 1386 1347 1423 docti
1374 1386 1540 1424 Sevinius
1570 1390 1607 1423 et
1624 1386 1716 1423 Fre-

199 1459 312 1497 retius
348 1458 412 1505 (in
430 1456 532 1493 acad.
553 1457 589 1493 d.
609 1456 768 1506 inscript.
792 1459 817 1491 t.
838 1453 871 1490 V
890 1467 927 1503 p.
949 1454 1031 1494 236
1050 1467 1152 1504 seqq.
1184 1454 1303 1491 XVIII
1331 1468 1367 1505 p.
1389 1456 1441 1496 95
1465 1456 1588 1504 seqq.)
1613 1455 1716 1491 Xan-

200 1527 264 1564 tho
284 1531 396 1575 atque
415 1524 592 1572 Dionysio
613 1523 733 1573 potius
756 1522 868 1559 fidem
890 1521 977 1558 addi
997 1522 1187 1559 voluerunt
1212 1523 1371 1571 itemque
1389 1523 1575 1570 Heynius,
1609 1523 1671 1572 qui
1693 1535 1716 1559 a

201 1594 372 1641 Xantho,
401 1592 522 1641 Lydio
547 1591 715 1637 homine,
749 1591 866 1639 magis
893 1602 1000 1639 quam
1027 1602 1048 1626 a
1078 1591 1230 1627 Graecis
1256 1590 1504 1640 Romanisque
1533 1592 1714 1637 standum,

202 1664 394 1713 ipsamque
411 1660 569 1698 fabulam
589 1659 634 1695 ab
660 1658 856 1696 Herodoto
875 1658 1057 1709 proditam
1079 1659 1164 1695 inde
1185 1662 1300 1695 ortam
1321 1672 1404 1696 esse
1423 1659 1580 1707 iudicat,
1615 1659 1717 1708 quod

205 1731 338 1769 Graeci
363 1729 552 1778 antiquum
580 1728 814 1764 Etruscorum
841 1738 976 1763 nomen
1007 1725 1256 1763 Turesenorum
1291 1728 1524 1776 depravarint
1551 1727 1587 1763 in
1619 1726 1716 1777 Τυῤ-

206 1799 355 1849 ρηνῶν.
415 1795 476 1834 Tu
503 1797 576 1833 vid.
604 1809 742 1833 excuss.
761 1795 812 1831 III
840 1795 888 1831 ad
911 1793 1013 1842 Virg.
1041 1793 1132 1832 Aen.
1153 1794 1236 1831 VIII
1261 1808 1296 1845 p.
1318 1796 1398 1835 281
1418 1796 1504 1844 ibiq.
1523 1795 1718 1843 laudd.**)

205 1868 292 1913 His,
323 1878 417 1915 quae
434 1865 573 1915 passim
599 1864 671 1900 iam
697 1863 814 1900 attulit
835 1862 1006 1900 Creuzer.
1027 1862 1065 1899 in
1092 1864 1258 1911 fragmm.
1280 1863 1426 1900 historr.
1447 1876 1484 1913 p.
1509 1864 1589 1904 152
1617 1876 1719 1912 seqq-

205 1935 320 1982 adde,
352 1945 446 1983 quae
464 1933 720 1970 recentissimis
740 1931 962 1981 temporibus
986 1930 1023 1966 in
1050 1930 1203 1967 eandem
1232 1930 1449 1967 sententiam
1474 1930 1617 1980 prolata
1637 1936 1719 1968 sunt

205 2016 228 2039 a
248 2002 345 2039 Guil.
363 2000 406 2038 A.
424 2000 603 2049 Schlegel.
639 1999 791 2048 (annall.
810 1998 1005 2035 Heidelbb·
1034 2001 1141 2041 1816
1166 2012 1221 2036 nr.
1246 1999 1299 2040 54
1328 2010 1364 2047 p.
1387 1998 1488 2047 854)
1518 2003 1555 2037 et
1574 1999 1720 2050 potissi-

207 2083 305 2107 mum
326 2082 347 2106 a
363 2069 538 2107 Niebuhr.
572 2069 698 2116 (Rom.
722 2067 853 2105 Gesch.
878 2067 894 2103 I
923 2081 959 2117 p.
982 2066 1036 2108 64
1067 2068 1124 2104 ed.
1153 2066 1263 2117 prior.
1300 2067 1316 2103 Ι
1337 2079 1373 2115 p.
1396 2069 1475 2108 111
1504 2068 1562 2105 ed.
1584 2067 1720 2116 alten),

208 2138 270 2185 qui
295 2137 475 2174 Herodoti
506 2137 714 2174 testimonio
746 2136 1022 2172 anteferendam
1058 2139 1226 2171 statuunt
1257 2138 1294 2171 et
1321 2133 1460 2171 Xanthi
1489 2139 1526 2172 et
1552 2135 1720 2184 Dionysii

207 2205 482 2252 auctoritatem,
526 2205 741 2254 praesertim
776 2216 856 2241 cum
885 2207 985 2240 tanta
1013 2203 1217 2240 inveniatur
1248 2202 1394 2251 linguae
1413 2230 1424 2250 ,
1463 2203 1722 2251 institutorum,

209 2284 371 2319 morum,
398 2271 604 2320 religionis,
635 2272 729 2308 inter
746 2275 935 2320 utramque
957 2275 1104 2319 gentem
1123 2271 1323 2308 diversitas.

323 2341 400 2377 Sed
430 2338 618 2376 Gallorum
649 2352 739 2387 quos
776 2351 885 2388 supra
915 2338 1111 2375 memoravi
1139 2338 1298 2374 rationes
1317 2367 1327 2385 ,
1377 2339 1508 2386 quibus
1537 2337 1720 2375 Herodoti

208 2410 321 2447 fidem
341 2407 547 2453 elevarunt,
576 2406 648 2441 iam
665 2404 869 2442 Larcherus
890 2405 1088 2453 infringere
1119 2404 1256 2441 studuit
1284 2410 1450 2442 accurato
1479 2406 1645 2444 examine
1674 2408 1721 2443 ad

209 2475 393 2515 Herodoti
413 2475 529 2512 locum
549 2474 587 2520 I,
610 2472 664 2514 94
693 2477 720 2509 t.
740 2472 756 2509 l
788 2486 822 2522 p·
844 2473 925 2512 377
947 2484 1049 2520 seqq.
1078 2477 1152 2510 not.
1172 2475 1253 2514 266
1282 2474 1460 2511 instituto.
1518 2473 1616 2511 Nam
1633 2475 1722 2512 haec

211 2546 259 2583 de
281 2542 460 2581 industria
484 2542 530 2579 ab
550 2540 742 2578 Herodoto
760 2539 949 2588 Lydorum
966 2540 1128 2590 ipsorum
1152 2553 1196 2578 ex
1213 2541 1309 2578 fama
1329 2553 1371 2578 ac
1390 2541 1464 2580 fide
1483 2543 1580 2580 tradi
1596 2547 1722 2581 censet

259 2762 292 2807 ⁸)
321 2762 476 2795 Pertinet
500 2759 565 2793 huc
586 2770 720 2803 quoque
743 2759 897 2794 Senecae
921 2759 1020 2793 illud:
1052 2784 1074 2801 ‚‚
1089 2760 1212 2794 Tuscos
1232 2760 1317 2793 Asia
1337 2759 1402 2792 sibi
1419 2760 1609 2794 vindicat.“

243 2842 289 2885 ”’)
319 2842 396 2876 Quo
418 2840 510 2883 prior
529 2840 596 2871 iam
620 2840 864 2873 Valckenarius
882 2838 1021 2872 Xantho
1042 2839 1141 2880 Lydo
1159 2838 1191 2871 in
1212 2838 1312 2871 rebus
1333 2838 1450 2879 patriis
1478 2839 1591 2880 potius
1622 2847 1723 2880 quam

326 2897 470 2930 Graecis
491 2896 735 2929 recentioribus
753 2895 960 2929 credendum
977 2895 1206 2934 iudicaverat,
1239 2894 1283 2927 ad
1304 2893 1469 2926 Herodot.
1486 2893 1545 2934 lv,
1567 2891 1622 2927 45.
