<?xml version="1.0" encoding="UTF-8"?>
<!DOCTYPE html PUBLIC "-//W3C//DTD XHTML 1.0 Transitional//EN"
    "http://www.w3.org/TR/xhtml1/DTD/xhtml1-transitional.dtd">
<html xmlns="http://www.w3.org/1999/xhtml" xml:lang="en" lang="en">
 <head>
  <title>
</title>
<meta http-equiv="Content-Type" content="text/html;charset=utf-8" />
  <meta name='ocr-system' content='tesseract 3.04.00' />
  <meta name='ocr-capabilities' content='ocr_page ocr_carea ocr_par ocr_line ocrx_word'/>
</head>
<body>
  <div class='ocr_page' id='page_1' title='image "./musaeher01hero/musaeher01hero_0932.png"; bbox 0 0 1777 3324; ppageno 0'>
   <div class='ocr_carea' id='block_1_1' title="bbox 184 245 1226 285">
    <p class='ocr_par' dir='ltr' id='par_1_1' title="bbox 184 245 1226 285">
     <span class='ocr_line' id='line_1_1' title="bbox 184 245 1226 285; baseline 0.001 -1"><span class='ocrx_word' id='word_1_1' title='bbox 184 245 268 284; x_wconf 83' lang='lat'>906</span> <span class='ocrx_word' id='word_1_2' title='bbox 658 245 1226 285; x_wconf 89' lang='lat' dir='ltr'>EXCURSUSV</span> 
     </span>
    </p>
   </div>
   <div class='ocr_carea' id='block_1_2' title="bbox 164 356 1702 2924">
    <p class='ocr_par' dir='ltr' id='par_1_2' title="bbox 175 356 1702 613">
     <span class='ocr_line' id='line_1_2' title="bbox 183 356 1701 409; baseline 0.005 -16"><span class='ocrx_word' id='word_1_3' title='bbox 183 357 287 394; x_wconf 88' lang='lat' dir='ltr'>huius</span> <span class='ocrx_word' id='word_1_4' title='bbox 308 356 443 395; x_wconf 89' lang='lat' dir='ltr'>brachii</span> <span class='ocrx_word' id='word_1_5' title='bbox 469 370 588 408; x_wconf 86' lang='lat' dir='ltr'>aquae</span> <span class='ocrx_word' id='word_1_6' title='bbox 617 360 654 397; x_wconf 90' lang='lat' dir='ltr'>in</span> <span class='ocrx_word' id='word_1_7' title='bbox 676 360 883 397; x_wconf 85' lang='lat' dir='ltr'>Taniticum</span> <span class='ocrx_word' id='word_1_8' title='bbox 909 361 1139 408; x_wconf 83' lang='lat' dir='ltr'>transierint,</span> <span class='ocrx_word' id='word_1_9' title='bbox 1168 364 1208 397; x_wconf 94' lang='lat' dir='ltr'>ut</span> <span class='ocrx_word' id='word_1_10' title='bbox 1226 359 1281 398; x_wconf 83' lang='lat' dir='ltr'>vel</span> <span class='ocrx_word' id='word_1_11' title='bbox 1299 360 1453 409; x_wconf 84' lang='lat' dir='ltr'>vestigia</span> <span class='ocrx_word' id='word_1_12' title='bbox 1475 362 1573 399; x_wconf 82' lang='lat' dir='ltr'>fluvii</span> <span class='ocrx_word' id='word_1_13' title='bbox 1591 362 1701 401; x_wconf 90' lang='lat' dir='ltr'>Pelu-</span> 
     </span>
     <span class='ocr_line' id='line_1_3' title="bbox 184 425 1702 479; baseline 0.003 -17"><span class='ocrx_word' id='word_1_14' title='bbox 184 425 269 462; x_wconf 90' lang='lat' dir='ltr'>siaci</span> <span class='ocrx_word' id='word_1_15' title='bbox 299 426 479 464; x_wconf 81' lang='lat' dir='ltr'>difficilius</span> <span class='ocrx_word' id='word_1_16' title='bbox 509 441 605 464; x_wconf 87' lang='lat' dir='ltr'>nunc</span> <span class='ocrx_word' id='word_1_17' title='bbox 629 428 780 465; x_wconf 76' lang='lat' dir='ltr'>inveniri</span> <span class='ocrx_word' id='word_1_18' title='bbox 805 432 950 476; x_wconf 73' lang='lat' dir='ltr'>queant.</span> <span class='ocrx_word' id='word_1_19' title='bbox 1008 427 1062 465; x_wconf 86' lang='lat' dir='ltr'>Ac</span> <span class='ocrx_word' id='word_1_20' title='bbox 1087 429 1204 466; x_wconf 71' lang='lat' dir='ltr'>ventis</span> <span class='ocrx_word' id='word_1_21' title='bbox 1230 433 1420 479; x_wconf 88' lang='lat' dir='ltr'>praeterea</span> <span class='ocrx_word' id='word_1_22' title='bbox 1450 430 1620 478; x_wconf 91' lang='lat' dir='ltr'>omnique</span> <span class='ocrx_word' id='word_1_23' title='bbox 1643 444 1702 468; x_wconf 86' lang='lat' dir='ltr'>re-</span> 
     </span>
     <span class='ocr_line' id='line_1_4' title="bbox 177 494 1699 548; baseline 0.003 -18"><span class='ocrx_word' id='word_1_24' title='bbox 177 494 295 542; x_wconf 85' lang='lat' dir='ltr'>gionis</span> <span class='ocrx_word' id='word_1_25' title='bbox 326 494 437 531; x_wconf 91' lang='lat' dir='ltr'>indoli</span> <span class='ocrx_word' id='word_1_26' title='bbox 464 495 600 545; x_wconf 87' lang='lat' dir='ltr'>aliquid</span> <span class='ocrx_word' id='word_1_27' title='bbox 633 496 866 533; x_wconf 86' lang='lat' dir='ltr'>tribuendum</span> <span class='ocrx_word' id='word_1_28' title='bbox 905 509 985 533; x_wconf 89' lang='lat' dir='ltr'>esse</span> <span class='ocrx_word' id='word_1_29' title='bbox 1018 501 1104 548; x_wconf 91' lang='lat' dir='ltr'>apte</span> <span class='ocrx_word' id='word_1_30' title='bbox 1137 501 1261 534; x_wconf 88' lang='lat' dir='ltr'>monet</span> <span class='ocrx_word' id='word_1_31' title='bbox 1300 496 1430 534; x_wconf 86' lang='lat' dir='ltr'>Ritter.</span> <span class='ocrx_word' id='word_1_32' title='bbox 1458 496 1652 535; x_wconf 84' lang='lat' dir='ltr'>Erdkund.</span> <span class='ocrx_word' id='word_1_33' title='bbox 1686 498 1699 535; x_wconf 86' lang='lat'><em>1</em></span> 
     </span>
     <span class='ocr_line' id='line_1_5' title="bbox 175 562 981 613; baseline 0.004 -15"><span class='ocrx_word' id='word_1_34' title='bbox 175 574 212 612; x_wconf 92' lang='lat' dir='ltr'>p.</span> <span class='ocrx_word' id='word_1_35' title='bbox 234 564 328 603; x_wconf 77' lang='lat'>826.</span> <span class='ocrx_word' id='word_1_36' title='bbox 386 562 467 599; x_wconf 86' lang='lat' dir='ltr'>Alia</span> <span class='ocrx_word' id='word_1_37' title='bbox 497 565 595 600; x_wconf 80' lang='lat' dir='ltr'>idem</span> <span class='ocrx_word' id='word_1_38' title='bbox 626 564 747 613; x_wconf 81' lang='lat' dir='ltr'>attigit</span> <span class='ocrx_word' id='word_1_39' title='bbox 776 576 862 613; x_wconf 85' lang='lat' dir='ltr'>pag.</span> <span class='ocrx_word' id='word_1_40' title='bbox 888 563 981 604; x_wconf 82' lang='lat'>834.</span> 
     </span>
    </p>

    <p class='ocr_par' dir='ltr' id='par_1_3' title="bbox 167 630 1700 2584">
     <span class='ocr_line' id='line_1_6' title="bbox 291 630 1699 680; baseline 0 -12"><span class='ocrx_word' id='word_1_41' title='bbox 291 630 502 680; x_wconf 82' lang='lat' dir='ltr'><em>Canopicum</em></span> <span class='ocrx_word' id='word_1_42' title='bbox 532 632 688 679; x_wconf 91' lang='lat' dir='ltr'>ostium,</span> <span class='ocrx_word' id='word_1_43' title='bbox 729 632 829 668; x_wconf 91' lang='lat' dir='ltr'>cuius</span> <span class='ocrx_word' id='word_1_44' title='bbox 859 631 995 669; x_wconf 69' lang='lat' dir='ltr'>Noster</span> <span class='ocrx_word' id='word_1_45' title='bbox 1025 633 1189 670; x_wconf 84' lang='lat' dir='ltr'>meminit</span> <span class='ocrx_word' id='word_1_46' title='bbox 1213 632 1267 680; x_wconf 79' lang='grc' dir='ltr'>ΙΙ,</span> <span class='ocrx_word' id='word_1_47' title='bbox 1296 632 1358 674; x_wconf 89' lang='lat'>15.</span> <span class='ocrx_word' id='word_1_48' title='bbox 1392 634 1483 674; x_wconf 85' lang='lat'>113.</span> <span class='ocrx_word' id='word_1_49' title='bbox 1509 634 1589 674; x_wconf 88' lang='lat'>179</span> <span class='ocrx_word' id='word_1_50' title='bbox 1619 632 1699 670; x_wconf 89' lang='lat' dir='ltr'>coll.</span> 
     </span>
     <span class='ocr_line' id='line_1_7' title="bbox 179 699 1700 749; baseline 0 -11"><span class='ocrx_word' id='word_1_51' title='bbox 179 700 253 746; x_wconf 87' lang='lat'>97,</span> <span class='ocrx_word' id='word_1_52' title='bbox 285 700 508 737; x_wconf 84' lang='lat' dir='ltr'>occidentem</span> <span class='ocrx_word' id='word_1_53' title='bbox 530 713 656 736; x_wconf 79' lang='lat' dir='ltr'>versus</span> <span class='ocrx_word' id='word_1_54' title='bbox 678 699 833 736; x_wconf 80' lang='lat' dir='ltr'>maxime</span> <span class='ocrx_word' id='word_1_55' title='bbox 854 700 1062 749; x_wconf 86' lang='lat' dir='ltr'>spectabat,</span> <span class='ocrx_word' id='word_1_56' title='bbox 1092 700 1239 737; x_wconf 91' lang='lat' dir='ltr'>nomine</span> <span class='ocrx_word' id='word_1_57' title='bbox 1258 701 1414 738; x_wconf 90' lang='lat' dir='ltr'>deducto</span> <span class='ocrx_word' id='word_1_58' title='bbox 1442 701 1488 738; x_wconf 90' lang='lat' dir='ltr'>ab</span> <span class='ocrx_word' id='word_1_59' title='bbox 1509 702 1621 749; x_wconf 90' lang='lat' dir='ltr'>urbe,</span> <span class='ocrx_word' id='word_1_60' title='bbox 1651 702 1700 738; x_wconf 89' lang='lat' dir='ltr'>ad</span> 
     </span>
     <span class='ocr_line' id='line_1_8' title="bbox 178 765 1698 814; baseline 0.003 -13"><span class='ocrx_word' id='word_1_61' title='bbox 178 777 287 814; x_wconf 89' lang='lat' dir='ltr'>quam</span> <span class='ocrx_word' id='word_1_62' title='bbox 316 767 442 803; x_wconf 88' lang='lat' dir='ltr'>fluvius</span> <span class='ocrx_word' id='word_1_63' title='bbox 472 767 506 802; x_wconf 90' lang='lat' dir='ltr'>in</span> <span class='ocrx_word' id='word_1_64' title='bbox 537 779 637 804; x_wconf 88' lang='lat' dir='ltr'>mare</span> <span class='ocrx_word' id='word_1_65' title='bbox 675 767 768 804; x_wconf 83' lang='lat' dir='ltr'>exiit.</span> <span class='ocrx_word' id='word_1_66' title='bbox 838 765 979 803; x_wconf 88' lang='lat' dir='ltr'>Dicitur</span> <span class='ocrx_word' id='word_1_67' title='bbox 1007 766 1088 813; x_wconf 85' lang='lat' dir='ltr'>illa,</span> <span class='ocrx_word' id='word_1_68' title='bbox 1128 772 1300 805; x_wconf 81' lang='lat' dir='ltr'>monente</span> <span class='ocrx_word' id='word_1_69' title='bbox 1330 768 1598 807; x_wconf 87' lang='lat' dir='ltr'>Schlichthorst.</span> <span class='ocrx_word' id='word_1_70' title='bbox 1629 768 1652 806; x_wconf 95' lang='lat' dir='ltr'>l.</span> <span class='ocrx_word' id='word_1_71' title='bbox 1674 768 1698 806; x_wconf 91' lang='lat' dir='ltr'>l.</span> 
     </span>
     <span class='ocr_line' id='line_1_9' title="bbox 175 832 1700 885; baseline 0.003 -16"><span class='ocrx_word' id='word_1_72' title='bbox 175 845 263 883; x_wconf 86' lang='lat' dir='ltr'>pag.</span> <span class='ocrx_word' id='word_1_73' title='bbox 288 832 354 881; x_wconf 83' lang='lat'>40,</span> <span class='ocrx_word' id='word_1_74' title='bbox 384 833 527 871; x_wconf 78' lang='lat' dir='ltr'>Latinis</span> <span class='ocrx_word' id='word_1_75' title='bbox 548 835 782 885; x_wconf 86' lang='lat' dir='ltr'>scriptoribus</span> <span class='ocrx_word' id='word_1_76' title='bbox 804 833 983 882; x_wconf 77' lang='lat' dir='ltr'>Canopus,</span> <span class='ocrx_word' id='word_1_77' title='bbox 1016 834 1166 871; x_wconf 90' lang='lat' dir='ltr'>Graecis</span> <span class='ocrx_word' id='word_1_78' title='bbox 1190 835 1368 882; x_wconf 81' lang='lat' dir='ltr'>Canobus,</span> <span class='ocrx_word' id='word_1_79' title='bbox 1391 848 1486 884; x_wconf 88' lang='lat' dir='ltr'>quae</span> <span class='ocrx_word' id='word_1_80' title='bbox 1506 838 1554 873; x_wconf 90' lang='lat' dir='ltr'>ad</span> <span class='ocrx_word' id='word_1_81' title='bbox 1579 841 1700 875; x_wconf 82' lang='lat' dir='ltr'>extre-</span> 
     </span>
     <span class='ocr_line' id='line_1_10' title="bbox 176 900 1698 952; baseline 0.002 -14"><span class='ocrx_word' id='word_1_82' title='bbox 176 914 272 938; x_wconf 90' lang='lat' dir='ltr'>mam</span> <span class='ocrx_word' id='word_1_83' title='bbox 294 900 456 952; x_wconf 72' lang='lat' dir='ltr'>Aegypti</span> <span class='ocrx_word' id='word_1_84' title='bbox 489 915 590 939; x_wconf 80' lang='lat' dir='ltr'>oram</span> <span class='ocrx_word' id='word_1_85' title='bbox 619 902 843 939; x_wconf 87' lang='lat' dir='ltr'>occidentem</span> <span class='ocrx_word' id='word_1_86' title='bbox 868 913 992 937; x_wconf 79' lang='lat' dir='ltr'>versus</span> <span class='ocrx_word' id='word_1_87' title='bbox 1033 901 1125 949; x_wconf 87' lang='lat' dir='ltr'>sita,</span> <span class='ocrx_word' id='word_1_88' title='bbox 1165 903 1231 939; x_wconf 90' lang='lat' dir='ltr'>soli</span> <span class='ocrx_word' id='word_1_89' title='bbox 1265 903 1452 940; x_wconf 75' lang='lat' dir='ltr'>fertilitate</span> <span class='ocrx_word' id='word_1_90' title='bbox 1478 916 1554 940; x_wconf 91' lang='lat' dir='ltr'>non</span> <span class='ocrx_word' id='word_1_91' title='bbox 1580 905 1698 941; x_wconf 87' lang='lat' dir='ltr'>minus</span> 
     </span>
     <span class='ocr_line' id='line_1_11' title="bbox 176 969 1698 1020; baseline 0.003 -15"><span class='ocrx_word' id='word_1_92' title='bbox 176 982 286 1018; x_wconf 85' lang='lat' dir='ltr'>quam</span> <span class='ocrx_word' id='word_1_93' title='bbox 304 970 518 1007; x_wconf 89' lang='lat' dir='ltr'>commercio</span> <span class='ocrx_word' id='word_1_94' title='bbox 542 970 626 1007; x_wconf 89' lang='lat' dir='ltr'>olim</span> <span class='ocrx_word' id='word_1_95' title='bbox 647 971 713 1007; x_wconf 87' lang='lat' dir='ltr'>suit</span> <span class='ocrx_word' id='word_1_96' title='bbox 739 969 914 1017; x_wconf 86' lang='lat' dir='ltr'>insignis,</span> <span class='ocrx_word' id='word_1_97' title='bbox 944 981 1055 1018; x_wconf 90' lang='lat' dir='ltr'>quum</span> <span class='ocrx_word' id='word_1_98' title='bbox 1081 983 1147 1020; x_wconf 91' lang='lat' dir='ltr'>per</span> <span class='ocrx_word' id='word_1_99' title='bbox 1172 970 1396 1020; x_wconf 82' lang='lat' dir='ltr'>Canopicum</span> <span class='ocrx_word' id='word_1_100' title='bbox 1421 972 1554 1008; x_wconf 85' lang='lat' dir='ltr'>ostium</span> <span class='ocrx_word' id='word_1_101' title='bbox 1583 971 1698 1010; x_wconf 90' lang='lat' dir='ltr'>solum</span> 
     </span>
     <span class='ocr_line' id='line_1_12' title="bbox 177 1037 1697 1087; baseline 0.001 -12"><span class='ocrx_word' id='word_1_102' title='bbox 177 1039 307 1075; x_wconf 70' lang='lat' dir='ltr'>exteris</span> <span class='ocrx_word' id='word_1_103' title='bbox 330 1039 464 1076; x_wconf 90' lang='lat' dir='ltr'>intrare</span> <span class='ocrx_word' id='word_1_104' title='bbox 483 1038 625 1075; x_wconf 83' lang='lat' dir='ltr'>licuerit</span> <span class='ocrx_word' id='word_1_105' title='bbox 650 1039 687 1075; x_wconf 90' lang='lat' dir='ltr'>in</span> <span class='ocrx_word' id='word_1_106' title='bbox 711 1037 932 1087; x_wconf 80' lang='lat' dir='ltr'>Aegyptum.</span> <span class='ocrx_word' id='word_1_107' title='bbox 991 1037 1043 1074; x_wconf 91' lang='lat' dir='ltr'>Ac</span> <span class='ocrx_word' id='word_1_108' title='bbox 1061 1037 1117 1073; x_wconf 79' lang='lat' dir='ltr'>vel</span> <span class='ocrx_word' id='word_1_109' title='bbox 1136 1042 1221 1087; x_wconf 87' lang='lat' dir='ltr'>post</span> <span class='ocrx_word' id='word_1_110' title='bbox 1237 1037 1494 1075; x_wconf 84' lang='lat' dir='ltr'>Alexandriam</span> <span class='ocrx_word' id='word_1_111' title='bbox 1514 1040 1697 1077; x_wconf 89' lang='lat' dir='ltr'>conditam</span> 
     </span>
     <span class='ocr_line' id='line_1_13' title="bbox 176 1104 1698 1156; baseline 0.001 -14"><span class='ocrx_word' id='word_1_112' title='bbox 176 1106 256 1143; x_wconf 87' lang='lat' dir='ltr'>loeo</span> <span class='ocrx_word' id='word_1_113' title='bbox 288 1119 363 1143; x_wconf 92' lang='lat' dir='ltr'>non</span> <span class='ocrx_word' id='word_1_114' title='bbox 390 1107 496 1145; x_wconf 77' lang='lat' dir='ltr'>valde</span> <span class='ocrx_word' id='word_1_115' title='bbox 527 1112 667 1144; x_wconf 89' lang='lat' dir='ltr'>remoto</span> <span class='ocrx_word' id='word_1_116' title='bbox 691 1108 776 1144; x_wconf 92' lang='lat' dir='ltr'>urbs</span> <span class='ocrx_word' id='word_1_117' title='bbox 799 1104 935 1155; x_wconf 88' lang='lat' dir='ltr'>templo</span> <span class='ocrx_word' id='word_1_118' title='bbox 961 1105 1167 1155; x_wconf 81' lang='lat' dir='ltr'>Serapidis,</span> <span class='ocrx_word' id='word_1_119' title='bbox 1199 1107 1308 1143; x_wconf 86' lang='lat' dir='ltr'>sacris</span> <span class='ocrx_word' id='word_1_120' title='bbox 1334 1107 1698 1156; x_wconf 89' lang='lat' dir='ltr'>incubationibusque</span> 
     </span>
     <span class='ocr_line' id='line_1_14' title="bbox 176 1174 1700 1225; baseline 0.001 -14"><span class='ocrx_word' id='word_1_121' title='bbox 176 1175 282 1212; x_wconf 82' lang='lat' dir='ltr'>valde</span> <span class='ocrx_word' id='word_1_122' title='bbox 314 1174 459 1211; x_wconf 88' lang='lat' dir='ltr'>illustris</span> <span class='ocrx_word' id='word_1_123' title='bbox 492 1176 570 1213; x_wconf 88' lang='lat' dir='ltr'>fuit.</span> <span class='ocrx_word' id='word_1_124' title='bbox 630 1175 739 1213; x_wconf 85' lang='lat' dir='ltr'>Nunc</span> <span class='ocrx_word' id='word_1_125' title='bbox 768 1186 886 1225; x_wconf 86' lang='lat' dir='ltr'>pauca</span> <span class='ocrx_word' id='word_1_126' title='bbox 918 1174 1088 1210; x_wconf 87' lang='lat' dir='ltr'>ruderum</span> <span class='ocrx_word' id='word_1_127' title='bbox 1118 1175 1268 1224; x_wconf 85' lang='lat' dir='ltr'>vestigia</span> <span class='ocrx_word' id='word_1_128' title='bbox 1298 1188 1319 1212; x_wconf 91' lang='lat' dir='ltr'>a</span> <span class='ocrx_word' id='word_1_129' title='bbox 1343 1175 1458 1212; x_wconf 87' lang='lat' dir='ltr'>Gallis</span> <span class='ocrx_word' id='word_1_130' title='bbox 1490 1175 1606 1212; x_wconf 87' lang='lat' dir='ltr'>doctis</span> <span class='ocrx_word' id='word_1_131' title='bbox 1631 1176 1700 1213; x_wconf 90' lang='lat' dir='ltr'>de-</span> 
     </span>
     <span class='ocr_line' id='line_1_15' title="bbox 176 1242 1698 1293; baseline 0.001 -15"><span class='ocrx_word' id='word_1_132' title='bbox 176 1246 274 1279; x_wconf 86' lang='lat' dir='ltr'>tecta</span> <span class='ocrx_word' id='word_1_133' title='bbox 294 1243 390 1280; x_wconf 87' lang='lat' dir='ltr'>urbis</span> <span class='ocrx_word' id='word_1_134' title='bbox 417 1244 550 1281; x_wconf 70' lang='lat' dir='ltr'>veteris</span> <span class='ocrx_word' id='word_1_135' title='bbox 578 1244 698 1281; x_wconf 90' lang='lat' dir='ltr'>locum</span> <span class='ocrx_word' id='word_1_136' title='bbox 727 1248 931 1293; x_wconf 87' lang='lat' dir='ltr'>occupant,</span> <span class='ocrx_word' id='word_1_137' title='bbox 970 1243 1083 1282; x_wconf 91' lang='lat' dir='ltr'>horae</span> <span class='ocrx_word' id='word_1_138' title='bbox 1114 1244 1263 1280; x_wconf 90' lang='lat' dir='ltr'>dimidio</span> <span class='ocrx_word' id='word_1_139' title='bbox 1285 1248 1427 1281; x_wconf 86' lang='lat' dir='ltr'>remota</span> <span class='ocrx_word' id='word_1_140' title='bbox 1453 1255 1475 1280; x_wconf 92' lang='lat' dir='ltr'>a</span> <span class='ocrx_word' id='word_1_141' title='bbox 1498 1243 1579 1280; x_wconf 93' lang='lat' dir='ltr'>loco</span> <span class='ocrx_word' id='word_1_142' title='bbox 1607 1242 1698 1280; x_wconf 86' lang='lat' dir='ltr'>Gal-</span> 
     </span>
     <span class='ocr_line' id='line_1_16' title="bbox 176 1310 1697 1364; baseline 0 -17"><span class='ocrx_word' id='word_1_143' title='bbox 176 1310 291 1347; x_wconf 91' lang='lat' dir='ltr'>lorum</span> <span class='ocrx_word' id='word_1_144' title='bbox 314 1311 417 1349; x_wconf 85' lang='lat' dir='ltr'>clade</span> <span class='ocrx_word' id='word_1_145' title='bbox 439 1312 573 1361; x_wconf 83' lang='lat' dir='ltr'>insigni</span> <span class='ocrx_word' id='word_1_146' title='bbox 594 1311 753 1359; x_wconf 86' lang='lat' dir='ltr'>Abukir,</span> <span class='ocrx_word' id='word_1_147' title='bbox 784 1313 1006 1350; x_wconf 86' lang='lat' dir='ltr'>occidentem</span> <span class='ocrx_word' id='word_1_148' title='bbox 1033 1325 1158 1349; x_wconf 73' lang='lat' dir='ltr'>versus</span> <span class='ocrx_word' id='word_1_149' title='bbox 1188 1312 1442 1364; x_wconf 87' lang='lat' dir='ltr'>proficiscenti.</span> <span class='ocrx_word' id='word_1_150' title='bbox 1501 1311 1697 1348; x_wconf 87' lang='lat' dir='ltr'>Brachium</span> 
     </span>
     <span class='ocr_line' id='line_1_17' title="bbox 176 1377 1698 1431; baseline -0.001 -15"><span class='ocrx_word' id='word_1_151' title='bbox 176 1380 405 1431; x_wconf 85' lang='lat' dir='ltr'>Canopicum</span> <span class='ocrx_word' id='word_1_152' title='bbox 432 1381 518 1418; x_wconf 89' lang='lat' dir='ltr'>locis</span> <span class='ocrx_word' id='word_1_153' title='bbox 546 1381 793 1418; x_wconf 87' lang='lat' dir='ltr'>adiacentibus</span> <span class='ocrx_word' id='word_1_154' title='bbox 825 1384 862 1417; x_wconf 87' lang='lat' dir='ltr'>et</span> <span class='ocrx_word' id='word_1_155' title='bbox 887 1379 1169 1417; x_wconf 76' lang='lat' dir='ltr'>Heracleoticum</span> <span class='ocrx_word' id='word_1_156' title='bbox 1200 1379 1404 1430; x_wconf 84' lang='lat' dir='ltr'>appellatur</span> <span class='ocrx_word' id='word_1_157' title='bbox 1430 1384 1466 1417; x_wconf 92' lang='lat' dir='ltr'>et</span> <span class='ocrx_word' id='word_1_158' title='bbox 1496 1377 1698 1416; x_wconf 84' lang='lat' dir='ltr'>Naucrati-</span> 
     </span>
     <span class='ocr_line' id='line_1_18' title="bbox 175 1443 1697 1500; baseline 0 -16"><span class='ocrx_word' id='word_1_159' title='bbox 175 1460 263 1484; x_wconf 83' lang='lat' dir='ltr'>cum.</span> <span class='ocrx_word' id='word_1_160' title='bbox 334 1447 445 1498; x_wconf 91' lang='lat' dir='ltr'>Apud</span> <span class='ocrx_word' id='word_1_161' title='bbox 471 1448 722 1486; x_wconf 86' lang='lat' dir='ltr'>Ptolemaeum</span> <span class='ocrx_word' id='word_1_162' title='bbox 748 1452 898 1485; x_wconf 86' lang='lat' dir='ltr'>vocatur</span> <span class='ocrx_word' id='word_1_163' title='bbox 925 1443 1089 1500; x_wconf 68' lang='grc' dir='ltr'><em>Ἀγαθὸς</em></span> <span class='ocrx_word' id='word_1_164' title='bbox 1121 1448 1275 1498; x_wconf 82' lang='grc' dir='ltr'><em>δαίμων</em></span> <span class='ocrx_word' id='word_1_165' title='bbox 1286 1464 1297 1496; x_wconf 93' lang='grc'>,·</span> <span class='ocrx_word' id='word_1_166' title='bbox 1343 1448 1443 1497; x_wconf 89' lang='lat' dir='ltr'>quod</span> <span class='ocrx_word' id='word_1_167' title='bbox 1480 1460 1636 1495; x_wconf 90' lang='lat' dir='ltr'>nomen,</span> <span class='ocrx_word' id='word_1_168' title='bbox 1665 1448 1697 1485; x_wconf 88' lang='lat' dir='ltr'>si</span> 
     </span>
     <span class='ocr_line' id='line_1_19' title="bbox 173 1514 1697 1567; baseline -0.001 -14"><span class='ocrx_word' id='word_1_169' title='bbox 173 1529 288 1567; x_wconf 88' lang='lat' dir='ltr'>penes</span> <span class='ocrx_word' id='word_1_170' title='bbox 315 1517 631 1567; x_wconf 88' lang='lat' dir='ltr'>Champollionem</span> <span class='ocrx_word' id='word_1_171' title='bbox 661 1517 754 1553; x_wconf 88' lang='lat' dir='ltr'>fides</span> <span class='ocrx_word' id='word_1_172' title='bbox 785 1514 881 1563; x_wconf 83' lang='grc'><strong>(1.1.</strong></span> <span class='ocrx_word' id='word_1_173' title='bbox 903 1529 939 1566; x_wconf 92' lang='lat' dir='ltr'>p.</span> <span class='ocrx_word' id='word_1_174' title='bbox 961 1517 1016 1556; x_wconf 78' lang='lat'>23</span> <span class='ocrx_word' id='word_1_175' title='bbox 1038 1517 1161 1565; x_wconf 91' lang='lat' dir='ltr'>seq.),</span> <span class='ocrx_word' id='word_1_176' title='bbox 1188 1516 1372 1566; x_wconf 72' lang='lat' dir='ltr'>Aegyptio</span> <span class='ocrx_word' id='word_1_177' title='bbox 1399 1515 1537 1552; x_wconf 88' lang='lat' dir='ltr'>nomini</span> <span class='ocrx_word' id='word_1_178' title='bbox 1571 1514 1697 1552; x_wconf 79' lang='lat' dir='ltr'>Schet-</span> 
     </span>
     <span class='ocr_line' id='line_1_20' title="bbox 173 1583 1697 1635; baseline -0.001 -14"><span class='ocrx_word' id='word_1_179' title='bbox 173 1586 270 1634; x_wconf 78' lang='lat' dir='ltr'>noufi</span> <span class='ocrx_word' id='word_1_180' title='bbox 288 1586 509 1635; x_wconf 83' lang='lat' dir='ltr'>respondet,</span> <span class='ocrx_word' id='word_1_181' title='bbox 542 1599 614 1635; x_wconf 92' lang='lat' dir='ltr'>quo</span> <span class='ocrx_word' id='word_1_182' title='bbox 636 1586 717 1635; x_wconf 86' lang='lat' dir='ltr'>ipso</span> <span class='ocrx_word' id='word_1_183' title='bbox 743 1584 812 1620; x_wconf 91' lang='lat' dir='ltr'>hoc</span> <span class='ocrx_word' id='word_1_184' title='bbox 831 1583 1016 1620; x_wconf 84' lang='lat' dir='ltr'>brachium</span> <span class='ocrx_word' id='word_1_185' title='bbox 1037 1596 1058 1621; x_wconf 90' lang='lat' dir='ltr'>a</span> <span class='ocrx_word' id='word_1_186' title='bbox 1077 1584 1263 1622; x_wconf 88' lang='lat' dir='ltr'>veteribus</span> <span class='ocrx_word' id='word_1_187' title='bbox 1281 1583 1473 1634; x_wconf 75' lang='lat' dir='ltr'>Aegyptiis</span> <span class='ocrx_word' id='word_1_188' title='bbox 1498 1583 1697 1620; x_wconf 87' lang='lat' dir='ltr'>indicatum</span> 
     </span>
     <span class='ocr_line' id='line_1_21' title="bbox 170 1650 1696 1703; baseline -0.001 -15"><span class='ocrx_word' id='word_1_189' title='bbox 170 1653 305 1700; x_wconf 85' lang='lat' dir='ltr'>fuerit,</span> <span class='ocrx_word' id='word_1_190' title='bbox 329 1655 545 1703; x_wconf 87' lang='lat' dir='ltr'>praesertim</span> <span class='ocrx_word' id='word_1_191' title='bbox 565 1667 645 1691; x_wconf 89' lang='lat' dir='ltr'>cum</span> <span class='ocrx_word' id='word_1_192' title='bbox 675 1654 804 1691; x_wconf 89' lang='lat' dir='ltr'>eadem</span> <span class='ocrx_word' id='word_1_193' title='bbox 828 1652 896 1689; x_wconf 81' lang='lat' dir='ltr'>vici</span> <span class='ocrx_word' id='word_1_194' title='bbox 925 1653 1111 1689; x_wconf 91' lang='lat' dir='ltr'>cuiusdam</span> <span class='ocrx_word' id='word_1_195' title='bbox 1135 1653 1282 1689; x_wconf 87' lang='lat' dir='ltr'>brachio</span> <span class='ocrx_word' id='word_1_196' title='bbox 1311 1652 1394 1688; x_wconf 92' lang='lat' dir='ltr'>huic</span> <span class='ocrx_word' id='word_1_197' title='bbox 1423 1651 1620 1688; x_wconf 82' lang='lat' dir='ltr'>adiacentis</span> <span class='ocrx_word' id='word_1_198' title='bbox 1651 1650 1696 1687; x_wconf 91' lang='lat' dir='ltr'>sit</span> 
     </span>
     <span class='ocr_line' id='line_1_22' title="bbox 170 1718 1693 1771; baseline -0.001 -14"><span class='ocrx_word' id='word_1_199' title='bbox 170 1720 380 1771; x_wconf 84' lang='lat' dir='ltr'>appellatio.</span> <span class='ocrx_word' id='word_1_200' title='bbox 440 1722 655 1760; x_wconf 81' lang='lat' dir='ltr'>Schetnoufi</span> <span class='ocrx_word' id='word_1_201' title='bbox 695 1722 790 1759; x_wconf 88' lang='lat' dir='ltr'>enim</span> <span class='ocrx_word' id='word_1_202' title='bbox 832 1720 892 1758; x_wconf 89' lang='lat' dir='ltr'>ille</span> <span class='ocrx_word' id='word_1_203' title='bbox 931 1720 1008 1757; x_wconf 69' lang='lat' dir='ltr'>vult</span> <span class='ocrx_word' id='word_1_204' title='bbox 1045 1719 1312 1770; x_wconf 75' lang='lat' dir='ltr'>Aegyptiorum</span> <span class='ocrx_word' id='word_1_205' title='bbox 1351 1731 1519 1756; x_wconf 87' lang='lat' dir='ltr'>sermone</span> <span class='ocrx_word' id='word_1_206' title='bbox 1555 1718 1693 1756; x_wconf 86' lang='lat' dir='ltr'>valere:</span> 
     </span>
     <span class='ocr_line' id='line_1_23' title="bbox 172 1786 1694 1839; baseline -0.001 -14"><span class='ocrx_word' id='word_1_207' title='bbox 172 1788 278 1826; x_wconf 78' lang='lat' dir='ltr'>bonne</span> <span class='ocrx_word' id='word_1_208' title='bbox 297 1789 467 1837; x_wconf 75' lang='lat' dir='ltr'>branclie,</span> <span class='ocrx_word' id='word_1_209' title='bbox 498 1791 603 1827; x_wconf 82' lang='lat' dir='ltr'>bonne</span> <span class='ocrx_word' id='word_1_210' title='bbox 627 1790 789 1827; x_wconf 75' lang='lat' dir='ltr'>division.</span> <span class='ocrx_word' id='word_1_211' title='bbox 833 1788 890 1825; x_wconf 88' lang='lat' dir='ltr'>Ex</span> <span class='ocrx_word' id='word_1_212' title='bbox 912 1789 1101 1839; x_wconf 89' lang='lat' dir='ltr'>Canopico</span> <span class='ocrx_word' id='word_1_213' title='bbox 1131 1787 1224 1824; x_wconf 84' lang='lat' dir='ltr'>ostio</span> <span class='ocrx_word' id='word_1_214' title='bbox 1242 1786 1340 1823; x_wconf 91' lang='lat' dir='ltr'>aliud</span> <span class='ocrx_word' id='word_1_215' title='bbox 1362 1786 1546 1824; x_wconf 87' lang='lat' dir='ltr'>brachium</span> <span class='ocrx_word' id='word_1_216' title='bbox 1572 1787 1694 1824; x_wconf 87' lang='lat' dir='ltr'>orien-</span> 
     </span>
     <span class='ocr_line' id='line_1_24' title="bbox 171 1854 1694 1907; baseline -0.001 -14"><span class='ocrx_word' id='word_1_217' title='bbox 171 1861 245 1893; x_wconf 92' lang='lat' dir='ltr'>tem</span> <span class='ocrx_word' id='word_1_218' title='bbox 272 1871 398 1894; x_wconf 75' lang='lat' dir='ltr'>versus</span> <span class='ocrx_word' id='word_1_219' title='bbox 434 1870 507 1894; x_wconf 90' lang='lat' dir='ltr'>non</span> <span class='ocrx_word' id='word_1_220' title='bbox 540 1857 667 1907; x_wconf 91' lang='lat' dir='ltr'>procul</span> <span class='ocrx_word' id='word_1_221' title='bbox 701 1858 747 1894; x_wconf 90' lang='lat' dir='ltr'>ab</span> <span class='ocrx_word' id='word_1_222' title='bbox 783 1857 864 1907; x_wconf 94' lang='lat' dir='ltr'>ipso</span> <span class='ocrx_word' id='word_1_223' title='bbox 895 1857 986 1894; x_wconf 89' lang='lat' dir='ltr'>mari</span> <span class='ocrx_word' id='word_1_224' title='bbox 1010 1869 1128 1907; x_wconf 86' lang='lat' dir='ltr'>prope</span> <span class='ocrx_word' id='word_1_225' title='bbox 1163 1855 1343 1893; x_wconf 89' lang='lat' dir='ltr'>Deirouth</span> <span class='ocrx_word' id='word_1_226' title='bbox 1372 1854 1574 1891; x_wconf 75' lang='lat' dir='ltr'>derivatum</span> <span class='ocrx_word' id='word_1_227' title='bbox 1603 1858 1694 1901; x_wconf 84' lang='lat' dir='ltr'>erat,</span> 
     </span>
     <span class='ocr_line' id='line_1_25' title="bbox 171 1923 1694 1975; baseline -0.001 -13"><span class='ocrx_word' id='word_1_228' title='bbox 171 1925 389 1963; x_wconf 76' lang='lat' dir='ltr'>Bolbitinum</span> <span class='ocrx_word' id='word_1_229' title='bbox 405 1940 432 1964; x_wconf 92' lang='lat' dir='ltr'>s.</span> <span class='ocrx_word' id='word_1_230' title='bbox 452 1925 670 1964; x_wconf 79' lang='lat' dir='ltr'>Bolbiticum</span> <span class='ocrx_word' id='word_1_231' title='bbox 699 1925 800 1975; x_wconf 91' lang='lat' dir='ltr'>quod</span> <span class='ocrx_word' id='word_1_232' title='bbox 823 1925 1074 1975; x_wconf 86' lang='lat' dir='ltr'>appellabatur</span> <span class='ocrx_word' id='word_1_233' title='bbox 1104 1924 1149 1961; x_wconf 90' lang='lat' dir='ltr'>ab</span> <span class='ocrx_word' id='word_1_234' title='bbox 1177 1924 1288 1970; x_wconf 83' lang='lat' dir='ltr'>urbe,</span> <span class='ocrx_word' id='word_1_235' title='bbox 1318 1935 1427 1972; x_wconf 91' lang='lat' dir='ltr'>quam</span> <span class='ocrx_word' id='word_1_236' title='bbox 1456 1923 1694 1973; x_wconf 86' lang='lat' dir='ltr'>praeterflue-</span> 
     </span>
     <span class='ocr_line' id='line_1_26' title="bbox 170 1991 1693 2042; baseline -0.002 -12"><span class='ocrx_word' id='word_1_237' title='bbox 170 1994 246 2031; x_wconf 84' lang='lat' dir='ltr'>bat.</span> <span class='ocrx_word' id='word_1_238' title='bbox 304 1994 535 2033; x_wconf 87' lang='lat' dir='ltr'>Ptolemaeus</span> <span class='ocrx_word' id='word_1_239' title='bbox 565 1994 659 2030; x_wconf 90' lang='lat' dir='ltr'>hunc</span> <span class='ocrx_word' id='word_1_240' title='bbox 687 1993 848 2031; x_wconf 82' lang='lat' dir='ltr'>canalem</span> <span class='ocrx_word' id='word_1_241' title='bbox 873 1997 980 2030; x_wconf 86' lang='lat' dir='ltr'>vocat</span> <span class='ocrx_word' id='word_1_242' title='bbox 1008 1991 1125 2042; x_wconf 78' lang='lat' dir='ltr'>Taly;</span> <span class='ocrx_word' id='word_1_243' title='bbox 1166 2003 1261 2040; x_wconf 91' lang='lat' dir='ltr'>quae</span> <span class='ocrx_word' id='word_1_244' title='bbox 1288 1991 1385 2028; x_wconf 88' lang='lat' dir='ltr'>haud</span> <span class='ocrx_word' id='word_1_245' title='bbox 1423 1991 1496 2028; x_wconf 91' lang='lat' dir='ltr'>scio</span> <span class='ocrx_word' id='word_1_246' title='bbox 1529 2003 1577 2027; x_wconf 87' lang='lat' dir='ltr'>an</span> <span class='ocrx_word' id='word_1_247' title='bbox 1607 2002 1693 2028; x_wconf 88' lang='lat' dir='ltr'>vera</span> 
     </span>
     <span class='ocr_line' id='line_1_27' title="bbox 171 2058 1693 2112; baseline -0.003 -13"><span class='ocrx_word' id='word_1_248' title='bbox 171 2061 437 2112; x_wconf 81' lang='lat' dir='ltr'>Aegyptiorum</span> <span class='ocrx_word' id='word_1_249' title='bbox 465 2064 575 2100; x_wconf 84' lang='lat' dir='ltr'>fuerit</span> <span class='ocrx_word' id='word_1_250' title='bbox 607 2062 866 2100; x_wconf 89' lang='lat' dir='ltr'>denominatio.</span> <span class='ocrx_word' id='word_1_251' title='bbox 942 2060 1051 2099; x_wconf 67' lang='lat' dir='ltr'>Nunc</span> <span class='ocrx_word' id='word_1_252' title='bbox 1086 2060 1198 2098; x_wconf 93' lang='lat' dir='ltr'>hocce</span> <span class='ocrx_word' id='word_1_253' title='bbox 1234 2059 1440 2109; x_wconf 87' lang='lat' dir='ltr'>brachium,</span> <span class='ocrx_word' id='word_1_254' title='bbox 1479 2060 1580 2109; x_wconf 92' lang='lat' dir='ltr'>quod</span> <span class='ocrx_word' id='word_1_255' title='bbox 1609 2058 1693 2095; x_wconf 92' lang='lat' dir='ltr'>olim</span> 
     </span>
     <span class='ocr_line' id='line_1_28' title="bbox 169 2127 1693 2177; baseline -0.001 -13"><span class='ocrx_word' id='word_1_256' title='bbox 169 2129 366 2167; x_wconf 80' lang='lat' dir='ltr'>invalidum</span> <span class='ocrx_word' id='word_1_257' title='bbox 398 2131 484 2177; x_wconf 87' lang='lat' dir='ltr'>suit,</span> <span class='ocrx_word' id='word_1_258' title='bbox 515 2131 675 2167; x_wconf 89' lang='lat' dir='ltr'>omnium</span> <span class='ocrx_word' id='word_1_259' title='bbox 704 2131 820 2168; x_wconf 88' lang='lat' dir='ltr'>fertur</span> <span class='ocrx_word' id='word_1_260' title='bbox 849 2129 1129 2174; x_wconf 79' lang='lat' dir='ltr'>validissimum3</span> <span class='ocrx_word' id='word_1_261' title='bbox 1158 2128 1393 2165; x_wconf 78' lang='lat' dir='ltr'>Rosettanum</span> <span class='ocrx_word' id='word_1_262' title='bbox 1418 2127 1529 2176; x_wconf 88' lang='lat' dir='ltr'>vulgo</span> <span class='ocrx_word' id='word_1_263' title='bbox 1563 2127 1693 2164; x_wconf 87' lang='lat' dir='ltr'>dicitur</span> 
     </span>
     <span class='ocr_line' id='line_1_29' title="bbox 169 2193 1692 2246; baseline 0 -14"><span class='ocrx_word' id='word_1_264' title='bbox 169 2200 321 2246; x_wconf 89' lang='lat' dir='ltr'>propter</span> <span class='ocrx_word' id='word_1_265' title='bbox 344 2197 471 2234; x_wconf 91' lang='lat' dir='ltr'>urbem</span> <span class='ocrx_word' id='word_1_266' title='bbox 488 2198 662 2246; x_wconf 64' lang='lat' dir='ltr'>Roseae,</span> <span class='ocrx_word' id='word_1_267' title='bbox 691 2199 754 2236; x_wconf 92' lang='lat' dir='ltr'>ubi</span> <span class='ocrx_word' id='word_1_268' title='bbox 775 2198 867 2235; x_wconf 90' lang='lat' dir='ltr'>mari</span> <span class='ocrx_word' id='word_1_269' title='bbox 888 2198 1069 2235; x_wconf 86' lang='lat' dir='ltr'>miscetur.</span> <span class='ocrx_word' id='word_1_270' title='bbox 1104 2196 1190 2233; x_wconf 87' lang='lat' dir='ltr'>Vid.</span> <span class='ocrx_word' id='word_1_271' title='bbox 1208 2197 1258 2233; x_wconf 93' lang='lat' dir='ltr'>du</span> <span class='ocrx_word' id='word_1_272' title='bbox 1276 2194 1518 2244; x_wconf 76' lang='lat' dir='ltr'>Bois-Ayme</span> <span class='ocrx_word' id='word_1_273' title='bbox 1538 2208 1574 2245; x_wconf 93' lang='lat' dir='ltr'>p.</span> <span class='ocrx_word' id='word_1_274' title='bbox 1594 2193 1692 2235; x_wconf 80' lang='lat'>284.</span> 
     </span>
     <span class='ocr_line' id='line_1_30' title="bbox 169 2261 1692 2314; baseline -0.001 -13"><span class='ocrx_word' id='word_1_275' title='bbox 169 2264 286 2301; x_wconf 85' lang='lat' dir='ltr'>Vetus</span> <span class='ocrx_word' id='word_1_276' title='bbox 307 2265 535 2314; x_wconf 88' lang='lat' dir='ltr'>Canopicum</span> <span class='ocrx_word' id='word_1_277' title='bbox 558 2266 741 2303; x_wconf 86' lang='lat' dir='ltr'>brachium</span> <span class='ocrx_word' id='word_1_278' title='bbox 760 2279 857 2302; x_wconf 91' lang='lat' dir='ltr'>nunc</span> <span class='ocrx_word' id='word_1_279' title='bbox 887 2265 1020 2302; x_wconf 89' lang='lat' dir='ltr'>siccum</span> <span class='ocrx_word' id='word_1_280' title='bbox 1041 2268 1096 2302; x_wconf 83' lang='lat' dir='ltr'>est</span> <span class='ocrx_word' id='word_1_281' title='bbox 1117 2264 1309 2312; x_wconf 90' lang='lat' dir='ltr'>rariusque</span> <span class='ocrx_word' id='word_1_282' title='bbox 1337 2262 1413 2300; x_wconf 75' lang='lat' dir='ltr'>Nili</span> <span class='ocrx_word' id='word_1_283' title='bbox 1438 2262 1542 2311; x_wconf 90' lang='lat' dir='ltr'>aquis</span> <span class='ocrx_word' id='word_1_284' title='bbox 1562 2261 1692 2312; x_wconf 86' lang='lat' dir='ltr'>imple-</span> 
     </span>
     <span class='ocr_line' id='line_1_31' title="bbox 168 2328 1689 2382; baseline -0.002 -14"><span class='ocrx_word' id='word_1_285' title='bbox 168 2335 248 2380; x_wconf 92' lang='lat' dir='ltr'>tur,</span> <span class='ocrx_word' id='word_1_286' title='bbox 277 2332 359 2370; x_wconf 89' lang='lat' dir='ltr'>licet</span> <span class='ocrx_word' id='word_1_287' title='bbox 378 2333 453 2370; x_wconf 89' lang='lat' dir='ltr'>eius</span> <span class='ocrx_word' id='word_1_288' title='bbox 469 2333 625 2381; x_wconf 85' lang='lat' dir='ltr'>vestigia</span> <span class='ocrx_word' id='word_1_289' title='bbox 644 2337 809 2370; x_wconf 85' lang='lat' dir='ltr'>accurate</span> <span class='ocrx_word' id='word_1_290' title='bbox 828 2332 1007 2382; x_wconf 88' lang='lat' dir='ltr'>persequi</span> <span class='ocrx_word' id='word_1_291' title='bbox 1026 2331 1143 2368; x_wconf 87' lang='lat' dir='ltr'>liceat.</span> <span class='ocrx_word' id='word_1_292' title='bbox 1188 2331 1273 2368; x_wconf 91' lang='lat' dir='ltr'>Vid.</span> <span class='ocrx_word' id='word_1_293' title='bbox 1292 2331 1343 2367; x_wconf 90' lang='lat' dir='ltr'>du</span> <span class='ocrx_word' id='word_1_294' title='bbox 1359 2329 1447 2366; x_wconf 86' lang='lat' dir='ltr'>Bois</span> <span class='ocrx_word' id='word_1_295' title='bbox 1460 2328 1602 2378; x_wconf 73' lang='lat' dir='ltr'>-Ayme</span> <span class='ocrx_word' id='word_1_296' title='bbox 1624 2328 1648 2366; x_wconf 91' lang='lat' dir='ltr'>l.</span> <span class='ocrx_word' id='word_1_297' title='bbox 1665 2329 1689 2366; x_wconf 88' lang='lat' dir='ltr'>l.</span> 
     </span>
     <span class='ocr_line' id='line_1_32' title="bbox 167 2397 1690 2450; baseline -0.001 -14"><span class='ocrx_word' id='word_1_298' title='bbox 167 2412 253 2450; x_wconf 82' lang='lat' dir='ltr'>pag.</span> <span class='ocrx_word' id='word_1_299' title='bbox 274 2402 354 2441; x_wconf 78' lang='lat'>281</span> <span class='ocrx_word' id='word_1_300' title='bbox 381 2413 458 2448; x_wconf 88' lang='lat' dir='ltr'>seq.</span> <span class='ocrx_word' id='word_1_301' title='bbox 496 2400 651 2437; x_wconf 86' lang='lat' dir='ltr'>Rennel.</span> <span class='ocrx_word' id='word_1_302' title='bbox 673 2400 695 2437; x_wconf 87' lang='lat' dir='ltr'>l.</span> <span class='ocrx_word' id='word_1_303' title='bbox 716 2399 738 2436; x_wconf 96' lang='lat' dir='ltr'>l.</span> <span class='ocrx_word' id='word_1_304' title='bbox 768 2414 804 2450; x_wconf 91' lang='lat' dir='ltr'>p.</span> <span class='ocrx_word' id='word_1_305' title='bbox 826 2399 908 2440; x_wconf 81' lang='lat'>614</span> <span class='ocrx_word' id='word_1_306' title='bbox 928 2412 1032 2448; x_wconf 89' lang='lat' dir='ltr'>seqq.</span> <span class='ocrx_word' id='word_1_307' title='bbox 1076 2398 1259 2436; x_wconf 86' lang='lat' dir='ltr'>Mannert.</span> <span class='ocrx_word' id='word_1_308' title='bbox 1277 2398 1300 2435; x_wconf 93' lang='lat' dir='ltr'>l.</span> <span class='ocrx_word' id='word_1_309' title='bbox 1320 2398 1343 2435; x_wconf 91' lang='lat' dir='ltr'>l.</span> <span class='ocrx_word' id='word_1_310' title='bbox 1372 2410 1457 2448; x_wconf 85' lang='lat' dir='ltr'>pag.</span> <span class='ocrx_word' id='word_1_311' title='bbox 1481 2397 1562 2439; x_wconf 81' lang='lat'>540</span> <span class='ocrx_word' id='word_1_312' title='bbox 1584 2410 1690 2446; x_wconf 86' lang='lat' dir='ltr'>seqq.</span> 
     </span>
     <span class='ocr_line' id='line_1_33' title="bbox 167 2465 1688 2517; baseline -0.001 -13"><span class='ocrx_word' id='word_1_313' title='bbox 167 2467 302 2505; x_wconf 80' lang='lat' dir='ltr'>Ritter.</span> <span class='ocrx_word' id='word_1_314' title='bbox 329 2468 519 2504; x_wconf 86' lang='lat' dir='ltr'>Erdkund.</span> <span class='ocrx_word' id='word_1_315' title='bbox 543 2468 559 2504; x_wconf 95' lang='lat' dir='ltr'>I</span> <span class='ocrx_word' id='word_1_316' title='bbox 579 2481 615 2517; x_wconf 86' lang='lat' dir='ltr'>p.</span> <span class='ocrx_word' id='word_1_317' title='bbox 635 2470 715 2509; x_wconf 79' lang='lat'>816</span> <span class='ocrx_word' id='word_1_318' title='bbox 738 2480 815 2516; x_wconf 89' lang='lat' dir='ltr'>seq.</span> <span class='ocrx_word' id='word_1_319' title='bbox 874 2467 980 2510; x_wconf 88' lang='lat' dir='ltr'>Quae</span> <span class='ocrx_word' id='word_1_320' title='bbox 1000 2478 1079 2503; x_wconf 92' lang='lat' dir='ltr'>cum</span> <span class='ocrx_word' id='word_1_321' title='bbox 1101 2467 1151 2503; x_wconf 88' lang='lat' dir='ltr'>ita</span> <span class='ocrx_word' id='word_1_322' title='bbox 1170 2479 1209 2504; x_wconf 87' lang='lat' dir='ltr'>se</span> <span class='ocrx_word' id='word_1_323' title='bbox 1238 2466 1422 2512; x_wconf 90' lang='lat' dir='ltr'>habeant,</span> <span class='ocrx_word' id='word_1_324' title='bbox 1452 2465 1688 2502; x_wconf 79' lang='lat' dir='ltr'>Rosettanum</span> 
     </span>
     <span class='ocr_line' id='line_1_34' title="bbox 167 2532 1515 2584; baseline -0.001 -12"><span class='ocrx_word' id='word_1_325' title='bbox 167 2536 312 2572; x_wconf 87' lang='lat' dir='ltr'>fiuvium</span> <span class='ocrx_word' id='word_1_326' title='bbox 339 2536 376 2572; x_wconf 90' lang='lat' dir='ltr'>in</span> <span class='ocrx_word' id='word_1_327' title='bbox 400 2535 568 2584; x_wconf 65' lang='lat' dir='ltr'>Canopica=</span> <span class='ocrx_word' id='word_1_328' title='bbox 585 2535 713 2572; x_wconf 88' lang='lat' dir='ltr'>veteris</span> <span class='ocrx_word' id='word_1_329' title='bbox 737 2535 855 2571; x_wconf 90' lang='lat' dir='ltr'>locum</span> <span class='ocrx_word' id='word_1_330' title='bbox 873 2547 970 2570; x_wconf 89' lang='lat' dir='ltr'>nunc</span> <span class='ocrx_word' id='word_1_331' title='bbox 988 2534 1202 2571; x_wconf 80' lang='lat' dir='ltr'>successisse</span> <span class='ocrx_word' id='word_1_332' title='bbox 1221 2532 1332 2581; x_wconf 83' lang='lat' dir='ltr'>vulgo</span> <span class='ocrx_word' id='word_1_333' title='bbox 1359 2538 1515 2583; x_wconf 82' lang='lat' dir='ltr'>ponimt.</span> 
     </span>
    </p>

    <p class='ocr_par' dir='ltr' id='par_1_4' title="bbox 164 2600 1686 2924">
     <span class='ocr_line' id='line_1_35' title="bbox 283 2600 1686 2651; baseline -0.003 -10"><span class='ocrx_word' id='word_1_334' title='bbox 283 2603 448 2641; x_wconf 89' lang='lat' dir='ltr'>Tertium</span> <span class='ocrx_word' id='word_1_335' title='bbox 486 2602 561 2639; x_wconf 68' lang='lat' dir='ltr'>Nili</span> <span class='ocrx_word' id='word_1_336' title='bbox 597 2602 780 2639; x_wconf 87' lang='lat' dir='ltr'>brachium</span> <span class='ocrx_word' id='word_1_337' title='bbox 802 2631 813 2649; x_wconf 97' lang='lat'>,</span> <span class='ocrx_word' id='word_1_338' title='bbox 864 2602 1025 2639; x_wconf 90' lang='lat' dir='ltr'>omnium</span> <span class='ocrx_word' id='word_1_339' title='bbox 1058 2603 1136 2638; x_wconf 84' lang='lat' dir='ltr'>fere</span> <span class='ocrx_word' id='word_1_340' title='bbox 1165 2602 1378 2648; x_wconf 79' lang='lat' dir='ltr'>maximum,</span> <span class='ocrx_word' id='word_1_341' title='bbox 1417 2600 1686 2651; x_wconf 73' lang='lat' dir='ltr'>Sebennyticum</span> 
     </span>
     <span class='ocr_line' id='line_1_36' title="bbox 167 2669 1683 2720; baseline -0.002 -12"><span class='ocrx_word' id='word_1_342' title='bbox 167 2672 213 2708; x_wconf 88' lang='lat' dir='ltr'>ab</span> <span class='ocrx_word' id='word_1_343' title='bbox 238 2671 434 2709; x_wconf 89' lang='lat' dir='ltr'>Herodoto</span> <span class='ocrx_word' id='word_1_344' title='bbox 455 2669 656 2720; x_wconf 88' lang='lat' dir='ltr'>appellatur</span> <span class='ocrx_word' id='word_1_345' title='bbox 671 2698 681 2716; x_wconf 91' lang='lat'>,</span> <span class='ocrx_word' id='word_1_346' title='bbox 712 2671 812 2718; x_wconf 93' lang='lat' dir='ltr'>quod</span> <span class='ocrx_word' id='word_1_347' title='bbox 828 2670 977 2707; x_wconf 88' lang='lat' dir='ltr'>Deltam</span> <span class='ocrx_word' id='word_1_348' title='bbox 1004 2670 1161 2707; x_wconf 76' lang='lat' dir='ltr'>mediam</span> <span class='ocrx_word' id='word_1_349' title='bbox 1192 2670 1401 2716; x_wconf 81' lang='lat' dir='ltr'>dissecans,</span> <span class='ocrx_word' id='word_1_350' title='bbox 1432 2670 1468 2705; x_wconf 94' lang='lat' dir='ltr'>in</span> <span class='ocrx_word' id='word_1_351' title='bbox 1494 2669 1575 2719; x_wconf 92' lang='lat' dir='ltr'>ipso</span> <span class='ocrx_word' id='word_1_352' title='bbox 1591 2669 1683 2706; x_wconf 93' lang='lat' dir='ltr'>Del-</span> 
     </span>
     <span class='ocr_line' id='line_1_37' title="bbox 167 2735 1684 2790; baseline -0.002 -14"><span class='ocrx_word' id='word_1_353' title='bbox 167 2745 227 2777; x_wconf 81' lang='lat' dir='ltr'>tae</span> <span class='ocrx_word' id='word_1_354' title='bbox 249 2740 352 2790; x_wconf 89' lang='lat' dir='ltr'>apice</span> <span class='ocrx_word' id='word_1_355' title='bbox 370 2737 642 2789; x_wconf 85' lang='lat' dir='ltr'>septentrionali</span> <span class='ocrx_word' id='word_1_356' title='bbox 666 2738 703 2774; x_wconf 92' lang='lat' dir='ltr'>in</span> <span class='ocrx_word' id='word_1_357' title='bbox 729 2750 829 2775; x_wconf 91' lang='lat' dir='ltr'>mare</span> <span class='ocrx_word' id='word_1_358' title='bbox 860 2738 1006 2782; x_wconf 80' lang='lat' dir='ltr'>effluat,</span> <span class='ocrx_word' id='word_1_359' title='bbox 1038 2742 1235 2786; x_wconf 86' lang='lat' dir='ltr'>postquam</span> <span class='ocrx_word' id='word_1_360' title='bbox 1255 2737 1380 2773; x_wconf 85' lang='lat' dir='ltr'>urbem</span> <span class='ocrx_word' id='word_1_361' title='bbox 1406 2735 1523 2773; x_wconf 89' lang='lat' dir='ltr'>Butus</span> <span class='ocrx_word' id='word_1_362' title='bbox 1548 2735 1684 2773; x_wconf 91' lang='lat' dir='ltr'>lacum-</span> 
     </span>
     <span class='ocr_line' id='line_1_38' title="bbox 168 2802 1684 2858; baseline -0.001 -16"><span class='ocrx_word' id='word_1_363' title='bbox 168 2821 240 2855; x_wconf 83' lang='lat' dir='ltr'>que</span> <span class='ocrx_word' id='word_1_364' title='bbox 256 2808 492 2858; x_wconf 84' lang='lat' dir='ltr'>praeterierit.</span> <span class='ocrx_word' id='word_1_365' title='bbox 553 2806 665 2850; x_wconf 85' lang='lat' dir='ltr'>Quod</span> <span class='ocrx_word' id='word_1_366' title='bbox 693 2806 723 2842; x_wconf 90' lang='lat' dir='ltr'>si</span> <span class='ocrx_word' id='word_1_367' title='bbox 748 2806 945 2854; x_wconf 88' lang='lat' dir='ltr'>antiquitus</span> <span class='ocrx_word' id='word_1_368' title='bbox 968 2817 1095 2842; x_wconf 79' lang='lat' dir='ltr'>revera</span> <span class='ocrx_word' id='word_1_369' title='bbox 1121 2804 1195 2841; x_wconf 86' lang='lat' dir='ltr'>tale</span> <span class='ocrx_word' id='word_1_370' title='bbox 1211 2804 1279 2840; x_wconf 84' lang='lat' dir='ltr'>fuit</span> <span class='ocrx_word' id='word_1_371' title='bbox 1312 2804 1400 2850; x_wconf 91' lang='lat' dir='ltr'>(nec</span> <span class='ocrx_word' id='word_1_372' title='bbox 1427 2802 1536 2840; x_wconf 90' lang='lat' dir='ltr'>ullum</span> <span class='ocrx_word' id='word_1_373' title='bbox 1561 2804 1684 2841; x_wconf 82' lang='lat' dir='ltr'>obstat</span> 
     </span>
     <span class='ocr_line' id='line_1_39' title="bbox 164 2871 1683 2924; baseline -0.001 -14"><span class='ocrx_word' id='word_1_374' title='bbox 164 2875 428 2922; x_wconf 80' lang='lat' dir='ltr'>testimonium,</span> <span class='ocrx_word' id='word_1_375' title='bbox 459 2888 532 2924; x_wconf 85' lang='lat' dir='ltr'>quo</span> <span class='ocrx_word' id='word_1_376' title='bbox 561 2874 678 2912; x_wconf 81' lang='lat' dir='ltr'>minus</span> <span class='ocrx_word' id='word_1_377' title='bbox 710 2874 952 2920; x_wconf 86' lang='lat' dir='ltr'>credamus),</span> <span class='ocrx_word' id='word_1_378' title='bbox 982 2872 1097 2922; x_wconf 86' lang='lat' dir='ltr'>ipsam</span> <span class='ocrx_word' id='word_1_379' title='bbox 1128 2871 1287 2908; x_wconf 89' lang='lat' dir='ltr'>locorum</span> <span class='ocrx_word' id='word_1_380' title='bbox 1314 2874 1480 2907; x_wconf 85' lang='lat' dir='ltr'>naturam</span> <span class='ocrx_word' id='word_1_381' title='bbox 1510 2871 1683 2920; x_wconf 87' lang='lat' dir='ltr'>fluviique</span> 
     </span>
    </p>
   </div>
  </div>
 </body>
</html>
