<?xml version="1.0" encoding="UTF-8"?>
<!DOCTYPE html PUBLIC "-//W3C//DTD XHTML 1.0 Transitional//EN"
    "http://www.w3.org/TR/xhtml1/DTD/xhtml1-transitional.dtd">
<html xmlns="http://www.w3.org/1999/xhtml" xml:lang="en" lang="en">
 <head>
  <title>
</title>
<meta http-equiv="Content-Type" content="text/html;charset=utf-8" />
  <meta name='ocr-system' content='tesseract 3.04.00' />
  <meta name='ocr-capabilities' content='ocr_page ocr_carea ocr_par ocr_line ocrx_word'/>
</head>
<body>
  <div class='ocr_page' id='page_1' title='image "./musaeher01hero/musaeher01hero_0174.png"; bbox 0 0 1814 3315; ppageno 0'>
   <div class='ocr_carea' id='block_1_1' title="bbox 41 841 320 1047">
    <p class='ocr_par' dir='ltr' id='par_1_1' title="bbox 41 841 320 1047">
     <span class='ocr_line' id='line_1_1' title="bbox 250 841 316 889; baseline -0.015 0"><span class='ocrx_word' id='word_1_1' title='bbox 250 841 316 889; x_wconf 82' lang='lat'><strong>65</strong></span> 
     </span>
     <span class='ocr_line' id='line_1_2' title="bbox 41 909 287 941; baseline -0.02 0"><span class='ocrx_word' id='word_1_2' title='bbox 41 909 287 941; x_wconf 75' lang='lat' dir='ltr'>Lacedaemoniis</span> 
     </span>
     <span class='ocr_line' id='line_1_3' title="bbox 42 944 319 982; baseline -0.014 -9"><span class='ocrx_word' id='word_1_3' title='bbox 42 950 110 982; x_wconf 78' lang='lat' dir='ltr'><strong>post</strong></span> <span class='ocrx_word' id='word_1_4' title='bbox 118 945 262 981; x_wconf 72' lang='lat' dir='ltr'><strong>pessimas</strong></span> <span class='ocrx_word' id='word_1_5' title='bbox 277 944 319 981; x_wconf 67' lang='lat'><strong>¹⁰?</strong></span> 
     </span>
     <span class='ocr_line' id='line_1_4' title="bbox 42 978 320 1015; baseline -0.014 -9"><span class='ocrx_word' id='word_1_6' title='bbox 42 988 112 1015; x_wconf 78' lang='lat' dir='ltr'><strong>ges,</strong></span> <span class='ocrx_word' id='word_1_7' title='bbox 139 978 245 1013; x_wconf 80' lang='lat' dir='ltr'><strong>quibus</strong></span> <span class='ocrx_word' id='word_1_8' title='bbox 272 984 320 1003; x_wconf 67' lang='lat' dir='ltr'><strong>usi</strong></span> 
     </span>
     <span class='ocr_line' id='line_1_5' title="bbox 41 1015 320 1047; baseline -0.022 -6"><span class='ocrx_word' id='word_1_9' title='bbox 41 1016 146 1047; x_wconf 74' lang='lat' dir='ltr'><strong>erant,</strong></span> <span class='ocrx_word' id='word_1_10' title='bbox 189 1015 320 1045; x_wconf 74' lang='lat' dir='ltr'><strong>optimae</strong></span> 
     </span>
    </p>
   </div>
   <div class='ocr_carea' id='block_1_2' title="bbox 42 1044 320 1109">
    <p class='ocr_par' dir='ltr' id='par_1_2' title="bbox 42 1044 320 1109">
     <span class='ocr_line' id='line_1_6' title="bbox 42 1044 320 1081; baseline -0.014 -7"><span class='ocrx_word' id='word_1_11' title='bbox 42 1056 60 1074; x_wconf 85' lang='lat' dir='ltr'><strong>a</strong></span> <span class='ocrx_word' id='word_1_12' title='bbox 77 1047 212 1081; x_wconf 75' lang='lat' dir='ltr'><strong>Lycurgo</strong></span> <span class='ocrx_word' id='word_1_13' title='bbox 231 1044 320 1073; x_wconf 78' lang='lat' dir='ltr'><strong>datae</strong></span> 
     </span>
     <span class='ocr_line' id='line_1_7' title="bbox 42 1081 148 1109; baseline 0 -1"><span class='ocrx_word' id='word_1_14' title='bbox 42 1089 70 1109; x_wconf 88' lang='lat' dir='ltr'><strong>a.</strong></span> <span class='ocrx_word' id='word_1_15' title='bbox 89 1081 148 1108; x_wconf 68' lang='lat'><strong>884.</strong></span> 
     </span>
    </p>
   </div>
   <div class='ocr_carea' id='block_1_3' title="bbox 373 257 454 296">
    <p class='ocr_par' dir='ltr' id='par_1_3' title="bbox 373 257 454 296">
     <span class='ocr_line' id='line_1_8' title="bbox 373 257 454 296; baseline -0.012 0"><span class='ocrx_word' id='word_1_16' title='bbox 373 257 454 296; x_wconf 79' lang='lat'><strong>160</strong></span> 
     </span>
    </p>
   </div>
   <div class='ocr_carea' id='block_1_4' title="bbox 776 251 1238 292">
    <p class='ocr_par' dir='ltr' id='par_1_4' title="bbox 776 251 1238 292">
     <span class='ocr_line' id='line_1_9' title="bbox 776 251 1238 292; baseline -0.002 -2"><span class='ocrx_word' id='word_1_17' title='bbox 776 251 1238 292; x_wconf 87' lang='lat' dir='ltr'>HERODOTI</span> 
     </span>
    </p>
   </div>
   <div class='ocr_carea' id='block_1_5' title="bbox 372 357 1632 418">
    <p class='ocr_par' dir='ltr' id='par_1_5' title="bbox 372 357 1632 418">
     <span class='ocr_line' id='line_1_10' title="bbox 372 357 1632 418; baseline -0.004 -12"><span class='ocrx_word' id='word_1_18' title='bbox 372 365 454 406; x_wconf 86' lang='grc' dir='ltr'><strong><em>τοῦ</em></strong></span> <span class='ocrx_word' id='word_1_19' title='bbox 483 362 584 415; x_wconf 79' lang='grc' dir='ltr'><strong><em>ἱροῦ</em></strong></span> <span class='ocrx_word' id='word_1_20' title='bbox 613 357 722 417; x_wconf 82' lang='grc' dir='ltr'><strong><em>εἶχε,</em></strong></span> <span class='ocrx_word' id='word_1_21' title='bbox 751 360 798 404; x_wconf 77' lang='grc' dir='ltr'><strong><em>ἐκ</em></strong></span> <span class='ocrx_word' id='word_1_22' title='bbox 826 359 987 405; x_wconf 88' lang='grc' dir='ltr'><strong><em>τούτου</em></strong></span> <span class='ocrx_word' id='word_1_23' title='bbox 1015 366 1097 407; x_wconf 88' lang='grc' dir='ltr'><strong><em>τοῦ</em></strong></span> <span class='ocrx_word' id='word_1_24' title='bbox 1126 361 1270 418; x_wconf 79' lang='grc' dir='ltr'><strong><em>χώρου</em></strong></span> <span class='ocrx_word' id='word_1_25' title='bbox 1300 358 1464 409; x_wconf 83' lang='grc' dir='ltr'><strong><em>παντὸς</em></strong></span> <span class='ocrx_word' id='word_1_26' title='bbox 1483 357 1632 414; x_wconf 79' lang='grc' dir='ltr'><strong><em>ἐξορύ-</em></strong></span> 
     </span>
    </p>
   </div>
   <div class='ocr_carea' id='block_1_6' title="bbox 373 439 1635 497">
    <p class='ocr_par' dir='ltr' id='par_1_6' title="bbox 373 439 1635 497">
     <span class='ocr_line' id='line_1_11' title="bbox 373 439 1635 497; baseline -0.002 -14"><span class='ocrx_word' id='word_1_27' title='bbox 373 443 449 493; x_wconf 81' lang='grc' dir='ltr'><strong><em>ξας</em></strong></span> <span class='ocrx_word' id='word_1_28' title='bbox 474 440 578 491; x_wconf 79' lang='grc' dir='ltr'><strong>τούς</strong></span> <span class='ocrx_word' id='word_1_29' title='bbox 605 439 810 494; x_wconf 77' lang='grc' dir='ltr'><strong><em>νεκρούς,</em></strong></span> <span class='ocrx_word' id='word_1_30' title='bbox 859 441 1090 497; x_wconf 78' lang='grc' dir='ltr'><strong><em>μετεφόρεε</em></strong></span> <span class='ocrx_word' id='word_1_31' title='bbox 1133 441 1176 491; x_wconf 79' lang='grc' dir='ltr'><strong>ἐς</strong></span> <span class='ocrx_word' id='word_1_32' title='bbox 1211 439 1350 484; x_wconf 78' lang='grc' dir='ltr'><strong><em>ἄλλον</em></strong></span> <span class='ocrx_word' id='word_1_33' title='bbox 1384 443 1529 495; x_wconf 76' lang='grc' dir='ltr'><strong><em>χῶρον</em></strong></span> <span class='ocrx_word' id='word_1_34' title='bbox 1557 442 1635 494; x_wconf 80' lang='grc' dir='ltr'><strong><em>τῆς</em></strong></span> 
     </span>
    </p>
   </div>
   <div class='ocr_carea' id='block_1_7' title="bbox 344 517 1692 575">
    <p class='ocr_par' dir='ltr' id='par_1_7' title="bbox 344 517 1692 575">
     <span class='ocr_line' id='line_1_12' title="bbox 344 517 1692 575; baseline -0.003 -13"><span class='ocrx_word' id='word_1_35' title='bbox 344 520 539 575; x_wconf 82' lang='grc' dir='ltr'><strong><em>4Δήλου.</em></strong></span> <span class='ocrx_word' id='word_1_36' title='bbox 569 519 643 562; x_wconf 86' lang='grc' dir='ltr'><strong>καὶ</strong></span> <span class='ocrx_word' id='word_1_37' title='bbox 664 521 973 574; x_wconf 88' lang='grc' dir='ltr'><strong><em>Πεισίστρατος</em></strong></span> <span class='ocrx_word' id='word_1_38' title='bbox 1001 521 1079 575; x_wconf 77' lang='grc' dir='ltr'><strong>μὲν</strong></span> <span class='ocrx_word' id='word_1_39' title='bbox 1102 519 1362 575; x_wconf 79' lang='grc' dir='ltr'><strong><em>ἐτυράννευε</em></strong></span> <span class='ocrx_word' id='word_1_40' title='bbox 1378 517 1633 574; x_wconf 81' lang='grc' dir='ltr'><strong><em>Ἀθηναίων·</em></strong></span> <span class='ocrx_word' id='word_1_41' title='bbox 1650 525 1692 558; x_wconf 87' lang='grc'><strong>10</strong></span> 
     </span>
    </p>
   </div>
   <div class='ocr_carea' id='block_1_8' title="bbox 367 596 1634 655">
    <p class='ocr_par' dir='ltr' id='par_1_8' title="bbox 367 596 1634 655">
     <span class='ocr_line' id='line_1_13' title="bbox 367 596 1634 655; baseline -0.002 -13"><span class='ocrx_word' id='word_1_42' title='bbox 367 596 613 654; x_wconf 79' lang='grc' dir='ltr'><strong><em>Ἀθηναίων</em></strong></span> <span class='ocrx_word' id='word_1_43' title='bbox 653 599 698 642; x_wconf 81' lang='grc' dir='ltr'><strong>δὲ</strong></span> <span class='ocrx_word' id='word_1_44' title='bbox 728 600 772 642; x_wconf 80' lang='grc' dir='ltr'><strong>οἵ</strong></span> <span class='ocrx_word' id='word_1_45' title='bbox 798 598 877 654; x_wconf 76' lang='grc' dir='ltr'><strong>μὲν</strong></span> <span class='ocrx_word' id='word_1_46' title='bbox 904 598 952 642; x_wconf 78' lang='grc' dir='ltr'><strong>ἐν</strong></span> <span class='ocrx_word' id='word_1_47' title='bbox 989 602 1044 655; x_wconf 85' lang='grc' dir='ltr'><strong><em>τῇ</em></strong></span> <span class='ocrx_word' id='word_1_48' title='bbox 1080 597 1194 655; x_wconf 81' lang='grc' dir='ltr'><strong><em>μάχῃ</em></strong></span> <span class='ocrx_word' id='word_1_49' title='bbox 1233 596 1558 650; x_wconf 78' lang='grc' dir='ltr'><strong><em>ἐπεπτώκεσαν,</em></strong></span> <span class='ocrx_word' id='word_1_50' title='bbox 1589 598 1634 639; x_wconf 83' lang='grc' dir='ltr'><strong>οἱ</strong></span> 
     </span>
    </p>
   </div>
   <div class='ocr_carea' id='block_1_9' title="bbox 372 675 1635 734">
    <p class='ocr_par' dir='ltr' id='par_1_9' title="bbox 372 675 1635 734">
     <span class='ocr_line' id='line_1_14' title="bbox 372 675 1635 734; baseline -0.003 -12"><span class='ocrx_word' id='word_1_51' title='bbox 372 678 418 722; x_wconf 81' lang='grc' dir='ltr'><strong>δὲ</strong></span> <span class='ocrx_word' id='word_1_52' title='bbox 448 675 595 721; x_wconf 77' lang='grc' dir='ltr'><strong><em>αὐτῶν</em></strong></span> <span class='ocrx_word' id='word_1_53' title='bbox 633 676 737 733; x_wconf 76' lang='grc' dir='ltr'><strong><em>μετὰ</em></strong></span> <span class='ocrx_word' id='word_1_54' title='bbox 772 676 1112 734; x_wconf 77' lang='grc' dir='ltr'><strong><em>Ἀλκμαιωνίδεω</em></strong></span> <span class='ocrx_word' id='word_1_55' title='bbox 1153 678 1343 733; x_wconf 77' lang='grc' dir='ltr'><strong><em>ἔφευγον</em></strong></span> <span class='ocrx_word' id='word_1_56' title='bbox 1380 676 1427 720; x_wconf 84' lang='grc' dir='ltr'><strong><em>ἐκ</em></strong></span> <span class='ocrx_word' id='word_1_57' title='bbox 1466 679 1545 733; x_wconf 83' lang='grc' dir='ltr'><strong><em>τῆς</em></strong></span> <span class='ocrx_word' id='word_1_58' title='bbox 1574 676 1635 719; x_wconf 82' lang='grc' dir='ltr'><strong>οἰ-</strong></span> 
     </span>
    </p>
   </div>
   <div class='ocr_carea' id='block_1_10' title="bbox 369 760 506 814">
    <p class='ocr_par' dir='ltr' id='par_1_10' title="bbox 369 760 506 814">
     <span class='ocr_line' id='line_1_15' title="bbox 369 760 506 814; baseline -0.007 -13"><span class='ocrx_word' id='word_1_59' title='bbox 369 760 506 814; x_wconf 82' lang='grc' dir='ltr'><strong><em>κη’ίής.</em></strong></span> 
     </span>
    </p>
   </div>
   <div class='ocr_carea' id='block_1_11' title="bbox 492 833 1637 892">
    <p class='ocr_par' dir='ltr' id='par_1_11' title="bbox 492 833 1637 892">
     <span class='ocr_line' id='line_1_16' title="bbox 492 833 1637 892; baseline -0.002 -11"><span class='ocrx_word' id='word_1_60' title='bbox 492 835 608 888; x_wconf 83' lang='grc' dir='ltr'><strong>Τούς</strong></span> <span class='ocrx_word' id='word_1_61' title='bbox 636 835 716 892; x_wconf 78' lang='grc' dir='ltr'><strong>μέν</strong></span> <span class='ocrx_word' id='word_1_62' title='bbox 744 851 828 879; x_wconf 90' lang='grc' dir='ltr'><strong>νυν</strong></span> <span class='ocrx_word' id='word_1_63' title='bbox 851 833 1113 890; x_wconf 76' lang='grc' dir='ltr'><strong><em>Ἀθηναίους</em></strong></span> <span class='ocrx_word' id='word_1_64' title='bbox 1140 838 1324 878; x_wconf 85' lang='grc' dir='ltr'><strong><em>τοιαῦτα</em></strong></span> <span class='ocrx_word' id='word_1_65' title='bbox 1360 834 1439 879; x_wconf 86' lang='grc' dir='ltr'><strong>τὸν</strong></span> <span class='ocrx_word' id='word_1_66' title='bbox 1473 834 1637 891; x_wconf 88' lang='grc' dir='ltr'><strong><em>χρόνον</em></strong></span> 
     </span>
    </p>
   </div>
   <div class='ocr_carea' id='block_1_12' title="bbox 375 912 1638 968">
    <p class='ocr_par' dir='ltr' id='par_1_12' title="bbox 375 912 1638 968">
     <span class='ocr_line' id='line_1_17' title="bbox 375 912 1638 968; baseline -0.003 -8"><span class='ocrx_word' id='word_1_67' title='bbox 375 919 533 960; x_wconf 87' lang='grc' dir='ltr'><strong><em>τοῦτον</em></strong></span> <span class='ocrx_word' id='word_1_68' title='bbox 561 913 830 958; x_wconf 77' lang='grc' dir='ltr'><strong><em>ἐπυνθάνετο</em></strong></span> <span class='ocrx_word' id='word_1_69' title='bbox 869 912 892 956; x_wconf 89' lang='grc' dir='ltr'>ὁ</span> <span class='ocrx_word' id='word_1_70' title='bbox 925 916 1116 967; x_wconf 86' lang='grc' dir='ltr'><strong><em>Κροῖσος</em></strong></span> <span class='ocrx_word' id='word_1_71' title='bbox 1151 913 1410 968; x_wconf 81' lang='grc' dir='ltr'><strong><em>κατέχοντα·</em></strong></span> <span class='ocrx_word' id='word_1_72' title='bbox 1458 912 1562 963; x_wconf 87' lang='grc' dir='ltr'><strong>τούς</strong></span> <span class='ocrx_word' id='word_1_73' title='bbox 1592 915 1638 956; x_wconf 81' lang='grc' dir='ltr'><strong>δὲ</strong></span> 
     </span>
    </p>
   </div>
   <div class='ocr_carea' id='block_1_13' title="bbox 372 989 1693 1130">
    <p class='ocr_par' dir='ltr' id='par_1_13' title="bbox 372 989 1693 1130">
     <span class='ocr_line' id='line_1_18' title="bbox 378 989 1693 1050; baseline -0.005 -11"><span class='ocrx_word' id='word_1_74' title='bbox 378 995 754 1050; x_wconf 87' lang='grc' dir='ltr'><strong><em>Λακεδαιμονίους</em></strong></span> <span class='ocrx_word' id='word_1_75' title='bbox 782 992 828 1035; x_wconf 80' lang='grc' dir='ltr'><strong><em>ἐκ</em></strong></span> <span class='ocrx_word' id='word_1_76' title='bbox 856 995 1005 1035; x_wconf 80' lang='grc' dir='ltr'><strong><em>κακῶν</em></strong></span> <span class='ocrx_word' id='word_1_77' title='bbox 1051 1008 1096 1035; x_wconf 88' lang='grc' dir='ltr'><strong>τε</strong></span> <span class='ocrx_word' id='word_1_78' title='bbox 1125 990 1323 1047; x_wconf 78' lang='grc' dir='ltr'><strong><em>μεγάλων</em></strong></span> <span class='ocrx_word' id='word_1_79' title='bbox 1351 989 1638 1048; x_wconf 79' lang='grc' dir='ltr'><strong><em>πεφευγότας,</em></strong></span> <span class='ocrx_word' id='word_1_80' title='bbox 1651 997 1693 1032; x_wconf 85' lang='grc'><strong>15</strong></span> 
     </span>
     <span class='ocr_line' id='line_1_19' title="bbox 372 1069 1639 1130; baseline -0.004 -12"><span class='ocrx_word' id='word_1_81' title='bbox 372 1075 448 1119; x_wconf 85' lang='grc' dir='ltr'><strong>καὶ</strong></span> <span class='ocrx_word' id='word_1_82' title='bbox 485 1072 636 1124; x_wconf 77' lang='grc' dir='ltr'><strong><em>ἐόντας</em></strong></span> <span class='ocrx_word' id='word_1_83' title='bbox 679 1071 764 1129; x_wconf 80' lang='grc' dir='ltr'><strong>ἤδη</strong></span> <span class='ocrx_word' id='word_1_84' title='bbox 801 1075 862 1130; x_wconf 76' lang='grc' dir='ltr'><strong><em>τῷ</em></strong></span> <span class='ocrx_word' id='word_1_85' title='bbox 898 1070 1070 1129; x_wconf 80' lang='grc' dir='ltr'><strong><em>πολέμῳ</em></strong></span> <span class='ocrx_word' id='word_1_86' title='bbox 1110 1069 1456 1126; x_wconf 77' lang='grc' dir='ltr'><strong><em>κατυπερτέρους</em></strong></span> <span class='ocrx_word' id='word_1_87' title='bbox 1489 1075 1639 1127; x_wconf 84' lang='grc' dir='ltr'><strong><em>Τεγεη-</em></strong></span> 
     </span>
    </p>
   </div>
   <div class='ocr_carea' id='block_1_14' title="bbox 345 1147 1639 1207">
    <p class='ocr_par' dir='ltr' id='par_1_14' title="bbox 345 1147 1639 1207">
     <span class='ocr_line' id='line_1_20' title="bbox 345 1147 1639 1207; baseline -0.002 -13"><span class='ocrx_word' id='word_1_88' title='bbox 345 1154 498 1197; x_wconf 72' lang='grc' dir='ltr'><strong><em>Ξτέων.</em></strong></span> <span class='ocrx_word' id='word_1_89' title='bbox 555 1153 625 1196; x_wconf 79' lang='grc' dir='ltr'><strong>ἐπὶ</strong></span> <span class='ocrx_word' id='word_1_90' title='bbox 664 1151 748 1207; x_wconf 74' lang='grc' dir='ltr'><strong><em>γαρ</em></strong></span> <span class='ocrx_word' id='word_1_91' title='bbox 787 1150 976 1201; x_wconf 82' lang='grc' dir='ltr'><strong><em>Λέοντος</em></strong></span> <span class='ocrx_word' id='word_1_92' title='bbox 1014 1149 1325 1206; x_wconf 81' lang='grc' dir='ltr'><strong><em>βασιλεύοντος</em></strong></span> <span class='ocrx_word' id='word_1_93' title='bbox 1361 1150 1434 1194; x_wconf 84' lang='grc' dir='ltr'><strong>καὶ</strong></span> <span class='ocrx_word' id='word_1_94' title='bbox 1458 1147 1639 1206; x_wconf 67' lang='lat' dir='ltr'><strong>‘Hymn-</strong></span> 
     </span>
    </p>
   </div>
   <div class='ocr_carea' id='block_1_15' title="bbox 373 1227 1638 1288">
    <p class='ocr_par' dir='ltr' id='par_1_15' title="bbox 373 1227 1638 1288">
     <span class='ocr_line' id='line_1_21' title="bbox 373 1227 1638 1288; baseline -0.004 -11"><span class='ocrx_word' id='word_1_95' title='bbox 373 1232 496 1283; x_wconf 81' lang='grc' dir='ltr'><strong><em>κλέος</em></strong></span> <span class='ocrx_word' id='word_1_96' title='bbox 527 1231 573 1275; x_wconf 76' lang='grc' dir='ltr'><strong>ἐν</strong></span> <span class='ocrx_word' id='word_1_97' title='bbox 602 1229 811 1288; x_wconf 62' lang='grc' dir='ltr'><strong><em>Σπάρτῃ,</em></strong></span> <span class='ocrx_word' id='word_1_98' title='bbox 849 1229 952 1281; x_wconf 81' lang='grc' dir='ltr'><strong><em>τοὺς</em></strong></span> <span class='ocrx_word' id='word_1_99' title='bbox 981 1227 1139 1280; x_wconf 78' lang='grc' dir='ltr'><strong><em>ἄλλους</em></strong></span> <span class='ocrx_word' id='word_1_100' title='bbox 1169 1228 1387 1286; x_wconf 80' lang='grc' dir='ltr'><strong><em>πολέμους</em></strong></span> <span class='ocrx_word' id='word_1_101' title='bbox 1415 1227 1638 1285; x_wconf 76' lang='grc' dir='ltr'><strong><em>εὐτυχέον-</em></strong></span> 
     </span>
    </p>
   </div>
   <div class='ocr_carea' id='block_1_16' title="bbox 373 1307 1640 1366">
    <p class='ocr_par' dir='ltr' id='par_1_16' title="bbox 373 1307 1640 1366">
     <span class='ocr_line' id='line_1_22' title="bbox 373 1307 1640 1366; baseline -0.002 -12"><span class='ocrx_word' id='word_1_102' title='bbox 373 1328 441 1363; x_wconf 87' lang='grc' dir='ltr'><strong><em>τες</em></strong></span> <span class='ocrx_word' id='word_1_103' title='bbox 468 1311 513 1354; x_wconf 81' lang='grc' dir='ltr'><strong>οῖ</strong></span> <span class='ocrx_word' id='word_1_104' title='bbox 532 1309 896 1366; x_wconf 84' lang='grc' dir='ltr'><strong><em>Λακεδαιμόνιοι,</em></strong></span> <span class='ocrx_word' id='word_1_105' title='bbox 929 1307 1040 1364; x_wconf 84' lang='grc' dir='ltr'><strong><em>πρὸς</em></strong></span> <span class='ocrx_word' id='word_1_106' title='bbox 1065 1308 1273 1365; x_wconf 81' lang='grc' dir='ltr'><strong><em>Τεγεήτας</em></strong></span> <span class='ocrx_word' id='word_1_107' title='bbox 1293 1310 1488 1365; x_wconf 86' lang='grc' dir='ltr'><strong><em>μούνους</em></strong></span> <span class='ocrx_word' id='word_1_108' title='bbox 1507 1318 1640 1363; x_wconf 84' lang='grc' dir='ltr'><strong><em>προσ-</em></strong></span> 
     </span>
    </p>
   </div>
   <div class='ocr_carea' id='block_1_17' title="bbox 346 1387 1641 1443">
    <p class='ocr_par' dir='ltr' id='par_1_17' title="bbox 346 1387 1641 1443">
     <span class='ocr_line' id='line_1_23' title="bbox 346 1387 1641 1443; baseline 0.001 -12"><span class='ocrx_word' id='word_1_109' title='bbox 346 1391 566 1435; x_wconf 80' lang='grc' dir='ltr'><strong><em>3ἑπταιον.</em></strong></span> <span class='ocrx_word' id='word_1_110' title='bbox 605 1388 653 1433; x_wconf 86' lang='grc' dir='ltr'>τὸ</span> <span class='ocrx_word' id='word_1_111' title='bbox 687 1390 733 1433; x_wconf 82' lang='grc' dir='ltr'><strong>δὲ</strong></span> <span class='ocrx_word' id='word_1_112' title='bbox 774 1388 835 1432; x_wconf 75' lang='grc' dir='ltr'><strong><em>ἔτι</em></strong></span> <span class='ocrx_word' id='word_1_113' title='bbox 872 1387 1090 1443; x_wconf 89' lang='grc' dir='ltr'><strong><em>πρότερον</em></strong></span> <span class='ocrx_word' id='word_1_114' title='bbox 1122 1388 1316 1441; x_wconf 81' lang='grc' dir='ltr'><strong><em>τούτων,</em></strong></span> <span class='ocrx_word' id='word_1_115' title='bbox 1356 1389 1430 1432; x_wconf 86' lang='grc' dir='ltr'><strong>καὶ</strong></span> <span class='ocrx_word' id='word_1_116' title='bbox 1458 1405 1641 1432; x_wconf 88' lang='grc' dir='ltr'><strong><em>κακονο-</em></strong></span> 
     </span>
    </p>
   </div>
   <div class='ocr_carea' id='block_1_18' title="bbox 375 1465 1697 1526">
    <p class='ocr_par' dir='ltr' id='par_1_18' title="bbox 375 1465 1697 1526">
     <span class='ocr_line' id='line_1_24' title="bbox 375 1465 1697 1526; baseline -0.002 -13"><span class='ocrx_word' id='word_1_117' title='bbox 375 1470 566 1525; x_wconf 83' lang='grc' dir='ltr'><strong><em>μώτατοι</em></strong></span> <span class='ocrx_word' id='word_1_118' title='bbox 605 1465 720 1526; x_wconf 80' lang='grc' dir='ltr'><strong><em>ἦσαν</em></strong></span> <span class='ocrx_word' id='word_1_119' title='bbox 759 1465 912 1524; x_wconf 84' lang='grc' dir='ltr'><strong><em>σχεδὸν</em></strong></span> <span class='ocrx_word' id='word_1_120' title='bbox 948 1466 1126 1511; x_wconf 81' lang='grc' dir='ltr'><strong><em>πάντων</em></strong></span> <span class='ocrx_word' id='word_1_121' title='bbox 1161 1465 1403 1525; x_wconf 85' lang='grc' dir='ltr'><strong><em>Ἑλλήνων,</em></strong></span> <span class='ocrx_word' id='word_1_122' title='bbox 1454 1465 1566 1513; x_wconf 78' lang='grc' dir='ltr'><strong><em>κατά</em></strong></span> <span class='ocrx_word' id='word_1_123' title='bbox 1595 1475 1697 1512; x_wconf 72' lang='grc' dir='ltr'><strong><em>τεΞΟ</em></strong></span> 
     </span>
    </p>
   </div>
   <div class='ocr_carea' id='block_1_19' title="bbox 323 1590 596 1596">
    <p class='ocr_par' dir='ltr' id='par_1_19' title="bbox 323 1590 596 1596">
     <span class='ocr_line' id='line_1_25' title="bbox 323 1590 596 1596; baseline 0 0"><span class='ocrx_word' id='word_1_124' title='bbox 323 1590 596 1596; x_wconf 95' lang='lat' dir='ltr'><strong> </strong></span> 
     </span>
    </p>
   </div>
   <div class='ocr_carea' id='block_1_20' title="bbox 318 1663 975 1997">
    <p class='ocr_par' dir='ltr' id='par_1_20' title="bbox 318 1663 975 1997">
     <span class='ocr_line' id='line_1_26' title="bbox 318 1663 970 1714; baseline 0 -12"><span class='ocrx_word' id='word_1_125' title='bbox 318 1666 393 1702; x_wconf 87' lang='lat' dir='ltr'><strong>did.</strong></span> <span class='ocrx_word' id='word_1_126' title='bbox 413 1665 436 1702; x_wconf 91' lang='lat' dir='ltr'><strong>l.</strong></span> <span class='ocrx_word' id='word_1_127' title='bbox 462 1666 485 1703; x_wconf 91' lang='lat' dir='ltr'><strong>l.</strong></span> <span class='ocrx_word' id='word_1_128' title='bbox 511 1665 633 1714; x_wconf 84' lang='lat' dir='ltr'><strong>ibique</strong></span> <span class='ocrx_word' id='word_1_129' title='bbox 650 1663 792 1702; x_wconf 88' lang='lat' dir='ltr'><strong>Dukeri</strong></span> <span class='ocrx_word' id='word_1_130' title='bbox 815 1668 891 1702; x_wconf 89' lang='lat' dir='ltr'><strong>not.</strong></span> <span class='ocrx_word' id='word_1_131' title='bbox 926 1664 970 1703; x_wconf 90' lang='lat' dir='ltr'><strong>In</strong></span> 
     </span>
     <span class='ocr_line' id='line_1_27' title="bbox 318 1722 971 1771; baseline 0 -13"><span class='ocrx_word' id='word_1_132' title='bbox 318 1722 450 1771; x_wconf 85' lang='lat' dir='ltr'><strong>quibus</strong></span> <span class='ocrx_word' id='word_1_133' title='bbox 496 1727 718 1759; x_wconf 88' lang='lat' dir='ltr'><strong>mortuorum</strong></span> <span class='ocrx_word' id='word_1_134' title='bbox 756 1722 971 1759; x_wconf 80' lang='lat' dir='ltr'><strong>cadaverum</strong></span> 
     </span>
     <span class='ocr_line' id='line_1_28' title="bbox 319 1777 971 1815; baseline -0.003 0"><span class='ocrx_word' id='word_1_135' title='bbox 319 1779 453 1815; x_wconf 90' lang='lat' dir='ltr'><strong>efossio</strong></span> <span class='ocrx_word' id='word_1_136' title='bbox 475 1791 548 1815; x_wconf 88' lang='lat' dir='ltr'><strong>non</strong></span> <span class='ocrx_word' id='word_1_137' title='bbox 569 1778 730 1815; x_wconf 85' lang='lat' dir='ltr'><strong>ultimum</strong></span> <span class='ocrx_word' id='word_1_138' title='bbox 758 1779 895 1815; x_wconf 83' lang='lat' dir='ltr'><strong>obtinet</strong></span> <span class='ocrx_word' id='word_1_139' title='bbox 916 1777 971 1814; x_wconf 94' lang='lat' dir='ltr'><strong>lo-</strong></span> 
     </span>
     <span class='ocr_line' id='line_1_29' title="bbox 318 1834 971 1884; baseline 0 -14"><span class='ocrx_word' id='word_1_140' title='bbox 318 1848 411 1881; x_wconf 77' lang='lat' dir='ltr'><strong>cum,</strong></span> <span class='ocrx_word' id='word_1_141' title='bbox 441 1848 521 1871; x_wconf 88' lang='lat' dir='ltr'><strong>cum</strong></span> <span class='ocrx_word' id='word_1_142' title='bbox 543 1838 764 1871; x_wconf 81' lang='lat' dir='ltr'><strong>mortuorum</strong></span> <span class='ocrx_word' id='word_1_143' title='bbox 786 1834 971 1884; x_wconf 71' lang='lat' dir='ltr'><strong>sepultura</strong></span> 
     </span>
     <span class='ocr_line' id='line_1_30' title="bbox 319 1890 974 1940; baseline -0.002 -13"><span class='ocrx_word' id='word_1_144' title='bbox 319 1894 451 1927; x_wconf 84' lang='lat' dir='ltr'><strong>terram</strong></span> <span class='ocrx_word' id='word_1_145' title='bbox 481 1904 618 1928; x_wconf 86' lang='lat' dir='ltr'><strong>sacram</strong></span> <span class='ocrx_word' id='word_1_146' title='bbox 643 1890 756 1940; x_wconf 86' lang='lat' dir='ltr'><strong>pollui</strong></span> <span class='ocrx_word' id='word_1_147' title='bbox 782 1895 884 1928; x_wconf 86' lang='lat' dir='ltr'><strong>vetus</strong></span> <span class='ocrx_word' id='word_1_148' title='bbox 914 1903 974 1927; x_wconf 79' lang='lat' dir='ltr'><strong>es—</strong></span> 
     </span>
     <span class='ocr_line' id='line_1_31' title="bbox 319 1946 975 1997; baseline 0 -15"><span class='ocrx_word' id='word_1_149' title='bbox 319 1951 375 1984; x_wconf 83' lang='lat' dir='ltr'><strong>set</strong></span> <span class='ocrx_word' id='word_1_150' title='bbox 395 1948 617 1997; x_wconf 80' lang='lat' dir='ltr'><strong>superstitio,</strong></span> <span class='ocrx_word' id='word_1_151' title='bbox 643 1947 744 1983; x_wconf 87' lang='lat' dir='ltr'><strong>cuius</strong></span> <span class='ocrx_word' id='word_1_152' title='bbox 765 1946 975 1983; x_wconf 83' lang='lat' dir='ltr'><strong>testimonia</strong></span> 
     </span>
    </p>
   </div>
   <div class='ocr_carea' id='block_1_21' title="bbox 318 2002 977 2950">
    <p class='ocr_par' dir='ltr' id='par_1_21' title="bbox 318 2002 973 2108">
     <span class='ocr_line' id='line_1_32' title="bbox 318 2002 973 2050; baseline 0 -12"><span class='ocrx_word' id='word_1_153' title='bbox 318 2002 427 2039; x_wconf 86' lang='lat' dir='ltr'><strong>offert</strong></span> <span class='ocrx_word' id='word_1_154' title='bbox 458 2003 642 2039; x_wconf 87' lang='lat' dir='ltr'><strong>Diodorus</strong></span> <span class='ocrx_word' id='word_1_155' title='bbox 675 2003 746 2040; x_wconf 85' lang='lat' dir='ltr'><strong>Sic.</strong></span> <span class='ocrx_word' id='word_1_156' title='bbox 784 2002 878 2050; x_wconf 80' lang='lat' dir='ltr'><strong>XII,</strong></span> <span class='ocrx_word' id='word_1_157' title='bbox 907 2003 973 2043; x_wconf 88' lang='grc'><strong>58.</strong></span> 
     </span>
     <span class='ocr_line' id='line_1_33' title="bbox 318 2057 699 2108; baseline 0 -14"><span class='ocrx_word' id='word_1_158' title='bbox 318 2057 486 2095; x_wconf 87' lang='lat' dir='ltr'><strong>Aeschin.</strong></span> <span class='ocrx_word' id='word_1_159' title='bbox 513 2059 632 2108; x_wconf 86' lang='lat' dir='ltr'><strong>Epist.</strong></span> <span class='ocrx_word' id='word_1_160' title='bbox 664 2060 699 2098; x_wconf 88' lang='grc'><strong>1,</strong></span> 
     </span>
    </p>

    <p class='ocr_par' dir='ltr' id='par_1_22' title="bbox 320 2109 977 2950">
     <span class='ocr_line' id='line_1_34' title="bbox 374 2109 977 2168; baseline 0 -16"><span class='ocrx_word' id='word_1_161' title='bbox 374 2109 604 2164; x_wconf 76' lang='grc' dir='ltr'><strong><em>Ἀθηναίων</em></strong></span> <span class='ocrx_word' id='word_1_162' title='bbox 634 2111 676 2152; x_wconf 81' lang='grc' dir='ltr'><strong>δὲ</strong></span> <span class='ocrx_word' id='word_1_163' title='bbox 703 2112 744 2153; x_wconf 88' lang='grc' dir='ltr'><strong>οἷ</strong></span> <span class='ocrx_word' id='word_1_164' title='bbox 765 2110 837 2164; x_wconf 76' lang='grc' dir='ltr'><strong>μὲν</strong></span> <span class='ocrx_word' id='word_1_165' title='bbox 865 2111 907 2153; x_wconf 78' lang='grc' dir='ltr'><strong>ἓν</strong></span> <span class='ocrx_word' id='word_1_166' title='bbox 926 2115 977 2168; x_wconf 82' lang='grc' dir='ltr'><strong><em>τῇ</em></strong></span> 
     </span>
     <span class='ocr_line' id='line_1_35' title="bbox 320 2170 976 2219; baseline -0.006 -9"><span class='ocrx_word' id='word_1_167' title='bbox 320 2185 357 2210; x_wconf 79' lang='grc' dir='ltr'><strong><em>κ.</em></strong></span> <span class='ocrx_word' id='word_1_168' title='bbox 379 2186 411 2208; x_wconf 87' lang='grc' dir='ltr'><strong><em>τ.</em></strong></span> <span class='ocrx_word' id='word_1_169' title='bbox 431 2173 483 2216; x_wconf 87' lang='grc' dir='ltr'><strong>λ.]</strong></span> <span class='ocrx_word' id='word_1_170' title='bbox 515 2170 708 2219; x_wconf 83' lang='lat' dir='ltr'><strong>Intelligit,</strong></span> <span class='ocrx_word' id='word_1_171' title='bbox 740 2171 873 2217; x_wconf 80' lang='lat' dir='ltr'><strong>credo,</strong></span> <span class='ocrx_word' id='word_1_172' title='bbox 902 2183 976 2207; x_wconf 88' lang='lat' dir='ltr'><strong>non</strong></span> 
     </span>
     <span class='ocr_line' id='line_1_36' title="bbox 321 2227 976 2274; baseline -0.002 -10"><span class='ocrx_word' id='word_1_173' title='bbox 321 2240 448 2264; x_wconf 90' lang='lat' dir='ltr'><strong>omnes</strong></span> <span class='ocrx_word' id='word_1_174' title='bbox 482 2227 722 2264; x_wconf 78' lang='lat' dir='ltr'><strong>Athenienses</strong></span> <span class='ocrx_word' id='word_1_175' title='bbox 762 2228 976 2274; x_wconf 81' lang='lat' dir='ltr'><strong>generatim,</strong></span> 
     </span>
     <span class='ocr_line' id='line_1_37' title="bbox 323 2280 977 2328; baseline -0.003 -8"><span class='ocrx_word' id='word_1_176' title='bbox 323 2296 446 2320; x_wconf 84' lang='lat' dir='ltr'><strong>verum</strong></span> <span class='ocrx_word' id='word_1_177' title='bbox 475 2280 568 2328; x_wconf 71' lang='grc' dir='ltr'><strong>τούς</strong></span> <span class='ocrx_word' id='word_1_178' title='bbox 596 2282 638 2322; x_wconf 79' lang='grc' dir='ltr'><strong><em>ἐκ</em></strong></span> <span class='ocrx_word' id='word_1_179' title='bbox 666 2283 738 2320; x_wconf 86' lang='grc' dir='ltr'><strong><em>τοῦ</em></strong></span> <span class='ocrx_word' id='word_1_180' title='bbox 760 2280 910 2328; x_wconf 67' lang='grc' dir='ltr'><strong><em>ἄστεος,</em></strong></span> <span class='ocrx_word' id='word_1_181' title='bbox 936 2287 977 2319; x_wconf 88' lang='lat' dir='ltr'><strong>ut</strong></span> 
     </span>
     <span class='ocr_line' id='line_1_38' title="bbox 320 2338 974 2386; baseline -0.003 -10"><span class='ocrx_word' id='word_1_182' title='bbox 320 2339 460 2376; x_wconf 86' lang='lat' dir='ltr'><strong>locutus</strong></span> <span class='ocrx_word' id='word_1_183' title='bbox 482 2343 559 2376; x_wconf 80' lang='lat' dir='ltr'><strong>erat</strong></span> <span class='ocrx_word' id='word_1_184' title='bbox 580 2338 609 2386; x_wconf 87' lang='grc' dir='ltr'><strong>Ι,</strong></span> <span class='ocrx_word' id='word_1_185' title='bbox 638 2342 702 2381; x_wconf 79' lang='lat'><strong>62.</strong></span> <span class='ocrx_word' id='word_1_186' title='bbox 729 2340 802 2385; x_wconf 84' lang='lat'><strong>63,</strong></span> <span class='ocrx_word' id='word_1_187' title='bbox 832 2338 854 2375; x_wconf 87' lang='lat' dir='ltr'><strong>i.</strong></span> <span class='ocrx_word' id='word_1_188' title='bbox 869 2339 974 2375; x_wconf 66' lang='lat' dir='ltr'><strong>ead-</strong></span> 
     </span>
     <span class='ocr_line' id='line_1_39' title="bbox 321 2393 974 2442; baseline -0.003 -10"><span class='ocrx_word' id='word_1_189' title='bbox 321 2394 522 2442; x_wconf 75' lang='lat' dir='ltr'><strong>versarios,</strong></span> <span class='ocrx_word' id='word_1_190' title='bbox 553 2394 642 2431; x_wconf 86' lang='lat' dir='ltr'><strong>alius</strong></span> <span class='ocrx_word' id='word_1_191' title='bbox 673 2394 838 2431; x_wconf 79' lang='lat' dir='ltr'><strong>factionis</strong></span> <span class='ocrx_word' id='word_1_192' title='bbox 861 2393 974 2431; x_wconf 88' lang='lat' dir='ltr'><strong>Athe-</strong></span> 
     </span>
     <span class='ocr_line' id='line_1_40' title="bbox 320 2450 973 2501; baseline -0.003 -13"><span class='ocrx_word' id='word_1_193' title='bbox 320 2452 480 2498; x_wconf 75' lang='lat' dir='ltr'><strong>nienses,</strong></span> <span class='ocrx_word' id='word_1_194' title='bbox 509 2451 712 2501; x_wconf 87' lang='lat' dir='ltr'><strong>oppidanos</strong></span> <span class='ocrx_word' id='word_1_195' title='bbox 735 2450 973 2501; x_wconf 86' lang='lat' dir='ltr'><strong>potissimum.</strong></span> 
     </span>
     <span class='ocr_line' id='line_1_41' title="bbox 320 2502 973 2557; baseline 0.003 -15"><span class='ocrx_word' id='word_1_196' title='bbox 320 2529 376 2536; x_wconf 87' lang='lat'><strong>-—</strong></span> <span class='ocrx_word' id='word_1_197' title='bbox 394 2506 503 2543; x_wconf 82' lang='lat' dir='ltr'><strong>Mox:</strong></span> <span class='ocrx_word' id='word_1_198' title='bbox 545 2504 640 2556; x_wconf 81' lang='grc' dir='ltr'><strong><em>μετοὶ</em></strong></span> <span class='ocrx_word' id='word_1_199' title='bbox 661 2502 973 2557; x_wconf 81' lang='grc' dir='ltr'><strong><em>Ἀλκμαιωνίδεω</em></strong></span> 
     </span>
     <span class='ocr_line' id='line_1_42' title="bbox 321 2562 975 2611; baseline -0.005 -11"><span class='ocrx_word' id='word_1_200' title='bbox 321 2563 482 2611; x_wconf 82' lang='lat' dir='ltr'><strong>intelligo</strong></span> <span class='ocrx_word' id='word_1_201' title='bbox 499 2563 546 2600; x_wconf 88' lang='lat' dir='ltr'><strong>de</strong></span> <span class='ocrx_word' id='word_1_202' title='bbox 561 2562 728 2611; x_wconf 82' lang='lat' dir='ltr'><strong>Megacle</strong></span> <span class='ocrx_word' id='word_1_203' title='bbox 747 2562 975 2600; x_wconf 84' lang='lat' dir='ltr'><strong>Alcmaeoni-</strong></span> 
     </span>
     <span class='ocr_line' id='line_1_43' title="bbox 321 2617 974 2666; baseline -0.005 -9"><span class='ocrx_word' id='word_1_204' title='bbox 321 2621 370 2657; x_wconf 88' lang='lat' dir='ltr'><strong>da</strong></span> <span class='ocrx_word' id='word_1_205' title='bbox 396 2620 418 2656; x_wconf 91' lang='lat' dir='ltr'><strong>i.</strong></span> <span class='ocrx_word' id='word_1_206' title='bbox 437 2632 468 2656; x_wconf 88' lang='lat' dir='ltr'><strong>e.</strong></span> <span class='ocrx_word' id='word_1_207' title='bbox 496 2617 724 2656; x_wconf 83' lang='lat' dir='ltr'><strong>Alcmaeonis</strong></span> <span class='ocrx_word' id='word_1_208' title='bbox 746 2619 842 2666; x_wconf 86' lang='lat' dir='ltr'><strong>filio,</strong></span> <span class='ocrx_word' id='word_1_209' title='bbox 871 2618 974 2655; x_wconf 88' lang='lat' dir='ltr'><strong>huius</strong></span> 
     </span>
     <span class='ocr_line' id='line_1_44' title="bbox 321 2674 975 2721; baseline -0.002 -9"><span class='ocrx_word' id='word_1_210' title='bbox 321 2675 489 2713; x_wconf 85' lang='lat' dir='ltr'><strong>factionis</strong></span> <span class='ocrx_word' id='word_1_211' title='bbox 517 2675 624 2720; x_wconf 80' lang='lat' dir='ltr'><strong>duce3</strong></span> <span class='ocrx_word' id='word_1_212' title='bbox 654 2676 697 2711; x_wconf 89' lang='lat' dir='ltr'><strong>cf.</strong></span> <span class='ocrx_word' id='word_1_213' title='bbox 718 2674 746 2721; x_wconf 92' lang='grc' dir='ltr'><strong>Ι,</strong></span> <span class='ocrx_word' id='word_1_214' title='bbox 778 2675 842 2716; x_wconf 85' lang='grc'><strong>59.</strong></span> <span class='ocrx_word' id='word_1_215' title='bbox 863 2674 975 2712; x_wconf 88' lang='lat' dir='ltr'><strong>Unde</strong></span> 
     </span>
     <span class='ocr_line' id='line_1_45' title="bbox 322 2731 974 2769; baseline -0.003 -1"><span class='ocrx_word' id='word_1_216' title='bbox 322 2732 468 2769; x_wconf 84' lang='lat' dir='ltr'><strong>minime</strong></span> <span class='ocrx_word' id='word_1_217' title='bbox 485 2731 691 2768; x_wconf 77' lang='lat' dir='ltr'><strong>necessaria</strong></span> <span class='ocrx_word' id='word_1_218' title='bbox 709 2731 850 2768; x_wconf 80' lang='lat' dir='ltr'><strong>videtur</strong></span> <span class='ocrx_word' id='word_1_219' title='bbox 868 2731 974 2767; x_wconf 83' lang='lat' dir='ltr'><strong>lectio</strong></span> 
     </span>
     <span class='ocr_line' id='line_1_46' title="bbox 320 2782 975 2837; baseline -0.005 -12"><span class='ocrx_word' id='word_1_220' title='bbox 320 2782 680 2837; x_wconf 80' lang='grc' dir='ltr'><strong><em>Ἀλκμαιωνιὸέων,</em></strong></span> <span class='ocrx_word' id='word_1_221' title='bbox 719 2787 768 2822; x_wconf 87' lang='lat' dir='ltr'><strong>ad</strong></span> <span class='ocrx_word' id='word_1_222' title='bbox 808 2799 917 2835; x_wconf 87' lang='lat' dir='ltr'><strong>quam</strong></span> <span class='ocrx_word' id='word_1_223' title='bbox 951 2797 975 2823; x_wconf 83' lang='lat' dir='ltr'><strong>a</strong></span> 
     </span>
     <span class='ocr_line' id='line_1_47' title="bbox 323 2842 975 2893; baseline -0.005 -13"><span class='ocrx_word' id='word_1_224' title='bbox 323 2847 446 2881; x_wconf 85' lang='lat' dir='ltr'><strong>vetere</strong></span> <span class='ocrx_word' id='word_1_225' title='bbox 472 2843 670 2893; x_wconf 85' lang='lat' dir='ltr'><strong>interprete</strong></span> <span class='ocrx_word' id='word_1_226' title='bbox 700 2842 866 2879; x_wconf 86' lang='lat' dir='ltr'><strong>inductus</strong></span> <span class='ocrx_word' id='word_1_227' title='bbox 896 2845 975 2878; x_wconf 89' lang='lat' dir='ltr'><strong>erat</strong></span> 
     </span>
     <span class='ocr_line' id='line_1_48' title="bbox 323 2898 974 2950; baseline -0.006 -11"><span class='ocrx_word' id='word_1_228' title='bbox 323 2899 590 2950; x_wconf 82' lang='lat' dir='ltr'><strong>Wesselingius</strong></span> <span class='ocrx_word' id='word_1_229' title='bbox 642 2910 824 2949; x_wconf 83' lang='lat' dir='ltr'><strong>quamque</strong></span> <span class='ocrx_word' id='word_1_230' title='bbox 865 2898 974 2937; x_wconf 77' lang='lat' dir='ltr'><strong>etiam</strong></span> 
     </span>
    </p>
   </div>
   <div class='ocr_carea' id='block_1_22' title="bbox 1037 1663 1697 1884">
    <p class='ocr_par' dir='ltr' id='par_1_23' title="bbox 1037 1663 1697 1884">
     <span class='ocr_line' id='line_1_49' title="bbox 1037 1663 1696 1714; baseline 0.003 -15"><span class='ocrx_word' id='word_1_231' title='bbox 1037 1663 1228 1714; x_wconf 86' lang='lat' dir='ltr'><strong>probatam</strong></span> <span class='ocrx_word' id='word_1_232' title='bbox 1247 1663 1405 1701; x_wconf 87' lang='lat' dir='ltr'><strong>habebat</strong></span> <span class='ocrx_word' id='word_1_233' title='bbox 1415 1663 1598 1701; x_wconf 88' lang='lat' dir='ltr'><strong>Plutarchi</strong></span> <span class='ocrx_word' id='word_1_234' title='bbox 1615 1676 1696 1701; x_wconf 85' lang='lat' dir='ltr'><strong>ver-</strong></span> 
     </span>
     <span class='ocr_line' id='line_1_50' title="bbox 1040 1718 1692 1772; baseline 0.005 -17"><span class='ocrx_word' id='word_1_235' title='bbox 1040 1720 1095 1756; x_wconf 85' lang='lat' dir='ltr'><strong>bis</strong></span> <span class='ocrx_word' id='word_1_236' title='bbox 1117 1721 1153 1756; x_wconf 89' lang='lat' dir='ltr'><strong>in</strong></span> <span class='ocrx_word' id='word_1_237' title='bbox 1184 1720 1310 1757; x_wconf 87' lang='lat' dir='ltr'><strong>Solon.</strong></span> <span class='ocrx_word' id='word_1_238' title='bbox 1333 1720 1394 1757; x_wconf 89' lang='lat' dir='ltr'><strong>fin.</strong></span> <span class='ocrx_word' id='word_1_239' title='bbox 1421 1719 1444 1760; x_wconf 78' lang='grc' dir='ltr'>ὁ</span> <span class='ocrx_word' id='word_1_240' title='bbox 1464 1718 1535 1772; x_wconf 82' lang='grc' dir='ltr'><strong>μὲν</strong></span> <span class='ocrx_word' id='word_1_241' title='bbox 1557 1722 1692 1772; x_wconf 78' lang='grc' dir='ltr'><strong><em>Μεγα-</em></strong></span> 
     </span>
     <span class='ocr_line' id='line_1_51' title="bbox 1037 1772 1697 1828; baseline 0.002 -14"><span class='ocrx_word' id='word_1_242' title='bbox 1037 1778 1134 1826; x_wconf 81' lang='grc' dir='ltr'><strong><em>κλῆς</em></strong></span> <span class='ocrx_word' id='word_1_243' title='bbox 1174 1772 1299 1823; x_wconf 70' lang='grc' dir='ltr'><strong><em>εὐθύς</em></strong></span> <span class='ocrx_word' id='word_1_244' title='bbox 1333 1775 1453 1828; x_wconf 71' lang='grc' dir='ltr'><strong><em>ἔφυγε</em></strong></span> <span class='ocrx_word' id='word_1_245' title='bbox 1491 1774 1586 1828; x_wconf 77' lang='grc' dir='ltr'><strong><em>μετοὶ</em></strong></span> <span class='ocrx_word' id='word_1_246' title='bbox 1615 1778 1697 1815; x_wconf 74' lang='grc' dir='ltr'><strong><em>τῶν</em></strong></span> 
     </span>
     <span class='ocr_line' id='line_1_52' title="bbox 1039 1828 1629 1884; baseline -0.002 -13"><span class='ocrx_word' id='word_1_247' title='bbox 1039 1830 1168 1871; x_wconf 69' lang='grc' dir='ltr'><strong><em>ἄλλων</em></strong></span> <span class='ocrx_word' id='word_1_248' title='bbox 1203 1828 1629 1884; x_wconf 72' lang='grc' dir='ltr'><strong><em>Ἀλκμαιωνιδῶν.</em></strong></span> 
     </span>
    </p>
   </div>
   <div class='ocr_carea' id='block_1_23' title="bbox 1238 1916 1497 1968">
    <p class='ocr_par' dir='ltr' id='par_1_24' title="bbox 1238 1916 1497 1968">
     <span class='ocr_line' id='line_1_53' title="bbox 1238 1916 1497 1968; baseline 0.004 -14"><span class='ocrx_word' id='word_1_249' title='bbox 1238 1917 1270 1954; x_wconf 92' lang='lat' dir='ltr'>C</span> <span class='ocrx_word' id='word_1_250' title='bbox 1282 1930 1303 1954; x_wconf 89' lang='lat' dir='ltr'><strong>a</strong></span> <span class='ocrx_word' id='word_1_251' title='bbox 1314 1931 1351 1968; x_wconf 93' lang='lat' dir='ltr'><strong>p.</strong></span> <span class='ocrx_word' id='word_1_252' title='bbox 1380 1916 1497 1955; x_wconf 87' lang='lat' dir='ltr'><strong>LXV.</strong></span> 
     </span>
    </p>
   </div>
   <div class='ocr_carea' id='block_1_24' title="bbox 1039 1998 1698 2950">
    <p class='ocr_par' dir='ltr' id='par_1_25' title="bbox 1042 1998 1696 2217">
     <span class='ocr_line' id='line_1_54' title="bbox 1098 1998 1696 2052; baseline 0 -14"><span class='ocrx_word' id='word_1_253' title='bbox 1098 1998 1165 2039; x_wconf 85' lang='grc' dir='ltr'><strong>καὶ</strong></span> <span class='ocrx_word' id='word_1_254' title='bbox 1181 1998 1454 2052; x_wconf 77' lang='grc' dir='ltr'><strong><em>Ἡγησικλέος]</em></strong></span> <span class='ocrx_word' id='word_1_255' title='bbox 1474 1999 1585 2052; x_wconf 88' lang='lat' dir='ltr'><strong>Apud</strong></span> <span class='ocrx_word' id='word_1_256' title='bbox 1597 2000 1696 2038; x_wconf 85' lang='lat' dir='ltr'><strong>Pau-</strong></span> 
     </span>
     <span class='ocr_line' id='line_1_55' title="bbox 1042 2053 1695 2109; baseline 0.006 -16"><span class='ocrx_word' id='word_1_257' title='bbox 1042 2058 1182 2094; x_wconf 85' lang='lat' dir='ltr'><strong>saniam</strong></span> <span class='ocrx_word' id='word_1_258' title='bbox 1218 2058 1292 2105; x_wconf 69' lang='lat'><em>111„</em></span> <span class='ocrx_word' id='word_1_259' title='bbox 1325 2061 1350 2099; x_wconf 92' lang='lat'>7</span> <span class='ocrx_word' id='word_1_260' title='bbox 1382 2058 1511 2095; x_wconf 85' lang='lat' dir='ltr'><strong>dicitur</strong></span> <span class='ocrx_word' id='word_1_261' title='bbox 1545 2053 1695 2109; x_wconf 81' lang='grc' dir='ltr'><strong><em>’Λγασι-</em></strong></span> 
     </span>
     <span class='ocr_line' id='line_1_56' title="bbox 1044 2112 1696 2163; baseline -0.002 -12"><span class='ocrx_word' id='word_1_262' title='bbox 1044 2115 1165 2162; x_wconf 67' lang='grc' dir='ltr'><strong><em>κλῆς,</em></strong></span> <span class='ocrx_word' id='word_1_263' title='bbox 1194 2112 1374 2151; x_wconf 86' lang='lat' dir='ltr'><strong>Aristonis</strong></span> <span class='ocrx_word' id='word_1_264' title='bbox 1399 2118 1524 2163; x_wconf 82' lang='lat' dir='ltr'><strong>pater,</strong></span> <span class='ocrx_word' id='word_1_265' title='bbox 1555 2115 1602 2151; x_wconf 90' lang='lat' dir='ltr'><strong>de</strong></span> <span class='ocrx_word' id='word_1_266' title='bbox 1621 2126 1696 2163; x_wconf 88' lang='lat' dir='ltr'><strong>quo</strong></span> 
     </span>
     <span class='ocr_line' id='line_1_57' title="bbox 1043 2169 1694 2217; baseline 0 -11"><span class='ocrx_word' id='word_1_267' title='bbox 1043 2169 1072 2217; x_wconf 92' lang='lat' dir='ltr'><strong>I,</strong></span> <span class='ocrx_word' id='word_1_268' title='bbox 1091 2173 1143 2210; x_wconf 83' lang='lat'><strong>67</strong></span> <span class='ocrx_word' id='word_1_269' title='bbox 1163 2170 1239 2206; x_wconf 89' lang='lat' dir='ltr'><strong>init.</strong></span> <span class='ocrx_word' id='word_1_270' title='bbox 1269 2169 1365 2207; x_wconf 84' lang='lat' dir='ltr'>Add.</span> <span class='ocrx_word' id='word_1_271' title='bbox 1388 2170 1546 2207; x_wconf 87' lang='lat' dir='ltr'><strong>Pausan.</strong></span> <span class='ocrx_word' id='word_1_272' title='bbox 1569 2169 1633 2217; x_wconf 85' lang='lat' dir='ltr'>III,</span> <span class='ocrx_word' id='word_1_273' title='bbox 1656 2172 1694 2210; x_wconf 84' lang='lat'><strong>3.</strong></span> 
     </span>
    </p>

    <p class='ocr_par' dir='ltr' id='par_1_26' title="bbox 1040 2221 1698 2780">
     <span class='ocr_line' id='line_1_58' title="bbox 1100 2221 1697 2280; baseline -0.002 -16"><span class='ocrx_word' id='word_1_274' title='bbox 1100 2222 1198 2276; x_wconf 83' lang='grc' dir='ltr'><strong><em>πρὸς</em></strong></span> <span class='ocrx_word' id='word_1_275' title='bbox 1262 2221 1455 2280; x_wconf 71' lang='grc' dir='ltr'><strong><em>Τεγεήτας</em></strong></span> <span class='ocrx_word' id='word_1_276' title='bbox 1521 2223 1697 2277; x_wconf 84' lang='grc' dir='ltr'><strong><em>μούνους</em></strong></span> 
     </span>
     <span class='ocr_line' id='line_1_59' title="bbox 1044 2280 1696 2333; baseline -0.003 -13"><span class='ocrx_word' id='word_1_277' title='bbox 1044 2280 1332 2333; x_wconf 81' lang='grc' dir='ltr'><strong><em>προσέπταιον]</em></strong></span> <span class='ocrx_word' id='word_1_278' title='bbox 1381 2283 1405 2319; x_wconf 91' lang='lat' dir='ltr'><strong>i.</strong></span> <span class='ocrx_word' id='word_1_279' title='bbox 1438 2296 1470 2320; x_wconf 87' lang='lat' dir='ltr'><strong>e.</strong></span> <span class='ocrx_word' id='word_1_280' title='bbox 1528 2282 1696 2319; x_wconf 81' lang='lat' dir='ltr'><strong>adversus</strong></span> 
     </span>
     <span class='ocr_line' id='line_1_60' title="bbox 1048 2338 1698 2388; baseline 0.002 -15"><span class='ocrx_word' id='word_1_281' title='bbox 1048 2338 1084 2374; x_wconf 87' lang='lat' dir='ltr'><em>T</em></span> <span class='ocrx_word' id='word_1_282' title='bbox 1083 2342 1224 2386; x_wconf 78' lang='lat' dir='ltr'><strong>egeatas</strong></span> <span class='ocrx_word' id='word_1_283' title='bbox 1244 2339 1332 2376; x_wconf 81' lang='lat' dir='ltr'><strong>solos</strong></span> <span class='ocrx_word' id='word_1_284' title='bbox 1346 2338 1504 2388; x_wconf 71' lang='lat' dir='ltr'><strong>infelices</strong></span> <span class='ocrx_word' id='word_1_285' title='bbox 1519 2341 1558 2376; x_wconf 79' lang='lat' dir='ltr'><strong>in</strong></span> <span class='ocrx_word' id='word_1_286' title='bbox 1572 2351 1698 2388; x_wconf 79' lang='lat' dir='ltr'><strong>pugna</strong></span> 
     </span>
     <span class='ocr_line' id='line_1_61' title="bbox 1041 2395 1696 2446; baseline 0.002 -15"><span class='ocrx_word' id='word_1_287' title='bbox 1041 2398 1150 2431; x_wconf 79' lang='lat' dir='ltr'><strong>erant.</strong></span> <span class='ocrx_word' id='word_1_288' title='bbox 1207 2395 1465 2444; x_wconf 85' lang='grc' dir='ltr'><strong><em>προσπταίειν</em></strong></span> <span class='ocrx_word' id='word_1_289' title='bbox 1505 2399 1541 2432; x_wconf 89' lang='lat' dir='ltr'><strong>et</strong></span> <span class='ocrx_word' id='word_1_290' title='bbox 1579 2408 1696 2446; x_wconf 87' lang='grc' dir='ltr'><strong><em>περι-</em></strong></span> 
     </span>
     <span class='ocr_line' id='line_1_62' title="bbox 1041 2450 1697 2500; baseline -0.003 -12"><span class='ocrx_word' id='word_1_291' title='bbox 1041 2450 1196 2489; x_wconf 83' lang='grc' dir='ltr'><strong><em>πταίειν</em></strong></span> <span class='ocrx_word' id='word_1_292' title='bbox 1242 2452 1416 2500; x_wconf 84' lang='lat' dir='ltr'><strong>frequens</strong></span> <span class='ocrx_word' id='word_1_293' title='bbox 1463 2450 1533 2487; x_wconf 82' lang='lat' dir='ltr'><strong>hoe</strong></span> <span class='ocrx_word' id='word_1_294' title='bbox 1584 2463 1697 2487; x_wconf 88' lang='lat' dir='ltr'><strong>sensu</strong></span> 
     </span>
     <span class='ocr_line' id='line_1_63' title="bbox 1043 2505 1694 2555; baseline 0.002 -14"><span class='ocrx_word' id='word_1_295' title='bbox 1043 2505 1233 2554; x_wconf 79' lang='lat' dir='ltr'><strong>(offendere</strong></span> <span class='ocrx_word' id='word_1_296' title='bbox 1260 2507 1283 2543; x_wconf 85' lang='lat' dir='ltr'><strong>i.</strong></span> <span class='ocrx_word' id='word_1_297' title='bbox 1306 2519 1337 2543; x_wconf 86' lang='lat' dir='ltr'><strong>e.</strong></span> <span class='ocrx_word' id='word_1_298' title='bbox 1369 2505 1503 2542; x_wconf 81' lang='lat' dir='ltr'><strong>cladem</strong></span> <span class='ocrx_word' id='word_1_299' title='bbox 1520 2506 1694 2555; x_wconf 80' lang='lat' dir='ltr'><strong>accipere)</strong></span> 
     </span>
     <span class='ocr_line' id='line_1_64' title="bbox 1041 2561 1695 2611; baseline 0 -13"><span class='ocrx_word' id='word_1_300' title='bbox 1041 2566 1118 2598; x_wconf 90' lang='lat' dir='ltr'><strong>tum</strong></span> <span class='ocrx_word' id='word_1_301' title='bbox 1144 2563 1243 2611; x_wconf 89' lang='lat' dir='ltr'><strong>apud</strong></span> <span class='ocrx_word' id='word_1_302' title='bbox 1274 2562 1506 2599; x_wconf 83' lang='lat' dir='ltr'><strong>Herodotum</strong></span> <span class='ocrx_word' id='word_1_303' title='bbox 1542 2561 1607 2609; x_wconf 84' lang='lat' dir='ltr'><strong>(I,</strong></span> <span class='ocrx_word' id='word_1_304' title='bbox 1631 2565 1695 2602; x_wconf 87' lang='lat'><strong>16.</strong></span> 
     </span>
     <span class='ocr_line' id='line_1_65' title="bbox 1040 2617 1696 2665; baseline 0.002 -12"><span class='ocrx_word' id='word_1_305' title='bbox 1040 2617 1096 2664; x_wconf 91' lang='grc' dir='ltr'><strong>ΙΙ,</strong></span> <span class='ocrx_word' id='word_1_306' title='bbox 1130 2620 1222 2658; x_wconf 83' lang='lat'><strong>161.</strong></span> <span class='ocrx_word' id='word_1_307' title='bbox 1259 2617 1332 2665; x_wconf 83' lang='lat' dir='ltr'><strong>Vl,</strong></span> <span class='ocrx_word' id='word_1_308' title='bbox 1368 2619 1421 2658; x_wconf 88' lang='grc'><strong>45</strong></span> <span class='ocrx_word' id='word_1_309' title='bbox 1462 2618 1583 2665; x_wconf 64' lang='lat' dir='ltr'><strong>em),</strong></span> <span class='ocrx_word' id='word_1_310' title='bbox 1619 2622 1696 2655; x_wconf 87' lang='lat' dir='ltr'><strong>tum</strong></span> 
     </span>
     <span class='ocr_line' id='line_1_66' title="bbox 1042 2673 1697 2722; baseline 0.002 -12"><span class='ocrx_word' id='word_1_311' title='bbox 1042 2674 1141 2722; x_wconf 81' lang='lat' dir='ltr'><strong>apud</strong></span> <span class='ocrx_word' id='word_1_312' title='bbox 1186 2673 1287 2710; x_wconf 86' lang='lat' dir='ltr'><strong>alios.</strong></span> <span class='ocrx_word' id='word_1_313' title='bbox 1344 2673 1428 2710; x_wconf 88' lang='lat' dir='ltr'><strong>Vid.</strong></span> <span class='ocrx_word' id='word_1_314' title='bbox 1466 2678 1596 2711; x_wconf 83' lang='lat' dir='ltr'><strong>notatt.</strong></span> <span class='ocrx_word' id='word_1_315' title='bbox 1647 2674 1697 2711; x_wconf 85' lang='lat' dir='ltr'><strong>ad</strong></span> 
     </span>
     <span class='ocr_line' id='line_1_67' title="bbox 1040 2728 1589 2780; baseline 0.002 -15"><span class='ocrx_word' id='word_1_316' title='bbox 1040 2728 1221 2766; x_wconf 85' lang='lat' dir='ltr'><strong>Plutarch.</strong></span> <span class='ocrx_word' id='word_1_317' title='bbox 1240 2729 1366 2777; x_wconf 86' lang='lat' dir='ltr'><strong>Pyrrh.</strong></span> <span class='ocrx_word' id='word_1_318' title='bbox 1385 2742 1471 2780; x_wconf 84' lang='lat' dir='ltr'><strong>pag.</strong></span> <span class='ocrx_word' id='word_1_319' title='bbox 1497 2732 1589 2771; x_wconf 88' lang='grc'><strong>166.</strong></span> 
     </span>
    </p>

    <p class='ocr_par' dir='ltr' id='par_1_27' title="bbox 1039 2779 1696 2950">
     <span class='ocr_line' id='line_1_68' title="bbox 1096 2779 1693 2833; baseline 0 -10"><span class='ocrx_word' id='word_1_320' title='bbox 1096 2780 1195 2823; x_wconf 79' lang='grc' dir='ltr'><strong><em>κατά</em></strong></span> <span class='ocrx_word' id='word_1_321' title='bbox 1232 2799 1280 2822; x_wconf 85' lang='grc' dir='ltr'><strong>τε</strong></span> <span class='ocrx_word' id='word_1_322' title='bbox 1321 2784 1445 2833; x_wconf 80' lang='grc' dir='ltr'><strong><em>σφέας</em></strong></span> <span class='ocrx_word' id='word_1_323' title='bbox 1481 2779 1630 2831; x_wconf 66' lang='grc' dir='ltr'><strong><em>αὐτους</em></strong></span> <span class='ocrx_word' id='word_1_324' title='bbox 1654 2799 1693 2824; x_wconf 85' lang='grc' dir='ltr'><strong><em>κ.</em></strong></span> 
     </span>
     <span class='ocr_line' id='line_1_69' title="bbox 1040 2840 1694 2890; baseline -0.003 -11"><span class='ocrx_word' id='word_1_325' title='bbox 1040 2854 1076 2879; x_wconf 84' lang='grc' dir='ltr'><strong><em>τ.</em></strong></span> <span class='ocrx_word' id='word_1_326' title='bbox 1100 2840 1159 2890; x_wconf 89' lang='grc' dir='ltr'><strong>λ.]</strong></span> <span class='ocrx_word' id='word_1_327' title='bbox 1203 2841 1292 2878; x_wconf 93' lang='lat' dir='ltr'><strong>Vult</strong></span> <span class='ocrx_word' id='word_1_328' title='bbox 1318 2841 1547 2879; x_wconf 85' lang='lat' dir='ltr'><strong>Herodotus:</strong></span> <span class='ocrx_word' id='word_1_329' title='bbox 1575 2840 1694 2878; x_wconf 80' lang='lat' dir='ltr'><strong>Lace-</strong></span> 
     </span>
     <span class='ocr_line' id='line_1_70' title="bbox 1039 2896 1696 2950; baseline 0 -16"><span class='ocrx_word' id='word_1_330' title='bbox 1039 2896 1235 2936; x_wconf 73' lang='lat' dir='ltr'><strong>daemonias</strong></span> <span class='ocrx_word' id='word_1_331' title='bbox 1264 2899 1416 2936; x_wconf 75' lang='lat' dir='ltr'><strong>omnium</strong></span> <span class='ocrx_word' id='word_1_332' title='bbox 1435 2898 1517 2950; x_wconf 82' lang='lat' dir='ltr'><strong>fere</strong></span> <span class='ocrx_word' id='word_1_333' title='bbox 1542 2897 1696 2937; x_wconf 57' lang='lat' dir='ltr'><strong>Gaeaeco-</strong></span> 
     </span>
    </p>
   </div>
   <div class='ocr_carea' id='block_1_25' title="bbox 1704 597 1758 637">
    <p class='ocr_par' dir='ltr' id='par_1_28' title="bbox 1704 597 1758 637">
     <span class='ocr_line' id='line_1_71' title="bbox 1704 597 1758 637; baseline -0.019 0"><span class='ocrx_word' id='word_1_334' title='bbox 1704 597 1758 637; x_wconf 85' lang='lat'><strong>31</strong></span> 
     </span>
    </p>
   </div>
   <div class='ocr_carea' id='block_1_26' title="bbox 1757 1323 1814 3315">
    <p class='ocr_par' dir='ltr' id='par_1_29' title="bbox 1757 1323 1814 3315">
     <span class='ocr_line' id='line_1_72' title="bbox 1757 1323 1814 3315; baseline 0 0"><span class='ocrx_word' id='word_1_335' title='bbox 1757 1323 1814 3315; x_wconf 95' lang='lat' dir='ltr'><strong> </strong></span> 
     </span>
    </p>
   </div>
  </div>
 </body>
</html>
