1805 3315
666 244 806 293 cal
840 248 886 285 Ο.
944 248 971 285 Ι.

1397 255 1451 294 81

148 365 195 410 2„
208 358 339 417 ἡμέας
366 358 571 414 ἐποίησας
583 361 624 409 3“
657 355 708 400 Ὁ
737 357 784 401 δὲ
813 355 926 401 εἶπε·
958 353 1043 409 ,,Ὦ
1070 360 1255 412 Κροῖσε,
1285 358 1453 404 {moto}-

169 471 192 488 „
205 437 336 494 μενόν
355 452 406 492 με
424 435 474 479 τὸ
493 440 618 479 θεῖον
635 440 724 479 πᾶν
752 435 826 479 ἐὸν
854 434 1082 491 φθονερόν
1102 453 1147 480 τε
1168 437 1242 480 καὶ
1263 443 1454 494 ταραχῶ-

169 519 298 568 ,,δες,
338 514 573 574 ἐπειρωτᾷς
610 513 905 572 ἀνθρωπηΐων
942 515 1207 571 πρηγμάτων
1243 517 1366 573 πέρις
1407 518 1498 562 ἐν9ο

169 593 286 650 „de
316 599 378 654 τῷ
407 598 559 654 μακρῷ
589 593 732 652 χρόνῳ
761 594 901 637 πολλὰ
928 594 1006 650 μέν
1035 595 1124 639 ἐστι
1153 593 1283 639 ἰδέειν
1311 595 1363 639 τοὶ
1391 598 1451 654 μή

144 684 267 724 3,,τις
305 673 464 728 ἐθέλει,
502 674 641 718 πολλὰ
667 673 714 719 δὲ
745 673 818 719 καὶ
841 674 1041 719 παθέειν·
1084 673 1127 727 ἐς
1154 673 1238 732 γὰρ
1268 674 1451 734 ἑβδομή-

179 865 443 920 ἐπιστάμενόν
458 884 505 920 με
529 867 573 910 τὸ
596 873 780 910 θεῖον-

123 926 364 976 ταραχῶδες]
423 927 563 964 Eadem
601 928 783 965 sententia

123 982 219 1018 infra
248 982 320 1030 111,
349 983 415 1024 40.
440 983 527 1031 VH,
555 983 608 1025 46
635 988 672 1021 et
701 983 782 1031 Vll,

126 1041 179 1080 10
214 1036 252 1088 ἓ.
276 1038 301 1080 5
328 1052 503 1089 expressa
528 1045 563 1077 et
584 1040 781 1090 impietatis

123 1095 271 1133 nomine
299 1099 423 1133 taxata
447 1097 484 1133 in
515 1096 695 1133 Plutarchi
719 1096 782 1145 qui

125 1153 242 1189 fertur
268 1152 388 1189 libello
423 1154 470 1190 de
488 1153 670 1190 Herodoti
698 1152 782 1188 Ma-

122 1207 236 1256 lignit.
255 1208 354 1258 Opp.
375 1208 410 1245 H
434 1222 470 1258 p.
487 1209 582 1256 857,
599 1209 642 1245 F.
657 1207 780 1256 Magis

124 1265 219 1302 enim
246 1264 381 1314 placuit
398 1265 562 1301 Platonis
589 1265 784 1311 sententia,

124 1326 161 1360 et
186 1321 268 1371 ipsa
293 1321 414 1359 multis
437 1321 522 1358 dein
548 1321 724 1372 repetita:
756 1318 781 1359 ὅ

124 1374 285 1427 φθόνος
311 1376 384 1423 ἕξω
411 1379 484 1416 τοῦ
511 1377 630 1416 θείου
659 1377 784 1429 χοροῦ

123 1435 300 1481 ἵσταται,
330 1433 368 1469 in
382 1433 537 1471 Phaedr.
568 1447 605 1484 p.
627 1434 722 1481 247,
737 1433 781 1470 Α.

121 1504 159 1542 p.
189 1490 273 1531 252
298 1489 449 1538 Heind.,
479 1491 590 1537 unde,
609 1494 783 1527 monente

124 1546 188 1585 Cr.
213 1546 377 1583 Plotinus
403 1547 529 1584 scribit
553 1560 590 1597 p.
615 1549 710 1593 216,
729 1546 781 1583 B:

123 1600 186 1644 ὅτι
206 1618 259 1654 μη
286 1601 405 1654 θέμις
433 1599 598 1652 φθόνον
631 1602 674 1642 ἐν
699 1605 784 1648 τοῖς

121 1663 238 1706 θεοῖς
257 1662 369 1699 εἰναι.
400 1659 482 1697 Nos
501 1672 618 1710 pauca
637 1660 784 1696 adiicia-

123 1730 224 1763 mus,
273 1729 370 1766 quae
398 1717 447 1753 ad
481 1716 665 1753 Herodoti
699 1728 784 1752 sen-

123 1774 275 1810 tentiam
305 1773 372 1810 rite
396 1772 670 1821 intelligendam
698 1784 785 1822 per-

124 1830 251 1867 tinent.
298 1829 372 1872 Qui
398 1829 554 1879 scriptor
590 1829 671 1879 ipse
703 1827 785 1875 VH,

126 1888 179 1928 10
205 1884 242 1936 §-
261 1884 286 1926 5
308 1886 461 1923 eandem
488 1886 681 1936 proferens
699 1897 784 1922 sen-

121 1943 295 1989 tentiam,
341 1942 459 1979 addit:
517 1937 566 1981 οὕ
612 1956 690 2008 γαρ
740 1939 786 1994 ἕᾷ

124 1997 319 2049 φθονέειν
354 1997 452 2050 μέγα
482 1995 502 2038 ὅ
530 1994 625 2044 θεὸς
664 1981 786 2036 &nov

125 2051 155 2106 ἢ
179 2050 345 2102 ἑωυτόν,
384 2059 422 2092 et
450 2055 560 2105 paulo
583 2058 688 2092 ante:
721 2068 785 2103 φι-

124 2110 202 2151 λεέι
225 2127 300 2164 γαρ
320 2110 340 2150 ὁ
356 2107 455 2157 θεὸς
478 2109 526 2150 τοὶ
545 2109 786 2163 υπερέχοντα

124 2183 256 2207 παντα
290 2164 485 2207 κολούειν.
540 2168 645 2211 Quos
687 2167 786 2204 locos

125 2225 326 2275 respiciens
344 2224 606 2262 Valckenarius
629 2223 698 2272 (ad
721 2223 787 2270 ΙΙΙ,

126 2281 208 2329 40)
258 2284 471 2329 monuerat,
519 2280 723 2318 istiusmodi
750 2283 787 2317 et

125 2337 307 2375 Herodoti
325 2342 362 2375 et
384 2337 537 2374 aliorum
552 2337 649 2374 dicta
668 2337 787 2374 minus

125 2394 241 2431 videri
285 2393 465 2431 invidiosa
518 2393 693 2442 cogitanti
740 2388 786 2431 τό

124 2453 241 2489 θεῖον
258 2450 378 2488 Deum
399 2463 482 2487 esse
499 2450 665 2497 ultorem,
686 2444 790 2499 φθό-

124 2521 200 2546 νον
236 2507 431 2544 υίηάίείαηι
460 2506 639 2554 divinam,
678 2505 788 2554 vulgo

126 2563 259 2600 dictam
287 2562 458 2614 νέμεσιν.
499 2564 599 2600 Hinc
622 2562 790 2612 superbis

125 2618 353 2667 hominibus,
384 2633 476 2669 quos
502 2619 597 2656 ultor
627 2619 791 2668 sequitur

128 2675 241 2723 deus,
277 2676 376 2714 idem
421 2677 550 2713 dicitur
586 2669 793 2726 φθονερός

127 2730 282 2779 talisque
301 2733 442 2770 Croeso
466 2732 632 2782 inprimis
655 2732 716 2769 ille
739 2731 793 2767 vi-

129 2786 209 2823 deri
238 2792 406 2836 poterat,
435 2802 545 2838 quem
569 2792 655 2838 post
679 2786 794 2837 ἔλαβε

130 2841 174 2881 ἐκ
193 2845 295 2880 θεοῦ
315 2843 469 2894 νέμεσις
488 2841 635 2896 μεγάλη
649 2842 792 2897 (1,34).

132 2898 205 2942 Qui
233 2899 330 2935 enim
359 2900 525 2939 homines
554 2902 601 2939 ob
630 2901 792 2947 nimiam,

191 2952 400 2994 Hauonom.
432 2956 461 2992 I.

839 883 911 921 qua
933 872 1119 918 fruuntur,
1154 869 1363 910 felicitatem
1388 872 1496 922 spiri-

835 931 895 964 tus
925 931 1072 964 sumunt
1097 931 1134 964 et
1159 928 1277 976 magis
1305 941 1414 977 quam
1439 930 1496 965 fas

837 988 913 1031 est,
952 996 1035 1021 sese
1070 996 1181 1034 supra
1207 984 1368 1033 reliquos
1398 997 1497 1021 mor-

836 1041 928 1077 tales
993 1039 1142 1087 tollunt,
1209 1045 1498 1090 arrogantesque

837 1097 952 1143 fiunt,
991 1109 1117 1133 eorum
1156 1097 1400 1144 arrogantiam
1437 1110 1498 1133 su-

835 1153 1073 1204 perbiamque
1113 1152 1376 1189 calamitatibus
1414 1166 1498 1201 gra-

835 1208 994 1245 vioribus
1013 1208 1185 1244 immissis
1211 1209 1392 1257 castigare
1406 1209 1500 1246 solet

840 1265 931 1301 deus
960 1276 1098 1312 eosque
1123 1259 1184 1301 de>
1202 1265 1372 1302 fortunae
1402 1268 1499 1301 statu

838 1321 1006 1367 deiicere,
1025 1333 1097 1369 quo
1115 1320 1335 1358 modestiam
1357 1321 1501 1358 discant

838 1390 906 1414 nec
940 1389 1102 1425 unquam
1135 1377 1307 1414 mortales
1343 1390 1385 1414 se
1418 1390 1501 1414 esse

838 1439 949 1482 atque
1005 1433 1169 1470 infirmos
1231 1433 1498 1470 obliviscantur.

838 1490 923 1526 Hoc
940 1490 1053 1538 igitur
1069 1502 1181 1527 sensu
1202 1490 1293 1527 deus
1319 1493 1376 1527 est
1394 1493 1501 1539 φθο-

839 1541 966 1598 νερός.
1012 1546 1226 1584 Sententiae
1244 1546 1352 1583 huius
1379 1559 1500 1584 exem-

839 1603 900 1653 pla
935 1603 998 1651 qui
1037 1607 1211 1650 quaerat,
1260 1603 1291 1639 is
1338 1602 1502 1640 consulat

839 1658 1072 1696 Valckenarii
1108 1663 1232 1696 notam
1267 1658 1290 1696 l.
1324 1657 1346 1696 l.
1420 1658 1503 1697 Alia.

841 1715 1021 1764 quaedam
1051 1714 1137 1752 olim
1162 1715 1246 1765 ipse
1271 1715 1424 1752 excitavi
1453 1715 1503 1752 ad

840 1771 936 1808 Plut.
969 1771 1146 1808 Alcibiad.
1185 1784 1215 1807 c.
1244 1772 1298 1812 33
1338 1785 1375 1821 p.
1417 1770 1502 1812 235

841 1828 971 1877 quibus
999 1840 1096 1864 nunc
1134 1827 1232 1864 adde
1258 1827 1351 1864 Plut.
1377 1827 1503 1864 Philo-

840 1897 961 1934 poem.
988 1896 1067 1933 cap.
1100 1886 1164 1924 17.
1197 1884 1249 1924 18
1285 1883 1503 1921 Pindarum-

843 1953 913 1988 que
933 1940 1038 1988 Pyth.
1060 1939 1109 1987 X,
1136 1941 1201 1980 31.
1233 1939 1382 1990 Olymp.
1405 1939 1501 1986 VlH,

845 1995 925 2038 114
977 1996 1065 2045 ibiq.
1123 1995 1259 2033 Tafelii
1320 1996 1503 2034 Dilucidd.

841 2066 928 2103 pag.
948 2053 1030 2093 323
1053 2064 1132 2101 seq.
1160 2051 1330 2089 Eandem
1355 2057 1504 2089 senten-

842 2110 931 2146 tiam
957 2108 1118 2145 declarat
1144 2107 1347 2145 Pausanias
1368 2108 1423 2156 II,
1448 2110 1504 2149 33

844 2163 881 2216 ἓ.
900 2166 926 2205 3
960 2164 1112 2214 aliisque
1140 2164 1251 2212 locis,
1293 2165 1338 2202 ab
1363 2166 1504 2202 editore

843 2222 1052 2271 nuperrimo
1089 2221 1271 2258 indicatis.
1327 2221 1505 2271 Disputa-

843 2281 927 2315 runt
952 2290 1100 2327 quoque
1125 2278 1220 2314 hanc
1239 2278 1276 2314 in
1295 2290 1373 2314 rem
1389 2276 1506 2314 Dahl-

844 2347 966 2372 mann.
992 2335 1029 2370 in
1048 2334 1139 2370 libro
1167 2334 1214 2371 de
1231 2334 1413 2371 Herodoti
1431 2334 1507 2370 vita

846 2403 889 2428 ac
916 2391 1024 2427 rebus
1056 2403 1142 2441 pag.
1177 2392 1257 2431 177
1287 2403 1366 2438 seq.
1395 2394 1506 2438 atque

847 2447 1059 2484 Giintherus
1110 2447 1148 2482 in
1192 2458 1261 2495 pro
1303 2449 1507 2494 grammate

845 2503 1086 2550 scholastico,
1144 2503 1246 2551 quod
1298 2502 1506 2539 Helmstad.

850 2559 959 2602 1824
976 2560 1126 2609 prodiit,
1147 2559 1337 2596 continens
1356 2558 1509 2608 „expla-

847 2617 1036 2653 nationem
1094 2615 1164 2651 loci
1210 2615 1416 2652 Herodotei
1461 2614 1508 2652 de

850 2673 953 2726 Θείῳ
976 2671 1207 2723 φθονεροὶ(

903 2725 1030 2767 πολλα
1052 2726 1124 2778 μέν
1145 2726 1224 2766 ἐστι
1243 2725 1363 2765 ἰδέειν
1382 2723 1431 2765 vo?
1451 2721 1507 2777 μή

847 2799 905 2831 τις
919 2783 1029 2824 εθέλε
1033 2787 1060 2829 ι]
1092 2785 1115 2820 i.
1129 2797 1160 2820 e.
1190 2783 1348 2831 „multas
1371 2796 1423 2820 res
1443 2783 1509 2820 ad-

847 2854 979 2888 versas,
1005 2840 1118 2887 mala,
1148 2840 1508 2878 calamitatesf‘vid.

849 2902 943 2937 nott.
971 2898 1018 2935 aa
1044 2897 1084 2945 Ι,
1116 2899 1179 2938 16.
1207 2954 1236 2991 6
