1759 3324
205 364 305 413 155

34 432 165 462 ernennn
187 440 205 460 a
233 433 314 468 cjro
610 451 628 459 ..
784 445 793 457 ι

33 468 214 497 sententiam
277 466 315 494 do
370 447 480 502 πρὸς
509 449 706 501 Κροισον
741 447 856 489 ταδε.

33 504 149 543 Lydia
175 504 310 541 rogatus,

32 537 113 565 «uod
122 536 150 564 ei
159 520 313 564 comiliuixi

54 571 163 599 ederit.

365 259 449 300 352

779 256 1245 296 HERODOTI

473 365 735 422 Πυθόμενος
763 366 808 410 δὲ
837 365 937 410 κατ’
965 365 1073 410 ὁδόν
1103 369 1241 410 ταῦτα
1270 364 1294 409 ὁ
1324 368 1495 419 Κῦρος,
1527 365 1619 410 εἶπε

913 448 1135 499 ,,Κροῖσε,
1177 447 1220 489 τί
1251 445 1369 489 ἔσται
1410 444 1458 488 τό
1498 444 1620 496 τέλος

371 541 495 577 ,,των
523 523 762 580 γινομένων
795 523 964 567 τούτων
985 525 1100 580 ἐμοί,
1131 523 1186 569 ού
1202 524 1447 568 παύσονται
1465 524 1622 576 Λυδοὶ,

365 603 457 656 ,,ὦς
486 605 650 654 οἴκασι,
680 602 909 657 πρήγματα
937 603 1215 659 παρέχοντες,
1253 603 1327 647 καὶ
1357 601 1480 646 αὐτοὶ
1510 603 1622 658 ἕχον-

364 698 478 734 ,,τες.
510 682 753 737 φροντίζω,
800 680 857 735 μὴ
890 679 1069 735 ἄριστον
1104 677 1133 738 ᾗ
1174 682 1624 736 ἐξανδραποδίσασθαί

336 768 391 812 2„
404 774 552 815 σφεας.
604 758 765 814 ὁμοίως
792 756 873 813 γάρ
905 776 980 814 μοι
1008 764 1093 803 νῦν
1127 776 1175 815 γε
1206 762 1419 817 φαίνομαι
1446 767 1676 817 πεποιη-61

368 838 549 891 ,,κέναι,
597 835 656 889 ὥς
685 839 726 880 εἴ
751 853 813 888 τις
841 837 1005 892 πατέρα
1034 835 1309 891 ἀποκτείνας,
1337 843 1426 883 τῶν
1453 842 1625 884 παίδων

367 951 392 970 ,,
405 917 544 961 αὐτοῦ
601 917 820 972 φείσαιτο·
853 914 912 967 ὥς
941 915 987 960 δὲ
1023 917 1097 960 καὶ
1132 916 1214 972 ἐγώ
1244 919 1405 961 Λυδῶν
1442 917 1518 962 τὸν
1546 919 1625 974 μὲν

367 997 532 1050 ,,πλέον
562 1011 604 1039 τι
632 994 661 1051 ἢ
687 994 852 1050 πατέρα
882 992 1008 1038 ἐόντα
1046 994 1092 1038 σὲ
1121 994 1270 1052 λαβών
1300 993 1414 1052 ἄγω,
1456 995 1627 1040 αὐτοῖσι

367 1077 450 1129 „6³0-
478 1076 666 1119 Λυδοῖσι
693 1073 773 1131 τὴν
798 1072 928 1118 πόλιν
956 1075 1207 1129 παρέδωκα·
1237 1076 1310 1119 καὶ
1339 1076 1483 1120 ἔπειτα
1511 1081 1626 1120 θωυ-
1637 1083 1682 1118 65

334 1156 483 1213 3μάζω
525 1156 566 1200 εἴ
598 1171 676 1211 μοι
713 1151 939 1204 ἀπεστᾶσι,

952 1157 976 1177 (ζ

1029 1151 1079 1198 Ὃ
1109 1155 1188 1210 μὲν
1218 1153 1270 1211 δή
1308 1154 1362 1198 τά
1401 1170 1479 1211 περ
1515 1154 1627 1209 νόεε,

366 1236 502 1292 ἔλεγε·
543 1233 567 1279 ὁ
598 1233 643 1278 δ’
672 1232 870 1290 ἀμείβετο
899 1233 1063 1285 τοῖσδε,
1102 1234 1245 1285 δείσας
1272 1233 1330 1290 μή
1362 1231 1628 1286 ἀναστάτους

367 1313 530 1371 ποιήσῃ
557 1313 633 1367 τὰς
661 1311 844 1370 Σάρδις·

513 1557 546 1596 C
557 1570 580 1595 a
589 1569 626 1608 p.
658 1553 772 1594 CLV.

374 1688 422 1712 ου
447 1665 672 1711 παύσονται
686 1688 743 1696 —
759 1680 969 1734 πρηγματα

314 1727 574 1781 παρέχοντες,
612 1724 681 1764 καὶ
719 1719 831 1762 αὐτοὶ
859 1723 969 1774 ἔχον-

315 1788 398 1833 τες]
430 1786 452 1822 i.
475 1798 505 1822 e.
533 1796 600 1820 non
619 1783 774 1820 desznent
799 1780 886 1818 ηιῑΙιί
905 1793 965 1817 ne-

315 1845 417 1892 gotta
433 1841 610 1892 facessere
640 1843 672 1876 et
702 1838 770 1874 sabi
796 1839 867 1886 ipsi
892 1849 964 1873 mo-

317 1901 453 1936 lestiam
478 1908 603 1934 creare.
663 1895 769 1938 Quae
798 1894 846 1929 ad
866 1893 966 1929 locu-

313 1957 453 1994 tionem
470 1948 678 2004 πράγματα
698 1947 882 1999 παρέχειν
899 1946 967 1986 καὶ

316 2011 417 2062 ἔχειν
466 2008 718 2046 illustrandam
769 2005 964 2055 pertinent,

318 2067 422 2105 citavi
439 2066 485 2102 ad
505 2065 598 2101 Plut.
624 2061 750 2111 Pyrrh.
773 2073 859 2111 pag
873 2060 964 2101 174.

317 2145 374 2151 —-
392 2122 435 2158 In
459 2133 564 2170 seqq.
595 2117 811 2169 φροντίζω,
847 2113 900 2165 μὴ
923 2112 967 2154 α’-

319 2190 453 2230 ριστον
481 2193 507 2231 η
538 2176 667 2214 eodem
694 2174 804 2211 modo
834 2173 967 2209 dictum

318 2248 390 2284 quo
413 2218 572 2273 δέδοικα
586 2228 662 2282 μὴ,
692 2230 760 2267 alia
779 2228 817 2265 id
837 2241 966 2277 genus,

318 2292 366 2328 de
387 2290 515 2339 quibus
537 2289 630 2326 conf.
651 2285 783 2323 Matth.
811 2285 876 2321 Gr.
902 2285 967 2321 Gr.

319 2346 357 2398 ᾖ.
379 2348 472 2388 520.
500 2344 643 2382 Latini:
666 2353 806 2388 vereor,
824 2354 866 2377 ne
877 2342 967 2391 opti-

317 2416 408 2441 mum
428 2403 476 2439 sz't
494 2414 580 2453 pro:
595 2403 685 2450 puto
702 2399 866 2449 optimum
889 2409 969 2434 esse.

375 2484 429 2533 ὥς
452 2484 554 2531 εἴτις
565 2480 713 2533 πατέρα
724 2477 970 2529 εἷποκτείνας,

318 2545 400 2582 τῶν
430 2541 586 2580 παίδων
614 2536 740 2578 αὐτοῦ
763 2538 966 2587 φείσαιτο]

318 2599 509 2637 Herodoto
529 2597 565 2633 in
579 2596 634 2633 his
645 2596 874 2633 obversatum
884 2605 968 2631 esse

317 2655 541 2693 contendunt
575 2651 712 2689 Stasini
755 2649 968 2688 versiculum

319 2712 436 2758 illum,
476 2709 637 2760 pluribus
662 2706 898 2752 celebratum,
927 2709 968 2742 ut

319 2769 357 2806 in
374 2766 604 2820 proverbium
624 2764 716 2800 adeo
737 2762 910 2799 cesserit.

375 2847 540 2904 νήπιος,
560 2845 602 2895 ὁς
621 2845 769 2897 πατέρα
789 2847 967 2896 κτείνων,

462 2905 607 2952 παῖδας
626 2906 764 2944 navate
768 2903 829 2943 ίπ
818 2917 860 2943 ι.

905 1307 986 1366 „³53
1022 1316 1225 1371 βασιλεῦ,
1272 1311 1326 1357 τοὶ
1361 1314 1440 1371 μὲν
1477 1312 1627 1358 οἰκότα

1036 1555 1119 1593 Vid.
1147 1556 1324 1595 Clement.
1353 1553 1546 1594 Alexandr.
1576 1555 1682 1592 Stro-

1035 1617 1122 1649 mat.
1139 1613 1190 1649 VI
1207 1626 1293 1663 pag.
1315 1612 1396 1653 451
1419 1611 1519 1660 Sylb.
1539 1609 1681 1648 Aristo-

1035 1668 1095 1706 tel.
1117 1669 1267 1706 Rhetor.
1286 1668 1324 1716 Ι,
1349 1671 1413 1709 16.
1442 1667 1499 1714 11,
1525 1670 1588 1708 17.
1608 1666 1680 1703 Po-

1033 1724 1106 1774 lyb.
1126 1725 1255 1772 XXII,
1279 1727 1316 1765 8.
1333 1744 1390 1752 -·
1413 1723 1456 1761 In
1473 1736 1577 1773 seqq.
1595 1726 1685 1759 nota

1033 1781 1172 1819 articuli
1211 1780 1532 1831 transpositionem
1566 1791 1682 1828 quan-

1035 1839 1119 1875 dam
1152 1838 1246 1875 bene
1282 1839 1510 1874 observatam
1537 1847 1559 1871 a
1587 1834 1684 1872 Mat-

1033 1894 1130 1931 thiae
1156 1894 1193 1929 in
1217 1894 1283 1929 Gr.
1304 1893 1369 1929 Gr.
1391 1891 1521 1942 §.275
1539 1904 1574 1940 p.
1588 1892 1681 1932 560.

1031 1949 1164 1988 Dicere
1181 1949 1275 1986 enim
1295 1953 1575 1985 consentaneum
1589 1951 1682 1984 erat:

1036 2002 1090 2051 ὡς
1121 2003 1162 2043 δὲ
1192 2003 1258 2043 καὶ
1287 2001 1362 2055 ἐγω
1391 2001 1458 2050 σὲ,
1490 1999 1579 2042 τόν
1609 1999 1683 2054 μὲν

1033 2059 1154 2100 πλέον
1169 2076 1205 2099 τι
1226 2057 1255 2111 ἢ
1275 2058 1422 2111 πατέρα
1442 2054 1595 2099 ἐόντα.

1089 2132 1156 2156 και
1188 2116 1254 2156 εἐπ
1259 2132 1319 2155 ιτα
1358 2111 1613 2165 θωυμαζω
1648 2114 1687 2155 εί

1035 2188 1103 2226 μοι
1139 2169 1349 2223 ἀπεστᾶσι]
1391 2172 1600 2210 Gaisfordio
1639 2185 1684 2210 ex

1035 2243 1108 2267 uno
1154 2229 1504 2268 Schellershemiano
1561 2228 1684 2266 edenti

1035 2281 1211 2337 θωμάζω
1239 2299 1315 2323 non
1344 2285 1684 2335 obtemperavimus,

1037 2356 1118 2381 cum
1136 2342 1352 2392 reliquorum
1369 2341 1541 2378 librorum
1559 2344 1684 2377 aucto-

1036 2400 1124 2436 ritas
1143 2403 1291 2437 vetaret.
1319 2398 1379 2436 De
1400 2410 1469 2434 usu
1486 2396 1685 2447 particulae

1040 2455 1075 2495 εἰ
1103 2455 1190 2505 (pro
1205 2451 1306 2503 ὅτι),
1333 2454 1402 2491 hoc
1429 2452 1508 2490 loco
1535 2452 1683 2489 laudato

1038 2512 1203 2562 exposuit
1219 2510 1350 2548 Matth.
1366 2509 1432 2545 Gr.
1448 2509 1513 2545 Gr.
1541 2507 1577 2558 ἓ.
1599 2510 1682 2549 617

1034 2580 1121 2618 pag
1149 2567 1268 2609 1251.
1332 2565 1375 2602 In
1404 2559 1490 2603 νόεε
1528 2565 1684 2602 observa

1035 2627 1269 2672 augmentum
1309 2621 1518 2670 syllabicam
1566 2621 1682 2657 rarius

1032 2678 1233 2727 neglectum
1246 2707 1256 2724 ‚
1286 2680 1327 2713 ut
1338 2681 1462 2714 monet
1478 2677 1575 2714 idem
1583 2675 1684 2713 Mat-

1035 2735 1132 2772 thiae
1166 2732 1304 2785 §.160
1333 2745 1418 2782 pag.
1438 2734 1532 2774 292.
1590 2732 1681 2769 Inde

1033 2803 1109 2827 non
1130 2791 1277 2837 mirum,
1298 2789 1436 2838 aliquot
1455 2789 1598 2826 codices
1615 2801 1679 2825 ex-

1034 2846 1158 2884 hibere
1175 2841 1303 2890 ἐνόεε,
1333 2846 1449 2882 forma
1473 2845 1520 2881 ad
1549 2843 1680 2893 vulga-

1032 2906 1108 2939 tum
1128 2902 1270 2940 dicendi
1293 2914 1408 2950 genus
1428 2901 1577 2938 mutata..
