1768 3315
612 227 829 267 CLIO.
887 227 915 265 Ι.

1317 229 1401 269 263

108 342 189 386 2τὸ
218 338 478 396 προσωτέρω
507 337 566 394 μὴ
595 333 872 390 πορεύεσθαι.
929 336 975 380 οἱ
1002 335 1072 389 δὲ,
1102 333 1196 380 ἐπεί
1223 352 1267 380 τε
1297 333 1402 379 ἀνα-

136 420 368 478 χωρέοντες
397 416 558 467 ὀπίσω,
610 415 813 471 ἐγένοντο
853 417 930 471 τῆς
967 415 1136 470 Συρίης
1175 415 1222 458 ἐν
1253 414 1399 459 'Aona‘-

136 507 240 545 λωνι
269 497 388 546 πόλι,
433 499 522 539 τῶν
548 495 744 540 πλεόνων
784 493 1004 539 Σκυθέων
1041 492 1400 548 παρεξελθόντων

136 578 337 630 ἀσινέων,
369 573 510 632 ὀλίγοι
538 575 650 626 τινες
680 572 828 618 αὐτῶν
856 572 1222 630 ὑπολειφθέντες,
1254 571 1401 630 ἐσύλη-

107 666 219 702 Βσοιν
247 659 324 712 τῆς
353 653 575 711 Οὐρανίης
597 654 852 711 Ἀφροδίτης
880 655 929 698 τὸ
961 653 1073 710 ἱρόν.
1104 653 1195 697 ἔστι
1223 653 1270 698 δὲ
1299 655 1457 697 τοῦ-40

133 753 183 781 το
212 736 261 780 τὸ
292 733 415 791 ἱρὸν,
458 733 517 785 ὥς
545 733 629 790 ἐγώ
668 733 1008 791 πυνθανόμενος
1038 731 1252 789 εὑρίσκω,
1292 730 1400 777 πάν-

106 818 224 859 4των
260 812 549 871 ἀρχαιότατον
586 815 697 870 ἱρῶν
727 814 811 859 ὅσοι
848 812 1010 870 ταύτης
1038 816 1114 870 τῆς
1142 816 1266 858 θεοῦ.
1325 811 1400 856 καὶ

77 1040 110 1064 τ.
123 1027 171 1070 λ.]
208 1025 332 1073 Ψαμμ
343 1017 369 1072 η’
381 1035 485 1071 τιχος
505 1020 584 1057 aliis
600 1020 730 1059 Nostri

77 1081 165 1118 locis
191 1080 350 1118 exhiberi
376 1082 501 1116 monet
527 1077 730 1116 wesselin-

77 1138 182 1187 gius3
211 1150 307 1173 nunc
331 1147 417 1173 vero
441 1138 498 1172 est
525 1135 729 1172 restitutum

86 1193 360 1244 Ψαμμίτιχον,
381 1203 476 1240 quae
492 1192 611 1228 verior
627 1192 729 1228 vide-

78 1256 139 1287 tur
159 1250 345 1300 scriptura.
401 1247 492 1284 Mox
512 1243 555 1286 τὸ
575 1260 727 1300 προσω-

79 1305 177 1357 τέρω
201 1305 387 1343 seiunctim
406 1304 628 1353 scripsimus,
648 1317 729 1341 cum

78 1364 178 1413 prius
218 1361 331 1399 male:
368 1359 661 1411 τοπροσωτέρω.
677 1382 724 1387 -

77 1418 244 1457 Meminit
263 1417 369 1455 huius
386 1417 599 1465 Scytharum
620 1430 730 1466 expe-

77 1475 225 1512 ditionis
248 1474 494 1522 Hieronymus
527 1473 728 1524 (Epitaph.

76 1531 218 1571 Fabiol.
252 1530 300 1568 T.
330 1530 380 1568 IV
412 1543 448 1580 p.
482 1532 562 1571 661
597 1530 728 1580 Opp.)

75 1588 172 1627 male
196 1592 319 1626 tamen
349 1599 431 1624 eam
462 1586 576 1623 Dario
606 1586 728 1624 Medis

76 1646 280 1695 imperante
329 1643 504 1681 accidisse
552 1644 728 1681 reserens.

77 1700 354 1738 Psammitichus
386 1712 472 1737 vero
493 1711 538 1736 ex
556 1698 730 1736 Larcheri

78 1757 278 1795 rationibus
304 1769 457 1805 regnum
481 1756 577 1805 cepit
593 1758 672 1796 671
695 1769 728 1793 a.

78 1814 166 1851 Chr.
187 1817 424 1862 mortuusque
434 1816 491 1850 est
502 1814 584 1853 617
597 1825 629 1849 a.
641 1812 728 1849 Chr.

76 1874 117 1907 ut
136 1870 230 1908 adeo
249 1869 355 1907 XVII
378 1869 482 1906 annis
511 1873 596 1906 ante
616 1868 731 1919 ipsius

77 1931 228 1964 mortem
256 1926 473 1975 Scytharum
502 1925 642 1963 invasio
671 1937 733 1962 ac-

75 1983 207 2022 cidisse
226 1983 274 2020 sit
289 1982 464 2033 putanda.

134 2038 314 2091 ἐγένοντο
332 2041 402 2088 τῆς
421 2037 572 2090 Συρίης
602 2036 644 2077 ἐν
674 2032 731 2076 'A-

77 2093 254 2137 σκάλωνι
274 2091 378 2146 πόλι]
407 2094 467 2132 Ad
486 2096 639 2132 formam
659 2090 732 2134 πό-

77 2157 116 2193 λι
137 2154 232 2192 conf.
260 2152 392 2190 Matth.
420 2165 456 2202 p.
480 2154 571 2193 179.
601 2171 655 2181 —-
684 2151 725 2188 In

77 2223 181 2260 seqq.
202 2205 343 2261 ἆσινής
361 2209 476 2246 activa
499 2209 650 2246 notione
671 2220 732 2245 ac-

77 2267 303 2317 cipiendum:
340 2278 408 2302 non
441 2265 601 2313 laedens,
639 2264 731 2302 nihil

79 2323 202 2372 (mali)
230 2324 463 2367 conmittens,-
501 2335 582 2359 cum
619 2321 731 2370 vulgo

79 2380 226 2430 passiva
250 2379 463 2429 plerumque
495 2379 645 2416 notione
668 2391 730 2415 oc-

79 2441 213 2474 currat:
238 2436 447 2484 incolumis,
483 2435 652 2482 illaesus,
690 2438 731 2471 ut

80 2491 136 2539 Π,
157 2491 248 2534 114.
269 2495 348 2534 181
375 2497 442 2530 etc.
481 2492 540 2530 Cf.
559 2491 729 2540 Schwgh.

81 2546 201 2585 Lexic.
210 2549 389 2587 Herodot.
405 2549 556 2586 Ascalon
574 2550 660 2586 urbs
670 2560 730 2585 sa-

84 2603 130 2639 fis
147 2608 233 2641 nota
245 2633 256 2652 ,
285 2606 421 2656 quippe
441 2607 541 2643 cuius
557 2606 730 2654 frequens

85 2660 218 2696 mentio
243 2661 284 2698 fit
303 2662 339 2698 in
357 2663 469 2699 sacris
478 2662 731 2699 Hebraeorum

85 2715 193 2752 libris.
231 2717 309 2754 Sita
328 2718 394 2755 fuit
411 2732 528 2769 prope
551 2731 652 2756 mare
676 2718 733 2754 in-

85 2775 141 2808 ter
164 2769 319 2811 Azotum
339 2778 449 2823 atque
469 2776 631 2823 Gazam,
661 2787 736 2812 una

87 2827 134 2864 de
161 2828 318 2879 quinque
342 2830 620 2869 Philistaeorum
650 2831 736 2868 civi-

87 2883 231 2922 tatibus.
317 2885 425 2925 Plura
470 2887 736 2928 Rosenmiffler.

797 1020 893 1059 Bibl.
916 1018 1161 1070 Archaeolog.
1188 1018 1245 1068 Π,
1267 1021 1294 1061 2
1311 1031 1348 1070 p-
1372 1019 1456 1060 378

797 1091 901 1128 seqq.

854 1133 934 1173 ἔστι
946 1131 990 1173 δὲ
1005 1134 1124 1172 τοῦτο
1135 1129 1179 1173 τὸ
1191 1129 1277 1185 ἷρὸν
1291 1153 1347 1159 --
1357 1126 1456 1170 πάν-

797 1205 878 1229 των
896 1185 1158 1241 ἀρχαιότατον
1182 1189 1280 1240 ἱρῶν
1301 1203 1338 1227 κ.
1351 1203 1382 1227 τ.
1400 1186 1454 1239 λ.]

797 1247 998 1285 Pausanias
1034 1246 1072 1293 I,
1098 1246 1151 1287 14
1180 1245 1356 1294 Assyrios
1379 1245 1456 1294 pri-

797 1316 876 1341 mos
895 1303 1053 1341 omnium
1069 1302 1252 1340 Venerem
1278 1301 1457 1338 Uraniam

797 1360 955 1398 coluisse
979 1361 1109 1406 refert,
1138 1359 1225 1396 inde
1256 1357 1351 1395 illius
1382 1356 1457 1394 cul-

797 1421 875 1454 tum
892 1416 1054 1467 Paphios
1074 1416 1112 1452 in
1132 1416 1258 1465 Cypro
1277 1418 1313 1452 et
1334 1413 1457 1451 Phoe-

797 1474 896 1511 nices
932 1473 970 1510 in
1004 1472 1215 1510 Palaestina
1253 1471 1455 1520 accepisse,

796 1531 895 1568 unde
933 1530 1121 1568 devenerit
1152 1530 1202 1566 ad
1245 1527 1455 1577 Cytherios.

797 1587 909 1631 Quod
929 1599 1010 1624 cum
1029 1587 1149 1623 minus
1164 1584 1335 1624 credibile
1353 1584 1457 1622 vide-

796 1646 877 1681 atur
905 1643 1178 1691 Wesselingio,
1207 1641 1358 1679 miranti
1381 1653 1456 1690 quo

796 1703 905 1750 pacto
927 1700 974 1737 ab
991 1698 1154 1748 Assyriis
1184 1711 1206 1735 a
1225 1698 1318 1736 mari
1334 1710 1456 1735 remo-

797 1756 949 1793 tissimis
971 1756 1062 1794 haec
1076 1755 1289 1806 superstitio
1315 1754 1366 1792 ad
1379 1754 1456 1803 Cy-

797 1813 898 1864 prios
925 1817 1120 1863 penetrare
1145 1811 1327 1862 potuerit,
1357 1809 1456 1847 Pau-

798 1870 940 1906 saniam
960 1868 1089 1907 Nostri
1119 1867 1306 1918 scriptoris
1324 1867 1404 1905 loco
1425 1866 1456 1916 Ι,

801 1927 882 1967 131
916 1928 954 1963 et
984 1928 1064 1967 199
1096 1937 1118 1962 a
1144 1937 1232 1962 vero
1259 1924 1456 1961 abductum

800 1995 887 2020 esse
900 1986 1017 2032 putat.
1065 1981 1143 2020 Sed
1161 1981 1314 2019 meliora
1333 1981 1382 2018 de
1398 1980 1455 2016 his

798 2042 926 2077 nostra
941 2043 1043 2076 aetas
1065 2038 1207 2075 edocta.
1263 2036 1362 2075 Nam
1380 2036 1455 2074 Ve-

798 2108 868 2133 nus
888 2095 1047 2143 Urania,
1078 2095 1126 2133 de
1150 2095 1251 2131 cuius
1278 2093 1455 2142 antiquis-

799 2153 892 2189 simo
934 2151 1072 2202 templo
1108 2150 1289 2188 Ascalone
1330 2153 1455 2186 narrat

798 2209 1034 2256 Herodotus,
1053 2208 1112 2245 vix
1130 2207 1201 2245 alia
1218 2207 1361 2244 videtur
1372 2218 1455 2244 esse

798 2268 910 2314 atque
924 2264 1107 2312 Derceto,
1138 2277 1248 2314 quam
1279 2263 1363 2312 Syri
1389 2276 1456 2299 vo-

798 2322 943 2369 cabant,
963 2321 1058 2359 culta
1079 2322 1147 2358 sub
1166 2322 1284 2358 forma
1303 2333 1327 2357 e
1342 2319 1454 2370 piscis

799 2382 837 2416 et
875 2378 1031 2415 hominis
1075 2379 1255 2416 femineae
1287 2376 1453 2426 partibus

797 2435 1011 2485 composita.
1071 2435 1181 2472 Conf.
1215 2433 1371 2471 Diodor.
1406 2432 1455 2480 ΙΙ,

797 2491 825 2533 4
858 2491 938 2529 coll.
973 2491 1097 2529 Strab.
1137 2490 1226 2529 XVI
1263 2504 1302 2541 p.
1331 2491 1452 2531 1132-

795 2548 879 2586 Nec
911 2549 1114 2597 quidquam
1147 2547 1342 2595 abhorret,
1378 2559 1454 2595 quo

797 2606 917 2644 minus
949 2604 1132 2642 Ascalone
1158 2604 1325 2654 primitus
1361 2602 1455 2640 hanc

798 2663 907 2700 deam
917 2661 986 2698 hac
1005 2662 1073 2699 sub
1086 2661 1209 2711 specie
1231 2660 1363 2699 cultam
1379 2660 1455 2698 exi-

799 2719 999 2756 stimemus.
1042 2718 1199 2756 Veneris
1217 2720 1339 2754 autem
1357 2716 1455 2754 Ura-

800 2776 884 2812 niae
909 2775 1044 2812 cu-ltum
1067 2787 1111 2812 ex
1129 2773 1240 2811 Asiae
1256 2772 1454 2823 superioris

801 2831 1015 2880 regionibus
1041 2832 1208 2878 ductum,
1237 2830 1319 2879 ipse
1333 2829 1454 2866 Hero-

803 2888 912 2926 dotus
931 2887 972 2936 I,
993 2889 1073 2930 131
1103 2887 1264 2925 indicare
1289 2885 1454 2929 videtur;
