1814 3315
237 359 304 405 71

30 423 311 518 araxen?

29 491 79 519 bel
84 493 112 519 lu
116 500 175 519 mc

32 546 131 586 vicina
165 567 182 594 p
185 566 222 586 au
211 532 293 594 eper-

31 595 105 621 tate.

362 248 444 288 182

752 239 1223 280 HERODOTI

475 356 667 407 Κροῖσος
711 350 758 395 δὲ
800 348 1007 405 ἁμαρτὼν
1044 353 1128 395 τοῦ
1165 351 1386 407 χρησμοῦ,
1434 347 1627 393 ἐποιέετο

368 435 598 490 στρατηίην
646 430 689 482 ἐς
729 431 1072 486 Καππαδοκίην,
1129 430 1305 481 ἐλπίσας
1352 428 1630 485 καταιρήσειν

266 532 314 552 um
342 511 526 567 2K1390'v
562 526 607 554 τε
645 510 720 554 καὶ
757 508 837 566 τὴν
866 511 1069 565 Περσέων
1099 507 1302 566 δύναμιν.
1361 520 1630 564 παρασκευα·

369 593 552 649 ζομένου
581 589 626 633 δὲ
654 589 852 643 Κροίσου
881 588 1192 645 στρατεύεσθαι
1222 589 1290 633 ἐπὶ
1318 589 1511 645 Πέρσας,
1540 591 1631 632 τῶν

364 690 430 724 τις
457 672 646 722 Λυδῶν,
676 667 960 724 νομιζόμενος
998 669 1073 712 καὶ
1099 668 1297 723 πρόσθεν
1333 666 1444 713 εἶναι
1474 667 1630 723 σοφὸς,

368 750 453 796 ἀπὸ
486 750 532 794 δὲ
563 747 723 804 ταύτης
762 751 839 804 τῆς
870 747 1046 803 γνώμης
1079 748 1154 791 καὶ
1192 747 1242 791 τὸ
1279 748 1420 801 κάρτα
1459 745 1689 804 οὔνομασο

367 831 415 876 ἐν
445 832 630 874 Λυδοῖσι
659 827 790 883 ἔχων,
830 825 1144 882 συνεβούλευσε
1174 829 1352 884 Κροίσῳ
1381 825 1507 870 τάδε·
1539 825 1633 884 (οὔ-

339 908 487 967 8νομά
531 909 574 952 οἱ
610 903 666 964 ἦν
700 905 926 957 Σάνδανις
940 908 968 961 ·)
1027 901 1109 958 „³521
1137 909 1337 962 βασιλεῦ,
1378 903 1440 949 ἐπ’
1471 904 1636 959 ἄνδρας

368 988 635 1044 ,,τοιου’τους
664 984 977 1040 στρατεύεσθαι
1007 984 1384 1040 παρασκευάζεαι,
1423 988 1466 1028 οἳ
1496 985 1638 1028 σκυτί-

369 1103 396 1123 ,,
408 1086 488 1120 νας
509 1067 587 1125 μὲν
604 1064 890 1121 ἀναξυρίδας,
920 1066 1127 1122 σκυτίνην
1151 1065 1196 1109 δὲ
1216 1065 1295 1123 τήν
1318 1063 1454 1121 ἄλλην
1473 1064 1638 1120 ἐσθῆτα

369 1182 396 1202 ,,
407 1148 641 1206 φορέουσι·

701 1145 917 1189 σιτέονται
953 1146 999 1189 δὲ
1039 1143 1123 1190 οὐκ
1153 1143 1236 1188 ὅσα
1274 1144 1501 1196 ἐθέλουσι,
1544 1141 1634 1186 ἀλλ’
1650 1149 1696 1186 65

372 1261 398 1281 ,,
410 1227 494 1271 ὅσα
523 1226 688 1282 ἔχουσι,
716 1222 864 1281 χώρην
882 1224 1050 1282 ἔχοντες
1070 1226 1296 1283 τρηχείην·
1327 1222 1439 1280 πρὸς
1463 1223 1532 1277 δὲ,
1555 1219 1640 1267 οὐκ

319 1436 368 1474 de
394 1448 434 1473 re
464 1433 689 1472 narrationes
722 1432 877 1483 explicet
913 1437 975 1470 aut

318 1505 443 1530 secum
487 1489 662 1528 conciliet.
717 1489 777 1528 De
813 1490 975 1540 optativo

322 1544 449 1599 (τάχα
483 1544 527 1586 δὲ
564 1542 627 1586 ἂν
655 1567 711 1574 —
741 1543 975 1598 λέγοιεν)

322 1606 418 1644 conf.
437 1607 529 1642 nott.
561 1603 610 1640 ad
629 1602 668 1650 Ι,
690 1606 728 1644 2.

515 1687 547 1725 c
560 1700 627 1738 ap.
658 1685 795 1724 LXXI.

378 1774 553 1826 Κροῖσος
579 1768 622 1811 δὲ
648 1766 890 1822 ἁμαρτών
908 1771 982 1809 τοῦ

323 1831 516 1882 χρησμοῦ]
547 1829 570 1865 i.
589 1841 620 1866 e.
651 1840 731 1865 cum
751 1840 774 1864 a
791 1840 877 1865 vero
898 1839 982 1864 ora—

322 1886 392 1924 culi
416 1898 526 1923 sensu
562 1885 767 1922 aberrasset
801 1883 982 1933 aliumque

324 1955 408 1981 eum
435 1945 559 1987 ratus,
589 1953 699 1990 quam
722 1953 762 1977 re
780 1952 867 1977 vera
889 1944 979 1987 erat,

323 1999 375 2035 ita
394 1998 568 2053 deceptus
598 1999 707 2033 esset.

383 2054 413 2091 ὠ
470 2053 604 2104 βασιλε
596 2067 630 2090 -υ
646 2080 657 2100 ,
713 2045 777 2090 ἐπ’
829 2046 980 2101 ἄνδρας

324 2104 534 2155 τοιούτους
555 2103 839 2159 στρατεύεσθαι
855 2122 980 2158 παρα-

328 2160 548 2211 σκευάζεαι]
579 2164 636 2201 Ex
657 2163 788 2200 Athen.
806 2163 857 2200 ΠΙ
877 2177 913 2213 p.
925 2165 980 2204 78

326 2220 588 2259 Valckenarius
631 2220 769 2257 restitui
807 2219 901 2256 vult:
950 2220 980 2258 ὠ

329 2278 513 2329 βασιλεῦ,
555 2271 611 2314 σύ
644 2273 698 2314 δὲ
738 2271 803 2315 ἐπ’
835 2272 984 2326 ἄνδρας

328 2349 365 2373 κ
393 2347 426 2372 τ.
454 2336 487 2372 λ.
518 2332 624 2377 Quae
648 2344 729 2369 cum
748 2330 856 2369 valde
878 2331 985 2368 nobis

329 2390 537 2435 arrideant,
577 2388 677 2425 libris
718 2388 862 2439 scriptis
887 2387 986 2424 haud

330 2446 481 2497 probari
501 2444 677 2482 dolemus.

388 2501 428 2541 οὶ
446 2500 631 2546 σκυτίνας
648 2496 719 2551 μὲν
733 2494 986 2550 ἀναξυρίδας,

333 2557 521 2608 σκυτίνην
541 2553 584 2595 δὲ
599 2553 674 2605 τὴν
692 2552 813 2605 α’λλην
835 2553 988 2605 ἐσθῆτα

333 2611 549 2664 φορέουσι]
618 2609 853 2662 ἀναξυρίδες
905 2616 988 2648 sunt

335 2671 487 2707 braccae
509 2681 646 2718 eaeque
673 2669 844 2705 arctiores
872 2679 989 2715 angu-

335 2726 511 2762 stioresve
557 2737 601 2762 ex
645 2724 743 2761 corio
790 2724 990 2770 confectae,

335 2781 444 2831 quale
465 2781 612 2817 omnino
631 2779 913 2831 deprehenditur
928 2792 992 2817 ve-

336 2837 497 2875 stimenti
545 2849 663 2886 genus
717 2836 817 2887 apud
862 2839 993 2884 gentes

338 2893 448 2931 Asiae
490 2893 527 2930 in
568 2892 776 2942 regionibus
813 2892 994 2930 montanis

1042 1431 1202 1482 indeque
1241 1430 1491 1481 frigidioribus
1531 1429 1700 1467 habitan-

1042 1494 1110 1527 tes.
1168 1489 1298 1538 Itaque
1331 1501 1406 1525 non
1442 1487 1572 1524 mirum
1609 1486 1700 1524 Per-

1043 1547 1095 1583 sis
1139 1545 1250 1583 hocce
1287 1544 1469 1595 placuisse
1506 1543 1702 1580 vestimen-

1041 1606 1119 1639 tum]
1130 1631 1141 1649 ,
1166 1615 1246 1639 cum
1264 1601 1368 1638 Medi
1387 1603 1574 1638 uterentur
1591 1599 1704 1636 vesti-

1047 1659 1180 1696 mentis
1203 1657 1398 1695 laxioribus
1428 1668 1471 1693 ac
1489 1655 1703 1693 remissiori-

1046 1716 1128 1753 bus.
1185 1713 1314 1752 Adhuc
1335 1714 1374 1750 in
1397 1711 1588 1750 ruderibus
1613 1712 1705 1751 Per-

1048 1770 1261 1823 sepolitanis
1312 1770 1582 1821 conspiciuntur
1635 1769 1705 1806 viri

1046 1832 1205 1877 utroque
1239 1828 1395 1865 vestium
1422 1837 1558 1876 genere
1586 1825 1704 1863 induti

1048 1898 1168 1934 eoque
1194 1884 1277 1935 ipso
1310 1884 1407 1921 bene
1441 1882 1537 1920 inter
1571 1895 1613 1920 se
1648 1882 1705 1919 di-

1049 1940 1272 1990 stinguendi.
1337 1938 1483 1977 Monuit
1544 1938 1707 1977 Heeren.

1047 1998 1163 2036 Ideen
1191 2000 1257 2034 etc.
1287 1995 1325 2043 Ι,
1360 1999 1381 2037 1
1406 2007 1492 2046 pag.
1524 1996 1622 2043 215,
1650 1994 1708 2032 cui

1049 2054 1136 2092 add.
1155 2053 1286 2091 Ritter.
1304 2052 1509 2091 Erdkunde
1519 2051 1553 2088 II
1562 2065 1599 2102 p.
1611 2052 1708 2094 784.

1047 2110 1130 2149 Nec
1146 2110 1366 2148 recentiores
1385 2108 1524 2146 Persae
1541 2108 1710 2146 huiusce-

1049 2167 1150 2204 modi
1173 2166 1311 2203 braccis
1350 2164 1523 2203 caeruleis
1563 2164 1620 2202 vel
1648 2177 1710 2201 ru-

1050 2223 1125 2260 bris
1176 2223 1379 2268 abstinent3
1416 2220 1499 2259 illae
1545 2221 1712 2258 dicuntur

1051 2279 1151 2329 apud
1181 2278 1324 2315 'furcos
1355 2277 1544 2316 Schalwar
1586 2277 1710 2328 (σαρ-

1053 2333 1265 2386 βαρίδες),
1329 2334 1399 2372 hae
1461 2333 1715 2371 Tschachsckir

1054 2387 1354 2440 (ἀναξυρίδες).
1385 2390 1494 2428 Conf.
1521 2390 1710 2428 Hammer.

1054 2447 1113 2483 in:
1176 2445 1330 2483 Wiener
1382 2445 1713 2484 Jahrbiich.V111

1053 2515 1091 2553 p.
1121 2501 1216 2542 385·

1111 2553 1244 2608 χώρην
1301 2555 1454 2607 ἔχοντες
1501 2554 1712 2608 τρηχείην]

1054 2613 1158 2651 Idem
1202 2614 1414 2663 praedicant
1465 2613 1602 2652 Persae
1646 2613 1715 2662 IX,

1058 2671 1138 2711 121
1156 2669 1326 2719 idemque
1343 2669 1403 2707 alii
1426 2673 1607 2708 testantur
1626 2670 1716 2707 scri-

1056 2730 1208 2776 ptoreS,
1233 2725 1427 2764 Persarum
1450 2730 1584 2764 terram
1603 2726 1718 2764 fuisse

1059 2793 1228 2831 asperam
1260 2782 1427 2832 cultuque
1470 2782 1717 2820 difficillimam

1061 2838 1109 2874 ob
1128 2840 1283 2886 montes,
1303 2851 1412 2887 saxa,
1441 2838 1511 2876 alia
1525 2839 1564 2876 id
1585 2851 1715 2888 geum,

1062 2893 1223 2944 indeque
1248 2898 1395 2944 gentem
1422 2895 1541 2948 ipsam
1575 2896 1716 2943 duram,

1697 515 1753 559 35
