1759 3324
346 249 428 288 720

740 244 1211 284 HERODOTI

345 356 470 413 μένοι
497 354 660 400 τούτου
691 358 771 399 τοῦ
800 354 983 410 ἀνδρὸς,
1013 357 1066 411 τῇ
1096 370 1140 397 τε
1170 354 1217 398 ἐκ
1246 357 1322 410 τῆς
1349 352 1544 409 Ἐφεσίης
1571 353 1613 404 ἐς

353 435 559 480 Φώκαιαν
590 434 809 490 ἔρχονται,
839 434 913 477 καὶ
941 436 995 491 τῇ
1025 434 1070 477 ἐκ
1091 435 1298 489 Σαρδίων
1318 432 1360 483 ές
1378 431 1610 488 Σμύρνην.

317 515 588 570 3ἑκατέρωθι
619 514 664 557 δὲ
695 511 804 568 ἀνὴρ
843 512 1152 568 ἐγγέγλυπται,
1189 512 1380 569 μέγαθος
1419 511 1610 567 πέμπτης
1625 517 1670 550 63

348 598 592 649 σπιθαμῆς,
641 596 695 648 τῇ
725 592 804 648 μὲν
834 593 949 648 δεξιῇ
987 593 1073 647 χερὶ
1107 593 1215 648 ἔχων
1246 591 1426 648 αἰχμήν,
1481 594 1536 647 τῇ
1567 591 1614 634 δὲ

347 673 549 729 ἀριστερῇ
588 670 721 722 τόξα,
780 671 853 713 καὶ
900 669 980 727 τήν
1021 670 1155 726 ἄλλην
1196 670 1355 726 σκευὴν
1385 667 1612 720 ὡσαύτως·

347 752 420 796 καὶ
448 751 532 806 γὰρ
559 751 803 805 Αἰγυπτίην
832 749 905 792 καὶ
935 751 1175 792 Αἰθιοπίδα
1207 750 1310 804 ἔχει·

349 830 471 886 ὤμου
501 830 543 880 ἐς
571 829 649 872 τὸν
693 828 840 882 ἕτερον
879 822 1000 882 οἷμον
1034 826 1106 870 διοὶ
1135 831 1222 869 τῶν
1253 827 1448 882 στηθέων
1477 826 1615 883 γράμ-
1658 830 1735 871 159

1369 749 1415 791 ἐκ
1455 749 1501 793 δὲ
1531 750 1613 791 τοῦ

348 926 460 965 ματα
491 908 564 963 ἱρὰ
592 906 807 962 Αἰγύπτια
847 905 985 961 διήκει
1024 906 1392 960 ἐγκεκολαμμένα,
1434 904 1671 961 λέγοντα65

319 987 474 1031 4τοὲδε·

535 989 662 1029 ΕΓΩ,
705 988 918 1028 ΤΗΝΔΕ
958 987 1090 1026 ΤΗΝ
1124 988 1349 1027 ΧΩΡΗΝ
1383 987 1622 1027 ΩΜΟΙΣΙ

353 1071 526 1110 ΤΟΙΣΙ
559 1068 793 1109 EMOIEI
825 1067 1239 1107 EKTHEAMHN.
1300 1063 1418 1114 ὅστις
1457 1064 1502 1107 δὲ
1542 1063 1616 1106 καὶ

350 1146 510 1190 ὁκόθεν
541 1145 652 1196 ἐστὶ,
682 1145 874 1188 ἐνθαῦτα
902 1144 982 1199 μὲν
1012 1142 1066 1186 ου’
1097 1146 1238 1200 δηλοῖ,
1270 1143 1452 1197 ἑτέρωθι
1482 1143 1527 1187 δὲ
1548 1145 1616 1187 δε-

321 1225 533 1282 5δήλωκε.
591 1226 643 1267 τὰ
693 1223 746 1280 δὴ
798 1223 870 1266 καὶ
909 1223 1168 1277 μετεξέτεροι
1204 1226 1293 1266 τῶν
1332 1223 1618 1278 θεησαμένων

351 1305 588 1360 Μέμνονος
627 1302 1034 1356 εἰκόναείκάζουσί
1071 1319 1146 1358 μιν
1188 1301 1329 1355 εἶναι,
1388 1300 1501 1345 πολὺ
1541 1304 1618 1357 τῆς

351 1382 562 1441 ἀληθηίης
593 1381 960 1439 ἀπολελειμμένοι.

352 1603 390 1651 ἐς
413 1601 629 1654 Φώκαιαν]
664 1603 772 1640 Conf.
795 1602 834 1652 Ι,
857 1602 949 1645 142.

298 1660 377 1703 146
399 1662 486 1710 ibiq.
506 1666 597 1698 nott.

353 1716 532 1768 πέμπτης
551 1717 772 1766 σπιθαμῆς]
805 1721 951 1756 σπιθα-

296 1771 351 1825 μή
373 1774 559 1811 dimidium
581 1778 635 1811 est
650 1774 773 1819 cubiti,
798 1773 950 1823 Spcmne.

295 1831 386 1868 Inde
430 1829 585 1881 πέμπτη
624 1826 808 1880 σπιθαμή
841 1832 952 1868 efficit

297 1892 450 1936 quatuor
474 1888 611 1923 cubitos
635 1886 706 1923 unzi
734 1899 813 1922 cum
845 1888 952 1924 dimi-

296 1944 357 1980 dio
392 1943 466 1980 sive
500 1945 572 1979 una
604 1943 783 1992 spithama
814 1944 952 1980 addit-21.

296 2000 350 2036 [ta
374 2004 472 2037 recte
499 1999 759 2049 interpretatur
781 1999 950 2048 Schwgh.

297 2055 358 2091 Tu
376 2056 446 2093 vid.
469 2056 515 2092 ad
537 2055 572 2101 Ι,
592 2056 644 2095 50
675 2059 805 2090 notatt.
857 2057 950 2092 Cum

297 2124 381 2148 vcro
406 2124 495 2147 unus
522 2111 660 2147 cubitus
685 2123 794 2146 unum
818 2116 951 2159 aequet

297 2168 430 2217 pedem
468 2171 578 2214 atque
627 2167 701 2202 eius
747 2167 948 2215 dimidium,

300 2224 455 2260 existunt
472 2223 612 2270 figurae
630 2223 766 2270 pedum
780 2236 841 2258 sex
862 2228 897 2260 et
912 2223 948 2274 Ξ

297 2278 434 2316 Moneo
450 2282 602 2328 propter
616 2277 830 2314 Dahlmann.
852 2280 952 2325 (He-

298 2336 375 2372 rod.
407 2348 443 2385 p.
470 2336 565 2381 93),
596 2334 681 2382 qui,
711 2333 854 2370 dicendi
885 2348 952 2371 usu

297 2391 396 2428 haud
413 2391 581 2438 cognito,
612 2391 747 2438 figuras
770 2390 826 2426 hic
844 2390 952 2427 intel-

298 2448 380 2494 ligit
410 2447 570 2495 quinque
600 2445 852 2495 spithamarum
876 2447 951 2483 sive

298 2503 355 2554 δῇ
377 2503 528 2552 pedum!
547 2524 602 2528 -—
632 2502 689 2538 De
710 2501 790 2551 ipsa
812 2502 950 2552 spitha-

299 2573 343 2596 m·
343 2562 358 2595 Tr
379 2560 474 2595 conf.
487 2558 534 2594 W
538 2571 624 2594 urm.
645 2559 691 2595 de
712 2558 851 2608 pondd.
868 2562 950 2595 ratt.

300 2628 385 2667 pag.
409 2617 462 2655 90
487 2627 562 2662 seq.

355 2686 423 2709 και
443 2685 518 2720 την
547 2666 670 2720 α’λλην
701 2665 860 2719 σκευὴν]
892 2668 950 2706 Ad

302 2721 450 2776 σκευὴν
470 2727 562 2763 conf.
585 2726 619 2771 Ι,
641 2725 694 2766 24
715 2726 837 2774 ibique
859 2731 948 2762 nott.

301 2789 337 2822 et
357 2783 446 2830 Vll,
470 2783 531 2823 15.
555 2785 617 2823 16.
639 2785 693 2823 62
714 2786 780 2818 etc·

359 2836 551 2889 ὤμοισι
580 2841 682 2877 τοῖσι
712 2836 853 2887 ἐμοῖσι]
873 2837 894 2874 i.
919 2851 950 2875 e.

302 2896 452 2933 humeris
468 2897 568 2939 mez's;
591 2895 690 2945 quod
710 2907 788 2931 cum
806 2895 952 2944 quibus-

1628 1385 1674 1418 70

1019 1603 1103 1640 dam
1133 1601 1291 1639 insolens
1314 1600 1498 1638 videretur
1524 1599 1674 1646 dictum,

1020 1673 1063 1697 ex
1088 1659 1276 1705 Diodoro,
1318 1658 1379 1707 qui
1415 1657 1568 1694 eandem
1597 1658 1674 1693 fere

1020 1716 1292 1765 inscriptionem
1319 1713 1441 1751 retulit
1468 1713 1507 1758 I,
1531 1712 1608 1760 55,
1635 1708 1674 1750 23-

1020 1775 1152 1810 πλοισι
1173 1772 1265 1820 (qua
1283 1783 1370 1807 voce
1391 1770 1577 1807 Diodorus
1606 1768 1675 1805 uti-

1019 1830 1096 1873 tur)
1118 1828 1174 1864 hic
1193 1828 1399 1864 restitutum
1419 1825 1575 1862 voluere.
1593 1824 1674 1862 Nec

1020 1898 1106 1921 vero
1120 1884 1199 1920 libri
1221 1884 1477 1932 suffragantur,
1491 1895 1558 1918 nec
1579 1881 1673 1918 adeo

1019 1941 1178 1978 insolens
1200 1940 1354 1986 locutio,
1378 1944 1417 1976 ut
1434 1938 1519 1976 ferri
1535 1950 1673 1986 neque-

1019 2001 1067 2034 at.
1084 1997 1116 2034 Ι
1121 1997 1258 2033 audant
1275 1996 1491 2045 interpretes
1503 1993 1673 2044 Sophocl.

1018 2054 1055 2089 in
1081 2052 1251 2089 Trachin.
1273 2052 1406 2098 1057,
1432 2051 1494 2088 ubi
1512 2056 1587 2088 est:
1607 2047 1674 2087 καὶ

1017 2108 1126 2173 χερσὶ
1146 2107 1212 2147 καὶ
1235 2103 1301 2146 νώ
1316 2119 1448 2146 τοισι
1467 2102 1675 2156 μοχθήσας

1017 2160 1094 2216 ἐγώ
1127 2164 1200 2201 scil.
1223 2158 1348 2211 κακά,
1391 2163 1543 2200 laudant
1566 2174 1674 2211 prae-

1018 2226 1118 2258 terea
1141 2194 1382 2256 'Claudiamim
1411 2218 1491 2256 bell.
1521 2218 1673 2255 Gildon.

1022 2276 1101 2317 115
1122 2276 1171 2312 sic
1190 2279 1395 2312 canentem:

1077 2331 1173 2380 „Ast
1191 2345 1273 2380 ego,
1290 2344 1383 2380 quae
1395 2335 1508 2368 terras
1525 2330 1675 2367 humeris

1132 2393 1357 2437 pontumque
1379 2387 1546 2435 subegi.“

1021 2444 1133 2488 Quod
1168 2445 1264 2481 idem
1295 2448 1353 2481 est
1390 2456 1432 2481 ac
1460 2444 1491 2480 si
1519 2443 1674 2480 dixisset

1020 2501 1172 2538 lacertis.

1075 2551 1133 2595 ου’
1163 2556 1334 2604 δηλοῖ]
1374 2555 1448 2593 scil.
1479 2552 1504 2593 0⁹
1540 2552 1673 2592 Σέσω-

1020 2624 1146 2663 στρις,-
1185 2613 1355 2661 idemque
1388 2612 1436 2649 ad
1477 2606 1672 2661 δεδήλωκε

1019 2668 1237 2717 subintellig.

1076 2724 1296 2774 ΙΙῙέμνονος
1315 2718 1453 2763 εἰκόνα
1475 2718 1673 2769 εἰκάζουσί

1020 2796 1088 2832 μιν
1110 2778 1234 2830 εἶναι]
1266 2782 1373 2818 Conf.
1397 2779 1553 2816 Pausan.
1575 2779 1671 2824 I‚42

1020 2836 1058 2888 ξ.
1073 2842 1110 2879 2.
1138 2837 1260 2887 Atque
1277 2836 1562 2885 antiquissimam
1578 2834 1671 2871 hanc

1021 2899 1057 2931 et
1095 2894 1249 2945 primam
1286 2897 1426 2930 statuae
1462 2890 1668 2929 Memnonis
