1759 3324
25 361 112 385 xvnl,
129 356 159 379 et
171 359 228 378 uua
238 358 302 377 mu-

25 388 83 427 lier
100 385 231 425 Nitpcris
249 392 302 410 no-

24 425 304 483 332‘3299141132121‘92522
329 437 349 470 2
358 447 484 487 ματα.

358 245 443 283 706

24 486 171 523 quomodo
228 484 304 511 haec

26 522 91 548 ulta
117 521 157 547 sit
179 518 301 547 caedem

25 555 201 582 fraternam.

302 643 440 677 tentam
466 638 579 675 fuisse
596 666 608 685 ,
646 638 711 676 sed
735 637 848 675 multa
884 637 955 674 alia

304 697 474 734 admixta.
495 694 704 741 „Vielmehr
722 707 843 731 waren
854 694 955 730 diese

305 751 429 802 episch
447 773 463 778 -
482 751 722 787 historischen
765 749 955 787 Ueberlie-

303 810 484 855 sei-ungen
527 806 707 855 vielfaltig
744 807 810 842 mit
845 806 956 854 jenen

306 864 498 912 religiiisen
513 862 718 910 Legenden
735 862 955 906 durchwebt,

306 921 383 956 und
407 920 603 968 gleichsam
630 919 695 956 mit
725 919 842 955 einem
873 916 960 955 alle-

306 976 497 1024 gorischen
540 975 669 1012 Faden
716 974 960 1022 durchzogen.

306 1032 420 1071 Nicht
447 1032 579 1068 anders
617 1044 691 1068 war
726 1044 764 1068 es
798 1031 857 1068 bei
888 1031 960 1067 den

308 1089 455 1125 ludiern
468 1117 477 1135 ‚
498 1089 566 1125 wie
589 1089 780 1136 Ramayan
793 1088 869 1123 und
879 1086 958 1124 Ma-

308 1146 460 1182 habarat
498 1146 650 1193 zeigen3
694 1144 793 1181 nicht
827 1144 960 1181 anders

308 1201 400 1239 auch
427 1201 486 1238 bei
514 1202 586 1238 den
616 1200 797 1238 Griechen
826 1200 881 1237 bis
914 1213 961 1237 zu

307 1259 379 1295 den
406 1257 757 1306 Ueberlieferungen
786 1270 859 1293 von
888 1257 962 1294 den

305 1314 533 1357 Herakliden
543 1337 560 1342 -
570 1315 862 1363 ll'anderungen
879 1313 963 1351 her-

306 1371 393 1409 ab.“
411 1391 468 1398 —

364 1423 494 1466 ἅλλων
512 1425 731 1478 ’βασιλέων
760 1425 963 1478 τριηκοσί-

311 1498 368 1522 ων
387 1498 422 1522 r..
440 1498 472 1522 τ.
490 1482 537 1534 λ.]
570 1481 781 1534 βασιλέων
805 1496 884 1520 cum
905 1495 964 1519 re-

311 1544 420 1578 centt.
458 1540 586 1590 scripsi
624 1553 692 1591 pro
731 1534 881 1590 βασιλῆ
897 1553 965 1577 ων.

309 1596 351 1633 In
372 1597 453 1646 ipso
473 1610 623 1634 numero
640 1601 883 1633 trecentorum
901 1596 966 1632 tri-

310 1654 412 1702 ginta
431 1666 560 1702 regum
581 1653 679 1689 haud
689 1653 796 1702 plane
812 1665 966 1689 consen-

308 1712 353 1746 tit
370 1709 580 1756 Diodorus,
611 1710 673 1758 qui
697 1710 859 1759 potiores
882 1713 965 1745 tan-

311 1771 389 1803 tum
415 1779 521 1814 reges
541 1778 844 1803 commemorasse
861 1765 965 1803 vide-

311 1828 381 1859 tur.
440 1823 520 1859 vid.
544 1822 582 1869 I,
612 1822 679 1862 45.
698 1822 763 1862 47.
785 1823 839 1863 50
861 1834 965 1871 seqq.

311 1879 444 1928 Neque
473 1878 734 1916 Manethonem
766 1879 966 1915 admodum

311 1948 333 1972 a
353 1935 492 1972 Nostro
509 1935 701 1972 dissentire
716 1936 872 1985 probare
890 1938 966 1971 stu-

311 1992 389 2028 duit
408 1992 565 2029 Heeren.
584 1991 698 2028 Ideen
716 1991 768 2038 ΙΙ,
783 1995 808 2032 2
826 2004 863 2040 p.
881 1991 964 2031 427

312 2060 389 2097 seq.
448 2048 556 2090 Quae
580 2047 675 2084 enim
696 2060 718 2083 a
739 2047 965 2084 Manethone

311 2107 546 2141 recensentur
563 2104 820 2153 septemdecim
840 2116 968 2151 regum

311 2159 489 2206 familiae,
519 2160 664 2209 ipsique
693 2173 800 2208 reges
824 2159 969 2196 ducenti

311 2216 544 2265 septuaginta
591 2227 653 2253 sex
675 2243 684 2262 ,
751 2216 967 2252 convenient

311 2285 391 2309 cum
427 2271 652 2308 Herodoteis
697 2271 866 2309 trecentis
904 2271 968 2307 tri-

315 2329 439 2377 ginta,
480 2328 509 2364 si
551 2328 702 2364 duarum
738 2327 966 2373 familiarum,

316 2388 441 2421 sextae
463 2397 504 2420 ac
526 2384 706 2430 decimae,
736 2397 842 2432 reges
867 2383 964 2420 haud

315 2440 465 2477 indicari
495 2441 594 2489 apud
619 2439 880 2477 Manethonem
906 2452 965 2476 re-

313 2496 507 2547 putaveris.
565 2495 676 2545 Atqui
696 2497 882 2545 utriusque
910 2497 966 2532 fa-

313 2553 430 2590 miliae
452 2565 579 2601 regum
605 2565 774 2590 numerus
795 2552 966 2589 Herodo-

313 2614 412 2647 teum
438 2621 623 2646 numerum
651 2608 830 2659 complere
857 2612 966 2658 pote-

315 2669 383 2702 rat.
440 2665 482 2702 In
503 2678 547 2703 eo
569 2677 654 2703 vero
685 2665 793 2715 plane
817 2677 967 2702 concor-

316 2723 380 2759 dat
395 2725 548 2771 uterque
568 2722 732 2772 scriptor,
741 2722 840 2771 quod
857 2733 966 2758 unam

317 2781 601 2815 commemorant
627 2778 814 2827 reginam,
857 2776 966 2814 Nito-

317 2835 393 2871 crin
427 2835 594 2881 nomine,
646 2835 818 2884 quodque
856 2833 966 2870 etiam

318 2902 427 2928 unam
444 2889 696 2942 Aethiopicam
710 2903 838 2940 regum
858 2890 964 2927 sami-

769 240 1236 280 HERODOTl

358 355 447 394 λων
484 349 697 408 βασιλέων
726 352 989 407 τριηκοσίων
1028 366 1072 394 τε
1101 350 1176 394 καὶ
1211 348 1447 406 τριήκοντα
1486 347 1618 394 οὐνό-

545 430 592 474 ἐν
619 428 855 487 τοσαύτῃσι
882 433 1054 487 γενεῇσι
1088 427 1363 485 ἀνθρώπων,
1407 426 1619 472 ὀκτωκαί-

1018 637 1102 674 liam
1131 638 1219 674 dicit
1246 636 1422 675 Manetho
1442 665 1452 685 ,
1490 649 1585 686 quae
1619 648 1677 673 se-

1020 695 1240 743 ptemdecim
1294 707 1399 743 reges
1448 692 1675 731 continuerit.

1021 749 1075 786 Ac
1120 751 1280 798 denique
1323 751 1359 787 in
1399 763 1441 787 eo
1473 750 1678 796 consensio,

1022 805 1123 854 quod
1141 806 1186 842 ab
1208 806 1304 843 hisce
1324 807 1470 855 regibus
1482 806 1569 842 nihil
1587 807 1678 851 fere,

1024 862 1126 909 quod
1154 867 1355 899 memoratu
1386 862 1492 899 valde
1527 862 1678 909 dignum

1027 918 1155 964 fuerit,
1185 923 1372 967 peractum
1391 919 1508 955 fuerit.
1565 918 1680 955 Tem-

1026 987 1096 1024 pus
1117 987 1225 1020 ver0,
1257 988 1328 1023 quo
1354 988 1460 1024 reges
1485 973 1547 1010 isti
1569 975 1682 1010 floru-

1028 1031 1143 1077 erint,
1184 1031 1383 1068 accuratius
1419 1032 1477 1068 vix
1513 1032 1680 1079 equidem

1029 1087 1229 1124 definierim
1242 1116 1252 1134 ,
1289 1088 1357 1124 nisi
1377 1087 1465 1125 illud
1483 1101 1562 1124 cum
1579 1087 1680 1124 Hee-

1027 1144 1128 1181 renio
1151 1143 1173 1180 l.
1196 1143 1216 1179 l.
1237 1157 1321 1193 pag.
1335 1145 1434 1185 426:
1466 1157 1574 1192 reges
1591 1144 1681 1181 istos

1029 1201 1246 1237 antecedere
1284 1213 1417 1237 annum
1449 1202 1557 1242 1350
1597 1205 1683 1237 ante

1030 1256 1117 1293 Chr.
1136 1269 1193 1301 n.·‚
1219 1257 1355 1306 quippe
1379 1270 1452 1307 quo
1471 1270 1567 1295 anno
1577 1256 1684 1294 Moe-

1030 1312 1102 1360 ris,
1141 1314 1203 1361 qui
1234 1313 1377 1350 ultimus
1402 1314 1530 1351 horum
1555 1326 1683 1362 regum

1030 1369 1242 1420 perhibetur
1260 1401 1270 1417 ,
1301 1370 1418 1418 obiit,
1455 1374 1518 1408 aut
1549 1383 1683 1407 annum

1035 1427 1165 1473 1356,
1199 1426 1228 1462 si
1255 1425 1427 1464 Larcheri
1447 1427 1582 1477 probes
1611 1426 1683 1464 cal-

1031 1481 1130 1519 culos
1185 1482 1422 1532 (chronolog.
1459 1483 1684 1521 d’Herodot.

1030 1551 1068 1588 p.
1103 1539 1168 1578 86.
1194 1540 1290 1582 87).
1359 1539 1432 1583 Qui
1469 1540 1567 1578 idem
1587 1539 1638 1587 (l.
1659 1540 1684 1577 l.

1030 1607 1115 1644 pag.
1137 1594 1191 1635 84
1214 1599 1311 1644 seq.)
1351 1608 1529 1633 annorum
1556 1609 1685 1634 nume-

1029 1664 1107 1687 rum
1131 1651 1306 1700 indagare
1336 1653 1479 1700 studet,
1506 1666 1597 1702 quos
1627 1665 1685 1690 re-

1030 1719 1096 1755 ges
1119 1707 1168 1744 illi
1192 1709 1343 1745 trecenti
1359 1709 1509 1757 triginta
1526 1709 1686 1759 comple-

1033 1764 1160 1800 verint.
1218 1764 1317 1801 Nam
1344 1764 1504 1813 singulas
1546 1770 1684 1803 aetates

1034 1820 1083 1856 ad
1117 1833 1305 1858 numeriun
1335 1821 1553 1858 vicenarium
1581 1835 1687 1859 revo-

1033 1888 1118 1912 cans
1138 1878 1250 1914 efficit
1278 1890 1465 1915 numerum
1489 1878 1598 1919 6600
1621 1891 1687 1915 an-

1031 1945 1160 1969 norum
1174 1962 1184 1979 ,
1215 1934 1266 1970 ita
1283 1937 1321 1970 ut
1333 1933 1461 1972 Menes
1480 1934 1688 1983 regnaverit

1033 2001 1128 2025 anno
1169 1991 1279 2031 7956
1321 2003 1354 2027 a.
1382 1991 1467 2027 Chr.
1496 2003 1532 2028 n.
1578 1991 1686 2028 'Sed

1035 2058 1120 2082 mox
1140 2048 1303 2094 praefert
1322 2046 1409 2084 alias
1420 2047 1593 2094 rationes,
1606 2047 1687 2097 qui-

1034 2101 1102 2138 bus
1122 2115 1165 2138 ex
1186 2102 1370 2139 Herodoti
1391 2107 1514 2141 mente
1538 2103 1685 2141 Menem

1035 2158 1161 2194 decem
1199 2160 1366 2207 adeoque
1406 2160 1573 2196 undecim
1609 2161 1687 2197 sere

1034 2214 1130 2251 mille
1149 2215 1252 2251 annis
1271 2218 1358 2251 ante
1379 2214 1465 2251 Chr.
1486 2228 1520 2252 n.
1532 2229 1686 2264 regnum

1033 2271 1192 2307 tenuisse
1210 2271 1442 2307 statuendum
1464 2272 1520 2308 sit.
1580 2272 1687 2315 Quae

1033 2326 1180 2374 quidem
1203 2326 1396 2375 protulisse
1416 2332 1472 2363 sat
1492 2327 1688 2374 habemus·‚

1033 2394 1117 2418 nain
1147 2382 1311 2420 refellere
1340 2382 1423 2419 talia
1451 2384 1598 2422 minime
1625 2397 1689 2422 va-

1033 2443 1101 2474 cat.
1172 2437 1251 2475 Nec
1282 2439 1442 2487 singulos
1471 2441 1601 2478 attinet
1630 2454 1688 2479 re-

1034 2507 1182 2531 censere
1207 2508 1312 2544 reges
1328 2499 1391 2532 aut
1414 2497 1613 2534 eorundem
1631 2499 1688 2534 fa-

1033 2550 1170 2594 milias;
1199 2552 1269 2588 vid.
1291 2552 1402 2588 modo
1424 2552 1687 2603 Beckallgem.

1034 2606 1257 2655 weltgesch.
1298 2608 1314 2645 I
1349 2621 1434 2659 pag.
1465 2611 1548 2650 283
1584 2623 1688 2660 seqq.

1034 2663 1111 2700 coll.
1138 2665 1233 2705 281.

1090 2775 1132 2815 ἐν
1170 2773 1385 2832 τοσαύτῃσι
1420 2779 1580 2832 γενεῇσι
1618 2772 1688 2817 ἆν-

1032 2828 1227 2883 θρώπων]
1258 2834 1346 2872 Non
1369 2838 1443 2872 tam
1465 2835 1512 2872 de
1531 2846 1688 2883 genera-

1030 2889 1188 2928 tionibus
1211 2903 1320 2940 quam
1341 2892 1388 2929 de
1404 2891 1686 2929 successionibus
