1759 3324
488 244 911 285 EUTERPE.
968 244 1016 283 ΙΙ.

1301 248 1388 289 569

100 363 199 413 3ζει.
231 361 392 415 δίζηται
423 355 469 399 δὲ
502 357 640 397 ταῦτα
669 354 738 397 ἐπὶ
765 353 905 411 τούτῳ
935 353 1192 410 τεταγμένος
1219 358 1308 398 τῶν
1323 373 1388 408 τις

128 439 274 494 ἱρέων,
303 436 376 479 καὶ
406 433 550 488 ὀρθοῦ
580 433 786 484 ἑστεῶτος
814 436 894 477 τοῦ
922 432 1100 490 κτήνεος
1121 434 1194 478 καὶ
1211 433 1387 488 ὑπτίου,

126 518 200 561 καὶ
229 514 308 571 τήν
344 516 546 568 γλῶσσαν
585 512 827 567 ἐξειρύσας,
875 514 912 555 εἰ
941 511 1117 568 καθαρὴ
1155 517 1244 556 τῶν
1272 529 1383 570 προ-
1398 518 1444 557 45

126 594 333 650 κειμένων
380 594 599 647 σημηίων,
660 591 714 634 τοὶ
752 591 835 648 ἐγώ
878 590 925 635 ἐν
965 590 1080 647 ἄλλῳ
1121 590 1237 650 λόγῳ
1267 591 1386 647 ἐρέω.

101 674 298 728 4κατορᾷ
328 670 374 714 δὲ
404 672 477 714 καὶ
505 669 582 722 τὰς
617 672 764 727 τρίχας
793 675 868 727 τῆς
898 669 1052 728 οὐρῆς,
1091 673 1128 715 εί
1155 671 1265 716 κατὰ
1297 671 1387 728 φύ-

97 757 198 795 5σιν
227 749 309 805 ἔχει
338 752 596 806 πεφυκυίας.
627 750 683 807 ἢν
712 750 758 793 δὲ
788 749 957 794 τούτων
986 750 1163 794 πάντων
1188 747 1216 808 ᾖ
1244 757 1385 796 καθα-

124 828 220 882 ρός,
249 831 500 885 σημαίνεται
528 829 674 890 βύβλῳ
705 830 801 885 περὶ
828 829 881 873 τοὶ
909 830 1035 886 κέρεα
1063 832 1282 874 εἱλίσσων·
1312 831 1386 875 καὶ
1446 843 1524 881 122

121 908 264 951 ἔπειτα
302 913 386 963 γῆν
416 911 685 966 σημαντρίδα
723 908 990 961 ἐπιπλάσας,
1049 909 1266 966 ἐπιβάλλει
1308 909 1443 954 τὸν5ο

94 987 385 1032 δδακτύλιον·
416 989 487 1032 καὶ
519 987 636 1032 οὕτω
667 986 902 1044 ἀπάγουσι.
943 987 1194 1045 ἀσήμαντον
1225 982 1386 1033 6²23&-

122 1077 248 1111 σαντι
275 1065 471 1119 θάνατος
506 1067 533 1125 ἡ
571 1069 695 1125 ζημίη
724 1067 949 1113 ἐπικέεται.
1008 1067 1279 1126 δοκιμάζεται
1307 1067 1387 1126 μέν

63 1323 122 1360 cui
156 1322 366 1374 explorandi
403 1336 531 1361 munus
578 1324 719 1374 obtigit.

64 1380 172 1417 Conf.
197 1380 244 1426 ΙΙ,
270 1379 336 1422 47.
366 1380 395 1429 Ι,
416 1381 505 1422 195.
554 1379 614 1418 Ad
642 1394 719 1419 rem

63 1437 158 1475 conf.
188 1436 330 1474 Herod.
352 1436 423 1483 111,
457 1438 522 1478 28.
564 1437 717 1476 Diodor.

63 1491 101 1540 I,
122 1493 176 1534 88
208 1497 245 1530 et
274 1492 453 1530 Plutarch.
489 1494 537 1531 de
567 1493 652 1531 Isid.
683 1499 719 1531 et

64 1549 199 1586 Osirid.
222 1550 373 1599 p.363‚
395 1549 441 1597 B,
469 1550 568 1588 unde
589 1550 719 1588 intelli-

65 1606 206 1655 gimus,
238 1607 339 1643 rufos
360 1610 503 1642 tantum
531 1606 641 1643 boves
673 1607 718 1643 ab

64 1661 255 1712 Aegyptiis
279 1662 467 1709 immolari,
495 1663 721 1700 accuratissi-

64 1731 124 1756 mo
144 1722 228 1755 ante
244 1717 407 1755 instituto
430 1718 608 1766 examine,
638 1733 719 1757 cum

63 1775 94 1812 si
120 1774 177 1812 vel
204 1787 315 1812 unum
343 1774 456 1824 pilum
495 1775 637 1824 nigrum
666 1776 720 1812 al-

64 1831 195 1869 bumve
215 1831 367 1868 haberet
387 1830 541 1878 victima,
570 1832 719 1869 mactari

62 1900 137 1925 non
155 1890 292 1937 posset.
330 1886 412 1925 Nec
433 1900 513 1924 raro
534 1889 571 1926 in
591 1901 720 1926 monu-

62 1944 194 1982 mentis
222 1943 479 1994 Aegyptiacis,
509 1958 604 1994 quae
633 1958 722 1982 con-

62 2001 154 2038 tinet
191 2001 333 2049 grande
381 2014 472 2050 opus
516 2002 719 2049 Gallorum,

64 2057 267 2094 istiusmodi
295 2056 408 2095 boves
439 2057 604 2097 victimae
633 2071 721 2096 con-

65 2113 272 2166 spiciuntur.

121 2224 187 2267 ἐπὶ
212 2222 342 2280 τούτῳ
379 2225 612 2279 τεταγμένος
640 2228 721 2266 τῶν

65 2296 123 2330 τις
141 2281 281 2336 ἱρέων]
312 2283 412 2322 Male
440 2285 523 2321 olim
542 2283 608 2324 ἐπὶ
629 2286 721 2323 τοῦ-

65 2353 121 2379 το.
151 2340 211 2378 Tu
228 2341 300 2378 vid.
317 2341 358 2389 V,
381 2343 460 2383 109
478 2346 515 2379 et
534 2342 630 2379 conf.
642 2345 719 2378 not.

66 2395 116 2432 ad
131 2395 308 2435 Plutarch.
329 2397 505 2435 Alcibiad.
525 2410 612 2448 pag.
627 2400 718 2439 162·

67 2450 162 2488 Huic
187 2453 337 2502 negotio
368 2455 573 2505 praefectos
601 2467 722 2492 sacer-

68 2507 174 2544 dotes
193 2508 406 2548 Plutarchus
433 2510 512 2548 loco
539 2524 625 2549 mox
642 2511 722 2549 lau-

67 2562 190 2601 dando
204 2570 310 2604 vocat
328 2562 586 2620 σφραγιστᾶς.

128 2672 172 2714 ἐν
189 2671 291 2732 ἄλλῳ
312 2673 437 2732 λόγῳ]
471 2681 494 2717 i.
518 2694 549 2719 e.
578 2683 618 2718 in
644 2681 723 2719 alia

71 2733 282 2770 narrationis
291 2739 416 2784 parte,
444 2741 485 2774 ut
501 2737 596 2775 bene
615 2737 723 2776 intel-

73 2786 158 2824 lexit
172 2787 371 2839 Schweigh.
397 2792 574 2844 Respexit
584 2793 723 2833 Noster

74 2854 137 2889 ea,
167 2855 261 2892 quae
281 2845 354 2894 111,
373 2849 428 2891 28
444 2849 646 2888 traduntur.
679 2851 721 2889 In

787 1336 889 1374 seqq.
911 1336 991 1361 cum
1014 1323 1129 1362 Gaisf.
1146 1323 1271 1374 scripsi
1289 1318 1442 1363 τούτων

786 1394 852 1431 pro
881 1378 1052 1420 τουτέων
1093 1384 1131 1418 et
1160 1379 1341 1420 εἱλίσσων
1373 1394 1440 1431 pro

787 1437 980 1477 εἵλίσσων.
1010 1437 1086 1474 Sed
1105 1437 1263 1486 Stegero
1281 1450 1356 1474 non
1375 1438 1441 1474 ob-

786 1499 930 1532 secutus
961 1506 1039 1530 sum
1070 1507 1138 1544 pro
1171 1489 1375 1546 ἄπάγουσι
1403 1495 1440 1531 in

787 1563 889 1600 seqq.
903 1549 1105 1587 coniicienti
1124 1545 1175 1588 ἂν
1188 1546 1350 1602 ἅγουσις
1369 1551 1441 1589 vid.

785 1606 945 1645 Praefat.
963 1607 1011 1643 ad
1027 1606 1167 1644 Herod.
1186 1620 1223 1657 p.
1239 1607 1286 1645 X.

845 1717 1133 1770 σημαίνεται-
1143 1712 1342 1770 εἱλίσσων]
1355 1719 1445 1757 Per-

785 1776 903 1814 tinent
923 1775 1011 1812 haec
1031 1776 1078 1812 ad
1101 1777 1327 1813 sacerdotem
1341 1805 1352 1823 ‚
1382 1777 1444 1825 qui

786 1833 915 1870 bovem
938 1832 1058 1881 signat
1083 1845 1225 1883 papyro
1252 1833 1345 1870 circa
1363 1846 1444 1869 cor-

786 1901 860 1926 nua
886 1887 1150 1926 circumvoluto.
1197 1889 1444 1938 Signatoriam

787 1950 934 1991 terram,
951 1944 1047 1997 (γῆν
1069 1945 1333 1996 σημαντρίδα)
1349 1957 1444 1994 quae

787 2001 856 2039 hoc
877 2001 956 2038 loco
976 2006 1210 2049 memoratur,
1231 2004 1446 2052 comparant

787 2059 1001 2107 interpretes
1028 2071 1108 2095 cum
1149 2062 1245 2095 creta
1279 2059 1445 2095 Asiatica

787 2115 837 2152 ad
847 2115 1112 2163 obsignandum
1123 2119 1223 2165 apta,
1233 2116 1332 2152 cuius
1342 2127 1446 2152 men-

787 2172 838 2208 tio
860 2172 959 2222 apud
979 2171 1095 2209 Cicer.
1124 2171 1162 2208 in
1182 2171 1285 2209 Verr.
1303 2171 1366 2218 IV,
1378 2173 1445 2213 26.

786 2240 855 2280 pro
871 2227 991 2265 Flacc.
1013 2230 1076 2269 16.
1117 2226 1241 2277 Magis
1268 2240 1355 2265 vero
1377 2227 1448 2264 huc

788 2288 931 2334 spectat
949 2284 1132 2322 Plutarchi
1149 2285 1246 2321 locus
1275 2286 1323 2322 de
1342 2284 1389 2322 Is.
1411 2287 1448 2321 et

789 2341 887 2379 Osir.
908 2354 945 2392 p.
962 2342 1059 2389 363,
1080 2341 1133 2390 B,
1162 2342 1224 2378 ubi
1245 2341 1336 2378 haec
1354 2340 1447 2390 legi-

788 2411 888 2436 mus:
916 2394 983 2437 τόν
995 2395 1038 2436 δὲ
1057 2395 1246 2449 μέλλοντα
1262 2392 1446 2437 θύεσθαι

787 2455 890 2507 βοῦν
913 2454 954 2493 οἷ
973 2453 1210 2507 σφραγισταὶ
1239 2449 1444 2506 λεγόμενοι

788 2513 870 2550 τῶν
912 2508 1050 2562 ἱερέων
1097 2510 1446 2562 κατεσημαίνοντο.

789 2566 907 2605 Addit
929 2568 1063 2605 deinde
1088 2567 1302 2605 Plutarchus
1333 2581 1354 2605 e
1373 2567 1448 2604 Ca-

791 2627 901 2672 store,
932 2623 1037 2673 sigilli
1058 2624 1278 2675 sculpturam
1300 2624 1448 2661 exhibe-

789 2693 830 2718 re
854 2681 1039 2718 hominem
1065 2681 1104 2717 in
1127 2692 1248 2730 genua
1274 2680 1446 2718 desiden-

789 2741 864 2775 tem
882 2737 1048 2775 manibus
1069 2742 1154 2788 post
1170 2741 1314 2786 tergum
1335 2736 1446 2773 redu·

788 2793 875 2843 etis,
903 2793 1030 2844 iugulo
1052 2807 1139 2833 ense
1155 2793 1376 2833 imminente.
