1814 3315
358 240 442 280 17⁰

755 228 1227 276 HERODO'Tt

357 348 411 405 δή
441 349 485 393 οἰ
514 346 627 400 ἔλεγε
656 341 710 387 τά
744 357 824 398 περ
856 344 1048 389 ὀπώπεε·
1081 344 1105 388 ὁ
1136 345 1206 394 δὲ,
1237 341 1434 394 ἐννώσας
1464 341 1519 386 τοὶ
1550 346 1649 387 λε-1

356 427 539 484 γόμενα,
571 420 860 478 συνεβάλλετο
889 423 966 467 τὸν
993 424 1191 480 Ὀρέστεα
1220 422 1329 467 κατὰ
1359 422 1408 466 τό
1435 419 1625 476 θεοπρό-

357 523 462 551 πιον
491 506 653 547 τοῦτον
682 499 821 552 εἶναι,
850 505 952 559 τῇδε
983 501 1379 559 συμβαλλεόμενος·
1418 505 1499 544 τοῦ
1527 504 1625 556 χαλ-

358 585 456 635 κέος
486 582 567 626 δύο
597 580 738 635 ὁρέων
767 580 936 637 φύσας,
979 582 1083 634 τούς
1114 581 1301 639 ἀνέμους
1331 580 1503 638 εὕρισκε
1532 577 1623 624 ἐόν-

301 777 491 829 „English
547 780 676 827 poetry
719 776 768 825 by
825 776 959 814 Thom.

300 835 512 883 „Wartom
543 833 703 870 London
724 833 845 883 1814,
871 833 962 872 Pre-

247 931 249 934 .
301 893 404 940 „sac.
424 904 460 941 p.
481 891 586 931 32.“
619 889 684 927 Cr.

251 960 253 963 ’
355 954 404 997 τά
425 972 496 1009 περ
516 952 683 1004 ὀπώπεε]
714 953 858 997 ὄπωπα
876 970 962 1007 per-

299 1014 383 1052 secti
415 1017 531 1052 somna
569 1014 715 1051 Ionibus
757 1027 800 1051 ac
840 1014 960 1063 poetis

300 1072 417 1107 solum
438 1073 679 1121 frequentata.
719 1070 805 1108 Vid.
825 1070 959 1108 Matth.

301 1126 340 1178 §.
363 1127 445 1170 245
470 1142 506 1178 p.
536 1128 628 1168 478.

359 1193 383 1234 ὁ
412 1192 466 1242 δὲ,
493 1190 669 1242 ἐννώσας
684 1189 730 1232 τά
753 1189 960 1246 λεγόμενα]

232 1268 239 1287 ῑ·
300 1246 484 1299 ἐννώσας
502 1265 567 1288 suo
592 1264 693 1288 more
724 1251 813 1287 dixit
840 1251 962 1288 Hero-

301 1309 409 1345 dotus
463 1321 531 1358 pro
593 1302 807 1357 ἐννοήσας,
861 1307 962 1356 quod

301 1365 422 1416 ipsum
447 1364 506 1401 hic
532 1377 624 1401 unus
652 1363 744 1401 liber
768 1375 962 1414 perperam

301 1421 421 1458 offert.
451 1420 551 1457 Infra
585 1420 624 1467 I,
661 1422 734 1460 68:
777 1418 958 1458 ἐνένωτο.

300 1476 337 1524 Ι,
368 1477 434 1517 86.
465 1477 551 1524 ΥΠ,
581 1479 675 1518 206.
704 1475 778 1523 IX,
810 1477 877 1523 53,
900 1475 962 1512 ubi

300 1533 405 1584 plura
442 1534 658 1583 interpretes
698 1533 849 1579 Batavi,
879 1531 958 1569 coll.

302 1591 462 1639 Gregor.
522 1591 608 1626 Cor.
649 1590 696 1626 de
728 1588 813 1625 dial.
848 1588 959 1625 Ionic.

302 1645 339 1697 ς.
367 1646 422 1688 94
452 1659 489 1696 p.
515 1646 595 1687 503
625 1645 769 1682 Schaef.
795 1645 960 1682 Pertinet

300 1703 372 1740 huc
392 1715 539 1751 quoque
563 1697 786 1751 ἆνέβωσεν,
817 1701 864 1738 de
885 1713 958 1750 quo

301 1759 454 1795 diximus
483 1759 532 1795 ad
561 1758 588 1806 Ι,
606 1761 675 1798 «10.
703 1779 759 1787 —
779 1752 960 1808 Ὀρέστεα

301 1815 545 1852 accusativum
606 1814 737 1852 tertiae
792 1814 962 1851 formaw't

303 1871 576 1918 declinationis,
606 1883 686 1908 cum
717 1883 829 1920 supra
850 1870 880 1918 I,
905 1873 958 1911 67

303 1928 511 1978 scripsisset
553 1922 744 1977 Ὀρέστεω
784 1927 822 1963 in
857 1927 960 1975 geni-

300 1985 374 2020 tivo
407 1984 545 2033 primae
574 1982 835 2020 declinationis.
901 1982 961 2020 De

301 2053 374 2089 quo
403 2053 505 2077 more
521 2039 650 2076 Ionum
667 2039 779 2076 multa
801 2039 960 2075 vocabu-

301 2095 338 2133 la
358 2096 554 2132 secundum
580 2096 734 2146 primam
761 2100 796 2132 et
815 2096 959 2132 tertiam

302 2151 579 2189 declinationem
624 2152 796 2189 flectendi
846 2151 959 2200 pluri-

301 2220 362 2245 ma
398 2208 537 2261 notavit
581 2206 713 2245 Matth.
745 2206 784 2259 ἓ.
814 2208 891 2254 91,
933 2210 957 2249 1

331 2294 339 2302 .
363 2264 455 2305 195.

301 2276 327 2316 P
361 2314 710 2372 συνεβάλλετο
748 2316 819 2360 τόν
859 2313 962 2370 Ὀρέ-

304 2388 395 2417 στεα
427 2397 484 2404 —
514 2380 657 2416 τοῦτον
690 2373 816 2425 εἶναι,
866 2377 962 2429 τῇδε

304 2429 645 2484 συμβαλλεόμ
662 2448 747 2472 ενο
763 2432 802 2483 ς]
852 2433 960 2469 Simi-

302 2489 348 2527 lis
375 2490 550 2526 orationis
580 2490 824 2537 abundantia,
867 2501 962 2538 quae

303 2545 343 2593 I,
376 2547 450 2587 64:
479 2543 554 2596 τήν
577 2548 702 2595 νῆσον
720 2548 855 2596 Δῆλον
874 2560 961 2584 κα-

303 2597 474 2654 θήρας
509 2601 552 2641 ἐκ
577 2604 656 2640 τῶν
683 2604 846 2653 λογίων·
876 2616 960 2640 κα-

302 2654 479 2710 θήρας
501 2656 543 2697 ὁὲ
573 2653 650 2697 ὦδε
674 2658 759 2706 etl,
778 2662 823 2700 7:
852 2653 958 2698 ἐνὸ-

304 2713 412 2767 μιζέ
442 2714 483 2753 οἱ
514 2718 682 2766 γυναῖκα
707 2711 856 2754 πολλὸν
886 2729 958 2752 πα-

305 2770 406 2811 σέων
430 2772 660 2821 καλλίστην·
691 2767 789 2809 ὥστε
809 2768 851 2809 δὲ
866 2773 957 2809 ταῦ-

303 2843 352 2866 τα
387 2842 411 2866 ν
425 2841 445 2865 ο
457 2843 483 2877 μ
493 2829 507 2866 ι’
519 2829 576 2874 ζω
588 2842 620 2865 ν.
659 2823 958 2878 συμβάλλεσθαι

304 2885 343 2923 in
367 2884 488 2923 medio
513 2883 743 2937 potissimum
768 2884 959 2922 adhibetur

1028 777 1249 815 coniectandi
1292 779 1464 826 notione,
1523 777 1683 826 indeque

1028 834 1306 872 discernendum
1344 836 1390 872 ab
1421 848 1488 882 eo,
1529 847 1684 883 quocum

1029 902 1142 940 saepe
1183 891 1415 928 confunditur
1445 891 1510 939 (cf.
1536 890 1575 937 I,
1607 889 1682 935 63)

1030 942 1342 997 συλλαμβάνειν,
1379 947 1417 983 in
1441 960 1514 996 quo
1546 946 1682 983 intelli-

1029 1002 1136 1051 gendi
1159 1003 1282 1053 potius
1311 1016 1355 1040 ac
1377 1003 1594 1052 percipiendi
1628 1002 1682 1039 vis

1027 1059 1132 1096 inest.
1165 1054 1398 1108 Quamquam
1419 1060 1575 1097 subinde
1592 1071 1685 1108 quo·

1029 1128 1101 1165 que
1141 1111 1381 1166 συμβάλλειν
1411 1115 1553 1152 videtur
1582 1128 1683 1153 esse:

1029 1173 1170 1222 assequi
1191 1185 1339 1209 sensum
1358 1171 1506 1208 alicuius
1526 1171 1600 1218 rei,
1628 1173 1685 1208 in-

1028 1229 1186 1276 telligere
1210 1229 1357 1277 aliquid,
1387 1228 1419 1264 si
1437 1228 1602 1264 nimirum
1617 1227 1687 1264 hoc

1030 1297 1074 1322 ex
1095 1285 1259 1333 diligenti
1276 1298 1394 1323 rerum
1414 1284 1509 1321 inter
1527 1297 1567 1322 se
1587 1297 1686 1321 com-

1027 1342 1217 1393 paratione
1245 1345 1282 1379 et
1308 1341 1598 1378 consideratione
1628 1353 1689 1376 or-

1027 1402 1105 1434 tum
1132 1398 1249 1435 suerit.
1305 1397 1365 1434 De
1395 1397 1451 1434 his
1484 1397 1686 1433 accuratius

1029 1454 1229 1503 disputavit
1255 1453 1386 1490 Creuz.
1407 1453 1444 1490 in
1464 1453 1684 1491 Commentt.

1028 1509 1195 1548 Herodd.
1225 1523 1263 1562 p.
1291 1511 1385 1551 303.
1415 1508 1498 1550 304
1522 1514 1597 1546 not.
1624 1508 1685 1546 Ad

1029 1567 1184 1603 eandem
1236 1565 1454 1603 coniectandi
1500 1566 1686 1603 notionem

1026 1623 1186 1673 pertinet
1204 1623 1355 1660 verbum
1386 1617 1576 1670 εἰκάζειν,
1611 1635 1685 1671 quo

1029 1683 1066 1715 et
1084 1679 1165 1728 ipso
1186 1679 1223 1715 in
1245 1693 1348 1729 seqq.
1374 1692 1462 1715 usus
1483 1683 1540 1716 est
1564 1678 1687 1716 Hero-

1029 1735 1148 1771 dotus.
1196 1735 1333 1773 Forma
1370 1731 1686 1786 συμβαλλεόμε-

1028 1805 1097 1837 νος
1134 1790 1274 1829 Nostro
1301 1791 1511 1839 familiaris,
1549 1796 1589 1829 ut
1627 1789 1686 1828 vel

1029 1847 1195 1897 exempla
1227 1848 1388 1911 ffipbant
1427 1860 1449 1885 a
1488 1848 1686 1885 Schaefero

1028 1905 1077 1941 ad
1105 1904 1261 1953 Dionys.
1288 1904 1407 1941 Halic.
1440 1905 1488 1942 de
1521 1917 1685 1954 compos

1028 1960 1151 1997 verbb.
1195 1974 1232 2011 p.
1283 1963 1363 2002 199
1410 1961 1685 2009 significationis

1027 2017 1176 2067 potius,
1231 2030 1341 2067 quam
1386 2016 1500 2067 ipsius
1547 2019 1686 2055 formae

1028 2085 1137 2109 causa
1172 2073 1290 2111 allata.
1348 2073 1561 2111 Flectuntur
1589 2073 1685 2112 enim

1027 2130 1072 2166 ab
1111 2128 1258 2167 Ionibus
1300 2130 1480 2179 quaedam
1506 2131 1619 2168 verba
1646 2134 1686 2166 in

1026 2185 1082 2192 ——

1028 2213 1099 2246 εω,
1130 2211 1224 2248 quae
1259 2197 1370 2246 vulgo
1406 2198 1506 2249 apud
1544 2197 1686 2235 Atticos

1031 2255 1184 2305 simplici
1202 2258 1233 2292 ὦ
1247 2255 1458 2291 formantur.
1486 2254 1684 2292 Vid.Butt-

1029 2324 1149 2348 mann.
1178 2311 1342 2348 Gramm.
1362 2311 1487 2347 maior.
1508 2310 1543 2348 ΙΙ
1560 2324 1597 2361 p.
1617 2313 1685 2352 31.

1029 2369 1095 2408 32.
1115 2366 1244 2403 Matth.
1259 2365 1295 2416 ᾗ.
1308 2368 1387 2407 181
1405 2371 1481 2404 not.
1499 2368 1525 2407 3
1543 2366 1685 2417 p.325.

1029 2424 1153 2466 Quum
1177 2427 1300 2458 tamen
1327 2422 1397 2458 hoc
1423 2423 1461 2459 in
1488 2422 1568 2458 loco
1587 2435 1686 2459 com·

1029 2479 1153 2529 plures
1174 2491 1284 2514 manu
1307 2478 1453 2527 scripti,
1482 2477 1686 2526 Mediceus,

1029 2534 1417 2580 Schellershemfflnus,
1476 2534 1558 2582 alii,
1609 2535 1685 2571 for—

1028 2603 1125 2628 mam
1153 2590 1341 2638 vulgarem
1361 2585 1685 2641 συμβαλλόμενος

1029 2647 1241 2693 exhibeant,
1298 2645 1473 2683 dubitatio
1508 2651 1587 2684 orta
1627 2651 1686 2685 est

1027 2702 1159 2740 Matth.
1172 2731 1182 2749 ‚
1212 2714 1259 2738 an
1287 2701 1400 2739 altera
1421 2703 1537 2740 forma
1558 2705 1684 2740 forsan

1027 2760 1201 2797 debeatur
1212 2758 1457 2795 Grammatico
1470 2757 1682 2811 ύπεριωνί-

1027 2817 1144 2862 ζοντι.
1207 2813 1313 2857 Quae
1341 2818 1463 2851 tamen
1492 2816 1599 2854 nobis
1623 2815 1682 2853 vix

1026 2873 1120 2910 iusta
1136 2871 1279 2909 videtur
1301 2871 1469 2922 suspicio.
