<?xml version="1.0" encoding="UTF-8"?>
<!DOCTYPE html PUBLIC "-//W3C//DTD XHTML 1.0 Transitional//EN"
    "http://www.w3.org/TR/xhtml1/DTD/xhtml1-transitional.dtd">
<html xmlns="http://www.w3.org/1999/xhtml" xml:lang="en" lang="en">
 <head>
  <title>
</title>
<meta http-equiv="Content-Type" content="text/html;charset=utf-8" />
  <meta name='ocr-system' content='tesseract 3.04.00' />
  <meta name='ocr-capabilities' content='ocr_page ocr_carea ocr_par ocr_line ocrx_word'/>
</head>
<body>
  <div class='ocr_page' id='page_1' title='image "./musaeher01hero/musaeher01hero_0382.png"; bbox 0 0 1759 3324; ppageno 0'>
   <div class='ocr_carea' id='block_1_1' title="bbox 309 285 395 325">
    <p class='ocr_par' dir='ltr' id='par_1_1' title="bbox 309 285 395 325">
     <span class='ocr_line' id='line_1_1' title="bbox 309 285 395 325; baseline 0 0"><span class='ocrx_word' id='word_1_1' title='bbox 309 285 395 325; x_wconf 75' lang='lat'><em>366</em></span> 
     </span>
    </p>
   </div>
   <div class='ocr_carea' id='block_1_2' title="bbox 710 283 1178 324">
    <p class='ocr_par' dir='ltr' id='par_1_2' title="bbox 710 283 1178 324">
     <span class='ocr_line' id='line_1_2' title="bbox 710 283 1178 324; baseline -0.002 0"><span class='ocrx_word' id='word_1_2' title='bbox 710 283 1178 324; x_wconf 85' lang='lat' dir='ltr'>HERODOTI</span> 
     </span>
    </p>
   </div>
   <div class='ocr_carea' id='block_1_3' title="bbox 281 390 1631 450">
    <p class='ocr_par' dir='ltr' id='par_1_3' title="bbox 281 390 1631 450">
     <span class='ocr_line' id='line_1_3' title="bbox 281 390 1631 450; baseline 0 -15"><span class='ocrx_word' id='word_1_3' title='bbox 281 392 357 445; x_wconf 65' lang='lat'><em>253</em></span> <span class='ocrx_word' id='word_1_4' title='bbox 389 391 582 447; x_wconf 85' lang='grc' dir='ltr'><em>Κύρνον.</em></span> <span class='ocrx_word' id='word_1_5' title='bbox 639 390 687 436; x_wconf 76' lang='grc' dir='ltr'><em>ἐν</em></span> <span class='ocrx_word' id='word_1_6' title='bbox 716 392 800 448; x_wconf 74' lang='grc' dir='ltr'><em>γάρ</em></span> <span class='ocrx_word' id='word_1_7' title='bbox 830 395 884 448; x_wconf 79' lang='grc' dir='ltr'><em>τῇ</em></span> <span class='ocrx_word' id='word_1_8' title='bbox 918 391 1085 450; x_wconf 80' lang='grc' dir='ltr'><strong><em>Κύρνῳ</em></strong></span> <span class='ocrx_word' id='word_1_9' title='bbox 1115 395 1254 438; x_wconf 81' lang='grc' dir='ltr'><em>εἴκοσι</em></span> <span class='ocrx_word' id='word_1_10' title='bbox 1284 395 1393 439; x_wconf 81' lang='grc' dir='ltr'><em>ἔτεσι</em></span> <span class='ocrx_word' id='word_1_11' title='bbox 1424 391 1573 448; x_wconf 88' lang='grc' dir='ltr'><em>πρότε-</em></span> <span class='ocrx_word' id='word_1_12' title='bbox 1587 400 1631 436; x_wconf 85' lang='grc'><em>15</em></span> 
     </span>
    </p>
   </div>
   <div class='ocr_carea' id='block_1_4' title="bbox 310 469 1578 529">
    <p class='ocr_par' dir='ltr' id='par_1_4' title="bbox 310 469 1578 529">
     <span class='ocr_line' id='line_1_4' title="bbox 310 469 1578 529; baseline -0.002 -12"><span class='ocrx_word' id='word_1_13' title='bbox 310 489 394 529; x_wconf 88' lang='grc' dir='ltr'><em>ρον</em></span> <span class='ocrx_word' id='word_1_14' title='bbox 422 471 591 516; x_wconf 87' lang='grc' dir='ltr'><em>τούτων</em></span> <span class='ocrx_word' id='word_1_15' title='bbox 622 469 669 514; x_wconf 82' lang='grc' dir='ltr'><em>ἐκ</em></span> <span class='ocrx_word' id='word_1_16' title='bbox 705 471 983 525; x_wconf 83' lang='grc' dir='ltr'><em>θεοπροπίου</em></span> <span class='ocrx_word' id='word_1_17' title='bbox 1019 469 1310 529; x_wconf 69' lang='grc' dir='ltr'><em>ἀνεστήσαντο</em></span> <span class='ocrx_word' id='word_1_18' title='bbox 1340 471 1493 524; x_wconf 86' lang='grc' dir='ltr'><em>πόλιν,</em></span> <span class='ocrx_word' id='word_1_19' title='bbox 1521 474 1578 526; x_wconf 84' lang='grc' dir='ltr'><em>τῇ</em></span> 
     </span>
    </p>
   </div>
   <div class='ocr_carea' id='block_1_5' title="bbox 311 545 814 608">
    <p class='ocr_par' dir='ltr' id='par_1_5' title="bbox 311 545 814 608">
     <span class='ocr_line' id='line_1_5' title="bbox 311 545 814 608; baseline -0.014 -11"><span class='ocrx_word' id='word_1_20' title='bbox 311 551 480 608; x_wconf 79' lang='grc' dir='ltr'><em>οὕνομα</em></span> <span class='ocrx_word' id='word_1_21' title='bbox 532 545 589 607; x_wconf 82' lang='grc' dir='ltr'><em>ἦν</em></span> <span class='ocrx_word' id='word_1_22' title='bbox 632 547 814 605; x_wconf 74' lang='grc' dir='ltr'><strong><em>Ἀλαλίη.</em></strong></span> 
     </span>
    </p>
   </div>
   <div class='ocr_carea' id='block_1_6' title="bbox 884 547 1579 609">
    <p class='ocr_par' dir='ltr' id='par_1_6' title="bbox 884 547 1579 609">
     <span class='ocr_line' id='line_1_6' title="bbox 884 547 1579 609; baseline 0.001 -17"><span class='ocrx_word' id='word_1_23' title='bbox 884 547 1204 605; x_wconf 71' lang='grc' dir='ltr'><em>Ἀργανθώνιος</em></span> <span class='ocrx_word' id='word_1_24' title='bbox 1247 553 1294 595; x_wconf 78' lang='grc' dir='ltr'><em>δὲ</em></span> <span class='ocrx_word' id='word_1_25' title='bbox 1340 553 1579 609; x_wconf 82' lang='grc' dir='ltr'><em>τηνικαῦτα</em></span> 
     </span>
    </p>
   </div>
   <div class='ocr_carea' id='block_1_7' title="bbox 280 625 1576 688">
    <p class='ocr_par' dir='ltr' id='par_1_7' title="bbox 280 625 1576 688">
     <span class='ocr_line' id='line_1_7' title="bbox 280 625 1576 688; baseline -0.001 -15"><span class='ocrx_word' id='word_1_26' title='bbox 280 630 396 688; x_wconf 77' lang='grc' dir='ltr'><em>Βῆδη</em></span> <span class='ocrx_word' id='word_1_27' title='bbox 427 625 729 684; x_wconf 78' lang='grc' dir='ltr'><strong><em>τετελευτήκεε.</em></strong></span> <span class='ocrx_word' id='word_1_28' title='bbox 789 626 1062 685; x_wconf 84' lang='grc' dir='ltr'><em>στελλόμενοι</em></span> <span class='ocrx_word' id='word_1_29' title='bbox 1090 629 1136 672; x_wconf 86' lang='grc' dir='ltr'><em>δὲ</em></span> <span class='ocrx_word' id='word_1_30' title='bbox 1165 628 1236 672; x_wconf 83' lang='grc' dir='ltr'><em>ἐπὶ</em></span> <span class='ocrx_word' id='word_1_31' title='bbox 1263 629 1345 686; x_wconf 82' lang='grc' dir='ltr'><em>τήν</em></span> <span class='ocrx_word' id='word_1_32' title='bbox 1374 629 1576 685; x_wconf 88' lang='grc' dir='ltr'><em>Κύρνον,</em></span> 
     </span>
    </p>
   </div>
   <div class='ocr_carea' id='block_1_8' title="bbox 309 704 1578 765">
    <p class='ocr_par' dir='ltr' id='par_1_8' title="bbox 309 704 1578 765">
     <span class='ocr_line' id='line_1_8' title="bbox 309 704 1578 765; baseline -0.002 -11"><span class='ocrx_word' id='word_1_33' title='bbox 309 714 460 763; x_wconf 76' lang='grc' dir='ltr'><em>πρῶτα</em></span> <span class='ocrx_word' id='word_1_34' title='bbox 501 704 874 758; x_wconf 82' lang='grc' dir='ltr'><strong><em>καταπλεύσαντες</em></strong></span> <span class='ocrx_word' id='word_1_35' title='bbox 914 707 958 760; x_wconf 80' lang='grc' dir='ltr'><em>ἐς</em></span> <span class='ocrx_word' id='word_1_36' title='bbox 994 707 1075 765; x_wconf 78' lang='grc' dir='ltr'><em>τὴν</em></span> <span class='ocrx_word' id='word_1_37' title='bbox 1117 709 1348 765; x_wconf 81' lang='grc' dir='ltr'><em>Φωκαίην,</em></span> <span class='ocrx_word' id='word_1_38' title='bbox 1393 707 1578 765; x_wconf 85' lang='grc' dir='ltr'><em>κατεφό-</em></span> 
     </span>
    </p>
   </div>
   <div class='ocr_carea' id='block_1_9' title="bbox 310 786 1635 845">
    <p class='ocr_par' dir='ltr' id='par_1_9' title="bbox 310 786 1635 845">
     <span class='ocr_line' id='line_1_9' title="bbox 310 786 1635 845; baseline -0.003 -13"><span class='ocrx_word' id='word_1_39' title='bbox 310 799 475 832; x_wconf 89' lang='grc' dir='ltr'><em>νευσαν</em></span> <span class='ocrx_word' id='word_1_40' title='bbox 502 790 593 830; x_wconf 72' lang='grc' dir='ltr'><em>τῶν</em></span> <span class='ocrx_word' id='word_1_41' title='bbox 620 786 827 841; x_wconf 84' lang='grc' dir='ltr'><em>Περσέων</em></span> <span class='ocrx_word' id='word_1_42' title='bbox 856 786 937 843; x_wconf 83' lang='grc' dir='ltr'><em>τὴν</em></span> <span class='ocrx_word' id='word_1_43' title='bbox 967 787 1183 845; x_wconf 69' lang='grc' dir='ltr'><em>φυλακήν,</em></span> <span class='ocrx_word' id='word_1_44' title='bbox 1214 787 1242 844; x_wconf 83' lang='grc' dir='ltr'><em>ἣ</em></span> <span class='ocrx_word' id='word_1_45' title='bbox 1263 786 1478 844; x_wconf 77' lang='grc' dir='ltr'><em>ἐφρούρεε</em></span> <span class='ocrx_word' id='word_1_46' title='bbox 1500 794 1635 830; x_wconf 65' lang='grc' dir='ltr'><em>ποι-20</em></span> 
     </span>
    </p>
   </div>
   <div class='ocr_carea' id='block_1_10' title="bbox 281 863 1579 923">
    <p class='ocr_par' dir='ltr' id='par_1_10' title="bbox 281 863 1579 923">
     <span class='ocr_line' id='line_1_10' title="bbox 281 863 1579 923; baseline 0.001 -13"><span class='ocrx_word' id='word_1_47' title='bbox 281 865 581 923; x_wconf 76' lang='grc' dir='ltr'><em>4ραδεξαμένη</em></span> <span class='ocrx_word' id='word_1_48' title='bbox 611 863 731 922; x_wconf 72' lang='grc' dir='ltr'><em>παρα</em></span> <span class='ocrx_word' id='word_1_49' title='bbox 757 864 981 922; x_wconf 73' lang='grc' dir='ltr'><em>Ἁρπάγου</em></span> <span class='ocrx_word' id='word_1_50' title='bbox 1009 867 1090 923; x_wconf 85' lang='grc' dir='ltr'><em>τὴν</em></span> <span class='ocrx_word' id='word_1_51' title='bbox 1118 867 1261 910; x_wconf 87' lang='grc' dir='ltr'><em>πόλιν.</em></span> <span class='ocrx_word' id='word_1_52' title='bbox 1293 866 1399 923; x_wconf 77' lang='grc' dir='ltr'><em>μετὰ</em></span> <span class='ocrx_word' id='word_1_53' title='bbox 1423 866 1492 919; x_wconf 76' lang='grc' dir='ltr'><em>δὲ,</em></span> <span class='ocrx_word' id='word_1_54' title='bbox 1519 865 1579 918; x_wconf 77' lang='grc' dir='ltr'><em>ὥς</em></span> 
     </span>
    </p>
   </div>
   <div class='ocr_carea' id='block_1_11' title="bbox 309 944 1581 1003">
    <p class='ocr_par' dir='ltr' id='par_1_11' title="bbox 309 944 1581 1003">
     <span class='ocr_line' id='line_1_11' title="bbox 309 944 1581 1003; baseline -0.001 -14"><span class='ocrx_word' id='word_1_55' title='bbox 309 944 442 989; x_wconf 86' lang='grc' dir='ltr'><em>τοῦτό</em></span> <span class='ocrx_word' id='word_1_56' title='bbox 475 956 556 1001; x_wconf 89' lang='grc' dir='ltr'><em>σφι</em></span> <span class='ocrx_word' id='word_1_57' title='bbox 584 944 834 1001; x_wconf 75' lang='grc' dir='ltr'><strong><em>ἐξέργαστο,</em></strong></span> <span class='ocrx_word' id='word_1_58' title='bbox 887 944 1149 1002; x_wconf 78' lang='grc' dir='ltr'><em>ἐποιήσαντο</em></span> <span class='ocrx_word' id='word_1_59' title='bbox 1179 947 1359 1003; x_wconf 84' lang='grc' dir='ltr'><em>ἰσχυρὰς</em></span> <span class='ocrx_word' id='word_1_60' title='bbox 1386 945 1581 1002; x_wconf 77' lang='grc' dir='ltr'><strong><em>κατάρας</em></strong></span> 
     </span>
    </p>
   </div>
   <div class='ocr_carea' id='block_1_12' title="bbox 310 1022 1305 1085">
    <p class='ocr_par' dir='ltr' id='par_1_12' title="bbox 310 1022 1305 1085">
     <span class='ocr_line' id='line_1_12' title="bbox 310 1022 1305 1085; baseline -0.001 -16"><span class='ocrx_word' id='word_1_61' title='bbox 310 1029 371 1085; x_wconf 78' lang='grc' dir='ltr'><em>τῷ</em></span> <span class='ocrx_word' id='word_1_62' title='bbox 411 1022 743 1082; x_wconf 79' lang='grc' dir='ltr'><em>ὑπολειπομένῳ</em></span> <span class='ocrx_word' id='word_1_63' title='bbox 792 1024 968 1069; x_wconf 77' lang='grc' dir='ltr'><em>ἑωυτῶν</em></span> <span class='ocrx_word' id='word_1_64' title='bbox 1006 1029 1085 1070; x_wconf 85' lang='grc' dir='ltr'><em>τοῦ</em></span> <span class='ocrx_word' id='word_1_65' title='bbox 1131 1024 1305 1069; x_wconf 87' lang='grc' dir='ltr'><em>στόλου.</em></span> 
     </span>
    </p>
   </div>
   <div class='ocr_carea' id='block_1_13' title="bbox 1377 1025 1579 1081">
    <p class='ocr_par' dir='ltr' id='par_1_13' title="bbox 1377 1025 1579 1081">
     <span class='ocr_line' id='line_1_13' title="bbox 1377 1025 1579 1081; baseline 0 -12"><span class='ocrx_word' id='word_1_66' title='bbox 1377 1025 1488 1081; x_wconf 77' lang='grc' dir='ltr'><em>πρὸς</em></span> <span class='ocrx_word' id='word_1_67' title='bbox 1533 1025 1579 1069; x_wconf 81' lang='grc' dir='ltr'><em>δὲ</em></span> 
     </span>
    </p>
   </div>
   <div class='ocr_carea' id='block_1_14' title="bbox 310 1101 1701 1162">
    <p class='ocr_par' dir='ltr' id='par_1_14' title="bbox 310 1101 1701 1162">
     <span class='ocr_line' id='line_1_14' title="bbox 310 1101 1701 1162; baseline -0.001 -13"><span class='ocrx_word' id='word_1_68' title='bbox 310 1101 516 1161; x_wconf 77' lang='grc' dir='ltr'><em>ταύτῃσι,</em></span> <span class='ocrx_word' id='word_1_69' title='bbox 553 1104 627 1148; x_wconf 81' lang='grc' dir='ltr'><em>καὶ</em></span> <span class='ocrx_word' id='word_1_70' title='bbox 657 1103 832 1161; x_wconf 78' lang='grc' dir='ltr'><em>μύδρον</em></span> <span class='ocrx_word' id='word_1_71' title='bbox 861 1103 1065 1162; x_wconf 80' lang='grc' dir='ltr'><em>σιδήρεον</em></span> <span class='ocrx_word' id='word_1_72' title='bbox 1101 1104 1460 1156; x_wconf 83' lang='grc' dir='ltr'><em>κατεπόντωσαν,</em></span> <span class='ocrx_word' id='word_1_73' title='bbox 1507 1103 1580 1148; x_wconf 82' lang='grc' dir='ltr'><em>καὶ</em></span> <span class='ocrx_word' id='word_1_74' title='bbox 1646 1102 1701 1143; x_wconf 88' lang='grc'><em>79</em></span> 
     </span>
    </p>
   </div>
   <div class='ocr_carea' id='block_1_15' title="bbox 316 1182 1637 1241">
    <p class='ocr_par' dir='ltr' id='par_1_15' title="bbox 316 1182 1637 1241">
     <span class='ocr_line' id='line_1_15' title="bbox 316 1182 1637 1241; baseline -0.001 -14"><span class='ocrx_word' id='word_1_75' title='bbox 316 1185 495 1240; x_wconf 78' lang='grc' dir='ltr'><em>ὤμοσαν</em></span> <span class='ocrx_word' id='word_1_76' title='bbox 544 1183 636 1241; x_wconf 87' lang='grc' dir='ltr'><em>,,μὴ</em></span> <span class='ocrx_word' id='word_1_77' title='bbox 667 1184 773 1240; x_wconf 86' lang='grc' dir='ltr'><em>πρὶν</em></span> <span class='ocrx_word' id='word_1_78' title='bbox 810 1182 852 1235; x_wconf 82' lang='grc' dir='ltr'><em>ἐς</em></span> <span class='ocrx_word' id='word_1_79' title='bbox 894 1185 1102 1240; x_wconf 86' lang='grc' dir='ltr'><em>Φωκαίην</em></span> <span class='ocrx_word' id='word_1_80' title='bbox 1130 1183 1268 1240; x_wconf 80' lang='grc' dir='ltr'><em>ἥξειν,</em></span> <span class='ocrx_word' id='word_1_81' title='bbox 1309 1183 1414 1238; x_wconf 86' lang='grc' dir='ltr'><em>πρὶν</em></span> <span class='ocrx_word' id='word_1_82' title='bbox 1444 1182 1473 1239; x_wconf 82' lang='grc' dir='ltr'><em>ἢ</em></span> <span class='ocrx_word' id='word_1_83' title='bbox 1502 1183 1637 1226; x_wconf 80' lang='grc' dir='ltr'><em>τόν25</em></span> 
     </span>
    </p>
   </div>
   <div class='ocr_carea' id='block_1_16' title="bbox 283 1261 1018 1321">
    <p class='ocr_par' dir='ltr' id='par_1_16' title="bbox 283 1261 1018 1321">
     <span class='ocr_line' id='line_1_16' title="bbox 283 1261 1018 1321; baseline 0 -14"><span class='ocrx_word' id='word_1_84' title='bbox 283 1262 521 1319; x_wconf 82' lang='grc' dir='ltr'><em>5,,μύδρον</em></span> <span class='ocrx_word' id='word_1_85' title='bbox 552 1267 711 1308; x_wconf 87' lang='grc' dir='ltr'><em>τοῦτον</em></span> <span class='ocrx_word' id='word_1_86' title='bbox 752 1261 1018 1321; x_wconf 80' lang='grc' dir='ltr'><em>ἆναφῆναι.“</em></span> 
     </span>
    </p>
   </div>
   <div class='ocr_carea' id='block_1_17' title="bbox 1075 1260 1581 1318">
    <p class='ocr_par' dir='ltr' id='par_1_17' title="bbox 1075 1260 1581 1318">
     <span class='ocr_line' id='line_1_17' title="bbox 1075 1260 1581 1318; baseline 0 -12"><span class='ocrx_word' id='word_1_87' title='bbox 1075 1262 1383 1318; x_wconf 88' lang='grc' dir='ltr'><em>Στελλομένων</em></span> <span class='ocrx_word' id='word_1_88' title='bbox 1420 1262 1466 1306; x_wconf 82' lang='grc' dir='ltr'><em>δὲ</em></span> <span class='ocrx_word' id='word_1_89' title='bbox 1504 1260 1581 1306; x_wconf 80' lang='grc' dir='ltr'><em>αὕ-</em></span> 
     </span>
    </p>
   </div>
   <div class='ocr_carea' id='block_1_18' title="bbox 310 1339 1581 1401">
    <p class='ocr_par' dir='ltr' id='par_1_18' title="bbox 310 1339 1581 1401">
     <span class='ocr_line' id='line_1_18' title="bbox 310 1339 1581 1401; baseline -0.002 -14"><span class='ocrx_word' id='word_1_90' title='bbox 310 1347 401 1387; x_wconf 80' lang='grc' dir='ltr'><em>τῶν</em></span> <span class='ocrx_word' id='word_1_91' title='bbox 445 1343 515 1387; x_wconf 80' lang='grc' dir='ltr'><em>ἐπὶ</em></span> <span class='ocrx_word' id='word_1_92' title='bbox 557 1342 638 1401; x_wconf 75' lang='grc' dir='ltr'><em>τὴν</em></span> <span class='ocrx_word' id='word_1_93' title='bbox 675 1340 884 1398; x_wconf 86' lang='grc' dir='ltr'><em>Κύρνον,</em></span> <span class='ocrx_word' id='word_1_94' title='bbox 945 1342 1053 1396; x_wconf 75' lang='grc' dir='ltr'><em>ὑπὲρ</em></span> <span class='ocrx_word' id='word_1_95' title='bbox 1085 1341 1264 1399; x_wconf 79' lang='grc' dir='ltr'><em>ἡμίσεας</em></span> <span class='ocrx_word' id='word_1_96' title='bbox 1301 1346 1390 1386; x_wconf 78' lang='grc' dir='ltr'><em>τῶν</em></span> <span class='ocrx_word' id='word_1_97' title='bbox 1436 1339 1581 1385; x_wconf 75' lang='grc' dir='ltr'><em>ἀστῶν</em></span> 
     </span>
    </p>
   </div>
   <div class='ocr_carea' id='block_1_19' title="bbox 312 1418 1582 1479">
    <p class='ocr_par' dir='ltr' id='par_1_19' title="bbox 312 1418 1582 1479">
     <span class='ocr_line' id='line_1_19' title="bbox 312 1418 1582 1479; baseline -0.002 -13"><span class='ocrx_word' id='word_1_98' title='bbox 312 1422 437 1479; x_wconf 76' lang='grc' dir='ltr'><strong><em>ἔλαβε</em></strong></span> <span class='ocrx_word' id='word_1_99' title='bbox 466 1420 608 1474; x_wconf 75' lang='grc' dir='ltr'><em>πόθος</em></span> <span class='ocrx_word' id='word_1_100' title='bbox 636 1437 682 1466; x_wconf 88' lang='grc' dir='ltr'><em>τε</em></span> <span class='ocrx_word' id='word_1_101' title='bbox 710 1422 786 1467; x_wconf 83' lang='grc' dir='ltr'><em>καὶ</em></span> <span class='ocrx_word' id='word_1_102' title='bbox 815 1420 960 1473; x_wconf 81' lang='grc' dir='ltr'><strong><em>οἶκτος</em></strong></span> <span class='ocrx_word' id='word_1_103' title='bbox 988 1425 1064 1478; x_wconf 84' lang='grc' dir='ltr'><em>τῆς</em></span> <span class='ocrx_word' id='word_1_104' title='bbox 1097 1420 1250 1473; x_wconf 86' lang='grc' dir='ltr'><em>πόλιος</em></span> <span class='ocrx_word' id='word_1_105' title='bbox 1278 1421 1460 1465; x_wconf 78' lang='grc' dir='ltr'><em>καὶτῶν</em></span> <span class='ocrx_word' id='word_1_106' title='bbox 1481 1418 1582 1477; x_wconf 76' lang='grc' dir='ltr'><em>ἠθέ-</em></span> 
     </span>
    </p>
   </div>
   <div class='ocr_carea' id='block_1_20' title="bbox 311 1499 1581 1558">
    <p class='ocr_par' dir='ltr' id='par_1_20' title="bbox 311 1499 1581 1558">
     <span class='ocr_line' id='line_1_20' title="bbox 311 1499 1581 1558; baseline -0.002 -12"><span class='ocrx_word' id='word_1_107' title='bbox 311 1518 376 1546; x_wconf 89' lang='grc' dir='ltr'><em>ων</em></span> <span class='ocrx_word' id='word_1_108' title='bbox 403 1505 479 1558; x_wconf 80' lang='grc' dir='ltr'><em>τῆς</em></span> <span class='ocrx_word' id='word_1_109' title='bbox 507 1501 670 1558; x_wconf 81' lang='grc' dir='ltr'><strong><em>χώρης·</em></strong></span> <span class='ocrx_word' id='word_1_110' title='bbox 707 1501 965 1556; x_wconf 76' lang='grc' dir='ltr'><em>ψευδόρκιοι</em></span> <span class='ocrx_word' id='word_1_111' title='bbox 1000 1500 1046 1545; x_wconf 81' lang='grc' dir='ltr'><em>δὲ</em></span> <span class='ocrx_word' id='word_1_112' title='bbox 1075 1499 1324 1557; x_wconf 81' lang='grc' dir='ltr'><em>γενόμενοι,</em></span> <span class='ocrx_word' id='word_1_113' title='bbox 1366 1501 1581 1545; x_wconf 73' lang='grc' dir='ltr'><em>ἀπέπλεον</em></span> 
     </span>
    </p>
   </div>
   <div class='ocr_carea' id='block_1_21' title="bbox 281 1579 923 1638">
    <p class='ocr_par' dir='ltr' id='par_1_21' title="bbox 281 1579 923 1638">
     <span class='ocr_line' id='line_1_21' title="bbox 281 1579 923 1638; baseline -0.002 -13"><span class='ocrx_word' id='word_1_114' title='bbox 281 1579 453 1625; x_wconf 79' lang='grc' dir='ltr'><em>ὂόπίσω</em></span> <span class='ocrx_word' id='word_1_115' title='bbox 494 1581 537 1632; x_wconf 80' lang='grc' dir='ltr'><em>ἐς</em></span> <span class='ocrx_word' id='word_1_116' title='bbox 583 1581 663 1638; x_wconf 76' lang='grc' dir='ltr'><em>τὴν</em></span> <span class='ocrx_word' id='word_1_117' title='bbox 703 1583 923 1638; x_wconf 84' lang='grc' dir='ltr'><em>Φωκαίην.</em></span> 
     </span>
    </p>
   </div>
   <div class='ocr_carea' id='block_1_22' title="bbox 989 1578 1580 1635">
    <p class='ocr_par' dir='ltr' id='par_1_22' title="bbox 989 1578 1580 1635">
     <span class='ocr_line' id='line_1_22' title="bbox 989 1578 1580 1635; baseline 0.002 -12"><span class='ocrx_word' id='word_1_118' title='bbox 989 1582 1032 1623; x_wconf 76' lang='grc' dir='ltr'><em>οἳ</em></span> <span class='ocrx_word' id='word_1_119' title='bbox 1072 1580 1118 1624; x_wconf 79' lang='grc' dir='ltr'><em>δὲ</em></span> <span class='ocrx_word' id='word_1_120' title='bbox 1159 1578 1307 1623; x_wconf 77' lang='grc' dir='ltr'><em>αὐτῶν</em></span> <span class='ocrx_word' id='word_1_121' title='bbox 1343 1580 1391 1624; x_wconf 86' lang='grc' dir='ltr'><em>τὸ</em></span> <span class='ocrx_word' id='word_1_122' title='bbox 1426 1579 1580 1635; x_wconf 82' lang='grc' dir='ltr'><em>ὅρκιον</em></span> 
     </span>
    </p>
   </div>
   <div class='ocr_carea' id='block_1_23' title="bbox 310 1657 1638 1717">
    <p class='ocr_par' dir='ltr' id='par_1_23' title="bbox 310 1657 1638 1717">
     <span class='ocr_line' id='line_1_23' title="bbox 310 1657 1638 1717; baseline -0.004 -13"><span class='ocrx_word' id='word_1_123' title='bbox 310 1660 585 1717; x_wconf 79' lang='grc' dir='ltr'><em>ἐφύλασσον,</em></span> <span class='ocrx_word' id='word_1_124' title='bbox 625 1657 853 1716; x_wconf 75' lang='grc' dir='ltr'><em>ἀερθέντες</em></span> <span class='ocrx_word' id='word_1_125' title='bbox 881 1659 930 1704; x_wconf 84' lang='grc' dir='ltr'><em>ἐκ</em></span> <span class='ocrx_word' id='word_1_126' title='bbox 965 1663 1056 1704; x_wconf 78' lang='grc' dir='ltr'><em>τῶν</em></span> <span class='ocrx_word' id='word_1_127' title='bbox 1095 1659 1375 1704; x_wconf 85' lang='grc' dir='ltr'><em>Οἰνουσσέων</em></span> <span class='ocrx_word' id='word_1_128' title='bbox 1407 1659 1577 1706; x_wconf 80' lang='grc' dir='ltr'><em>ἔπλεον.</em></span> <span class='ocrx_word' id='word_1_129' title='bbox 1591 1664 1638 1700; x_wconf 89' lang='grc'><em>30</em></span> 
     </span>
    </p>
   </div>
   <div class='ocr_carea' id='block_1_24' title="bbox 258 1794 533 1803">
    <p class='ocr_par' dir='ltr' id='par_1_24' title="bbox 258 1794 533 1803">
     <span class='ocr_line' id='line_1_24' title="bbox 258 1794 533 1803; baseline 0 1521"><span class='ocrx_word' id='word_1_130' title='bbox 258 1794 533 1803; x_wconf 95' lang='lat' dir='ltr'><em> </em></span> 
     </span>
    </p>
   </div>
   <div class='ocr_carea' id='block_1_25' title="bbox 253 1861 915 2652">
    <p class='ocr_par' dir='ltr' id='par_1_25' title="bbox 253 1861 915 2652">
     <span class='ocr_line' id='line_1_25' title="bbox 309 1861 910 1924; baseline -0.007 -15"><span class='ocrx_word' id='word_1_131' title='bbox 309 1870 361 1924; x_wconf 81' lang='grc' dir='ltr'><em>τῇ</em></span> <span class='ocrx_word' id='word_1_132' title='bbox 381 1865 538 1920; x_wconf 76' lang='grc' dir='ltr'><em>οὕνομα</em></span> <span class='ocrx_word' id='word_1_133' title='bbox 556 1861 610 1919; x_wconf 75' lang='grc' dir='ltr'><em>ἦν</em></span> <span class='ocrx_word' id='word_1_134' title='bbox 625 1863 799 1919; x_wconf 80' lang='grc' dir='ltr'><em>Ἀλαλίη]</em></span> <span class='ocrx_word' id='word_1_135' title='bbox 819 1868 910 1906; x_wconf 81' lang='grc' dir='ltr'><em>Δία-</em></span> 
     </span>
     <span class='ocr_line' id='line_1_26' title="bbox 255 1925 911 1976; baseline -0.003 -13"><span class='ocrx_word' id='word_1_136' title='bbox 255 1925 307 1964; x_wconf 77' lang='lat' dir='ltr'><em>lia</em></span> <span class='ocrx_word' id='word_1_137' title='bbox 325 1926 410 1963; x_wconf 90' lang='lat' dir='ltr'>urbs</span> <span class='ocrx_word' id='word_1_138' title='bbox 429 1926 585 1976; x_wconf 86' lang='lat' dir='ltr'>posthac</span> <span class='ocrx_word' id='word_1_139' title='bbox 606 1929 734 1963; x_wconf 81' lang='lat' dir='ltr'>vocata</span> <span class='ocrx_word' id='word_1_140' title='bbox 756 1929 811 1962; x_wconf 88' lang='lat' dir='ltr'><em>est</em></span> <span class='ocrx_word' id='word_1_141' title='bbox 829 1925 911 1962; x_wconf 74' lang='lat' dir='ltr'><em>Ale.</em></span> 
     </span>
     <span class='ocr_line' id='line_1_27' title="bbox 253 1981 910 2033; baseline -0.003 -13"><span class='ocrx_word' id='word_1_142' title='bbox 253 1985 330 2027; x_wconf 84' lang='lat' dir='ltr'><em>ria,</em></span> <span class='ocrx_word' id='word_1_143' title='bbox 359 1982 498 2033; x_wconf 79' lang='lat' dir='ltr'>quippe</span> <span class='ocrx_word' id='word_1_144' title='bbox 515 1994 589 2031; x_wconf 86' lang='lat' dir='ltr'><em>quo</em></span> <span class='ocrx_word' id='word_1_145' title='bbox 605 1981 707 2030; x_wconf 84' lang='lat' dir='ltr'>Sylla</span> <span class='ocrx_word' id='word_1_146' title='bbox 732 1981 910 2018; x_wconf 90' lang='lat' dir='ltr'>coloniam</span> 
     </span>
     <span class='ocr_line' id='line_1_28' title="bbox 255 2037 910 2086; baseline -0.006 -9"><span class='ocrx_word' id='word_1_147' title='bbox 255 2038 378 2086; x_wconf 83' lang='lat' dir='ltr'>duxit,</span> <span class='ocrx_word' id='word_1_148' title='bbox 415 2038 454 2076; x_wconf 88' lang='lat' dir='ltr'><em>in</em></span> <span class='ocrx_word' id='word_1_149' title='bbox 477 2038 598 2076; x_wconf 87' lang='lat' dir='ltr'>media</span> <span class='ocrx_word' id='word_1_150' title='bbox 638 2049 704 2074; x_wconf 89' lang='lat' dir='ltr'><em>ora</em></span> <span class='ocrx_word' id='word_1_151' title='bbox 741 2037 910 2074; x_wconf 83' lang='lat' dir='ltr'>orientali</span> 
     </span>
     <span class='ocr_line' id='line_1_29' title="bbox 255 2092 913 2143; baseline -0.005 -11"><span class='ocrx_word' id='word_1_152' title='bbox 255 2095 338 2132; x_wconf 88' lang='lat' dir='ltr'>sita.</span> <span class='ocrx_word' id='word_1_153' title='bbox 382 2094 564 2131; x_wconf 89' lang='lat' dir='ltr'>Mendose</span> <span class='ocrx_word' id='word_1_154' title='bbox 588 2093 687 2143; x_wconf 88' lang='lat' dir='ltr'>apud</span> <span class='ocrx_word' id='word_1_155' title='bbox 705 2092 913 2130; x_wconf 89' lang='lat' dir='ltr'>Diodorum</span> 
     </span>
     <span class='ocr_line' id='line_1_30' title="bbox 254 2149 911 2197; baseline -0.002 -10"><span class='ocrx_word' id='word_1_156' title='bbox 254 2149 365 2188; x_wconf 89' lang='lat' dir='ltr'>Sicul.</span> <span class='ocrx_word' id='word_1_157' title='bbox 395 2149 442 2197; x_wconf 90' lang='lat' dir='ltr'><em>V,</em></span> <span class='ocrx_word' id='word_1_158' title='bbox 471 2151 524 2191; x_wconf 84' lang='lat'><em>13</em></span> <span class='ocrx_word' id='word_1_159' title='bbox 561 2149 727 2186; x_wconf 85' lang='lat' dir='ltr'><strong>scribitur</strong></span> <span class='ocrx_word' id='word_1_160' title='bbox 760 2149 911 2187; x_wconf 79' lang='lat' dir='ltr'><em>Calaris.</em></span> 
     </span>
     <span class='ocr_line' id='line_1_31' title="bbox 254 2205 914 2255; baseline -0.002 -12"><span class='ocrx_word' id='word_1_161' title='bbox 254 2205 306 2243; x_wconf 88' lang='lat' dir='ltr'><em>Et</em></span> <span class='ocrx_word' id='word_1_162' title='bbox 331 2207 454 2243; x_wconf 87' lang='lat' dir='ltr'>confer</span> <span class='ocrx_word' id='word_1_163' title='bbox 481 2218 628 2255; x_wconf 90' lang='lat' dir='ltr'>quoque</span> <span class='ocrx_word' id='word_1_164' title='bbox 667 2205 847 2243; x_wconf 82' lang='lat' dir='ltr'>Senecam</span> <span class='ocrx_word' id='word_1_165' title='bbox 876 2206 914 2243; x_wconf 88' lang='lat' dir='ltr'><em>in</em></span> 
     </span>
     <span class='ocr_line' id='line_1_32' title="bbox 256 2261 914 2309; baseline -0.002 -10"><span class='ocrx_word' id='word_1_166' title='bbox 256 2262 444 2299; x_wconf 83' lang='lat' dir='ltr'>consolat.</span> <span class='ocrx_word' id='word_1_167' title='bbox 466 2262 514 2299; x_wconf 91' lang='lat' dir='ltr'><em>ad</em></span> <span class='ocrx_word' id='word_1_168' title='bbox 532 2261 700 2299; x_wconf 82' lang='lat' dir='ltr'>Helviam</span> <span class='ocrx_word' id='word_1_169' title='bbox 719 2275 749 2299; x_wconf 89' lang='lat' dir='ltr'><em>c.</em></span> <span class='ocrx_word' id='word_1_170' title='bbox 772 2264 797 2303; x_wconf 90' lang='grc'>8</span> <span class='ocrx_word' id='word_1_171' title='bbox 810 2291 820 2309; x_wconf 87' lang='grc'>,</span> <span class='ocrx_word' id='word_1_172' title='bbox 851 2261 914 2300; x_wconf 90' lang='lat' dir='ltr'><em>ubi</em></span> 
     </span>
     <span class='ocr_line' id='line_1_33' title="bbox 254 2317 914 2357; baseline -0.002 -1"><span class='ocrx_word' id='word_1_173' title='bbox 254 2317 462 2357; x_wconf 85' lang='lat' dir='ltr'>Phocaeam</span> <span class='ocrx_word' id='word_1_174' title='bbox 484 2331 564 2355; x_wconf 90' lang='lat' dir='ltr'><em>cum</em></span> <span class='ocrx_word' id='word_1_175' title='bbox 576 2318 738 2356; x_wconf 85' lang='lat' dir='ltr'>Phocide</span> <span class='ocrx_word' id='word_1_176' title='bbox 759 2319 914 2355; x_wconf 88' lang='lat' dir='ltr'>confun-</span> 
     </span>
     <span class='ocr_line' id='line_1_34' title="bbox 255 2374 913 2414; baseline 0 -2"><span class='ocrx_word' id='word_1_177' title='bbox 255 2375 311 2412; x_wconf 88' lang='lat' dir='ltr'><em>dit</em></span> <span class='ocrx_word' id='word_1_178' title='bbox 328 2375 401 2414; x_wconf 84' lang='lat' dir='ltr'>ille.</span> <span class='ocrx_word' id='word_1_179' title='bbox 458 2374 590 2413; x_wconf 86' lang='lat' dir='ltr'>Incidit</span> <span class='ocrx_word' id='word_1_180' title='bbox 614 2375 684 2411; x_wconf 91' lang='lat' dir='ltr'><em>hoc</em></span> <span class='ocrx_word' id='word_1_181' title='bbox 715 2375 754 2412; x_wconf 87' lang='lat' dir='ltr'><em>in</em></span> <span class='ocrx_word' id='word_1_182' title='bbox 779 2387 913 2412; x_wconf 86' lang='lat' dir='ltr'>annum</span> 
     </span>
     <span class='ocr_line' id='line_1_35' title="bbox 256 2430 913 2484; baseline 0 -16"><span class='ocrx_word' id='word_1_183' title='bbox 256 2433 341 2473; x_wconf 82' lang='lat'><em>662</em></span> <span class='ocrx_word' id='word_1_184' title='bbox 368 2444 401 2468; x_wconf 90' lang='lat' dir='ltr'><em>a.</em></span> <span class='ocrx_word' id='word_1_185' title='bbox 441 2430 528 2469; x_wconf 89' lang='lat' dir='ltr'><strong>Chr.</strong></span> <span class='ocrx_word' id='word_1_186' title='bbox 567 2444 596 2469; x_wconf 88' lang='lat' dir='ltr'><em>s.</em></span> <span class='ocrx_word' id='word_1_187' title='bbox 625 2430 777 2482; x_wconf 80' lang='lat' dir='ltr'>Olymp.</span> <span class='ocrx_word' id='word_1_188' title='bbox 808 2432 913 2484; x_wconf 48' lang='lat'>543³,</span> 
     </span>
     <span class='ocr_line' id='line_1_36' title="bbox 254 2485 913 2539; baseline 0 -15"><span class='ocrx_word' id='word_1_189' title='bbox 254 2487 328 2524; x_wconf 80' lang='lat' dir='ltr'><em>vid.</em></span> <span class='ocrx_word' id='word_1_190' title='bbox 340 2486 514 2525; x_wconf 88' lang='lat' dir='ltr'>Schultzii</span> <span class='ocrx_word' id='word_1_191' title='bbox 524 2485 703 2539; x_wconf 83' lang='lat' dir='ltr'>Apparat.</span> <span class='ocrx_word' id='word_1_192' title='bbox 717 2493 783 2526; x_wconf 85' lang='lat' dir='ltr'>etc.</span> <span class='ocrx_word' id='word_1_193' title='bbox 794 2502 832 2539; x_wconf 90' lang='lat' dir='ltr'><em>p.</em></span> <span class='ocrx_word' id='word_1_194' title='bbox 845 2490 913 2529; x_wconf 86' lang='lat'><em>38.</em></span> 
     </span>
     <span class='ocr_line' id='line_1_37' title="bbox 255 2543 915 2585; baseline -0.005 0"><span class='ocrx_word' id='word_1_195' title='bbox 255 2545 322 2585; x_wconf 84' lang='lat'><em>39.</em></span> <span class='ocrx_word' id='word_1_196' title='bbox 352 2543 449 2582; x_wconf 89' lang='lat' dir='ltr'><em>Add.</em></span> <span class='ocrx_word' id='word_1_197' title='bbox 472 2544 516 2581; x_wconf 92' lang='lat' dir='ltr'><em>C.</em></span> <span class='ocrx_word' id='word_1_198' title='bbox 550 2545 597 2581; x_wconf 93' lang='lat' dir='ltr'><em>O.</em></span> <span class='ocrx_word' id='word_1_199' title='bbox 631 2543 775 2583; x_wconf 82' lang='lat' dir='ltr'>Miiller.</span> <span class='ocrx_word' id='word_1_200' title='bbox 804 2545 842 2582; x_wconf 92' lang='lat' dir='ltr'><em>in</em></span> <span class='ocrx_word' id='word_1_201' title='bbox 862 2544 915 2582; x_wconf 87' lang='lat' dir='ltr'><em>E-</em></span> 
     </span>
     <span class='ocr_line' id='line_1_38' title="bbox 255 2599 692 2652; baseline -0.002 -14"><span class='ocrx_word' id='word_1_202' title='bbox 255 2603 384 2639; x_wconf 82' lang='lat' dir='ltr'><em>truscc.</em></span> <span class='ocrx_word' id='word_1_203' title='bbox 405 2599 422 2637; x_wconf 96' lang='grc' dir='ltr'>Ι</span> <span class='ocrx_word' id='word_1_204' title='bbox 453 2613 491 2652; x_wconf 89' lang='lat' dir='ltr'><em>p.</em></span> <span class='ocrx_word' id='word_1_205' title='bbox 513 2602 592 2642; x_wconf 82' lang='lat'><em>181</em></span> <span class='ocrx_word' id='word_1_206' title='bbox 614 2613 692 2650; x_wconf 89' lang='lat' dir='ltr'>seq.</span> 
     </span>
    </p>
   </div>
   <div class='ocr_carea' id='block_1_26' title="bbox 255 2706 914 2978">
    <p class='ocr_par' dir='ltr' id='par_1_26' title="bbox 255 2706 914 2978">
     <span class='ocr_line' id='line_1_39' title="bbox 311 2706 912 2777; baseline -0.003 -25"><span class='ocrx_word' id='word_1_207' title='bbox 311 2709 380 2752; x_wconf 79' lang='grc' dir='ltr'><em>καὶ</em></span> <span class='ocrx_word' id='word_1_208' title='bbox 399 2707 553 2764; x_wconf 83' lang='grc' dir='ltr'><em>μύδρον</em></span> <span class='ocrx_word' id='word_1_209' title='bbox 572 2706 772 2777; x_wconf 84' lang='grc' dir='ltr'><em>σιδήρεον</em></span> <span class='ocrx_word' id='word_1_210' title='bbox 803 2725 912 2750; x_wconf 85' lang='grc' dir='ltr'><em>κατε-</em></span> 
     </span>
     <span class='ocr_line' id='line_1_40' title="bbox 255 2763 914 2820; baseline -0.006 -12"><span class='ocrx_word' id='word_1_211' title='bbox 255 2765 491 2819; x_wconf 86' lang='grc' dir='ltr'><em>πόντωσαν]</em></span> <span class='ocrx_word' id='word_1_212' title='bbox 528 2763 681 2820; x_wconf 78' lang='grc' dir='ltr'><em>μύδρος</em></span> <span class='ocrx_word' id='word_1_213' title='bbox 711 2771 768 2806; x_wconf 85' lang='lat' dir='ltr'><em>est</em></span> <span class='ocrx_word' id='word_1_214' title='bbox 795 2779 914 2805; x_wconf 81' lang='lat' dir='ltr'>massa</span> 
     </span>
     <span class='ocr_line' id='line_1_41' title="bbox 257 2819 914 2876; baseline 0 -13"><span class='ocrx_word' id='word_1_215' title='bbox 257 2838 402 2876; x_wconf 80' lang='lat' dir='ltr'>quaevzs</span> <span class='ocrx_word' id='word_1_216' title='bbox 441 2827 581 2874; x_wconf 80' lang='lat' dir='ltr'><em>ignita,</em></span> <span class='ocrx_word' id='word_1_217' title='bbox 625 2825 723 2862; x_wconf 89' lang='lat' dir='ltr'>unde</span> <span class='ocrx_word' id='word_1_218' title='bbox 761 2819 914 2874; x_wconf 81' lang='grc' dir='ltr'><em>μύδρος</em></span> 
     </span>
     <span class='ocr_line' id='line_1_42' title="bbox 257 2878 911 2934; baseline -0.008 -12"><span class='ocrx_word' id='word_1_219' title='bbox 257 2878 441 2934; x_wconf 82' lang='grc' dir='ltr'><em>σιδήρεος</em></span> <span class='ocrx_word' id='word_1_220' title='bbox 456 2882 594 2933; x_wconf 80' lang='lat' dir='ltr'>ferrum</span> <span class='ocrx_word' id='word_1_221' title='bbox 614 2880 762 2919; x_wconf 78' lang='lat' dir='ltr'>candens</span> <span class='ocrx_word' id='word_1_222' title='bbox 785 2895 811 2917; x_wconf 86' lang='lat' dir='ltr'><em>s.</em></span> <span class='ocrx_word' id='word_1_223' title='bbox 831 2880 911 2930; x_wconf 85' lang='lat' dir='ltr'>fer-</span> 
     </span>
     <span class='ocr_line' id='line_1_43' title="bbox 255 2937 910 2978; baseline 0 -3"><span class='ocrx_word' id='word_1_224' title='bbox 255 2942 292 2977; x_wconf 78' lang='lat' dir='ltr'><em>ri</em></span> <span class='ocrx_word' id='word_1_225' title='bbox 315 2952 434 2978; x_wconf 81' lang='lat' dir='ltr'>massa</span> <span class='ocrx_word' id='word_1_226' title='bbox 471 2938 606 2976; x_wconf 82' lang='lat' dir='ltr'><em>ardens.</em></span> <span class='ocrx_word' id='word_1_227' title='bbox 664 2937 748 2975; x_wconf 87' lang='lat' dir='ltr'><em>vid.</em></span> <span class='ocrx_word' id='word_1_228' title='bbox 775 2937 910 2975; x_wconf 86' lang='lat' dir='ltr'>Blomf.</span> 
     </span>
    </p>
   </div>
   <div class='ocr_carea' id='block_1_27' title="bbox 978 1865 1659 2986">
    <p class='ocr_par' dir='ltr' id='par_1_27' title="bbox 978 1865 1641 2469">
     <span class='ocr_line' id='line_1_44' title="bbox 980 1865 1634 1916; baseline -0.005 -11"><span class='ocrx_word' id='word_1_229' title='bbox 980 1869 1018 1905; x_wconf 86' lang='lat' dir='ltr'><em>in</em></span> <span class='ocrx_word' id='word_1_230' title='bbox 1053 1867 1216 1905; x_wconf 87' lang='lat' dir='ltr'>Glossar.</span> <span class='ocrx_word' id='word_1_231' title='bbox 1255 1868 1304 1905; x_wconf 87' lang='lat' dir='ltr'><em>ad</em></span> <span class='ocrx_word' id='word_1_232' title='bbox 1336 1865 1504 1916; x_wconf 78' lang='lat' dir='ltr'>Aeschyl.</span> <span class='ocrx_word' id='word_1_233' title='bbox 1541 1865 1634 1903; x_wconf 92' lang='lat' dir='ltr'>Pro-</span> 
     </span>
     <span class='ocr_line' id='line_1_45' title="bbox 979 1921 1637 1964; baseline -0.002 -4"><span class='ocrx_word' id='word_1_234' title='bbox 979 1924 1088 1962; x_wconf 85' lang='lat' dir='ltr'>meth.</span> <span class='ocrx_word' id='word_1_235' title='bbox 1125 1925 1233 1961; x_wconf 87' lang='lat' dir='ltr'>vinet.</span> <span class='ocrx_word' id='word_1_236' title='bbox 1268 1937 1321 1961; x_wconf 87' lang='lat' dir='ltr'><em>vs.</em></span> <span class='ocrx_word' id='word_1_237' title='bbox 1350 1922 1444 1964; x_wconf 80' lang='grc'><strong>374.</strong></span> <span class='ocrx_word' id='word_1_238' title='bbox 1501 1921 1637 1960; x_wconf 88' lang='lat' dir='ltr'>Postea</span> 
     </span>
     <span class='ocr_line' id='line_1_46' title="bbox 979 1978 1637 2030; baseline -0.003 -13"><span class='ocrx_word' id='word_1_239' title='bbox 979 1993 1127 2030; x_wconf 92' lang='lat' dir='ltr'>quoque</span> <span class='ocrx_word' id='word_1_240' title='bbox 1149 1981 1196 2017; x_wconf 90' lang='lat' dir='ltr'>de</span> <span class='ocrx_word' id='word_1_241' title='bbox 1216 1992 1333 2016; x_wconf 86' lang='lat' dir='ltr'>massa</span> <span class='ocrx_word' id='word_1_242' title='bbox 1352 1978 1492 2029; x_wconf 80' lang='lat' dir='ltr'>lapidea</span> <span class='ocrx_word' id='word_1_243' title='bbox 1511 1991 1637 2016; x_wconf 90' lang='lat' dir='ltr'>occur-</span> 
     </span>
     <span class='ocr_line' id='line_1_47' title="bbox 978 2034 1637 2085; baseline 0 -12"><span class='ocrx_word' id='word_1_244' title='bbox 978 2037 1047 2083; x_wconf 89' lang='lat' dir='ltr'><em>rit;</em></span> <span class='ocrx_word' id='word_1_245' title='bbox 1080 2048 1189 2085; x_wconf 86' lang='lat' dir='ltr'>quam</span> <span class='ocrx_word' id='word_1_246' title='bbox 1209 2036 1319 2073; x_wconf 80' lang='lat' dir='ltr'>etiam</span> <span class='ocrx_word' id='word_1_247' title='bbox 1337 2036 1407 2073; x_wconf 88' lang='lat' dir='ltr'><em>hoc</em></span> <span class='ocrx_word' id='word_1_248' title='bbox 1426 2036 1463 2072; x_wconf 89' lang='lat' dir='ltr'><em>in</em></span> <span class='ocrx_word' id='word_1_249' title='bbox 1481 2034 1560 2073; x_wconf 87' lang='lat' dir='ltr'>loco</span> <span class='ocrx_word' id='word_1_250' title='bbox 1579 2035 1637 2073; x_wconf 84' lang='lat' dir='ltr'>in·-</span> 
     </span>
     <span class='ocr_line' id='line_1_48' title="bbox 980 2091 1639 2142; baseline 0.002 -13"><span class='ocrx_word' id='word_1_251' title='bbox 980 2092 1162 2130; x_wconf 84' lang='lat' dir='ltr'>tellexisse</span> <span class='ocrx_word' id='word_1_252' title='bbox 1181 2092 1325 2129; x_wconf 87' lang='lat' dir='ltr'>videtur</span> <span class='ocrx_word' id='word_1_253' title='bbox 1335 2092 1508 2129; x_wconf 86' lang='lat' dir='ltr'>Horatius</span> <span class='ocrx_word' id='word_1_254' title='bbox 1515 2091 1639 2142; x_wconf 88' lang='lat' dir='ltr'>Epod.</span> 
     </span>
     <span class='ocr_line' id='line_1_49' title="bbox 980 2147 1640 2195; baseline -0.002 -9"><span class='ocrx_word' id='word_1_255' title='bbox 980 2148 1089 2195; x_wconf 88' lang='lat' dir='ltr'><strong>XVI,</strong></span> <span class='ocrx_word' id='word_1_256' title='bbox 1130 2147 1195 2190; x_wconf 80' lang='lat'><em>25.</em></span> <span class='ocrx_word' id='word_1_257' title='bbox 1253 2148 1370 2185; x_wconf 90' lang='lat' dir='ltr'>Simili</span> <span class='ocrx_word' id='word_1_258' title='bbox 1409 2147 1640 2185; x_wconf 87' lang='lat' dir='ltr'>iurisiurandi</span> 
     </span>
     <span class='ocr_line' id='line_1_50' title="bbox 982 2203 1641 2254; baseline -0.002 -11"><span class='ocrx_word' id='word_1_259' title='bbox 982 2217 1119 2254; x_wconf 83' lang='lat' dir='ltr'>genere</span> <span class='ocrx_word' id='word_1_260' title='bbox 1151 2218 1238 2241; x_wconf 90' lang='lat' dir='ltr'>usus</span> <span class='ocrx_word' id='word_1_261' title='bbox 1270 2209 1326 2242; x_wconf 87' lang='lat' dir='ltr'><em>est</em></span> <span class='ocrx_word' id='word_1_262' title='bbox 1356 2203 1559 2252; x_wconf 85' lang='lat' dir='ltr'>Aristides,</span> <span class='ocrx_word' id='word_1_263' title='bbox 1599 2208 1641 2242; x_wconf 84' lang='lat' dir='ltr'><em>ut</em></span> 
     </span>
     <span class='ocr_line' id='line_1_51' title="bbox 981 2260 1638 2299; baseline 0 -1"><span class='ocrx_word' id='word_1_264' title='bbox 981 2261 1019 2298; x_wconf 90' lang='lat' dir='ltr'><em>in</em></span> <span class='ocrx_word' id='word_1_265' title='bbox 1050 2261 1126 2299; x_wconf 87' lang='lat' dir='ltr'>eius</span> <span class='ocrx_word' id='word_1_266' title='bbox 1165 2262 1240 2298; x_wconf 86' lang='lat' dir='ltr'>vita</span> <span class='ocrx_word' id='word_1_267' title='bbox 1277 2262 1391 2299; x_wconf 85' lang='lat' dir='ltr'>refert</span> <span class='ocrx_word' id='word_1_268' title='bbox 1426 2260 1638 2298; x_wconf 90' lang='lat' dir='ltr'>Plutarchus</span> 
     </span>
     <span class='ocr_line' id='line_1_52' title="bbox 984 2315 1640 2368; baseline -0.002 -13"><span class='ocrx_word' id='word_1_269' title='bbox 984 2331 1063 2367; x_wconf 80' lang='lat' dir='ltr'><em>cap.</em></span> <span class='ocrx_word' id='word_1_270' title='bbox 1088 2317 1195 2355; x_wconf 90' lang='lat' dir='ltr'><em>XXV</em></span> <span class='ocrx_word' id='word_1_271' title='bbox 1214 2330 1301 2368; x_wconf 80' lang='lat' dir='ltr'><em>pag.</em></span> <span class='ocrx_word' id='word_1_272' title='bbox 1326 2315 1429 2365; x_wconf 84' lang='lat'><strong>334,</strong></span> <span class='ocrx_word' id='word_1_273' title='bbox 1452 2316 1497 2355; x_wconf 85' lang='lat' dir='ltr'><em>A.</em></span> <span class='ocrx_word' id='word_1_274' title='bbox 1528 2317 1640 2355; x_wconf 89' lang='lat' dir='ltr'>Unde</span> 
     </span>
     <span class='ocr_line' id='line_1_53' title="bbox 981 2370 1640 2424; baseline 0.003 -13"><span class='ocrx_word' id='word_1_275' title='bbox 981 2373 1038 2412; x_wconf 78' lang='lat' dir='ltr'>vel</span> <span class='ocrx_word' id='word_1_276' title='bbox 1057 2374 1094 2410; x_wconf 90' lang='lat' dir='ltr'><em>in</em></span> <span class='ocrx_word' id='word_1_277' title='bbox 1111 2375 1345 2424; x_wconf 83' lang='lat' dir='ltr'>proverbium</span> <span class='ocrx_word' id='word_1_278' title='bbox 1370 2374 1458 2411; x_wconf 84' lang='lat' dir='ltr'>abiit</span> <span class='ocrx_word' id='word_1_279' title='bbox 1481 2370 1640 2413; x_wconf 84' lang='grc' dir='ltr'><em>Φωκαέ-</em></span> 
     </span>
     <span class='ocr_line' id='line_1_54' title="bbox 985 2425 1581 2481; baseline -0.003 -12"><span class='ocrx_word' id='word_1_280' title='bbox 985 2444 1040 2469; x_wconf 88' lang='grc' dir='ltr'><em>ων</em></span> <span class='ocrx_word' id='word_1_281' title='bbox 1069 2425 1159 2481; x_wconf 80' lang='grc' dir='ltr'><em>οἷρα.</em></span> <span class='ocrx_word' id='word_1_282' title='bbox 1217 2430 1301 2468; x_wconf 86' lang='lat' dir='ltr'><em>Vid.</em></span> <span class='ocrx_word' id='word_1_283' title='bbox 1319 2430 1471 2467; x_wconf 91' lang='lat' dir='ltr'>Suidam</span> <span class='ocrx_word' id='word_1_284' title='bbox 1499 2444 1528 2468; x_wconf 93' lang='lat' dir='ltr'><em>s.</em></span> <span class='ocrx_word' id='word_1_285' title='bbox 1547 2443 1581 2467; x_wconf 88' lang='lat' dir='ltr'><em>v.</em></span> 
     </span>
    </p>

    <p class='ocr_par' dir='ltr' id='par_1_28' title="bbox 980 2482 1659 2986">
     <span class='ocr_line' id='line_1_55' title="bbox 1039 2482 1640 2539; baseline -0.002 -13"><span class='ocrx_word' id='word_1_286' title='bbox 1039 2486 1135 2539; x_wconf 88' lang='grc' dir='ltr'><em>πρὶν</em></span> <span class='ocrx_word' id='word_1_287' title='bbox 1165 2482 1194 2538; x_wconf 77' lang='grc' dir='ltr'><em>ἢ</em></span> <span class='ocrx_word' id='word_1_288' title='bbox 1221 2484 1293 2526; x_wconf 83' lang='grc' dir='ltr'><em>τὸν</em></span> <span class='ocrx_word' id='word_1_289' title='bbox 1319 2482 1473 2539; x_wconf 85' lang='grc' dir='ltr'><em>μύδρον</em></span> <span class='ocrx_word' id='word_1_290' title='bbox 1495 2489 1640 2526; x_wconf 81' lang='grc' dir='ltr'><em>τοῦτον</em></span> 
     </span>
     <span class='ocr_line' id='line_1_56' title="bbox 983 2538 1641 2594; baseline -0.003 -12"><span class='ocrx_word' id='word_1_291' title='bbox 983 2538 1218 2593; x_wconf 82' lang='grc' dir='ltr'><em>αναφῆναι]</em></span> <span class='ocrx_word' id='word_1_292' title='bbox 1259 2538 1469 2594; x_wconf 65' lang='grc' dir='ltr'><em>ἀναφῆναι</em></span> <span class='ocrx_word' id='word_1_293' title='bbox 1496 2543 1555 2580; x_wconf 79' lang='lat' dir='ltr'><em>hic</em></span> <span class='ocrx_word' id='word_1_294' title='bbox 1581 2543 1641 2580; x_wconf 87' lang='lat' dir='ltr'>in·-</span> 
     </span>
     <span class='ocr_line' id='line_1_57' title="bbox 982 2599 1640 2650; baseline -0.002 -13"><span class='ocrx_word' id='word_1_295' title='bbox 982 2600 1172 2638; x_wconf 88' lang='lat' dir='ltr'>transitive</span> <span class='ocrx_word' id='word_1_296' title='bbox 1198 2600 1358 2650; x_wconf 85' lang='lat' dir='ltr'>positum</span> <span class='ocrx_word' id='word_1_297' title='bbox 1395 2599 1558 2647; x_wconf 85' lang='lat' dir='ltr'>videtur,</span> <span class='ocrx_word' id='word_1_298' title='bbox 1587 2599 1640 2636; x_wconf 80' lang='lat' dir='ltr'><em>ita</em></span> 
     </span>
     <span class='ocr_line' id='line_1_58' title="bbox 982 2655 1640 2706; baseline 0.002 -14"><span class='ocrx_word' id='word_1_299' title='bbox 982 2660 1023 2693; x_wconf 86' lang='lat' dir='ltr'><em>ut</em></span> <span class='ocrx_word' id='word_1_300' title='bbox 1062 2668 1137 2692; x_wconf 92' lang='lat' dir='ltr'><em>non</em></span> <span class='ocrx_word' id='word_1_301' title='bbox 1176 2668 1268 2706; x_wconf 91' lang='lat' dir='ltr'>opus</span> <span class='ocrx_word' id='word_1_302' title='bbox 1311 2656 1356 2693; x_wconf 88' lang='lat' dir='ltr'>sit</span> <span class='ocrx_word' id='word_1_303' title='bbox 1384 2655 1640 2693; x_wconf 85' lang='lat' dir='ltr'>emendatione</span> 
     </span>
     <span class='ocr_line' id='line_1_59' title="bbox 982 2707 1640 2762; baseline -0.002 -12"><span class='ocrx_word' id='word_1_304' title='bbox 982 2707 1254 2762; x_wconf 70' lang='grc' dir='ltr'><em>ἀναφανῆναι.</em></span> <span class='ocrx_word' id='word_1_305' title='bbox 1294 2711 1484 2750; x_wconf 87' lang='lat' dir='ltr'>Pertinere</span> <span class='ocrx_word' id='word_1_306' title='bbox 1498 2712 1568 2750; x_wconf 88' lang='lat' dir='ltr'><em>huc</em></span> <span class='ocrx_word' id='word_1_307' title='bbox 1584 2712 1640 2749; x_wconf 83' lang='lat' dir='ltr'><em>vi-</em></span> 
     </span>
     <span class='ocr_line' id='line_1_60' title="bbox 982 2767 1659 2818; baseline 0.001 -13"><span class='ocrx_word' id='word_1_308' title='bbox 982 2769 1089 2805; x_wconf 87' lang='lat' dir='ltr'>detur</span> <span class='ocrx_word' id='word_1_309' title='bbox 1101 2767 1443 2817; x_wconf 82' lang='lat' dir='ltr'>Schweighaeusero</span> <span class='ocrx_word' id='word_1_310' title='bbox 1463 2768 1638 2818; x_wconf 87' lang='lat' dir='ltr'>Hesychii</span> <span class='ocrx_word' id='word_1_311' title='bbox 1656 2784 1659 2789; x_wconf 73' lang='lat'><strong><em>¹</em></strong></span> 
     </span>
     <span class='ocr_line' id='line_1_61' title="bbox 981 2819 1640 2876; baseline 0.006 -16"><span class='ocrx_word' id='word_1_312' title='bbox 981 2824 1125 2873; x_wconf 80' lang='lat' dir='ltr'>glossa:</span> <span class='ocrx_word' id='word_1_313' title='bbox 1158 2819 1390 2876; x_wconf 63' lang='grc' dir='ltr'><em>ἀναφῆναι·</em></span> <span class='ocrx_word' id='word_1_314' title='bbox 1429 2820 1640 2875; x_wconf 66' lang='grc' dir='ltr'><em>ἆναφανῆ·</em></span> 
     </span>
     <span class='ocr_line' id='line_1_62' title="bbox 981 2880 1637 2934; baseline 0 -15"><span class='ocrx_word' id='word_1_315' title='bbox 981 2895 1059 2919; x_wconf 90' lang='grc' dir='ltr'><em>ναι.</em></span> <span class='ocrx_word' id='word_1_316' title='bbox 1105 2880 1351 2919; x_wconf 87' lang='lat' dir='ltr'>Vertendum:</span> <span class='ocrx_word' id='word_1_317' title='bbox 1381 2894 1571 2934; x_wconf 83' lang='lat' dir='ltr'>apparere,</span> <span class='ocrx_word' id='word_1_318' title='bbox 1600 2893 1637 2919; x_wconf 84' lang='lat' dir='ltr'>e-</span> 
     </span>
     <span class='ocr_line' id='line_1_63' title="bbox 980 2949 1141 2986; baseline 0 -12"><span class='ocrx_word' id='word_1_319' title='bbox 980 2949 1141 2986; x_wconf 82' lang='lat' dir='ltr'>mergere.</span> 
     </span>
    </p>
   </div>
   <div class='ocr_carea' id='block_1_28' title="bbox 1732 2038 1739 2555">
    <p class='ocr_par' dir='ltr' id='par_1_29' title="bbox 1732 2038 1739 2555">
     <span class='ocr_line' id='line_1_64' title="bbox 1732 2038 1739 2555; baseline 0 0"><span class='ocrx_word' id='word_1_320' title='bbox 1732 2038 1739 2555; x_wconf 95' lang='lat' dir='ltr'><em> </em></span> 
     </span>
    </p>
   </div>
  </div>
 </body>
</html>
