1759 3324
377 255 461 296 494

762 250 1238 292 HERODOTI

376 360 545 417 τρόπον
570 360 650 406 τόν
677 361 752 406 καὶ
780 365 860 406 τοῦ
895 360 1100 418 Ἀραβίου
1136 360 1188 405 τοὶ
1225 359 1334 416 πρὸς
1369 361 1640 418 μεσαμβρίην

348 442 587 497 4φέροντα.
623 440 683 485 Τό
713 436 776 485 οἷν
805 441 858 498 δὴ
888 439 974 484 ἀπό
998 438 1326 492 Ἡλιουπόλιος,
1357 439 1505 484 οὐκέτι
1530 445 1639 484 πολ-

375 519 457 564 λὸν
483 520 672 576 χωρίον,
703 518 762 572 ὥς
792 517 903 564 εἶναι
932 519 1161 575 Αἰγύπτου
1180 537 1189 547 ·
1222 518 1322 564 ἀλλ’
1340 519 1449 564 ὅσον
1469 535 1513 563 τε
1533 517 1638 576 ἡμε-

377 599 489 655 ρέων
517 599 732 653 τεσσέρων
761 597 987 643 ἀναπλόου
1015 598 1160 655 στεινή
1189 599 1279 643 ἐστι
1296 601 1519 656 Αἴγυπτος
1538 600 1639 644 ἐοῦ-

343 687 445 723 5σα.
480 682 569 722 τῶν
598 677 645 722 δὲ
675 675 847 732 οὐρέων
882 681 973 721 τῶν
1009 677 1246 734 εἰρημένων
1273 678 1323 723 τὸ
1351 679 1533 735 μεταξὺ,
1562 685 1697 724 ute-30

376 756 476 809 διας
503 757 583 813 μὲν
610 759 684 813 γῆ·
715 753 888 800 στάδιοι
922 756 968 801 δὲ
996 755 1183 813 μάλιστα
1212 756 1390 802 ἐδόκεόν
1419 776 1496 816 μοι
1512 757 1639 812 εἶναι,

377 840 433 894 τῇ
461 833 736 880 στεινότατόν
765 834 877 887 ἐστι,
907 836 1143 892 διηκοσίων
1172 834 1227 880 οὐ
1250 838 1452 891 πλείους,
1484 838 1533 882 ἐκ
1558 841 1641 883 τοῦ

320 1044 408 1084 nulli
426 1044 533 1083 codd.
551 1048 588 1083 et
610 1044 695 1083 edd.
712 1058 737 1083 κ
749 1058 773 1082 α
785 1058 806 1082 τ
819 1045 924 1094 ειλη
938 1059 981 1094 μ,-

321 1119 348 1154 μ
359 1100 378 1141 ἐ
389 1116 411 1141 ν
422 1116 443 1141 o
453 1116 488 1140 ν.
520 1101 632 1146 Quod
644 1113 712 1138 nos
723 1101 889 1138 dedimus
900 1113 981 1138 cum

319 1157 525 1208 Schweigh.
539 1161 576 1196 et
587 1157 703 1194 Gaisf.
713 1186 724 1204 ,
753 1157 872 1194 verbis
883 1170 983 1194 com-

319 1215 514 1254 mendatur
541 1213 744 1252 Homericis
772 1213 908 1263 Odyss.
935 1208 981 1263 ξ’,

322 1273 424 1313 136:
456 1265 642 1324 ψαμαθῳ
676 1267 862 1320 εἰλυμένα
888 1271 982 1309 πολ,-

319 1330 394 1383 λῇ.
425 1340 448 1365 a
476 1311 720 1375 Wesselingio
753 1327 824 1364 iam
850 1326 980 1374 allatis,

320 1385 377 1422 cui
392 1388 514 1422 tamen
529 1380 811 1434 κατειλημένον
829 1395 852 1419 a
869 1383 980 1421 verbo

321 1439 432 1480 εἰλέω
454 1453 528 1478 non
549 1440 667 1478 minus
691 1440 847 1490 probum
874 1440 979 1478 vide-

318 1502 391 1545 tur,
419 1497 599 1535 firmatum
616 1495 781 1534 versiculi
795 1496 981 1534 cuiusdam

318 1554 530 1592 auctoritate
544 1554 580 1590 in
592 1552 802 1590 Philostrati
811 1552 980 1590 Heroicc.

319 1623 405 1661 pag.
420 1611 502 1652 693
524 1611 597 1658 (98
611 1609 812 1657 Boisson.).
842 1608 918 1646 Sed
937 1621 981 1646 eo

319 1667 400 1718 ipso
426 1667 464 1703 in
489 1666 570 1703 loco
598 1678 694 1703 nunc
717 1665 981 1702 Boissonadius

318 1736 386 1775 pro
406 1720 598 1773 εἰλημένε,
626 1721 726 1772 quod
738 1721 904 1760 Olearius
916 1722 983 1760 de-

318 1780 436 1827 derat,
459 1792 481 1817 e
496 1780 660 1817 codicum
677 1791 858 1816 consensu
875 1790 984 1828 repo-

317 1836 391 1873 suit
410 1833 587 1886 εἰλυμένε
603 1835 765 1884 illudque
783 1834 860 1872 aliis
873 1834 983 1873 etiam

318 1892 534 1930 testimoniis
554 1891 719 1929 firmavit.
760 1891 870 1929 Conf.
888 1895 979 1928 nott.

318 1961 406 1999 pag.
424 1948 519 1990 469.
548 1947 646 1986 Nam
663 1948 854 1986 descendit
868 1959 982 1984 aver-

318 2004 366 2041 bo
387 2000 530 2056 εἰλύω,
549 1998 741 2043 κατειλύω
760 2003 900 2052 obtego,
921 2003 980 2039 ob-

318 2060 431 2098 volvo.
453 2080 512 2088 —
553 2060 596 2098 In
625 2072 727 2108 seqq.
752 2059 861 2108 vulgo
887 2058 981 2096 male

317 2114 559 2167 τεταμμὲνον
573 2129 641 2167 pro
658 2109 884 2165 τετάμενον,
900 2127 981 2152 cum

318 2171 388 2210 loci
406 2185 534 2210 sensus
555 2173 621 2210 sit:
651 2173 901 2221 mons—pari
910 2184 982 2208 mo-

319 2227 362 2266 do
367 2232 549 2279 porrectus
557 2229 612 2277 (in
622 2227 885 2276 longitudinem
896 2228 980 2275 sc.)‚

320 2298 386 2336 quo
402 2285 548 2322 Arabici
567 2286 692 2322 montis
712 2296 753 2321 ea
772 2297 872 2335 pars,
894 2295 982 2335 quae

318 2341 492 2379 meridiem
505 2353 624 2378 versus
642 2340 764 2378 tendit.

374 2394 420 2438 τό
439 2391 497 2437 ὧν
520 2394 570 2448 δή
594 2392 673 2436 vind
687 2390 978 2446 Ἡλιουπόλιος]

319 2453 343 2492 i.
362 2467 395 2492 e.
413 2453 505 2505 quod
523 2455 651 2491 attinet
669 2453 716 2490 ad
732 2465 807 2490 eam
828 2453 984 2503 Aegypti

318 2513 511 2560 regionem,
541 2522 630 2561 quae
654 2510 697 2546 ab
716 2509 895 2559 Heliopoli
912 2522 983 2546 me-

319 2567 442 2605 ridiem
459 2579 576 2604 versus
596 2569 647 2604 est
664 2568 736 2603 sita
754 2565 842 2604 Nilo
857 2565 982 2603 adver-

320 2637 358 2662 so
370 2624 613 2675 proficiscenti.
625 2622 787 2673 Respicit
799 2622 893 2660 enim
904 2623 984 2661 He-

320 2681 470 2718 rodotus
499 2692 564 2727 ea,
601 2691 695 2729 quae
726 2679 852 2729 capitis
881 2680 982 2716 initio

320 2740 514 2804 posuerat,
538 2735 659 2773 multis
689 2735 807 2773 verbis
837 2735 983 2774 interie-

322 2794 404 2831 ctis:
434 2787 512 2832 οἷπὸ
534 2789 577 2832 δὲ
600 2786 913 2838 Ἡλιουπόλιος’
897 2789 981 2831 α’νω

323 2846 437 2891 ἰόντι.

378 2900 510 2946 ου’κέτι
525 2900 668 2944 πολλὸν
678 2904 835 2957 χωρίον,
859 2919 912 2953 ως
931 2900 982 2944 εἶ-

1036 1058 1105 1083 ναι
1134 1038 1365 1096 Αἰγύπτου]
1396 1044 1420 1081 i.
1446 1057 1478 1083 e.
1505 1046 1602 1094 regio
1629 1057 1698 1083 non

1037 1100 1188 1150 amplius
1206 1102 1361 1150 spatiosa
1377 1104 1440 1149 est,
1468 1105 1510 1138 ut
1521 1102 1698 1152 sitAegy-

1033 1160 1093 1207 pti
1107 1157 1155 1204 (s.
1177 1169 1272 1206 quae
1291 1157 1450 1208 Aegypti
1469 1171 1550 1196 esse
1570 1172 1698 1196 cense-

1037 1214 1114 1261 tur)
1134 1227 1162 1250 s.
1174 1226 1240 1250 non
1258 1213 1411 1264 amplius
1425 1216 1463 1251 in
1473 1214 1696 1253 latitudinem

1037 1270 1184 1307 multum
1203 1274 1305 1320 patet
1334 1273 1427 1308 utin
1448 1271 1497 1319 (s.
1516 1272 1604 1322 pro)
1625 1272 1696 1308 Ae—

1036 1330 1157 1377 gypto.
1195 1327 1257 1364 Sic
1275 1332 1372 1365 recte
1389 1327 1520 1365 Matth.
1541 1328 1608 1365 Gr.
1629 1328 1696 1365 Gr.

1036 1396 1122 1434 pag.
1146 1385 1265 1424 1071.
1295 1383 1413 1421 Invita
1429 1383 1597 1422 Minerva
1614 1385 1699 1422 Ste-

1037 1453 1114 1488 ger.
1127 1438 1286 1477 Praefat.
1302 1453 1390 1491 pag.
1401 1440 1454 1477 XI
1465 1440 1614 1490 corrigit
1624 1439 1698 1479 Αἴ-

1037 1510 1227 1563 γυπτον.

1095 1546 1182 1590 ἄλλ’
1214 1547 1310 1592 ὅσον
1339 1566 1381 1591 τε
1413 1573 1462 1580 -
1495 1550 1698 1604 Αίγυπτος

1036 1606 1179 1654 ἐοῦσα]
1214 1609 1236 1646 i.
1261 1622 1295 1647 e.
1329 1607 1402 1646 Sed
1422 1621 1485 1659 per
1517 1609 1701 1658 quatridui

1034 1667 1314 1714 navzgatz'vnem,
1342 1678 1431 1715 quae
1455 1664 1602 1703 adverso
1617 1666 1698 1716 flu-

1036 1724 1125 1759 mine
1143 1723 1367 1769 instituitur,
1395 1724 1552 1771 angusta
1569 1721 1699 1759 estAe-

1035 1782 1167 1829 gyptus
1188 1791 1217 1815 s.
1236 1790 1281 1816 ea
1296 1777 1456 1829 Aegypti
1475 1790 1576 1829 pars,
1602 1790 1698 1828 quae

1036 1836 1074 1872 in
1093 1839 1286 1884 angustam
1301 1834 1431 1872 vallem
1446 1838 1645 1882 contracta,
1655 1833 1699 1870 il-

1038 1891 1081 1928 lis
1101 1891 1285 1928 montibus
1313 1889 1495 1938 (Arabicis
1523 1894 1560 1928 et
1582 1889 1698 1939 Liby-

1036 1948 1106 1996 cis)
1128 1947 1174 1984 ab
1199 1952 1351 1995 utraque
1373 1951 1480 1997 parte
1493 1946 1696 1983 includitur.

1037 2025 1092 2031 —
1115 2003 1221 2047 Quae
1239 2001 1390 2039 Aristidi
1415 2002 1461 2049 (t.
1479 2002 1514 2039 ll
1538 2015 1573 2053 p.
1593 2003 1697 2051 343)

1037 2060 1148 2097 fidem
1177 2059 1352 2096 excedere
1380 2058 1547 2097 videntur
1569 2058 1700 2096 Nostri

1035 2116 1167 2162 verba,
1197 2127 1242 2153 ea
1260 2115 1469 2153 recentioris
1488 2115 1617 2153 aetatis
1633 2128 1700 2166 pe-

1037 2171 1322 2220 regrinatoribus
1351 2170 1457 2210 valde
1485 2171 1699 2222 probantur,

1036 2231 1208 2266 monente
1226 2226 1421 2265 Larchero.
1459 2227 1539 2275 Sic,
1559 2227 1611 2264 uti
1630 2227 1699 2265 hoc

1038 2289 1139 2331 utar,
1168 2284 1290 2322 scribit
1315 2284 1454 2334 Savary
1470 2283 1616 2332 (Lettre
1638 2296 1698 2321 sur

1036 2341 1199 2391 l’Egypt.
1210 2340 1227 2377 I
1239 2354 1276 2391 p.
1290 2340 1350 2389 5),
1379 2340 1442 2378 ubi
1462 2340 1637 2377 latissima
1652 2340 1699 2377 sit

1037 2397 1127 2435 haec
1142 2397 1335 2449 planities,
1370 2396 1430 2435 vix
1450 2409 1581 2434 novem
1600 2396 1699 2434 illam
1758 2414 1759 2429 ι

1036 2467 1120 2492 esse
1157 2453 1400 2491 milliariorum
1433 2452 1618 2502 (lieues);
1659 2453 1698 2490 id

1037 2510 1139 2560 quod
1150 2523 1172 2548 a
1190 2509 1355 2548 ducentis
1364 2509 1544 2547 Herodoti
1560 2509 1700 2556 stadiis,
1756 2552 1757 2557 ¹

1036 2579 1134 2617 quae
1143 2570 1282 2617 septem
1298 2567 1375 2604 fere
1391 2566 1555 2603 milliaria
1575 2564 1699 2604 alteri·
1756 2567 1757 2570 ’

1037 2636 1154 2672 usque
1184 2622 1375 2660 dimidium
1402 2626 1584 2672 aequant,
1621 2634 1698 2659 non

1037 2679 1143 2717 valde
1162 2679 1326 2716 discedit.
1754 2674 1755 2681 ’

1095 2731 1362 2784 στεινότατον]
1385 2734 1472 2782 „De
1492 2733 1560 2771 hac
1582 2733 1698 2770 forma

1038 2791 1162 2829 Ionica
1179 2792 1272 2829 conf.
1292 2790 1486 2828 Heindorf.
1495 2790 1543 2827 ad
1553 2788 1696 2827 Platon.
1750 2824 1752 2843 ἶ

1037 2847 1224 2886 Phaedon.
1244 2845 1384 2897 §.139
1401 2859 1487 2897 pag.
1500 2847 1581 2887 237
1593 2845 1698 2893 seq.“
1749 2845 1752 2883 ἔ

1042 2904 1107 2942 Cr.
1146 2904 1232 2941 Vid.
1261 2915 1357 2954 quae
1385 2903 1460 2940 dixi
1481 2902 1530 2941 ad
1550 2900 1698 2940 etesiae
1748 2909 1750 2926 ³
