1777 3324
446 270 697 313 ADDENDA
726 272 797 311 ET
826 269 1178 311 CORRIGENDA.
1481 273 1567 313 927

266 384 511 439 pertinuerint,
537 382 598 415 sed
613 381 656 415 de
678 380 933 415 Atheniensium
953 380 1084 426 proelio
1112 390 1186 413 cum
1205 378 1464 423 Megarensibus
1480 382 1564 416 vici-

265 432 317 465 nis
345 431 386 464 ad
415 428 607 462 Eleusinem
636 427 810 461 commisso
839 427 1063 470 intelligenda
1087 437 1162 458 esse
1192 431 1309 459 contra
1332 427 1479 460 Lobeck.
1510 429 1563 471 (in

264 478 312 510 Aa
296 477 429 520 g-laoph
452 474 681 518 Iepimetzpi
687 474 803 516 .214)
833 473 961 506 monuit
981 473 1022 505 C.
1042 473 1086 506 Ο.
1107 471 1239 506 Muller.
1268 472 1302 505 in
1329 474 1450 505 annall.
1473 475 1563 507 Got-

263 523 363 565 tingg
401 521 488 555 1830
513 531 564 554 111.
586 521 627 554 13
660 520 949 572 Ρ311.125.126.
998 518 1126 550 Locum
1153 517 1239 550 enim
1267 529 1402 561 pugnae
1430 524 1562 553 tantum

263 567 391 600 indicat
421 566 634 603 Herodotus,
670 566 728 608 qui
756 565 783 598 si
812 564 926 619 ipsos
934 563 1126 597 Eleusinios
1161 563 1417 619 Atheniensium
1448 565 1562 597 hostes

262 612 498 651 intellexisset,
513 611 726 655 scripsisset.
752 608 847 654 πρὸς
865 608 954 648 τοὺς
976 606 1236 652 ἀστυγείτονας
1254 607 1335 642 τοὺ
1352 622 1368 648 ς
1390 607 1429 642 ἐν
1445 607 1562 642 ²-Ekev

265 660 348 691 σῖνι
397 658 466 691 Sed
494 656 561 702 ipsi
589 656 758 690 Lobeckio
791 656 843 697 (in
865 656 1008 689 addend.
1036 668 1069 699 p.
1095 655 1201 698 1351)
1230 655 1490 699 probabiliorem
1511 655 1563 689 vi-

264 704 337 737 deri
356 703 491 736 Millleri
516 702 739 743 sententiam,
764 702 940 747 postmodo
961 700 1123 734 intellexi.

46 748 223 792 Ad1‚46
247 762 327 804 pag.
348 751 425 786 110.
473 774 496 791 ,,
508 749 544 783 111
576 754 729 781 extrema
756 748 875 782 Ioniae
904 753 1001 792 parte
1027 758 1134 800 prope
1164 745 1339 780 Posidium
1367 749 1566 790 promonto-

262 796 349 830 rium
371 795 469 828 situm
491 799 565 828 erat
585 794 744 838 templum
764 793 931 847 Apollinis
953 792 1131 837 Didymaei
1150 803 1222 825 cum
1244 792 1371 837 oppido
1394 792 1564 825 Branchi-

264 842 406 875 darum.
397 844 418 859 ‘
467 841 655 874 Solclan
689 841 724 873 in
747 840 935 893 scriptione
959 850 1062 883 supra
1092 839 1282 882 laudatap
1287 850 1342 882 ag
1367 841 1420 873 16.
1467 839 1563 871 Idem

262 888 317 920 vir
335 888 454 920 doctus
476 891 587 919 monet
609 886 774 930 reliquias
792 885 907 930 templi
935 891 970 918 et
987 884 1103 938 oppidi
1125 884 1416 925 Branchidarum,
1441 896 1461 917 a
1488 885 1560 917 Pa-

272 934 389 966 latsha
418 932 490 965 sive
518 932 637 965 Mileto
668 935 814 965 remotas
841 932 908 964 duo
937 931 1075 964 circiter
1103 930 1259 963 milliaria
1288 942 1376 975 quae
1393 935 1561 963 vocantur

263 978 519 1022 geographica,
550 977 585 1010 in
616 978 748 1010 Posidii
776 977 848 1010 loco
871 977 984 1018 edito,
1015 977 1071 1010 cui
1099 987 1218 1009 nomen
1247 977 1366 1016 lotan,
1401 976 1559 1017 inveniri,

264 1025 356 1057 unde
374 1025 474 1067 longe
491 1024 625 1067 lateque
644 1034 705 1067 per
729 1035 821 1056 mare
841 1027 960 1067 pateat
983 1027 1197 1066 prospectus
1244 1022 1326 1055 Vid.
1345 1002 1427 1054 ibid.
1448 1034 1482 1066 p.
1501 1023 1559 1057 32.

45 1071 96 1104 Ad
118 1071 152 1110 Ι,
176 1071 222 1105 30
245 1082 324 1115 pag.
345 1071 401 1103 73.
450 1069 535 1102 Add.
559 1070 724 1104 Grauert.
742 1069 784 1102 de
807 1070 942 1113 Aesopo
966 1080 1045 1113 pag.
1065 1068 1109 1103 49
1130 1080 1202 1111 seq.
1213 1092 1223 1109 ,
1249 1068 1308 1112 qui
1328 1068 1506 1108 Solonem,
1530 1067 1560 1099 si

262 1127 385 1149 rev·e1a
414 1115 541 1147 Sardes
563 1114 716 1155 venerit,
751 1115 882 1147 nonnisi
913 1115 1051 1159 Olymp.
1073 1114 1207 1154 LVIII,
1230 1116 1247 1148 1
1284 1126 1311 1148 s.
1328 1115 1395 1148 549
1420 1126 1449 1147 a.
1475 1114 1560 1146 Chr.

261 1161 341 1194 illuc
361 1161 477 1193 venire
496 1160 649 1204 potuisse
667 1160 807 1200 statuit,
832 1160 980 1204 quinque
1002 1161 1075 1193 fere
1096 1164 1153 1192 aut
1182 1171 1242 1192 sex
1264 1160 1360 1192 annis
1379 1165 1459 1192 ante
1480 1159 1562 1192 Sar-

263 1207 353 1240 dium
371 1206 674 1250 expugnationem,
701 1218 790 1250 quae
810 1206 1035 1250 probabiliter
1055 1205 1184 1238 incidat
1209 1205 1244 1238 in
1264 1206 1400 1250 Olymp.
1421 1205 1521 1245 LIX,
1538 1205 1561 1238 2

259 1253 334 1285 sive
351 1254 392 1292 33
426 1263 493 1296 quo
524 1252 638 1284 eodem
668 1252 742 1285 fere
769 1257 922 1296 tempore
948 1252 1099 1284 Athenas
1128 1262 1148 1283 a
1167 1250 1295 1284 Croeso
1326 1251 1458 1294 legatos
1485 1262 1561 1283 esse

255 1298 375 1332 missos
395 1298 492 1341 ponit
517 1298 617 1341 (pag.
635 1296 710 1340 48).
759 1297 842 1330 Cum
867 1309 949 1331 vero
972 1296 1160 1330 decesserit
1178 1296 1259 1330 Solo
1284 1296 1420 1340 Olymp.
1442 1296 1516 1336 LV,
1542 1299 1559 1332 1

257 1348 337 1384 aut,
372 1344 401 1376 si
432 1343 608 1376 maximum
638 1343 732 1376 vitae
757 1344 903 1387 spatium
931 1342 1106 1388 posueris,
1142 1343 1278 1387 Olymp.
1300 1342 1383 1384 LV,
1404 1343 1445 1383 43
1478 1342 1559 1375 inde

256 1390 385 1422 Sardes
426 1389 469 1421 ad
509 1390 673 1422 Croesum
704 1401 741 1422 se
770 1390 927 1423 conferre
962 1390 1055 1422 illum
1092 1389 1247 1432 potuisse
1284 1388 1416 1421 omnino
1456 1391 1560 1431 negat

256 1437 419 1468 Grauert.
439 1435 459 1467 l.
481 1434 502 1468 1.
529 1446 605 1478 pag.
629 1437 683 1470 50.
732 1435 879 1469 Probari
911 1436 996 1468 haec
1029 1440 1141 1467 monet
1170 1434 1227 1467 ille
1245 1434 1413 1468 Herodoti
1430 1434 1505 1467 loco
1529 1434 1558 1474 I,

255 1484 299 1517 29
325 1488 360 1515 et
381 1481 556 1513 Plutarchi
587 1481 620 1513 in
648 1480 708 1515 vit.
737 1481 854 1515 Solon.
883 1493 914 1525 p.
932 1482 997 1521 92,
1019 1481 1068 1521 Ε,
1106 1479 1162 1524 qui
1192 1480 1308 1513 decem
1334 1480 1432 1513 modo
1452 1491 1557 1512 annos

255 1528 415 1560 Solonem
435 1528 469 1559 in
487 1526 614 1559 exteris
633 1527 735 1560 terris
756 1532 994 1560 commoratum
1019 1539 1094 1559 esse
1120 1526 1312 1567 affirmant3
1347 1526 1397 1559 ita
1416 1531 1454 1558 ut
1473 1526 1559 1558 Sar-

257 1573 354 1606 dibus
377 1572 456 1605 Solo
475 1578 631 1605 versatus
651 1572 863 1606 existimetur
882 1573 1017 1616 Olymp.
1032 1572 1200 1612 XLVIII
1191 1584 1200 1591 ·
1226 1583 1291 1616 quo
1310 1572 1385 1617 ipso
1405 1576 1559 1616 tempore

258 1619 406 1652 Croesus
424 1629 483 1651 sex
504 1624 678 1662 septemve
698 1631 802 1652 annos
820 1623 919 1652 natus
942 1618 1065 1651 fuerit!

37 1666 90 1700 Ad
118 1666 150 1706 I,
172 1667 216 1700 62
250 1666 429 1709 pag.15..5
451 1664 528 1699 156.
576 1665 679 1697 Stare
711 1676 811 1709 posse
836 1661 1047 1707 Αμφίλυτος
1078 1660 1097 1697 ὁ
1131 1659 1326 1706 Ἀκαρνὰν,
1359 1662 1440 1696 mihi
1470 1673 1558 1695 nunc

259 1710 401 1754 egregie
437 1710 574 1753 probari
605 1710 742 1743 videtur
771 1711 834 1751 iis,
876 1722 963 1754 quae
996 1710 1110 1743 attulit
1142 1710 1293 1742 Lobeck.
1320 1709 1353 1742 in
1389 1709 1557 1753 Aglaoph.

260 1768 339 1801 pag.
357 1758 426 1790 310
450 1759 517 1789 not.
537 1767 567 1788 m
593 1755 635 1788 de
654 1757 888 1789 Acarnanibus
908 1757 950 1789 ob
971 1756 1183 1789 vaticinandi
1216 1760 1252 1788 et
1279 1755 1471 1788 fascinandi
1499 1765 1556 1787 ar—

257 1808 323 1835 tem
346 1802 421 1834 olim
441 1813 502 1846 per
521 1802 704 1835 Graeciam
721 1802 886 1835 similem'
878 1814 912 1835 ln
931 1802 1063 1836 modum
1085 1801 1248 1845 cognitis,
1280 1813 1346 1846 quo
1365 1800 1472 1834 Marsi
1492 1811 1557 1846 per

258 1847 400 1881 Italiam.

41 1894 146 1934 Adl‚
164 1895 208 1928 56
234 1905 310 1937 pag.
334 1894 398 1927 135
423 1892 479 1925 lin.
502 1895 531 1927 1.
579 1892 813 1926 Gaisfordium
842 1894 953 1926 secuti
982 1893 1150 1927 edidimus
1176 1892 1393 1937 βασιλῆος,
1429 1903 1501 1925 011111
1526 1890 1554 1932 Ι,

261 1940 425 1973 132192
451 1942 545 1971 extet
568 1938 724 1982 βασιλε
712 1952 724 1971 ι
743 1944 779 1972 et
797 1936 968 1983 βασιλέω
983 1952 1010 1978 ς.
1061 1939 1194 1979 Quod
1185 1951 1261 1972 lure
1282 1939 1397 1972 mirum
1417 1938 1556 1970 videtur

258 1984 398 2017 Struvio
424 1984 482 2027 (in
503 1985 640 2028 specim.
660 1986 799 2018 secund.
826 1986 869 2017 de
888 1986 1016 2020 Herod.
1039 1985 1175 2018 dialect.
1194 1997 1227 2029 p.
1249 1986 1329 2028 16),
1355 1996 1428 2017 cum
1448 1985 1556 2017 Gais-

257 2030 405 2070 sordius,
430 2042 528 2073 quem
548 2042 608 2063 nos
629 2042 762 2075 quoque
783 2030 891 2063 secuti
915 2043 1030 2064 sumus
1044 2057 1053 2071 ,
1089 2036 1299 2064 constantem
1325 2041 1458 2074 semper
1478 2030 1554 2064 fere

257 2076 407 2109 tenuerit
434 2087 578 2109 normam
607 2077 660 2109 vel
682 2077 779 2109 nullis
799 2076 971 2110 codicibus
997 2077 1247 2112 addicentibus.
1294 2077 1378 2110 Inde
1399 2077 1555 2111 scriben—

258 2122 333 2154 dum
352 2125 426 2154 erat
446 2119 632 2165 βασιλέος
656 2127 690 2155 et
709 2119 877 2166 βασιλέϊ.

39 2167 88 2201 Ad
108 2166 142 2208 Ι,
160 2168 205 2202 59
231 2179 311 2212 pag.
334 2166 409 2202 142.
459 2168 665 2201 Grauertum
699 2168 760 2211 (de
778 2170 958 2213 Aesopop
937 2180 1016 2213 p.ag
1037 2167 1108 2212 47)
1134 2169 1161 2201 si
1185 2167 1324 2208 audias,
1350 2167 1556 2201 Pisistratus

256 2213 439 2246 secundum
460 2213 618 2257 princeps
646 2213 711 2247 suit
743 2214 878 2258 Olymp.
898 2215 996 2255 LVI,
1014 2217 1036 2249 2
1061 2227 1087 2249 5.
1106 2215 1174 2249 555
1206 2227 1237 2248 a.
1259 2215 1341 2247 Chr.
1363 2214 1555 2257 iterumque

254 2259 415 2302 expulsus
438 2259 515 2291 dein
539 2271 683 2313 regnum
708 2261 932 2303 recuperavit
955 2261 998 2293 Ol
1002 2272 1092 2304 y.mp
1114 2261 1213 2300 LIX,
1231 2262 1253 2294 2
1282 2272 1309 2295 s,
1328 2261 1395 2294 543
1414 2272 1444 2292 3.
1466 2260 1549 2292 Chr.

41 2305 146 2346 Adl,
168 2305 212 2340 65
238 2317 305 2349 pag
310 2306 416 2339 .163.
466 2305 518 2338 De
539 2317 623 2338 voce
639 2302 775 2348 κόσμος
795 2307 883 2340 conf.
903 2307 942 2339 C.
963 2307 1009 2339 Ο.
1029 2307 1163 2342 Mulier.
1189 2307 1273 2340 Dor.
1296 2306 1328 2338 11
1351 2317 1429 2349 pag.
1452 2308 1484 2340 6.

39 2351 202 2392 A‹11,67
227 2363 307 2396 pag.
330 2352 407 2384 168
457 2351 576 2384 Monet
605 2351 645 2384 C.
665 2351 709 2384 O.
731 2351 866 2385 Miiller.
897 2352 918 2385 1.
938 2353 959 2385 1.
992 2353 1006 2384 I
1033 2365 1111 2397 pag.
1137 2355 1202 2387 152
1226 2364 1299 2395 seq.
1324 2356 1394 2384 tum
1423 2351 1552 2384 demum

254 2396 424 2430 oraculum
441 2397 518 2430 fore
539 2398 751 2441 ambiguum,
785 2398 814 2430 si
843 2395 1075 2441 ὀρχήσασθαι
1105 2410 1240 2442 quoque
1269 2397 1479 2430 de1·ivave1is
1510 2398 1553 2430 ab

255 2437 374 2484 ὄρχος.
424 2442 573 2476 Verbum
592 2440 908 2486 διαμετρήσασθαι
935 2445 1057 2478 referri
1079 2445 1154 2477 vult
1185 2445 1227 2476 ad
1261 2443 1486 2476 conditionem
1513 2454 1553 2476 ac

252 2492 377 2520 statum
398 2488 545 2521 Helotae
564 2501 591 2522 5.
613 2490 796 2529 Clarotae,
823 2490 880 2533 qui
900 2494 1024 2523 certam
1054 2501 1155 2534 quam
1175 2489 1302 2523 incolat
1323 2490 1398 2532 agri
1418 2488 1552 2534 portio-

253 2545 327 2566 nem
349 2534 555 2588 assignatam
576 2534 747 2590 accipiat.

43 2576 213 2618 A‹11‚86
237 2591 315 2623 pag.
333 2581 412 2614 218.
462 2576 658 2624 ανεβίβασε
684 2576 747 2613 ἐπ’
776 2576 933 2623 αὐτὴν
963 2578 1031 2614 τὸν
1053 2582 1234 2624 Κροῖσον]
1260 2581 1358 2614 Haec
1379 2580 1485 2613 verba
1504 2579 1554 2612 ita

256 2625 402 2667 intelligi
420 2626 494 2658 vult
522 2626 663 2659 Grimm.
689 2626 881 2668 (Deutsche
900 2627 1254 2660 Rechtsalterthiimer
1283 2638 1361 2680 pag.
1381 2627 1488 2669 700),
1515 2630 1555 2658 ut

256 2670 407 2703 Croesus
435 2671 571 2704 vinctus
593 2683 659 2705 non
679 2683 763 2715 rogo
795 2673 900 2705 fuerit
924 2672 1120 2717 imposituS‚
1146 2673 1206 2705 sed
1226 2673 1298 2706 ad'
1289 2684 1400 2716 lgnem
1416 2671 1555 2724 apposi—

253 2720 308 2748 tus
343 2715 437 2759 (an’s
460 2718 568 2750 Fcuer
584 2718 724 2771 gelegt)
758 2719 858 2761 plane
889 2723 927 2751 ut
956 2718 1046 2761 apud
1077 2718 1221 2751 maiores
1247 2724 1381 2751 nostros
1407 2718 1450 2750 de
1476 2717 1551 2749 vino

253 2761 398 2804 quodam
420 2768 597 2805 narretur,
621 2764 679 2807 qui
699 2764 798 2797 simili
827 2763 923 2796 modo
951 2765 994 2796 ad
1024 2775 1138 2808 rogum
1159 2764 1324 2798 adductus
1345 2763 1469 2805 diuque
1496 2767 1550 2794 ta-

255 2806 321 2839 cite
347 2807 470 2840 sedens
495 2808 592 2841 iuxta
619 2809 750 2852 ignem,
782 2813 853 2842 tum
877 2809 1037 2842 demum
1029 2822 1062 2843 111
1078 2821 1200 2850 voces,
1234 2809 1355 2853 quibus
1386 2808 1550 2840 flammam

257 2850 470 2894 incantaret,
495 2854 667 2897 eruperit,
701 2867 774 2888 cum
801 2854 891 2899 ignis
919 2856 960 2888 ad
985 2855 1092 2899 ipsum
1120 2856 1324 2888 accessisset
1354 2859 1550 2896 vestemque

255 2897 439 2940 attigisset.
488 2900 558 2932 Sed
576 2900 659 2954 ipsa
689 2900 812 2935 Nostri
836 2902 962 2939 verba,
988 2913 1075 2956 quae
1099 2901 1262 2934 continuo
1290 2900 1469 2943 leguntur,
1495 2909 1550 2931 re-

255 2942 453 2986 fragantur.
479 2945 530 2989 τῷ
551 2942 590 2978 δὲ
607 2946 775 2991 Κροίσῳ,
803 2943 1005 2980 ἑστεῶτι
1029 2944 1106 2979 ἐπὶ
1130 2947 1215 2989 τῆς
1239 2945 1442 2988 πυρῆςκ
1463 2955 1495 2976 τ.
1517 2944 1546 2975 λ·
