1759 3324
353 260 437 300 774

770 253 1243 295 HERODOTI

24 384 189 420 quantaex
180 379 211 406 in
237 387 272 406 ea
276 386 304 405 m
362 367 408 411 δε
438 362 521 410 ὦδε
552 366 660 423 αὕτη
689 365 716 422 ἡ
747 367 956 422 πυραμίς·
1004 362 1276 420 ἀναβαθμῶν
1310 361 1498 416 τρόπον,
1544 360 1621 412 τοὶς
1634 369 1677 402 10

23 417 125 444 factae
141 414 305 450 impensae.

357 445 613 503 μετεξέτεροι
654 444 865 499 κρόσσας,
927 446 970 488 οἱ
1010 445 1054 488 δὲ
1094 444 1287 500 βωμίδας
1339 438 1618 496 ὀνομαζουσι.

327 524 566 581 Ξτοιαύτην
594 524 643 568 τὸ
675 529 850 578 πρῶτον
879 524 969 567 ἐπεί
1005 539 1049 566 τε
1088 522 1299 578 ἐποίησαν
1336 520 1493 576 αὐτὴν,
1532 518 1622 576 ἤει-

357 621 439 659 ρον
467 604 573 654 τούς
610 604 860 654 ἐπιλοίπους
896 604 1053 653 λίθους
1089 606 1302 658 μηχανῇσι
1342 599 1482 653 ξύλων
1512 602 1622 655 βρα-

356 682 466 739 χέων
494 683 827 737 πεποιημένῃσι·
873 680 1071 737 χαμάθεν
1108 681 1188 736 μὲν
1226 679 1295 723 ἐπὶ
1339 678 1418 723 τόν
1448 683 1622 735 πρῶτον
1637 685 1679 720 15

302 879 340 915 in
377 876 538 914 conclavi
579 875 754 926 superiori
793 875 960 925 repertis,

305 934 406 981 aliis,
433 946 527 982 quae
556 932 678 970 omnia
702 931 962 968 transscribere

303 991 455 1039 longum
477 993 545 1027 est.
604 988 700 1025 Vide
731 1000 878 1037 quoque
912 987 962 1024 sis

303 1046 417 1084 Beck.
434 1045 456 1082 l.
480 1045 503 1082 l.
523 1060 559 1096 p.
574 1048 657 1086 712
686 1048 723 1081 et
741 1045 837 1082 adde
856 1056 964 1093 prae-

307 1103 413 1152 cipue
431 1108 616 1139 accuratas
639 1101 903 1150 descriptiones
924 1104 963 1138 et

306 1159 554 1196 dimensiones
566 1159 754 1195 doctorum
764 1157 963 1194 Gallorum:

307 1215 460 1253 Coutelle
488 1215 704 1262 (observatt.
732 1227 792 1251 sur
822 1214 874 1251 les
895 1227 963 1264 py-

306 1273 464 1310 ramides
484 1272 531 1309 de
550 1271 669 1309 Gizeh
700 1272 789 1319 etc.)
826 1271 865 1307 in
896 1270 961 1308 de-

307 1330 433 1379 script.
467 1329 514 1365 de
538 1328 640 1377 l‘Eg.
675 1328 782 1365 mem.
820 1328 959 1376 antiqq.

306 1390 333 1422 t.
349 1386 383 1423 ΙΙ
413 1385 534 1433 (trois.
552 1384 704 1433 lixrais.)
726 1397 762 1434 p.
781 1386 835 1425 39
857 1396 960 1432 seqq.

307 1440 462 1479 Iomard.
493 1442 599 1490 (ibid.
627 1441 689 1478 t.1
714 1441 815 1478 trois.
831 1440 961 1477 livrais.

305 1513 343 1550 p.
366 1499 448 1540 513
467 1511 570 1547 seqq.
601 1502 638 1535 et
665 1502 693 1534 t.
718 1497 752 1534 II
781 1498 964 1535 troisieme

307 1554 438 1593 livrais.
457 1569 494 1606 p.
513 1556 539 1595 3
561 1555 688 1604 seqq.)

490 1639 608 1690 Cap.
645 1638 796 1676 CXXV.

366 1721 437 1771 τοῖς
456 1722 701 1791 μετεξέτεροι
707 1719 924 1788 κρόσσας,
928 1722 970 1762 οἱ

313 1778 357 1821 δὲ
377 1781 555 1833 βωμίδας
574 1758 831 1831 ὀνομάζουσι]
851 1774 968 1829 κρόσ-

313 1850 386 1903 σας
403 1851 483 1875 cum
495 1838 600 1874 Schw
604 1837 698 1886 eigh.
725 1841 761 1874 et
781 1837 967 1874 Gaisford.

314 1895 442 1944 scripsi
462 1907 529 1945 pro
549 1909 596 1942 κρ
612 1890 643 1931 ω’
656 1905 770 1940 σσας,
805 1906 885 1930 cum
910 1893 968 1929 in-

311 1952 369 1988 fra
405 1963 553 2000 quoque
581 1950 812 1996 V111‚188
850 1953 969 1987 exstet

311 2001 572 2059 πρόκροσσαι,
592 2019 660 2044 nec
675 2005 779 2043 aliter
797 2019 867 2043 vox
880 2006 968 2042 scri-

311 2068 378 2113 pta
397 2062 601 2100 inveniatur
631 2062 731 2112 apud
747 2062 900 2100 Homer
923 2061 967 2099 Il.

312 2119 407 2165 ΧΠ,
444 2121 538 2160 258.
570 2118 664 2160 444.
723 2118 766 2156 In
791 2131 863 2167 quo
886 2118 968 2155 loco

313 2179 418 2220 sunt,
462 2176 525 2223 qui
557 2170 726 2225 κρόσσας
759 2179 968 2224 exponant:

316 2230 433 2268 scalas
468 2234 576 2267 muris
615 2230 873 2278 admovendas,
912 2232 970 2268 in-

315 2290 531 2334 strumenta,
567 2286 787 2336 ferramenta
815 2286 862 2323 ad
890 2300 968 2324 mu·-

316 2356 372 2381 ros
400 2346 508 2393 apta3
557 2342 616 2379 alii
646 2343 798 2379 rectius:
828 2345 971 2392 pinnas,

309 2398 580 2451 propugnacula
601 2400 845 2449 prominentia.
903 2398 970 2436 At-

315 2468 388 2505 que
414 2455 561 2504 Heynio
589 2467 736 2503 quoque
774 2454 969 2502 (observv.

316 2516 343 2550 t.
365 2511 415 2548 VI
437 2525 473 2561 p.
490 2512 592 2559 319)
614 2516 697 2547 sunt
718 2511 852 2561 pinnae
873 2524 970 2548 sum-

315 2580 413 2606 mam
429 2562 625 2613 ἒπάλξεως
647 2579 749 2604 oram
767 2567 968 2616 cingentes.

319 2624 403 2661 Vid.
427 2623 595 2660 Eustath.
620 2627 657 2661 et
686 2622 795 2660 schol.
823 2624 871 2660 ad
889 2624 924 2660 h.
945 2623 968 2660 l.

317 2679 478 2729 Hesych.
496 2692 524 2716 s.
548 2692 582 2717 v.
620 2679 663 2717 In
687 2679 870 2717 Herodoti
891 2679 970 2716 loco

319 2731 483 2787 κρόσσαι
503 2739 587 2773 sunt
614 2735 848 2785 (exponente
863 2735 972 2773 Wes-

321 2792 507 2841 selingio)
546 2791 776 2843 pyramidum
802 2791 973 2842 quaedam

321 2850 542 2895 eminentiae,
558 2847 736 2897 graduum
743 2847 902 2897 formam
916 2860 971 2885 re-

316 2907 574 2955 praesentantes
621 2916 686 2943 seu
725 2899 972 2955 ἄναβαθμοί,

1028 885 1123 924 quos
1142 873 1200 911 alii
1230 872 1410 924 βωμίδας
1430 873 1576 920 dicunt,
1604 874 1628 910 i.
1648 885 1681 910 e.

1027 929 1151 967 arulas
1180 932 1301 980 quasi,
1337 929 1484 978 gradu&
1542 929 1683 966 Hirtius

1029 986 1053 1024 l.
1074 986 1096 1024 l.
1119 999 1204 1037 pag.
1219 986 1272 1028 24
1296 986 1469 1036 explicat:
1490 986 1599 1034 „jede
1616 985 1685 1022 Art

1029 1043 1232 1091 Erhbhung
1249 1043 1340 1080 oder
1349 1043 1485 1079 Absatz
1505 1043 1568 1079 mit
1582 1042 1684 1079 einer

1029 1100 1277 1137 horizontalen
1304 1099 1460 1145 Flache,
1488 1120 1544 1125 —
1571 1099 1685 1136 daher

1028 1155 1173 1194 Altar.“
1223 1157 1324 1193 Idem
1343 1157 1465 1202 addit,
1500 1156 1545 1192 ab
1561 1156 1685 1192 Hero-

1030 1214 1118 1250 doto
1144 1213 1291 1250 minime
1313 1213 1370 1249 hic
1392 1212 1543 1250 indicari
1568 1212 1685 1248 mino-

1031 1283 1090 1307 res
1111 1269 1212 1317 illos,
1243 1269 1306 1318 qui
1325 1269 1436 1306 hodie
1459 1268 1685 1319 conspician-

1028 1331 1100 1374 tur,
1122 1327 1257 1376 gradus
1274 1326 1359 1373 (hos
1384 1326 1479 1363 enim
1499 1326 1583 1362 ideo
1602 1330 1685 1362 tan-

1029 1387 1104 1420 tum
1126 1395 1314 1433 apparere,
1335 1383 1434 1432 quod
1450 1382 1589 1431 lapides
1609 1381 1686 1419 lae-

1030 1440 1164 1488 vigati,
1194 1439 1323 1488 quibus
1344 1439 1542 1489 pyramidis
1557 1451 1687 1488 super-

1033 1497 1132 1534 ficies
1160 1496 1379 1533 extrinsecus
1414 1496 1562 1532 obtecta
1593 1499 1686 1542 erat,

1034 1565 1057 1590 a
1094 1552 1257 1589 barbaris
1289 1551 1433 1590 saeculo
1471 1552 1687 1589 duodecimo

1033 1609 1106 1646 sint
1126 1609 1296 1658 abdati),
1327 1609 1395 1646 sed
1417 1609 1595 1655 maiores,
1625 1607 1689 1656 qui

1035 1665 1226 1703 altitudine
1263 1665 1393 1714 viginti
1432 1666 1593 1714 quinque
1621 1677 1689 1714 pe-

1036 1723 1123 1759 dum
1152 1728 1188 1759 et
1217 1722 1410 1759 latitudine
1429 1721 1598 1759 undecim
1619 1734 1688 1770 pe-

1035 1780 1123 1816 dum
1162 1779 1280 1816 adhuc
1317 1779 1355 1815 in
1391 1790 1464 1816 una
1496 1777 1689 1829 pyramide

1035 1840 1280 1886 compareant.

1090 1889 1228 1958 ηέιρον
1245 1912 1301 1920 -
1320 1887 1634 1945 πεποιημένῃσι]
1664 1890 1688 1927 i.

1035 1961 1067 1986 e.
1090 1951 1129 1986 in
1149 1948 1262 1985 altum
1283 1948 1449 1985 tollebant
1465 1947 1616 1998 reliquos
1635 1946 1690 1984 la-

1030 2005 1132 2056 pides
1164 2005 1352 2052 machinis,
1392 2017 1479 2054 quae
1511 2017 1554 2040 ex
1576 2004 1691 2041 brevi-

1037 2063 1098 2099 bus
1123 2062 1233 2110 lignis
1257 2061 1437 2112 confectae
1463 2065 1573 2098 erant.
1631 2059 1692 2098 De

1037 2119 1197 2168 genitivo
1238 2114 1367 2166 ξύλων
1405 2118 1529 2154 monui
1566 2117 1615 2154 ad
1643 2115 1691 2164 11,

1040 2175 1132 2216 124.
1162 2196 1219 2203 ——
1246 2172 1341 2221 τούς
1371 2173 1602 2219 ἐπιλοίπους
1637 2173 1693 2212 λί-

1037 2235 1142 2277 θους
1163 2231 1249 2269 dicit
1269 2231 1404 2282 politos
1429 2232 1519 2268 istos
1536 2230 1692 2280 lapideS,

1039 2288 1170 2337 quibus
1201 2288 1368 2325 universa
1404 2287 1604 2337 pyramidis
1635 2299 1693 2323 su-

1037 2344 1202 2394 perficies
1222 2344 1272 2380 ita
1295 2348 1374 2381 erat
1384 2344 1539 2389 obtecta,
1560 2347 1598 2379 ut
1609 2355 1694 2391 gra-

1038 2401 1104 2437 dus
1118 2428 1128 2446 ,
1159 2412 1251 2448 quos
1277 2399 1387 2436 modo
1409 2399 1554 2436 dicebat
1571 2399 1694 2436 Hero-

1037 2456 1170 2502 dotus,
1211 2468 1285 2492 non
1323 2455 1476 2504 amplius
1503 2456 1694 2505 conspice—

1036 2517 1180 2558 rentur,
1220 2512 1286 2548 sed
1315 2516 1356 2548 ut
1386 2523 1555 2560 quaeque
1581 2524 1692 2562 pyra-

1036 2568 1144 2605 midis
1184 2568 1294 2605 facies
1331 2579 1441 2603 unum
1481 2569 1692 2605 continuum

1036 2628 1146 2673 atque
1171 2623 1274 2661 laeve
1302 2623 1450 2673 planum
1483 2623 1692 2661 inclinatum

1037 2681 1198 2718 referret.
1268 2679 1324 2716 lta
1362 2679 1566 2729 Schweigh.
1585 2710 1597 2728 ,
1634 2680 1692 2718 cui

1038 2736 1124 2772 add.
1144 2736 1274 2784 Zo'ega
1294 2735 1340 2772 de
1357 2735 1522 2774 obeliscc.
1543 2736 1691 2787 p.403:

1037 2791 1183 2839 „Politi
1212 2791 1353 2842 lapides
1370 2820 1381 2838 ,
1421 2792 1482 2840 qui
1513 2793 1692 2830 frontibus

1039 2849 1088 2885 ad
1108 2848 1291 2897 obliquam
1311 2847 1443 2886 lineam
1466 2850 1587 2896 sectis,
1608 2849 1692 2886 olim

1040 2904 1153 2942 latera
1181 2904 1381 2956 pyramidis
1418 2906 1693 2944 convestiebant
