1759 3324
341 261 425 300 668

736 260 1207 298 HERODOTI

343 369 398 413 ἄν
428 366 689 425 ἀπογένηται
718 367 764 411 ἐκ
793 373 881 412 τῶν
911 371 1092 425 οἰκηΐων
1130 368 1384 421 ἄνθρωπος,
1429 373 1510 413 τοῦ
1539 386 1604 421 τις

341 452 415 493 καὶ
443 449 571 505 λόγος
600 443 648 504 ᾗ,
680 447 728 491 τό
761 452 875 504 θῆλυ
905 448 1030 501 γένος
1059 451 1146 490 πᾶν
1173 448 1219 491 τὸ
1253 448 1297 491 ἐκ
1315 453 1402 490 τῶν
1423 450 1602 503 οἰκηίων

340 526 511 572 τούτων
559 525 656 570 κατ’
700 522 762 569 ὦν
811 527 1023 570 ἐπλάσατο
1062 526 1140 583 τὴν
1177 526 1375 583 κεφαλήν
1419 532 1542 584 πηλῷ
1572 527 1656 584 ἢΞΟ

311 608 417 651 ‘zm-zi
445 607 494 650 τό
524 606 775 659 πρόσωπον.
811 604 991 648 κᾶπειτα
1024 606 1069 648 ἐν
1097 611 1209 648 τοῖσι
1240 607 1416 649 οἰκίοισι
1445 611 1601 650 λιποῦ-
1644 607 1724 651 142
1752 660 1754 666 Α

341 699 414 730 σαι
436 685 513 729 τὸν
530 684 706 739 νεκρόν,
740 684 866 727 αὐταὶ
894 683 976 727 dvc}
1005 683 1085 740 τὴν
1113 684 1242 727 πόλιν
1272 684 1601 740 στρωφώμεναι,

339 764 576 809 τύπτονται
606 762 913 819 ἐπεζωσμέναι,
942 764 1014 807 καὶ
1037 765 1278 819 φαίνουσαι
1297 763 1398 815 τοὺς
1417 764 1598 820 μαζούς·

338 1000 441 1037 τοῖσι
461 993 511 1036 ἂν
531 991 772 1046 α’πογένηται
797 992 839 1034 ἐκ
850 997 933 1034 τοῖν

283 1053 508 1104 οἰκηίων
538 1049 778 1102 ἅνθρωπος]
808 1053 934 1089 Edidit

281 1111 484 1159 Schweigh.
507 1111 634 1159 (quem
657 1109 842 1145 Gaisford.
876 1122 934 1146 se-

281 1173 382 1204 cutus
402 1171 476 1216 est)
490 1172 526 1204 et
543 1167 612 1203 hoc
627 1164 705 1201 loco
727 1169 762 1202 et
777 1178 933 1214 sequen-

280 1225 308 1260 ti
338 1224 519 1263 οἰκίων
550 1237 571 1260 a
604 1218 651 1259 τεὶ
678 1221 804 1267 οἰκία,
837 1235 933 1271 quae

281 1281 354 1318 sint
373 1280 484 1318 aedes.
535 1279 716 1329 Equidem
738 1279 826 1315 nihil
848 1292 933 1315 cau-

281 1350 345 1375 sae
371 1338 468 1384 vidi,
507 1350 569 1373 cur
589 1350 611 1373 a
636 1334 804 1383 vulgata,
833 1335 931 1372 libris

279 1395 434 1444 probata
461 1393 549 1441 (nisi
574 1392 672 1442 quod
703 1405 794 1427 unus
824 1392 932 1429 affert

280 1449 457 1498 οἰκιέων)
477 1451 712 1487 discederem.
763 1448 934 1497 Intelligit

278 1507 417 1544 Noster
435 1520 541 1544 unum
561 1519 603 1542 ex
612 1505 872 1555 familiaribus,
889 1517 931 1541 ex

272 1563 436 1614 familia.
493 1563 535 1599 In
559 1563 678 1600 verbis
705 1563 931 1610 subsequen-

277 1621 373 1657 tibus
423 1622 496 1658 τοῦ
533 1634 590 1665 τις
631 1617 697 1657 καὶ
734 1614 849 1670 λόγος
888 1611 930 1672 ᾗ,

278 1676 466 1714 Werserus
488 1676 590 1724 (actt.
609 1675 705 1724 phill.
719 1675 883 1712 Monacc.
912 1675 929 1712 I

276 1746 361 1783 pag.
378 1734 479 1780 256)
511 1733 697 1769 desiderat
717 1731 929 1782 particulam

278 1786 350 1837 ἂν,
380 1795 466 1840 post
481 1791 552 1827 τοῦ
572 1789 816 1835 inserendam,
840 1801 932 1837 quo-

276 1847 373 1883 niam
398 1846 602 1882 huiusmodi
635 1846 814 1882 sententia
837 1844 930 1882 rela-

275 1903 348 1939 tiva
379 1915 447 1952 per
477 1902 738 1939 coniunctivum
772 1902 848 1938 sine
878 1897 929 1939 ἂν

276 1960 398 1996 efferri
436 1967 606 2006 nequeat.
672 1959 749 1995 Sed
789 1958 928 1995 cautius

275 2015 454 2052 Matthiae
475 2015 540 2051 Gr.
565 2016 630 2051 Gr.
655 2013 689 2065 ἓ.
712 2016 793 2055 527
813 2019 887 2050 not.
903 2018 927 2054 2

274 2071 391 2108 locum
412 2071 469 2107 vel
485 2071 522 2106 in
544 2071 586 2107 iis
613 2072 833 2108 censendum
850 2084 930 2108 esse

275 2131 400 2177 putat,
439 2127 476 2162 in
495 2128 628 2175 quibus
655 2131 800 2176 praeter
821 2141 930 2175 regu-

275 2183 346 2220 lam
376 2184 489 2220 rarius
522 2183 708 2219 omittatur
739 2184 928 2232 particula,

274 2239 331 2277 vel
350 2239 400 2276 ita
418 2238 690 2288 explicandum,
721 2244 759 2275 ut
780 2253 823 2276 ex
843 2253 928 2288 pro-

274 2296 370 2333 xime
409 2296 706 2332 antecedentibus
751 2295 926 2345 particula

275 2351 343 2389 huc
370 2364 517 2401 quoque
548 2352 734 2388 referatur.

329 2458 412 2502 κατ’
437 2456 493 2502 ‹Zv
513 2458 708 2502 ἐπλάσατο
722 2461 794 2512 τήν
806 2477 927 2511 κεφα-

275 2515 350 2568 λὴν
367 2522 482 2572 πηλῷ
503 2515 530 2569 ἢ
547 2518 615 2557 καὶ
639 2516 679 2558 τὸ
694 2515 925 2570 πρόσωπον]

272 2575 333 2614 De
352 2577 457 2614 tmesi
472 2571 562 2614 κατ’
582 2570 638 2614 ὦν
659 2571 851 2614 ἐπλάσατο
881 2576 926 2612 cf.

274 2630 332 2680 II,
361 2636 415 2674 70
444 2632 506 2669 fin.
537 2632 597 2680 II,
627 2634 692 2672 39.
720 2632 785 2673 40.
844 2631 928 2668 Hoc

276 2687 356 2726 loco
376 2703 439 2726 cur
458 2689 578 2725 medio
597 2689 708 2725 verbo
726 2688 863 2725 Noster
882 2687 927 2723 sit

273 2758 360 2782 usus
374 2774 385 2792 ‚
425 2749 603 2783 attentum
643 2745 813 2781 lectorem
851 2756 926 2779 non

273 2801 409 2839 latebit.
466 2800 563 2838 Nam
583 2801 651 2838 sibi
669 2801 825 2837 oblinunt
853 2799 926 2835 luto

274 2861 380 2908 caput
409 2861 475 2895 aut
502 2859 616 2908 ipsam
645 2859 751 2894 etiam
777 2856 923 2906 faciem.

274 2910 402 2965 πηλὸς
420 2914 549 2952 dicitur
564 2917 659 2952 terra
676 2914 809 2965 liquore
824 2912 923 2963 affu-

1001 1010 1039 1033 so
1069 995 1238 1044 subacta,
1276 1000 1317 1033 ut
1343 996 1504 1047 pluribus
1532 999 1656 1034 monet

1001 1053 1217 1090 Creuzerus.
1276 1053 1384 1090 Conf.
1416 1053 1471 1101 ΙΙ,
1500 1055 1566 1094 36.
1587 1056 1655 1094 70.

1059 1104 1214 1148 αὐταὶ
1242 1131 1300 1139 —
1339 1105 1651 1160 στρωφώμεναι]

1002 1160 1117 1205 αὕταὶ
1138 1167 1302 1204 dedimus
1320 1180 1400 1203 cum
1418 1170 1567 1203 recentt.
1587 1178 1653 1215 pro

999 1222 1096 1271 vulg.
1123 1218 1236 1263 αὗται
1245 1240 1257 1272 ,·
1276 1225 1375 1273 quod
1399 1223 1466 1260 huc
1485 1235 1559 1259 non
1569 1235 1655 1272 per-

999 1279 1101 1316 tinet.

1055 1332 1270 1376 τύπτονται
1288 1333 1566 1385 ἐπεζωσμέναι]
1587 1331 1652 1373 τύ-

999 1406 1164 1431 πτονται
1195 1398 1236 1430 ut
1262 1393 1315 1440 ll,
1337 1396 1401 1434 61.
1440 1389 1653 1440 ἐπεζωσμέ-

998 1463 1068 1487 ναι
1099 1455 1174 1497 est,
1207 1450 1407 1499 explicante
1432 1448 1653 1496 VV-vttenba-

1001 1506 1080 1542 chio
1103 1507 1140 1543 in
1161 1507 1296 1544 selectt.
1315 1506 1398 1542 hist.
1421 1519 1456 1554 p.
1475 1506 1571 1551 355,
1594 1508 1651 1541 in-

1000 1575 1101 1611 super
1120 1565 1255 1600 cinctae
1275 1563 1298 1599 i.
1323 1576 1352 1599 e.
1386 1561 1526 1610 cingulo
1544 1574 1652 1610 supra

999 1619 1152 1668 reliquas
1188 1623 1297 1655 vestes
1337 1618 1480 1661 add-ito,-
1532 1619 1583 1654 ita
1612 1621 1652 1654 ut

997 1674 1204 1725 Aegyptiae
1217 1705 1226 1722 ,
1248 1677 1283 1712 in
1302 1675 1400 1712 luctu
1419 1679 1568 1725 pectora
1585 1686 1653 1709 nu-

1000 1732 1150 1779 dantes,
1172 1745 1243 1781 quo
1264 1744 1306 1769 ea
1327 1731 1556 1782 plangerent,
1577 1729 1652 1766 cin-

998 1789 1120 1836 gulum
1133 1818 1143 1836 ,
1162 1802 1208 1826 ne
1228 1788 1359 1825 scilicet
1379 1788 1524 1825 ulterius
1543 1787 1651 1824 etiam

996 1846 1195 1882 nudaretur
1219 1858 1370 1894 corpus,
1410 1845 1503 1881 circa
1531 1847 1651 1880 extre-

997 1914 1094 1938 mam
1111 1902 1271 1951 corporis
1289 1901 1414 1937 nudati
1425 1904 1567 1950 partem
1582 1899 1650 1936 ad-

998 1959 1202 1995 sumserint.
1262 1957 1391 1994 Maluit
1420 1962 1543 1993 tamen
1570 1956 1650 1993 Fea

999 2015 1067 2061 (ad
1079 2013 1367 2051 lVinckelmann.
1388 2013 1499 2063 opp.1
1518 2027 1554 2062 p.
1568 2015 1648 2052 333

998 2071 1057 2108 ed.
1076 2071 1230 2118 Dresd.)
1260 2070 1378 2107 locum
1398 2070 1448 2106 ita
1468 2069 1650 2117 intellige-

997 2140 1059 2174 re,
1090 2131 1130 2163 ut
1156 2128 1253 2163 intra
1279 2131 1416 2163 vestem
1443 2125 1593 2162 fasciam
1618 2138 1647 2162 s.

998 2183 1178 2231 cingulum
1237 2183 1416 2219 assuerint
1461 2181 1647 2230 Aegyptii,

997 2239 1122 2287 quales
1142 2240 1177 2275 in
1206 2239 1422 2288 anaglyphis
1445 2237 1648 2286 Aegyptia-

997 2297 1047 2332 cis
1077 2295 1230 2331 vetustis
1256 2307 1387 2344 reapse
1419 2294 1648 2343 conspiciun-

991 2356 1049 2389 tur
1076 2351 1238 2388 homines
1266 2350 1466 2398 seminudi,
1503 2350 1647 2398 cingulo

993 2409 1086 2444 intra
1116 2411 1237 2444 vestes
1264 2406 1424 2454 alligato.
1481 2407 1559 2443 Sed
1579 2407 1648 2444 hoe

993 2465 1088 2500 soret
1107 2459 1442 2509 ὑποζώννυσθαι,
1471 2475 1493 2499 a
1518 2467 1646 2499 nostro

993 2520 1072 2556 loco
1108 2519 1275 2556 alienum.
1332 2518 1455 2567 Magis
1494 2519 1564 2556 huc
1588 2520 1645 2556 fa-

995 2577 1092 2613 ciunt
1120 2575 1189 2612 alia
1221 2575 1448 2624 anaglypha,
1490 2588 1646 2624 quorum

994 2632 1158 2668 notitiam
1181 2632 1296 2668 doctis
1324 2633 1496 2669 debemus
1518 2631 1645 2672 Gallis.

995 2688 1290 2738 Repraesentant
1318 2688 1376 2724 illa
1406 2688 1558 2725 seminas
1587 2689 1644 2725 su-

993 2758 1060 2780 nus
1108 2745 1278 2780 ducentes
1325 2743 1616 2794 plangentesque
1632 2773 1643 2792 ,

993 2813 1087 2849 quae
1121 2803 1269 2850 pectora
1301 2800 1461 2847 nudant,
1498 2801 1549 2837 ita
1584 2804 1645 2837 ta-

993 2869 1077 2894 men
1091 2860 1130 2892 ut
1146 2855 1327 2904 cingulum
1345 2855 1451 2894 valde
1469 2860 1579 2894 tenue
1606 2859 1644 2894 et

993 2916 1189 2962 angustum
1217 2913 1377 2950 medium
1414 2925 1546 2964 corpus
1575 2912 1642 2950 cir-

1751 1133 1755 1144 t

1750 1148 1754 1188 ἑ
