1759 3324
14 724 136 752 panset.

347 243 432 283 648
741 241 1214 281 HERODOTI

348 350 422 394 καὶ
453 350 626 407 φωνήν·
657 353 876 408 μέγαθος,
908 352 1016 395 ὅσον
1045 367 1089 394 τε
1119 354 1228 408 βοῦς
1260 350 1283 395 ὁ
1315 349 1535 406 μέγιστος·
1564 351 1613 396 τὸ
1627 360 1670 394 80

349 430 486 484 δέρμα
523 429 568 474 δ’
600 430 738 475 αὐτοῦ
768 431 882 475 οὕτω
908 431 960 487 δή
990 449 1032 474 τι
1061 430 1176 487 παχύ
1206 430 1318 480 ἐστι,
1361 430 1469 474 ὥστε
1499 430 1614 475 αὔου

347 509 615 566 γενομένου,
675 510 807 562 ξυστὰ
855 511 1083 554 ποιέεσθαι
1141 509 1321 554 ἀκόντια
1369 511 1412 564 ἐξ
1460 508 1611 554 αὐτοῦ.

218 584 285 629 72
345 591 553 633 Γίνονται
585 589 629 632 δὲ
658 590 732 632 καὶ
768 589 961 643 ἐνύδριες
997 591 1043 634 ἐν
1073 593 1134 648 τῷ
1163 595 1369 646 ποταμῷ,
1406 590 1486 642 τάς
1516 591 1615 647 ἱράς

15 646 128 684 Lutra,
153 656 292 681 squamc-
356 668 377 679 -1

15 682 292 718 us‚anguiua,vu1-
349 684 530 725 ηγηνται
559 666 682 711 εἶναι.
714 670 938 723 νομίζουσι
970 670 1014 712 δὲ
1043 670 1115 712 καὶ
1144 668 1320 712 πάντων
1349 669 1516 725 ἰχθύων
1537 670 1617 714 τόν

350 744 620 803 καλεύμενον
651 747 891 791 λεπιδωτὸν
929 746 1028 802 ἷρὸν
1058 745 1191 802 εἶναι,
1220 749 1292 792 καὶ
1322 748 1402 805 τὴν
1431 749 1614 806 ἔγχελυν.
1627 756 1672 791 85

291 978 387 1016 tradi
405 982 540 1015 certum
575 980 643 1013 est.
700 975 799 1014 Nam
832 978 949 1014 cauda

295 1035 424 1073 beluae
440 1038 515 1071 tam
535 1033 655 1071 brevis
686 1045 728 1070 ac
745 1034 878 1081 densa,
909 1038 950 1070 ut

291 1092 351 1129 vix
393 1092 593 1141 adpareat,
651 1102 764 1138 quare
805 1091 950 1128 suillam

293 1148 447 1185 caudam
482 1147 581 1183 haud
623 1146 696 1182 scio
732 1159 779 1183 an
815 1148 949 1185 rectius

292 1204 424 1242 dixerit
442 1202 657 1241 Aristoteles
684 1202 705 1238 l.
726 1202 748 1239 l.
789 1203 838 1241 Et
861 1216 949 1241 con-

291 1261 391 1299 venit
407 1260 563 1297 Achilles
583 1259 713 1295 Tatius
743 1259 764 1296 l.
788 1260 811 1296 1.
857 1260 948 1298 Per-

294 1329 421 1368 peram
441 1316 627 1354 Diodorus
645 1315 667 1351 l.
689 1316 710 1352 l.
729 1316 872 1354 beluam
893 1318 948 1354 di-

293 1374 341 1411 cit
365 1367 446 1411 οἷτα
467 1371 508 1412 δὲ
532 1371 599 1411 καὶ
612 1370 755 1424 κέρκον
775 1372 843 1412 καὶ
865 1389 947 1424 φω-

292 1426 371 1482 νήν
391 1429 500 1484 ἵππῳ
519 1430 769 1482 παρεμφερῆ.

350 1539 471 1590 ξυστοῖ
488 1540 700 1583 ποιέεσθαι
721 1537 882 1582 α’κόντια
910 1543 949 1592 ἐξ

290 1594 439 1650 αὐτοῦ]
472 1594 637 1639 οἷκόντια
658 1600 791 1638 delevit
811 1601 948 1638 Schoe-

290 1657 411 1703 ferus,
430 1656 550 1693 invitis
571 1657 764 1694 codicibus.
796 1657 949 1694 L'truxn-

291 1726 364 1762 que
385 1717 483 1751 certe
504 1713 745 1761 vocabulum,
775 1718 816 1749 ut
835 1714 946 1763 vulgo

291 1769 488 1817 adhibent,
519 1783 594 1806 non
612 1770 718 1808 valde
737 1770 859 1807 differt
879 1784 947 1807 no-

290 1827 414 1872 tione3
451 1827 591 1877 quippe
621 1832 814 1876 utrumque
839 1827 948 1864 iaculi

290 1881 404 1919 habet
433 1883 616 1921 notionem
635 1912 645 1931 ,
685 1885 781 1920 conf.
818 1883 856 1930 I,
882 1883 948 1924 34.

292 1939 371 1985 523
411 1940 478 1976 sed
509 1936 648 1986 ξυστὸν
676 1940 823 1990 proprie
851 1940 950 1977 adie-

291 1996 425 2032 ctimm
465 2001 521 2033 est
557 1996 753 2046 (politum,
789 1998 950 2045 rasum),

293 2051 395 2100 quod
416 2051 478 2088 ubi
498 2052 614 2088 solum
631 2053 799 2102 ponitur,
827 2059 949 2090 mente

293 2106 457 2156 suppleri
495 2109 634 2157 poterit
672 2103 879 2156 ἀκόντιον,
909 2113 950 2145 ut

292 2163 567 2200 substantivum.
628 2164 752 2207 Quare
781 2164 850 2201 iam
874 2165 949 2201 Bo-

291 2218 436 2256 chartus
458 2219 683 2266 (Hierozoic.
701 2220 734 2256 II
755 2220 816 2256 lib.
834 2220 880 2267 V,
898 2220 947 2261 14

290 2287 379 2324 pag.
409 2288 492 2312 mea
516 2277 599 2316 757
637 2273 755 2323 ξυστοὶ
782 2272 948 2315 α’κόντια

289 2331 549 2381 interpretatus
581 2337 660 2369 erat
694 2332 854 2378 „rasilz'a
876 2334 948 2370 tela

293 2387 318 2423 i.
337 2400 367 2424 e.
394 2391 502 2423 torno
520 2392 583 2425 aut
600 2388 727 2425 radula
759 2402 823 2426 seu
843 2389 947 2425 dola-

292 2443 361 2480 bra
377 2443 573 2494 expolita.“
630 2445 741 2488 Quod
762 2450 801 2481 ut
818 2458 948 2494 urgere

291 2498 430 2546 nolim,
470 2500 520 2537 ita
547 2500 585 2536 in
620 2500 813 2537 Herodoto
850 2507 949 2539 certe

291 2555 381 2592 nihil
414 2555 655 2593 abiiciendurn
687 2570 768 2594 esse
795 2570 949 2607 persua-

294 2625 375 2648 sum
392 2611 523 2649 habeo.
579 2612 795 2650 Aristoteles
815 2613 836 2649 l.
849 2614 871 2650 l.
892 2615 949 2650 di·-

292 2668 342 2705 cit
362 2662 508 2716 δόρατα
518 2684 530 2716 ,·
567 2668 701 2705 Plinius
733 2670 844 2717 (hist.
873 2674 948 2707 nat.

295 2723 371 2771 XI,
395 2726 488 2772 39):
520 2725 641 2771 „corii
666 2726 870 2762 crassitudo
893 2731 949 2762 ta-

295 2779 361 2827 lis,
388 2784 429 2816 ut
447 2781 531 2818 inde
563 2785 755 2818 tornentur
773 2782 900 2819 hastae
910 2783 947 2828 ,“

234 2853 237 2855 ’
296 2841 334 2874 et
353 2836 459 2884 (ibid.
482 2836 587 2884 VIII,
605 2838 698 2885 25);
730 2838 948 2888 „hippopo-

295 2898 414 2930 tamus
431 2893 584 2943 tergoris
605 2894 654 2931 ad
686 2899 787 2931 scuta
805 2895 947 2943 galeas-

1016 990 1088 1027 que
1141 977 1476 1028 impenetrabilis.“
1550 977 1673 1030 Atque

1017 1034 1214 1071 etiamnum
1267 1034 1485 1085 Abyssiniae
1533 1036 1672 1074 incolas

1015 1091 1085 1128 hoc
1113 1092 1210 1128 corio
1242 1092 1466 1129 crassissimo
1499 1093 1547 1129 ad
1573 1098 1674 1130 scuta

1016 1148 1068 1184 uti
1088 1149 1198 1185 refert
1219 1147 1371 1186 Ludolf.
1403 1149 1486 1185 hist.
1514 1148 1620 1187 Aeth.
1642 1150 1672 1197 l,

1019 1207 1084 1245 11.
1145 1204 1368 1247 Quibuscum
1389 1209 1595 1254 congruunt
1615 1219 1675 1244 re-

1017 1261 1308 1298 centissimorum
1340 1262 1424 1299 virt.
1461 1262 1572 1300 doctt.
1605 1263 1673 1300 ob-

1018 1318 1252 1356 servationes.

1198 1431 1311 1483 cap.
1343 1431 1495 1470 Lxxn.

1075 1515 1254 1567 γίνονται
1287 1512 1329 1554 δὲ
1364 1514 1433 1554 καὶ
1471 1512 1672 1568 ἐνύδριες]

1018 1569 1194 1620 ἐνύδριες
1218 1573 1353 1616 latrae;
1394 1585 1482 1610 nos:
1507 1572 1672 1610 Fisclwt-

1016 1633 1079 1666 ter.
1139 1630 1251 1673 Quod
1291 1630 1338 1665 ad
1378 1631 1497 1678 pisces
1531 1631 1675 1678 attinet,

1015 1686 1191 1723 nonnulla
1208 1686 1361 1723 diximus
1389 1686 1437 1722 ad
1452 1686 1485 1723 [I
1499 1714 1510 1734 ,
1531 1687 1599 1727 37.

1073 1766 1140 1809 τὸν
1171 1766 1418 1820 καλεύμενον
1460 1770 1674 1810 λεπιδω-

1016 1823 1123 1872 τόν]
1151 1823 1362 1873 λεπιδωτὸς
1380 1827 1476 1864 inter
1492 1827 1673 1864 Niloticos

1017 1884 1134 1934 pisces
1175 1889 1253 1920 tum
1291 1884 1336 1920 ab
1375 1883 1474 1931 aliis,
1512 1888 1589 1920 tum
1628 1883 1674 1920 ab

1017 1940 1208 1977 Athenaeo
1237 1940 1327 1987 Vll,
1361 1941 1415 1981 88
1456 1943 1675 1978 recensetur.

1019 1997 1114 2033 Cum
1144 1997 1337 2034 Herodoto
1376 1997 1543 2034 convenit
1571 1996 1676 2032 Stra-

1018 2053 1106 2089 boni
1137 2053 1242 2089 XVII
1271 2066 1308 2103 p.
1331 2055 1460 2101 1167,
1493 2055 1537 2090 Α.
1596 2053 1674 2089 Sed

1018 2109 1231 2146 Plutarchus
1264 2109 1359 2146 hunc
1387 2109 1523 2159 piscem
1549 2107 1674 2157 Aegy-

1017 2165 1114 2214 ptios
1135 2169 1320 2202 aversatos
1348 2178 1430 2202 esse
1449 2165 1594 2211 scribit,
1625 2166 1673 2203 de

1016 2221 1101 2258 Isid.
1134 2226 1244 2270 atque
1270 2221 1405 2258 Osirid.
1435 2235 1471 2272 p.
1493 2221 1596 2268 358,
1625 2222 1671 2259 Β.

1018 2277 1201 2314 Graecum
1221 2290 1353 2315 nomen
1371 2277 1422 2313 nil
1440 2278 1511 2314 nisi
1529 2291 1671 2327 squam-

1016 2346 1146 2370 mosum
1168 2334 1340 2379 denotat,
1370 2338 1410 2370 ut
1441 2339 1539 2372 certe
1563 2335 1672 2385 piscis

1016 2389 1238 2438 intelligatur
1284 2403 1437 2427 necesse
1487 2391 1551 2438 sit,
1611 2392 1673 2440 qui

1017 2447 1175 2494 squamis
1192 2445 1249 2483 vel
1277 2447 1486 2485 excelluisse
1512 2447 1568 2485 rel
1598 2448 1673 2484 sin-

1017 2502 1143 2550 gulare
1174 2503 1263 2552 quid
1287 2503 1459 2541 habuisse
1495 2504 1672 2541 videatur.

1019 2558 1115 2594 Galli
1135 2559 1253 2606 docti,
1286 2564 1325 2596 ut
1347 2573 1368 2596 e
1390 2560 1672 2609 Schweighaeu-

1017 2614 1088 2651 seri
1124 2620 1211 2652 nota
1248 2615 1434 2664 intelligo,
1476 2630 1560 2654 eum
1591 2629 1673 2654 esse

1017 2671 1205 2718 dixerunt,
1244 2672 1305 2720 qui
1342 2685 1440 2709 nunc
1464 2673 1672 2709 nominatur

1018 2725 1228 2776 Polypterus
1246 2727 1385 2765 Biclzir.
1427 2729 1670 2766 Schneiderus

1016 2784 1053 2819 in
1078 2782 1145 2820 lex.
1175 2784 1319 2822 Graeco
1343 2789 1451 2822 vocat
1480 2785 1672 2835 Cyprinum

1017 2838 1149 2888 Bymzz'.
1206 2840 1249 2877 In
1284 2840 1440 2879 Linnaei
1474 2845 1671 2890 systemate

1017 2895 1164 2933 dicitur:
1197 2896 1374 2948 Cypn‘nus
1393 2897 1573 2935 rubescens
1598 2895 1671 2936 Ni-
