1759 3324
338 273 424 315 350

747 270 1210 312 HERODOTI

311 381 485 438 δρᾶπαν
514 379 665 439 άγορὴ.
705 381 832 426 Mero}
859 385 996 426 ταῦτα
1025 379 1256 436 ἐπιτρέψας
1283 379 1360 431 τὰς
1386 380 1465 436 μὲν
1481 379 1596 436 Σάρ-

339 463 405 513 δις
439 460 622 520 Ταβάλῳ
653 459 782 517 ἀνδρὶ
811 461 982 518 Πέρσῃ,
1026 460 1106 505 τὸν
1135 462 1180 504 δὲ
1207 459 1398 516 χρυσὸν,
1445 457 1522 504 τόν
1550 475 1595 503 τε

344 543 539 594 Κροίσου
568 540 642 584 καὶ
677 539 755 583 τὸν
790 545 879 584 τῶν
908 540 1053 584 ἄλλων
1079 541 1261 591 Λυδῶν,
1312 537 1494 596 Πακτύῃ
1525 535 1596 581 ἆν-

339 621 411 674 δρὶ
438 621 573 675 Λυδῷ
602 619 814 673 κομίζειν,
854 617 1077 675 ἀπήλαυνε
1108 617 1238 669 αὐτὸς
1275 618 1317 669 ἐς
1342 616 1596 674 Ἀγβάτανα,

338 697 535 752 Κροῖσόν
562 712 608 740 τε
644 696 734 752 ἅμα
763 695 996 754 ἀγόμενος,
1047 697 1120 740 καὶ
1147 695 1250 748 τούς
1265 695 1421 748 Ἴωνας
1449 696 1497 740 ἐν
1525 695 1598 740 οὐ·

310 776 436 820 7δενὶ
463 774 579 834 λόγῳ
614 773 908 831 ποιησάμενος
936 775 1015 833 τήν
1041 773 1221 832 πρώτην
1249 772 1375 822 εἶναι.
1403 774 1433 833 ἤ
1450 791 1495 820 τε
1513 774 1597 832 γάρ
1609 777 1653 816 45

340 945 435 1000 μετά
466 950 590 988 ταῦτα
618 943 836 1013 ἐπιτρέψας
861 960 932 993 τας

284 1004 357 1057 μὲν
377 1001 528 1056 Σάρδις
560 999 726 1057 Ταβάλῳ
755 1018 792 1042 κ.
820 1018 854 1042 τ.
877 1001 929 1054 λ.]

283 1063 385 1100 Usus
405 1066 462 1100 est
477 1061 546 1099 hoc
564 1060 644 1098 loco
662 1061 866 1099 Heerenius
894 1060 932 1096 in

282 1119 352 1167 iis,
389 1130 485 1167 quae
519 1117 682 1167 disputat
714 1117 761 1155 de
796 1115 933 1154 Persici

283 1175 427 1226 imperii
460 1174 736 1212 administrandi
774 1173 934 1219 ratione3

283 1232 356 1268 vid.
374 1231 487 1269 Ideen
516 1234 581 1269 etc.
611 1229 654 1278 I,
686 1232 709 1271 1
733 1242 818 1281 pag.
837 1230 932 1271 403.

283 1287 365 1326 Nec
387 1288 537 1335 mirum,
568 1286 723 1324 eandem
752 1287 830 1324 fere
846 1285 934 1334 Cyri

284 1357 329 1382 ac
360 1344 554 1382 Persarum
594 1343 709 1380 fuisse
743 1342 932 1389 rationem,

284 1412 381 1450 quae
405 1400 559 1451 posthac
583 1400 652 1437 fuit
676 1397 935 1448 Mongolorum

285 1461 323 1494 et
350 1456 450 1494 ducis
472 1456 613 1493 illorum
630 1455 934 1504 Dschingischan‚

285 1526 365 1550 cum
384 1525 451 1563 par
470 1512 578 1550 fucrit
594 1516 630 1549 et
650 1512 780 1549 ducum
792 1516 828 1549 et
845 1524 935 1560 gen-

284 1569 374 1606 tium
396 1569 499 1606 ratio.
556 1567 727 1617 Namque
757 1568 795 1604 in
829 1567 935 1605 terris

285 1625 469 1675 occupatis
490 1624 703 1675 plerumque
725 1623 849 1674 copias
879 1636 938 1661 re-

283 1682 464 1730 linquunt,
493 1693 645 1730 quarum
664 1681 774 1718 duces
791 1679 939 1730 provin-

285 1739 376 1775 ciam
405 1738 588 1774 subditam
615 1740 784 1784 teneant,
822 1736 938 1785 impe-

284 1795 448 1843 riumque
465 1798 645 1831 tueantur.
683 1792 768 1830 Istis
795 1793 937 1829 addun-

284 1855 343 1888 tur
362 1850 422 1887 alii
448 1850 547 1899 regis
584 1849 759 1896 ministri,
788 1849 849 1898 qui
873 1848 938 1884 tri-

284 1908 371 1944 buta
401 1911 535 1956 cogant
568 1907 721 1955 regique
749 1905 935 1942 transmit-

285 1966 386 2009 tant3
416 1974 459 1999 ac
484 1975 598 2012 saepe
626 1962 734 1999 etiam
760 1961 806 1997 ab
830 1961 937 1997 utris-

286 2032 360 2069 que
377 2018 512 2055 diversi
539 2017 769 2055 inveniuntur
795 2016 936 2053 urbium

285 2073 482 2125 praefecti,
513 2074 575 2122 qui
600 2072 793 2124 praesidiis
828 2084 936 2122 prae-

286 2131 383 2177 sint,
410 2142 505 2179 quae
536 2130 574 2166 in
604 2128 756 2177 singulis
786 2128 934 2164 urbibus

286 2189 371 2222 sunt
390 2185 575 2222 collocata.
629 2184 686 2221 Ita
710 2184 828 2232 Cyrus
852 2183 936 2220 Ma-

287 2254 410 2279 zarem
427 2242 557 2278 ducem
573 2240 743 2279 exercitui
760 2240 935 2289 praeficit,

286 2298 323 2336 T
325 2297 430 2335 abalo
449 2297 585 2335 Sardes
605 2296 790 2347 permittit,
800 2296 934 2345 Pacty-

286 2367 345 2391 am
383 2353 524 2390 tributis
568 2352 780 2402 colligendis
827 2356 936 2401 atque

287 2410 432 2447 omnino
450 2410 562 2458 regiis
583 2409 760 2447 reditibus
788 2408 937 2446 thesau-

285 2467 409 2516 risque
433 2466 638 2516 praeponit.
675 2485 731 2492 --
761 2465 936 2515 κομίζειν

286 2535 368 2560 cum
385 2520 570 2560 Larchero
589 2521 741 2571 aliisque
757 2522 936 2572 interpre-

285 2582 364 2616 tor:
426 2578 641 2629 transferre,
687 2576 840 2626 deferre,
888 2577 937 2614 ad

287 2635 424 2683 Cyrum
447 2635 602 2683 scilicet,
629 2634 667 2671 in
697 2634 819 2683 regios
856 2632 936 2671 the-

287 2703 427 2729 sauros.

341 2800 410 2842 καὶ
438 2816 532 2848 τους
554 2798 697 2848 Ἴωνας
725 2799 768 2840 ἓν
803 2796 939 2841 ονδενὶ

286 2855 391 2914 λόγῳ
419 2854 689 2909 ποιησάμενος
725 2872 798 2909 την
830 2872 937 2909 πρω-

287 2929 362 2967 την
403 2912 529 2966 εἶναι]
574 2913 773 2965 Negotium
819 2915 937 2954 secere

998 945 1090 985 haec
1106 945 1219 984 verba
1229 946 1484 998 interpretibus
1495 976 1506 995 ,
1535 947 1654 986 locum

997 1003 1217 1041 mendosum
1244 1003 1554 1051 existimantibus,
1590 1017 1654 1041 va-

998 1059 1125 1109 rieque
1163 1059 1249 1097 inde
1278 1059 1376 1096 illum
1418 1059 1654 1098 tentantibus.

998 1115 1060 1153 Sic
1080 1115 1342 1153 Valckenarius
1361 1117 1557 1182 proponit:
1586 1115 1655 1155 καὶ

999 1170 1083 1211 ἐπὶ
1111 1169 1253 1218 Ίωνας
1292 1170 1335 1211 ἐν
1369 1167 1507 1211 ουδενὶ
1550 1168 1654 1226 λόγω

1000 1223 1271 1279 ποιησάμενος
1300 1224 1376 1279 τὴν
1401 1223 1564 1281 πρώτην
1595 1227 1655 1268 ἰέ-

1001 1300 1089 1324 ναι
1133 1285 1189 1323 vel
1231 1288 1394 1333 εἰναι,·
1441 1297 1655 1336 comparans

1002 1342 1185 1391 geminum
1205 1340 1322 1379 locum
1340 1341 1413 1388 ΙΙΙ,
1444 1341 1535 1383 134
1572 1341 1655 1380 Nec

1001 1398 1051 1436 W
1054 1398 1247 1447 esselingio
1265 1398 1353 1436 haec
1369 1398 1550 1449 displicuit
1567 1410 1655 1436 con-

1001 1454 1157 1501 iectura,
1196 1466 1276 1491 eum
1313 1454 1414 1504 prius
1454 1454 1563 1492 verba
1602 1454 1654 1492 sic

1003 1511 1209 1547 ordinanda
1225 1511 1445 1548 censuisset:
1474 1509 1542 1549 καὶ
1561 1524 1655 1557 τους

993 1564 1133 1613 Ἴωνας
1170 1581 1244 1616 την
1280 1561 1442 1617 πρώτην
1475 1564 1519 1606 ἐν
1559 1580 1592 1606 ο.
1619 1568 1653 1605 λ.

1004 1617 1272 1673 ποιησάμενος
1303 1619 1429 1662 εἶναιε
1468 1626 1502 1660 et
1531 1621 1655 1660 Ionum

1003 1679 1139 1717 nullam
1150 1681 1254 1716 initio
1273 1681 1442 1716 rationem
1460 1679 1651 1717 habendam

1005 1748 1076 1773 esse
1107 1739 1217 1772 ratus.
1282 1735 1360 1773 Sed
1394 1740 1492 1774 recte
1531 1739 1656 1774 monet

1004 1792 1208 1842 Schweigh
1222 1791 1656 1858 infrequentIapudNo-
1705 1789 1709 1793 “
1748 1790 1749 1793 ’

1003 1853 1117 1885 strum
1145 1861 1214 1884 usu
1238 1848 1406 1885 dictionis
1443 1846 1487 1887 ἐν
1518 1843 1656 1887 ου’δενὶ

1002 1900 1101 1957 λόγῳ
1132 1907 1339 1942 ποιεῖσθαι
1380 1907 1418 1942 et
1442 1903 1526 1941 huie
1555 1903 1655 1941 simi-

1002 1961 1109 2007 lium,
1157 1972 1337 2008 nusquam
1379 1959 1463 1997 alibi
1505 1961 1655 1998 verbum

1003 2012 1106 2055 εἶναι
1132 2016 1312 2052 adiectum
1342 2015 1518 2062 inveniri3
1554 2017 1655 2066 quod

1003 2073 1034 2108 si
1062 2071 1233 2109 adverbio
1260 2067 1335 2122 τὴν
1371 2067 1536 2124 πρώτην
1573 2073 1655 2110 iun-

1003 2132 1098 2166 ctum
1113 2127 1299 2165 abundare
1317 2128 1449 2167 dixeris
1460 2157 1471 2177 ,
1489 2141 1565 2166 non
1577 2142 1656 2167 cer-

1003 2188 1041 2222 te
1057 2184 1272 2222 Herodoteo
1292 2184 1372 2220 usui
1393 2185 1463 2222 hoc
1482 2185 1654 2223 adversa-

1002 2241 1120 2287 bitur,
1148 2239 1327 2290 simulque
1345 2240 1445 2278 locus
1465 2241 1567 2292 ipse,
1593 2241 1656 2291 qui

1002 2297 1139 2347 pariter
1158 2296 1204 2333 ab
1233 2296 1399 2333 omnibus
1428 2297 1528 2334 libris
1546 2309 1656 2334 manu

1003 2352 1147 2404 scriptis
1200 2352 1412 2401 exhibetur,
1469 2353 1656 2392 incolumis

1003 2413 1101 2447 stare
1122 2409 1267 2459 poterit.
1322 2407 1495 2447 Laudant
1508 2410 1602 2448 hanc
1617 2410 1655 2447 in

1003 2478 1080 2503 rem
1102 2465 1282 2502 Herodot.
1302 2464 1367 2513 IV,
1386 2466 1441 2506 33
1465 2469 1502 2504 et
1518 2466 1565 2514 ΙΙ,
1586 2464 1653 2513 44,

1004 2521 1095 2570 alia,
1125 2533 1219 2570 quae
1246 2521 1345 2558 haud
1363 2521 1438 2558 scio
1459 2534 1507 2559 an
1535 2521 1655 2570 magis

1004 2577 1073 2615 hue
1100 2577 1253 2624 faciant,
1282 2576 1459 2615 Matthiae
1480 2578 1546 2615 Gr.
1586 2578 1654 2615 Gr.

1005 2631 1044 2683 ὃ.
1075 2631 1158 2674 545
1199 2644 1287 2690 pag.
1317 2634 1445 2681 1071,
1494 2633 1549 2672 eui
1579 2630 1654 2684 τήν

1007 2684 1170 2740 πρώτην
1202 2691 1304 2727 εἰναι
1339 2701 1472 2727 sonare
1495 2690 1654 2728 videtur:

1007 2747 1211 2792 wenigstens
1239 2747 1287 2781 im
1312 2745 1475 2795 Anfang.
1532 2746 1655 2790 Quam

1007 2800 1156 2850 quidem
1178 2800 1514 2851 interpretationem
1527 2802 1655 2841 luben-

1005 2856 1145 2894 tissime
1166 2856 1426 2907 amplectimur.

1061 2908 1092 2965 ἥ
1121 2925 1161 2953 τε
1184 2910 1259 2968 γὰρ
1303 2911 1499 2966 Βαβυλών
1539 2913 1582 2956 οἱ
1599 2907 1653 2966 ἦν
1724 2920 1741 2946 δ

1695 408 1710 429 t
