1768 3315
347 262 431 301 208

761 253 1230 293 HERODOTI

348 371 424 418 δος
453 361 738 420 συμπεσόντες
767 363 998 420 ἐμάχοντο·
1028 362 1253 408 πεσόντων
1284 363 1330 406 δὲ
1359 363 1433 406 καὶ
1463 361 1607 418 ἄμφο-

319 456 341 489 7
353 448 491 500 τέρων
536 446 713 487 πολλῶν
725 477 735 495 ,

799 443 955 487 ἐνίκων
993 443 1346 499 Λακεδαιμόνιοι.

1422 439 1606 497 Ἀργεῖοι
1619 449 1637 483 1

346 525 424 583 μέν
463 538 547 566 νυν
599 521 686 566 ἀπό
724 521 884 567 τούτου
922 527 1003 567 τοῦ
1039 522 1205 579 χρόνου
1250 522 1611 576 κατακειράμενοι

348 602 424 654 τὰς
453 601 673 658 κεφαλάς,
699 601 915 657 πρότερον
943 601 1177 658 ἐπάναγκες
1198 605 1436 656 κομῶντες,
1466 599 1611 656 ἐποιή-

347 694 481 726 σαντο
511 679 650 737 νόμον
679 697 722 724 τε
752 682 825 725 καὶ
855 680 1069 737 κατάρην,
1100 679 1158 737 μὴ
1189 679 1405 735 πρότερον
1428 678 1611 733 θρέψειν

344 760 487 818 κόμην
528 759 730 815 Ἀργείων
777 758 968 816 μηδένα,
1026 759 1133 816 μηδὲ
1171 758 1249 810 τὰς
1287 758 1498 814 γυναῖκάς
1528 765 1638 814 σφι5

320 849 340 882 8
351 838 708 897 χρυσοφορήσειν
719 872 730 893 ,
760 839 864 894 πρὶν
894 837 949 882 ἂν
971 839 1141 893 Θυρέας
1159 836 1485 881 ἀνασώσωνται.
1522 841 1611 881 Λα-

347 918 617 975 κεδαιμόνιοι
668 918 714 962 δὲ
753 918 806 961 τὰ
853 917 1029 960 ἐναντία
1066 915 1236 961 τούτων
1274 917 1426 960 ἔθεντο
1455 915 1609 971 νόμον,

356 997 409 1043 οὐ
439 998 523 1055 γὰρ
553 1002 772 1055 κομῶντες
810 996 896 1053 πρὸ
926 995 1110 1048 τούτου,
1149 993 1234 1040 ἀπὸ
1263 992 1425 1039 τούτου
1454 997 1609 1052 κομᾶν.

291 1216 473 1266 πεσόντες
501 1214 716 1269 ἐμάχοντο]
750 1215 828 1254 Alia
856 1217 946 1255 Plu-

291 1276 405 1314 tarchi
429 1276 690 1323 Chrysermum
715 1273 946 1324 Peloponne-

291 1333 472 1370 siacorum
483 1331 575 1368 libro
594 1331 699 1368 tertio
709 1330 850 1366 citantis
862 1343 946 1367 nar-

291 1389 383 1426 ratio
414 1386 577 1436 (Morall.
596 1387 630 1423 11
649 1400 684 1436 p.
698 1387 802 1432 306,
822 1385 866 1422 A.
879 1386 945 1434 B),

293 1444 576 1495 Amphictyones
622 1443 678 1483 ,de
735 1442 948 1490 Othryadae

292 1501 440 1538 victoria
464 1511 684 1551 persuasos,
713 1502 754 1534 ut
778 1499 946 1545 arbitror,

292 1557 476 1594 victoriam
528 1554 718 1606 Spartanis
759 1554 945 1592 detulisse.

292 1612 374 1651 Nec
391 1613 591 1662 quidquam
611 1612 658 1648 de
682 1610 794 1647 altero
805 1610 945 1660 proelio

291 1669 446 1721 posthac
466 1672 559 1705 orto.
597 1666 707 1717 Apud
725 1666 946 1703 Pausaniam

292 1725 361 1773 (X,
373 1726 420 1773 9)
443 1723 600 1773 Argivos
620 1722 772 1771 legimus
803 1722 948 1759 victori-

290 1794 350 1819 am
384 1781 454 1817 sibi
502 1779 742 1829 adscripsisse
779 1778 946 1827 adeoque

291 1837 457 1886 Delphos
502 1836 587 1885 equi
624 1835 727 1872 aenei
757 1835 945 1872 donarium

291 1894 446 1931 misisse.
505 1891 672 1936 Quorum
691 1890 781 1928 illud
799 1904 873 1928 non
887 1904 947 1928 sa-

292 1950 338 1987 tis
359 1948 549 1995 convenit,
577 1947 889 1985 Lacedaemonios
908 1947 946 1984 in

293 2005 655 2055 Gymnopaediorum
677 2005 771 2041 festo
793 2006 946 2040 dnonas

293 2066 484 2111 gestasse,
512 2073 604 2110 quas
623 2059 862 2108 Thyreaticas
880 2072 947 2110 ap-

292 2117 484 2168 pellarent.
528 2116 666 2153 Auctor
687 2120 743 2153 est
761 2114 947 2154 Athenae-

292 2186 336 2211 us
357 2173 439 2220 XV,
461 2176 486 2215 6
505 2186 543 2222 p.
561 2174 642 2214 678
655 2201 665 2219 ,
683 2172 727 2208 B.

352 2225 407 2280 μή
426 2225 614 2280 πρότερον
633 2226 805 2280 θρέψειν
817 2222 946 2278 κόμην

292 2280 476 2337 Ἀργείων
505 2283 655 2335 μηδένα
675 2300 711 2323 κ.
731 2299 766 2322 τ.
785 2283 832 2334 t]
862 2284 945 2321 Me-

292 2342 395 2378 minit
406 2342 457 2378 rei
475 2341 566 2377 Plat.
585 2342 621 2377 in
632 2341 818 2378 Phaedon.
829 2354 865 2390 p.
877 2342 943 2384 89,

294 2398 326 2434 C
338 2427 349 2445 ,
377 2398 519 2434 ubivid.
532 2397 787 2446 W'jttenbach.
799 2410 835 2446 p.
850 2397 941 2437 236.

293 2453 408 2491 ——In
435 2466 538 2503 seqq.
570 2452 665 2505 πρὶν
699 2449 760 2491 ἂν
790 2451 944 2502 Θυρέας

292 2504 580 2575 ᾄνασῶσωνται
607 2508 700 2546 male
729 2508 941 2558 particulam

293 2561 347 2604 οἶν
375 2578 398 2602 a
427 2566 641 2615 quibusdam
679 2565 780 2601 libris
810 2565 941 2601 abesse

292 2621 412 2659 νίὣο.
467 2621 549 2658 lure
576 2621 636 2658 illa
653 2625 772 2658 exstat
792 2621 830 2657 in
855 2620 940 2656 Pla-

293 2678 389 2715 tonis
417 2676 440 2713 l.
475 2676 498 2713 l.
531 2677 687 2725 gemino.
747 2675 810 2713 Tu
845 2677 939 2713 conf.

294 2734 479 2783 disputata
533 2732 662 2769 Matth.
707 2730 743 2782 ἓ.
771 2732 874 2778 522,
914 2735 941 2773 2

293 2802 380 2840 pag.
404 2791 508 2829 1011
529 2801 605 2837 seq.
645 2788 688 2824 In
704 2787 813 2824 verbo
832 2782 941 2825 ἄνα-

295 2841 432 2891 σώζειν
476 2844 628 2882 similem
665 2848 833 2881 notamus
869 2843 940 2880 vim

294 2899 574 2953 praepositionis
615 2895 712 2949 α’ντὶ,
761 2912 871 2950 quam
900 2899 938 2937 in

1014 1217 1125 1255 verbo
1144 1211 1423 1267 ἀναμάχεσθαι
1439 1215 1667 1254 animadver-

1013 1278 1136 1311 terunt
1154 1272 1331 1310 Platonici
1361 1272 1579 1323 interpretes
1601 1273 1623 1310 l.
1642 1272 1664 1309 l.

1013 1329 1082 1366 Est
1101 1334 1222 1366 autem
1236 1328 1452 1366 Latinorum
1473 1342 1507 1366 re
1520 1329 1666 1380 insepa-

1013 1385 1127 1423 rabile
1154 1385 1209 1422 vel
1238 1385 1346 1422 etiam
1375 1385 1506 1433 denuo,
1543 1385 1584 1422 de
1611 1388 1666 1422 in-

1014 1446 1124 1491 tegro.
1182 1442 1291 1478 Conf.
1310 1440 1470 1479 Fischer.
1488 1442 1537 1479 ad
1554 1441 1664 1480 Well.

1013 1498 1083 1546 ΙΙΙ,
1104 1499 1128 1534 b
1153 1511 1189 1547 p.
1212 1500 1304 1538 164.

1071 1549 1121 1593 οὗ
1137 1550 1211 1605 yolo
1241 1555 1443 1602 κομῶντες
1471 1550 1550 1604 πρὸ
1575 1549 1666 1592 τού-

1013 1625 1108 1657 του,
1135 1606 1213 1649 εἷπό
1233 1606 1377 1648 τούτου
1405 1611 1560 1660 κομᾶν]
1591 1609 1680 1653 Ex-v

1012 1667 1171 1717 peditior
1202 1666 1270 1702 erit
1308 1670 1508 1714 structura,
1557 1665 1589 1701 si
1621 1678 1667 1704 ex

1013 1722 1312 1760 antecedentibus
1358 1722 1583 1772 suppleveris
1629 1721 1666 1761 ἕ-

1014 1783 1134 1818 θεντο
1182 1773 1321 1829 νόμον.
1400 1778 1481 1816 Vid.
1531 1776 1663 1815 Matth.

1015 1834 1053 1886 ᾗ.
1091 1834 1172 1876 535
1213 1839 1290 1872 not.
1328 1836 1356 1875 4
1408 1848 1446 1886 p.
1477 1835 1587 1875 1052
1626 1838 1666 1872 et

1016 1891 1054 1942 ς.
1073 1892 1155 1934 556
1177 1896 1252 1928 not.
1276 1893 1298 1932 1
1328 1903 1415 1943 pag.
1438 1892 1558 1932 1093.
1587 1889 1665 1927 Iam

1013 1948 1071 1985 hic
1092 1948 1160 1986 erit
1177 1960 1324 1985 sensus:
1355 1960 1452 1995 „nec
1475 1949 1566 1984 enim
1596 1960 1664 1983 αη-

1014 2004 1114 2041 tehac
1143 2017 1220 2041 cum
1245 2016 1377 2041 comam
1404 2003 1554 2050 alerent,
1583 2003 1665 2040 inde

1014 2061 1058 2097 ab
1082 2061 1143 2097 hoc
1173 2065 1319 2110 tempore
1349 2063 1389 2097 ut
1425 2060 1557 2097 alerent
1590 2059 1666 2108 lege

1013 2118 1241 2154 sanxeruntf‘
1300 2116 1413 2160 Quod
1452 2117 1501 2154 ad
1545 2116 1665 2166 ipsam

1013 2187 1089 2211 rem
1108 2174 1254 2221 attinet,
1285 2172 1345 2209 alii
1375 2186 1515 2210 morem
1543 2172 1666 2209 Laco-

1014 2243 1124 2277 num,
1171 2242 1214 2267 ex
1251 2242 1325 2278 quo
1366 2242 1489 2267 comas
1525 2228 1666 2266 alerent

1013 2286 1275 2334 antiquioribus
1286 2286 1509 2335 temporibus
1521 2285 1567 2322 ab
1581 2285 1665 2335 ipso

1011 2341 1266 2390 Lycurgoiam
1288 2342 1490 2379 institutum
1509 2353 1665 2379 essevo-

992 2397 1098 2434 iunt.
1159 2398 1268 2433 Conf.
1307 2397 1478 2447 Xenoph.
1523 2396 1661 2435 Laced.

1009 2453 1117 2489 Polit.
1149 2453 1203 2489 Xl
1233 2451 1270 2503 ἓ.
1298 2456 1323 2493 3
1361 2453 1439 2490 coll.
1482 2452 1661 2489 Plutarch.

1008 2507 1171 2557 Lysand.
1199 2522 1236 2558 p.
1265 2509 1371 2555 433,
1401 2509 1434 2546 F
1474 2513 1511 2546 et
1538 2508 1664 2545 Philo-

1009 2569 1110 2601 strat.
1158 2564 1191 2600 V
1194 2565 1232 2600 it.
1282 2564 1451 2614 Apollon.
1500 2563 1571 2612 III,
1609 2564 1662 2605 15

1007 2634 1044 2671 p.
1070 2622 1159 2661 106.
1199 2620 1304 2667 VIII,
1333 2623 1357 2661 6
1392 2634 1429 2671 p.
1453 2621 1558 2667 335,
1599 2620 1662 2657 ubi

1007 2675 1211 2714 Leonidam
1239 2689 1379 2713 comam
1400 2676 1495 2714 alere
1521 2676 1662 2713 inveni-

1008 2745 1087 2770 mus
1113 2732 1333 2769 sortitudinis
1355 2745 1486 2780 causa,
1517 2745 1589 2781 quo
1618 2744 1662 2768 a-

1764 709 1768 864 ι

1758 1192 1768 1328 Ι

1736 2609 1741 2655 l

1766 1731 1768 1742 Α

1008 2788 1108 2824 micis
1125 2789 1241 2836 magis
1253 2789 1479 2826 venerandus
1492 2793 1529 2826 et
1545 2788 1660 2825 hosti-
1734 2820 1735 2828 ,

1009 2844 1075 2880 bus
1095 2844 1288 2882 terribilior
1306 2845 1499 2882 videretur.
1557 2843 1655 2881 Add.

1008 2899 1215 2939 Philostrat.
1233 2901 1378 2940 Heroic.
1399 2915 1436 2953 p.
1460 2901 1550 2942 132.
1573 2899 1654 2941 511
1731 2922 1735 2967 s

1731 2829 1736 2920 ἓ

1730 2971 1733 2988 ,

1729 3196 1731 3221 Ι
