1759 3324
367 263 454 302 606
821 259 1290 300 HERODOTI

368 373 450 413 τοῦ
478 368 641 422 ἔλεξαν,
669 367 724 412 τὰ
753 367 801 412 ἐν
828 374 940 414 τοῖσι
971 370 1016 413 ἐν
1038 371 1332 426 Σαμοθρηΐκῃ
1356 367 1658 425 μυστηρίοισιό

36 581 316 675 Ξῃέἓὲἓιῂᾷἓὲἕῧῐ
371 619 469 658 σας·
509 606 756 661 ἐπωνυμίην
796 605 842 650 δὲ
871 605 971 650 οὐδ’
1010 606 1180 663 οὔνομα
1222 606 1446 650 ἐποιεῦντο
1482 602 1629 648 οὐδενὶ

36 668 106 708 na’ei
134 668 228 708 solius
254 662 316 708 tuni

36 714 69 741 in
95 714 224 742 Graecia
255 722 315 741 mo-

37 747 102 774 nitu
130 747 189 776 illis
219 747 316 776 indita

37 789 115 809 8880·

311 823 416 875 ponit
434 822 620 860 materiam
631 818 723 873 (τήν
735 819 869 873 ἑτέραν
887 817 965 872 φύ-

313 880 397 927 σιν)
420 891 495 915 nou
523 891 693 928 capacem
719 880 878 916 omnium
905 891 965 916 ra-

311 936 449 973 tionum
484 948 511 971 s.
544 935 705 972 idearum
719 963 729 981 ,
772 936 839 973 sed
869 935 965 973 relu-

313 996 470 1029 ctantem
492 995 601 1040 atque
621 991 789 1029 sterilem.
836 992 964 1030 Cicero

311 1047 335 1085 l.
356 1047 395 1094 l.,
425 1047 637 1084 Plutarchus
657 1047 679 1085 l.
698 1047 720 1084 l.
741 1052 778 1085 et
798 1047 965 1098 Porphy-

312 1104 387 1141 rius
405 1103 523 1153 (apud
534 1103 667 1142 Euseb.
677 1104 808 1154 Praep.
820 1104 964 1154 Evang.

313 1160 363 1198 111
386 1174 422 1210 p.
444 1159 524 1201 114
539 1160 689 1208 Colon.)
711 1160 894 1210 sigillatim
905 1173 965 1197 ac-

312 1216 449 1267 cipiunt
465 1217 513 1254 de
531 1217 600 1254 sole
615 1220 798 1265 vegetante
820 1221 857 1255 et
876 1216 965 1254 ἰαηᾶ

311 1272 492 1322 vegetatd.
551 1273 620 1310 Cui
642 1277 679 1311 et
708 1275 827 1325 ipsum
845 1287 965 1324 oppo-

313 1334 406 1367 nunt
443 1328 683 1377 Mercurium,
729 1330 798 1368 hoc
830 1335 963 1380 pacto:

312 1398 387 1423 non
424 1386 596 1423 continuo
629 1391 666 1424 et
703 1399 965 1436 usquequaque

311 1442 509 1480 rationibus
549 1442 778 1481 seminalibus
810 1442 963 1493 implere

312 1498 512 1537 Mercurius
523 1498 645 1536 lunam
662 1503 784 1549 potest
796 1528 806 1545 ,
818 1504 857 1536 ut
869 1512 962 1548 quae

313 1556 359 1592 ab
380 1555 481 1592 initio
501 1555 674 1592 obnititur
697 1559 733 1593 et
758 1568 859 1592 suam
884 1556 966 1605 ipsa

312 1611 573 1662 aliquantisper
611 1612 789 1649 rationem
834 1611 964 1649 sectari

312 1667 470 1713 mavult3
500 1668 564 1706 sed
596 1667 654 1706 ille
674 1668 783 1705 instat
803 1672 841 1705 et
860 1667 965 1704 moli-

313 1729 393 1771 tur,
431 1725 550 1762 donec
582 1737 625 1761 ea
651 1724 838 1774 paullatim
867 1724 963 1761 illam

312 1780 462 1818 alteram
478 1781 773 1831 superioremque
787 1781 964 1818 rationem

311 1837 440 1887 recipit
477 1841 590 1886 atque
625 1837 662 1874 in
700 1850 740 1875 se
773 1837 963 1875 convertit.

310 1893 583 1942 Nonnunquam
599 1897 721 1930 tamen
741 1907 888 1943 prorsus
906 1907 966 1931 re-

313 1950 411 2000 spuit
429 1949 572 1997 oblata,
601 1954 638 1987 et
655 1950 828 1987 hactenus
859 1963 879 1987 e
899 1963 965 1999 ge-

312 2006 476 2042 nerando
505 2006 682 2043 desistere
704 2006 845 2054 cogitur
865 2005 966 2044 Mer-

313 2061 432 2098 curius
460 2061 559 2110 (vid.
582 2061 618 2098 T
620 2065 746 2098 zetzae
776 2061 885 2098 schol.
916 2063 965 2099 ad

310 2115 493 2167 Lycophr.
535 2129 627 2154 verS.
660 2119 753 2157 698.
789 2120 896 2158 1176
926 2122 964 2155 et

309 2171 434 2221 Etym.
453 2185 500 2209 m.
518 2186 554 2223 p.
570 2172 648 2214 194
657 2172 792 2223 Lips.).
805 2173 964 2210 —Hinc

307 2227 369 2264 illa
389 2229 531 2276 fabula,
571 2241 677 2277 quam
709 2229 850 2265 Tullius
877 2231 961 2266 atti-

309 2284 382 2333 git:
403 2283 605 2322 Mercurius
625 2283 707 2331 (sol,
727 2297 802 2322 mas
823 2285 877 2322 vel
893 2299 963 2335 po-

306 2341 377 2377 tius
410 2341 535 2378 solaris
563 2343 710 2389 geniuS,
741 2341 833 2377 ratio
865 2340 961 2378 sola-

305 2397 374 2444 ris)
388 2397 591 2447 adspiciens
613 2396 858 2446 Proserpinam
882 2396 959 2444 (lu-

304 2465 387 2490 nam
413 2453 617 2502 virginem)
649 2458 893 2491 commovetur
924 2457 961 2491 et

307 2522 387 2546 cum
408 2510 452 2546 ea
481 2512 576 2547 co'1're
596 2509 760 2559 discupit.
817 2509 865 2546 At
887 2508 959 2556 illa,

306 2568 434 2615 utpote
456 2566 578 2615 virgo,
597 2564 813 2613 reluctatur,
836 2565 959 2602 irasci-

307 2624 387 2670 tur,
415 2620 506 2658 ultro
522 2622 684 2670 citroque
702 2626 881 2659 commeat
903 2621 957 2668 (h.

307 2690 340 2715 e.
374 2676 596 2726 Proserpina
629 2677 740 2724 irata,
788 2678 957 2714 terribilis

305 2733 486 2782 igiturque
498 2734 621 2770 Brimo
643 2733 718 2770 sive
730 2732 882 2781 Hecate,
898 2746 960 2771 ea-

307 2790 465 2838 demque
475 2789 671 2837 venatrix),
688 2789 853 2826 nimirum
867 2802 958 2839 quo-

306 2845 355 2882 ad
370 2845 554 2896 paullatim
573 2845 803 2892 exhilaretur,
825 2850 861 2883 et
876 2859 956 2883 cum

239 446 306 494 52
364 447 613 505 δεδήλωται.
651 446 821 491 Ἕθυον
849 450 893 492 δὲ
923 447 1064 492 πάντα
1093 448 1310 503 πρότερον
1339 449 1381 491 οἱ
1411 445 1630 501 Πελασγοὶ

38 512 181 541 Caruisse
210 512 314 541 Pelas-

36 555 143 582 gorum
159 547 240 574 neos
260 555 314 574 no-
369 533 511 571 θεοῖσι
540 525 839 582 ἐπευχόμενοι,
871 527 928 579 ὡς
958 528 1039 584 ἐγώ
1071 527 1118 571 ἐν
1134 526 1328 583 Δωδώνῃ
1361 524 1460 569 οἶδα
1490 521 1628 568 ἀκού-

1030 823 1147 868 co'itu,
1176 822 1338 859 nonnulli
1363 822 1592 860 tradiderunt
1617 834 1683 858 na-

1030 882 1107 914 tum
1156 890 1238 916 esse
1290 878 1499 916 Eleusinem
1535 878 1683 915 heroem

1031 933 1206 981 (Pausan.
1227 934 1264 981 Ι,
1283 936 1358 982 38,
1381 935 1433 982 7)
1465 934 1488 970 i.
1519 946 1551 971 e.
1589 946 1684 981 eum,

1032 990 1095 1039 qui
1138 991 1283 1039 frugum
1321 993 1535 1042 proventum
1579 989 1682 1027 insti-

1031 1046 1113 1083 tuit.
1142 1068 1200 1074 —-—

1084 1098 1208 1140 w?—
1236 1097 1476 1154 δεδήλωται]
1517 1098 1566 1142 τοὶ
1601 1115 1683 1140 cum

1031 1158 1148 1195 minus
1168 1164 1343 1209 congruat
1361 1159 1680 1197 antecedentibus:

1034 1211 1118 1267 ἱρὸν
1146 1211 1283 1268 λόγον,
1313 1215 1492 1267 explicant
1517 1212 1627 1255 καθὰ
1657 1215 1681 1253 ἰ.

1033 1284 1064 1310 e.
1091 1269 1189 1310 κατᾶ
1225 1274 1368 1321 ταῦτα,
1406 1267 1442 1311 ἆ.
1499 1271 1681 1321 Equidem

1031 1328 1079 1365 ad
1096 1332 1292 1367 structuras
1303 1358 1314 1376 ,
1345 1341 1438 1378 quae
1458 1329 1506 1366 ad
1523 1341 1681 1376 sensum,

1032 1385 1082 1421 uti
1106 1384 1229 1433 aiunt,
1258 1385 1516 1432 instituuntur,
1545 1385 1682 1422 referre

1030 1439 1150 1477 malim
1183 1437 1242 1480 τά.
1299 1441 1380 1480 Nec
1415 1440 1555 1478 Latinis
1594 1440 1681 1478 talia

1033 1497 1188 1535 insolita.
1228 1499 1337 1535 Conf.
1356 1498 1472 1535 Corte
1492 1497 1541 1535 ad
1561 1496 1679 1535 Cicer.

1033 1567 1117 1604 epp.
1143 1555 1190 1592 ad
1217 1555 1348 1592 divers.
1367 1553 1413 1601 V,
1436 1552 1501 1595 14.

1239 1611 1351 1661 Cap.
1387 1608 1468 1647 LII.

1090 1665 1214 1706 ἔθυον
1245 1664 1287 1706 δὲ
1316 1660 1507 1716 πάντα]
1546 1660 1681 1706 πάντα

1030 1723 1053 1760 i.
1083 1736 1114 1761 e.
1154 1723 1323 1773 quaslibet
1359 1735 1413 1759 res
1439 1725 1472 1759 et
1501 1722 1635 1761 hostias
1663 1735 1681 1759 e

1032 1793 1164 1830 quoque
1179 1781 1410 1817 animantium
1428 1791 1571 1828 genere,
1593 1783 1632 1816 ut
1651 1777 1680 1826 Ι,

1032 1837 1107 1884 50,
1140 1837 1202 1873 ubi
1229 1837 1302 1874 vid.
1360 1835 1542 1886 Supplent
1559 1830 1681 1874 θύσι-

1032 1908 1095 1943 μα.
1155 1893 1349 1931 Caeterum
1388 1892 1465 1929 iure
1498 1891 1567 1929 hoc
1599 1891 1680 1929 loeo

1029 1962 1116 1986 usus
1139 1954 1193 1986 est
1214 1950 1415 1987 Creuzerus
1433 1948 1535 1986 initio
1558 1948 1679 1999 operis

1032 2005 1079 2042 de
1098 2005 1319 2054 mythologia
1340 2017 1383 2042 ac
1402 2004 1554 2053 symbol.
1570 2004 1641 2041 vol.
1663 2003 1680 2041 1

1032 2074 1117 2111 pag.
1140 2062 1179 2108 4,
1202 2062 1371 2098 docturus
1394 2060 1547 2109 scilicet,
1563 2073 1680 2111 quan-

1031 2123 1106 2153 tum
1135 2118 1276 2155 intersit
1306 2117 1399 2155 inter
1429 2117 1522 2154 hanc
1549 2117 1678 2154 rudem

1030 2185 1072 2210 ac
1102 2173 1298 2223 simplicem
1329 2173 1418 2210 deos
1444 2172 1588 2210 colendi
1618 2185 1678 2209 ra-

1027 2229 1164 2266 tionem
1185 2233 1221 2266 et
1239 2230 1333 2266 inter
1351 2228 1615 2265 ornatissimam
1632 2228 1676 2265 il-

1028 2283 1099 2321 lam
1119 2285 1269 2323 deorum
1288 2284 1586 2334 compositionem
1601 2284 1677 2322 lae-

1026 2341 1276 2390 tissimamque
1303 2339 1504 2378 fabularum
1530 2341 1579 2378 de
1607 2341 1676 2378 diis

1025 2398 1245 2444 ubertatem,
1275 2396 1416 2446 quaiem
1442 2401 1590 2447 postera
1614 2410 1678 2435 ae-

1025 2456 1101 2489 tate
1153 2453 1363 2491 invenimus.
1429 2453 1678 2491 Interveniunt

1025 2509 1191 2546 nimirum
1213 2511 1418 2549 sacerdotes
1441 2509 1509 2556 illi,
1539 2509 1602 2559 qui
1619 2521 1678 2547 sa-

1027 2578 1167 2602 crorum
1205 2566 1368 2604 doctrina
1405 2565 1534 2614 vulgus
1570 2578 1676 2603 exco-

1026 2620 1141 2659 lentes
1163 2622 1430 2660 ornatissimum
1452 2621 1551 2658 illum
1578 2622 1675 2659 deo-

1024 2690 1103 2714 rum
1126 2678 1256 2715 cultum
1283 2679 1517 2716 introducunt
1545 2677 1676 2728 (poly-

1026 2733 1218 2771 theismum
1249 2734 1357 2784 vulgo
1377 2733 1591 2786 appellant)
1620 2733 1677 2770 in-

1025 2790 1144 2838 deque
1164 2791 1272 2827 etiam
1294 2790 1560 2840 polyonymiam
1578 2788 1675 2826 illam

1024 2846 1194 2893 deorum,
1224 2846 1378 2885 antehac
1396 2858 1547 2899 prorsus
1566 2845 1674 2895 igno-

304 2900 485 2939 Mercurio
512 2902 739 2939 concumbat.
795 2901 852 2939 Ex
881 2915 955 2952 quo
1021 2905 1148 2939 ratam.
