<?xml version="1.0" encoding="UTF-8"?>
<!DOCTYPE html PUBLIC "-//W3C//DTD XHTML 1.0 Transitional//EN"
    "http://www.w3.org/TR/xhtml1/DTD/xhtml1-transitional.dtd">
<html xmlns="http://www.w3.org/1999/xhtml" xml:lang="en" lang="en">
 <head>
  <title>
</title>
<meta http-equiv="Content-Type" content="text/html;charset=utf-8" />
  <meta name='ocr-system' content='tesseract 3.04.00' />
  <meta name='ocr-capabilities' content='ocr_page ocr_carea ocr_par ocr_line ocrx_word'/>
</head>
<body>
  <div class='ocr_page' id='page_1' title='image "./musaeher01hero/musaeher01hero_0592.png"; bbox 0 0 1759 3324; ppageno 0'>
   <div class='ocr_carea' id='block_1_1' title="bbox 21 526 119 553">
    <p class='ocr_par' dir='ltr' id='par_1_1' title="bbox 21 526 119 553">
     <span class='ocr_line' id='line_1_1' title="bbox 21 526 119 553; baseline 0 0"><span class='ocrx_word' id='word_1_1' title='bbox 21 526 119 553; x_wconf 68' lang='lat' dir='ltr'><strong>nimae</strong></span> 
     </span>
    </p>
   </div>
   <div class='ocr_carea' id='block_1_2' title="bbox 226 359 290 405">
    <p class='ocr_par' dir='ltr' id='par_1_2' title="bbox 226 359 290 405">
     <span class='ocr_line' id='line_1_2' title="bbox 226 359 290 405; baseline 0 0"><span class='ocrx_word' id='word_1_2' title='bbox 226 359 290 405; x_wconf 84' lang='lat'><strong>41</strong></span> 
     </span>
    </p>
   </div>
   <div class='ocr_carea' id='block_1_3' title="bbox 20 424 300 654">
    <p class='ocr_par' dir='ltr' id='par_1_3' title="bbox 20 424 300 654">
     <span class='ocr_line' id='line_1_3' title="bbox 22 424 300 454; baseline -0.007 0"><span class='ocrx_word' id='word_1_3' title='bbox 22 425 121 454; x_wconf 85' lang='lat' dir='ltr'><strong>Boves</strong></span> <span class='ocrx_word' id='word_1_4' title='bbox 141 424 212 453; x_wconf 80' lang='lat' dir='ltr'><strong>Isidi</strong></span> <span class='ocrx_word' id='word_1_5' title='bbox 232 433 300 452; x_wconf 82' lang='lat' dir='ltr'><strong>cou-</strong></span> 
     </span>
     <span class='ocr_line' id='line_1_4' title="bbox 22 464 300 493; baseline -0.004 -6"><span class='ocrx_word' id='word_1_6' title='bbox 22 464 179 493; x_wconf 71' lang='lat' dir='ltr'><strong>secratae‚</strong></span> <span class='ocrx_word' id='word_1_7' title='bbox 209 466 300 486; x_wconf 81' lang='lat' dir='ltr'><strong>vene-</strong></span> 
     </span>
     <span class='ocr_line' id='line_1_5' title="bbox 20 493 300 528; baseline -0.004 -9"><span class='ocrx_word' id='word_1_8' title='bbox 20 493 206 528; x_wconf 66' lang='lat' dir='ltr'>rationisque</span> <span class='ocrx_word' id='word_1_9' title='bbox 240 500 300 519; x_wconf 81' lang='lat' dir='ltr'><strong>ma-</strong></span> 
     </span>
     <span class='ocr_line' id='line_1_6' title="bbox 170 534 299 552; baseline 0.008 -1"><span class='ocrx_word' id='word_1_10' title='bbox 170 534 299 552; x_wconf 75' lang='lat' dir='ltr'><strong>«numum</strong></span> 
     </span>
     <span class='ocr_line' id='line_1_7' title="bbox 22 559 298 596; baseline 0 -11"><span class='ocrx_word' id='word_1_11' title='bbox 22 559 184 596; x_wconf 72' lang='lat' dir='ltr'><strong>pecudum:</strong></span> <span class='ocrx_word' id='word_1_12' title='bbox 211 567 298 585; x_wconf 71' lang='lat' dir='ltr'><strong>aver-</strong></span> 
     </span>
     <span class='ocr_line' id='line_1_8' title="bbox 22 592 298 626; baseline -0.007 -6"><span class='ocrx_word' id='word_1_13' title='bbox 22 593 134 620; x_wconf 69' lang='lat' dir='ltr'><strong>nabiles</strong></span> <span class='ocrx_word' id='word_1_14' title='bbox 146 592 298 626; x_wconf 55' lang='lat' dir='ltr'><strong>Aegyptiis</strong></span> 
     </span>
     <span class='ocr_line' id='line_1_9' title="bbox 23 626 299 654; baseline -0.004 -1"><span class='ocrx_word' id='word_1_15' title='bbox 23 626 135 654; x_wconf 83' lang='lat' dir='ltr'><strong>Graeci</strong></span> <span class='ocrx_word' id='word_1_16' title='bbox 147 635 154 653; x_wconf 90' lang='lat'>:</span> <span class='ocrx_word' id='word_1_17' title='bbox 165 631 299 652; x_wconf 77' lang='lat' dir='ltr'><strong>mortuae</strong></span> 
     </span>
    </p>
   </div>
   <div class='ocr_carea' id='block_1_4' title="bbox 352 244 438 286">
    <p class='ocr_par' dir='ltr' id='par_1_4' title="bbox 352 244 438 286">
     <span class='ocr_line' id='line_1_10' title="bbox 352 244 438 286; baseline 0 0"><span class='ocrx_word' id='word_1_18' title='bbox 352 244 438 286; x_wconf 73' lang='lat'><strong>574</strong></span> 
     </span>
    </p>
   </div>
   <div class='ocr_carea' id='block_1_5' title="bbox 766 240 1236 282">
    <p class='ocr_par' dir='ltr' id='par_1_5' title="bbox 766 240 1236 282">
     <span class='ocr_line' id='line_1_11' title="bbox 766 240 1236 282; baseline -0.004 0"><span class='ocrx_word' id='word_1_19' title='bbox 766 240 1236 282; x_wconf 88' lang='lat' dir='ltr'><strong>HERODOTI</strong></span> 
     </span>
    </p>
   </div>
   <div class='ocr_carea' id='block_1_6' title="bbox 468 349 1733 408">
    <p class='ocr_par' dir='ltr' id='par_1_6' title="bbox 468 349 1733 408">
     <span class='ocr_line' id='line_1_12' title="bbox 468 349 1733 408; baseline 0 -12"><span class='ocrx_word' id='word_1_20' title='bbox 468 351 584 404; x_wconf 77' lang='grc' dir='ltr'><strong>Τούς</strong></span> <span class='ocrx_word' id='word_1_21' title='bbox 618 350 697 408; x_wconf 79' lang='grc' dir='ltr'><em>μέν</em></span> <span class='ocrx_word' id='word_1_22' title='bbox 735 368 820 396; x_wconf 91' lang='grc' dir='ltr'><strong>νυν</strong></span> <span class='ocrx_word' id='word_1_23' title='bbox 864 351 1091 407; x_wconf 79' lang='grc' dir='ltr'><em>καθαροὺς</em></span> <span class='ocrx_word' id='word_1_24' title='bbox 1138 353 1247 408; x_wconf 82' lang='grc' dir='ltr'><em>βοῦς</em></span> <span class='ocrx_word' id='word_1_25' title='bbox 1294 350 1396 401; x_wconf 80' lang='grc' dir='ltr'><strong>τούς</strong></span> <span class='ocrx_word' id='word_1_26' title='bbox 1437 349 1615 405; x_wconf 74' lang='grc' dir='ltr'><em>ἔρσενας</em></span> <span class='ocrx_word' id='word_1_27' title='bbox 1655 357 1733 396; x_wconf 79' lang='lat'><strong>123</strong></span> 
     </span>
    </p>
   </div>
   <div class='ocr_carea' id='block_1_7' title="bbox 22 660 301 692">
    <p class='ocr_par' dir='ltr' id='par_1_7' title="bbox 22 660 301 692">
     <span class='ocr_line' id='line_1_13' title="bbox 22 660 301 692; baseline -0.014 -4"><span class='ocrx_word' id='word_1_28' title='bbox 22 660 114 688; x_wconf 80' lang='lat' dir='ltr'><strong>boves</strong></span> <span class='ocrx_word' id='word_1_29' title='bbox 158 667 203 686; x_wconf 86' lang='lat' dir='ltr'><strong>me</strong></span> <span class='ocrx_word' id='word_1_30' title='bbox 211 667 301 692; x_wconf 75' lang='lat' dir='ltr'><strong>rgun-</strong></span> 
     </span>
    </p>
   </div>
   <div class='ocr_carea' id='block_1_8' title="bbox 21 691 301 761">
    <p class='ocr_par' dir='ltr' id='par_1_8' title="bbox 21 691 301 761">
     <span class='ocr_line' id='line_1_14' title="bbox 21 691 301 728; baseline -0.014 -7"><span class='ocrx_word' id='word_1_31' title='bbox 21 698 87 721; x_wconf 82' lang='lat' dir='ltr'><strong>tur:</strong></span> <span class='ocrx_word' id='word_1_32' title='bbox 107 692 235 728; x_wconf 72' lang='lat' dir='ltr'><strong>pecudes</strong></span> <span class='ocrx_word' id='word_1_33' title='bbox 246 691 301 718; x_wconf 80' lang='lat' dir='ltr'><strong>ali-</strong></span> 
     </span>
     <span class='ocr_line' id='line_1_15' title="bbox 23 725 299 761; baseline -0.014 -7"><span class='ocrx_word' id='word_1_34' title='bbox 23 735 61 754; x_wconf 77' lang='lat' dir='ltr'><strong>ae</strong></span> <span class='ocrx_word' id='word_1_35' title='bbox 84 725 228 761; x_wconf 78' lang='lat' dir='ltr'><strong>quomodo</strong></span> <span class='ocrx_word' id='word_1_36' title='bbox 255 733 299 750; x_wconf 69' lang='lat' dir='ltr'><strong>se-</strong></span> 
     </span>
    </p>
   </div>
   <div class='ocr_carea' id='block_1_9' title="bbox 309 721 582 729">
    <p class='ocr_par' dir='ltr' id='par_1_9' title="bbox 309 721 582 729">
     <span class='ocr_line' id='line_1_16' title="bbox 309 721 582 729; baseline 0 2595"><span class='ocrx_word' id='word_1_37' title='bbox 309 721 582 729; x_wconf 95' lang='lat' dir='ltr'><strong> </strong></span> 
     </span>
    </p>
   </div>
   <div class='ocr_carea' id='block_1_10' title="bbox 22 758 304 796">
    <p class='ocr_par' dir='ltr' id='par_1_10' title="bbox 22 758 304 796">
     <span class='ocr_line' id='line_1_17' title="bbox 22 758 304 796; baseline -0.004 -9"><span class='ocrx_word' id='word_1_38' title='bbox 22 760 174 796; x_wconf 80' lang='lat' dir='ltr'><strong>peliantur</strong></span> <span class='ocrx_word' id='word_1_39' title='bbox 188 768 196 786; x_wconf 76' lang='grc' dir='ltr'><em>ι</em></span> <span class='ocrx_word' id='word_1_40' title='bbox 233 758 304 786; x_wconf 75' lang='lat' dir='ltr'><strong>urbs</strong></span> 
     </span>
    </p>
   </div>
   <div class='ocr_carea' id='block_1_11' title="bbox 24 792 209 822">
    <p class='ocr_par' dir='ltr' id='par_1_11' title="bbox 24 792 209 822">
     <span class='ocr_line' id='line_1_18' title="bbox 24 792 209 822; baseline 0 0"><span class='ocrx_word' id='word_1_41' title='bbox 24 792 209 822; x_wconf 73' lang='lat' dir='ltr'>Atarbechis-</span> 
     </span>
    </p>
   </div>
   <div class='ocr_carea' id='block_1_12' title="bbox 502 802 746 856">
    <p class='ocr_par' dir='ltr' id='par_1_12' title="bbox 502 802 746 856">
     <span class='ocr_line' id='line_1_19' title="bbox 502 802 746 856; baseline -0.004 -14"><span class='ocrx_word' id='word_1_42' title='bbox 502 805 534 842; x_wconf 94' lang='lat' dir='ltr'>C</span> <span class='ocrx_word' id='word_1_43' title='bbox 548 817 615 856; x_wconf 86' lang='lat' dir='ltr'><strong>ap.</strong></span> <span class='ocrx_word' id='word_1_44' title='bbox 646 802 746 842; x_wconf 90' lang='lat' dir='ltr'>XLI.</span> 
     </span>
    </p>
   </div>
   <div class='ocr_carea' id='block_1_13' title="bbox 290 911 952 2938">
    <p class='ocr_par' dir='ltr' id='par_1_13' title="bbox 290 911 952 2938">
     <span class='ocr_line' id='line_1_20' title="bbox 351 911 951 966; baseline -0.007 -8"><span class='ocrx_word' id='word_1_45' title='bbox 351 915 421 965; x_wconf 75' lang='grc' dir='ltr'><strong>τοὶς</strong></span> <span class='ocrx_word' id='word_1_46' title='bbox 442 914 484 957; x_wconf 78' lang='grc' dir='ltr'><strong>δὲ</strong></span> <span class='ocrx_word' id='word_1_47' title='bbox 502 914 653 966; x_wconf 81' lang='grc' dir='ltr'><strong><em>θηλέας</em></strong></span> <span class='ocrx_word' id='word_1_48' title='bbox 673 911 724 955; x_wconf 73' lang='grc' dir='ltr'><strong>οὔ</strong></span> <span class='ocrx_word' id='word_1_49' title='bbox 743 926 815 966; x_wconf 87' lang='grc' dir='ltr'><strong>σφι</strong></span> <span class='ocrx_word' id='word_1_50' title='bbox 831 914 951 964; x_wconf 74' lang='grc' dir='ltr'><em>ἔξεστι</em></span> 
     </span>
     <span class='ocr_line' id='line_1_21' title="bbox 293 970 952 1023; baseline -0.006 -9"><span class='ocrx_word' id='word_1_51' title='bbox 293 970 415 1014; x_wconf 77' lang='grc' dir='ltr'><em>θύειν</em></span> <span class='ocrx_word' id='word_1_52' title='bbox 444 989 478 1013; x_wconf 82' lang='grc' dir='ltr'><strong>κ.</strong></span> <span class='ocrx_word' id='word_1_53' title='bbox 497 987 529 1012; x_wconf 83' lang='grc' dir='ltr'><strong>τ.</strong></span> <span class='ocrx_word' id='word_1_54' title='bbox 551 971 609 1023; x_wconf 83' lang='grc' dir='ltr'><strong>λ.]</strong></span> <span class='ocrx_word' id='word_1_55' title='bbox 647 971 820 1011; x_wconf 89' lang='lat' dir='ltr'><strong>Eiusdem</strong></span> <span class='ocrx_word' id='word_1_56' title='bbox 840 974 952 1011; x_wconf 85' lang='lat' dir='ltr'><strong>inter-</strong></span> 
     </span>
     <span class='ocr_line' id='line_1_22' title="bbox 297 1029 951 1080; baseline -0.005 -11"><span class='ocrx_word' id='word_1_57' title='bbox 297 1032 386 1069; x_wconf 85' lang='lat' dir='ltr'><strong>dicti</strong></span> <span class='ocrx_word' id='word_1_58' title='bbox 403 1030 566 1069; x_wconf 79' lang='lat' dir='ltr'><strong>meminit</strong></span> <span class='ocrx_word' id='word_1_59' title='bbox 578 1029 800 1080; x_wconf 79' lang='lat' dir='ltr'>Porphyrius</span> <span class='ocrx_word' id='word_1_60' title='bbox 819 1030 865 1067; x_wconf 94' lang='lat' dir='ltr'><strong>de</strong></span> <span class='ocrx_word' id='word_1_61' title='bbox 886 1030 951 1066; x_wconf 89' lang='lat' dir='ltr'><strong>ab·</strong></span> 
     </span>
     <span class='ocr_line' id='line_1_23' title="bbox 296 1085 951 1136; baseline -0.005 -11"><span class='ocrx_word' id='word_1_62' title='bbox 296 1089 379 1125; x_wconf 87' lang='lat' dir='ltr'><strong>stin.</strong></span> <span class='ocrx_word' id='word_1_63' title='bbox 410 1088 456 1124; x_wconf 86' lang='lat' dir='ltr'><strong>ab</strong></span> <span class='ocrx_word' id='word_1_64' title='bbox 488 1100 552 1124; x_wconf 91' lang='lat' dir='ltr'><strong>esu</strong></span> <span class='ocrx_word' id='word_1_65' title='bbox 580 1099 639 1123; x_wconf 91' lang='lat' dir='ltr'><strong>an.</strong></span> <span class='ocrx_word' id='word_1_66' title='bbox 671 1085 722 1134; x_wconf 86' lang='lat' dir='ltr'><strong>ll,</strong></span> <span class='ocrx_word' id='word_1_67' title='bbox 753 1086 814 1136; x_wconf 91' lang='lat' dir='ltr'><strong>qui</strong></span> <span class='ocrx_word' id='word_1_68' title='bbox 852 1086 951 1123; x_wconf 89' lang='lat' dir='ltr'><strong>haud</strong></span> 
     </span>
     <span class='ocr_line' id='line_1_24' title="bbox 296 1143 948 1193; baseline -0.005 -11"><span class='ocrx_word' id='word_1_69' title='bbox 296 1144 400 1182; x_wconf 90' lang='lat' dir='ltr'><strong>aliter</strong></span> <span class='ocrx_word' id='word_1_70' title='bbox 419 1149 530 1193; x_wconf 88' lang='lat' dir='ltr'><strong>atque</strong></span> <span class='ocrx_word' id='word_1_71' title='bbox 541 1143 787 1192; x_wconf 81' lang='lat' dir='ltr'><strong>Hieronymus</strong></span> <span class='ocrx_word' id='word_1_72' title='bbox 807 1143 948 1180; x_wconf 79' lang='lat' dir='ltr'><strong>advers.</strong></span> 
     </span>
     <span class='ocr_line' id='line_1_25' title="bbox 294 1199 951 1248; baseline -0.005 -10"><span class='ocrx_word' id='word_1_73' title='bbox 294 1201 408 1238; x_wconf 87' lang='lat' dir='ltr'><strong>Iovin.</strong></span> <span class='ocrx_word' id='word_1_74' title='bbox 430 1200 483 1248; x_wconf 89' lang='lat' dir='ltr'><strong>II,</strong></span> <span class='ocrx_word' id='word_1_75' title='bbox 502 1204 526 1241; x_wconf 94' lang='lat'>7</span> <span class='ocrx_word' id='word_1_76' title='bbox 548 1200 616 1236; x_wconf 89' lang='lat' dir='ltr'><strong>hoc</strong></span> <span class='ocrx_word' id='word_1_77' title='bbox 634 1200 682 1236; x_wconf 91' lang='lat' dir='ltr'><strong>ad</strong></span> <span class='ocrx_word' id='word_1_78' title='bbox 703 1199 863 1236; x_wconf 88' lang='lat' dir='ltr'><strong>animalis</strong></span> <span class='ocrx_word' id='word_1_79' title='bbox 881 1199 951 1236; x_wconf 85' lang='lat' dir='ltr'><strong>uti-</strong></span> 
     </span>
     <span class='ocr_line' id='line_1_26' title="bbox 296 1256 949 1305; baseline 0 -11"><span class='ocrx_word' id='word_1_80' title='bbox 296 1257 433 1295; x_wconf 84' lang='lat' dir='ltr'><strong>litatem</strong></span> <span class='ocrx_word' id='word_1_81' title='bbox 446 1258 556 1295; x_wconf 84' lang='lat' dir='ltr'><strong>refert</strong></span> <span class='ocrx_word' id='word_1_82' title='bbox 566 1256 733 1305; x_wconf 85' lang='lat' dir='ltr'><strong>adeoque</strong></span> <span class='ocrx_word' id='word_1_83' title='bbox 753 1256 949 1294; x_wconf 84' lang='lat' dir='ltr'><strong>raritatem.</strong></span> 
     </span>
     <span class='ocr_line' id='line_1_27' title="bbox 295 1313 950 1352; baseline -0.005 0"><span class='ocrx_word' id='word_1_84' title='bbox 295 1314 464 1352; x_wconf 89' lang='lat' dir='ltr'><strong>Valuisse</strong></span> <span class='ocrx_word' id='word_1_85' title='bbox 492 1317 613 1350; x_wconf 88' lang='lat' dir='ltr'><strong>autem</strong></span> <span class='ocrx_word' id='word_1_86' title='bbox 645 1313 714 1349; x_wconf 91' lang='lat' dir='ltr'><strong>hoc</strong></span> <span class='ocrx_word' id='word_1_87' title='bbox 746 1313 950 1349; x_wconf 90' lang='lat' dir='ltr'><strong>institutum</strong></span> 
     </span>
     <span class='ocr_line' id='line_1_28' title="bbox 295 1368 949 1420; baseline -0.003 -12"><span class='ocrx_word' id='word_1_88' title='bbox 295 1383 412 1420; x_wconf 89' lang='lat' dir='ltr'><strong>usque</strong></span> <span class='ocrx_word' id='word_1_89' title='bbox 430 1370 478 1407; x_wconf 91' lang='lat' dir='ltr'><strong>ad</strong></span> <span class='ocrx_word' id='word_1_90' title='bbox 494 1368 701 1406; x_wconf 89' lang='lat' dir='ltr'><strong>Constantii</strong></span> <span class='ocrx_word' id='word_1_91' title='bbox 721 1369 949 1420; x_wconf 87' lang='lat' dir='ltr'><strong>imperatoris</strong></span> 
     </span>
     <span class='ocr_line' id='line_1_29' title="bbox 295 1425 947 1477; baseline -0.005 -13"><span class='ocrx_word' id='word_1_92' title='bbox 295 1432 483 1477; x_wconf 86' lang='lat' dir='ltr'><strong>tempora,</strong></span> <span class='ocrx_word' id='word_1_93' title='bbox 513 1439 558 1464; x_wconf 85' lang='lat' dir='ltr'><strong>ex</strong></span> <span class='ocrx_word' id='word_1_94' title='bbox 579 1426 753 1463; x_wconf 89' lang='lat' dir='ltr'><strong>Athanas.</strong></span> <span class='ocrx_word' id='word_1_95' title='bbox 777 1425 858 1462; x_wconf 86' lang='lat' dir='ltr'><strong>hist.</strong></span> <span class='ocrx_word' id='word_1_96' title='bbox 877 1425 947 1462; x_wconf 85' lang='lat' dir='ltr'><strong>Ar·-</strong></span> 
     </span>
     <span class='ocr_line' id='line_1_30' title="bbox 295 1481 948 1532; baseline -0.005 -11"><span class='ocrx_word' id='word_1_97' title='bbox 295 1483 386 1522; x_wconf 89' lang='lat' dir='ltr'><strong>rian.</strong></span> <span class='ocrx_word' id='word_1_98' title='bbox 409 1484 457 1520; x_wconf 92' lang='lat' dir='ltr'><strong>ad</strong></span> <span class='ocrx_word' id='word_1_99' title='bbox 475 1481 644 1520; x_wconf 88' lang='lat' dir='ltr'><strong>Monach.</strong></span> <span class='ocrx_word' id='word_1_100' title='bbox 664 1495 719 1532; x_wconf 88' lang='lat' dir='ltr'><strong>cp.</strong></span> <span class='ocrx_word' id='word_1_101' title='bbox 740 1482 792 1523; x_wconf 90' lang='lat'><strong>56</strong></span> <span class='ocrx_word' id='word_1_102' title='bbox 811 1495 846 1532; x_wconf 90' lang='lat' dir='ltr'><strong>p.</strong></span> <span class='ocrx_word' id='word_1_103' title='bbox 865 1483 948 1523; x_wconf 85' lang='lat'><strong>378</strong></span> 
     </span>
     <span class='ocr_line' id='line_1_31' title="bbox 296 1538 949 1590; baseline -0.003 -13"><span class='ocrx_word' id='word_1_104' title='bbox 296 1539 416 1589; x_wconf 85' lang='lat' dir='ltr'><strong>colligi</strong></span> <span class='ocrx_word' id='word_1_105' title='bbox 432 1543 564 1590; x_wconf 87' lang='lat' dir='ltr'><strong>potest.</strong></span> <span class='ocrx_word' id='word_1_106' title='bbox 589 1538 710 1588; x_wconf 88' lang='lat' dir='ltr'><strong>Atque</strong></span> <span class='ocrx_word' id='word_1_107' title='bbox 724 1538 812 1575; x_wconf 90' lang='lat' dir='ltr'><strong>Isidi</strong></span> <span class='ocrx_word' id='word_1_108' title='bbox 830 1551 949 1575; x_wconf 89' lang='lat' dir='ltr'><strong>sacras</strong></span> 
     </span>
     <span class='ocr_line' id='line_1_32' title="bbox 296 1595 950 1647; baseline -0.005 -13"><span class='ocrx_word' id='word_1_109' title='bbox 296 1596 479 1647; x_wconf 85' lang='lat' dir='ltr'><strong>perhiberi</strong></span> <span class='ocrx_word' id='word_1_110' title='bbox 499 1608 646 1642; x_wconf 89' lang='lat' dir='ltr'><strong>vaccas,</strong></span> <span class='ocrx_word' id='word_1_111' title='bbox 676 1607 784 1632; x_wconf 91' lang='lat' dir='ltr'><strong>nemo</strong></span> <span class='ocrx_word' id='word_1_112' title='bbox 803 1595 950 1632; x_wconf 90' lang='lat' dir='ltr'><strong>mirabi-</strong></span> 
     </span>
     <span class='ocr_line' id='line_1_33' title="bbox 296 1650 950 1703; baseline -0.005 -13"><span class='ocrx_word' id='word_1_113' title='bbox 296 1657 375 1700; x_wconf 89' lang='lat' dir='ltr'><strong>tur,</strong></span> <span class='ocrx_word' id='word_1_114' title='bbox 404 1653 464 1701; x_wconf 90' lang='lat' dir='ltr'><strong>qui</strong></span> <span class='ocrx_word' id='word_1_115' title='bbox 479 1652 595 1703; x_wconf 86' lang='lat' dir='ltr'><strong>ipsam</strong></span> <span class='ocrx_word' id='word_1_116' title='bbox 607 1650 872 1701; x_wconf 68' lang='lat' dir='ltr'><strong>Aegyptiorum</strong></span> <span class='ocrx_word' id='word_1_117' title='bbox 891 1663 950 1687; x_wconf 91' lang='lat' dir='ltr'><strong>sa-</strong></span> 
     </span>
     <span class='ocr_line' id='line_1_34' title="bbox 293 1707 949 1757; baseline -0.003 -11"><span class='ocrx_word' id='word_1_118' title='bbox 293 1721 436 1747; x_wconf 88' lang='lat' dir='ltr'><strong>crorum</strong></span> <span class='ocrx_word' id='word_1_119' title='bbox 476 1721 519 1745; x_wconf 92' lang='lat' dir='ltr'><strong>ac</strong></span> <span class='ocrx_word' id='word_1_120' title='bbox 556 1707 739 1757; x_wconf 82' lang='lat' dir='ltr'><strong>religionis</strong></span> <span class='ocrx_word' id='word_1_121' title='bbox 773 1708 949 1745; x_wconf 86' lang='lat' dir='ltr'><strong>rationem</strong></span> 
     </span>
     <span class='ocr_line' id='line_1_35' title="bbox 294 1763 949 1816; baseline -0.003 -14"><span class='ocrx_word' id='word_1_122' title='bbox 294 1765 530 1816; x_wconf 86' lang='lat' dir='ltr'><strong>perspexerit.</strong></span> <span class='ocrx_word' id='word_1_123' title='bbox 573 1764 626 1801; x_wconf 94' lang='lat' dir='ltr'><strong>Ut</strong></span> <span class='ocrx_word' id='word_1_124' title='bbox 650 1765 745 1802; x_wconf 87' lang='lat' dir='ltr'><strong>enirn</strong></span> <span class='ocrx_word' id='word_1_125' title='bbox 766 1763 949 1801; x_wconf 89' lang='lat' dir='ltr'><strong>Osiridem</strong></span> 
     </span>
     <span class='ocr_line' id='line_1_36' title="bbox 298 1820 949 1871; baseline -0.003 -12"><span class='ocrx_word' id='word_1_126' title='bbox 298 1821 414 1859; x_wconf 83' lang='lat' dir='ltr'><strong>Solem</strong></span> <span class='ocrx_word' id='word_1_127' title='bbox 431 1821 481 1858; x_wconf 91' lang='lat' dir='ltr'><strong>illi</strong></span> <span class='ocrx_word' id='word_1_128' title='bbox 492 1820 802 1871; x_wconf 87' lang='lat' dir='ltr'><strong>perhibebant‚ita</strong></span> <span class='ocrx_word' id='word_1_129' title='bbox 814 1820 949 1858; x_wconf 88' lang='lat' dir='ltr'><strong>Isidem</strong></span> 
     </span>
     <span class='ocr_line' id='line_1_37' title="bbox 294 1876 950 1925; baseline -0.003 -10"><span class='ocrx_word' id='word_1_130' title='bbox 294 1878 449 1925; x_wconf 79' lang='lat' dir='ltr'><strong>Lunam,</strong></span> <span class='ocrx_word' id='word_1_131' title='bbox 478 1882 571 1915; x_wconf 82' lang='lat' dir='ltr'><strong>teste</strong></span> <span class='ocrx_word' id='word_1_132' title='bbox 589 1876 780 1913; x_wconf 88' lang='lat' dir='ltr'><strong>Plutarcho</strong></span> <span class='ocrx_word' id='word_1_133' title='bbox 800 1877 846 1914; x_wconf 90' lang='lat' dir='ltr'><strong>de</strong></span> <span class='ocrx_word' id='word_1_134' title='bbox 865 1876 950 1913; x_wconf 91' lang='lat' dir='ltr'><strong>Isid.</strong></span> 
     </span>
     <span class='ocr_line' id='line_1_38' title="bbox 295 1933 949 1984; baseline -0.006 -12"><span class='ocrx_word' id='word_1_135' title='bbox 295 1939 333 1972; x_wconf 90' lang='lat' dir='ltr'><strong>et</strong></span> <span class='ocrx_word' id='word_1_136' title='bbox 350 1934 486 1972; x_wconf 90' lang='lat' dir='ltr'><strong>Osirid.</strong></span> <span class='ocrx_word' id='word_1_137' title='bbox 508 1947 544 1984; x_wconf 88' lang='lat' dir='ltr'><strong>p.</strong></span> <span class='ocrx_word' id='word_1_138' title='bbox 564 1935 647 1974; x_wconf 82' lang='lat'><strong>372</strong></span> <span class='ocrx_word' id='word_1_139' title='bbox 667 1946 694 1970; x_wconf 78' lang='lat' dir='ltr'><strong>S.</strong></span> <span class='ocrx_word' id='word_1_140' title='bbox 714 1933 795 1974; x_wconf 80' lang='lat'><strong>525</strong></span> <span class='ocrx_word' id='word_1_141' title='bbox 815 1933 949 1981; x_wconf 79' lang='lat' dir='ltr'><strong>Wytt.;</strong></span> 
     </span>
     <span class='ocr_line' id='line_1_39' title="bbox 295 1988 950 2040; baseline -0.005 -12"><span class='ocrx_word' id='word_1_142' title='bbox 295 2003 391 2040; x_wconf 83' lang='lat' dir='ltr'><strong>quae</strong></span> <span class='ocrx_word' id='word_1_143' title='bbox 419 1991 567 2039; x_wconf 89' lang='lat' dir='ltr'><strong>quaudo</strong></span> <span class='ocrx_word' id='word_1_144' title='bbox 593 2001 790 2037; x_wconf 87' lang='lat' dir='ltr'><strong>congressa</strong></span> <span class='ocrx_word' id='word_1_145' title='bbox 818 1988 950 2026; x_wconf 87' lang='lat' dir='ltr'><strong>fuerint</strong></span> 
     </span>
     <span class='ocr_line' id='line_1_40' title="bbox 295 2044 948 2094; baseline -0.003 -12"><span class='ocrx_word' id='word_1_146' title='bbox 295 2047 443 2083; x_wconf 87' lang='lat' dir='ltr'><strong>numina</strong></span> <span class='ocrx_word' id='word_1_147' title='bbox 462 2046 510 2093; x_wconf 91' lang='lat' dir='ltr'><strong>(s.</strong></span> <span class='ocrx_word' id='word_1_148' title='bbox 533 2045 680 2094; x_wconf 90' lang='lat' dir='ltr'><strong>quando</strong></span> <span class='ocrx_word' id='word_1_149' title='bbox 701 2044 754 2081; x_wconf 90' lang='lat' dir='ltr'><strong>sol</strong></span> <span class='ocrx_word' id='word_1_150' title='bbox 773 2049 809 2081; x_wconf 87' lang='lat' dir='ltr'><strong>in</strong></span> <span class='ocrx_word' id='word_1_151' title='bbox 839 2045 948 2082; x_wconf 91' lang='lat' dir='ltr'><strong>domo</strong></span> 
     </span>
     <span class='ocr_line' id='line_1_41' title="bbox 294 2100 949 2139; baseline -0.002 -1"><span class='ocrx_word' id='word_1_152' title='bbox 294 2102 389 2139; x_wconf 88' lang='lat' dir='ltr'><strong>tauri</strong></span> <span class='ocrx_word' id='word_1_153' title='bbox 404 2101 542 2138; x_wconf 90' lang='lat' dir='ltr'><strong>locatus</strong></span> <span class='ocrx_word' id='word_1_154' title='bbox 558 2114 637 2137; x_wconf 91' lang='lat' dir='ltr'><strong>cum</strong></span> <span class='ocrx_word' id='word_1_155' title='bbox 650 2100 734 2136; x_wconf 69' lang='lat' dir='ltr'><strong>luna</strong></span> <span class='ocrx_word' id='word_1_156' title='bbox 745 2101 851 2139; x_wconf 90' lang='lat' dir='ltr'><strong>fuerit</strong></span> <span class='ocrx_word' id='word_1_157' title='bbox 863 2113 949 2138; x_wconf 91' lang='lat' dir='ltr'><strong>con-</strong></span> 
     </span>
     <span class='ocr_line' id='line_1_42' title="bbox 294 2156 948 2206; baseline -0.003 -11"><span class='ocrx_word' id='word_1_158' title='bbox 294 2159 461 2206; x_wconf 83' lang='lat' dir='ltr'><strong>gressus)</strong></span> <span class='ocrx_word' id='word_1_159' title='bbox 482 2157 681 2206; x_wconf 87' lang='lat' dir='ltr'><strong>generandi</strong></span> <span class='ocrx_word' id='word_1_160' title='bbox 697 2156 749 2192; x_wconf 87' lang='lat' dir='ltr'><strong>vis</strong></span> <span class='ocrx_word' id='word_1_161' title='bbox 765 2158 801 2193; x_wconf 91' lang='lat' dir='ltr'><strong>in</strong></span> <span class='ocrx_word' id='word_1_162' title='bbox 816 2163 948 2194; x_wconf 86' lang='lat' dir='ltr'><strong>terram</strong></span> 
     </span>
     <span class='ocr_line' id='line_1_43' title="bbox 295 2213 948 2251; baseline -0.003 0"><span class='ocrx_word' id='word_1_163' title='bbox 295 2214 487 2251; x_wconf 78' lang='lat' dir='ltr'><strong>redundat.</strong></span> <span class='ocrx_word' id='word_1_164' title='bbox 500 2213 757 2250; x_wconf 83' lang='lat' dir='ltr'><strong>Generationis</strong></span> <span class='ocrx_word' id='word_1_165' title='bbox 771 2226 855 2251; x_wconf 86' lang='lat' dir='ltr'><strong>vero</strong></span> <span class='ocrx_word' id='word_1_166' title='bbox 867 2214 948 2250; x_wconf 90' lang='lat' dir='ltr'><strong>uni-</strong></span> 
     </span>
     <span class='ocr_line' id='line_1_44' title="bbox 294 2268 948 2318; baseline 0 -12"><span class='ocrx_word' id='word_1_167' title='bbox 294 2282 422 2307; x_wconf 87' lang='lat' dir='ltr'><strong>versae</strong></span> <span class='ocrx_word' id='word_1_168' title='bbox 439 2268 641 2318; x_wconf 86' lang='lat' dir='ltr'><strong>symbolum</strong></span> <span class='ocrx_word' id='word_1_169' title='bbox 660 2274 715 2306; x_wconf 86' lang='lat' dir='ltr'><strong>est</strong></span> <span class='ocrx_word' id='word_1_170' title='bbox 735 2269 801 2306; x_wconf 91' lang='lat' dir='ltr'><strong>bos</strong></span> <span class='ocrx_word' id='word_1_171' title='bbox 814 2282 855 2306; x_wconf 89' lang='lat' dir='ltr'><strong>ac</strong></span> <span class='ocrx_word' id='word_1_172' title='bbox 865 2282 948 2306; x_wconf 86' lang='lat' dir='ltr'><strong>vac-</strong></span> 
     </span>
     <span class='ocr_line' id='line_1_45' title="bbox 293 2325 948 2372; baseline -0.003 -9"><span class='ocrx_word' id='word_1_173' title='bbox 293 2339 348 2372; x_wconf 86' lang='lat' dir='ltr'><strong>ca,</strong></span> <span class='ocrx_word' id='word_1_174' title='bbox 379 2330 418 2363; x_wconf 88' lang='lat' dir='ltr'><strong>ut</strong></span> <span class='ocrx_word' id='word_1_175' title='bbox 435 2325 522 2362; x_wconf 90' lang='lat' dir='ltr'><strong>nihil</strong></span> <span class='ocrx_word' id='word_1_176' title='bbox 540 2325 584 2362; x_wconf 88' lang='lat' dir='ltr'><strong>sit</strong></span> <span class='ocrx_word' id='word_1_177' title='bbox 602 2326 778 2362; x_wconf 87' lang='lat' dir='ltr'><strong>absonum</strong></span> <span class='ocrx_word' id='word_1_178' title='bbox 798 2325 865 2362; x_wconf 91' lang='lat' dir='ltr'><strong>illis</strong></span> <span class='ocrx_word' id='word_1_179' title='bbox 881 2338 948 2362; x_wconf 87' lang='lat' dir='ltr'><strong>nu-</strong></span> 
     </span>
     <span class='ocr_line' id='line_1_46' title="bbox 294 2381 948 2420; baseline -0.005 -1"><span class='ocrx_word' id='word_1_180' title='bbox 294 2382 449 2420; x_wconf 88' lang='lat' dir='ltr'><strong>minibus</strong></span> <span class='ocrx_word' id='word_1_181' title='bbox 476 2381 544 2418; x_wconf 88' lang='lat' dir='ltr'><strong>hoe</strong></span> <span class='ocrx_word' id='word_1_182' title='bbox 570 2381 701 2418; x_wconf 89' lang='lat' dir='ltr'><strong>animal</strong></span> <span class='ocrx_word' id='word_1_183' title='bbox 728 2382 838 2419; x_wconf 88' lang='lat' dir='ltr'><strong>fuisse</strong></span> <span class='ocrx_word' id='word_1_184' title='bbox 861 2394 948 2418; x_wconf 89' lang='lat' dir='ltr'><strong>con-</strong></span> 
     </span>
     <span class='ocr_line' id='line_1_47' title="bbox 294 2437 946 2476; baseline -0.005 0"><span class='ocrx_word' id='word_1_185' title='bbox 294 2442 482 2476; x_wconf 84' lang='lat' dir='ltr'><strong>secratum.</strong></span> <span class='ocrx_word' id='word_1_186' title='bbox 513 2438 598 2475; x_wconf 87' lang='lat' dir='ltr'><strong>Sive</strong></span> <span class='ocrx_word' id='word_1_187' title='bbox 618 2437 791 2474; x_wconf 70' lang='lat' dir='ltr'><strong>Osiridem</strong></span> <span class='ocrx_word' id='word_1_188' title='bbox 812 2437 946 2474; x_wconf 86' lang='lat' dir='ltr'><strong>intelli-</strong></span> 
     </span>
     <span class='ocr_line' id='line_1_48' title="bbox 293 2492 949 2544; baseline -0.005 -11"><span class='ocrx_word' id='word_1_189' title='bbox 293 2507 382 2544; x_wconf 86' lang='lat' dir='ltr'><strong>gere</strong></span> <span class='ocrx_word' id='word_1_190' title='bbox 400 2494 503 2531; x_wconf 87' lang='lat' dir='ltr'><strong>malis</strong></span> <span class='ocrx_word' id='word_1_191' title='bbox 521 2492 667 2542; x_wconf 81' lang='lat' dir='ltr'><strong>Nilum,</strong></span> <span class='ocrx_word' id='word_1_192' title='bbox 702 2494 772 2531; x_wconf 87' lang='lat' dir='ltr'><strong>iam</strong></span> <span class='ocrx_word' id='word_1_193' title='bbox 790 2492 860 2530; x_wconf 81' lang='lat' dir='ltr'><strong>Isis</strong></span> <span class='ocrx_word' id='word_1_194' title='bbox 880 2494 949 2531; x_wconf 84' lang='lat' dir='ltr'><strong>erit</strong></span> 
     </span>
     <span class='ocr_line' id='line_1_49' title="bbox 293 2549 948 2601; baseline -0.002 -13"><span class='ocrx_word' id='word_1_195' title='bbox 293 2555 387 2588; x_wconf 83' lang='lat' dir='ltr'><strong>terra</strong></span> <span class='ocrx_word' id='word_1_196' title='bbox 407 2551 650 2601; x_wconf 69' lang='lat' dir='ltr'><strong>Aegyptiace,</strong></span> <span class='ocrx_word' id='word_1_197' title='bbox 679 2563 701 2588; x_wconf 94' lang='lat' dir='ltr'><strong>a</strong></span> <span class='ocrx_word' id='word_1_198' title='bbox 722 2549 808 2588; x_wconf 88' lang='lat' dir='ltr'><strong>Nilo</strong></span> <span class='ocrx_word' id='word_1_199' title='bbox 835 2563 948 2588; x_wconf 81' lang='lat' dir='ltr'><strong>exun-</strong></span> 
     </span>
     <span class='ocr_line' id='line_1_50' title="bbox 292 2606 948 2656; baseline -0.003 -11"><span class='ocrx_word' id='word_1_200' title='bbox 292 2609 403 2645; x_wconf 87' lang='lat' dir='ltr'><strong>dante</strong></span> <span class='ocrx_word' id='word_1_201' title='bbox 420 2611 589 2656; x_wconf 83' lang='lat' dir='ltr'><strong>vegetata</strong></span> <span class='ocrx_word' id='word_1_202' title='bbox 617 2610 654 2644; x_wconf 88' lang='lat' dir='ltr'><strong>et</strong></span> <span class='ocrx_word' id='word_1_203' title='bbox 676 2606 780 2656; x_wconf 86' lang='lat' dir='ltr'><strong>quasi</strong></span> <span class='ocrx_word' id='word_1_204' title='bbox 799 2607 948 2643; x_wconf 85' lang='lat' dir='ltr'><strong>foecun-</strong></span> 
     </span>
     <span class='ocr_line' id='line_1_51' title="bbox 291 2663 945 2711; baseline -0.006 -9"><span class='ocrx_word' id='word_1_205' title='bbox 291 2665 389 2702; x_wconf 85' lang='lat' dir='ltr'><strong>data.</strong></span> <span class='ocrx_word' id='word_1_206' title='bbox 419 2664 546 2701; x_wconf 85' lang='lat' dir='ltr'><strong>Manet</strong></span> <span class='ocrx_word' id='word_1_207' title='bbox 561 2675 666 2701; x_wconf 86' lang='lat' dir='ltr'><strong>vacca</strong></span> <span class='ocrx_word' id='word_1_208' title='bbox 678 2663 782 2699; x_wconf 85' lang='lat' dir='ltr'><strong>Isidis</strong></span> <span class='ocrx_word' id='word_1_209' title='bbox 804 2663 945 2711; x_wconf 82' lang='lat' dir='ltr'><strong>signum</strong></span> 
     </span>
     <span class='ocr_line' id='line_1_52' title="bbox 290 2719 945 2772; baseline -0.005 -14"><span class='ocrx_word' id='word_1_210' title='bbox 290 2720 614 2772; x_wconf 87' lang='lat' dir='ltr'><strong>procreatricisque</strong></span> <span class='ocrx_word' id='word_1_211' title='bbox 631 2723 780 2757; x_wconf 88' lang='lat' dir='ltr'><strong>naturae</strong></span> <span class='ocrx_word' id='word_1_212' title='bbox 799 2719 945 2767; x_wconf 78' lang='lat' dir='ltr'><strong>symbo-</strong></span> 
     </span>
     <span class='ocr_line' id='line_1_53' title="bbox 291 2770 943 2828; baseline -0.002 -14"><span class='ocrx_word' id='word_1_213' title='bbox 291 2777 384 2822; x_wconf 78' lang='lat' dir='ltr'><strong>lum3</strong></span> <span class='ocrx_word' id='word_1_214' title='bbox 414 2778 516 2828; x_wconf 79' lang='grc' dir='ltr'><em>βοῦν</em></span> <span class='ocrx_word' id='word_1_215' title='bbox 542 2773 616 2827; x_wconf 73' lang='grc' dir='ltr'><strong>γὰρ</strong></span> <span class='ocrx_word' id='word_1_216' title='bbox 635 2772 779 2821; x_wconf 81' lang='grc' dir='ltr'><em>Ἴσιδος</em></span> <span class='ocrx_word' id='word_1_217' title='bbox 808 2770 943 2814; x_wconf 82' lang='grc' dir='ltr'><strong><em>εἰκόνα</em></strong></span> 
     </span>
     <span class='ocr_line' id='line_1_54' title="bbox 291 2830 943 2885; baseline -0.009 -12"><span class='ocrx_word' id='word_1_218' title='bbox 291 2832 360 2873; x_wconf 82' lang='grc' dir='ltr'><strong>καὶ</strong></span> <span class='ocrx_word' id='word_1_219' title='bbox 379 2835 455 2885; x_wconf 79' lang='grc' dir='ltr'><em>γῆν</em></span> <span class='ocrx_word' id='word_1_220' title='bbox 472 2833 712 2881; x_wconf 85' lang='grc' dir='ltr'><em>νομίζουσιν,</em></span> <span class='ocrx_word' id='word_1_221' title='bbox 743 2836 783 2868; x_wconf 93' lang='lat' dir='ltr'><strong>ut</strong></span> <span class='ocrx_word' id='word_1_222' title='bbox 801 2830 943 2868; x_wconf 86' lang='lat' dir='ltr'><strong>Plutar-</strong></span> 
     </span>
     <span class='ocr_line' id='line_1_55' title="bbox 293 2887 941 2938; baseline -0.008 -9"><span class='ocrx_word' id='word_1_223' title='bbox 293 2889 380 2930; x_wconf 85' lang='lat' dir='ltr'><strong>chus</strong></span> <span class='ocrx_word' id='word_1_224' title='bbox 398 2890 519 2928; x_wconf 88' lang='lat' dir='ltr'><strong>scribit</strong></span> <span class='ocrx_word' id='word_1_225' title='bbox 536 2888 557 2926; x_wconf 91' lang='grc' dir='ltr'><strong>Ι.</strong></span> <span class='ocrx_word' id='word_1_226' title='bbox 579 2887 601 2926; x_wconf 90' lang='lat' dir='ltr'><strong>l.</strong></span> <span class='ocrx_word' id='word_1_227' title='bbox 642 2888 784 2938; x_wconf 87' lang='lat' dir='ltr'><strong>„Igitur</strong></span> <span class='ocrx_word' id='word_1_228' title='bbox 805 2887 854 2925; x_wconf 90' lang='lat' dir='ltr'><strong>nil</strong></span> <span class='ocrx_word' id='word_1_229' title='bbox 873 2888 941 2925; x_wconf 89' lang='lat' dir='ltr'><strong>mi-</strong></span> 
     </span>
    </p>
   </div>
   <div class='ocr_carea' id='block_1_14' title="bbox 327 428 1615 646">
    <p class='ocr_par' dir='ltr' id='par_1_14' title="bbox 327 428 1615 646">
     <span class='ocr_line' id='line_1_56' title="bbox 357 428 1614 487; baseline -0.002 -12"><span class='ocrx_word' id='word_1_230' title='bbox 357 431 429 475; x_wconf 83' lang='grc' dir='ltr'><strong>καὶ</strong></span> <span class='ocrx_word' id='word_1_231' title='bbox 457 430 562 482; x_wconf 84' lang='grc' dir='ltr'><strong>τούς</strong></span> <span class='ocrx_word' id='word_1_232' title='bbox 589 431 778 487; x_wconf 83' lang='grc' dir='ltr'><em>μόσχους</em></span> <span class='ocrx_word' id='word_1_233' title='bbox 807 433 851 475; x_wconf 80' lang='grc' dir='ltr'><strong>οἱ</strong></span> <span class='ocrx_word' id='word_1_234' title='bbox 879 431 1036 482; x_wconf 83' lang='grc' dir='ltr'><em>πάντες</em></span> <span class='ocrx_word' id='word_1_235' title='bbox 1065 429 1296 486; x_wconf 82' lang='grc' dir='ltr'><em>Αἰγύπτιοι</em></span> <span class='ocrx_word' id='word_1_236' title='bbox 1323 429 1508 473; x_wconf 82' lang='grc' dir='ltr'><em>θύουσι·</em></span> <span class='ocrx_word' id='word_1_237' title='bbox 1536 428 1614 481; x_wconf 80' lang='grc' dir='ltr'><strong>τὰς</strong></span> 
     </span>
     <span class='ocr_line' id='line_1_57' title="bbox 357 508 1615 567; baseline -0.002 -13"><span class='ocrx_word' id='word_1_238' title='bbox 357 510 404 554; x_wconf 75' lang='grc' dir='ltr'><strong>δὲ</strong></span> <span class='ocrx_word' id='word_1_239' title='bbox 431 511 592 567; x_wconf 79' lang='grc' dir='ltr'><strong><em>θηλέας</em></strong></span> <span class='ocrx_word' id='word_1_240' title='bbox 621 510 674 554; x_wconf 79' lang='grc' dir='ltr'><strong>οὔ</strong></span> <span class='ocrx_word' id='word_1_241' title='bbox 704 523 783 565; x_wconf 87' lang='grc' dir='ltr'><strong>σφι</strong></span> <span class='ocrx_word' id='word_1_242' title='bbox 812 511 944 561; x_wconf 78' lang='grc' dir='ltr'><em>ἔξεστι</em></span> <span class='ocrx_word' id='word_1_243' title='bbox 982 509 1132 561; x_wconf 78' lang='grc' dir='ltr'><em>θύειν,</em></span> <span class='ocrx_word' id='word_1_244' title='bbox 1173 508 1281 553; x_wconf 72' lang='grc' dir='ltr'><em>ἄλλά</em></span> <span class='ocrx_word' id='word_1_245' title='bbox 1313 511 1402 562; x_wconf 80' lang='grc' dir='ltr'><strong><em>ἱραί</em></strong></span> <span class='ocrx_word' id='word_1_246' title='bbox 1432 510 1512 552; x_wconf 80' lang='grc' dir='ltr'><em>εἶσι</em></span> <span class='ocrx_word' id='word_1_247' title='bbox 1539 512 1615 564; x_wconf 81' lang='grc' dir='ltr'><strong>τῆς</strong></span> 
     </span>
     <span class='ocr_line' id='line_1_58' title="bbox 327 586 1614 646; baseline 0.001 -16"><span class='ocrx_word' id='word_1_248' title='bbox 327 589 491 641; x_wconf 67' lang='grc' dir='ltr'><em>ΞἼσιος.</em></span> <span class='ocrx_word' id='word_1_249' title='bbox 548 589 596 632; x_wconf 80' lang='grc' dir='ltr'><strong>τό</strong></span> <span class='ocrx_word' id='word_1_250' title='bbox 636 588 718 645; x_wconf 79' lang='grc' dir='ltr'><strong>γὰρ</strong></span> <span class='ocrx_word' id='word_1_251' title='bbox 757 592 832 645; x_wconf 80' lang='grc' dir='ltr'><strong>τῆς</strong></span> <span class='ocrx_word' id='word_1_252' title='bbox 858 588 990 641; x_wconf 84' lang='grc' dir='ltr'><em>Ἴσιος</em></span> <span class='ocrx_word' id='word_1_253' title='bbox 1019 587 1191 645; x_wconf 78' lang='grc' dir='ltr'><em>ἄγαλμα</em></span> <span class='ocrx_word' id='word_1_254' title='bbox 1229 588 1302 633; x_wconf 79' lang='grc' dir='ltr'><em>ἐὸν</em></span> <span class='ocrx_word' id='word_1_255' title='bbox 1331 586 1614 646; x_wconf 75' lang='grc' dir='ltr'><em>γυναικήιον,</em></span> 
     </span>
    </p>
   </div>
   <div class='ocr_carea' id='block_1_15' title="bbox 1008 805 1672 2942">
    <p class='ocr_par' dir='ltr' id='par_1_15' title="bbox 1008 805 1672 2873">
     <span class='ocr_line' id='line_1_59' title="bbox 1018 805 1670 853; baseline 0 -11"><span class='ocrx_word' id='word_1_256' title='bbox 1018 817 1097 842; x_wconf 90' lang='lat' dir='ltr'><strong>rum</strong></span> <span class='ocrx_word' id='word_1_257' title='bbox 1132 806 1245 853; x_wconf 89' lang='lat' dir='ltr'><strong>(sunt</strong></span> <span class='ocrx_word' id='word_1_258' title='bbox 1281 805 1391 843; x_wconf 90' lang='lat' dir='ltr'><strong>verba</strong></span> <span class='ocrx_word' id='word_1_259' title='bbox 1427 805 1598 844; x_wconf 85' lang='lat' dir='ltr'><strong>Creuzeri</strong></span> <span class='ocrx_word' id='word_1_260' title='bbox 1632 805 1670 842; x_wconf 90' lang='lat' dir='ltr'><strong>in</strong></span> 
     </span>
     <span class='ocr_line' id='line_1_60' title="bbox 1019 862 1671 912; baseline -0.002 -14"><span class='ocrx_word' id='word_1_261' title='bbox 1019 862 1160 898; x_wconf 90' lang='lat' dir='ltr'><strong>Comm.</strong></span> <span class='ocrx_word' id='word_1_262' title='bbox 1181 862 1271 899; x_wconf 88' lang='lat' dir='ltr'><strong>Her.</strong></span> <span class='ocrx_word' id='word_1_263' title='bbox 1297 875 1334 912; x_wconf 90' lang='lat' dir='ltr'><strong>p.</strong></span> <span class='ocrx_word' id='word_1_264' title='bbox 1367 864 1446 903; x_wconf 79' lang='lat'><strong>123</strong></span> <span class='ocrx_word' id='word_1_265' title='bbox 1471 862 1548 898; x_wconf 90' lang='lat' dir='ltr'><strong>coll.</strong></span> <span class='ocrx_word' id='word_1_266' title='bbox 1579 865 1671 904; x_wconf 78' lang='lat'><strong>121.</strong></span> 
     </span>
     <span class='ocr_line' id='line_1_61' title="bbox 1021 917 1672 968; baseline -0.002 -14"><span class='ocrx_word' id='word_1_267' title='bbox 1021 919 1122 965; x_wconf 82' lang='lat'>125)</span> <span class='ocrx_word' id='word_1_268' title='bbox 1150 918 1339 955; x_wconf 87' lang='lat' dir='ltr'><strong>universae</strong></span> <span class='ocrx_word' id='word_1_269' title='bbox 1367 917 1470 967; x_wconf 90' lang='lat' dir='ltr'><strong>quasi</strong></span> <span class='ocrx_word' id='word_1_270' title='bbox 1502 929 1672 968; x_wconf 85' lang='lat' dir='ltr'><strong>procrea-</strong></span> 
     </span>
     <span class='ocr_line' id='line_1_62' title="bbox 1016 973 1670 1012; baseline 0 -2"><span class='ocrx_word' id='word_1_271' title='bbox 1016 973 1111 1010; x_wconf 90' lang='lat' dir='ltr'><strong>tricis</strong></span> <span class='ocrx_word' id='word_1_272' title='bbox 1137 980 1287 1012; x_wconf 86' lang='lat' dir='ltr'><strong>naturae</strong></span> <span class='ocrx_word' id='word_1_273' title='bbox 1308 974 1437 1011; x_wconf 88' lang='lat' dir='ltr'><strong>bovem</strong></span> <span class='ocrx_word' id='word_1_274' title='bbox 1457 986 1501 1012; x_wconf 88' lang='lat' dir='ltr'><strong>ac</strong></span> <span class='ocrx_word' id='word_1_275' title='bbox 1527 985 1670 1011; x_wconf 89' lang='lat' dir='ltr'><strong>vaccam</strong></span> 
     </span>
     <span class='ocr_line' id='line_1_63' title="bbox 1018 1029 1672 1079; baseline 0.002 -13"><span class='ocrx_word' id='word_1_276' title='bbox 1018 1029 1183 1079; x_wconf 82' lang='lat' dir='ltr'><strong>symbola</strong></span> <span class='ocrx_word' id='word_1_277' title='bbox 1223 1031 1335 1067; x_wconf 87' lang='lat' dir='ltr'><strong>fuisse</strong></span> <span class='ocrx_word' id='word_1_278' title='bbox 1371 1030 1577 1076; x_wconf 84' lang='lat' dir='ltr'><strong>veteribus3</strong></span> <span class='ocrx_word' id='word_1_279' title='bbox 1634 1034 1672 1067; x_wconf 88' lang='lat' dir='ltr'><strong>et</strong></span> 
     </span>
     <span class='ocr_line' id='line_1_64' title="bbox 1017 1086 1670 1136; baseline -0.002 -13"><span class='ocrx_word' id='word_1_280' title='bbox 1017 1087 1164 1136; x_wconf 90' lang='lat' dir='ltr'><strong>quando</strong></span> <span class='ocrx_word' id='word_1_281' title='bbox 1182 1086 1217 1123; x_wconf 89' lang='lat' dir='ltr'><strong>in</strong></span> <span class='ocrx_word' id='word_1_282' title='bbox 1238 1086 1444 1124; x_wconf 86' lang='lat' dir='ltr'><strong>sementivis</strong></span> <span class='ocrx_word' id='word_1_283' title='bbox 1455 1086 1555 1124; x_wconf 86' lang='lat' dir='ltr'><strong>festis</strong></span> <span class='ocrx_word' id='word_1_284' title='bbox 1571 1086 1670 1135; x_wconf 89' lang='lat' dir='ltr'><strong>agri—</strong></span> 
     </span>
     <span class='ocr_line' id='line_1_65' title="bbox 1017 1142 1669 1180; baseline 0.002 -1"><span class='ocrx_word' id='word_1_285' title='bbox 1017 1142 1174 1180; x_wconf 89' lang='lat' dir='ltr'><strong>culturae</strong></span> <span class='ocrx_word' id='word_1_286' title='bbox 1194 1143 1458 1180; x_wconf 86' lang='lat' dir='ltr'><strong>vicissitudines</strong></span> <span class='ocrx_word' id='word_1_287' title='bbox 1479 1143 1669 1180; x_wconf 85' lang='lat' dir='ltr'><strong>asiderum</strong></span> 
     </span>
     <span class='ocr_line' id='line_1_66' title="bbox 1016 1199 1672 1250; baseline -0.002 -14"><span class='ocrx_word' id='word_1_288' title='bbox 1016 1203 1138 1236; x_wconf 83' lang='lat' dir='ltr'><strong>meatu</strong></span> <span class='ocrx_word' id='word_1_289' title='bbox 1178 1212 1372 1250; x_wconf 88' lang='lat' dir='ltr'><strong>suspensas</strong></span> <span class='ocrx_word' id='word_1_290' title='bbox 1419 1199 1672 1248; x_wconf 88' lang='lat' dir='ltr'><strong>significabant</strong></span> 
     </span>
     <span class='ocr_line' id='line_1_67' title="bbox 1017 1254 1672 1307; baseline -0.002 -14"><span class='ocrx_word' id='word_1_291' title='bbox 1017 1268 1083 1307; x_wconf 87' lang='lat' dir='ltr'><strong>per</strong></span> <span class='ocrx_word' id='word_1_292' title='bbox 1099 1256 1214 1293; x_wconf 74' lang='lat' dir='ltr'><strong>bovem</strong></span> <span class='ocrx_word' id='word_1_293' title='bbox 1231 1256 1287 1294; x_wconf 91' lang='lat' dir='ltr'><strong>vel</strong></span> <span class='ocrx_word' id='word_1_294' title='bbox 1307 1261 1426 1293; x_wconf 89' lang='lat' dir='ltr'><strong>aratro</strong></span> <span class='ocrx_word' id='word_1_295' title='bbox 1447 1258 1602 1293; x_wconf 87' lang='lat' dir='ltr'><strong>iunctum</strong></span> <span class='ocrx_word' id='word_1_296' title='bbox 1615 1254 1672 1293; x_wconf 88' lang='lat' dir='ltr'><strong>vel</strong></span> 
     </span>
     <span class='ocr_line' id='line_1_68' title="bbox 1015 1313 1672 1363; baseline 0.002 -15"><span class='ocrx_word' id='word_1_297' title='bbox 1015 1324 1146 1350; x_wconf 86' lang='lat' dir='ltr'><strong>vaccae</strong></span> <span class='ocrx_word' id='word_1_298' title='bbox 1160 1313 1364 1350; x_wconf 89' lang='lat' dir='ltr'><strong>admotum:</strong></span> <span class='ocrx_word' id='word_1_299' title='bbox 1395 1313 1463 1350; x_wconf 90' lang='lat' dir='ltr'><strong>hoc</strong></span> <span class='ocrx_word' id='word_1_300' title='bbox 1476 1313 1558 1363; x_wconf 89' lang='lat' dir='ltr'><strong>ipso</strong></span> <span class='ocrx_word' id='word_1_301' title='bbox 1575 1325 1672 1361; x_wconf 89' lang='lat' dir='ltr'><strong>sym-</strong></span> 
     </span>
     <span class='ocr_line' id='line_1_69' title="bbox 1016 1368 1671 1420; baseline 0.003 -16"><span class='ocrx_word' id='word_1_302' title='bbox 1016 1368 1100 1405; x_wconf 92' lang='lat' dir='ltr'><strong>bolo</strong></span> <span class='ocrx_word' id='word_1_303' title='bbox 1129 1369 1246 1406; x_wconf 88' lang='lat' dir='ltr'><strong>varias</strong></span> <span class='ocrx_word' id='word_1_304' title='bbox 1276 1369 1313 1406; x_wconf 89' lang='lat' dir='ltr'><strong>in</strong></span> <span class='ocrx_word' id='word_1_305' title='bbox 1346 1374 1470 1420; x_wconf 90' lang='lat' dir='ltr'><strong>partes</strong></span> <span class='ocrx_word' id='word_1_306' title='bbox 1497 1381 1671 1406; x_wconf 84' lang='lat' dir='ltr'><strong>converso</strong></span> 
     </span>
     <span class='ocr_line' id='line_1_70' title="bbox 1018 1424 1672 1463; baseline 0 -1"><span class='ocrx_word' id='word_1_307' title='bbox 1018 1424 1126 1462; x_wconf 89' lang='lat' dir='ltr'><strong>etiam</strong></span> <span class='ocrx_word' id='word_1_308' title='bbox 1151 1425 1245 1463; x_wconf 87' lang='lat' dir='ltr'><strong>vitae</strong></span> <span class='ocrx_word' id='word_1_309' title='bbox 1272 1425 1450 1463; x_wconf 87' lang='lat' dir='ltr'><strong>humanae</strong></span> <span class='ocrx_word' id='word_1_310' title='bbox 1483 1425 1608 1462; x_wconf 88' lang='lat' dir='ltr'><strong>orbem</strong></span> <span class='ocrx_word' id='word_1_311' title='bbox 1635 1429 1672 1463; x_wconf 90' lang='lat' dir='ltr'><strong>et</strong></span> 
     </span>
     <span class='ocr_line' id='line_1_71' title="bbox 1017 1480 1670 1532; baseline 0.003 -16"><span class='ocrx_word' id='word_1_312' title='bbox 1017 1480 1292 1519; x_wconf 75' lang='lat' dir='ltr'><strong>immortalitatis</strong></span> <span class='ocrx_word' id='word_1_313' title='bbox 1328 1482 1526 1518; x_wconf 90' lang='lat' dir='ltr'><strong>animorum</strong></span> <span class='ocrx_word' id='word_1_314' title='bbox 1568 1494 1670 1532; x_wconf 87' lang='lat' dir='ltr'><strong>spem</strong></span> 
     </span>
     <span class='ocr_line' id='line_1_72' title="bbox 1018 1537 1671 1588; baseline 0.002 -15"><span class='ocrx_word' id='word_1_315' title='bbox 1018 1537 1254 1586; x_wconf 87' lang='lat' dir='ltr'><strong>significatam</strong></span> <span class='ocrx_word' id='word_1_316' title='bbox 1274 1537 1440 1575; x_wconf 73' lang='lat' dir='ltr'><strong>voluisse.</strong></span> <span class='ocrx_word' id='word_1_317' title='bbox 1486 1537 1574 1575; x_wconf 90' lang='lat' dir='ltr'><strong>Non</strong></span> <span class='ocrx_word' id='word_1_318' title='bbox 1591 1537 1671 1588; x_wconf 86' lang='lat' dir='ltr'><strong>phi-</strong></span> 
     </span>
     <span class='ocr_line' id='line_1_73' title="bbox 1015 1593 1670 1644; baseline 0 -14"><span class='ocrx_word' id='word_1_319' title='bbox 1015 1593 1203 1644; x_wconf 90' lang='lat' dir='ltr'><strong>losopham</strong></span> <span class='ocrx_word' id='word_1_320' title='bbox 1219 1595 1370 1631; x_wconf 88' lang='lat' dir='ltr'><strong>dicimus</strong></span> <span class='ocrx_word' id='word_1_321' title='bbox 1388 1595 1446 1631; x_wconf 93' lang='lat' dir='ltr'><strong>hic</strong></span> <span class='ocrx_word' id='word_1_322' title='bbox 1471 1593 1670 1631; x_wconf 87' lang='lat' dir='ltr'><strong>doctrinam</strong></span> 
     </span>
     <span class='ocr_line' id='line_1_74' title="bbox 1018 1650 1669 1700; baseline -0.003 -12"><span class='ocrx_word' id='word_1_323' title='bbox 1018 1651 1082 1688; x_wconf 88' lang='lat' dir='ltr'><strong>sed</strong></span> <span class='ocrx_word' id='word_1_324' title='bbox 1104 1663 1207 1700; x_wconf 90' lang='lat' dir='ltr'><strong>spem</strong></span> <span class='ocrx_word' id='word_1_325' title='bbox 1232 1651 1433 1688; x_wconf 84' lang='lat' dir='ltr'><strong>universam</strong></span> <span class='ocrx_word' id='word_1_326' title='bbox 1461 1650 1556 1687; x_wconf 89' lang='lat' dir='ltr'><strong>vitae</strong></span> <span class='ocrx_word' id='word_1_327' title='bbox 1576 1650 1669 1687; x_wconf 90' lang='lat' dir='ltr'><strong>revi-</strong></span> 
     </span>
     <span class='ocr_line' id='line_1_75' title="bbox 1016 1706 1668 1755; baseline 0.002 -12"><span class='ocrx_word' id='word_1_328' title='bbox 1016 1707 1183 1744; x_wconf 87' lang='lat' dir='ltr'><strong>viscentis</strong></span> <span class='ocrx_word' id='word_1_329' title='bbox 1214 1711 1251 1744; x_wconf 88' lang='lat' dir='ltr'><strong>et</strong></span> <span class='ocrx_word' id='word_1_330' title='bbox 1283 1706 1456 1744; x_wconf 87' lang='lat' dir='ltr'><strong>ubertatis</strong></span> <span class='ocrx_word' id='word_1_331' title='bbox 1483 1718 1668 1755; x_wconf 86' lang='lat' dir='ltr'><strong>nunquam</strong></span> 
     </span>
     <span class='ocr_line' id='line_1_76' title="bbox 1017 1763 1668 1812; baseline -0.003 -11"><span class='ocrx_word' id='word_1_332' title='bbox 1017 1763 1314 1812; x_wconf 82' lang='lat' dir='ltr'><strong>exstinguendae.</strong></span> <span class='ocrx_word' id='word_1_333' title='bbox 1338 1763 1479 1800; x_wconf 88' lang='lat' dir='ltr'><strong>Eadem</strong></span> <span class='ocrx_word' id='word_1_334' title='bbox 1496 1763 1668 1800; x_wconf 83' lang='lat' dir='ltr'><strong>ubertatis</strong></span> 
     </span>
     <span class='ocr_line' id='line_1_77' title="bbox 1018 1819 1670 1871; baseline -0.002 -14"><span class='ocrx_word' id='word_1_335' title='bbox 1018 1833 1103 1871; x_wconf 88' lang='lat' dir='ltr'><strong>spes</strong></span> <span class='ocrx_word' id='word_1_336' title='bbox 1124 1825 1272 1857; x_wconf 84' lang='lat' dir='ltr'><strong>ostensa</strong></span> <span class='ocrx_word' id='word_1_337' title='bbox 1291 1833 1312 1857; x_wconf 90' lang='lat' dir='ltr'><strong>a</strong></span> <span class='ocrx_word' id='word_1_338' title='bbox 1332 1819 1516 1870; x_wconf 84' lang='lat' dir='ltr'><strong>Sibyllinis</strong></span> <span class='ocrx_word' id='word_1_339' title='bbox 1543 1832 1670 1857; x_wconf 93' lang='lat' dir='ltr'><strong>oracu-</strong></span> 
     </span>
     <span class='ocr_line' id='line_1_78' title="bbox 1015 1875 1668 1928; baseline -0.002 -15"><span class='ocrx_word' id='word_1_340' title='bbox 1015 1875 1058 1913; x_wconf 91' lang='lat' dir='ltr'><strong>lis</strong></span> <span class='ocrx_word' id='word_1_341' title='bbox 1087 1876 1221 1928; x_wconf 88' lang='lat' dir='ltr'><strong>populo</strong></span> <span class='ocrx_word' id='word_1_342' title='bbox 1249 1876 1418 1913; x_wconf 88' lang='lat' dir='ltr'><strong>Romano</strong></span> <span class='ocrx_word' id='word_1_343' title='bbox 1445 1875 1482 1912; x_wconf 89' lang='lat' dir='ltr'><strong>in</strong></span> <span class='ocrx_word' id='word_1_344' title='bbox 1511 1875 1668 1926; x_wconf 87' lang='lat' dir='ltr'><strong>Dionysi</strong></span> 
     </span>
     <span class='ocr_line' id='line_1_79' title="bbox 1016 1931 1668 1983; baseline 0.002 -15"><span class='ocrx_word' id='word_1_345' title='bbox 1016 1932 1134 1969; x_wconf 83' lang='lat' dir='ltr'><strong>Halic.</strong></span> <span class='ocrx_word' id='word_1_346' title='bbox 1152 1932 1251 1979; x_wconf 84' lang='lat' dir='ltr'>XIV,</span> <span class='ocrx_word' id='word_1_347' title='bbox 1271 1935 1325 1974; x_wconf 76' lang='grc'><strong>20</strong></span> <span class='ocrx_word' id='word_1_348' title='bbox 1345 1945 1381 1983; x_wconf 88' lang='lat' dir='ltr'><strong>p.</strong></span> <span class='ocrx_word' id='word_1_349' title='bbox 1393 1935 1447 1974; x_wconf 91' lang='lat'><strong>60</strong></span> <span class='ocrx_word' id='word_1_350' title='bbox 1463 1931 1668 1982; x_wconf 83' lang='lat' dir='ltr'><strong>(Excerptt.</strong></span> 
     </span>
     <span class='ocr_line' id='line_1_80' title="bbox 1018 1988 1669 2038; baseline 0 -13"><span class='ocrx_word' id='word_1_351' title='bbox 1018 2001 1039 2025; x_wconf 93' lang='lat' dir='ltr'><strong>a</strong></span> <span class='ocrx_word' id='word_1_352' title='bbox 1051 1988 1170 2038; x_wconf 89' lang='lat' dir='ltr'><strong>Mai.).</strong></span> <span class='ocrx_word' id='word_1_353' title='bbox 1190 1990 1272 2034; x_wconf 89' lang='lat' dir='ltr'><strong>Qua</strong></span> <span class='ocrx_word' id='word_1_354' title='bbox 1289 1989 1325 2026; x_wconf 92' lang='lat' dir='ltr'><strong>in</strong></span> <span class='ocrx_word' id='word_1_355' title='bbox 1337 2002 1376 2027; x_wconf 90' lang='lat' dir='ltr'><strong>re</strong></span> <span class='ocrx_word' id='word_1_356' title='bbox 1388 1988 1472 2026; x_wconf 91' lang='lat' dir='ltr'><strong>nihil</strong></span> <span class='ocrx_word' id='word_1_357' title='bbox 1482 1988 1580 2026; x_wconf 90' lang='lat' dir='ltr'><strong>aliud</strong></span> <span class='ocrx_word' id='word_1_358' title='bbox 1591 1989 1669 2025; x_wconf 92' lang='lat' dir='ltr'><strong>Ro-</strong></span> 
     </span>
     <span class='ocr_line' id='line_1_81' title="bbox 1016 2045 1669 2096; baseline -0.002 -14"><span class='ocrx_word' id='word_1_359' title='bbox 1016 2045 1113 2082; x_wconf 89' lang='lat' dir='ltr'><strong>mani</strong></span> <span class='ocrx_word' id='word_1_360' title='bbox 1129 2047 1246 2083; x_wconf 87' lang='lat' dir='ltr'><strong>fecere</strong></span> <span class='ocrx_word' id='word_1_361' title='bbox 1265 2058 1371 2095; x_wconf 89' lang='lat' dir='ltr'><strong>quam</strong></span> <span class='ocrx_word' id='word_1_362' title='bbox 1381 2045 1553 2096; x_wconf 86' lang='lat' dir='ltr'><strong>Aegyptii</strong></span> <span class='ocrx_word' id='word_1_363' title='bbox 1570 2045 1669 2096; x_wconf 89' lang='lat' dir='ltr'><strong>apud</strong></span> 
     </span>
     <span class='ocr_line' id='line_1_82' title="bbox 1015 2101 1670 2152; baseline 0 -14"><span class='ocrx_word' id='word_1_364' title='bbox 1015 2101 1243 2138; x_wconf 88' lang='lat' dir='ltr'><strong>Herodotum</strong></span> <span class='ocrx_word' id='word_1_365' title='bbox 1259 2102 1306 2150; x_wconf 85' lang='grc' dir='ltr'><strong>ΙΙ,</strong></span> <span class='ocrx_word' id='word_1_366' title='bbox 1325 2104 1390 2145; x_wconf 84' lang='grc'><strong>40.</strong></span> <span class='ocrx_word' id='word_1_367' title='bbox 1421 2101 1476 2138; x_wconf 83' lang='grc' dir='ltr'><strong>11Ιί</strong></span> <span class='ocrx_word' id='word_1_368' title='bbox 1487 2102 1670 2152; x_wconf 79' lang='lat' dir='ltr'><strong>placentas</strong></span> 
     </span>
     <span class='ocr_line' id='line_1_83' title="bbox 1015 2158 1670 2208; baseline 0.002 -15"><span class='ocrx_word' id='word_1_369' title='bbox 1015 2158 1050 2194; x_wconf 88' lang='lat' dir='ltr'><strong>in</strong></span> <span class='ocrx_word' id='word_1_370' title='bbox 1072 2162 1204 2195; x_wconf 89' lang='lat' dir='ltr'><strong>terram</strong></span> <span class='ocrx_word' id='word_1_371' title='bbox 1224 2159 1468 2204; x_wconf 84' lang='lat' dir='ltr'><strong>immiserunt3</strong></span> <span class='ocrx_word' id='word_1_372' title='bbox 1501 2158 1536 2195; x_wconf 83' lang='lat' dir='ltr'><strong>hi</strong></span> <span class='ocrx_word' id='word_1_373' title='bbox 1559 2171 1670 2208; x_wconf 81' lang='lat' dir='ltr'><strong>panes</strong></span> 
     </span>
     <span class='ocr_line' id='line_1_84' title="bbox 1015 2213 1668 2265; baseline -0.002 -14"><span class='ocrx_word' id='word_1_374' title='bbox 1015 2213 1160 2251; x_wconf 81' lang='lat' dir='ltr'><strong>mundos</strong></span> <span class='ocrx_word' id='word_1_375' title='bbox 1180 2215 1216 2250; x_wconf 90' lang='lat' dir='ltr'><strong>in</strong></span> <span class='ocrx_word' id='word_1_376' title='bbox 1233 2215 1369 2262; x_wconf 84' lang='lat' dir='ltr'><strong>bovem,</strong></span> <span class='ocrx_word' id='word_1_377' title='bbox 1400 2214 1462 2263; x_wconf 90' lang='lat' dir='ltr'><strong>qui</strong></span> <span class='ocrx_word' id='word_1_378' title='bbox 1490 2214 1579 2264; x_wconf 89' lang='lat' dir='ltr'><strong>ipsis</strong></span> <span class='ocrx_word' id='word_1_379' title='bbox 1599 2227 1668 2265; x_wconf 89' lang='lat' dir='ltr'><strong>pro</strong></span> 
     </span>
     <span class='ocr_line' id='line_1_85' title="bbox 1014 2269 1667 2319; baseline 0 -12"><span class='ocrx_word' id='word_1_380' title='bbox 1014 2271 1111 2307; x_wconf 75' lang='lat' dir='ltr'><strong>terra</strong></span> <span class='ocrx_word' id='word_1_381' title='bbox 1142 2272 1265 2308; x_wconf 90' lang='lat' dir='ltr'><strong>erat.“</strong></span> <span class='ocrx_word' id='word_1_382' title='bbox 1304 2293 1360 2300; x_wconf 90' lang='lat'><strong>—-</strong></span> <span class='ocrx_word' id='word_1_383' title='bbox 1401 2269 1584 2319; x_wconf 89' lang='lat' dir='ltr'><strong>Equidem</strong></span> <span class='ocrx_word' id='word_1_384' title='bbox 1611 2270 1667 2307; x_wconf 89' lang='lat' dir='ltr'><strong>his</strong></span> 
     </span>
     <span class='ocr_line' id='line_1_86' title="bbox 1014 2325 1666 2365; baseline 0.002 -3"><span class='ocrx_word' id='word_1_385' title='bbox 1014 2326 1100 2363; x_wconf 87' lang='lat' dir='ltr'><strong>illud</strong></span> <span class='ocrx_word' id='word_1_386' title='bbox 1127 2339 1237 2363; x_wconf 90' lang='lat' dir='ltr'><strong>unum</strong></span> <span class='ocrx_word' id='word_1_387' title='bbox 1261 2328 1416 2365; x_wconf 82' lang='lat' dir='ltr'><strong>addam:</strong></span> <span class='ocrx_word' id='word_1_388' title='bbox 1446 2325 1601 2364; x_wconf 83' lang='lat' dir='ltr'><strong>ludaeos</strong></span> <span class='ocrx_word' id='word_1_389' title='bbox 1629 2327 1666 2363; x_wconf 84' lang='lat' dir='ltr'><strong>in</strong></span> 
     </span>
     <span class='ocr_line' id='line_1_87' title="bbox 1013 2382 1668 2434; baseline 0.005 -16"><span class='ocrx_word' id='word_1_390' title='bbox 1013 2382 1069 2418; x_wconf 82' lang='lat' dir='ltr'><strong>his</strong></span> <span class='ocrx_word' id='word_1_391' title='bbox 1099 2382 1246 2420; x_wconf 82' lang='lat' dir='ltr'><strong>differre</strong></span> <span class='ocrx_word' id='word_1_392' title='bbox 1271 2384 1316 2421; x_wconf 92' lang='lat' dir='ltr'><strong>ab</strong></span> <span class='ocrx_word' id='word_1_393' title='bbox 1347 2382 1558 2434; x_wconf 85' lang='lat' dir='ltr'><strong>Aegyptiis,</strong></span> <span class='ocrx_word' id='word_1_394' title='bbox 1587 2395 1668 2421; x_wconf 90' lang='lat' dir='ltr'><strong>cum</strong></span> 
     </span>
     <span class='ocr_line' id='line_1_88' title="bbox 1014 2438 1667 2477; baseline 0.005 -3"><span class='ocrx_word' id='word_1_395' title='bbox 1014 2438 1201 2476; x_wconf 88' lang='lat' dir='ltr'><strong>iuvencam</strong></span> <span class='ocrx_word' id='word_1_396' title='bbox 1229 2441 1344 2476; x_wconf 87' lang='lat' dir='ltr'><strong>rufam</strong></span> <span class='ocrx_word' id='word_1_397' title='bbox 1370 2444 1529 2477; x_wconf 88' lang='lat' dir='ltr'><strong>mactare</strong></span> <span class='ocrx_word' id='word_1_398' title='bbox 1563 2439 1667 2477; x_wconf 83' lang='lat' dir='ltr'><strong>iube-</strong></span> 
     </span>
     <span class='ocr_line' id='line_1_89' title="bbox 1014 2494 1665 2545; baseline 0.003 -15"><span class='ocrx_word' id='word_1_399' title='bbox 1014 2499 1120 2531; x_wconf 87' lang='lat' dir='ltr'><strong>antur</strong></span> <span class='ocrx_word' id='word_1_400' title='bbox 1132 2494 1282 2533; x_wconf 89' lang='lat' dir='ltr'><strong>Numer.</strong></span> <span class='ocrx_word' id='word_1_401' title='bbox 1296 2495 1395 2543; x_wconf 86' lang='lat' dir='ltr'>XIX,</span> <span class='ocrx_word' id='word_1_402' title='bbox 1408 2499 1446 2543; x_wconf 80' lang='grc'><strong>2,</strong></span> <span class='ocrx_word' id='word_1_403' title='bbox 1465 2496 1566 2545; x_wconf 89' lang='lat' dir='ltr'><strong>quod</strong></span> <span class='ocrx_word' id='word_1_404' title='bbox 1578 2508 1665 2533; x_wconf 91' lang='lat' dir='ltr'><strong>con—</strong></span> 
     </span>
     <span class='ocr_line' id='line_1_90' title="bbox 1015 2550 1666 2603; baseline 0.005 -16"><span class='ocrx_word' id='word_1_405' title='bbox 1015 2550 1106 2587; x_wconf 89' lang='lat' dir='ltr'><strong>sulto</strong></span> <span class='ocrx_word' id='word_1_406' title='bbox 1119 2551 1168 2588; x_wconf 90' lang='lat' dir='ltr'><strong>sic</strong></span> <span class='ocrx_word' id='word_1_407' title='bbox 1179 2552 1377 2589; x_wconf 86' lang='lat' dir='ltr'><strong>institutum</strong></span> <span class='ocrx_word' id='word_1_408' title='bbox 1394 2553 1534 2590; x_wconf 86' lang='lat' dir='ltr'><strong>videtur</strong></span> <span class='ocrx_word' id='word_1_409' title='bbox 1545 2552 1666 2603; x_wconf 85' lang='lat' dir='ltr'><strong>Spen-</strong></span> 
     </span>
     <span class='ocr_line' id='line_1_91' title="bbox 1015 2607 1663 2656; baseline 0.003 -13"><span class='ocrx_word' id='word_1_410' title='bbox 1015 2619 1097 2644; x_wconf 84' lang='lat' dir='ltr'><strong>cero</strong></span> <span class='ocrx_word' id='word_1_411' title='bbox 1114 2607 1168 2654; x_wconf 86' lang='lat'><strong>11,</strong></span> <span class='ocrx_word' id='word_1_412' title='bbox 1193 2611 1267 2656; x_wconf 80' lang='lat'><strong>26,</strong></span> <span class='ocrx_word' id='word_1_413' title='bbox 1288 2612 1313 2651; x_wconf 76' lang='lat'><strong>2</strong></span> <span class='ocrx_word' id='word_1_414' title='bbox 1326 2637 1336 2656; x_wconf 94' lang='lat'><strong>,</strong></span> <span class='ocrx_word' id='word_1_415' title='bbox 1369 2610 1417 2647; x_wconf 86' lang='lat' dir='ltr'><strong>de</strong></span> <span class='ocrx_word' id='word_1_416' title='bbox 1436 2609 1507 2646; x_wconf 87' lang='lat' dir='ltr'><strong>ritt.</strong></span> <span class='ocrx_word' id='word_1_417' title='bbox 1531 2607 1663 2646; x_wconf 85' lang='lat' dir='ltr'><strong>Hebrr.</strong></span> 
     </span>
     <span class='ocr_line' id='line_1_92' title="bbox 1012 2662 1666 2716; baseline 0.002 -16"><span class='ocrx_word' id='word_1_418' title='bbox 1012 2675 1099 2713; x_wconf 86' lang='lat' dir='ltr'><strong>pag.</strong></span> <span class='ocrx_word' id='word_1_419' title='bbox 1118 2662 1220 2711; x_wconf 87' lang='grc'><em>485,</em></span> <span class='ocrx_word' id='word_1_420' title='bbox 1251 2678 1323 2714; x_wconf 91' lang='lat' dir='ltr'><strong>quo</strong></span> <span class='ocrx_word' id='word_1_421' title='bbox 1341 2664 1532 2716; x_wconf 79' lang='lat' dir='ltr'><strong>Aegyptiis</strong></span> <span class='ocrx_word' id='word_1_422' title='bbox 1555 2664 1666 2714; x_wconf 84' lang='lat' dir='ltr'><strong>plane</strong></span> 
     </span>
     <span class='ocr_line' id='line_1_93' title="bbox 1012 2720 1668 2759; baseline 0.003 -3"><span class='ocrx_word' id='word_1_423' title='bbox 1012 2724 1132 2756; x_wconf 86' lang='lat' dir='ltr'><strong>essent</strong></span> <span class='ocrx_word' id='word_1_424' title='bbox 1141 2722 1321 2758; x_wconf 86' lang='lat' dir='ltr'><strong>contrarii.</strong></span> <span class='ocrx_word' id='word_1_425' title='bbox 1338 2721 1447 2759; x_wconf 87' lang='lat' dir='ltr'><strong>Plura</strong></span> <span class='ocrx_word' id='word_1_426' title='bbox 1456 2721 1559 2758; x_wconf 91' lang='lat' dir='ltr'><strong>dabit</strong></span> <span class='ocrx_word' id='word_1_427' title='bbox 1567 2720 1668 2758; x_wconf 55' lang='lat' dir='ltr'><strong>idem*</strong></span> 
     </span>
     <span class='ocr_line' id='line_1_94' title="bbox 1012 2776 1663 2828; baseline 0.008 -15"><span class='ocrx_word' id='word_1_428' title='bbox 1012 2776 1214 2813; x_wconf 89' lang='lat' dir='ltr'><strong>Creuzerus</strong></span> <span class='ocrx_word' id='word_1_429' title='bbox 1237 2777 1398 2827; x_wconf 81' lang='lat' dir='ltr'><strong>Symbol.</strong></span> <span class='ocrx_word' id='word_1_430' title='bbox 1422 2777 1439 2815; x_wconf 89' lang='lat' dir='ltr'>I</span> <span class='ocrx_word' id='word_1_431' title='bbox 1465 2789 1552 2828; x_wconf 85' lang='lat' dir='ltr'><strong>pag.</strong></span> <span class='ocrx_word' id='word_1_432' title='bbox 1581 2776 1663 2818; x_wconf 85' lang='lat'><strong>355</strong></span> 
     </span>
     <span class='ocr_line' id='line_1_95' title="bbox 1008 2833 1198 2873; baseline 0.005 -5"><span class='ocrx_word' id='word_1_433' title='bbox 1008 2836 1084 2868; x_wconf 87' lang='lat' dir='ltr'><strong>not.</strong></span> <span class='ocrx_word' id='word_1_434' title='bbox 1107 2833 1198 2873; x_wconf 84' lang='lat'><strong>113.</strong></span> 
     </span>
    </p>

    <p class='ocr_par' dir='ltr' id='par_1_16' title="bbox 1063 2884 1662 2942">
     <span class='ocr_line' id='line_1_96' title="bbox 1063 2884 1662 2942; baseline 0.002 -15"><span class='ocrx_word' id='word_1_435' title='bbox 1063 2884 1106 2928; x_wconf 77' lang='grc' dir='ltr'><strong>τὸ</strong></span> <span class='ocrx_word' id='word_1_436' title='bbox 1122 2885 1197 2941; x_wconf 66' lang='grc' dir='ltr'><strong>γάρ</strong></span> <span class='ocrx_word' id='word_1_437' title='bbox 1218 2886 1419 2941; x_wconf 82' lang='grc' dir='ltr'><em>τῆςἼσιος</em></span> <span class='ocrx_word' id='word_1_438' title='bbox 1443 2886 1662 2942; x_wconf 64' lang='grc' dir='ltr'><strong><em>ἄγαλμα-</em></strong></span> 
     </span>
    </p>
   </div>
  </div>
 </body>
</html>
