1759 3324
337 252 423 293 288

741 249 1213 290 HERODOTI

335 358 558 417 Ἀστυάγεϊ
591 361 877 416 παρετιθέατο
927 359 1131 416 τράπεζαι
1177 358 1372 404 ἐπιπλέαι
1414 360 1632 416 μηλείων5

340 444 499 496 κρεῶν·
524 438 724 499 Ἀρπάγῳ
755 441 824 493 δὲ,
855 444 934 485 τοῦ
967 440 1124 491 παιδός
1152 444 1231 483 τοῦ
1262 440 1452 490 ἑωυτοῦ,
1493 438 1606 495 πλὴν

340 524 533 577 κεφαλῆς
561 536 606 563 τε
644 521 718 564 καὶ
757 520 906 573 ἄκρων
941 524 1098 575 χειρῶν
1137 535 1180 562 τε
1219 519 1293 562 καὶ
1329 521 1502 570 ποδῶν,
1551 517 1604 561 τά

343 600 451 644 ἄλλα
478 597 641 642 πάντα·
685 602 824 641 ταῦτα
855 600 900 642 δὲ
930 600 1060 654 χωρὶς
1099 598 1234 641 ἔκειτο
1266 598 1337 641 ἐπὶ
1365 599 1505 657 κανέῳ
1536 614 1608 640 κα-

313 678 711 734 5τακεκαλυμμένα.
744 675 802 728 ὥς
832 677 878 720 δὲ
909 681 969 736 τῷ
994 675 1194 734 Ἁρπάγῳ
1216 676 1357 721 ἐδόκεε
1388 676 1480 728 ἅλις
1501 677 1610 732 ἔχειν

342 763 417 815 τῆς
448 760 605 813 βορῆς,
653 754 888 811 Ἀστυάγης
919 754 1056 810 εἴρετό
1086 773 1183 811 μιν,
1232 757 1269 799 εἰ
1297 755 1454 812 ἡσθείη
1484 772 1526 799 τι
1554 759 1606 813 τῇ
1624 764 1667 796 10

342 839 497 894 θοίνῃ·
554 835 752 892 φαμένου
786 834 832 877 δὲ
865 833 1083 890 Ἁρπάγου
1123 834 1196 878 καὶ
1237 833 1375 890 κάρτα
1404 833 1611 892 ἡσθῆναι,

341 915 616 972 παρέφερον,
673 917 786 957 τοῖσι
823 913 1104 967 προσέκειτο,
1167 912 1248 969 τὴν
1287 914 1486 970 κεφαλὴν
1528 918 1611 959 τοῦ

343 994 500 1046 παιδὸς
529 992 973 1049 κατακεκαλυμμένην
991 1025 1002 1044 ,
1030 992 1104 1035 καὶ
1129 991 1208 1043 τάς
1236 997 1381 1049 χεῖρας
1408 993 1483 1037 καὶ
1511 992 1615 1045 τούς

345 1073 506 1125 πόδας·
546 1072 772 1129 ’Ἅρπαγον
803 1072 848 1116 δὲ
877 1071 1078 1116 ἐκέλευον
1106 1071 1370 1126 προστάντες
1395 1071 1613 1118 ἀποκαλύ-

320 1162 475 1199 6πτειν
503 1169 549 1197 τε
577 1153 650 1197 καὶ
677 1156 826 1209 λαβεῖν
854 1151 903 1195 τὸ
933 1150 1137 1209 βούλεται
1167 1150 1323 1196 αὐτῶν.
1352 1151 1616 1208 πειθόμενος
1627 1159 1670 1194 15

347 1235 395 1280 δὲ
427 1232 451 1279 ὁ
479 1232 720 1289 Ἅρπαγος,
751 1232 824 1276 καὶ
855 1230 1202 1284 ἀποκαλύπτων,
1234 1229 1320 1290 ὁρᾷ
1347 1236 1428 1276 τοῦ
1457 1231 1616 1283 παιδὸς

347 1313 401 1359 τὰ
418 1315 645 1370 λείμματα·
679 1311 788 1357 ἰδών
811 1311 880 1364 δὲ,
911 1311 1012 1355 οὔτε
1033 1310 1257 1368 ἐξεπλάγη,
1287 1310 1409 1363 ἐντός
1436 1328 1480 1355 τε
1511 1310 1618 1355 ἑωυ-

347 1397 428 1439 τοῦ
466 1394 642 1450 γίνεται.
699 1394 836 1449 εἴρετο
867 1391 912 1435 δὲ
951 1389 1088 1435 αὐτόν
1127 1388 1150 1434 ὁ
1187 1389 1442 1448 Ἀστυάγης,
1492 1392 1529 1434 εἰ
1555 1407 1618 1447 γι-

321 1482 343 1516 7
354 1473 523 1518 νεόσκοι
559 1472 660 1517 ὅτευ
700 1472 864 1528 θηρίου
903 1470 1009 1526 κρέα
1038 1467 1265 1527 βεβρώκοι.
1324 1471 1347 1514 ὁ
1380 1471 1425 1515 δὲ
1454 1471 1528 1514 καὶ
1555 1487 1617 1526 γι-

349 1551 535 1597 νώσκειν
564 1551 671 1608 ἔφη,
718 1551 792 1594 καὶ
834 1547 1020 1606 ἀρεστὸν
1057 1547 1170 1593 εἶναι
1213 1554 1301 1593 πᾶν
1332 1549 1381 1594 τὰ
1412 1548 1468 1593 ἂν
1497 1552 1619 1606 βασι-

350 1632 450 1684 λεύς
489 1632 534 1687 ἕρ
541 1633 606 1689 δῃ.

694 1629 892 1674 τούτοισι
938 1630 985 1673 δὲ
1030 1627 1343 1686 ἀμειψάμενος,
1393 1629 1468 1673 καὶ
1515 1626 1677 1671 ἀνα-20

351 1710 503 1769 λαβὼν
531 1709 585 1754 τοὶ
613 1709 745 1756 λοιποὶ
774 1713 863 1754 τῶν
900 1712 1068 1765 κρεῶν,
1114 1707 1181 1765 ἤϊε
1210 1708 1253 1761 ἐς
1290 1707 1343 1752 τὰ
1375 1709 1503 1753 οἰκία.
1554 1707 1619 1751 ἐν-

352 1912 417 1937 πα
432 1912 453 1948 ρ
467 1912 539 1937 ετι
555 1894 704 1936 θέατο
764 1890 956 1947 τράπεζαι

298 1952 502 2004 ἐπιπλέαι]
532 1954 592 1991 De
619 1953 751 1991 tertiae
776 1964 957 2002 personae

298 2010 449 2062 pluralis
494 2012 611 2047 forma
659 2010 698 2045 in
741 2009 955 2058 imperfecto

298 2063 560 2118 παρετιθέατο
591 2066 636 2102 cf.
656 2064 787 2102 Matth.
810 2062 846 2114 ξ.
860 2064 956 2110 204,

298 2126 349 2170 7,
377 2123 401 2159 b
430 2135 517 2173 pag.
549 2124 632 2163 378
676 2119 754 2157 coll.
798 2118 835 2170 ᾗ.
872 2119 957 2160 214

299 2193 336 2230 p.
357 2177 452 2219 409.
501 2177 561 2215 Ad
579 2190 682 2226 seqq.
713 2177 807 2214 conf.
832 2175 958 2212 Theo-

299 2234 387 2286 phil.
408 2235 457 2271 ad
481 2233 635 2270 Autolic.
655 2233 708 2270 ΙΙΙ
731 2246 768 2283 p.
791 2233 876 2273 282
898 2232 957 2269 ed.

300 2290 414 2329 Wolf.

358 2344 587 2398 παρέφερον
599 2375 609 2394 ,
635 2348 737 2385 τοῖσι
755 2344 959 2398 προσέκει-

302 2406 371 2449 το]
403 2403 550 2440 Laudat
569 2403 658 2440 haec
679 2402 844 2440 Thomas
854 2402 957 2451 Mag.

302 2473 341 2511 p·
364 2459 470 2506 752,
503 2472 575 2508 quo
603 2455 839 2510 πρόσκειμαι
861 2460 959 2496 idem

304 2529 386 2555 esse
428 2519 684 2554 commonstret
717 2520 828 2565 atque
864 2511 960 2554 άνά-

303 2586 448 2623 κειμαι.
496 2571 565 2608 Est
586 2573 681 2609 enim
701 2576 803 2611 τοῖσι
823 2570 960 2624 προσέ-

303 2641 435 2669 κειτοε
477 2629 602 2678 quibus
628 2628 689 2665 hoc
718 2642 865 2675 munus,
897 2629 960 2665 hoc

306 2685 466 2736 officium
507 2688 605 2732 erat,
657 2698 686 2721 s.
731 2686 855 2735 quibus
897 2685 959 2721 hoc

306 2741 513 2779 mandatum
539 2745 625 2778 erat.
693 2742 774 2779 Nec
809 2740 960 2778 multum

307 2798 451 2845 differt,
489 2798 588 2846 quod
612 2798 722 2834 modo
747 2797 901 2846 legimns
929 2797 959 2844 Ι,

309 2857 408 2896 118;
454 2856 556 2891 τοῖσι
585 2856 695 2892 θεῶν
733 2850 826 2903 τιμή
859 2849 959 2904 αὕτη

307 2908 539 2963 προσκέεται
573 2910 596 2946 i.
624 2923 655 2947 e.
685 2910 846 2960 „quibus
865 2910 961 2948 hicce

1024 1894 1128 1931 hono'r
1149 1896 1325 1942 convenit,
1355 1908 1385 1932 s.
1414 1893 1462 1932 ad
1482 1906 1565 1944 quos
1584 1893 1679 1931 hicce

1025 1951 1132 1987 honor
1155 1951 1346 2001 pertinet.“

1081 2005 1260 2046 ἐκέλευον
1285 2021 1314 2045 π
1327 2022 1347 2058 ρ
1359 2021 1379 2046 ο
1391 2002 1573 2056 στάντες]
1592 2004 1681 2042 Noli

1024 2064 1182 2101 scribere
1212 2059 1520 2112 προςστάντες,
1559 2062 1681 2112 prouti

1024 2120 1111 2158 fecit
1129 2120 1332 2168 Schweigh.
1381 2119 1443 2157 Tu
1459 2120 1543 2156 vide
1573 2119 1621 2155 ad
1650 2117 1681 2165 I,

1027 2178 1092 2218 86.
1118 2197 1174 2203 —
1205 2177 1248 2213 In
1274 2188 1378 2225 seqq.
1403 2189 1472 2226 pro
1489 2175 1587 2223 mlg.
1610 2169 1679 2213 αὕ-

1026 2232 1152 2271 τέων
1195 2246 1276 2269 cum
1311 2233 1430 2269 Gaisf.
1471 2231 1681 2282 scripsimus

1028 2285 1102 2328 αὐτ
1113 2291 1143 2326 ὦ
1154 2303 1175 2327 ν
1187 2318 1196 2335 ,
1224 2289 1324 2326 libris
1343 2289 1560 2326 iubentibus.

1081 2343 1149 2383 καὶ
1169 2341 1336 2398 α’ρεστὸν
1365 2341 1468 2384 εἶναι
1488 2341 1573 2383 πᾶν
1591 2359 1626 2382 κ.
1646 2358 1681 2383 τ.

1027 2400 1076 2452 λ.]
1114 2401 1157 2438 In
1187 2415 1260 2451 qua
1294 2401 1538 2452 responsione
1563 2401 1684 2438 orien-

1027 2458 1151 2495 talium
1186 2457 1347 2495 indolem
1377 2458 1553 2507 regisque
1584 2470 1684 2494 sum-

1026 2527 1124 2552 mum
1161 2514 1296 2552 cultum
1351 2515 1520 2563 adeoque
1573 2526 1684 2551 vene-

1027 2570 1206 2608 rationem
1232 2570 1496 2619 cognoscimus.
1545 2569 1684 2608 Retulit

1027 2627 1118 2665 haec
1137 2640 1284 2676 quoque
1315 2627 1458 2664 Seneca
1483 2626 1531 2663 de
1548 2625 1601 2664 ira
1619 2625 1684 2673 ΠΙ,

1030 2683 1083 2724 15
1102 2695 1144 2720 ac
1161 2682 1313 2720 similem
1333 2683 1520 2733 quandam
1530 2694 1686 2732 respon-

1029 2742 1196 2786 sionem,
1241 2751 1351 2788 quam
1385 2739 1514 2788 Edgar
1543 2737 1686 2787 Anglo-

1028 2809 1108 2832 rum
1127 2808 1190 2833 rex
1211 2807 1233 2832 a
1259 2795 1332 2833 filio
1355 2795 1462 2832 unius
1485 2795 1532 2832 de
1550 2794 1685 2845 princi·
1758 2837 1759 2846 ἵ

1027 2865 1116 2903 pum
1145 2852 1190 2888 ab
1222 2852 1304 2902 ipso
1332 2851 1512 2890 interfecti
1532 2850 1686 2902 accepit,

1029 2912 1175 2947 enarrat
1197 2907 1415 2946 Lareherus.

1676 532 1730 572 60
