1832 3315
362 227 443 268 136

756 229 1223 270 HERODOTI

358 337 431 390 τῆς
455 334 760 387 Ἱστιαιώτιδος
790 336 848 389 ὠς
876 338 1075 397 ἐξανέστη
1105 341 1191 385 ὑπὸ
1222 344 1471 399 Καδμείων,
1501 345 1614 388 οἴκεε
1631 350 1674 386 50

334 413 411 456 δέν
442 416 614 473 Πίνδῳ,
646 416 886 461 Μακεδνόν
915 418 1192 476 καλεόμενον.
1235 421 1437 466 ἐνθεῦτεν
1467 422 1512 466 δὲ
1543 417 1619 466 αὖ·

307 564 432 601 tulisse
455 565 604 611 dicitur,
627 565 664 601 in
682 567 957 616 septentrionali

307 619 524 657 Thessaliae
542 624 644 670 parte
660 626 716 658 est
737 624 806 659 sita
826 625 873 660 ad
884 624 957 660 Os-

307 688 385 712 sam
414 680 575 713 montem
610 681 720 725 atque
750 678 956 728 Olympum.

307 730 453 768 Nomen
470 732 526 781 ips
553 744 589 768 m
605 736 722 769 utrum
747 747 789 771 ex
808 734 867 770 illo
880 734 954 770 Eu-

308 788 423 824 boeae
442 788 508 823 ins·
559 799 579 823 e
609 791 746 835 tractu,
776 791 832 826 cui
862 791 959 827 idem

307 855 461 890 nomen,
519 855 566 879 an
612 843 756 881 aliunde
807 846 960 882 inditum

308 898 431 946 suerit,
488 899 545 934 vix
597 898 740 936 dixeris.
827 900 960 950 Neque

307 953 427 1002 magis
456 955 503 991 de
532 954 665 990 smibus
701 955 805 992 huius
840 958 961 1006 regio-

307 1010 364 1046 nis
394 1013 545 1047 constat.
604 1010 686 1048 Vid.
715 1012 884 1050 Strabon.
907 1013 960 1050 IX

307 1079 345 1116 p.
374 1067 457 1107 437
510 1079 540 1102 ε.
571 1068 674 1114 668,
719 1066 762 1105 A.
800 1069 831 1105 Β
879 1069 956 1107 coll.

307 1122 420 1159 Beck.
446 1121 468 1158 l.
487 1121 509 1158 l.
537 1135 573 1173 p.
590 1124 671 1164 839
689 1137 766 1173 seq.
797 1129 832 1163 et
852 1125 960 1163 Man-

308 1182 401 1215 nert.
440 1177 464 1215 l.
501 1178 523 1215 l.
560 1178 630 1216 Vll
673 1193 709 1230 p.
741 1180 834 1223 567.
883 1182 959 1220 Eu-

308 1234 475 1272 boeicum
504 1233 606 1271 huius
631 1237 787 1273 nominis
807 1242 959 1276 tractum

308 1290 447 1328 Noster
473 1297 729 1330 commemorat
754 1294 859 1342 vlu,
892 1297 956 1337 23.

310 1346 524 1385 Thessalica
542 1349 644 1396 regio
661 1353 792 1399 postea
811 1351 957 1388 demum

309 1402 379 1440 hoc
411 1416 545 1440 nomen
581 1405 766 1456 accepisse
802 1407 956 1456 videtur,

310 1472 390 1496 cum
419 1463 526 1497 antea
551 1460 659 1498 Derris
687 1467 785 1500 esset
820 1476 957 1502 nuncu-

309 1518 397 1566 pata
407 1544 417 1564 ‚
445 1519 539 1553 teste
558 1515 733 1556 Androne
745 1520 844 1569 apud
854 1521 957 1557 Stra-

309 1572 395 1608 bon.
415 1571 450 1608 X
468 1585 504 1621 p.
525 1572 606 1614 475
628 1587 656 1610 s·
673 1577 776 1623 729,
806 1575 850 1613 A.
891 1577 956 1614 Cr.

309 1627 413 1664 addit
449 1628 601 1666 Charac.
643 1632 742 1681 apud
781 1632 957 1683 Stephan.

309 1683 463 1732 Byzant.
489 1697 517 1722 S.
533 1697 566 1722 v.
589 1682 769 1738 Δώριον,
800 1692 836 1726 et
856 1689 957 1726 C.O.

310 1739 451 1777 Miiller.
481 1740 608 1788 (Dorr.
631 1742 665 1779 II
684 1756 720 1793 p.
742 1747 796 1785 27
820 1746 960 1794 seqq).,

310 1796 372 1845 qui
405 1796 547 1847 Tempe
572 1811 718 1848 quoque
747 1801 960 1839 Thessalica

309 1852 391 1889 huic
406 1854 545 1902 regioni
566 1855 841 1894 adnumeranda
863 1871 959 1906 esse,

312 1920 357 1946 ex
375 1908 490 1958 ipsius
515 1910 697 1948 Herodoti
722 1914 842 1951 verbis
873 1927 959 1951 con-

313 1963 405 2000 cludi
423 1978 535 2015 posse
551 1971 667 2017 putat.

367 2018 410 2058 ἐκ
437 2018 480 2060 δὲ
506 2024 577 2072 τῆς
603 2019 877 2073 Ἱστιαιώτιδος
907 2025 960 2074 ὥς

312 2073 494 2127 ἐξανέστη
509 2075 591 2117 ’ὑπό
617 2080 850 2131 Καδμείων]
880 2083 961 2120 Hac

311 2132 360 2169 de
394 2145 434 2170 re
468 2134 555 2170 mihi
587 2148 662 2172 non
703 2138 790 2174 satis
827 2138 961 2188 liquet3

311 2188 495 2238 proferam
510 2194 632 2228 tamen
644 2221 654 2238 ‚
665 2205 758 2240 quae
769 2223 779 2240 ,
791 2200 961 2233 monente

314 2243 400 2291 Cr„
430 2246 478 2282 ad
495 2245 530 2282 h.
553 2245 576 2284 l.
610 2247 809 2297 disputawit
837 2251 880 2289 C.
913 2252 960 2288 O.

311 2299 453 2337 Miiller.
480 2301 514 2338 in
534 2302 752 2341 Orchomen.
784 2306 801 2343 I
822 2320 859 2356 p.
879 2309 961 2348 233

312 2368 389 2404 seq.
428 2355 518 2395 Dor.
545 2357 562 2394 Ι
594 2372 631 2409 p.
653 2360 708 2401 32
735 2374 838 2411 seqq.
902 2363 961 2401 De

311 2411 492 2462 Epigonis
524 2414 581 2451 hic
613 2416 847 2464 cogitandum
877 2432 959 2456 esse

312 2472 456 2515 censet,
486 2482 638 2518 quorum
669 2473 782 2522 opera
808 2473 958 2512 Thebas

312 2528 437 2574 captas
482 2526 597 2563 fuisse
629 2529 814 2576 novimus3
861 2530 959 2568 unde

313 2580 446 2617 eiectos
461 2580 644 2619 Cadmeos
671 2586 881 2634 confugisse
911 2587 959 2623 ad

311 2635 472 2684 Illyricos
487 2636 710 2686 Enchele0s‚
741 2653 859 2690 eoque
877 2643 958 2692 ipso

311 2692 350 2728 in
397 2692 525 2731 itinere
567 2695 732 2743 attigisse
776 2697 959 2736 Homolen

311 2747 526 2797 Magnesiae
555 2755 737 2799 montem,
775 2754 823 2790 ad
851 2767 959 2803 quem

311 2804 432 2842 Dores
448 2804 700 2853 habstaverhxt,
718 2810 778 2858 qui
796 2809 866 2859 ipsi
884 2814 957 2847 tum

242 2905 248 2912 .
312 2860 458 2899 sedibus
477 2862 565 2900 moti
597 2863 739 2902 fuerint.
800 2865 874 2905 Ubi
902 2870 957 2904 ta-

1025 582 1108 607 men
1126 571 1202 609 iure
1219 571 1358 610 mireris
1370 602 1381 620 ,
1404 575 1504 623 quod
1519 576 1675 625 perfuga

1026 639 1117 674 gens
1145 627 1180 663 in
1199 631 1405 665 transcursu
1423 628 1543 667 Dores
1563 632 1674 669 firmis

1026 683 1173 719 sedibus
1200 684 1391 733 pepulerit.
1449 685 1502 724 Ac
1530 691 1586 724 tot
1620 692 1675 726 te·

1026 738 1147 775 nebris
1163 739 1351 777 obscurata
1368 742 1415 779 de
1425 741 1604 792 Epigonis
1621 745 1677 781 fa-

1025 806 1105 841 ma,
1137 799 1193 842 ut,
1223 795 1311 843 quid
1332 798 1418 833 certi
1442 798 1528 836 inde
1556 800 1604 836 ad
1623 800 1677 836 hi-

1027 850 1161 886 storiae
1184 851 1295 887 fidem
1315 853 1408 888 trahi
1428 859 1550 902 queat,
1577 855 1676 893 haud

1026 904 1131 941 facile
1174 906 1317 942 dixeris.
1386 908 1493 946 Conf.
1522 910 1676 949 Diodor.

1028 959 1136 996 Sicul.
1157 961 1220 1008 IV,
1242 964 1308 1003 67.

1085 1015 1188 1055 οἴκεε
1236 1016 1278 1056 ἐν
1325 1018 1486 1073 Πίνδῳ,
1537 1024 1676 1064 Μακε-

1028 1068 1120 1111 δνὸν
1140 1069 1401 1124 καλεόμενον]
1431 1076 1520 1115 Non
1536 1079 1675 1118 ian’n-

1027 1128 1109 1165 dum
1128 1134 1288 1167 montem
1302 1130 1398 1168 haud
1413 1134 1537 1183 procul
1557 1149 1677 1174 remo-

1026 1189 1103 1221 tum
1129 1186 1175 1223 ab
1188 1186 1433 1227 Histiaeotide
1448 1189 1570 1228 Dores
1591 1205 1678 1230 con-

1025 1241 1167 1290 fugisse
1193 1242 1268 1280 wlt
1284 1242 1488 1284 Larcherus
1517 1247 1678 1299 (alioqui

1027 1298 1123 1335 enim
1147 1297 1376 1338 Herodotum
1417 1304 1606 1353 scripsisse
1633 1304 1678 1345 ἐν

1025 1356 1085 1408 τῷ
1116 1354 1301 1408 Πίνδῳ),
1332 1359 1399 1395 sed
1421 1358 1534 1398 Pindi
1551 1362 1678 1400 urbem

1025 1409 1082 1447 hic
1116 1410 1388 1460 intelligendam
1432 1428 1533 1464 esse,
1583 1431 1678 1467 quae

1024 1465 1206 1516 Dryopidi
1223 1473 1362 1516 terrae,
1392 1470 1430 1508 in
1459 1485 1566 1521 quam
1591 1479 1679 1524 post

1026 1524 1245 1561 secesserint
1260 1524 1380 1563 Dores
1392 1556 1403 1574 ,
1423 1529 1608 1578 proxima,
1629 1531 1678 1568 ad

1026 1579 1221 1629 tetrapolin
1250 1580 1421 1620 Doricam
1450 1587 1676 1634 pertinuerit.

1027 1635 1124 1682 Sed,
1167 1641 1206 1672 ut
1238 1636 1325 1674 illud
1367 1643 1529 1688 taceam,
1565 1642 1677 1680 multo

1027 1692 1144 1739 magis
1184 1698 1467 1733 consentaneum
1497 1711 1580 1736 esse
1609 1712 1679 1749 pro

1029 1747 1125 1783 illius
1145 1749 1223 1786 aevi
1251 1749 1394 1799 iodole‚
1437 1753 1474 1790 in
1495 1755 1678 1793 montibus

1027 1804 1236 1852 confugium
1273 1809 1497 1855 quaesivisse
1542 1810 1678 1859 Dores‚

1027 1873 1071 1898 ex
1100 1861 1239 1898 articuli
1271 1865 1466 1904 omissione
1490 1866 1562 1905 tale
1590 1868 1679 1917 quid

1029 1916 1123 1953 effici
1139 1930 1251 1967 posse
1270 1932 1378 1969 nego.
1390 1943 1446 1950 —
1463 1921 1677 1964 Μακεδνὸν

1028 1972 1136 2021 vulgo
1164 1976 1212 2012 ad
1232 1975 1507 2017 Macedonicam
1528 1985 1678 2030 gentem

1028 2030 1208 2079 referunt,
1239 2045 1333 2081 quae
1355 2035 1440 2073 inde
1459 2037 1590 2088 etipsa
1599 2036 1679 2075 Do-

1029 2085 1128 2122 ribus
1171 2091 1396 2128 accensenda
1435 2092 1483 2129 sit
1527 2098 1679 2145 propter

1032 2141 1252 2182 Macednum
1273 2159 1303 2182 S.
1323 2146 1586 2198 Macedonem,
1616 2151 1678 2200 qui

1028 2197 1262 2238 Deucalionis
1288 2216 1406 2253 nepos
1442 2206 1556 2244 fuisse
1592 2220 1679 2257 per-

1029 2252 1181 2292 hibetur.
1248 2257 1359 2296 Plura
1396 2260 1510 2299 Beck.
1548 2261 1570 2299 l.
1607 2262 1631 2300 l.
1661 2262 1679 2300 Ῑ

1028 2321 1114 2359 pag·
1152 2314 1246 2354 826.
1303 2315 1368 2352 Cr.
1398 2319 1553 2356 conferri
1580 2319 1680 2356 iubet

1029 2365 1146 2403 Sturz.
1158 2369 1205 2405 de
1215 2369 1358 2408 dialect.
1369 2371 1562 2411 Macedon.
1575 2388 1611 2425 p.
1625 2378 1675 2416 11

1028 2434 1106 2470 seq.
1131 2429 1206 2460 not.
1227 2429 1263 2462 et
1282 2426 1435 2465 Weiske
1461 2431 1508 2467 de
1529 2431 1678 2479 Hyper-

1028 2476 1098 2513 bol.
1145 2492 1273 2517 errorr.
1313 2482 1351 2519 in
1385 2483 1469 2521 hist.
1518 2485 1676 2537 Philipp.

1025 2545 1112 2582 pag.
1151 2538 1202 2576 19
1242 2541 1317 2574 not.
1345 2538 1411 2579 40.
1469 2538 1524 2577 Ac
1560 2554 1678 2593 nuper

1026 2590 1172 2637 quidem
1200 2592 1243 2629 C.
1264 2593 1310 2630 O.
1327 2593 1469 2632 Miiller.
1501 2597 1638 2644 (Dorr.
1660 2599 1678 2636 I

1025 2658 1062 2694 p.
1082 2649 1109 2686 2
1129 2659 1231 2696 seqq.
1253 2650 1307 2690 33
1329 2652 1462 2700 seqq.)
1501 2652 1677 2692 Macedo-

1027 2713 1093 2737 nes
1104 2701 1261 2742 Doricae
1276 2706 1398 2756 stirpis
1418 2721 1501 2746 esse
1517 2711 1677 2760 negavit,

1027 2770 1108 2794 cum
1126 2760 1174 2795 ad
1199 2759 1355 2809 Illyriam
1387 2763 1435 2800 illi
1458 2767 1675 2814 pertineant.

1026 2812 1197 2864 Namque
1231 2822 1372 2868 patrem
1400 2820 1574 2860 historiae
1600 2836 1676 2860 non

1026 2881 1147 2909 veram
1180 2871 1226 2910 de
1267 2873 1322 2911 his
1355 2878 1572 2917 sententiam
1597 2880 1675 2917 edi-
