1759 3324
342 272 429 313 784

741 269 1210 309 HERODOTI

344 379 475 436 μένος
506 381 783 432 Φιλιτίωνος,
815 379 862 431 ὂς
891 383 1050 424 τοῦτον
1081 395 1159 423 τον
1176 377 1339 435 χρόνον
1360 377 1481 433 ἔνεμε
1506 375 1608 433 κτή-

345 476 423 503 νεα
451 459 562 504 κατοέ
592 465 728 503 ταῦτα
756 459 808 503 τὰ
835 460 982 516 χωρία.

290 679 363 716 que
398 665 495 703 haud
526 666 595 704 alio
634 680 743 704 sensu
769 671 943 716 pastorem

290 723 470 768 dixerint,
502 736 610 771 quam
631 736 703 771 quo
735 725 834 773 apud
864 724 945 759 Ho-

289 791 427 817 merum
444 792 550 826 reges
575 780 739 815 dicautur
759 778 945 829 ποιμένες

290 837 412 881 λαῶν,
431 834 612 872 locutione
634 848 700 871 nee
714 836 857 872 insolita
881 848 946 871 uec

290 892 391 930 mira.
433 891 545 934 Quod
566 896 690 928 tamen
707 892 763 927 vix
782 892 945 935 credent,

290 949 373 997 qui,
403 959 513 995 quam
549 948 722 983 contemti
756 947 946 997 Aegyptiis

289 1003 425 1042 fuerint
439 1007 605 1052 pastores
628 1007 738 1051 atque
759 1005 869 1049 emsi,
891 1016 948 1040 re-

289 1060 517 1111 putaverint,
554 1064 594 1096 ut
612 1060 759 1097 minime
779 1058 948 1097 credibile

290 1117 376 1163 fiat,
404 1117 553 1164 regibus
581 1116 654 1153 suis
685 1117 854 1166 adeoque
878 1116 945 1153 diis

290 1173 359 1210 hoc
377 1173 494 1222 ipsum
513 1178 702 1222 pastorum
720 1186 852 1210 nomen
873 1172 946 1209 Ae-

291 1230 437 1279 gyptios
472 1230 679 1266 sacerdotes
717 1230 944 1280 imposuisse.

289 1287 394 1335 Lege
412 1286 498 1322 mihi
525 1287 634 1322 modo
655 1286 789 1324 Genes.
812 1286 946 1332 XUH,

291 1342 347 1385 34
375 1346 413 1380 et
440 1341 652 1379 Manethon.
675 1344 772 1393 apud
802 1342 944 1392 Ioseph.

291 1399 394 1436 advs.
414 1397 547 1449 Apion.
569 1398 606 1446 Ι,
637 1398 685 1439 14
712 1413 749 1449 p-
772 1401 893 1446 1039,
909 1399 945 1435 G

290 1468 329 1506 p.
350 1455 433 1496 444
462 1455 542 1492 coll.
567 1456 728 1493 Heeren.
744 1456 856 1493 Ideen
878 1459 943 1493 etc.

290 1512 347 1561 Π,
364 1516 390 1554 2
409 1525 445 1563 p.
468 1511 558 1553 148.
620 1512 718 1555 Quin
738 1512 856 1562 ipsum
880 1525 946 1561 pa-

292 1569 400 1606 storis
453 1567 670 1605 vocabulum
726 1569 946 1617 Aegyptium

294 1624 364 1662 Sos
391 1624 596 1674 significare
623 1624 748 1661 volunt
771 1625 946 1676 proluunt,

291 1681 448 1719 dedecus,
493 1681 622 1728 Adde,
653 1682 753 1730 quod
775 1681 946 1731 populus,

291 1739 399 1776 valde
410 1742 559 1776 vexatus
570 1739 607 1774 in
623 1739 869 1788 pyramidibus
885 1751 948 1775 ex-

292 1796 476 1833 struendis
501 1823 512 1841 ,
551 1795 630 1831 illos
658 1808 765 1844 reges
794 1808 946 1844 peresus

293 1856 391 1898 erat,
426 1864 579 1900 quorum
600 1851 659 1899 (ut
674 1852 851 1889 bonorum
871 1851 946 1888 scil.

292 1909 440 1957 regum)
468 1907 616 1945 nomine
647 1909 854 1957 pyramides
883 1921 948 1957 ap-

292 1964 446 2016 pellatas
475 1964 586 2001 fuisse
618 1965 765 2002 minime
795 1977 949 2001 consen—

293 2025 442 2058 taneum
464 2024 531 2058 est.
590 2020 643 2057 Ae
671 2021 829 2069 denique
849 2021 949 2070 quod

293 2077 426 2126 Zoega
457 2077 626 2113 vitiosam
657 2075 829 2113 librorum
856 2090 949 2126 quo-

293 2135 448 2170 rundam
473 2132 666 2170 lectionem
688 2134 862 2178 Φιλίτιος
892 2139 948 2170 te-

293 2202 415 2236 nens,
451 2194 598 2226 revocat
632 2189 700 2225 hoc
740 2190 788 2225 ad
809 2189 948 2237 Philas,

294 2258 369 2295 qua
394 2245 431 2281 in
462 2244 582 2281 insula
615 2245 733 2281 Osiris
756 2259 816 2282 rex
848 2252 948 2282 ortus

293 2301 499 2348 ferebatur,
532 2301 618 2338 inde
646 2300 794 2338 Plu‘lz'tz's
824 2307 950 2352 pastor

294 2357 516 2407 appellatus:
554 2369 620 2394 nee
640 2358 814 2403 Φιλίτιος
845 2359 949 2406 geni-

294 2415 389 2451 tivus
407 2425 474 2450 nec
489 2413 742 2460 Φιλιτίωνος,
763 2416 864 2463 quod
882 2428 947 2451 nos

295 2470 482 2514 dedimus,
512 2471 549 2505 in
577 2469 642 2506 has
668 2470 788 2506 Philas
818 2471 949 2507 cadere

295 2538 408 2577 posse
428 2526 592 2571 videtur3
632 2527 825 2574 requiritur
853 2527 947 2563 enim

296 2586 383 2619 tunc
400 2577 574 2619 Φιλάτου
599 2595 627 2618 s.
653 2583 838 2630 Φιλίτου,
871 2595 949 2619 mo-

296 2642 407 2676 nente
429 2638 606 2688 Stephan.
623 2638 776 2686 Byzant.
808 2651 842 2687 p.
865 2641 949 2681 739

295 2694 407 2731 Berk.
437 2693 496 2730 Ad
517 2694 651 2742 hyksos
670 2697 803 2732 referre
818 2694 948 2732 haecce

297 2750 377 2801 ipse
400 2754 500 2787 vetat
520 2750 671 2799 Zoega,
702 2764 780 2787 cum
808 2751 855 2786 illi
882 2765 949 2801 pa-

299 2810 415 2844 stores
435 2808 684 2855 nomadesque
699 2807 843 2852 suerint,
857 2821 949 2856 quos

297 2862 382 2900 talia
413 2863 579 2899 aedificia
604 2864 820 2900 exstruxisse
852 2863 949 2899 haud

299 2920 344 2957 sit
369 2917 550 2957 credibile.
617 2919 740 2963 Quare
766 2918 948 2957 lablonsk.

838 3049 852 3067 ³

1011 679 1108 703 voce.
1134 666 1251 715 Aegg.
1281 680 1316 715 p.
1339 667 1422 707 346
1452 664 1488 701 in
1525 666 1667 714 pastore

1014 722 1204 760 Phameae
1225 723 1336 759 latere
1366 722 1570 772 suspicatur
1595 733 1666 770 pa·-

1012 782 1135 816 storem
1163 778 1394 815 Plu'listaeum
1422 792 1450 814 s.
1484 776 1665 814 Palaesti-

1013 848 1093 871 waem
1120 836 1142 871 i.
1167 848 1199 872 e.
1235 835 1431 880 iudaeum,
1467 833 1600 872 Mosen
1628 837 1666 870 et

1013 892 1132 940 ipsum
1174 895 1381 940 pastorem,
1411 902 1455 926 ex
1478 895 1665 940 pastorum

1015 947 1309 994 (israelitarum)
1338 951 1448 994 gente
1474 947 1665 983 oriundum

1014 1003 1246 1054 pastorisque
1274 1003 1494 1053 provinciam
1523 1002 1560 1038 in
1591 1002 1664 1038 Mi-

1016 1061 1134 1097 diame
1155 1060 1254 1110 apud
1282 1072 1445 1097 socerum
1469 1071 1572 1095 su'un
1600 1072 1667 1107 ge-

1014 1121 1164 1154 rentem.
1233 1116 1343 1159 Quod
1375 1128 1552 1151 annorum
1583 1114 1667 1152 CVI

1013 1185 1165 1221 reguum
1186 1172 1221 1208 h.
1241 1172 1263 1208 l.
1282 1173 1418 1223 prodat
1439 1172 1665 1221 Herodotus,

1012 1229 1050 1265 id
1067 1229 1179 1266 videri
1196 1242 1278 1266 esse
1297 1241 1450 1277 regnum
1469 1228 1668 1265 Heracleo-

1013 1286 1214 1336 politanum
1227 1315 1236 1332 ‚
1256 1287 1357 1334 quod
1376 1284 1551 1322 Manetho
1567 1284 1667 1335 apud

1013 1342 1212 1379 Eusebium
1233 1354 1318 1391 pag.
1345 1342 1392 1382 15
1417 1341 1574 1378 affirmet
1600 1341 1668 1377 du-

1011 1412 1114 1435 rasse
1134 1404 1273 1435 centum
1295 1411 1422 1435 annos.
1468 1397 1667 1435 Heracleo-

1012 1455 1113 1505 polin
1134 1468 1220 1492 vero
1240 1468 1321 1492 esse
1354 1455 1501 1502 Gosen,
1533 1459 1667 1491 terram

1011 1511 1255 1549 Israelitarum
1276 1512 1314 1548 in
1331 1509 1515 1560 Aegypto.
1552 1510 1668 1559 Equi-

1013 1569 1095 1606 dem
1118 1568 1167 1605 nil
1190 1569 1412 1614 discernam3
1443 1567 1577 1618 inipso
1610 1571 1668 1603 ta-

1014 1638 1098 1662 men
1116 1625 1261 1662 nomine
1290 1625 1420 1662 haereo
1449 1637 1528 1660 cum
1554 1624 1668 1660 Creu-

1014 1694 1098 1718 zero
1131 1681 1180 1728 (l.
1206 1681 1227 1717 l.
1252 1694 1337 1730 pag.
1361 1682 1481 1728 195),
1512 1681 1573 1730 qui
1590 1679 1668 1717 iure

1014 1739 1176 1787 quaerit,
1217 1750 1279 1774 cur
1306 1750 1381 1774 non
1412 1737 1666 1782 Φυλιστίνου,

1015 1799 1054 1830 ut
1072 1795 1171 1844 apud
1187 1794 1329 1844 Ioseph.
1347 1794 1487 1843 antiqq.
1512 1794 1525 1830 Ι
1541 1807 1578 1844 p.
1603 1791 1668 1839 14,

1016 1851 1047 1887 C
1075 1850 1251 1899 legimus,
1291 1850 1347 1888 vel
1384 1851 1528 1900 potius,
1567 1848 1669 1899 quod

1015 1909 1096 1957 ipse
1135 1907 1311 1956 Iosephus
1354 1907 1424 1944 hoc
1449 1919 1561 1944 sensu
1596 1907 1670 1943 fre-

1017 1968 1168 2014 quentat
1196 1964 1244 2011 (I,
1262 1967 1299 2005 7.
1318 1963 1363 2010 ΙΙ,
1383 1965 1420 2005 6.
1442 1963 1506 2010 VI,
1527 1966 1545 2003 1
1567 1962 1669 2011 etc),
1710 1986 1713 1989 >

1018 2022 1291 2059 Παλαιστινοῦ
1329 2020 1460 2057 dixerit
1496 2019 1670 2057 Herodo-

1017 2081 1089 2113 tus.
1130 2077 1231 2113 Idem
1251 2078 1287 2113 in
1308 2076 1470 2125 Symbol.
1492 2076 1562 2127 lp.
1585 2078 1664 2117 361.

1016 2138 1093 2170 not.
1120 2136 1200 2174 120
1221 2133 1300 2170 coll.
1320 2147 1356 2183 p.
1375 2135 1458 2174 300
1478 2146 1554 2182 seq.
1575 2145 1670 2169 non-

1015 2189 1113 2226 nulla
1143 2189 1286 2237 attigit,
1322 2202 1417 2237 quae
1442 2190 1490 2227 ad
1515 2190 1671 2239 pastoris

1018 2245 1224 2282 Plee'lc'tiom's
1249 2245 1520 2294 intelligentiam
1545 2246 1670 2296 utique

1017 2302 1171 2347 faciant,
1211 2302 1280 2338 hoc
1304 2306 1427 2338 autem
1464 2301 1544 2338 loco
1578 2301 1670 2339 haec

1017 2358 1228 2407 adscripsit:
1273 2356 1413 2404 „Nam
1439 2357 1566 2403 fallor,
1606 2360 1671 2401 aut

1015 2414 1150 2450 frustra
1173 2414 1393 2450 desudamus
1419 2415 1456 2450 in
1479 2414 1670 2464 exploran-

1015 2469 1064 2506 da
1093 2470 1243 2506 historia
1273 2469 1480 2507 Pliilz'tz'om's
1502 2472 1670 2521 pastoris,

1016 2525 1046 2562 si
1068 2526 1214 2574 quidem
1237 2539 1280 2563 ea
1310 2527 1359 2563 ad
1383 2527 1522 2564 fabulas
1546 2527 1667 2577 epicas

1015 2583 1193 2631 pertinet,
1228 2583 1359 2630 quibus
1389 2596 1446 2620 res
1467 2583 1669 2633 Aegyptia-

1016 2651 1075 2675 cas
1093 2640 1190 2688 apud
1213 2639 1442 2676 Herodotum
1472 2643 1509 2676 et
1530 2639 1670 2676 Diodo-

1015 2707 1094 2732 rurn
1124 2697 1362 2744 interspersas
1401 2695 1602 2744 significavi
1630 2696 1668 2731 in

1015 2753 1169 2800 praefat.
1201 2752 1250 2788 ad
1278 2751 1438 2800 Symbol.
1459 2751 1508 2788 IV
1541 2765 1577 2802 p.
1602 2750 1670 2788 Vn

1017 2810 1121 2856 seq.“
1152 2808 1214 2845 'su
1230 2808 1301 2844 vid.
1325 2812 1416 2845 nott.
1440 2808 1487 2844 ad
1509 2807 1555 2855 ll,
1577 2810 1666 2849 lOO.

1016 2862 1198 2901 B'Iannert.
1219 2864 1375 2912 (Geogr.
1387 2863 1422 2899 d.
1438 2863 1502 2900 Gr.
1515 2877 1548 2900 u.
1559 2863 1666 2900 Rom.

1016 2919 1073 2966 X,
1101 2924 1121 2961 1
1158 2934 1193 2971 p.
1214 2920 1297 2962 458
1325 2919 1422 2969 seq.)
1450 2919 1668 2958 locutionem
