1759 3324
622 293 928 333 cL10.1.

1330 296 1414 338 451

148 421 252 459 σους
288 405 330 450 δ’
370 404 417 448 ἐν
457 403 601 461 αὐτῷ,
652 404 806 460 Λέσβῳ
848 403 1042 459 μεγάθεα
1079 405 1472 460 παραπλησίας,65

118 485 309 542 Ξσυχνοὶς
338 496 448 539 φασι
485 481 607 527 εἶναι.
668 483 715 527 ἐν
753 485 799 527 δὲ
838 482 996 539 αὐτῇσι
1036 482 1324 539 ἀνθρώπους,
1370 487 1416 528 οἳ

145 566 358 610 σιτέονται
387 562 466 617 μὲν
496 563 614 617 ῥίζας
641 562 691 607 τό
730 563 865 617 θέρος
895 561 1158 618 ὀρύσσοντες
1184 564 1412 615 παντοίας·

148 642 345 699 καρπούς
382 643 428 685 δὲ
478 640 563 686 ἀπὸ
614 641 831 697 δενδρέων
882 640 1196 699 ἐξευρημένους
1242 654 1323 700 σφι
1370 642 1414 694 ἐς

144 721 317 780 φορβὴν
346 724 658 765 κατατίθεσθαι
698 721 912 776 ὡραίους,
969 723 1043 767 καὶ
1083 722 1272 774 τούτους
1308 722 1413 766 σιτέ-

113 808 270 847 3εσθαι
299 800 380 858 τὴν
407 801 669 858 χειμερινήν.
699 802 809 848 ἄλλα
841 805 887 848 δέ
918 816 997 859 σφι
1026 803 1288 860 ἐξευρῆσθαι
1320 802 1470 847 δέν-70

142 885 270 938 δρεα,
301 883 500 937 καρπούς
528 883 730 927 τοιούσδε
759 884 881 935 τινας
911 883 1127 940 φέροντα,
1156 884 1286 936 τούς,
1324 882 1414 927 ἐπεί

140 978 184 1006 τε
214 961 269 1005 ἂν
309 961 351 1013 ἐς
387 960 529 1006 τωύτὸ
569 962 815 1007 συνέλθωσι
851 963 963 1007 κατὰ
1008 965 1148 1016 εἴλας,
1206 963 1283 1007 καὶ
1320 966 1411 1017 πῦρ

143 1040 502 1095 ἀνακαύσωνται,
540 1041 686 1101 κύκλῳ
715 1044 1044 1100 περιιζομένους
1072 1041 1324 1098 ἐπιβάλλειν
1344 1042 1414 1086 ἐπὶ

141 1120 190 1166 τὸ
220 1125 329 1177 πῦρ·
360 1120 740 1178 ὀσφραινομένους
771 1123 817 1168 δὲ
843 1124 1185 1180 καταγιζομένου
1206 1127 1287 1166 τοῦ
1308 1139 1412 1179 καρ-
1467 1125 1524 1166 96

140 1205 229 1245 ποῦ
255 1204 337 1245 τοῦ
364 1201 730 1258 ἐπιβαλλομένου,
761 1201 1064 1260 μεθύσκεσθαι
1092 1207 1144 1259 τῇ
1166 1201 1303 1259 ὀδμῇ,
1334 1218 1409 1246 κα-

115 1279 282 1334 4τάπερ
300 1281 513 1338 Ἕλληνας
547 1285 610 1341 τῷ
650 1284 772 1340 οἴνῳ.
831 1286 1019 1333 πλεῦνος
1049 1282 1094 1326 δὲ
1135 1280 1468 1337 ἐπιβαλλομέ-Ίὸ

144 1377 229 1404 νου
257 1364 336 1404 τοῦ
364 1365 562 1416 καρποῦ,
593 1365 760 1417 μᾶλλον
789 1361 1111 1418 μεθύσκεσθαι·
1143 1361 1185 1412 ἐς
1214 1359 1240 1405 ὃ
1269 1361 1311 1412 ἐς
1340 1359 1411 1416 ὅρ-

143 1441 270 1497 χησίν
303 1456 349 1484 τε
389 1438 672 1494 ἀνίστασθαι,
720 1442 796 1486 καὶ
835 1441 878 1493 ἐς
917 1439 1076 1497 αόιδὴν
1115 1438 1411 1484 ἀπικνέεσθαι.

116 1518 318 1564 ὁτούτων
346 1521 427 1577 μὲν
455 1520 566 1578 αὕτη
595 1520 763 1578 λέγεται
793 1523 938 1566 δίαιτα
966 1518 1089 1565 εἶναι.
1132 1521 1182 1565 Ὁ
1213 1521 1259 1566 δὲ
1283 1519 1413 1578 Ἀρά-

88 1718 126 1755 in
153 1717 412 1755 Commentatt.
443 1718 566 1756 societ.
604 1717 745 1756 Beroli-

87 1787 190 1812 nens.
211 1774 297 1812 edit.
320 1775 427 1815 1816
444 1788 530 1825 pag.
542 1776 646 1824 222)
666 1787 745 1812 ma-

87 1831 202 1868 iorem
226 1830 295 1868 dici
315 1830 463 1867 fluvium
484 1836 637 1879 statuas,
657 1844 747 1882 pro-

87 1890 215 1938 pterea
234 1886 334 1936 quod
361 1886 495 1924 insulas
515 1887 641 1926 Lesbo
666 1889 744 1926 fere

88 1956 195 1994 pares
238 1944 490 1992 magnitudine
546 1945 743 1991 contineat,

89 2000 318 2049 eundemque
377 2001 554 2038 minorem
575 2030 586 2049 ‚
644 2001 745 2051 quod

88 2055 280 2093 Herodoto
306 2055 365 2094 ille
391 2058 450 2094 vix
487 2061 627 2094 tantum
659 2071 745 2108 spa·

87 2113 177 2149 tium
189 2141 200 2159 ,
231 2119 406 2162 quantum
424 2113 536 2163 Ister,
554 2127 745 2166 permeare

88 2169 185 2206 visus
211 2170 328 2208 suerit.

144 2221 310 2274 τούτους
338 2224 537 2266 σιτέεσθαι
563 2223 639 2278 τήν
672 2241 746 2278 χει-

93 2277 286 2334 μερινήν]
332 2283 586 2335 Supplendum
623 2280 746 2334 ὤρην,

92 2343 264 2377 monente
272 2339 468 2378 Schaesero
488 2341 536 2377 ad
559 2339 747 2379 Lambert.

91 2393 177 2432 Bos.
210 2394 338 2447 Ellips.
365 2395 411 2434 L.
440 2397 506 2434 Gr.
533 2410 621 2448 pag.
651 2398 746 2439 577.

94 2469 150 2478 —
176 2450 218 2487 In
244 2465 345 2502 seqq.
373 2466 452 2491 cum
479 2453 684 2503 Schweigh.
712 2458 749 2491 et

97 2505 212 2544 Gaisf.
242 2509 366 2558 scripsi
406 2509 528 2555 εἴλας
554 2523 621 2561 pro
649 2510 747 2559 vulg.

99 2560 230 2610 εἴλας.
285 2565 394 2603 conf.
422 2579 532 2616 supra
562 2566 603 2613 I,
633 2569 686 2610 73
712 2570 749 2605 et

99 2615 201 2656 Rose
227 2618 404 2672 Inscriptt.
424 2636 511 2673 pag.
531 2622 625 2664 413.

155 2672 222 2714 καὶ
241 2678 321 2728 πῦρ
342 2673 662 2731 ἀνακαύσωνται]
686 2680 747 2716 Si-

100 2729 218 2768 milem
239 2735 419 2780 quandam
431 2734 645 2784 Scytharum
661 2749 750 2774 con-

103 2787 325 2825 suetudinem
343 2789 480 2829 Noster
497 2797 677 2830 memorat
686 2792 750 2840 IV,

102 2841 180 2886 753
208 2849 369 2883 nostrum
384 2860 468 2884 vero
487 2847 627 2896 locum,
656 2849 752 2886 iudi-

813 1720 851 1759 6.
876 1739 933 1746 —
961 1717 1021 1755 De
1044 1712 1340 1769 ὀσφραίνεσθαι
1366 1718 1468 1756 verbi

811 1779 992 1811 structura
1032 1787 1114 1811 cum
1150 1774 1310 1824 genitivo
1343 1776 1470 1813 confer

811 1830 942 1868 Matth.
962 1828 1000 1880 §-
1018 1830 1101 1872 349
1131 1836 1207 1868 not.
1227 1832 1267 1873 8.
1294 1851 1356 1859 -
1384 1829 1424 1878 ἐς
1443 1826 1469 1871 ὃ

813 1900 922 1937 usque
941 1886 1042 1934 dum,
1072 1886 1198 1935 donec,
1230 1892 1272 1925 ut
1297 1900 1408 1938 supra
1436 1886 1468 1935 1,

813 1945 881 1985 93-
920 1945 985 1985 98·
1019 1945 1110 1984 191.
1141 1965 1199 1971 —
1233 1942 1294 1981 Ad
1319 1944 1469 1982 verbum

815 1999 970 2050 διέλαβε
999 1999 1037 2037 iu
1065 2012 1169 2050 seqq.
1196 2001 1292 2038 conf.
1326 1999 1363 2048 1,
1387 2002 1469 2041 190
1524 2019 1538 2031 χ

813 2057 890 2095 init.
907 2061 1019 2106 atque
1038 2056 1242 2105 argumenti
1255 2068 1363 2094 causa
1372 2057 1470 2095 idem

812 2127 892 2165 cap.
914 2115 995 2154 190
1018 2117 1055 2151 et
1075 2112 1294 2151 antecedens
1313 2113 1407 2155 189.

871 2168 896 2210 ὁ
922 2167 966 2209 δὲ
992 2165 1161 2221 Ἀράξης
1187 2162 1362 2221 ποταμὸς
1389 2166 1472 2218 ῥέει

815 2224 887 2279 μὲν
913 2225 956 2266 ἐκ
985 2228 1212 2277 Ματιηνῶν
1237 2240 1273 2265 κ.
1290 2241 1323 2265 τ.
1346 2224 1398 2278 L]
1436 2226 1471 2264 E

813 2284 968 2322 vetustis
992 2283 1225 2334 scriptoribus
1246 2282 1367 2331 attigit
1380 2283 1471 2321 haec

815 2340 949 2378 Strabo
968 2339 1021 2377 XI
1038 2353 1125 2390 pag.
1144 2340 1226 2381 803
1252 2352 1281 2377 S.
1300 2340 1380 2382 531
1412 2339 1472 2376 ed.

816 2396 977 2434 Casaub.
1016 2396 1349 2446 Callisthenemque
1368 2395 1472 2433 addit

818 2452 856 2490 in
874 2453 929 2491 his
960 2453 1144 2491 Herodoti
1177 2453 1356 2491 rationem
1388 2465 1472 2490 esse

818 2514 992 2547 secutum.
1030 2508 1241 2548 Recentiori
1259 2514 1380 2547 aetate
1396 2506 1473 2547 val-

817 2567 866 2604 de
885 2566 1128 2616 disceptatum
1150 2566 1198 2603 de
1216 2564 1344 2602 Araxis
1362 2564 1472 2603 fluvio

817 2623 938 2672 deque
962 2623 1038 2660 eius
1068 2622 1229 2660 sontibus
1256 2627 1368 2671 atque
1393 2634 1475 2659 cur-

818 2692 860 2716 su
882 2692 925 2717 ex
940 2683 1063 2716 mente
1080 2678 1281 2725 Herodoti,
1309 2691 1417 2728 quem
1436 2677 1474 2715 in

816 2735 997 2773 nonnullis
1035 2735 1179 2786 lapsum
1215 2747 1298 2772 esse
1326 2735 1475 2784 quidam

817 2792 1054 2830 contendunt.
1085 2792 1198 2835 Quod
1216 2791 1246 2828 si
1267 2790 1363 2828 enim
1380 2789 1475 2827 Ara-

818 2847 872 2886 xis
902 2849 1023 2885 fontes
1058 2848 1095 2884 in
1122 2847 1295 2886 Matienis
1327 2846 1475 2892 fuerint,

103 2902 207 2935 eante
260 2898 499 2940 Valckenario
521 2931 533 2950 ‚
591 2905 754 2954 respexit
821 2908 861 2941 ut
881 2904 1004 2941 scribit
1019 2904 1251 2950 Herodotus,
1281 2904 1416 2939 flumen
1433 2900 1476 2937 il-

102 2950 251 2991 Maxim.
281 2955 371 3006 Tyr.
409 2958 564 2997 Dissert.
598 2960 757 3006 XXVII.

821 2958 887 2996 lud
905 2959 1052 2997 Mediae
1069 2960 1152 3007 (aut
1178 2958 1390 3036 ffirmeniae)
1408 2956 1476 2994 ad·

1112 3017 1167 3055 29
