<?xml version="1.0" encoding="UTF-8"?>
<!DOCTYPE html PUBLIC "-//W3C//DTD XHTML 1.0 Transitional//EN"
    "http://www.w3.org/TR/xhtml1/DTD/xhtml1-transitional.dtd">
<html xmlns="http://www.w3.org/1999/xhtml" xml:lang="en" lang="en">
 <head>
  <title>
</title>
<meta http-equiv="Content-Type" content="text/html;charset=utf-8" />
  <meta name='ocr-system' content='tesseract 3.04.00' />
  <meta name='ocr-capabilities' content='ocr_page ocr_carea ocr_par ocr_line ocrx_word'/>
</head>
<body>
  <div class='ocr_page' id='page_1' title='image "./musaeher01hero/musaeher01hero_0701.png"; bbox 0 0 1759 3324; ppageno 0'>
   <div class='ocr_carea' id='block_1_1' title="bbox 529 243 1056 283">
    <p class='ocr_par' dir='ltr' id='par_1_1' title="bbox 529 243 1056 283">
     <span class='ocr_line' id='line_1_1' title="bbox 529 243 1056 283; baseline -0.002 0"><span class='ocrx_word' id='word_1_1' title='bbox 529 243 955 283; x_wconf 88' lang='lat' dir='ltr'>EUTERPE.</span> <span class='ocrx_word' id='word_1_2' title='bbox 1010 244 1056 282; x_wconf 89' lang='grc' dir='ltr'>Π.</span> 
     </span>
    </p>
   </div>
   <div class='ocr_carea' id='block_1_2' title="bbox 1335 247 1421 288">
    <p class='ocr_par' dir='ltr' id='par_1_2' title="bbox 1335 247 1421 288">
     <span class='ocr_line' id='line_1_2' title="bbox 1335 247 1421 288; baseline -0.023 0"><span class='ocrx_word' id='word_1_3' title='bbox 1335 247 1421 288; x_wconf 79' lang='lat'>679</span> 
     </span>
    </p>
   </div>
   <div class='ocr_carea' id='block_1_3' title="bbox 148 349 1416 410">
    <p class='ocr_par' dir='ltr' id='par_1_3' title="bbox 148 349 1416 410">
     <span class='ocr_line' id='line_1_3' title="bbox 148 349 1416 410; baseline -0.005 -9"><span class='ocrx_word' id='word_1_4' title='bbox 148 357 250 409; x_wconf 81' lang='grc' dir='ltr'>τούς</span> <span class='ocrx_word' id='word_1_5' title='bbox 287 358 528 410; x_wconf 81' lang='grc' dir='ltr'><strong><em>κλυστῆρας</em></strong></span> <span class='ocrx_word' id='word_1_6' title='bbox 565 352 815 409; x_wconf 78' lang='grc' dir='ltr'><em>πλήσωνται</em></span> <span class='ocrx_word' id='word_1_7' title='bbox 853 356 934 396; x_wconf 88' lang='grc' dir='ltr'>τοῦ</span> <span class='ocrx_word' id='word_1_8' title='bbox 973 350 1059 396; x_wconf 78' lang='grc' dir='ltr'>ἀπὸ</span> <span class='ocrx_word' id='word_1_9' title='bbox 1103 352 1266 407; x_wconf 82' lang='grc' dir='ltr'><strong><em>κέδρου</em></strong></span> <span class='ocrx_word' id='word_1_10' title='bbox 1299 349 1416 396; x_wconf 79' lang='grc' dir='ltr'><em>ἀλεί-</em></span> 
     </span>
    </p>
   </div>
   <div class='ocr_carea' id='block_1_4' title="bbox 149 428 1417 493">
    <p class='ocr_par' dir='ltr' id='par_1_4' title="bbox 149 428 1417 493">
     <span class='ocr_line' id='line_1_4' title="bbox 149 428 1417 493; baseline -0.003 -14"><span class='ocrx_word' id='word_1_11' title='bbox 149 452 289 493; x_wconf 86' lang='grc' dir='ltr'><em>φατος</em></span> <span class='ocrx_word' id='word_1_12' title='bbox 317 432 574 490; x_wconf 73' lang='grc' dir='ltr'><em>γινομένου,</em></span> <span class='ocrx_word' id='word_1_13' title='bbox 623 433 670 476; x_wconf 75' lang='grc' dir='ltr'><strong><em>ἓν</em></strong></span> <span class='ocrx_word' id='word_1_14' title='bbox 701 428 762 475; x_wconf 74' lang='grc' dir='ltr'><strong><em>ὧν</em></strong></span> <span class='ocrx_word' id='word_1_15' title='bbox 795 431 985 488; x_wconf 73' lang='grc' dir='ltr'><em>ἔπλησαν</em></span> <span class='ocrx_word' id='word_1_16' title='bbox 1024 434 1105 474; x_wconf 87' lang='grc' dir='ltr'>τοῦ</span> <span class='ocrx_word' id='word_1_17' title='bbox 1141 435 1307 485; x_wconf 81' lang='grc' dir='ltr'><strong><em>νεκροῦ</em></strong></span> <span class='ocrx_word' id='word_1_18' title='bbox 1335 431 1417 488; x_wconf 82' lang='grc' dir='ltr'>τήν</span> 
     </span>
    </p>
   </div>
   <div class='ocr_carea' id='block_1_5' title="bbox 143 507 1473 650">
    <p class='ocr_par' dir='ltr' id='par_1_5' title="bbox 143 507 1473 650">
     <span class='ocr_line' id='line_1_5' title="bbox 145 507 1473 569; baseline -0.005 -11"><span class='ocrx_word' id='word_1_19' title='bbox 145 514 341 569; x_wconf 79' lang='grc' dir='ltr'><strong><em>κοιλίην,</em></strong></span> <span class='ocrx_word' id='word_1_20' title='bbox 390 511 490 555; x_wconf 80' lang='grc' dir='ltr'>οὔτε</span> <span class='ocrx_word' id='word_1_21' title='bbox 531 510 821 567; x_wconf 72' lang='grc' dir='ltr'><em>ἀναταμόντες</em></span> <span class='ocrx_word' id='word_1_22' title='bbox 861 509 1020 562; x_wconf 83' lang='grc' dir='ltr'><em>αὐτὸν,</em></span> <span class='ocrx_word' id='word_1_23' title='bbox 1061 507 1160 554; x_wconf 81' lang='grc' dir='ltr'>οὔτε</span> <span class='ocrx_word' id='word_1_24' title='bbox 1205 509 1473 563; x_wconf 80' lang='grc' dir='ltr'><em>ἐξελόντεςσο</em></span> 
     </span>
     <span class='ocr_line' id='line_1_6' title="bbox 143 588 1415 650; baseline -0.002 -13"><span class='ocrx_word' id='word_1_25' title='bbox 143 594 223 650; x_wconf 73' lang='grc' dir='ltr'>τὴν</span> <span class='ocrx_word' id='word_1_26' title='bbox 252 591 418 649; x_wconf 77' lang='grc' dir='ltr'><strong><em>νηδύν,</em></strong></span> <span class='ocrx_word' id='word_1_27' title='bbox 456 590 567 635; x_wconf 82' lang='grc' dir='ltr'><em>κατὰ</em></span> <span class='ocrx_word' id='word_1_28' title='bbox 599 591 644 636; x_wconf 77' lang='grc' dir='ltr'>δὲ</span> <span class='ocrx_word' id='word_1_29' title='bbox 681 590 761 647; x_wconf 77' lang='grc' dir='ltr'>τήν</span> <span class='ocrx_word' id='word_1_30' title='bbox 801 590 934 648; x_wconf 80' lang='grc' dir='ltr'><strong><em>ἕδρην</em></strong></span> <span class='ocrx_word' id='word_1_31' title='bbox 972 588 1284 648; x_wconf 79' lang='grc' dir='ltr'><em>ἐσηθήσαντες·</em></span> <span class='ocrx_word' id='word_1_32' title='bbox 1342 590 1415 635; x_wconf 80' lang='grc' dir='ltr'>καὶ</span> 
     </span>
    </p>
   </div>
   <div class='ocr_carea' id='block_1_6' title="bbox 48 809 742 2958">
    <p class='ocr_par' dir='ltr' id='par_1_6' title="bbox 80 809 740 974">
     <span class='ocr_line' id='line_1_7' title="bbox 85 809 739 861; baseline 0 -13"><span class='ocrx_word' id='word_1_33' title='bbox 85 811 187 861; x_wconf 91' lang='lat' dir='ltr'>quod</span> <span class='ocrx_word' id='word_1_34' title='bbox 223 811 326 849; x_wconf 85' lang='lat' dir='ltr'>dedit</span> <span class='ocrx_word' id='word_1_35' title='bbox 351 809 554 859; x_wconf 83' lang='lat' dir='ltr'>Matthiae,</span> <span class='ocrx_word' id='word_1_36' title='bbox 592 814 739 848; x_wconf 88' lang='lat' dir='ltr'>secutus</span> 
     </span>
     <span class='ocr_line' id='line_1_8' title="bbox 84 867 740 918; baseline -0.003 -12"><span class='ocrx_word' id='word_1_37' title='bbox 84 882 164 906; x_wconf 87' lang='lat' dir='ltr'>eam</span> <span class='ocrx_word' id='word_1_38' title='bbox 191 868 378 917; x_wconf 86' lang='lat' dir='ltr'>regulam,</span> <span class='ocrx_word' id='word_1_39' title='bbox 409 880 518 918; x_wconf 90' lang='lat' dir='ltr'>quam</span> <span class='ocrx_word' id='word_1_40' title='bbox 546 868 595 905; x_wconf 89' lang='lat' dir='ltr'>ad</span> <span class='ocrx_word' id='word_1_41' title='bbox 622 868 660 917; x_wconf 88' lang='lat' dir='ltr'>I,</span> <span class='ocrx_word' id='word_1_42' title='bbox 686 867 740 909; x_wconf 81' lang='grc'>54</span> 
     </span>
     <span class='ocr_line' id='line_1_9' title="bbox 80 925 369 974; baseline 0 -12"><span class='ocrx_word' id='word_1_43' title='bbox 80 925 154 962; x_wconf 87' lang='lat' dir='ltr'>iam</span> <span class='ocrx_word' id='word_1_44' title='bbox 172 925 369 974; x_wconf 84' lang='lat' dir='ltr'>attigimus.</span> 
     </span>
    </p>

    <p class='ocr_par' dir='ltr' id='par_1_7' title="bbox 48 976 742 2958">
     <span class='ocr_line' id='line_1_10' title="bbox 138 976 742 1032; baseline -0.002 -12"><span class='ocrx_word' id='word_1_45' title='bbox 138 983 211 1020; x_wconf 83' lang='grc' dir='ltr'>τοῦ</span> <span class='ocrx_word' id='word_1_46' title='bbox 242 977 320 1020; x_wconf 62' lang='lat' dir='ltr'>vind</span> <span class='ocrx_word' id='word_1_47' title='bbox 348 979 493 1032; x_wconf 80' lang='grc' dir='ltr'><strong><em>κέδρου</em></strong></span> <span class='ocrx_word' id='word_1_48' title='bbox 527 976 742 1030; x_wconf 63' lang='grc' dir='ltr'><em>ἀλείφατος</em></span> 
     </span>
     <span class='ocr_line' id='line_1_11' title="bbox 82 1037 739 1090; baseline -0.003 -14"><span class='ocrx_word' id='word_1_49' title='bbox 82 1037 323 1090; x_wconf 76' lang='grc' dir='ltr'><strong><em>γινομένου]</em></strong></span> <span class='ocrx_word' id='word_1_50' title='bbox 354 1037 423 1074; x_wconf 82' lang='lat' dir='ltr'>Alii</span> <span class='ocrx_word' id='word_1_51' title='bbox 454 1039 596 1076; x_wconf 67' lang='lat' dir='ltr'>brevius</span> <span class='ocrx_word' id='word_1_52' title='bbox 618 1039 739 1088; x_wconf 80' lang='lat' dir='ltr'>expri-</span> 
     </span>
     <span class='ocr_line' id='line_1_12' title="bbox 81 1092 737 1147; baseline 0 -14"><span class='ocrx_word' id='word_1_53' title='bbox 81 1100 185 1133; x_wconf 90' lang='lat' dir='ltr'>munt</span> <span class='ocrx_word' id='word_1_54' title='bbox 215 1093 346 1134; x_wconf 74' lang='grc' dir='ltr'><em>ἔλαιον</em></span> <span class='ocrx_word' id='word_1_55' title='bbox 370 1092 412 1134; x_wconf 82' lang='grc' dir='ltr'>τὸ</span> <span class='ocrx_word' id='word_1_56' title='bbox 440 1093 480 1133; x_wconf 79' lang='grc' dir='ltr'>ἐκ</span> <span class='ocrx_word' id='word_1_57' title='bbox 500 1096 573 1134; x_wconf 79' lang='grc' dir='ltr'>τοῦ</span> <span class='ocrx_word' id='word_1_58' title='bbox 593 1092 737 1147; x_wconf 82' lang='grc' dir='ltr'><strong><em>κέδρου</em></strong></span> 
     </span>
     <span class='ocr_line' id='line_1_13' title="bbox 82 1150 735 1202; baseline -0.002 -13"><span class='ocrx_word' id='word_1_59' title='bbox 82 1166 110 1190; x_wconf 87' lang='lat' dir='ltr'>s.</span> <span class='ocrx_word' id='word_1_60' title='bbox 133 1150 265 1191; x_wconf 74' lang='grc' dir='ltr'><em>ἔλαιον</em></span> <span class='ocrx_word' id='word_1_61' title='bbox 293 1150 500 1202; x_wconf 76' lang='grc' dir='ltr'><strong><em>κέδρινον,</em></strong></span> <span class='ocrx_word' id='word_1_62' title='bbox 542 1151 651 1189; x_wconf 80' lang='lat' dir='ltr'>oleum</span> <span class='ocrx_word' id='word_1_63' title='bbox 681 1165 735 1188; x_wconf 86' lang='lat' dir='ltr'>ce-</span> 
     </span>
     <span class='ocr_line' id='line_1_14' title="bbox 80 1209 737 1258; baseline -0.003 -12"><span class='ocrx_word' id='word_1_64' title='bbox 80 1209 241 1257; x_wconf 77' lang='lat' dir='ltr'>drinum,</span> <span class='ocrx_word' id='word_1_65' title='bbox 273 1209 374 1258; x_wconf 88' lang='lat' dir='ltr'>quod</span> <span class='ocrx_word' id='word_1_66' title='bbox 401 1222 445 1246; x_wconf 80' lang='lat' dir='ltr'>ex</span> <span class='ocrx_word' id='word_1_67' title='bbox 469 1210 579 1246; x_wconf 82' lang='lat' dir='ltr'>cedro</span> <span class='ocrx_word' id='word_1_68' title='bbox 598 1222 626 1245; x_wconf 90' lang='lat' dir='ltr'>s.</span> <span class='ocrx_word' id='word_1_69' title='bbox 645 1209 737 1245; x_wconf 83' lang='lat' dir='ltr'>iuni-</span> 
     </span>
     <span class='ocr_line' id='line_1_15' title="bbox 79 1265 737 1317; baseline -0.003 -14"><span class='ocrx_word' id='word_1_70' title='bbox 79 1280 168 1317; x_wconf 87' lang='lat' dir='ltr'>pero</span> <span class='ocrx_word' id='word_1_71' title='bbox 188 1267 369 1314; x_wconf 85' lang='lat' dir='ltr'>oxycedro</span> <span class='ocrx_word' id='word_1_72' title='bbox 396 1279 423 1302; x_wconf 90' lang='lat' dir='ltr'>s.</span> <span class='ocrx_word' id='word_1_73' title='bbox 449 1266 558 1302; x_wconf 85' lang='lat' dir='ltr'>cedro</span> <span class='ocrx_word' id='word_1_74' title='bbox 579 1265 737 1302; x_wconf 86' lang='lat' dir='ltr'>baccife-</span> 
     </span>
     <span class='ocr_line' id='line_1_16' title="bbox 78 1322 736 1372; baseline -0.005 -11"><span class='ocrx_word' id='word_1_75' title='bbox 78 1324 120 1360; x_wconf 75' lang='lat' dir='ltr'>ra</span> <span class='ocrx_word' id='word_1_76' title='bbox 142 1337 170 1360; x_wconf 90' lang='lat' dir='ltr'>s.</span> <span class='ocrx_word' id='word_1_77' title='bbox 189 1322 316 1359; x_wconf 74' lang='lat' dir='ltr'>Cilicia</span> <span class='ocrx_word' id='word_1_78' title='bbox 340 1322 493 1372; x_wconf 82' lang='lat' dir='ltr'>capitur.</span> <span class='ocrx_word' id='word_1_79' title='bbox 553 1322 666 1365; x_wconf 85' lang='lat' dir='ltr'>Quod</span> <span class='ocrx_word' id='word_1_80' title='bbox 688 1322 736 1358; x_wconf 90' lang='lat' dir='ltr'>ad</span> 
     </span>
     <span class='ocr_line' id='line_1_17' title="bbox 78 1378 736 1425; baseline 0 -9"><span class='ocrx_word' id='word_1_81' title='bbox 78 1379 191 1416; x_wconf 92' lang='lat' dir='ltr'>hocce</span> <span class='ocrx_word' id='word_1_82' title='bbox 223 1379 332 1416; x_wconf 78' lang='lat' dir='ltr'>oleum</span> <span class='ocrx_word' id='word_1_83' title='bbox 360 1378 561 1425; x_wconf 73' lang='lat' dir='ltr'>cedrinum,</span> <span class='ocrx_word' id='word_1_84' title='bbox 598 1382 637 1414; x_wconf 91' lang='lat' dir='ltr'>ut</span> <span class='ocrx_word' id='word_1_85' title='bbox 659 1378 736 1416; x_wconf 87' lang='lat' dir='ltr'>He-</span> 
     </span>
     <span class='ocr_line' id='line_1_18' title="bbox 79 1434 734 1481; baseline -0.003 -8"><span class='ocrx_word' id='word_1_86' title='bbox 79 1437 229 1473; x_wconf 91' lang='lat' dir='ltr'>rodotus</span> <span class='ocrx_word' id='word_1_87' title='bbox 275 1435 346 1481; x_wconf 76' lang='lat' dir='ltr'>ait3</span> <span class='ocrx_word' id='word_1_88' title='bbox 400 1440 505 1472; x_wconf 86' lang='lat' dir='ltr'>notat</span> <span class='ocrx_word' id='word_1_89' title='bbox 546 1434 734 1472; x_wconf 90' lang='lat' dir='ltr'>Gmelinus</span> 
     </span>
     <span class='ocr_line' id='line_1_19' title="bbox 78 1491 734 1543; baseline -0.005 -13"><span class='ocrx_word' id='word_1_90' title='bbox 78 1493 122 1540; x_wconf 88' lang='lat' dir='ltr'>(l.</span> <span class='ocrx_word' id='word_1_91' title='bbox 145 1505 257 1543; x_wconf 88' lang='lat' dir='ltr'>supra</span> <span class='ocrx_word' id='word_1_92' title='bbox 282 1492 305 1529; x_wconf 93' lang='lat' dir='ltr'>l.</span> <span class='ocrx_word' id='word_1_93' title='bbox 335 1505 421 1542; x_wconf 86' lang='lat' dir='ltr'>pag.</span> <span class='ocrx_word' id='word_1_94' title='bbox 445 1492 540 1538; x_wconf 85' lang='lat'>15):</span> <span class='ocrx_word' id='word_1_95' title='bbox 580 1491 734 1541; x_wconf 81' lang='lat' dir='ltr'>cogitari</span> 
     </span>
     <span class='ocr_line' id='line_1_20' title="bbox 78 1549 735 1598; baseline -0.006 -10"><span class='ocrx_word' id='word_1_96' title='bbox 78 1549 394 1598; x_wconf 86' lang='lat' dir='ltr'>debereliquidam</span> <span class='ocrx_word' id='word_1_97' title='bbox 407 1549 608 1595; x_wconf 77' lang='lat' dir='ltr'>materiam,</span> <span class='ocrx_word' id='word_1_98' title='bbox 625 1561 735 1597; x_wconf 83' lang='lat' dir='ltr'>quam</span> 
     </span>
     <span class='ocr_line' id='line_1_21' title="bbox 78 1605 736 1654; baseline -0.008 -9"><span class='ocrx_word' id='word_1_99' title='bbox 78 1619 122 1644; x_wconf 83' lang='lat' dir='ltr'>ex</span> <span class='ocrx_word' id='word_1_100' title='bbox 150 1606 248 1644; x_wconf 85' lang='lat' dir='ltr'>cedri</span> <span class='ocrx_word' id='word_1_101' title='bbox 278 1606 386 1642; x_wconf 88' lang='lat' dir='ltr'>ramis</span> <span class='ocrx_word' id='word_1_102' title='bbox 421 1605 595 1654; x_wconf 81' lang='lat' dir='ltr'>lignoque</span> <span class='ocrx_word' id='word_1_103' title='bbox 626 1605 736 1642; x_wconf 88' lang='lat' dir='ltr'>elicu-</span> 
     </span>
     <span class='ocr_line' id='line_1_22' title="bbox 78 1661 735 1707; baseline -0.006 -6"><span class='ocrx_word' id='word_1_104' title='bbox 78 1663 171 1701; x_wconf 89' lang='lat' dir='ltr'>erint</span> <span class='ocrx_word' id='word_1_105' title='bbox 199 1667 362 1707; x_wconf 78' lang='lat' dir='ltr'>veteres3</span> <span class='ocrx_word' id='word_1_106' title='bbox 391 1663 525 1699; x_wconf 86' lang='lat' dir='ltr'>factum</span> <span class='ocrx_word' id='word_1_107' title='bbox 552 1675 633 1699; x_wconf 89' lang='lat' dir='ltr'>esse</span> <span class='ocrx_word' id='word_1_108' title='bbox 665 1661 735 1698; x_wconf 91' lang='lat' dir='ltr'>hoc</span> 
     </span>
     <span class='ocr_line' id='line_1_23' title="bbox 77 1718 734 1766; baseline -0.002 -11"><span class='ocrx_word' id='word_1_109' title='bbox 77 1719 150 1766; x_wconf 85' lang='lat' dir='ltr'>ita,</span> <span class='ocrx_word' id='word_1_110' title='bbox 181 1723 220 1755; x_wconf 90' lang='lat' dir='ltr'>ut</span> <span class='ocrx_word' id='word_1_111' title='bbox 249 1719 445 1756; x_wconf 78' lang='lat' dir='ltr'>adurerent</span> <span class='ocrx_word' id='word_1_112' title='bbox 472 1718 649 1756; x_wconf 83' lang='lat' dir='ltr'>eiusmodi</span> <span class='ocrx_word' id='word_1_113' title='bbox 676 1730 734 1754; x_wconf 89' lang='lat' dir='ltr'>ar-</span> 
     </span>
     <span class='ocr_line' id='line_1_24' title="bbox 78 1774 733 1824; baseline -0.002 -12"><span class='ocrx_word' id='word_1_114' title='bbox 78 1777 225 1821; x_wconf 78' lang='lat' dir='ltr'>borem,</span> <span class='ocrx_word' id='word_1_115' title='bbox 265 1788 338 1824; x_wconf 91' lang='lat' dir='ltr'>quo</span> <span class='ocrx_word' id='word_1_116' title='bbox 377 1775 572 1823; x_wconf 86' lang='lat' dir='ltr'>liquefacta</span> <span class='ocrx_word' id='word_1_117' title='bbox 611 1774 733 1811; x_wconf 84' lang='lat' dir='ltr'>resina</span> 
     </span>
     <span class='ocr_line' id='line_1_25' title="bbox 78 1831 731 1870; baseline -0.003 -1"><span class='ocrx_word' id='word_1_118' title='bbox 78 1833 253 1870; x_wconf 84' lang='lat' dir='ltr'>efflueret.</span> <span class='ocrx_word' id='word_1_119' title='bbox 312 1832 445 1869; x_wconf 88' lang='lat' dir='ltr'>Verum</span> <span class='ocrx_word' id='word_1_120' title='bbox 468 1831 610 1868; x_wconf 88' lang='lat' dir='ltr'>dubitat</span> <span class='ocrx_word' id='word_1_121' title='bbox 635 1832 731 1868; x_wconf 89' lang='lat' dir='ltr'>idem</span> 
     </span>
     <span class='ocr_line' id='line_1_26' title="bbox 48 1886 732 1939; baseline -0.003 -14"><span class='ocrx_word' id='word_1_122' title='bbox 48 1886 50 1889; x_wconf 55' lang='grc'>’</span> <span class='ocrx_word' id='word_1_123' title='bbox 75 1889 130 1925; x_wconf 78' lang='lat' dir='ltr'>vir</span> <span class='ocrx_word' id='word_1_124' title='bbox 151 1889 277 1925; x_wconf 89' lang='lat' dir='ltr'>doctus</span> <span class='ocrx_word' id='word_1_125' title='bbox 306 1902 343 1939; x_wconf 91' lang='lat' dir='ltr'>p.</span> <span class='ocrx_word' id='word_1_126' title='bbox 369 1891 419 1929; x_wconf 83' lang='lat'>19</span> <span class='ocrx_word' id='word_1_127' title='bbox 451 1889 473 1925; x_wconf 86' lang='lat' dir='ltr'>l.</span> <span class='ocrx_word' id='word_1_128' title='bbox 502 1888 524 1924; x_wconf 93' lang='lat' dir='ltr'>l.</span> <span class='ocrx_word' id='word_1_129' title='bbox 553 1887 732 1937; x_wconf 88' lang='lat' dir='ltr'>periculo-</span> 
     </span>
     <span class='ocr_line' id='line_1_27' title="bbox 74 1945 732 1982; baseline -0.002 0"><span class='ocrx_word' id='word_1_130' title='bbox 74 1958 154 1982; x_wconf 91' lang='lat' dir='ltr'>rum</span> <span class='ocrx_word' id='word_1_131' title='bbox 173 1945 412 1982; x_wconf 87' lang='lat' dir='ltr'>chemicorum</span> <span class='ocrx_word' id='word_1_132' title='bbox 433 1945 732 1982; x_wconf 83' lang='lat' dir='ltr'>auctoritatesre-</span> 
     </span>
     <span class='ocr_line' id='line_1_28' title="bbox 73 2001 731 2050; baseline -0.005 -11"><span class='ocrx_word' id='word_1_133' title='bbox 73 2006 157 2049; x_wconf 87' lang='lat' dir='ltr'>tus,</span> <span class='ocrx_word' id='word_1_134' title='bbox 196 2003 354 2039; x_wconf 84' lang='lat' dir='ltr'>cedriam</span> <span class='ocrx_word' id='word_1_135' title='bbox 383 2006 445 2039; x_wconf 88' lang='lat' dir='ltr'>aut</span> <span class='ocrx_word' id='word_1_136' title='bbox 473 2001 580 2038; x_wconf 87' lang='lat' dir='ltr'>aliam</span> <span class='ocrx_word' id='word_1_137' title='bbox 612 2013 731 2050; x_wconf 90' lang='lat' dir='ltr'>quan-</span> 
     </span>
     <span class='ocr_line' id='line_1_29' title="bbox 73 2057 730 2109; baseline -0.005 -13"><span class='ocrx_word' id='word_1_138' title='bbox 73 2059 159 2096; x_wconf 89' lang='lat' dir='ltr'>dam</span> <span class='ocrx_word' id='word_1_139' title='bbox 177 2059 333 2096; x_wconf 81' lang='lat' dir='ltr'>resinam</span> <span class='ocrx_word' id='word_1_140' title='bbox 348 2057 544 2109; x_wconf 84' lang='lat' dir='ltr'>simplicem</span> <span class='ocrx_word' id='word_1_141' title='bbox 556 2059 730 2106; x_wconf 85' lang='lat' dir='ltr'>frequen-</span> 
     </span>
     <span class='ocr_line' id='line_1_30' title="bbox 73 2114 731 2153; baseline -0.003 0"><span class='ocrx_word' id='word_1_142' title='bbox 73 2119 189 2153; x_wconf 89' lang='lat' dir='ltr'>tatam</span> <span class='ocrx_word' id='word_1_143' title='bbox 215 2116 326 2153; x_wconf 82' lang='lat' dir='ltr'>fuisse</span> <span class='ocrx_word' id='word_1_144' title='bbox 355 2116 393 2152; x_wconf 87' lang='lat' dir='ltr'>in</span> <span class='ocrx_word' id='word_1_145' title='bbox 425 2114 636 2152; x_wconf 85' lang='lat' dir='ltr'>condiendis</span> <span class='ocrx_word' id='word_1_146' title='bbox 670 2127 731 2151; x_wconf 88' lang='lat' dir='ltr'>ca-</span> 
     </span>
     <span class='ocr_line' id='line_1_31' title="bbox 73 2170 731 2221; baseline -0.006 -11"><span class='ocrx_word' id='word_1_147' title='bbox 73 2171 288 2220; x_wconf 83' lang='lat' dir='ltr'>daveribus,</span> <span class='ocrx_word' id='word_1_148' title='bbox 326 2186 406 2209; x_wconf 92' lang='lat' dir='ltr'>cum</span> <span class='ocrx_word' id='word_1_149' title='bbox 426 2172 561 2209; x_wconf 80' lang='lat' dir='ltr'>mixtae</span> <span class='ocrx_word' id='word_1_150' title='bbox 585 2174 623 2207; x_wconf 92' lang='lat' dir='ltr'>ut</span> <span class='ocrx_word' id='word_1_151' title='bbox 649 2170 731 2221; x_wconf 90' lang='lat' dir='ltr'>plu-</span> 
     </span>
     <span class='ocr_line' id='line_1_32' title="bbox 70 2227 731 2275; baseline -0.005 -10"><span class='ocrx_word' id='word_1_152' title='bbox 70 2229 202 2266; x_wconf 91' lang='lat' dir='ltr'>rimum</span> <span class='ocrx_word' id='word_1_153' title='bbox 251 2230 465 2266; x_wconf 80' lang='lat' dir='ltr'>conditurae</span> <span class='ocrx_word' id='word_1_154' title='bbox 484 2257 496 2275; x_wconf 89' lang='lat'>,</span> <span class='ocrx_word' id='word_1_155' title='bbox 561 2227 731 2263; x_wconf 90' lang='lat' dir='ltr'>nimirum</span> 
     </span>
     <span class='ocr_line' id='line_1_33' title="bbox 72 2284 731 2336; baseline -0.005 -13"><span class='ocrx_word' id='word_1_156' title='bbox 72 2285 294 2336; x_wconf 88' lang='lat' dir='ltr'>compositae</span> <span class='ocrx_word' id='word_1_157' title='bbox 321 2299 364 2324; x_wconf 89' lang='lat' dir='ltr'>ex</span> <span class='ocrx_word' id='word_1_158' title='bbox 384 2285 561 2322; x_wconf 87' lang='lat' dir='ltr'>bitumine</span> <span class='ocrx_word' id='word_1_159' title='bbox 581 2287 619 2321; x_wconf 88' lang='lat' dir='ltr'>et</span> <span class='ocrx_word' id='word_1_160' title='bbox 639 2284 731 2321; x_wconf 92' lang='lat' dir='ltr'>resi-</span> 
     </span>
     <span class='ocr_line' id='line_1_34' title="bbox 73 2339 728 2394; baseline -0.003 -16"><span class='ocrx_word' id='word_1_161' title='bbox 73 2353 134 2388; x_wconf 87' lang='lat' dir='ltr'>na,</span> <span class='ocrx_word' id='word_1_162' title='bbox 146 2342 300 2392; x_wconf 83' lang='lat' dir='ltr'>vestigia</span> <span class='ocrx_word' id='word_1_163' title='bbox 309 2343 546 2394; x_wconf 81' lang='lat' dir='ltr'>reperiantur.</span> <span class='ocrx_word' id='word_1_164' title='bbox 560 2339 728 2390; x_wconf 83' lang='lat' dir='ltr'>Asphalti</span> 
     </span>
     <span class='ocr_line' id='line_1_35' title="bbox 72 2398 727 2449; baseline -0.003 -14"><span class='ocrx_word' id='word_1_165' title='bbox 72 2401 268 2437; x_wconf 88' lang='lat' dir='ltr'>communis</span> <span class='ocrx_word' id='word_1_166' title='bbox 284 2412 404 2437; x_wconf 90' lang='lat' dir='ltr'>rarum</span> <span class='ocrx_word' id='word_1_167' title='bbox 415 2399 453 2436; x_wconf 90' lang='lat' dir='ltr'>in</span> <span class='ocrx_word' id='word_1_168' title='bbox 464 2398 636 2449; x_wconf 87' lang='lat' dir='ltr'>parandis</span> <span class='ocrx_word' id='word_1_169' title='bbox 646 2410 727 2434; x_wconf 90' lang='lat' dir='ltr'>mu-</span> 
     </span>
     <span class='ocr_line' id='line_1_36' title="bbox 74 2454 726 2504; baseline 0 -14"><span class='ocrx_word' id='word_1_170' title='bbox 74 2454 152 2490; x_wconf 91' lang='lat' dir='ltr'>miis</span> <span class='ocrx_word' id='word_1_171' title='bbox 172 2468 273 2493; x_wconf 89' lang='lat' dir='ltr'>usum</span> <span class='ocrx_word' id='word_1_172' title='bbox 300 2456 410 2493; x_wconf 87' lang='lat' dir='ltr'>fuisse</span> <span class='ocrx_word' id='word_1_173' title='bbox 434 2459 558 2493; x_wconf 90' lang='lat' dir='ltr'>monet</span> <span class='ocrx_word' id='word_1_174' title='bbox 577 2467 726 2504; x_wconf 91' lang='lat' dir='ltr'>quoque</span> 
     </span>
     <span class='ocr_line' id='line_1_37' title="bbox 72 2509 724 2560; baseline 0.002 -14"><span class='ocrx_word' id='word_1_175' title='bbox 72 2509 372 2549; x_wconf 84' lang='lat' dir='ltr'>Blumenbachius</span> <span class='ocrx_word' id='word_1_176' title='bbox 399 2512 540 2560; x_wconf 89' lang='lat' dir='ltr'>(Beitr.</span> <span class='ocrx_word' id='word_1_177' title='bbox 568 2524 600 2547; x_wconf 92' lang='lat' dir='ltr'>z.</span> <span class='ocrx_word' id='word_1_178' title='bbox 633 2510 724 2549; x_wconf 81' lang='lat' dir='ltr'>Nat.</span> 
     </span>
     <span class='ocr_line' id='line_1_38' title="bbox 75 2566 724 2619; baseline 0.002 -16"><span class='ocrx_word' id='word_1_179' title='bbox 75 2566 206 2603; x_wconf 89' lang='lat' dir='ltr'>Gesch.</span> <span class='ocrx_word' id='word_1_180' title='bbox 229 2569 260 2605; x_wconf 84' lang='grc' dir='ltr'>ΙΙ</span> <span class='ocrx_word' id='word_1_181' title='bbox 282 2583 316 2619; x_wconf 90' lang='lat' dir='ltr'>p.</span> <span class='ocrx_word' id='word_1_182' title='bbox 339 2570 404 2610; x_wconf 84' lang='lat'>88.</span> <span class='ocrx_word' id='word_1_183' title='bbox 428 2570 541 2617; x_wconf 80' lang='lat'><strong>123),</strong></span> <span class='ocrx_word' id='word_1_184' title='bbox 571 2568 724 2614; x_wconf 89' lang='lat' dir='ltr'>addens,</span> 
     </span>
     <span class='ocr_line' id='line_1_39' title="bbox 73 2623 723 2675; baseline 0.002 -16"><span class='ocrx_word' id='word_1_185' title='bbox 73 2623 230 2661; x_wconf 83' lang='lat' dir='ltr'>cedriam</span> <span class='ocrx_word' id='word_1_186' title='bbox 251 2630 289 2662; x_wconf 87' lang='lat' dir='ltr'>ut</span> <span class='ocrx_word' id='word_1_187' title='bbox 318 2625 508 2675; x_wconf 85' lang='lat' dir='ltr'>plurimum</span> <span class='ocrx_word' id='word_1_188' title='bbox 525 2625 723 2662; x_wconf 81' lang='lat' dir='ltr'>admixtam</span> 
     </span>
     <span class='ocr_line' id='line_1_40' title="bbox 74 2679 723 2726; baseline 0.005 -12"><span class='ocrx_word' id='word_1_189' title='bbox 74 2679 202 2726; x_wconf 82' lang='lat' dir='ltr'>fuisse,</span> <span class='ocrx_word' id='word_1_190' title='bbox 241 2681 388 2718; x_wconf 83' lang='lat' dir='ltr'>fluidam</span> <span class='ocrx_word' id='word_1_191' title='bbox 418 2686 541 2719; x_wconf 91' lang='lat' dir='ltr'>autem</span> <span class='ocrx_word' id='word_1_192' title='bbox 565 2681 723 2719; x_wconf 86' lang='lat' dir='ltr'>cedriam</span> 
     </span>
     <span class='ocr_line' id='line_1_41' title="bbox 75 2734 729 2784; baseline 0.006 -14"><span class='ocrx_word' id='word_1_193' title='bbox 75 2734 284 2784; x_wconf 87' lang='lat' dir='ltr'>clysteribus</span> <span class='ocrx_word' id='word_1_194' title='bbox 323 2738 537 2776; x_wconf 84' lang='lat' dir='ltr'>inserviisse.</span> <span class='ocrx_word' id='word_1_195' title='bbox 624 2737 729 2775; x_wconf 83' lang='lat' dir='ltr'>Haec</span> 
     </span>
     <span class='ocr_line' id='line_1_42' title="bbox 75 2793 726 2842; baseline 0.005 -15"><span class='ocrx_word' id='word_1_196' title='bbox 75 2793 300 2842; x_wconf 86' lang='lat' dir='ltr'>transscripsi</span> <span class='ocrx_word' id='word_1_197' title='bbox 334 2808 355 2832; x_wconf 86' lang='lat' dir='ltr'>e</span> <span class='ocrx_word' id='word_1_198' title='bbox 386 2795 559 2832; x_wconf 84' lang='lat' dir='ltr'>Creuzeri</span> <span class='ocrx_word' id='word_1_199' title='bbox 587 2795 726 2832; x_wconf 86' lang='lat' dir='ltr'>Comm.</span> 
     </span>
     <span class='ocr_line' id='line_1_43' title="bbox 76 2848 729 2901; baseline -0.003 -13"><span class='ocrx_word' id='word_1_200' title='bbox 76 2860 112 2897; x_wconf 83' lang='lat' dir='ltr'>p-</span> <span class='ocrx_word' id='word_1_201' title='bbox 132 2848 185 2888; x_wconf 88' lang='grc'>75</span> <span class='ocrx_word' id='word_1_202' title='bbox 210 2861 306 2898; x_wconf 85' lang='lat' dir='ltr'>seq.,</span> <span class='ocrx_word' id='word_1_203' title='bbox 335 2850 397 2888; x_wconf 88' lang='lat' dir='ltr'>ubi</span> <span class='ocrx_word' id='word_1_204' title='bbox 418 2851 520 2900; x_wconf 86' lang='lat' dir='ltr'>plura</span> <span class='ocrx_word' id='word_1_205' title='bbox 539 2851 729 2901; x_wconf 88' lang='lat' dir='ltr'>disputata</span> 
     </span>
     <span class='ocr_line' id='line_1_44' title="bbox 76 2903 727 2958; baseline 0.006 -18"><span class='ocrx_word' id='word_1_206' title='bbox 76 2903 114 2940; x_wconf 91' lang='lat' dir='ltr'>in</span> <span class='ocrx_word' id='word_1_207' title='bbox 147 2908 338 2956; x_wconf 87' lang='lat' dir='ltr'>utramque</span> <span class='ocrx_word' id='word_1_208' title='bbox 373 2911 517 2958; x_wconf 86' lang='lat' dir='ltr'>partem</span> <span class='ocrx_word' id='word_1_209' title='bbox 552 2907 727 2946; x_wconf 84' lang='lat' dir='ltr'>exhiben-</span> 
     </span>
    </p>
   </div>
   <div class='ocr_carea' id='block_1_7' title="bbox 799 810 1474 1881">
    <p class='ocr_par' dir='ltr' id='par_1_8' title="bbox 799 810 1474 1881">
     <span class='ocr_line' id='line_1_45' title="bbox 809 810 1469 861; baseline 0 -13"><span class='ocrx_word' id='word_1_210' title='bbox 809 815 894 859; x_wconf 85' lang='lat' dir='ltr'>tur,</span> <span class='ocrx_word' id='word_1_211' title='bbox 924 824 1024 858; x_wconf 84' lang='lat' dir='ltr'>cum,</span> <span class='ocrx_word' id='word_1_212' title='bbox 1057 823 1152 860; x_wconf 88' lang='lat' dir='ltr'>quae</span> <span class='ocrx_word' id='word_1_213' title='bbox 1168 811 1217 848; x_wconf 89' lang='lat' dir='ltr'>ad</span> <span class='ocrx_word' id='word_1_214' title='bbox 1238 810 1469 861; x_wconf 83' lang='lat' dir='ltr'>probandam</span> 
     </span>
     <span class='ocr_line' id='line_1_46' title="bbox 809 868 1472 906; baseline 0 -2"><span class='ocrx_word' id='word_1_215' title='bbox 809 868 1061 906; x_wconf 84' lang='lat' dir='ltr'>Herodoteam</span> <span class='ocrx_word' id='word_1_216' title='bbox 1086 868 1307 905; x_wconf 86' lang='lat' dir='ltr'>sententiam</span> <span class='ocrx_word' id='word_1_217' title='bbox 1328 881 1353 905; x_wconf 89' lang='lat' dir='ltr'>e</span> <span class='ocrx_word' id='word_1_218' title='bbox 1369 868 1472 906; x_wconf 70' lang='lat' dir='ltr'>cedri</span> 
     </span>
     <span class='ocr_line' id='line_1_47' title="bbox 810 925 1474 975; baseline 0.002 -14"><span class='ocrx_word' id='word_1_219' title='bbox 810 930 939 962; x_wconf 87' lang='lat' dir='ltr'>natura</span> <span class='ocrx_word' id='word_1_220' title='bbox 970 926 1073 973; x_wconf 91' lang='lat' dir='ltr'>(nam</span> <span class='ocrx_word' id='word_1_221' title='bbox 1090 927 1302 975; x_wconf 79' lang='lat' dir='ltr'>purgantem</span> <span class='ocrx_word' id='word_1_222' title='bbox 1322 925 1474 963; x_wconf 81' lang='lat' dir='ltr'>cedriae</span> 
     </span>
     <span class='ocr_line' id='line_1_48' title="bbox 811 981 1470 1031; baseline 0.002 -14"><span class='ocrx_word' id='word_1_223' title='bbox 811 983 881 1018; x_wconf 89' lang='lat' dir='ltr'>vim</span> <span class='ocrx_word' id='word_1_224' title='bbox 908 982 978 1031; x_wconf 84' lang='lat' dir='ltr'>ipsi</span> <span class='ocrx_word' id='word_1_225' title='bbox 1007 985 1147 1019; x_wconf 77' lang='lat' dir='ltr'>veteres</span> <span class='ocrx_word' id='word_1_226' title='bbox 1185 981 1318 1018; x_wconf 87' lang='lat' dir='ltr'>medici</span> <span class='ocrx_word' id='word_1_227' title='bbox 1350 993 1470 1030; x_wconf 82' lang='lat' dir='ltr'>agno-</span> 
     </span>
     <span class='ocr_line' id='line_1_49' title="bbox 810 1038 1468 1088; baseline 0 -14"><span class='ocrx_word' id='word_1_228' title='bbox 810 1039 935 1085; x_wconf 83' lang='lat' dir='ltr'>scunt)</span> <span class='ocrx_word' id='word_1_229' title='bbox 959 1038 1101 1088; x_wconf 82' lang='lat' dir='ltr'>prolata</span> <span class='ocrx_word' id='word_1_230' title='bbox 1121 1038 1257 1075; x_wconf 87' lang='lat' dir='ltr'>suerint</span> <span class='ocrx_word' id='word_1_231' title='bbox 1272 1050 1468 1086; x_wconf 86' lang='lat' dir='ltr'>argumen-</span> 
     </span>
     <span class='ocr_line' id='line_1_50' title="bbox 806 1094 1468 1139; baseline 0.002 -8"><span class='ocrx_word' id='word_1_232' title='bbox 806 1098 858 1139; x_wconf 85' lang='lat' dir='ltr'>ta,</span> <span class='ocrx_word' id='word_1_233' title='bbox 890 1095 936 1131; x_wconf 88' lang='lat' dir='ltr'>ab</span> <span class='ocrx_word' id='word_1_234' title='bbox 957 1094 1035 1132; x_wconf 87' lang='lat' dir='ltr'>aliis</span> <span class='ocrx_word' id='word_1_235' title='bbox 1048 1096 1094 1131; x_wconf 87' lang='lat' dir='ltr'>ad</span> <span class='ocrx_word' id='word_1_236' title='bbox 1115 1095 1375 1132; x_wconf 87' lang='lat' dir='ltr'>confutandum</span> <span class='ocrx_word' id='word_1_237' title='bbox 1389 1094 1468 1132; x_wconf 80' lang='lat' dir='ltr'>He-</span> 
     </span>
     <span class='ocr_line' id='line_1_51' title="bbox 805 1151 1469 1195; baseline 0 -7"><span class='ocrx_word' id='word_1_238' title='bbox 805 1152 975 1188; x_wconf 84' lang='lat' dir='ltr'>rodotum</span> <span class='ocrx_word' id='word_1_239' title='bbox 1016 1152 1088 1188; x_wconf 88' lang='lat' dir='ltr'>sint</span> <span class='ocrx_word' id='word_1_240' title='bbox 1127 1152 1288 1188; x_wconf 85' lang='lat' dir='ltr'>detorsa.</span> <span class='ocrx_word' id='word_1_241' title='bbox 1359 1151 1469 1195; x_wconf 84' lang='lat' dir='ltr'>Quae</span> 
     </span>
     <span class='ocr_line' id='line_1_52' title="bbox 806 1207 1468 1257; baseline -0.002 -13"><span class='ocrx_word' id='word_1_242' title='bbox 806 1221 873 1244; x_wconf 90' lang='lat' dir='ltr'>nos</span> <span class='ocrx_word' id='word_1_243' title='bbox 895 1209 1041 1257; x_wconf 88' lang='lat' dir='ltr'>quidem</span> <span class='ocrx_word' id='word_1_244' title='bbox 1061 1207 1149 1244; x_wconf 89' lang='lat' dir='ltr'>nihil</span> <span class='ocrx_word' id='word_1_245' title='bbox 1167 1220 1349 1244; x_wconf 87' lang='lat' dir='ltr'>moramur</span> <span class='ocrx_word' id='word_1_246' title='bbox 1359 1208 1468 1257; x_wconf 81' lang='lat' dir='ltr'>quip-</span> 
     </span>
     <span class='ocr_line' id='line_1_53' title="bbox 805 1264 1467 1315; baseline -0.003 -13"><span class='ocrx_word' id='word_1_247' title='bbox 805 1278 853 1315; x_wconf 87' lang='lat' dir='ltr'>pe</span> <span class='ocrx_word' id='word_1_248' title='bbox 875 1265 911 1301; x_wconf 91' lang='lat' dir='ltr'>in</span> <span class='ocrx_word' id='word_1_249' title='bbox 931 1278 992 1311; x_wconf 92' lang='lat' dir='ltr'>re,</span> <span class='ocrx_word' id='word_1_250' title='bbox 1023 1277 1118 1314; x_wconf 82' lang='lat' dir='ltr'>quae</span> <span class='ocrx_word' id='word_1_251' title='bbox 1138 1264 1363 1302; x_wconf 85' lang='lat' dir='ltr'>medicorum</span> <span class='ocrx_word' id='word_1_252' title='bbox 1382 1268 1467 1301; x_wconf 92' lang='lat' dir='ltr'>tan-</span> 
     </span>
     <span class='ocr_line' id='line_1_54' title="bbox 805 1320 1466 1370; baseline 0 -13"><span class='ocrx_word' id='word_1_253' title='bbox 805 1326 881 1357; x_wconf 85' lang='lat' dir='ltr'>tum</span> <span class='ocrx_word' id='word_1_254' title='bbox 903 1326 938 1359; x_wconf 93' lang='lat' dir='ltr'>et</span> <span class='ocrx_word' id='word_1_255' title='bbox 954 1321 1185 1370; x_wconf 79' lang='lat' dir='ltr'>physicorum</span> <span class='ocrx_word' id='word_1_256' title='bbox 1207 1320 1466 1358; x_wconf 63' lang='lat' dir='ltr'>chemicorum-n</span> 
     </span>
     <span class='ocr_line' id='line_1_55' title="bbox 803 1377 1465 1427; baseline 0.002 -14"><span class='ocrx_word' id='word_1_257' title='bbox 803 1390 876 1426; x_wconf 88' lang='lat' dir='ltr'>que</span> <span class='ocrx_word' id='word_1_258' title='bbox 895 1378 1108 1415; x_wconf 83' lang='lat' dir='ltr'>accuratiori</span> <span class='ocrx_word' id='word_1_259' title='bbox 1122 1377 1404 1427; x_wconf 78' lang='lat' dir='ltr'>investigatione</span> <span class='ocrx_word' id='word_1_260' title='bbox 1416 1377 1465 1414; x_wconf 90' lang='lat' dir='ltr'>ad</span> 
     </span>
     <span class='ocr_line' id='line_1_56' title="bbox 803 1433 1465 1485; baseline 0.003 -16"><span class='ocrx_word' id='word_1_261' title='bbox 803 1433 979 1481; x_wconf 83' lang='lat' dir='ltr'>liquidum</span> <span class='ocrx_word' id='word_1_262' title='bbox 1000 1435 1081 1471; x_wconf 87' lang='lat' dir='ltr'>duci</span> <span class='ocrx_word' id='word_1_263' title='bbox 1105 1434 1253 1485; x_wconf 87' lang='lat' dir='ltr'>poterit.</span> <span class='ocrx_word' id='word_1_264' title='bbox 1304 1433 1386 1470; x_wconf 90' lang='lat' dir='ltr'>Hoc</span> <span class='ocrx_word' id='word_1_265' title='bbox 1408 1437 1465 1471; x_wconf 83' lang='lat' dir='ltr'>ta-</span> 
     </span>
     <span class='ocr_line' id='line_1_57' title="bbox 803 1489 1464 1540; baseline -0.002 -13"><span class='ocrx_word' id='word_1_266' title='bbox 803 1504 887 1528; x_wconf 87' lang='lat' dir='ltr'>men</span> <span class='ocrx_word' id='word_1_267' title='bbox 920 1491 1018 1528; x_wconf 90' lang='lat' dir='ltr'>addo</span> <span class='ocrx_word' id='word_1_268' title='bbox 1040 1521 1051 1539; x_wconf 94' lang='lat'>,</span> <span class='ocrx_word' id='word_1_269' title='bbox 1090 1491 1191 1540; x_wconf 92' lang='lat' dir='ltr'>quod</span> <span class='ocrx_word' id='word_1_270' title='bbox 1218 1490 1257 1526; x_wconf 91' lang='lat' dir='ltr'>in</span> <span class='ocrx_word' id='word_1_271' title='bbox 1289 1489 1464 1527; x_wconf 89' lang='lat' dir='ltr'>Minutoli</span> 
     </span>
     <span class='ocr_line' id='line_1_58' title="bbox 803 1547 1463 1596; baseline 0 -12"><span class='ocrx_word' id='word_1_272' title='bbox 803 1547 1014 1596; x_wconf 69' lang='lat' dir='ltr'>Nachtrage</span> <span class='ocrx_word' id='word_1_273' title='bbox 1043 1552 1112 1585; x_wconf 86' lang='lat' dir='ltr'>etc.</span> <span class='ocrx_word' id='word_1_274' title='bbox 1144 1548 1374 1584; x_wconf 84' lang='lat' dir='ltr'>observatum</span> <span class='ocrx_word' id='word_1_275' title='bbox 1408 1548 1463 1584; x_wconf 89' lang='lat' dir='ltr'>in-</span> 
     </span>
     <span class='ocr_line' id='line_1_59' title="bbox 803 1604 1463 1655; baseline 0.002 -15"><span class='ocrx_word' id='word_1_276' title='bbox 803 1605 909 1640; x_wconf 86' lang='lat' dir='ltr'>venio</span> <span class='ocrx_word' id='word_1_277' title='bbox 922 1605 1081 1641; x_wconf 88' lang='lat' dir='ltr'>alohnio</span> <span class='ocrx_word' id='word_1_278' title='bbox 1098 1618 1135 1655; x_wconf 91' lang='lat' dir='ltr'>p.</span> <span class='ocrx_word' id='word_1_279' title='bbox 1157 1606 1250 1645; x_wconf 88' lang='grc'>197.</span> <span class='ocrx_word' id='word_1_280' title='bbox 1291 1604 1463 1641; x_wconf 87' lang='lat' dir='ltr'>Cedriam</span> 
     </span>
     <span class='ocr_line' id='line_1_60' title="bbox 802 1659 1463 1698; baseline 0.002 -1"><span class='ocrx_word' id='word_1_281' title='bbox 802 1661 915 1697; x_wconf 82' lang='lat' dir='ltr'>videri</span> <span class='ocrx_word' id='word_1_282' title='bbox 944 1662 1103 1698; x_wconf 87' lang='lat' dir='ltr'>resinam</span> <span class='ocrx_word' id='word_1_283' title='bbox 1143 1674 1170 1697; x_wconf 91' lang='lat' dir='ltr'>s.</span> <span class='ocrx_word' id='word_1_284' title='bbox 1198 1659 1317 1697; x_wconf 88' lang='lat' dir='ltr'>oleum</span> <span class='ocrx_word' id='word_1_285' title='bbox 1344 1660 1463 1698; x_wconf 87' lang='lat' dir='ltr'>Tere-</span> 
     </span>
     <span class='ocr_line' id='line_1_61' title="bbox 803 1717 1463 1767; baseline 0.002 -14"><span class='ocrx_word' id='word_1_286' title='bbox 803 1717 1008 1754; x_wconf 83' lang='lat' dir='ltr'>binthinum</span> <span class='ocrx_word' id='word_1_287' title='bbox 1038 1717 1331 1767; x_wconf 75' lang='lat' dir='ltr'>(Terpentinb&#39;l),</span> <span class='ocrx_word' id='word_1_288' title='bbox 1362 1719 1463 1766; x_wconf 88' lang='lat' dir='ltr'>quod</span> 
     </span>
     <span class='ocr_line' id='line_1_62' title="bbox 802 1774 1461 1822; baseline 0 -12"><span class='ocrx_word' id='word_1_289' title='bbox 802 1787 846 1810; x_wconf 89' lang='lat' dir='ltr'>ex</span> <span class='ocrx_word' id='word_1_290' title='bbox 865 1775 1034 1811; x_wconf 82' lang='lat' dir='ltr'>omnibus</span> <span class='ocrx_word' id='word_1_291' title='bbox 1053 1774 1266 1821; x_wconf 87' lang='lat' dir='ltr'>arboribus,</span> <span class='ocrx_word' id='word_1_292' title='bbox 1296 1785 1390 1822; x_wconf 85' lang='lat' dir='ltr'>quae</span> <span class='ocrx_word' id='word_1_293' title='bbox 1413 1775 1461 1810; x_wconf 89' lang='lat' dir='ltr'>ad</span> 
     </span>
     <span class='ocr_line' id='line_1_63' title="bbox 799 1830 1460 1881; baseline -0.005 -12"><span class='ocrx_word' id='word_1_294' title='bbox 799 1831 875 1881; x_wconf 87' lang='lat' dir='ltr'>pini</span> <span class='ocrx_word' id='word_1_295' title='bbox 894 1844 1010 1880; x_wconf 80' lang='lat' dir='ltr'>genus</span> <span class='ocrx_word' id='word_1_296' title='bbox 1031 1832 1256 1881; x_wconf 86' lang='lat' dir='ltr'>pertineant,</span> <span class='ocrx_word' id='word_1_297' title='bbox 1282 1830 1460 1880; x_wconf 86' lang='lat' dir='ltr'>capiatur.</span> 
     </span>
    </p>
   </div>
   <div class='ocr_carea' id='block_1_8' title="bbox 793 1908 1462 2528">
    <p class='ocr_par' dir='ltr' id='par_1_9' title="bbox 799 1908 1462 2249">
     <span class='ocr_line' id='line_1_64' title="bbox 858 1908 1455 1965; baseline -0.007 -11"><span class='ocrx_word' id='word_1_298' title='bbox 858 1912 949 1954; x_wconf 81' lang='grc' dir='ltr'>οὕτε</span> <span class='ocrx_word' id='word_1_299' title='bbox 992 1909 1263 1965; x_wconf 68' lang='grc' dir='ltr'><em>ἀναταμόντες</em></span> <span class='ocrx_word' id='word_1_300' title='bbox 1312 1908 1455 1959; x_wconf 73' lang='grc' dir='ltr'><em>αὐτὸν]</em></span> 
     </span>
     <span class='ocr_line' id='line_1_65' title="bbox 800 1968 1462 2023; baseline -0.005 -15"><span class='ocrx_word' id='word_1_301' title='bbox 800 1971 882 2009; x_wconf 90' lang='lat' dir='ltr'>Scil.</span> <span class='ocrx_word' id='word_1_302' title='bbox 905 1968 977 2011; x_wconf 76' lang='grc' dir='ltr'>τόν</span> <span class='ocrx_word' id='word_1_303' title='bbox 1000 1969 1163 2023; x_wconf 78' lang='grc' dir='ltr'><strong><em>νεκρὸν,</em></strong></span> <span class='ocrx_word' id='word_1_304' title='bbox 1185 1985 1252 2008; x_wconf 73' lang='lat' dir='ltr'>non</span> <span class='ocrx_word' id='word_1_305' title='bbox 1270 1970 1462 2007; x_wconf 72' lang='lat' dir='ltr'>incidentes</span> 
     </span>
     <span class='ocr_line' id='line_1_66' title="bbox 799 2028 1458 2078; baseline -0.005 -13"><span class='ocrx_word' id='word_1_306' title='bbox 799 2041 922 2078; x_wconf 80' lang='lat' dir='ltr'>corpus</span> <span class='ocrx_word' id='word_1_307' title='bbox 934 2028 1099 2078; x_wconf 66' lang='lat' dir='ltr'>defuncti</span> <span class='ocrx_word' id='word_1_308' title='bbox 1113 2029 1160 2065; x_wconf 80' lang='lat' dir='ltr'>ad</span> <span class='ocrx_word' id='word_1_309' title='bbox 1183 2030 1458 2076; x_wconf 71' lang='lat' dir='ltr'>sinislrampar-</span> 
     </span>
     <span class='ocr_line' id='line_1_67' title="bbox 800 2084 1458 2130; baseline -0.002 -9"><span class='ocrx_word' id='word_1_310' title='bbox 800 2089 878 2122; x_wconf 76' lang='lat' dir='ltr'>tem.</span> <span class='ocrx_word' id='word_1_311' title='bbox 948 2086 1057 2122; x_wconf 90' lang='lat' dir='ltr'>Conf.</span> <span class='ocrx_word' id='word_1_312' title='bbox 1094 2090 1174 2122; x_wconf 86' lang='lat' dir='ltr'>not.</span> <span class='ocrx_word' id='word_1_313' title='bbox 1212 2085 1261 2121; x_wconf 89' lang='lat' dir='ltr'>ad</span> <span class='ocrx_word' id='word_1_314' title='bbox 1295 2084 1353 2130; x_wconf 89' lang='lat' dir='ltr'>ll,</span> <span class='ocrx_word' id='word_1_315' title='bbox 1383 2085 1458 2123; x_wconf 84' lang='lat'>86:</span> 
     </span>
     <span class='ocr_line' id='line_1_68' title="bbox 799 2137 1458 2194; baseline -0.005 -14"><span class='ocrx_word' id='word_1_316' title='bbox 799 2142 1114 2193; x_wconf 82' lang='grc' dir='ltr'><em>παρασχίσαντες</em></span> <span class='ocrx_word' id='word_1_317' title='bbox 1147 2137 1256 2194; x_wconf 68' lang='grc' dir='ltr'><em>παρα</em></span> <span class='ocrx_word' id='word_1_318' title='bbox 1289 2137 1365 2191; x_wconf 72' lang='grc' dir='ltr'>τήν</span> <span class='ocrx_word' id='word_1_319' title='bbox 1392 2142 1458 2178; x_wconf 80' lang='grc' dir='ltr'><em>λα-</em></span> 
     </span>
     <span class='ocr_line' id='line_1_69' title="bbox 799 2195 947 2249; baseline -0.014 -11"><span class='ocrx_word' id='word_1_320' title='bbox 799 2195 947 2249; x_wconf 61' lang='grc' dir='ltr'><strong><em>παρῆν.</em></strong></span> 
     </span>
    </p>

    <p class='ocr_par' dir='ltr' id='par_1_10' title="bbox 793 2249 1458 2528">
     <span class='ocr_line' id='line_1_70' title="bbox 857 2249 1458 2304; baseline -0.007 -10"><span class='ocrx_word' id='word_1_321' title='bbox 857 2253 948 2294; x_wconf 71' lang='grc' dir='ltr'>οὔτε</span> <span class='ocrx_word' id='word_1_322' title='bbox 977 2249 1170 2302; x_wconf 77' lang='grc' dir='ltr'><em>ἐξελόντες</em></span> <span class='ocrx_word' id='word_1_323' title='bbox 1198 2250 1273 2304; x_wconf 78' lang='grc' dir='ltr'>τὴν</span> <span class='ocrx_word' id='word_1_324' title='bbox 1299 2249 1458 2302; x_wconf 68' lang='grc' dir='ltr'><strong><em>νηδύν]</em></strong></span> 
     </span>
     <span class='ocr_line' id='line_1_71' title="bbox 797 2309 1456 2350; baseline -0.008 0"><span class='ocrx_word' id='word_1_325' title='bbox 797 2313 820 2349; x_wconf 83' lang='lat' dir='ltr'>i.</span> <span class='ocrx_word' id='word_1_326' title='bbox 841 2326 871 2350; x_wconf 93' lang='lat' dir='ltr'>e.</span> <span class='ocrx_word' id='word_1_327' title='bbox 885 2312 1006 2350; x_wconf 77' lang='lat' dir='ltr'>alvum</span> <span class='ocrx_word' id='word_1_328' title='bbox 1025 2325 1092 2348; x_wconf 78' lang='lat' dir='ltr'>non</span> <span class='ocrx_word' id='word_1_329' title='bbox 1113 2313 1361 2347; x_wconf 70' lang='lat' dir='ltr'>exenterantes.</span> <span class='ocrx_word' id='word_1_330' title='bbox 1387 2309 1456 2345; x_wconf 77' lang='lat' dir='ltr'>Pa-</span> 
     </span>
     <span class='ocr_line' id='line_1_72' title="bbox 796 2364 1456 2419; baseline -0.005 -13"><span class='ocrx_word' id='word_1_331' title='bbox 796 2373 853 2406; x_wconf 84' lang='lat' dir='ltr'>tet</span> <span class='ocrx_word' id='word_1_332' title='bbox 884 2369 919 2406; x_wconf 90' lang='lat' dir='ltr'>h.</span> <span class='ocrx_word' id='word_1_333' title='bbox 948 2368 969 2405; x_wconf 96' lang='lat' dir='ltr'>l.</span> <span class='ocrx_word' id='word_1_334' title='bbox 997 2364 1128 2419; x_wconf 75' lang='grc' dir='ltr'><strong><em>νηδύν</em></strong></span> <span class='ocrx_word' id='word_1_335' title='bbox 1155 2372 1268 2416; x_wconf 89' lang='lat' dir='ltr'>atque</span> <span class='ocrx_word' id='word_1_336' title='bbox 1297 2365 1456 2415; x_wconf 79' lang='grc' dir='ltr'><strong><em>κοιλίην</em></strong></span> 
     </span>
     <span class='ocr_line' id='line_1_73' title="bbox 794 2424 1456 2473; baseline -0.005 -11"><span class='ocrx_word' id='word_1_337' title='bbox 794 2438 869 2462; x_wconf 91' lang='lat' dir='ltr'>non</span> <span class='ocrx_word' id='word_1_338' title='bbox 901 2426 1050 2463; x_wconf 87' lang='lat' dir='ltr'>differre</span> <span class='ocrx_word' id='word_1_339' title='bbox 1077 2424 1344 2473; x_wconf 80' lang='lat' dir='ltr'>significatione</span> <span class='ocrx_word' id='word_1_340' title='bbox 1361 2452 1372 2469; x_wconf 85' lang='lat'>‚</span> <span class='ocrx_word' id='word_1_341' title='bbox 1413 2427 1456 2459; x_wconf 89' lang='lat' dir='ltr'>ut</span> 
     </span>
     <span class='ocr_line' id='line_1_74' title="bbox 793 2479 1450 2528; baseline -0.002 -10"><span class='ocrx_word' id='word_1_342' title='bbox 793 2486 893 2520; x_wconf 88' lang='lat' dir='ltr'>recte</span> <span class='ocrx_word' id='word_1_343' title='bbox 920 2483 1030 2520; x_wconf 89' lang='lat' dir='ltr'>etiam</span> <span class='ocrx_word' id='word_1_344' title='bbox 1067 2480 1209 2519; x_wconf 87' lang='lat' dir='ltr'>monuit</span> <span class='ocrx_word' id='word_1_345' title='bbox 1241 2479 1450 2528; x_wconf 81' lang='lat' dir='ltr'>Schweigh.</span> 
     </span>
    </p>
   </div>
   <div class='ocr_carea' id='block_1_9' title="bbox 793 2539 1001 2587">
    <p class='ocr_par' dir='ltr' id='par_1_11' title="bbox 793 2539 1001 2587">
     <span class='ocr_line' id='line_1_75' title="bbox 793 2539 1001 2587; baseline -0.01 -10"><span class='ocrx_word' id='word_1_346' title='bbox 793 2540 841 2577; x_wconf 81' lang='lat' dir='ltr'>ad</span> <span class='ocrx_word' id='word_1_347' title='bbox 861 2539 915 2587; x_wconf 75' lang='grc' dir='ltr'>υ,</span> <span class='ocrx_word' id='word_1_348' title='bbox 934 2541 1001 2580; x_wconf 84' lang='lat'>86.</span> 
     </span>
    </p>
   </div>
   <div class='ocr_carea' id='block_1_10' title="bbox 793 2615 1454 2954">
    <p class='ocr_par' dir='ltr' id='par_1_12' title="bbox 793 2615 1454 2954">
     <span class='ocr_line' id='line_1_76' title="bbox 849 2615 1454 2672; baseline -0.01 -10"><span class='ocrx_word' id='word_1_349' title='bbox 849 2620 949 2662; x_wconf 79' lang='grc' dir='ltr'>κατοῖ</span> <span class='ocrx_word' id='word_1_350' title='bbox 983 2620 1025 2661; x_wconf 80' lang='grc' dir='ltr'>δὲ</span> <span class='ocrx_word' id='word_1_351' title='bbox 1052 2617 1125 2672; x_wconf 71' lang='grc' dir='ltr'>τήν</span> <span class='ocrx_word' id='word_1_352' title='bbox 1157 2618 1277 2671; x_wconf 74' lang='grc' dir='ltr'><strong><em>ἕδρην</em></strong></span> <span class='ocrx_word' id='word_1_353' title='bbox 1305 2615 1454 2670; x_wconf 80' lang='grc' dir='ltr'><em>ἐσηθή-</em></span> 
     </span>
     <span class='ocr_line' id='line_1_77' title="bbox 793 2678 1454 2727; baseline -0.012 -8"><span class='ocrx_word' id='word_1_354' title='bbox 793 2683 957 2726; x_wconf 72' lang='grc' dir='ltr'><em>σαντες]</em></span> <span class='ocrx_word' id='word_1_355' title='bbox 989 2680 1012 2716; x_wconf 87' lang='lat' dir='ltr'>i.</span> <span class='ocrx_word' id='word_1_356' title='bbox 1033 2692 1065 2716; x_wconf 89' lang='lat' dir='ltr'>e.</span> <span class='ocrx_word' id='word_1_357' title='bbox 1087 2690 1149 2727; x_wconf 81' lang='lat' dir='ltr'>per</span> <span class='ocrx_word' id='word_1_358' title='bbox 1169 2690 1275 2714; x_wconf 66' lang='lat' dir='ltr'>artum</span> <span class='ocrx_word' id='word_1_359' title='bbox 1293 2678 1454 2725; x_wconf 79' lang='lat' dir='ltr'>ingeren-</span> 
     </span>
     <span class='ocr_line' id='line_1_78' title="bbox 797 2732 1451 2784; baseline -0.011 -10"><span class='ocrx_word' id='word_1_360' title='bbox 797 2741 856 2774; x_wconf 78' lang='lat' dir='ltr'>tes.</span> <span class='ocrx_word' id='word_1_361' title='bbox 916 2736 1014 2774; x_wconf 85' lang='lat' dir='ltr'>Nam</span> <span class='ocrx_word' id='word_1_362' title='bbox 1033 2734 1198 2784; x_wconf 78' lang='grc' dir='ltr'><em>ἐσηθεῖν</em></span> <span class='ocrx_word' id='word_1_363' title='bbox 1218 2737 1276 2771; x_wconf 86' lang='lat' dir='ltr'>est</span> <span class='ocrx_word' id='word_1_364' title='bbox 1292 2746 1354 2783; x_wconf 82' lang='lat' dir='ltr'>per</span> <span class='ocrx_word' id='word_1_365' title='bbox 1376 2732 1451 2782; x_wconf 73' lang='lat' dir='ltr'>cly-</span> 
     </span>
     <span class='ocr_line' id='line_1_79' title="bbox 797 2792 1452 2838; baseline -0.009 -8"><span class='ocrx_word' id='word_1_366' title='bbox 797 2798 917 2830; x_wconf 77' lang='lat' dir='ltr'>sterem</span> <span class='ocrx_word' id='word_1_367' title='bbox 966 2793 1194 2829; x_wconf 80' lang='lat' dir='ltr'>intromittere</span> <span class='ocrx_word' id='word_1_368' title='bbox 1216 2819 1226 2837; x_wconf 86' lang='lat'>‚</span> <span class='ocrx_word' id='word_1_369' title='bbox 1285 2792 1452 2838; x_wconf 76' lang='lat' dir='ltr'>ingerere,</span> 
     </span>
     <span class='ocr_line' id='line_1_80' title="bbox 795 2846 1453 2899; baseline -0.009 -12"><span class='ocrx_word' id='word_1_370' title='bbox 795 2851 895 2899; x_wconf 81' lang='lat' dir='ltr'>quod</span> <span class='ocrx_word' id='word_1_371' title='bbox 918 2862 999 2886; x_wconf 89' lang='lat' dir='ltr'>cum</span> <span class='ocrx_word' id='word_1_372' title='bbox 1016 2847 1201 2899; x_wconf 84' lang='lat' dir='ltr'>purgandi</span> <span class='ocrx_word' id='word_1_373' title='bbox 1220 2846 1352 2884; x_wconf 88' lang='lat' dir='ltr'>ventris</span> <span class='ocrx_word' id='word_1_374' title='bbox 1369 2857 1453 2882; x_wconf 88' lang='lat' dir='ltr'>cau-</span> 
     </span>
     <span class='ocr_line' id='line_1_81' title="bbox 796 2900 1450 2954; baseline -0.008 -10"><span class='ocrx_word' id='word_1_375' title='bbox 796 2920 838 2944; x_wconf 88' lang='lat' dir='ltr'>sa</span> <span class='ocrx_word' id='word_1_376' title='bbox 866 2907 950 2953; x_wconf 80' lang='lat' dir='ltr'>fiat,</span> <span class='ocrx_word' id='word_1_377' title='bbox 987 2904 1111 2954; x_wconf 82' lang='lat' dir='ltr'>glossa</span> <span class='ocrx_word' id='word_1_378' title='bbox 1132 2903 1348 2941; x_wconf 83' lang='lat' dir='ltr'>Herodotea</span> <span class='ocrx_word' id='word_1_379' title='bbox 1364 2900 1450 2951; x_wconf 81' lang='grc' dir='ltr'><em>ἐση-</em></span> 
     </span>
    </p>
   </div>
  </div>
 </body>
</html>
