1759 3324
369 248 455 289 576

371 354 520 412 ἕτερον
557 354 587 412 ἢ
613 356 688 400 καὶ
718 354 942 412 ἀμφότερα
970 355 1257 414 ὑπερέχοντα,

777 246 1245 287 HERODOTI

1307 359 1492 413 σημηίου
1520 357 1627 401 εἵνε-

342 442 459 479 5κεν.
489 433 621 479 ἐπεοὶν
649 434 696 479 δὲ
725 439 863 491 σαπῇ»
892 436 966 480 καὶ
993 438 1153 493 προσίῃ
1181 436 1206 481 ὁ
1236 436 1492 493 τεταγμένος
1520 433 1653 491 χρό-1

368 530 475 566 νος,
532 512 778 558 ἀπικνέεται
812 513 856 564 ἐς
894 513 1079 571 ἑκάστην
1125 515 1255 559 πόλιν
1301 515 1428 572 βᾶρις
1469 515 1515 558 ἐκ
1552 517 1628 570 τῆς

341 593 706 648 6Προσωπίτιδος
734 592 1003 649 καλευμένης
1033 592 1183 649 νήσου.
1224 592 1251 650 ἡ
1282 592 1323 638 δ’
1357 594 1445 637 ἔστι
1474 593 1552 649 μὲν
1582 592 1630 636 έν

367 675 429 728 τῷ
458 670 620 720 Δέλτα,
650 669 910 723 περίμετρον
939 671 984 714 δὲ
1015 669 1148 727 αὐτῆς
1178 673 1261 716 εἰσὶ
1293 678 1459 728 σχοῖνοι
1493 670 1628 715 ἐννέα.

340 749 420 793 ’ἴέν
448 746 584 803 ταύτῃ
615 741 678 789 ὧν
715 751 769 803 τῇ
803 750 1102 802 Προσωπίτιδι
1130 749 1248 809 νήσῳ
1286 751 1416 794 ἔνεισι
1444 751 1523 807 μὲν
1551 751 1656 794 καὶὸ

369 828 496 871 ἄλλαι
524 826 670 876 πόλιες
701 827 876 881 συχναί·
927 827 974 869 ἐκ
1003 831 1078 883 τῆς
1114 827 1159 871 ὸὲ
1189 829 1235 870 αἱ
1273 827 1400 884 βάρις
1441 830 1627 884 παραγί-

367 921 518 950 νονται
545 901 891 961 ἀναιρησόμεναι
919 904 972 948 τοὶ
1004 903 1132 950 ὀστέα
1160 910 1250 951 τῶν
1277 910 1421 964 βοῶν,
1461 907 1630 963 οὔνομα

310 1126 421 1164 verba
439 1125 491 1163 ita
506 1124 719 1176 explicanda
733 1129 857 1163 censet
867 1123 965 1162 Mat-

311 1182 410 1220 thiae
427 1182 492 1219 Gr.
509 1182 574 1218 Gr.
603 1194 690 1232 pag.
710 1183 792 1223 788
804 1211 815 1230 ,
845 1186 886 1218 ut
904 1195 964 1219 co-

311 1239 463 1288 gitando
475 1237 684 1289 suppleatur
701 1236 857 1288 ἔχοντας
871 1237 963 1285 (scil.

313 1294 471 1346 ἔρσενας
496 1294 626 1344 βοῦς).
664 1293 868 1344 Antigonus
890 1294 964 1331 Ca-

308 1351 446 1400 rystius
470 1351 567 1388 Hist.
589 1350 739 1388 mirabb.
766 1352 840 1399 23,
877 1363 965 1388 ean-

310 1408 394 1445 dem
416 1420 491 1445 rem
509 1407 690 1456 prodens,
719 1407 769 1444 ita
789 1406 962 1457 loquitur:

312 1458 347 1502 (δ’
357 1475 409 1502 στ
421 1478 438 1502 ε
468 1458 568 1502 αὐτοὶ
589 1459 636 1502 τοὶ
654 1461 796 1515 κέρατα
808 1465 878 1513 τῆς
891 1465 964 1514 γῆς

308 1517 526 1572 ὑπερέχειν.
544 1540 600 1547 -·
626 1519 686 1557 Ad
704 1532 827 1558 vocem
846 1517 965 1573 βάρις

310 1578 404 1615 conf.
425 1580 517 1613 nott.
539 1576 587 1612 ad
606 1576 653 1624 ΙΙ,
677 1578 742 1618 96.

365 1659 408 1700 ἐκ
426 1661 497 1711 τῆς
510 1659 811 1710 Προσωπίτιδος
825 1661 962 1699 καλευ·

309 1714 431 1767 μένης
451 1712 601 1766 νήσου]
630 1716 769 1753 Inclusa
789 1721 844 1754 est
865 1717 964 1754 insu-

309 1774 346 1811 la
365 1773 610 1822 Sebennytico
629 1777 664 1810 et
685 1773 871 1823 Canopico
887 1772 964 1810 Nili

308 1830 453 1868 brachio
485 1842 638 1878 eumque
668 1830 745 1866 fere
776 1829 961 1876 ambitum,

309 1899 418 1936 quem
435 1885 521 1922 olim
536 1885 672 1932 habuit,
684 1885 878 1922 etiamnum
897 1885 962 1922 ha-

307 1943 396 1980 bere
420 1942 559 1979 dicitur.
608 1941 840 1991 Prosopiticlz‘s
864 1941 962 1978 nomi

308 1999 350 2035 fit
367 1998 503 2035 mentio
523 1997 570 2044 ΙΙ,
593 1997 672 2039 165
694 2002 729 2035 et
747 1998 846 2048 apud
859 1998 962 2034 Stra-

306 2055 393 2091 bon.
413 2052 517 2090 XVII
534 2066 571 2103 p.
592 2053 712 2100 1154,
741 2053 784 2090 C.
830 2053 883 2090 Ac
904 2052 961 2090 vel

306 2115 439 2160 postea
456 2108 609 2157 insignis
630 2108 745 2146 insula
757 2137 767 2156 ,
798 2122 842 2146 eo
861 2110 961 2158 quod

306 2165 545 2203 Athenienses
563 2165 751 2215 Aegyptiis
770 2165 960 2202 rebellibus

307 2222 437 2259 auxilio
466 2220 566 2257 missi
594 2221 650 2258 hic
676 2233 698 2257 a
719 2221 840 2258 Persis
862 2222 959 2258 obsi-

307 2278 497 2315 debantur.
508 2277 592 2313 vid.
607 2276 812 2326 Thucydid.
824 2277 852 2324 l,
866 2279 956 2318 104.

309 2336 401 2375 109.
430 2333 651 2383 Aegyptium
669 2333 807 2371 insulae
826 2346 958 2371 nomen

307 2403 388 2428 esse
416 2388 589 2436 Pschati,
617 2391 766 2440 copiosa
793 2389 958 2439 disputa-

305 2446 405 2484 tione
425 2446 612 2484 contendit
631 2445 835 2496 Champoll.
855 2445 877 2482 l’
886 2445 955 2494 Eg.

307 2515 392 2539 sous
413 2501 436 2539 l.
457 2502 562 2552 phar.
577 2501 611 2538 ll
628 2515 664 2552 p.
685 2504 766 2544 162
785 2514 887 2552 seqq.
903 2521 958 2529 —

305 2558 348 2596 In
364 2571 469 2607 seqq.
495 2570 574 2595 cum
601 2557 803 2606 Schweigh.
829 2557 959 2596 rescri-

304 2614 363 2665 psi
381 2614 615 2665 περίμετρον
629 2626 698 2664 pro
714 2614 955 2666 περίμετρος.

306 2669 416 2707 Conf.
438 2669 486 2717 ΙΙ,
507 2669 600 2712 149

342 2749 517 2803 -ούνομα
540 2753 590 2807 τῇ
623 2746 737 2792 πόλει
766 2747 956 2805 Ἀτάρβη-

303 2806 427 2859 χις],
431 2809 565 2855 ‚Quam
595 2822 662 2859 pro
692 2809 958 2861 ΑΡΙιτοᾱιίοροίί

303 2863 413 2903 habet
429 2864 690 2903 Iablonskius
681 2879 719 2903 m
743 2866 851 2905 Voce.
878 2866 952 2904 Ae-

1032 1130 1151 1178 gy.ptt
1173 1140 1210 1178 p.
1223 1128 1276 1169 43
1300 1127 1380 1176 (ubi
1392 1131 1516 1165 nostro
1535 1126 1614 1165 loco
1633 1126 1685 1164 le-

1031 1184 1191 1232 gendum
1206 1190 1329 1222 censet
1338 1179 1499 1235 ’Λταρβι
1490 1198 1590 1234 quw,
1605 1196 1683 1221 cum

1029 1252 1100 1275 vox
1128 1242 1327 1308 composita
1361 1241 1406 1278 sit
1433 1253 1477 1278 ex
1511 1235 1625 1292 'Arae
1656 1254 1685 1277 s.

1028 1290 1171 1345 Ἀτωρ,
1209 1293 1363 1347 Ἀθωρ,
1403 1297 1504 1347 quod
1531 1301 1587 1334 est
1611 1295 1684 1334 Ae-

1030 1348 1238 1402 g)[›tiacu1n
1259 1353 1411 1391 Veneris
1440 1366 1598 1400 nomen,
1628 1356 1685 1390 te-

1031 1413 1149 1446 stante
1169 1422 1315 1459 quoque
1338 1410 1466 1447 Orion.
1484 1410 1581 1460 apud
1587 1381 1684 1458 'Ety-

1030 1464 1166 1514 molog.
1205 1480 1252 1502 m.
1282 1479 1318 1516 p.
1340 1468 1393 1508 26
1431 1465 1531 1515 Syll).
1565 1479 1601 1515 p.
1628 1464 1683 1506 24

1028 1519 1131 1571 Lips.
1144 1550 1153 1568 ‚
1184 1522 1355 1571 quodque
1369 1522 1515 1572 proprie
1534 1521 1685 1558 denotat

1030 1581 1174 1624 noctem,
1202 1583 1239 1615 et
1256 1591 1299 1614 ex
1315 1577 1409 1623 bak-i,
1439 1578 1539 1627 quod
1558 1577 1682 1614 urbem

1030 1633 1221 1682 significat.
1253 1634 1336 1671 Vid.
1351 1634 1439 1671 ibid.
1455 1646 1493 1684 p.
1514 1637 1579 1675 20.
1597 1632 1683 1681 21).

1032 1690 1152 1732 Quam
1182 1691 1396 1727 sententiam
1424 1691 1524 1739 quod
1553 1690 1590 1726 in
1617 1689 1684 1726 du-

1031 1745 1128 1783 bium
1153 1751 1259 1784 vocat
1284 1745 1489 1796 Champoll.
1513 1745 1534 1782 l'
1544 1745 1682 1796 Egypt.

1031 1815 1061 1839 s.
1081 1801 1105 1839 l.
1126 1801 1228 1852 phar.
1245 1802 1278 1840 II
1297 1816 1334 1853 p.
1356 1804 1449 1850 173,
1477 1802 1547 1840 hoc
1566 1801 1615 1838 nil
1636 1802 1684 1838 ad

1031 1871 1089 1895 me
1105 1859 1283 1908 pertinet,
1313 1859 1491 1908 siquidem
1511 1858 1683 1895 Herodo-

1030 1918 1087 1951 tus
1108 1914 1141 1951 h.
1161 1913 1183 1951 l.
1207 1916 1341 1953 diserte
1359 1919 1531 1952 testatur:
1561 1914 1684 1952 Vene-

1029 1971 1077 2007 ris
1095 1971 1267 2021 templum
1286 1984 1425 2008 sacrum
1442 1984 1523 2009 esse
1536 1972 1574 2008 in
1596 1971 1684 2008 urbe

1029 2026 1223 2063 Atarbcehi
1242 2032 1278 2065 et
1294 2028 1393 2064 numi
1407 2028 1513 2065 etiam
1527 2030 1684 2076 arguunt

1030 2083 1104 2120 eius
1133 2083 1230 2119 urbis
1265 2083 1462 2131 religiones
1500 2083 1683 2133 pertinere

1029 2139 1076 2174 ad
1097 2138 1288 2176 Venerem.
1317 2140 1410 2177 Illud
1434 2152 1504 2188 ego
1526 2139 1683 2176 vicissim

1028 2195 1065 2230 in
1118 2195 1265 2231 dubium
1313 2196 1515 2234 vocaverim
1567 2194 1680 2245 ipsius

1025 2249 1331 2300 Champollionis‚
1371 2252 1470 2300 qnod
1492 2251 1587 2288 illam
1614 2250 1681 2288 mi-

1025 2318 1102 2342 ram.
1125 2307 1233 2344 boum
1252 2307 1514 2346 funerationem
1537 2308 1582 2344 ab
1601 2307 1681 2345 He-

1025 2362 1156 2398 rodoto
1199 2367 1455 2411 memoratam,
1501 2363 1678 2414 corruptis

1025 2418 1170 2455 demum
1207 2419 1440 2467 religionibus
1469 2419 1679 2470 Aegypticis

1024 2473 1217 2512 invaluisse
1235 2476 1439 2512 arbitratur.
1449 2477 1472 2495 “
1504 2477 1678 2514 Creuzer.

1024 2529 1061 2566 in
1074 2531 1215 2568 Comm.
1228 2531 1367 2568 Herod.
1378 2545 1415 2582 p.
1428 2534 1520 2574 118.
1533 2531 1595 2569 Τιι
1605 2532 1678 2569 vid.

1022 2586 1252 2636 potissimum
1273 2588 1320 2625 de
1349 2588 1417 2626 hac
1438 2589 1548 2635 urbe,
1578 2587 1677 2626 cuius

1023 2643 1152 2680 rudera
1173 2656 1290 2694 prope
1310 2643 1428 2682 locum
1448 2643 1675 2695 Chybz‘n-el-

1025 2697 1125 2736 houm
1156 2699 1309 2738 inveniri
1333 2701 1518 2748 dicuntur,
1545 2700 1677 2738 Ritter.

1023 2755 1214 2792 Erdkuud.
1242 2755 1270 2793 Ι.
1296 2769 1383 2807 pag.
1407 2758 1488 2798 819
1515 2760 1552 2793 et
1580 2757 1676 2793 conf.

1022 2811 1050 2848 I.
1073 2813 1119 2848 de
1145 2813 1322 2850 Hammer
1341 2813 1378 2848 in
1399 2811 1542 2848 Annall.
1563 2812 1676 2849 Vien-

1021 2880 1143 2906 nenss.
1166 2870 1274 2911 1829
1294 2867 1363 2906 vol.
1383 2867 1486 2905 XLV
1503 2881 1541 2919 p.
1559 2870 1627 2910 26.
