1759 3324
530 273 952 314 EUTERPE.
1006 265 1075 310 Il.⁴

1327 277 1411 316 817

147 385 486 432 καταπαύσαντα
520 386 737 438 Τυφῶνα,
768 385 1024 439 βασιλεῦσαι
1051 380 1243 426 ὕστατον
1272 381 1409 438 Αἰγύ-

147 483 271 510 πτου.

145 549 355 601 γλῶσσαν.

88 725 304 766 sacerdotali
325 725 511 763 exhibetur
531 725 619 762 deus
638 727 740 763 iuve-

85 785 142 821 nis
169 783 328 832 optimae
355 783 433 832 spei
460 781 740 831 pulcherrimae-

39 835 42 839 ’
86 854 158 890 que
176 839 279 876 faciei
296 851 509 887 morumque
525 839 739 888 probatissi-

85 909 226 934 morum
239 924 250 942 ,
271 900 312 932 ut
331 896 392 944 qui
411 896 523 945 patris
543 896 738 943 (Osiridis)

85 966 108 990 a
134 951 318 1002 Typhone
344 953 439 989 caesi
467 952 599 988 vindex
629 953 739 989 exsti-

84 1010 180 1046 terit.
240 1008 345 1051 Quae
377 1009 406 1044 si
439 1012 610 1058 reputes,
651 1009 738 1058 quid

85 1067 227 1110 obstat,
259 1077 331 1113 quo
362 1065 479 1101 minus
508 1065 633 1111 Horo,
666 1065 737 1102 Ae-

85 1122 210 1172 gyptio
249 1122 319 1157 deo
337 1149 347 1167 ,
393 1133 472 1158 cum
512 1121 737 1158 Graecorum

83 1177 252 1227 Apolline
281 1178 492 1214 convenisse
518 1175 737 1214 credamus?

83 1234 185 1272 Duos
209 1238 329 1271 autem
348 1233 509 1283 Aegypti
528 1234 617 1270 deos
644 1234 739 1270 sola-

82 1304 141 1328 res
180 1290 230 1326 ad
272 1290 496 1327 Graecorum
535 1289 738 1339 Apollinem

81 1347 238 1384 valuisse
266 1347 469 1383 Creuzerus
499 1347 625 1382 statuit
656 1346 678 1382 l.
702 1346 738 1393 l.,

84 1403 257 1450 alterum,
275 1402 425 1439 Vulcani
447 1402 508 1452 qui
529 1403 739 1452 perhibetur

83 1459 198 1507 filius,
218 1459 354 1509 quique
374 1459 422 1495 ad
441 1459 643 1508 Apollinem
667 1474 739 1497 πα-

82 1518 212 1570 τρῷον
240 1514 513 1553 Atheniensium
548 1516 739 1565 pertinuit3

83 1573 260 1619 alterum,
293 1572 438 1608 Horum
455 1601 466 1619 ,
499 1572 562 1621 qui
588 1573 635 1608 ad
656 1572 738 1610 reli-

87 1642 240 1678 quarum
259 1628 437 1665 Graeciae
453 1629 613 1677 gentium
625 1629 738 1678 Apol-

83 1685 194 1722 linem
229 1684 350 1721 valuit.
419 1685 480 1721 Tu
517 1686 611 1721 conf.
643 1698 737 1734 quae

83 1742 162 1792 ipse
183 1740 266 1777 olim
287 1741 439 1778 disserui
461 1743 497 1777 in
521 1742 665 1778 dissert.
689 1742 736 1778 de

84 1797 252 1847 Apolline
265 1796 434 1845 Patricio,
444 1797 613 1835 Heidelb.
628 1799 735 1838 1820

84 1866 170 1905 pag.
194 1856 246 1895 16
274 1866 376 1903 seqq.

139 1968 284 2006 τοῦτον
297 1994 306 2011 ,
337 1960 646 2004 καταπαύσαντα
663 1968 736 2003 Τυ-

83 2021 218 2072 φῶνα]
249 2023 454 2060 Secundum
474 2023 564 2059 alios
583 2022 618 2058 T
621 2021 735 2071 ypho-

81 2092 165 2117 nem
201 2079 381 2116 interfecit
408 2079 551 2125 Horus‚
591 2083 732 2128 patrem

82 2148 226 2173 caesum
243 2135 397 2181 ulturus,
427 2135 625 2172 secundum
644 2134 732 2172 alios

82 2192 302 2242 Typhonem
329 2204 465 2241 regn0‚
506 2192 607 2240 quod
626 2204 733 2228 occu-

82 2252 256 2299 paverat,
287 2249 430 2286 deiecit.
504 2248 613 2285 conf.
640 2247 731 2284 Dio-

83 2305 162 2342 dor.
183 2304 217 2351 l,
236 2308 302 2346 21.
322 2306 387 2345 88.
418 2304 597 2341 Plutarch.
619 2305 665 2340 de
685 2303 731 2341 Is.

84 2364 123 2397 et
134 2361 230 2398 Osir.
251 2374 287 2411 p.
304 2361 445 2407 380,D
472 2366 508 2398 et
522 2373 617 2410 quae
627 2359 732 2410 plura

85 2417 172 2453 citat
195 2417 378 2454 Iablonsk.
404 2418 530 2467 panth.
560 2416 651 2465 Aeg.
678 2416 730 2453 Ill

84 2485 121 2522 p.
144 2472 207 2513 40.
237 2473 334 2511 Add.
351 2474 448 2510 Hirt.
466 2475 556 2511 iiber
575 2473 729 2522 Gegen-

87 2529 218 2567 stende
245 2530 281 2567 d.
312 2530 436 2566 Kunst
461 2530 496 2567 b.
518 2531 553 2567 d.
575 2529 734 2579 Aegypt.

86 2583 109 2620 1.
139 2583 162 2620 l.
188 2598 273 2635 pag.
300 2587 378 2627 158
405 2599 481 2635 seq.
523 2585 603 2627 164
629 2599 733 2635 seqq.

87 2639 276 2678 Pertinent
302 2655 390 2679 vero
416 2643 504 2680 haee
533 2643 581 2679 ad
600 2642 735 2679 doctri-

87 2707 170 2731 nam
196 2696 289 2734 illam
317 2698 599 2745 sacerdotalem,
639 2711 735 2748 quae

87 2752 136 2787 ad
159 2751 330 2791 historiae
346 2754 497 2791 sormam
513 2767 557 2792 ea
579 2755 734 2802 effinxit,

87 2819 182 2855 quae
204 2809 251 2845 ad
267 2809 430 2858 physicas
443 2840 453 2858 ‚
473 2811 733 2848 astronomicas

87 2863 253 2912 adeoque
276 2866 540 2915 metaphysicas
566 2868 734 2904 notiones

89 2917 195 2966 vulgo
208 2921 419 2958 referuntur.
449 2922 571 2972 Atque
591 2924 735 2961 Horum

133 2974 340 3013 Hnnonow.
370 2978 400 3014 Ι.

343 464 514 518 ’Όσιρις
564 461 609 506 δέ
660 462 748 506 ἐστι
796 460 1018 514 Διόνυσος
1065 461 1174 506 mezo?
1221 460 1407 506 Ἑλλάδα

807 727 918 763 modo
959 726 1113 763 diximus
1154 737 1235 762 esse
1278 724 1390 762 solem
1422 724 1461 760 in

808 782 964 819 solstitio
983 783 1145 828 aestivo,
1176 782 1275 817 cuius
1303 781 1336 816 vi
1366 780 1462 817 salu-

806 840 912 876 tifera
932 851 1168 889 quaecunque
1188 838 1223 874 in
1245 841 1364 874 terrae
1382 836 1459 873 solo

806 895 943 932 inclusa
968 899 1161 939 tenentur,
1189 895 1226 930 in
1244 893 1360 930 lucem
1374 906 1460 943 pro-

805 953 971 988 feruntur
991 956 1029 989 et
1046 952 1094 988 ad
1114 950 1359 987 maturitatem
1377 963 1460 999 per-

805 1009 994 1045 ducuntur.
1053 1009 1121 1045 Cui
1138 1019 1374 1056 quaecunque
1391 1006 1458 1043 ob-

808 1070 907 1101 stant
935 1065 971 1100 in
1005 1068 1101 1102 terra
1132 1070 1244 1112 atque
1274 1065 1380 1109 aere,
1416 1074 1459 1099 ea

806 1120 998 1171 Typhonis
1035 1120 1182 1157 nomine
1221 1131 1264 1155 ac
1309 1119 1459 1156 notione

806 1177 1162 1227 comprehenduntur
1198 1180 1235 1212 et
1267 1175 1458 1225 Typhonis

805 1234 842 1270 in
871 1233 1143 1270 daemoniacam
1168 1231 1326 1282 speciem
1354 1231 1459 1280 quasi

805 1289 1023 1327 coalescunt.
1089 1288 1182 1325 Inde
1213 1287 1374 1337 Typhon
1402 1288 1458 1324 in-

804 1350 1032 1396 temperatus
1061 1345 1177 1381 omnis
1204 1357 1324 1381 rerum
1351 1347 1458 1380 natu-

804 1402 930 1439 ralium
971 1414 1161 1447 excessu53
1210 1401 1297 1437 inde
1336 1401 1457 1446 ardor,

804 1460 945 1505 foetor,
976 1459 1112 1508 pestis,
1143 1469 1260 1505 angor
1281 1460 1317 1493 et
1336 1456 1456 1492 fatalis

805 1515 947 1561 obitus3
977 1515 1063 1551 inde
1083 1513 1139 1551 vel
1166 1513 1278 1550 animi
1307 1512 1457 1561 quaevis

804 1571 1020 1622 perversitas
1041 1599 1052 1618 ‚
1086 1570 1269 1618 animique
1299 1568 1456 1617 quodvis

803 1629 952 1675 vitium,
981 1629 1100 1664 fausta
1124 1626 1244 1663 omnia
1264 1629 1375 1673 atque
1402 1625 1456 1660 in-

803 1686 934 1722 fausta.
990 1684 1094 1720 Haec
1120 1684 1182 1732 qui
1209 1686 1355 1728 teneat,
1383 1681 1457 1718 iam

803 1740 1008 1789 intelliget,
1039 1740 1127 1789 quid
1146 1738 1353 1776 sacerdotes
1373 1750 1457 1787 spe·

803 1797 933 1833 ctarint
962 1797 1134 1833 docentes
1162 1794 1381 1845 Typhonem
1409 1793 1456 1830 ab

802 1853 907 1889 Horo
926 1853 982 1891 vel
1011 1853 1245 1889 interemtum
1264 1849 1320 1887 vel
1340 1861 1456 1897 regno

803 1910 983 1946 deiectum
1007 1921 1097 1945 esse.
1155 1906 1264 1944 Plura
1284 1906 1456 1943 Creuzer.

804 1979 931 2002 comm.
958 1964 1124 2002 Herodd.
1149 1976 1234 2014 pag.
1260 1964 1363 2008 288,
1394 1961 1457 2010 qui

802 2034 898 2058 nunc
921 2022 1023 2058 addit
1054 2021 1174 2056 Sturz.
1200 2019 1249 2056 ad
1276 2016 1456 2054 Hellanici

801 2079 930 2127 fragm.
949 2090 1035 2128 pag.
1057 2076 1125 2118 44.
1181 2075 1231 2112 Et
1245 2075 1338 2112 conf.
1360 2086 1456 2124 quae

801 2135 849 2172 ad
873 2134 928 2182 II,
949 2137 1002 2176 61
1025 2137 1152 2171 notata
1171 2137 1267 2169 sunt.

867 2213 1198 2266 καταπαύσαντα]
1248 2213 1308 2252 De
1343 2214 1456 2251 verbo

799 2270 1044 2314 καταπαύειν
1067 2275 1192 2322 (regno
1217 2271 1374 2320 aliquem
1396 2270 1457 2307 cle-

799 2332 932 2380 iicere)
964 2335 1089 2369 monet
1114 2327 1378 2376 VVesselingius
1407 2327 1456 2364 ad

798 2387 833 2426 h.
855 2388 877 2424 l.
900 2389 1013 2426 citans
1034 2387 1173 2425 Herod.
1193 2385 1268 2433 VI,
1283 2384 1349 2426 43.
1373 2383 1455 2431 VlI,

801 2445 893 2486 105.
922 2444 978 2492 ΙΙ,
999 2446 1092 2486 162.

844 2524 1002 2578 ’Όσιρις
1041 2524 1084 2565 δέ
1133 2523 1215 2564 ἔστι
1257 2518 1456 2569 Διόνυσος

800 2581 902 2623 nato?
923 2580 1093 2622 Ἐλλάδα
1117 2578 1322 2633 γλῶσσαν]
1360 2579 1456 2617 Vide

802 2654 912 2690 supra
928 2641 982 2687 ΙΙ,
1002 2640 1058 2681 42
1075 2639 1162 2687 ibiq.
1181 2641 1259 2674 not.
1280 2641 1317 2673 et
1338 2635 1385 2682 ΙΙ,
1400 2636 1455 2676 50

801 2698 888 2746 ibiq.
906 2701 983 2734 not.
1024 2696 1084 2733 De
1101 2696 1182 2745 ipso
1205 2692 1361 2730 Osiridis
1385 2704 1456 2728 no-

802 2754 898 2790 mine
925 2753 1079 2803 plurima
1109 2749 1361 2800 suppeditabit
1398 2747 1456 2783 Ia-

803 2809 944 2847 blonsk.
962 2808 1089 2859 panth.
1110 2807 1203 2855 Aeg.
1227 2805 1283 2853 II,
1307 2807 1328 2845 1
1352 2801 1387 2853 §—
1404 2805 1456 2843 10

803 2879 881 2915 seq.
916 2866 966 2906 15
1005 2877 1081 2915 seq.
1138 2876 1238 2900 voce.
1279 2860 1454 2910 Aegyptt.

801 2935 889 2973 pag.
910 2923 1002 2963 188.

1150 2974 1206 3013 52
