1805 3315
674 235 974 276 CLIO.I.
1415 243 1471 283 55

183 354 384 408 δελφῖνος
411 345 698 403 ἐξενειχθέντα
727 344 799 388 ἐπὶ
832 346 1076 401 Ταίναρον,
1115 343 1244 389 ἐόντα
1271 351 1469 406 κιθαρῳ-

182 431 263 476 δόν
297 431 385 472 τῶν
421 425 515 470 τότε
552 424 714 469 ἐόντων
744 424 927 477 οὐδενὸς,-
964 425 1191 480 δεύτερον·
1232 426 1306 469 καὶ
1346 427 1470 470 διθύ-

181 511 370 565 ραμβον,
410 508 586 560 πρῶτον
615 502 865 560 ἀνθρώπων
902 508 992 549 τῶν
1018 504 1138 562 ἡμεῖς
1165 504 1311 560 ἴδμεν,
1342 503 1467 562 ποιή-
1515 509 1565 549 11

178 583 312 632 σαντα
339 600 384 628 τε
417 585 491 628 καὶ
520 582 801 641 ὀνομάσαντα
819 585 892 629 καὶ
914 582 1151 638 διδάξαντα
1169 583 1215 628 ἐν
1237 585 1463 641 Κορίνθῳ.

128 781 226 831 genii
265 780 563 828 mansuetudine,
611 778 784 829 singulari

128 839 164 875 in
182 838 345 875 homines
365 850 488 875 amore
510 837 673 886 miraque
694 836 781 873 alia-

126 908 206 932 rum
250 895 419 931 virtutum
468 894 583 944 copia.
658 892 782 942 Atque

127 952 235 989 etiam
258 951 395 988 musica
415 949 559 988 mulceri
591 962 672 987 eam
695 962 781 986 can-

125 1012 238 1056 tuque
280 1007 447 1044 tibiarum
485 1007 645 1055 gaudere
681 1006 778 1044 dice-

125 1064 236 1111 bant,
267 1058 512 1114 φιλόμουσον
531 1062 778 1113 appellabant,

126 1121 367 1169 omnibusque
392 1119 597 1157 hominibus
623 1119 776 1155 amicum

125 1190 168 1214 ac
189 1177 408 1225 benignum,
436 1176 633 1226 praecipuo
654 1179 776 1212 tamen

124 1237 315 1284 poetarum
357 1234 516 1282 quodam
551 1244 675 1268 amore
715 1243 775 1268 ca-

124 1294 248 1340 ptum,
276 1290 435 1338 indeque
457 1287 616 1338 Apollini
645 1299 775 1324 conse-

124 1350 272 1383 cratum.
331 1345 373 1382 In
400 1345 490 1381 mari
526 1348 670 1391 autem,
713 1343 774 1380 ubi

122 1402 210 1440 alias
239 1401 384 1438 nonnisi
411 1401 616 1438 horrendae
652 1412 694 1437 ac
726 1399 774 1436 ti-

121 1458 277 1497 mendae
300 1457 440 1495 bestiae
460 1461 673 1504 versantur,
693 1455 774 1493 del-

119 1515 252 1568 phinus
302 1518 400 1561 erat,
451 1526 474 1551 a
511 1527 604 1564 quo,
644 1517 772 1563 utpote

120 1572 236 1609 omnis
267 1570 497 1609 humanitatis
538 1570 642 1620 quasi
672 1582 772 1618 sym-

119 1627 226 1676 bolo,
271 1640 380 1677 opem
426 1631 594 1678 peterent
633 1626 770 1674 afflicti,

120 1686 219 1723 cuius
256 1684 391 1721 tutelae
427 1697 467 1721 se
502 1683 769 1733 permitterent,

120 1742 325 1791 quicunque
344 1741 460 1778 ventis
481 1744 518 1777 et
536 1739 770 1776 undisincer-

120 1799 165 1835 tis
184 1797 306 1834 iactati
327 1797 396 1833 sibi
416 1797 607 1843 timerent,
636 1799 769 1846 poetae

118 1854 282 1906 inprimis
290 1853 506 1890 sanctissimi
524 1865 566 1889 ac
580 1856 693 1899 vates,
708 1851 769 1900 qui

118 1923 303 1960 nunquam
325 1909 574 1946 humanissimi
603 1907 768 1945 animalis

119 1972 157 2006 et
175 1967 380 2005 amicissimi
409 1979 517 2018 opem
542 1967 676 2003 frustra
701 1965 769 2001 im-

115 2024 271 2075 plorant.
328 2023 432 2060 Haec
455 2036 476 2060 e
502 2022 683 2060 sententia
705 2034 769 2058 ve-

117 2087 233 2118 terum
253 2079 457 2130 disputata,
496 2083 552 2116 tot
568 2078 655 2116 locis
680 2090 769 2114 con-

116 2137 257 2174 firmata
275 2136 456 2173 sufficiant
474 2136 522 2172 ad
533 2135 770 2172 Herodoteae

116 2192 333 2231 narrationis
353 2192 538 2230 meliorem
563 2190 768 2240 intelligen-

117 2250 214 2288 tiam.

174 2317 287 2361 ἐόντα
317 2315 547 2386 κιθαρῳδὸν
569 2319 649 2357 τῶν
680 2312 768 2357 τότε

116 2373 263 2418 ἐόντων
296 2360 462 2423 ου’δενός
498 2371 765 2427 δεύτερον]ἰ.

117 2448 148 2472 e.
173 2437 266 2486 „qui
293 2433 513 2475 cvtliaroeclus
540 2436 641 2480 erat,
677 2431 770 2469 nulli

116 2505 201 2528 suae
225 2494 354 2529 aetatis
383 2490 578 2528 secundus“
582 2518 590 2526 .
646 2487 769 2527 Locu-

115 2548 250 2587 tionem
271 2544 437 2594 ου’δενός
459 2542 642 2598 δεύτερον
666 2541 768 2584 εἶναι

117 2604 295 2642 illustrant
342 2604 521 2642 Matthiae
575 2603 685 2640 verba
730 2602 768 2638 in

120 2660 279 2698 Gramm.
304 2662 369 2699 Gr.
389 2660 427 2713 ἓ
449 2662 532 2702 356
559 2672 647 2711 pag.
671 2661 765 2699 671.

119 2714 289 2755 Forsitan
305 2718 377 2755 huc
402 2721 545 2768 spectat
565 2717 766 2754 Grammat.

122 2771 159 2808 in
198 2773 356 2812 Bekker.
383 2773 548 2812 Anecdd.
581 2773 599 2812 I
629 2787 666 2824 p
699 2774 768 2837 89ζ

125 2828 198 2868 14:
227 2826 427 2880 δεύτερον·
458 2825 549 2870 οἷντὶ
579 2831 652 2869 τοῦ
677 2823 768 2880 μεθ’

123 2882 275 2937 ἑτέρου·
309 2882 517 2939 Ἡρόδοτος
538 2881 696 2941 πρώτω.
714 2905 770 2913 -·

850 777 884 817 Α
907 777 1127 827 citharoedo,
1141 779 1202 829 qui
1224 778 1358 817 cithara
1374 783 1505 828 utatur,

850 837 987 885 quique
1015 840 1122 874 canat
1152 840 1188 874 et
1226 835 1381 886 psallat,
1417 835 1506 873 Am-

849 893 993 930 monius
1038 892 1228 941 distinguit
1270 892 1506 941 citharistam,

848 950 909 998 qui
930 949 1045 998 lyram
1067 952 1198 987 tractet
1215 952 1251 986 et
1270 948 1404 998 psallat
1426 962 1505 986 mo-

847 1006 920 1052 do3
950 1006 1022 1043 vid.
1044 1018 1129 1054 pag.
1156 1008 1211 1047 82
1231 1005 1278 1042 de
1298 1005 1416 1043 differ.
1436 1019 1503 1043 vo-

846 1062 949 1099 cabb.
1008 1062 1085 1099 Sed
1113 1062 1160 1098 de
1188 1061 1245 1098 his
1274 1062 1355 1111 ipse
1381 1062 1504 1100 videat

846 1118 1010 1156 Graecus
1046 1118 1229 1166 magister.
1294 1117 1376 1154 Nos
1419 1131 1500 1156 cum

846 1174 912 1211 Cr.
943 1174 1180 1212 amandamus
1219 1173 1268 1210 ad
1298 1185 1364 1220 ea,
1405 1186 1502 1223 quae

844 1229 1106 1268 Valckenarius
1135 1234 1260 1267 monet
1283 1230 1320 1266 in
1350 1229 1498 1280 Koppi-

843 1287 926 1324 ersii
947 1287 1062 1326 obss.
1082 1285 1226 1324 Philoll.
1256 1299 1293 1337 p.
1318 1286 1398 1328 142
1418 1299 1500 1337 seq.

840 1343 879 1381 in
901 1347 978 1381 not.

897 1402 1057 1453 πρῶτον
1077 1393 1308 1450 ἀνθρώπων
1328 1398 1428 1437 τῶν
1449 1395 1496 1449 ἦ.

841 1472 868 1508 μ
883 1471 898 1496 ε
911 1460 956 1503 ῖς
993 1456 1081 1507 ἰ’δμ
1094 1454 1167 1506 εν]
1216 1455 1276 1493 De
1313 1454 1495 1492 locutione

839 1513 1054 1552 Herodotea
1070 1513 1178 1551 toties
1199 1512 1326 1559 obvia,
1346 1512 1404 1548 vix
1416 1523 1495 1548 mo-

837 1571 1009 1607 nendum.
1066 1568 1126 1608 De
1144 1570 1260 1606 forma
1279 1568 1393 1618 ἰ’δμεν
1405 1596 1416 1614 ,
1435 1567 1493 1604 di-

837 1627 964 1665 scendi
995 1626 1116 1676 cupidi
1149 1625 1277 1673 legant
1314 1623 1495 1661 Matthiae

838 1683 1000 1721 Gramm.
1021 1683 1086 1719 Gr.
1098 1680 1135 1733 ἓ
1157 1684 1385 1732 198‚3pag.
1398 1680 1492 1722 358.

840 1737 878 1791 5
899 1743 980 1782 231
1003 1752 1090 1791 pag
1111 1739 1206 1781 450

893 1802 1438 1878 διθυραμβον--ποιήσαντα
1449 1821 1490 1848 τε

835 1865 904 1906 καὶ
922 1862 1175 1918 ὄνομασαντα
1187 1863 1253 1904 καὶ
1274 1860 1490 1912 διδαξαντα

837 1922 881 1964 ἓν
909 1921 1137 1975 Κορίνθῳ]
1174 1921 1297 1959 Locus
1319 1921 1491 1958 classicus

836 1981 885 2018 de
896 1980 1156 2029 dithyrambica
1166 1978 1390 2015 Graecorum
1401 1990 1492 2027 poe-

836 2037 892 2085 si,
929 2037 1028 2074 cuius
1064 2035 1308 2073 inventionem
1345 2034 1491 2071 disertis

835 2093 955 2131 verbis
985 2092 1111 2130 Arioni
1153 2091 1298 2128 Noster
1343 2090 1489 2135 tribuit;

836 2162 992 2199 quocum
1010 2150 1103 2186 conf.
1125 2147 1275 2185 Pindari
1298 2145 1420 2183 Schol.
1441 2146 1491 2183 ad

835 2206 983 2256 Olymp.
1004 2205 1116 2253 XIII,
1146 2205 1213 2246 25.
1258 2204 1332 2247 Qui
1352 2202 1489 2240 Lasum

835 2263 961 2300 dicunt
989 2261 1206 2311 dithyrambi
1245 2260 1488 2306 inventorem,

835 2319 1010 2370 temporis
1046 2319 1225 2356 rationem
1253 2319 1490 2367 pervertunt;

835 2389 920 2413 nam
941 2375 1054 2412 multo
1066 2379 1152 2425 post
1171 2373 1228 2410 ille
1240 2372 1374 2419 floruit,
1394 2371 1489 2408 circa

835 2432 983 2482 Olymp.
1004 2431 1144 2479 LVIII,
1159 2430 1273 2468 Dario
1294 2431 1488 2477 regnante,

835 2502 914 2527 cum
942 2488 1088 2525 Arionis
1128 2490 1230 2524 aetas
1260 2485 1310 2522 ad
1340 2483 1488 2537 Olymp.

834 2544 1031 2583 XXXVIII
1079 2542 1277 2590 ascendat,
1353 2540 1488 2593 illaque

835 2601 958 2653 poesis
995 2601 1145 2639 multum
1182 2602 1302 2636 aetate
1339 2599 1489 2647 superet

830 2658 980 2696 Lasum.
1037 2657 1106 2694 Alii
1137 2667 1284 2706 quoque
1311 2653 1391 2690 aliis
1430 2652 1486 2688 in-

833 2714 931 2752 venti
944 2712 1161 2763 dithyrambi
1178 2711 1330 2761 gloriam
1349 2709 1487 2747 adscri-

833 2771 949 2817 bunt;
988 2771 1036 2809 de
1069 2770 1200 2820 quibus
1236 2767 1362 2805 videre
1393 2777 1489 2802 nunc

834 2827 984 2877 longum
1006 2831 1073 2865 est.
1118 2825 1259 2864 Nostra
1272 2825 1392 2861 aetate
1412 2832 1487 2857 non

835 2884 1018 2923 invenisse
1049 2882 1243 2931 Arionem,
1282 2879 1352 2917 sed
1381 2889 1488 2916 exco-
