1759 3324
623 243 839 284 CLIO.
899 243 929 282 1.

156 361 353 409 καίουσι,
409 355 638 412 μέλλοντες
674 352 822 397 θύειν·

1330 245 1413 284 811

888 349 942 396 ού
981 353 1153 410 σπονδῇ
1190 352 1415 408 χρέωνται,

121 437 254 483 Potiu).
285 435 425 491 αὐλῷ,
455 431 509 476 ού
538 432 770 489 στέμμασι,
812 429 911 476 οὐκὶ
944 428 1111 489 οὐλῇσι.
1162 435 1250 474 τῶν
1283 430 1329 474 δὲ
1357 429 1416 481 ὥς

151 516 314 573 ἑκάστῳ
343 511 472 557 θύειν
501 512 640 562 θέλει,
673 511 717 563 ἐς
751 515 895 568 χῶρον
923 510 1128 566 καθαρὸν
1158 508 1337 566 ἀγαγών
1365 508 1414 552 τὸ
1427 511 1472 549 4ο

150 599 330 651 κτῆνος,
379 590 523 636 καλέει
551 590 631 635 τὸν
660 590 789 639 θεὸν,
829 589 1181 647 ἐστεφανωμένος
1211 589 1288 633 τὸν
1318 587 1415 632 τιά-

120 682 237 729 3ραν
276 672 465 728 μυρσίνῃ
496 669 692 727 μάλιστα.

151 755 239 810 ἰδίῃ
269 751 421 810 μούνῳ
457 749 511 794 οὔ
543 751 587 793 οἵ
615 749 825 806 ἐγγίνεται
861 748 1055 806 ἀρᾶσθαι
1086 747 1253 806 ἀγαθά·

753 670 903 729 ἑωυτῷ
941 669 1021 726 μὲν
1060 670 1112 728 δὴ
1151 674 1211 726 τῷ
1253 667 1415 714 θύοντι

1313 745 1415 792 ὁδὲ

147 836 252 876 πᾶσι
280 836 393 875 τοῖσι
422 829 616 887 Πέρσῃσι
644 830 893 886 κατεύχεται
923 824 972 873 εὖ
1001 831 1226 886 γίνεσθαι,
1257 828 1329 872 καὶ
1353 830 1414 886 τῷ

149 999 196 1024 ov
223 982 394 1051 σπορνδῖ
411 977 625 1047 χρέωνται,
658 976 750 1047 0v’731

93 1036 227 1095 αυλῷ,
258 1034 306 1079 ου’
330 1051 393 1078 στε
376 1036 539 1089 ἔμμασι,
571 1032 660 1076 0v⁷m
683 1032 749 1075 ου’-

93 1099 205 1152 Ῐῇσι]
247 1096 319 1133 Pro
350 1094 540 1146 στέμμασι
579 1093 747 1144 (ansulas,

92 1154 212 1203 vittis)
233 1152 493 1190 Valckenarius
514 1150 639 1188 maluit
650 1149 747 1201 πέμ-

94 1223 189 1262 μασι
217 1209 358 1258 (lehis),
388 1212 428 1245 ut
456 1206 746 1256 insralegiturl,

96 1269 176 1309 160
212 1265 466 1315 Xenophontis
505 1277 651 1314 quoque
704 1276 747 1300 ac

93 1321 284 1361 Strabonis
306 1321 393 1358 locis
414 1319 746 1371 comprobantibus,

92 1381 156 1430 qui
172 1379 301 1417 Persas
323 1381 513 1415 coronatos
526 1376 746 1414 sacrificasse

91 1441 279 1474 testantur.
314 1433 398 1471 Vid.
421 1434 583 1470 Brisson.
604 1433 651 1470 de
669 1445 746 1481 reg.

91 1492 192 1531 Pers.
211 1490 362 1542 princip.
384 1490 418 1527 II
439 1488 475 1541 §
489 1490 543 1532 40
562 1502 639 1539 seq.
670 1489 747 1527 Sed

91 1548 303 1588 Herodotus
327 1547 477 1585 Graecis
506 1546 579 1584 suis
612 1546 747 1583 scribe-

94 1606 174 1653 bat,
205 1617 280 1641 non
300 1603 442 1641 Graeco
461 1617 563 1641 more
584 1615 684 1639 sacra
701 1603 745 1639 fi-

95 1662 148 1701 eri
169 1673 192 1697 a
209 1660 329 1698 Persis
341 1688 351 1707 ,
381 1673 449 1697 nec
465 1659 661 1706 libatione,
680 1671 748 1696 nec

95 1717 209 1764 tibia,
238 1729 306 1754 nec
327 1715 444 1753 infulis
457 1745 468 1764 ,
496 1729 564 1754 nec
585 1714 682 1752 mola
699 1715 745 1751 ad

97 1773 322 1810 Graecorum
370 1785 507 1810 morem
549 1771 745 1817 utentibus,

96 1830 162 1868 sed
183 1829 296 1877 tiara,
334 1828 510 1877 singulari
535 1828 621 1879 pilei
655 1841 749 1877 quo-

96 1886 180 1924 dam
195 1898 331 1934 genere
344 1915 355 1934 ,
372 1885 490 1922 tectis.
550 1885 661 1928 Quod
681 1885 749 1920 mi-

94 1955 162 1980 nus
183 1946 348 1980 accurate
381 1942 663 1992 interpretantes
691 1954 749 1978 re-

94 1999 181 2049 liqui
191 2002 368 2045 auctores,
387 2001 580 2035 coronatos
600 2001 637 2035 et
648 1997 748 2047 ipsos

97 2067 198 2093 sacra
212 2055 331 2093 facere
359 2054 492 2093 Persas
514 2054 748 2104 scripserunt.

96 2111 177 2150 Nee
193 2110 283 2149 ullus
303 2111 395 2149 liber
410 2111 547 2149 addicit
564 2111 750 2149 coniectu-

96 2181 159 2206 rae
175 2167 497 2206 Valckenarianae.

150 2226 231 2263 τῶν
254 2222 297 2264 δὲ
316 2223 371 2271 ὥς
382 2219 531 2278 ἑκάστῳ
546 2219 668 2264 θύειν
679 2221 748 2263 θέ-

97 2279 175 2332 λει]
207 2281 229 2318 i.
243 2294 275 2321 e.
301 2285 406 2331 prout
425 2295 539 2319 eorum
557 2281 747 2330 (deorum)

97 2340 218 2388 cuique
235 2351 339 2376 sacra
351 2337 475 2388 facere
494 2341 570 2388 quis
591 2339 681 2375 vult.
705 2337 748 2374 In

98 2395 226 2444 quibus
277 2395 507 2433 observamus
548 2395 749 2432 subiectum

98 2451 198 2500 quod
215 2451 316 2488 aiunt
328 2452 532 2501 neglectum
544 2481 555 2499 ,
573 2465 618 2489 ex
635 2452 748 2489 verbo

99 2507 178 2556 ipso
196 2508 451 2558 repetendum,
491 2506 512 2548 ὁ
532 2503 651 2547 θύων
681 2521 711 2545 S.
731 2505 751 2547 ὁ

100 2558 252 2614 θυτήρ,
279 2568 319 2601 ut
336 2565 429 2602 infra
445 2564 501 2612 Π,
524 2564 578 2606 47
598 2565 752 2614 aliisque

102 2618 138 2654 in
153 2618 240 2656 locis
257 2648 268 2668 ,
292 2634 381 2670 quos
401 2621 556 2671 explicat
571 2620 752 2658 Matthiae

103 2674 264 2712 Gramm.
283 2677 348 2714 Gr.
369 2677 406 2728 ἓ.
420 2679 500 2720 295
523 2691 559 2728 p.
573 2679 654 2719 589
671 2691 748 2727 seq.

157 2729 474 2784 ἐστεφανωμένος
503 2731 572 2773 τὸν
609 2730 750 2785 τιάραν

106 2787 272 2840 μυρσίνῃ
297 2785 489 2841 μάλιστα]
515 2787 680 2842 τιάραν,
708 2790 751 2827 li-

107 2843 177 2880 bris
195 2844 398 2884 melioribus
419 2847 539 2884 invitis
561 2848 656 2885 male
673 2861 751 2884 mu—

106 2902 217 2937 tatum
233 2900 269 2938 iu
288 2898 429 2954 τιήρην
439 2932 448 2951 ,
477 2907 518 2941 ut
533 2903 656 2941 Ionica
674 2916 751 2941 ma-

819 981 874 1030 gis
899 985 996 1019 esset
1014 981 1153 1029 forma,
1180 978 1329 1026 reduxi,
1350 977 1471 1027 Hesy-

818 1039 897 1075 chio
924 1050 1071 1089 quoque
1100 1041 1269 1084 auctore,
1298 1034 1359 1084 qui
1381 1049 1409 1071 s.
1434 1048 1468 1072 v.

819 1095 864 1132 de
884 1094 1082 1131 masculino
1103 1093 1208 1130 huius
1236 1092 1333 1129 vocis
1355 1104 1471 1140 gene-

816 1164 856 1189 re
876 1149 1263 1198 admonet‚Herodoti
1282 1161 1356 1184 non
1379 1146 1471 1185 obli-

815 1212 884 1244 tus.
942 1206 1041 1245 Nam
1072 1205 1158 1243 alias
1183 1205 1378 1243 foeminino
1405 1217 1472 1253 ge-

815 1277 902 1301 nere
924 1263 1054 1301 dicitur
1074 1260 1103 1314 ἧ
1121 1257 1250 1314 τιάρα.
1310 1260 1385 1304 Qui
1403 1260 1472 1309 igi-

814 1325 872 1357 tur
903 1319 1076 1357 hocloco
1107 1319 1266 1356 afferunt
1297 1314 1371 1367 τήν
1403 1329 1472 1367 pro

814 1373 881 1415 τὸν
894 1404 905 1424 ,
934 1375 1084 1413 minime
1099 1375 1148 1411 illi
1168 1378 1272 1412 erunt
1287 1372 1470 1410 audiendi.

816 1433 925 1471 Conf.
953 1432 1134 1470 Herodot.
1176 1431 1250 1478 ΙΙΙ,
1285 1433 1348 1472 12.
1389 1428 1472 1477 VII,

816 1492 882 1533 61.
912 1488 1021 1536 VIII,
1043 1491 1134 1530 120.
1171 1487 1240 1524 Est
1259 1500 1345 1524 vero
1372 1488 1471 1523 tiara

815 1546 944 1597 capitis
962 1548 1212 1594 tegumentum
1238 1543 1361 1582 Persis
1382 1555 1470 1594 pro-

815 1603 934 1653 prium
973 1614 1015 1639 ae
1055 1601 1253 1649 familiare,
1290 1600 1471 1638 diversum

815 1672 883 1709 pro
903 1658 1128 1707 singulorum
1153 1659 1271 1707 gradu
1291 1661 1328 1694 et
1348 1657 1471 1705 digni-

814 1720 901 1753 tate.
959 1714 1111 1752 Rectam
1131 1715 1226 1752 enim
1244 1715 1373 1751 tiaram
1391 1726 1472 1750 sur-

817 1785 970 1821 sumque
994 1770 1146 1819 elatam,
1176 1771 1279 1821 apice
1296 1769 1334 1806 in
1361 1768 1470 1806 subli-

816 1841 874 1866 me
895 1833 1037 1874 erecto,
1059 1828 1124 1865 soli
1144 1841 1250 1875 reges
1264 1827 1475 1875 gestabant,

816 1885 944 1933 reliqui
985 1884 1150 1921 homines
1190 1884 1359 1921 deorsum
1389 1895 1471 1920 ver-

817 1946 965 1991 gentem
979 1945 1015 1978 et
1033 1941 1068 1977 in
1084 1942 1240 1978 frontem
1256 1939 1470 1985 deductam3

817 2011 885 2036 nec
905 1998 1029 2035 differt
1046 1997 1103 2033 illa
1126 1998 1201 2035 fere
1222 1997 1268 2033 ab
1287 1995 1404 2033 cidari
1433 2000 1470 2033 et

814 2055 1019 2105 promiscue
1057 2067 1137 2091 cum
1177 2065 1221 2091 ea
1264 2056 1469 2103 usurpatur.

815 2111 899 2149 Vid.
910 2110 1072 2147 Brisson.
1094 2111 1141 2148 de
1152 2109 1339 2158 reg.Pers.
1354 2109 1469 2159 princ.

815 2167 832 2205 I
860 2166 897 2218 ἓ.
917 2166 983 2208 46.
1014 2166 1219 2204 Blomfield.
1247 2166 1284 2203 in
1303 2165 1468 2203 Glossar.

815 2225 864 2262 ad
882 2223 1047 2273 Aeschyl.
1076 2223 1177 2261 Pers.
1197 2225 1279 2265 667
1310 2226 1347 2260 et
1376 2234 1471 2272 quae

816 2281 898 2318 olim
924 2281 1005 2331 ipse
1041 2280 1189 2318 excitavi
1230 2280 1267 2316 in
1296 2278 1473 2317 Creuzeri

815 2337 956 2376 Melett.
979 2337 1029 2374 ΙΙΙ
1054 2339 1215 2387 pag.81.
1245 2335 1354 2373 Nunc
1370 2336 1469 2372 addo

815 2395 1002 2432 Hanuner.
1037 2395 1073 2430 in
1104 2393 1255 2431 Wiener
1272 2391 1469 2430 Jahrbiich.
1509 2430 1511 2433 ξ

816 2451 870 2488 IX
887 2464 974 2502 pag.
995 2449 1176 2492 61.-1η
1196 2448 1356 2487 clausula
1367 2449 1471 2485 Stra-

816 2508 924 2545 bonis
971 2508 1231 2554 admonemus,
1290 2506 1352 2554 qui
1399 2504 1472 2542 XV

818 2578 855 2615 p.
878 2564 985 2605 1065
1007 2565 1170 2600 victimas
1200 2562 1344 2612 myrtho
1367 2574 1472 2599 coro-

819 2626 923 2658 natas
948 2621 1059 2658 fuisse
1086 2620 1227 2667 scribit,

818 2691 884 2715 nes
906 2677 1007 2728 ipsos
1038 2677 1099 2726 qui
1121 2676 1363 2713 sacrificarint.
1393 2675 1471 2713 Sed

819 2738 943 2785 potest
962 2735 999 2771 in
1023 2734 1111 2784 ipsis
1133 2733 1324 2770 Strabonis
1350 2731 1470 2770 verbis

795 2815 798 2817 Δ
818 2791 991 2829 mendum
1008 2791 1167 2827 subesse.

875 2842 1129 2897 κατεύχεται]
1168 2845 1190 2882 i.
1228 2858 1261 2883 e.
1297 2843 1470 2890 ardenter,

821 2915 951 2952 magno
969 2914 1046 2940 cum
1063 2901 1181 2939 studio
1196 2904 1381 2953 precatur,
1401 2912 1468 2936 no-

1257 2632 1332 2655 non
1353 2618 1470 2655 homi·
1515 2619 1520 2625 ‘
