1814 3315
262 782 328 827 77

59 846 125 881 Quo
153 846 274 874 consilio
292 853 340 873 re-

61 881 154 908 dierit
179 879 290 907 Sardes

399 285 481 324 196

811 277 1282 316 HERODOT1

392 391 440 435 ἐν
474 391 526 445 τῇ
567 387 730 443 Πτερίῃ
768 385 887 444 χώρῃ
935 386 1170 443 έπειρώατο
1222 386 1330 430 κατὰ
1378 385 1427 428 τὸ
1473 383 1655 440 ἰσχυρὸν

363 479 385 512 5
398 467 601 524 ἀλλήλων.

671 463 807 522 μάχης
847 465 893 509 δὲ
933 469 1145 522 καρτερῆς
1183 465 1439 522 γενομένης,
1480 463 1555 507 καὶ
1584 477 1655 506 πε-

392 546 558 591 σόντων
589 542 849 599 οἷμφοτέρων
879 549 1078 597 πολλῶν,
1120 545 1239 597 τέλος
1269 543 1494 597 οὐδέτεροι
1533 540 1655 597 νική-

394 636 543 673 σαντες
573 621 825 678 διέστησαν,
853 623 1014 676 νυκτός
1043 623 1325 680 ἐπελθούσης.

1385 622 1460 667 καὶ
1491 620 1544 664 τὰ
1574 620 1655 676 μὲν
1668 627 1712 660 80

391 699 660 757 στρατόπεδα
691 700 914 758 ἀμφότερα
945 703 1085 755 οὕτως
1118 703 1378 760 ἠγωνίσατο.

496 783 690 836 Κροῖσος
721 780 780 834 δὲ,
811 783 1025 839 μεμφθεὶς
1054 783 1165 826 κατὰ
1189 782 1238 825 τὸ
1268 786 1439 836 πλῆθος
1468 777 1517 822 τό
1549 778 1654 821 έωυ-

63 914 223 953 01095115..
249 912 339 952 Miles
521 937 529 951 x
596 938 608 953 ‚
652 937 662 951 r
831 937 850 952 u
890 937 902 953 e
1002 938 1012 952 ι
1222 943 1238 951 ν
1494 940 1502 952 “
1615 935 1628 950 ‘

61 947 260 1010 ffiffffff⁸¹¹¹⁸
296 945 338 974 αι-
395 942 562 982 πολλου
592 942 787 982 ελασσωυ
822 957 849 995 η
880 956 903 982 ο
946 943 1117 995 Κυρου“
1158 955 1289 983 τουτο
1320 942 1553 994 μεμφθδις,
1594 953 1654 987 ως

396 863 476 904 τοῦ
516 858 779 916 στράτευμα”
835 855 892 917 ἦν
929 861 1014 917 γάρ
1062 864 1106 905 οἱ
1147 861 1169 904 ὁ
1201 858 1436 916 συμβαλών
1474 855 1656 912 στρατός

392 1022 446 1075 τῇ
483 1015 691 1075 ὑστεραίῃ
733 1016 814 1061 οὐκ
855 1017 1053 1074 ἐπειρᾶτο
1096 1017 1230 1062 ἐπιών
1270 1016 1292 1061 ὁ
1335 1020 1498 1070 Κῦρος,
1549 1013 1710 1070 &suff-85

388 1101 522 1141 λαυνε
552 1097 594 1148 ἐς
622 1096 699 1148 τὰς
737 1096 924 1152 Σάρδις,
966 1098 1013 1141 ἐν
1048 1095 1139 1155 νόῳ
1184 1097 1314 1153 ἔχων,
1352 1093 1655 1150 παρακαλέσας

359 1176 472 1232 Ξμὲν
507 1177 774 1232 Αἰγυπτίους
809 1175 919 1220 κατὰ
959 1176 1008 1221 τὸ
1048 1175 1224 1232 ὅρκιον,
1272 1173 1530 1231 (ἐποιήσατο
1567 1172 1651 1229 γὰρ

390 1255 466 1298 καὶ
494 1254 605 1308 πρός
623 1254 806 1309 ’Ἄμασιν
835 1254 1124 1312 βασιλεύοντα
1152 1252 1378 1311 Αἰγύπτου
1411 1253 1654 1309 συμμαχίην

391 1331 607 1389 πρότερον
635 1332 747 1389 ἤπερ
786 1333 894 1390 πρὸς
934 1335 1344 1389 Λακεδαιμονίους,)
1384 1329 1654 1389 μεταπεμψά-

391 1427 523 1468 μενος
553 1412 599 1455 δὲ
627 1413 702 1455 καὶ
730 1414 1066 1469 Βαβυλωνίους,
1095 1412 1187 1461 (καὶ
1215 1411 1298 1468 γάρ
1328 1411 1438 1468 πρὸς
1466 1410 1654 1462 τούτους
1689 1395 1705 1407 ⁰

391 1489 512 1546 αὐτῷ
536 1490 764 1548 ἐπεποίητο
796 1492 1036 1549 συμμαχίη·
1078 1490 1338 1546 ἐτυράννευε
1376 1490 1423 1534 δὲ
1451 1493 1540 1534 τῶν
1569 1493 1709 1533 Boc-90

392 1570 623 1625 βυλωνίων
651 1568 730 1614 τὸν
758 1569 922 1627 χρόνον
949 1573 1109 1614 τοῦτον
1131 1569 1431 1627 Λαβύνητος·)
1463 1569 1654 1626 ἐπαγγεί-

386 1736 602 1794 ἕπειρτᾶατο
624 1738 722 1780 κατὰ
750 1738 793 1782 τὸ
824 1739 987 1795 ἰσχυρόν

330 1792 538 1849 ἀλλήλων]
570 1799 592 1835 i.
614 1811 645 1835 e.
671 1811 738 1848 pro
765 1799 900 1836 viribus
915 1812 985 1850 pu-

329 1866 438 1903 gnam
452 1854 768 1904 periclitabantur,
799 1869 827 1892 s.
845 1861 885 1892 ut
905 1854 985 1892 vul-

329 1923 379 1959 go
393 1915 553 1948 vertunt:
581 1910 736 1958 „valido
763 1913 892 1961 impetu
924 1913 983 1949 vi-

328 1978 383 2003 res
410 1968 555 2004 invicem
595 1969 812 2005 tenta-runt.“
869 1967 984 2007 ἐπει-

328 2016 455 2072 ρώατο
477 2036 556 2059 cum
574 2027 723 2060 recentt.
754 2023 854 2061 editt.
877 2024 981 2061 dedi-

329 2090 410 2114 mus
426 2078 591 2128 potiores
600 2079 711 2116 libros
725 2080 848 2117 secuti.
861 2080 981 2128 Vulgo

328 2131 554 2184 ἐπειρῶντο.
617 2135 725 2172 Cous.
747 2148 858 2186 supra
874 2136 902 2183 Ι,
915 2138 981 2177 68.

330 2210 387 2216 —
412 2189 453 2226 ln
475 2203 577 2240 seqq.
602 2204 728 2229 vocem
746 2186 982 2244 ἀμφοτέρων

330 2244 424 2282 male
442 2246 478 2281 in
497 2248 714 2295 quibusdam
726 2248 842 2284 omitti
858 2251 983 2286 monet

331 2299 488 2338 wessel.
507 2302 659 2340 laudans
681 2316 828 2354 quoque
853 2304 892 2353 1,
915 2306 981 2346 82.

330 2355 403 2405 111,
427 2359 491 2398 11.

498 2440 600 2492 Cap.
629 2441 816 2481 LXXVII.

388 2518 563 2573 Κροῖσος
584 2521 638 2571 δὲ,
657 2524 855 2576 μεμφθεὶς
877 2522 977 2565 κατὰ

331 2574 540 2629 τὸπλῆθος
559 2577 601 2618 τό
622 2579 771 2621 ἑωυτοῦ
791 2580 976 2634 στράτευ-

331 2632 407 2684 μα]
434 2635 456 2671 ἰ.
479 2648 510 2672 e.
542 2635 683 2672 Croesus
703 2644 886 2676 caussatus
912 2652 975 2676 ex-

330 2691 460 2726 ercitus
475 2693 533 2727 sui
537 2695 754 2740 paucitatem
765 2708 793 2730 s.
806 2695 976 2732 damnans

331 2748 519 2783 exercitum
535 2760 635 2784 suum
652 2753 792 2798 propter
803 2754 973 2798 paucita-

330 2805 419 2848 tem3
453 2802 491 2838 id
520 2807 575 2840 est
604 2803 671 2849 (ut
701 2805 865 2853 Schwgh.
894 2811 974 2843 utar

329 2858 489 2906 verbis),
518 2864 734 2908 conquestus
759 2867 815 2897 est
843 2863 888 2899 de
906 2876 971 2899 suo

329 2914 506 2962 exercitu,
533 2927 607 2952 non
628 2917 727 2965 quod
743 2918 858 2955 minus
871 2919 972 2955 forti-

1053 1746 1110 1780 ter
1125 1744 1348 1792 pugnasset,
1378 1741 1447 1781 sed
1465 1742 1566 1792 quod
1581 1753 1708 1779 nume-

1052 1811 1093 1835 ro
1119 1798 1231 1848 longe
1260 1798 1410 1836 inferior
1432 1800 1563 1837 fuisset
1592 1798 1709 1836 hosti-

1053 1856 1132 1892 bus.
1190 1854 1356 1892 Federus
1384 1855 1422 1891 in
1446 1858 1637 1892 comment.
1667 1855 1707 1891 in

1051 1910 1219 1960 Aeschyl.
1245 1910 1460 1960 Agamemn.
1501 1910 1705 1960 (Heidelb.

1053 1968 1182 2016 1819)
1212 1980 1297 2017 pag.
1313 1970 1364 2008 17
1381 1971 1457 2004 not.
1476 1968 1706 2018 patticipium

1051 2024 1252 2074 μεμφθεὶς
1268 2023 1415 2074 passive
1435 2029 1498 2060 aut
1506 2023 1634 2061 saltem
1646 2036 1706 2061 re-

1050 2080 1179 2117 flexive
1216 2079 1466 2130 accipiendum
1512 2080 1704 2118 existimat.

1050 2155 1106 2163 ·—-
1127 2136 1169 2173 In
1189 2149 1292 2185 seqq.
1312 2141 1416 2174 notat
1434 2135 1704 2184 WVesselingius

1049 2193 1196 2229 verbum
1235 2192 1414 2244 ἐπειρᾶτο
1455 2206 1537 2230 cum
1557 2192 1705 2244 partici-

1049 2248 1110 2298 pio
1140 2245 1303 2296 (ἐπιών,
1335 2244 1504 2296 κατιών,
1527 2248 1567 2286 id
1585 2261 1703 2298 genus

1050 2303 1149 2353 aliis)
1185 2305 1365 2352 iunctum,
1406 2305 1580 2342 orationis
1612 2317 1702 2354 qua-

1049 2360 1134 2396 dam
1160 2361 1402 2409 abundantia,
1433 2374 1476 2398 ex
1514 2374 1587 2411 qua
1614 2360 1701 2398 nihil

1047 2417 1124 2453 sere
1142 2416 1296 2466 amplius
1325 2418 1373 2453 sit
1391 2430 1499 2466 quam
1523 2419 1645 2467 ipsum
1666 2416 1701 2456 ἒ-

1047 2470 1192 2510 πιέναι.
1223 2473 1330 2508 Conf.
1351 2473 1438 2519 vll,
1454 2473 1492 2513 5.
1515 2476 1580 2514 50.
1605 2475 1697 2515 172.

1045 2528 1122 2575 IX,
1143 2529 1207 2569 52.
1237 2528 1276 2575 Ι,
1297 2527 1362 2570 84.
1399 2529 1508 2565 Plura
1532 2529 1699 2579 exempla

1045 2584 1150 2620 huius
1187 2596 1274 2620 usus
1308 2584 1557 2634 suppeditabit
1598 2584 1698 2622 Mat-

1044 2640 1141 2678 thiae
1160 2638 1196 2690 ἓ.
1217 2640 1297 2681 555
1319 2646 1393 2677 not.
1413 2644 1440 2681 2
1465 2653 1551 2691 pag·
1573 2643 1695 2682 1091.

1100 2691 1408 2747 ἐτυράννευε
1438 2695 1480 2735 δὲ
1509 2699 1590 2735 τῶν
1616 2699 1694 2735 Βα-

1043 2752 1250 2802 βυλωνίων
1281 2749 1351 2791 τόν
1381 2749 1522 2805 χρόνον
1549 2755 1694 2793 τοῦτον

1040 2805 1303 2859 Λαβύνητος]
1346 2809 1405 2846 De
1434 2805 1693 2860 τυραννεύειν

1039 2867 1132 2904 conf.
1162 2867 1210 2901 ad
1240 2865 1272 2911 Ι,
1301 2867 1337 2906 6.
1383 2886 1439 2893 —
1475 2866 1690 2915 Labynetus

1038 2920 1126 2957 alius
1144 2926 1254 2970 atque
1270 2921 1348 2970 ille,
1378 2923 1425 2960 de
1445 2935 1518 2972 quo
1549 2923 1586 2970 Ι,
1622 2921 1687 2963 74.
