1777 3324
411 737 789 785 ADDENDA
833 751 907 783 ET
955 738 1492 787 CORRIGENDA.

192 986 243 1018 Ad
267 995 415 1029 prooem.
442 996 523 1029 pag.
542 983 575 1018 4.
625 983 757 1018 Similia
783 984 923 1019 exordia
950 985 985 1019 in
1011 984 1179 1020 chronicis
1202 985 1423 1020 Helvetorum
1448 985 1545 1020 libris
1564 986 1710 1021 chartis-

410 1042 476 1075 que
497 1030 641 1064 vetustis
658 1031 788 1075 aliquot
809 1031 1038 1065 inveniuntur.
1086 1033 1144 1066 Tu
1170 1033 1257 1066 conf.
1280 1033 1450 1066 Hanhart.
1474 1033 1709 1078 Erzahlungg.

410 1087 472 1109 aus
491 1077 553 1109 der
573 1077 890 1121 Schweizergesch.
911 1078 925 1110 Ι
947 1090 1026 1122 pag.
1050 1080 1124 1113 162.
1141 1079 1220 1113 266.
1240 1079 1317 1113 231.
1338 1079 1417 1112 277.

190 1122 243 1156 Ad
262 1122 295 1164 Ι,
319 1122 336 1155 1
359 1133 438 1167 pag.
457 1123 489 1156 7.
537 1122 590 1155 Ad
613 1135 672 1164 ea,
699 1135 786 1167 quae
815 1123 858 1157 de
878 1125 915 1157 Io
945 1124 1111 1163 diximus,
1137 1125 1227 1158 conf.
1245 1125 1272 1158 I.
1291 1125 1334 1157 H.
1356 1126 1438 1158 Chr.
1460 1124 1646 1158 Schubart.
1672 1125 1708 1158 in

410 1168 543 1203 Annali,
560 1168 762 1205 Viennenss.
785 1170 914 1214 (1829)
935 1170 1065 1203 XLVII
1088 1182 1166 1215 pag.
1188 1172 1242 1205 13.
1292 1170 1363 1211 Qui
1381 1171 1536 1204 diversas
1555 1176 1708 1204 veterum

407 1214 592 1248 sententias
622 1215 680 1248 vix
709 1216 882 1249 conciliari
913 1228 1013 1260 posse
1044 1218 1185 1257 statuit3
1222 1217 1342 1250 Inachi
1370 1221 1482 1250 autem
1501 1218 1619 1260 filiam
1641 1228 1708 1250 non

408 1260 527 1293 stricto
555 1272 681 1302 sensu,
715 1262 776 1295 sed
805 1262 921 1296 latiori
948 1262 1094 1307 intelligi
1121 1263 1196 1297 vult
1221 1275 1325 1296 unam
1347 1263 1389 1296 de
1408 1263 1531 1296 Inachi
1548 1264 1708 1308 posteris,

404 1318 509 1339 unam
531 1307 573 1340 de
589 1308 696 1351 stirpe
718 1309 848 1341 Inachi.

187 1350 240 1384 Ad
266 1351 304 1393 1,
329 1353 353 1387 2
377 1364 456 1398 pag.
482 1355 513 1388 8.
561 1352 602 1385 In
633 1353 840 1398 Thucydide
879 1365 1014 1398 quoque
1042 1351 1278 1397 προσχόντες
1313 1354 1403 1399 (pro
1425 1350 1707 1397 προςσχόντες)

405 1398 552 1489 ῗὲἔῖἓξῖἓ
569 1399 729 1479 Ηιῗέἓξῖ
749 1400 1193 1490 4Ἓ“““Αὲο’ὲῖςξὲιζέῑέὅῃύ
1214 1401 1274 1480 {ii
1288 1400 1634 1480 fflffimssssmossssiii
1664 1401 1706 1479 ²}ss

404 1490 514 1532 libro,
550 1491 608 1535 qui
630 1491 828 1525 inscribitur
856 1492 971 1526 Midas
999 1505 1025 1528 s.
1047 1459 1405 1536 Erklaruiigsversuch
1428 1492 1490 1525 der
1514 1491 1706 1525 erweislich

405 1536 554 1571 altesten
585 1537 711 1580 griech.
744 1538 906 1571 lnschrift.
940 1549 1018 1582 pag.
1044 1538 1109 1579 79,
1153 1544 1376 1582 veterumque
1412 1538 1706 1582 grammaticorum

405 1582 572 1617 excitavit
595 1583 806 1623 testimonia,
841 1585 980 1617 alteram
1009 1584 1182 1618 literulam
1211 1584 1315 1618 abiici
1342 1584 1557 1624 docentium3
1589 1595 1706 1629 quam-

406 1641 504 1674 quam
524 1628 659 1673 quinam
680 1641 722 1662 ex
741 1630 865 1663 Atticis
885 1630 1091 1672 abiecerint,
1117 1631 1250 1675 quinam
1267 1629 1484 1671 retinuerint,
1508 1630 1584 1663 viro
1606 1630 1706 1663 docto

405 1676 516 1709 adhuc
542 1676 772 1719 quaerendum
795 1676 952 1718 videtur,
977 1688 1050 1711 cum
1079 1676 1264 1722 antiquiori
1282 1682 1375 1710 certe
1397 1682 1513 1710 aetate
1530 1676 1706 1721 duplicata

405 1722 506 1754 litera
523 1722 581 1754 vix
597 1721 711 1755 fraudi
730 1722 846 1756 fuerit.

187 1770 238 1804 Ad
261 1770 301 1811 Ι,
320 1770 363 1804 19
389 1779 469 1813 pag.
489 1766 545 1801 47.
593 1767 680 1808 „De
708 1767 777 1801 situ
803 1767 903 1802 huius
925 1768 1043 1813 templi
1067 1769 1267 1812 (Minervae
1286 1779 1334 1802 sc.
1355 1767 1533 1812 Assesiae)
1559 1779 1625 1801 non
1643 1767 1704 1801 ha-

407 1815 487 1854 beo,
514 1815 606 1857 quod
628 1814 821 1847 accuratius
840 1820 1006 1855 statuam3
1040 1826 1104 1848 nec
1132 1814 1242 1858 mngis
1268 1814 1311 1847 de
1332 1815 1521 1856 Limeneis,
1546 1814 1706 1848 Milesiae

404 1860 526 1940 1000έὲξ
540 1862 567 1892 S
577 1872 595 1893 o
609 1861 620 1893 l
633 1861 731 1894 dan.
752 1860 788 1894 in
809 1866 984 1895 comment.
1005 1861 1023 1894 I
1042 1861 1086 1894 de
1108 1872 1194 1895 rerr.
1213 1860 1344 1894 Miless.
1363 1859 1575 1904 (Darmstad.
1595 1861 1704 1903 1829)

429 1918 447 1939 a
478 1931 485 1938 .
533 1908 561 1940 1.

187 1952 238 1986 Ad
256 1953 290 1993 Ι,
310 1952 355 1986 24
379 1918 526 1998 Ρξὲξὸθ
548 1952 588 1995 (a
605 1952 663 1985 lin.
682 1952 726 1986 20
743 1952 785 1986 ab
807 1952 889 1996 inf.)
908 1964 970 1998 pro
985 1953 1161 1997 rythmo
1185 1952 1253 1996 leg.
1273 1951 1496 1996 rhythmo.

255 1999 343 2032 lbid.
404 1999 457 2042 (b.
478 1997 538 2031 lin.
562 2000 604 2032 11
624 1999 666 2031 ab
684 1998 768 2041 inf.)
800 1999 887 2034 Add.
913 2000 1004 2043 Hug.
1028 2010 1061 2034 v.
1080 1998 1122 2031 cl.
1154 1998 1187 2031 in
1217 1999 1326 2039 libro,
1350 1997 1405 2031 cui
1431 1997 1566 2031 titulus:
1602 1997 1702 2031 Zeit-

405 2044 528 2077 schrift
553 2044 608 2077 fiir
635 2044 691 2077 die
710 2044 954 2078 Geistlichkeit
972 2045 1031 2077 des
1050 2044 1225 2078 Erzbisth.
1244 2044 1434 2088 Freyburg.
1453 2043 1503 2076 111
1523 2055 1601 2088 pag.
1623 2045 1701 2078 189.

187 2090 240 2123 Ad
262 2090 298 2133 I,
318 2089 364 2124 24
382 2101 464 2135 pag.
485 2090 541 2125 58.
589 2089 641 2122 Ad
668 2102 785 2123 vocem
812 2088 921 2134 σκευή
953 2092 1043 2125 conf.
1064 2091 1257 2124 Gottleber.
1283 2090 1328 2123 ad
1357 2090 1551 2134 Thucydid.
1572 2090 1613 2131 Ι,
1635 2091 1703 2125 130

407 2146 484 2179 pag.
504 2134 571 2170 243
593 2135 645 2168 ed.
667 2136 824 2170 Gervini.

184 2181 238 2215 Ad
256 2181 294 2223 Ι,
313 2180 359 2217 34
376 2181 433 2214 fin.
455 2192 533 2224 pag.
555 2184 612 2217 91.
646 2179 753 2224 --μή
774 2195 809 2215 τι
829 2181 864 2215 οἳ
883 2179 1111 2225 κρεμάμενον
1134 2181 1188 2226 τῷ
1209 2179 1316 2214 παιδὶ
1341 2176 1498 2225 ἐμπέσῃε
1531 2180 1589 2214 ubi
1608 2181 1702 2215 Mat-

402 2226 497 2259 thiae
516 2238 655 2270 gramm.
674 2239 708 2271 p.
728 2229 795 2262 713
814 2228 848 2260 in
869 2228 1070 2272 explicanda
1095 2228 1217 2261 vocula
1247 2226 1294 2261 οἱ
1311 2233 1450 2260 secutus
1469 2238 1559 2267 sum,
1583 2238 1700 2270 quam-

403 2283 502 2315 quam
521 2272 587 2305 alia
606 2284 741 2316 quoque
760 2273 856 2306 huius
878 2274 985 2307 dativi
1007 2273 1198 2316 explicandi
1228 2280 1282 2306 est
1310 2272 1419 2312 ratio,
1451 2272 1495 2305 de
1522 2283 1590 2316 qua
1614 2272 1699 2306 ibid.

401 2328 435 2361 p.
456 2317 536 2352 715.
586 2318 642 2351 Tu
671 2319 740 2351 vid.
770 2319 978 2362 potissimum
1005 2319 1145 2352 Pindar.
1175 2318 1312 2363 Olymp.
1342 2318 1378 2358 I,
1399 2319 1442 2352 91
1472 2317 1619 2360 coll.11,
1638 2320 1695 2354 29.

400 2365 454 2397 30.
474 2362 520 2397 74
543 2363 659 2407 ibique
680 2364 899 2408 interpretes.

183 2408 235 2442 Ad
258 2408 293 2448 I,
309 2409 354 2443 35
374 2408 450 2441 init.
469 2421 550 2453 pag.
572 2411 614 2443 91
633 2409 667 2442 in
684 2416 753 2442 not.
780 2421 839 2454 pro
859 2409 935 2452 χρᾶ
950 2410 1041 2442 σθαι
1054 2408 1121 2452 leg.
1140 2408 1328 2451 χρῆσθαι.

184 2454 236 2487 Ad
254 2455 289 2496 Ι,
307 2456 352 2490 35
372 2466 454 2500 pag.
471 2456 529 2489 92.
574 2455 628 2488 De
654 2455 909 2494 satisfactione,
934 2466 1023 2499 quae
1051 2456 1244 2498 appellatur
1268 2455 1468 2499 ll'erigeld,
1491 2465 1580 2487 nunc
1606 2454 1697 2487 cons.

402 2506 522 2534 auctor
553 2501 835 2545 locupletissimus
867 2500 1009 2535 Grinnn.
1052 2500 1087 2533 in
1113 2500 1200 2533 libro
1227 2511 1348 2533 recens
1376 2499 1487 2534 edito:
1524 2500 1698 2534 Deutsche

401 2546 755 2581 Rechtsalterthiimer
774 2547 806 2579 II
826 2558 903 2591 pag.
921 2548 985 2581 661
1008 2557 1103 2590 seqq.

186 2590 237 2623 Ad
255 2591 292 2632 Ι,
309 2592 353 2627 35
374 2604 452 2636 pag.
470 2593 526 2626 93.
547 2595 602 2627 94.
650 2594 702 2626 De
729 2592 919 2625 nominibus
949 2593 1088 2632 Midae,
1124 2591 1294 2632 Gortuae,
1319 2590 1410 2634 apud
1438 2590 1597 2634 Phryges
1625 2590 1697 2624 sre-

403 2639 642 2680 quentioribus
669 2639 797 2671 monuit
826 2638 954 2673 Osann.
977 2638 1010 2670 in
1036 2637 1121 2670 libro
1149 2637 1411 2679 supralaudato
1433 2648 1511 2680 pag.
1530 2637 1575 2671 38
1600 2648 1696 2680 seqq.

403 2683 468 2715 Cui
498 2695 616 2717 verum
642 2696 759 2717 nomen
785 2684 892 2717 fuisse
923 2683 1058 2716 videtur
1086 2682 1269 2724 Γορδίας,
1305 2681 1580 2726 quemadmodum
1607 2683 1697 2726 apud

401 2728 612 2763 Herodotum
648 2735 781 2770 exstat,
823 2741 900 2763 cum
933 2729 1023 2774 apud
1054 2728 1263 2774 posteriores
1298 2728 1492 2761 inveniatur
1525 2725 1695 2771 Γόρδιος.

402 2773 502 2807 Conf.
520 2775 602 2807 ibid.
624 2787 702 2819 pag.
723 2777 778 2810 35.

185 2818 238 2850 Ad
261 2817 296 2858 Ι,
316 2819 361 2852 30
385 2830 466 2863 pag.
482 2821 536 2853 76.
585 2819 781 2864 γενομένης
809 2818 880 2864 γὰρ
904 2816 1128 2862 Ἀθηναίοισι
1157 2814 1276 2861 μάχης
1295 2815 1391 2860 πρὸς
1413 2815 1503 2856 τοὺς
1531 2814 1693 2861 ἀστυγεί-

403 2875 514 2902 τονας
533 2862 570 2897 ἐν
589 2864 778 2899 Ἐλευσῖνι.
828 2867 924 2899 Haec
944 2867 1050 2898 verba
1070 2876 1136 2897 non
1155 2864 1197 2896 de
1214 2874 1327 2907 pugna
1346 2863 1598 2896 Atheniensium
1619 2876 1694 2898 cum

405 2909 608 2950 Eleusiniis,
655 2912 714 2956 qui
746 2920 827 2945 tunc
852 2911 1014 2956 temporis
1046 2909 1189 2943 nondum
1217 2909 1261 2942 ad
1294 2909 1501 2942 Athenarum
1533 2908 1694 2943 ditionem
