1759 3324
549 262 973 303 EUTERPE.
1025 262 1071 300 II.

1348 263 1433 305 677

114 376 262 422 ῙΟοΞντὶ
291 376 446 429 κόλλης
475 371 527 415 τοὶ
558 370 697 415 πολλοὶ
728 368 1196 427 χρέωνταιΑἶγύπτιοι.
1228 369 1485 413 ἐνθεῦτενὸΙ

166 458 211 500 δὲ
240 451 584 507 παραδεξάμενοί
622 468 697 507 μιν
735 453 778 493 οἱ
821 450 1143 506 προσήκοντες,

1202 452 1431 492 ποιεῦνται

164 533 342 586 ξύλινον
356 531 499 574 τύπον
521 529 875 585 ἀνθρωποειδέα·
905 529 1195 585 ποιησάμενοι
1210 528 1277 578 δὲ,
1307 527 1430 581 ἐσερ-

161 615 289 668 γνῦσι
319 610 396 654 τὸν
426 610 604 664 νεκρόν·
653 611 726 652 καὶ
766 611 1128 664 κατακληίσαντες
1166 606 1305 659 οὕτω,
1342 612 1428 663 θη-

161 691 417 744 σαυρίζουσι
465 690 512 733 ἐν
557 688 758 746 οἰκήματι
804 690 998 745 θηκαίῳ,

99 900 187 938 pag.
209 889 288 928 196
311 900 389 936 seq.
416 899 460 924 eo
483 887 629 936 quidem
650 887 752 924 incli-

99 949 185 991 nat,
222 948 262 980 ut
288 939 413 994 κόμμι
454 943 634 981 existimet
670 957 752 981 esse

102 1001 241 1048 gummi
264 998 478 1047 Arabicum,
509 1001 606 1048 quod
622 1001 657 1036 in
681 1001 755 1038 Ae-

100 1060 216 1106 gypto
237 1057 414 1105 terrisque
433 1056 682 1093 adiacentibus
694 1071 755 1094 co—

99 1114 205 1163 piose
243 1114 416 1162 capiatur.
497 1113 574 1149 Sed
606 1113 752 1150 Iohnius

99 1164 219 1219 κόμμι
246 1169 292 1205 ab
314 1169 553 1219 Aethiopibus
583 1169 653 1205 dici
685 1184 754 1220 pu-

98 1229 153 1262 tat
171 1226 344 1274 lacrymas
360 1225 483 1262 Tanae
497 1225 685 1273 Sarcolae,
702 1227 753 1264 ita

96 1286 137 1318 ut
161 1282 256 1319 illam
289 1283 500 1328 materiam,
538 1294 633 1331 quae
657 1296 754 1320 nuuc

99 1338 307 1376 Sarcocolla
328 1339 434 1387 vulgo
456 1344 623 1385 vocatur,
653 1353 753 1376 com-

96 1397 206 1433 mode
247 1395 420 1432 adhibere
459 1395 656 1445 potuerint.
695 1417 752 1423 —

95 1451 186 1489 Mox
204 1448 324 1501 κόλλη
345 1457 400 1488 est
416 1451 548 1500 gluten.

153 1510 361 1547 ποιεῦνται
414 1505 577 1556 ξύλινον
621 1503 751 1548 τύπον

98 1559 436 1616 ἀνθρωποειδέα]
487 1567 510 1603 i.
538 1579 569 1603 e.
609 1579 751 1615 capsam

97 1622 346 1672 conficiendam
374 1626 499 1659 curant
531 1622 678 1659 hominis
694 1624 748 1672 fi-

96 1679 201 1727 gura.
248 1679 322 1714 Ubi
344 1678 499 1716 observa
518 1692 620 1715 usum
641 1679 750 1716 medii

95 1735 196 1773 verbi
220 1737 448 1783 ποιεῖσθαι,
483 1748 590 1785 quem
622 1735 748 1783 attigi-

95 1805 173 1828 mus
202 1803 311 1841 supra
340 1791 377 1837 I,
399 1793 467 1832 31.
525 1787 654 1830 τύπον
679 1787 747 1830 ἄν-

94 1846 346 1898 θρωποειδέα
368 1847 542 1885 intellexit
560 1860 701 1898 capsam
718 1862 746 1887 S.

93 1918 213 1942 arcam
250 1904 297 1941 ad
324 1904 471 1941 hominis
492 1906 655 1954 figuram
675 1905 748 1954 effi-

94 1966 207 2008 ctam,
237 1973 386 2010 prorsus
409 1967 448 1997 ut
473 1962 571 2010 apud
592 1962 746 1998 Diodor.

92 2018 129 2065 1,
146 2020 210 2059 21.
240 2017 303 2064 lv,
324 2019 361 2057 6.
418 2017 540 2066 Atque
563 2018 747 2067 singulare

91 2075 277 2112 fabrorum
307 2086 423 2121 genus
450 2074 566 2112 fuisse
588 2076 744 2121 videtur,

92 2132 154 2180 qui
182 2130 386 2166 istiusmodi
414 2143 542 2180 capsas
573 2132 747 2179 facerent,

93 2191 130 2225 et
160 2187 306 2236 quidem
341 2199 384 2223 ex
413 2188 590 2235 sycomori
623 2189 746 2237 (quae

91 2244 208 2281 arbor'
220 2247 274 2280 est
280 2244 377 2293 ficus
394 2247 564 2293 sycomori
577 2244 744 2292 Linnaei,

91 2301 178 2337 Isidi
197 2299 317 2350 sacra)
340 2299 452 2349 liguo.
494 2300 604 2339 Plura
629 2302 746 2338 Creu-

92 2369 208 2394 zerus.

149 2412 351 2465 ἐσεργνῦσι
371 2410 442 2453 τόν
461 2409 628 2466 νεκρόν]
658 2413 745 2451 Scil.

93 2467 132 2514 ἐς
162 2465 320 2515 ξύλινον
352 2466 480 2510 τύπον
509 2484 538 2508 s.
562 2471 598 2507 in
623 2483 745 2508 aream

90 2524 257 2574 ligneam.

149 2582 436 2634 θησαυρίζουσι
478 2582 520 2622 ἐν
555 2577 744 2634 οἰκήματι

92 2637 274 2691 θηκαίῳ]
305 2640 327 2675 i.
350 2653 383 2677 e.
412 2641 612 2687 (inclusum
634 2641 744 2677 cada-

91 2694 171 2738 ver)
201 2700 367 2744 reponunt
395 2699 433 2733 in
460 2697 651 2733 conditorio
686 2709 740 2733 se-

87 2749 241 2798 pulcrali
260 2780 270 2797 ‚
307 2756 438 2789 rectum
466 2757 656 2790 statuentes
694 2752 742 2789 ad

87 2807 266 2854 parietem.
288 2808 501 2857 Elegantem
520 2823 624 2846 usum
639 2809 742 2846 verbi

91 2863 348 2913 θησαυρίζειν
365 2866 514 2915 exponit
524 2866 740 2902 Creuzerus.

94 2916 206 2961 Quod
231 2920 378 2971 proprie
398 2921 446 2960 de
469 2933 581 2970 aum,
607 2933 742 2971 argen-

1059 685 1252 738 ἱστάντες
1288 685 1429 740 ὀρθὸν

823 886 969 935 t0(11‚
997 888 1075 928 121
1103 884 1141 937 ἓ.
1169 885 1212 933 1)
1241 885 1393 934 aliisque
1414 884 1483 922 bo-

822 944 899 990 nis,
931 944 1039 981 etiam
1068 943 1134 989 iis,
1167 955 1262 991 quae
1290 941 1399 978 victui
1424 942 1481 978 in-

823 1000 1013 1047 serviunt,
1053 1000 1241 1036 servandis
1278 998 1481 1035 adhibitum

823 1056 909 1093 iude
937 1057 984 1092 ad
1017 1069 1060 1093 ea
1090 1057 1263 1102 refertur,
1295 1067 1481 1103 quaecun-

823 1125 895 1161 que
912 1141 922 1159 ,
954 1116 994 1148 ut
1015 1124 1099 1149 cara
1126 1112 1230 1148 nobis
1253 1115 1289 1148 et
1304 1111 1479 1161 pretiosa,

820 1169 1011 1205 recondita
1045 1168 1209 1205 volumus
1259 1171 1479 1204 vetustatem

821 1227 929 1262 ferre.
960 1247 1016 1251 —
1044 1225 1187 1262 Verba:
1219 1223 1261 1262 ἐν
1292 1220 1480 1273 οἰκήματι

821 1281 982 1333 θηκαίῳ
1014 1281 1042 1317 si
1077 1282 1225 1330 quidem
1253 1293 1342 1317 sana
1380 1284 1477 1327 sunt,

821 1338 907 1374 nihil
937 1338 1034 1374 aliud
1072 1338 1277 1387 significare
1310 1341 1477 1387 possunt,

822 1395 891 1431 nisi
918 1397 954 1431 in
983 1394 1178 1430 conditorio
1204 1394 1297 1430 nulli
1331 1394 1399 1430 aliz·
1427 1395 1481 1430 rei

821 1464 926 1501 quam
946 1450 1030 1487 solis
1051 1451 1186 1488 arculis
1204 1450 1408 1500 recipiendis
1417 1450 1476 1486 de—

819 1510 952 1544 stinato
980 1509 1143 1558 reposita
1180 1508 1292 1544 fuisse
1321 1519 1479 1557 corpora

819 1565 1000 1602 medicata
1035 1564 1159 1601 loculis
1195 1564 1354 1611 inclusa,
1401 1564 1477 1601 sive

820 1622 879 1669 (ut
901 1621 1067 1670 Heynius
1092 1621 1188 1669 vult)
1222 1623 1260 1658 in
1287 1620 1360 1657 loco
1393 1633 1476 1670 quo—

819 1690 954 1727 cunque
976 1677 1181 1727 recipiendis
1202 1677 1324 1714 loculis
1345 1679 1474 1713 consti-

818 1737 875 1770 tui
892 1734 1010 1780 solito,
1032 1747 1078 1770 ne
1101 1734 1233 1771 scilicet
1256 1734 1398 1771 aedium
1416 1746 1475 1770 sa-

815 1791 930 1828 crario
952 1790 1200 1839 aedificiisque
1228 1791 1378 1840 privatis
1406 1790 1475 1826 hoc

817 1848 951 1884 factum
971 1860 1052 1883 esse
1080 1847 1337 1884 existimemus.
1397 1846 1474 1883 lam

816 1902 985 1940 conclave
1013 1903 1083 1940 erit
1111 1904 1344 1951 cogitandum
1367 1915 1472 1939 arcu-

814 1959 931 1996 larum
959 1964 1214 2008 congestarum
1244 1959 1474 1996 multitudine

815 2017 1339 2065 distinctuminsignitumque.
1395 2016 1473 2052 Sed

814 2073 1001 2122 negotium
1058 2073 1206 2110 facessit
1254 2072 1472 2110 adiectivum

814 2133 1019 2179 θηκαῖος,
1079 2130 1179 2166 cuius
1225 2130 1283 2166 vix
1319 2128 1471 2166 alterum

815 2186 1019 2236 exemplum
1058 2187 1218 2236 reperias
1241 2215 1252 2234 ‚
1300 2198 1322 2222 a
1358 2182 1470 2235 θήκη

814 2243 951 2290 (arca,
981 2243 1114 2290 loculo,
1153 2244 1198 2280 cf.
1232 2242 1279 2278 ad
1306 2242 1361 2289 II,
1385 2242 1472 2289 67)

812 2300 1062 2337 derivandum.
1121 2300 1205 2343 Quo
1245 2299 1333 2335 ilflud
1368 2311 1472 2335 acce-

816 2357 890 2403 dit,
921 2356 1027 2393 binos
1055 2356 1165 2393 libros
1189 2368 1256 2406 pro
1292 2355 1469 2409 θηκαίῳ

815 2413 949 2450 offerre
980 2413 1187 2465 θηβαίῳ,·
1231 2412 1338 2461 quale
1365 2412 1468 2449 adie-

813 2470 943 2507 ctivum
962 2469 1061 2506 haud
1077 2474 1132 2507 est
1151 2468 1344 2505 insolitum.
1383 2469 1469 2505 Hoc

812 2526 843 2563 si
869 2527 1043 2575 recipias,
1073 2526 1260 2564 Thebaica
1284 2525 1387 2573 regio
1411 2525 1468 2561 in-

811 2582 1010 2631 telligenda
1033 2583 1117 2630 erit,
1147 2581 1370 2630 insignisilla
1387 2582 1468 2630 qui-

812 2640 894 2676 dem
913 2652 955 2675 ac
984 2640 1061 2677 fere
1088 2639 1261 2689 primaria
1280 2638 1467 2675 hominum

811 2695 996 2745 sepultura
1036 2696 1263 2732 conditorum
1310 2695 1466 2745 ipsoque

809 2754 880 2790 deo
913 2752 1083 2801 primario
1129 2752 1276 2789 Osiride
1311 2755 1347 2788 et
1375 2752 1466 2788 reci-

808 2809 954 2860 piendis
989 2821 1179 2859 procerum
1216 2821 1258 2845 ac
1294 2807 1463 2845 ditiorum

808 2865 1074 2914 Aegyptiorum
1092 2865 1328 2902 cadaveribus
1348 2863 1464 2900 medi-

806 2922 899 2960 catis
914 2921 1142 2972 potissimum
1159 2920 1353 2959 destinata.
1410 2919 1463 2956 Ut
