1759 3324
484 233 911 274 EUTERPE.
964 233 1010 272 11.

1286 234 1369 274 751

101 346 331 404 Αἰγύπτιοι
373 344 451 388 τόν
483 342 563 400 μὲν
598 341 710 397 πρὸς
744 342 887 400 βορέω
937 342 1120 386 ἑστεῶτα
1161 341 1370 387 καλέουσι

71 428 258 483 3θέρος·
309 423 386 468 τὸν
415 423 460 466 δὲ
490 420 602 476 πρὸς
628 419 784 475 νότον,
823 426 1026 478 χειμῶνα.
1086 422 1158 466 καὶ
1189 421 1266 465 τὸν
1293 422 1372 477 μὲν

99 507 305 550 καλέουσι
333 502 485 557 θέρος,
532 505 692 545 τοῦτον
720 501 800 555 μὲν
829 501 1151 555 προσκυνέουσί
1180 518 1246 553 τε,
1294 502 1369 545 καὶ

101 580 150 628 εὖ
176 582 397 627 ποιέουσι·
428 581 507 624 τόν
536 581 582 625 δὲ
612 585 801 637 χειμῶνα
830 580 1120 638 καλεύμενον,
1149 579 1202 623 τὰ
1233 581 1370 636 ἔμπα-

8 671 33 709 1
71 668 172 707 4λιν
197 661 366 706 τούτων
396 661 589 716 ἔρδουσι.

42 871 131 899 κοσι
148 857 331 909 πηχέων]
363 857 506 898 ἐείκοσι
534 871 612 896 curn
642 871 701 896 re-

43 921 150 955 centt.
171 917 273 954 editt.
291 916 555 966 rescripsimus,
566 919 603 952 ut
616 915 699 952 olim

43 975 80 1011 in
103 973 236 1010 Aldina
253 973 323 1009 iam
343 973 519 1010 exstabat.
578 972 699 1021 Vulgo

45 1030 189 1077 εἷ’κοσι;
217 1030 315 1067 cuius
344 1030 539 1067 acerrimus
570 1030 701 1066 defen-

43 1101 104 1125 sor
129 1087 267 1124 exstitit
288 1086 337 1123 H.
356 1085 533 1136 Apetzius
556 1086 593 1122 in
624 1089 700 1123 not.

43 1145 91 1182 ad
108 1143 143 1180 h.
162 1143 184 1180 l.
246 1143 352 1187 Quae
379 1143 475 1180 enim
501 1144 600 1194 apud
622 1143 702 1180 He-

41 1201 214 1238 rodotum
272 1200 506 1237 inveniuntur
562 1201 702 1237 formae

43 1256 188 1297 ἐείκοσι
210 1285 221 1305 ,
253 1251 407 1307 ἠέλιος,
451 1255 562 1304 ἕσαν,
603 1251 701 1304 πάϊς

43 1327 86 1351 ac
116 1313 273 1360 similes,
314 1314 363 1350 ad
389 1313 538 1350 nimiam
568 1313 702 1350 Gram-

42 1371 257 1408 maticorum
288 1369 520 1408 sedulitatem
548 1369 608 1407 ille
642 1383 702 1408 re-

43 1428 118 1465 fert
136 1457 147 1475 ,
188 1427 250 1476 qui
278 1427 317 1463 id
346 1427 542 1477 praecipue
570 1426 701 1464 sectati

43 1484 197 1530 suerint,
212 1487 255 1520 ut
272 1482 403 1520 Musae
420 1483 605 1520 Herodoti
620 1496 702 1520 mu-

44 1540 171 1578 lierum
187 1539 390 1577 Ionicarum
412 1553 513 1577 more
533 1540 701 1590 pretiosis

44 1598 194 1634 indutae
249 1597 410 1633 vestibus
475 1597 699 1634 incederent.

47 1654 173 1697 Quare
197 1653 288 1690 haec
308 1653 429 1690 omnia
449 1653 610 1703 expungi
634 1653 702 1690 de-

45 1711 133 1747 bere
152 1738 163 1755 ‚
210 1722 305 1758 quae
334 1722 378 1746 ex
413 1714 518 1759 parte
541 1709 652 1746 etiam
681 1722 703 1747 e

44 1766 228 1812 versibus,
253 1779 345 1815 quos
357 1766 568 1803 Herodotus
587 1766 704 1803 histo-

44 1823 105 1860 riis
125 1823 341 1869 inseruerit,
383 1823 418 1859 in
446 1827 585 1860 textum
613 1823 704 1860 irre-

45 1880 197 1930 pserint.
230 1878 291 1915 Tu
310 1881 404 1916 conf.
425 1879 482 1925 ll,
503 1882 595 1919 122.
612 1881 702 1920 130.

49 1936 141 1976 134.
200 1934 281 1972 Nos
296 1936 456 1984 ingenue
475 1936 703 1983 confitemur,

45 1994 228 2038 rationes,
259 1993 391 2041 quibus
410 1993 539 2029 ductus
570 1993 624 2029 vir
644 1992 703 2029 ille

46 2049 175 2086 doctus
198 2048 270 2086 tale
286 2049 454 2086 iudicium
477 2050 704 2098 pronuntiat,

46 2106 150 2143 nobis
171 2105 334 2154 cognitas
356 2105 454 2142 haud
475 2118 575 2153 esse3
614 2105 705 2142 illud

45 2175 131 2200 vero
153 2162 378 2212 exploratum
398 2162 595 2209 habemus,
624 2163 706 2200 He-

45 2220 215 2256 rodotum
252 2218 289 2255 in
324 2219 422 2256 hisce
451 2220 599 2256 omnino
637 2218 705 2256 sibi

47 2288 121 2312 non
130 2278 320 2324 constare,
340 2276 451 2313 modo
472 2275 612 2313 Ionicas
631 2277 707 2313 sor-

48 2344 125 2369 mas
147 2359 158 2379 ‚
191 2333 302 2369 modo
331 2332 500 2381 vulgares
526 2333 704 2370 adhiben-

49 2391 145 2434 tem,
175 2393 392 2438 cautumque
417 2390 594 2427 editorem
615 2389 703 2426 nihil

50 2443 148 2480 aliud
168 2458 278 2493 agere
295 2459 426 2495 posse,
439 2459 547 2495 quam
567 2451 606 2483 ut
624 2459 703 2483 ma-

50 2500 144 2537 xime
159 2502 331 2550 probatos
351 2506 388 2540 et
406 2503 578 2552 antiquos
601 2503 703 2540 eodi-

52 2569 111 2594 ces
129 2562 309 2606 sequatur.
342 2559 423 2606 Sic,
453 2560 505 2596 uti
520 2560 590 2596 hoc
605 2563 702 2608 utar,

51 2613 194 2663 scn’psit
226 2613 439 2652 Herodotus
474 2615 585 2666 paulo
617 2621 703 2654 ante

16 2676 19 2680 ’
50 2666 332 2718 Ἡφαιστείου
345 2700 356 2719 ,
375 2677 411 2710 et
432 2685 542 2723 supra
561 2672 608 2720 II,
623 2675 704 2714 112

47 2723 343 2778 Ἡφαιστηΐου
366 2758 378 2777 ,
419 2728 548 2766 Ionum
585 2731 704 2778 magis

52 2794 96 2819 ex
111 2794 222 2819 more.
280 2784 386 2828 Quae
405 2786 525 2824 omnia
549 2787 612 2835 qui
635 2787 704 2824 sibi

50 2838 155 2889 paria
181 2839 358 2890 refingere
387 2842 497 2890 velit,
530 2842 560 2879 is
576 2855 705 2881 vereor

649 664 854 705 Πλοῦτον
894 661 939 705 δὲ
976 660 1117 718 τούτῳ
1147 663 1209 717 τῷ
1239 663 1529 729 βασι-δόἳιίἑίξεῐ

767 862 808 896 ut
841 858 1039 907 genuinum
1068 857 1251 895 Herodoti
1287 862 1426 895 textum

769 916 950 953 restituat.

825 974 967 1010 τοῦτον
985 967 1057 1022 μὲν
1070 968 1362 1021 προσκυνέουσί
1371 968 1425 1021 τε]

767 1027 869 1065 Nota
889 1025 961 1079 μὲν
982 1028 1199 1078 repetitum,
1216 1040 1295 1064 cum
1316 1032 1427 1065 antea

769 1085 841 1122 iam
862 1090 960 1122 esset
980 1083 1046 1123 καὶ
1065 1082 1131 1123 τὸν
1154 1085 1195 1131 (i.
1209 1097 1239 1122 e.
1260 1080 1426 1134 ὃν)μὲν

769 1140 956 1181 καλέουσι
974 1140 1107 1192 θέρος.
1173 1141 1231 1179 De
1255 1154 1328 1190 quo
1351 1141 1425 1180 vid.

768 1198 903 1236 Matth.
924 1199 990 1236 Gr.
1008 1199 1074 1235 Gr.
1093 1210 1179 1248 pag.
1201 1199 1309 1239 1263
1323 1226 1333 1244 ,
1363 1198 1427 1246 qui

769 1256 866 1293 idem
904 1268 988 1305 pag.
1017 1254 1102 1296 754
1143 1254 1190 1291 de
1223 1254 1427 1291 accusativo

768 1313 924 1359 monuit,
956 1311 1019 1361 qui
1047 1311 1161 1349 verbo
1183 1313 1428 1361 προσκυνεῖν

769 1370 928 1406 additur.
986 1368 1045 1406 De
1066 1368 1148 1418 ipso
1170 1368 1283 1405 verbo
1305 1378 1426 1420 προσ-

769 1429 908 1464 κυνεῖν
929 1425 1081 1461 diximus
1101 1424 1149 1461 ad
1168 1424 1221 1472 ΙΙ,
1242 1426 1307 1465 80.
1324 1446 1371 1452 ——
1386 1424 1428 1460 In

768 1483 831 1530 iis,
873 1494 967 1532 quae
994 1481 1159 1532 proxime
1196 1481 1430 1528 antecedunt,

769 1539 883 1577 verba
921 1535 988 1578 τὸν
1035 1535 1107 1588 μὲν
1156 1534 1255 1590 πρὸς
1300 1536 1428 1589 βορέω

770 1594 936 1635 ἑστεῶτα
956 1596 1193 1645 interpretor:
1224 1607 1302 1632 eum
1320 1594 1430 1631 colos-

770 1665 868 1699 sum,
899 1654 963 1702 qui
988 1654 1043 1689 ita
1069 1651 1261 1689 collocatus
1287 1655 1359 1698 est,
1389 1654 1429 1688 ut

771 1710 820 1757 (e
847 1710 999 1746 meridie
1027 1708 1130 1757 scil.)
1169 1711 1431 1758 septentrionem

770 1779 892 1803 versus
909 1768 1066 1816 spectat5
1098 1761 1170 1804 τόν
1191 1763 1233 1804 δὲ
1253 1762 1354 1816 πρός
1370 1760 1430 1805 νό-

771 1836 863 1862 τον.·
893 1835 993 1869 eum,
1020 1823 1081 1871 qui
1100 1821 1139 1869 (e
1160 1822 1429 1873 septentrione)

771 1879 947 1916 meridiem
964 1891 1084 1915 versus
1115 1882 1274 1928 specta&
1303 1879 1364 1915 ubi
1391 1879 1429 1915 in

771 1941 951 1973 structura
968 1937 1017 1972 ita
1035 1935 1174 1973 Noster
1195 1936 1367 1982 variavit,
1389 1939 1430 1972 ut

770 1992 1033 2043 praepositioni
1060 1989 1161 2043 πρός
1190 1993 1300 2029 modo
1326 1992 1431 2040 geni-

772 2049 886 2086 tivum
903 2049 1014 2086 modo
1034 2049 1276 2086 accusativum
1298 2050 1430 2086 adiun-

771 2110 895 2155 geret,
927 2110 967 2142 ut
992 2105 1029 2153 Ι,
1050 2108 1143 2147 201.
1174 2105 1233 2153 ΙΙ,
1258 2107 1323 2147 99.
1348 2106 1429 2147 149

772 2168 839 2201 etc.
868 2162 946 2199 coll.
973 2162 1009 2207 I,
1042 2162 1108 2203 84.
1153 2162 1210 2209 ΙΙ,
1245 2165 1323 2204 101
1362 2166 1430 2199 etc.

771 2218 992 2269 Aequabunt
1010 2224 1131 2256 autem
1151 2219 1189 2255 hi
1221 2219 1352 2256 colossi
1381 2219 1431 2266 (si

773 2278 822 2313 ad
850 2281 993 2313 nostras
1022 2288 1210 2313 mensuras
1236 2289 1433 2313 revocave-

770 2333 840 2382 ris)
860 2333 1112 2383 magnitudine
1137 2333 1254 2382 pedes
1283 2333 1433 2381 triginta

771 2395 912 2440 septem
961 2394 998 2428 et
1044 2389 1235 2427 dimidium
1284 2389 1431 2428 alterius

769 2447 887 2498 pedis.

1047 2500 1085 2553 ἓ.
1118 2503 1154 2543 1.

827 2560 1072 2598 πλοῦτον-
1091 2552 1272 2612 ἀργύρου
1291 2555 1429 2610 μέγαν]

772 2629 821 2653 sc.
849 2615 982 2668 ἔλεγον
1011 2615 1052 2655 οἷ
1081 2615 1192 2668 ἱρέες.
1250 2614 1310 2652 Ad
1333 2615 1433 2653 locu-

770 2672 908 2711 tionem
924 2672 1076 2710 laudant
1086 2671 1217 2711 Anacr.
1235 2672 1375 2720 XXIII,
1394 2675 1431 2720 1,

771 2730 833 2767 ubi
853 2734 909 2768 est
927 2731 1099 2776 πλοῦτος
1123 2731 1285 2782 χρυσοῦ.
1300 2750 1356 2757 —
1373 2729 1432 2767 De

771 2786 852 2836 ipsa
870 2786 1014 2834 fabula,
1035 2799 1130 2836 quae
1149 2786 1185 2824 h.
1204 2786 1228 2824 l.
1249 2790 1430 2834 narratur,

771 2843 844 2880 vid.
869 2856 1069 2882 excursum.

1532 675 1595 695 mus
1614 667 1705 694 omni-

1549 701 1705 729 architecti
