1759 3324
613 258 833 296 CLIO.
876 257 904 295 Ι.
1308 259 1389 300 361

131 388 199 416 τοι
216 369 426 428 Ἑλλήνων
454 366 686 424 ἐχρήσαντο
701 382 710 392 ·
741 366 810 410 καὶ
842 363 920 410 τόν
948 380 994 409 τε
1018 362 1196 421 Ἀδρίην
1217 365 1292 410 καὶ
1308 364 1389 422 τήν

134 451 380 507 Τυρσηνίην
399 448 473 492 καὶ
490 445 570 503 τήν
584 445 771 503 Ἰβηρίην
790 445 863 490 καὶ
883 444 962 489 τόν
990 442 1244 502 Ταρτησσόν
1265 438 1392 489 οὗτοί

128 653 196 696 καὶ
216 650 287 694 τόν
302 668 342 694 τε
367 647 527 705 Ἀδρίην
554 650 622 692 καὶ
647 648 722 705 τήν

80 711 304 763 Τυρσηνίην
334 708 404 750 καὶ
442 707 517 761 τήν
549 704 723 761 Ἰβηρίην

74 767 142 808 καὶ
159 764 225 808 τὸν
249 763 478 819 Ταρτησσόν
497 781 532 805 κ.
544 781 576 806 τ.
590 766 639 818 t]
656 763 723 806 τὸν

73 820 232 876 Ἀδρίην
251 824 334 861 hinc
352 836 446 860 mare
468 823 626 862 indicare
647 823 723 861 sive

11 891 15 896 ·
73 884 184 919 sinum
218 880 442 919 Adriaticum
479 884 565 930 apte
601 884 725 918 monet

71 937 286 977 Larcherus.
343 937 484 975 Dicitur
503 937 598 974 enim
621 935 641 976 ὅ
664 932 724 975 ’A-

73 993 187 1044 δρίας
226 994 346 1041 sinus,
395 991 425 1045 ἦ
456 989 589 1043 Ἀδρία
622 994 723 1041 urbs,

71 1055 220 1089 auctore
273 1050 462 1101 Stephano
506 1049 723 1098 Byzantino.

73 1105 157 1146 Nec
178 1107 377 1156 quidquam
408 1107 535 1154 video,
564 1120 627 1144 cur
653 1103 725 1146 τόν

72 1158 235 1214 Ἀδρίην
258 1163 315 1200 hic
330 1163 447 1200 minus
471 1164 518 1202 de
547 1163 627 1213 ipso
648 1176 726 1200 ma-

75 1221 107 1258 ri
127 1232 236 1269 quam
266 1220 311 1257 de
328 1220 536 1268 regionibus
556 1220 726 1257 adiacen-

74 1276 171 1314 tibus
189 1276 270 1313 huic
297 1277 386 1313 mari
417 1290 446 1313 s.
472 1277 518 1314 de
538 1275 643 1314 litore
671 1282 727 1313 at-

77 1345 148 1382 que
167 1345 230 1370 ora
249 1333 295 1370 sit
312 1332 593 1382 intelligendum.
623 1332 725 1369 Con-

76 1389 193 1426 tendit
209 1389 355 1438 quidem
373 1390 581 1439 nuperrime
611 1388 654 1426 C.
674 1389 721 1426 O.

74 1444 216 1483 Miiller.
239 1445 420 1494 (Etruscc.
439 1445 456 1482 I
473 1459 509 1496 p.
525 1445 638 1493 140),
661 1457 723 1483 eas

74 1502 245 1552 regiones
270 1501 466 1552 paludosas
503 1514 546 1539 ac
575 1505 724 1550 stagno-

75 1570 135 1596 sas
153 1557 322 1608 intelligi,
350 1571 441 1608 quas
470 1558 593 1596 Padus
621 1562 658 1596 et
673 1558 725 1595 A-

76 1615 163 1664 digo
183 1619 391 1665 permeant,
419 1628 519 1653 mare
544 1618 725 1666 petentes.

76 1670 273 1722 Ipsamque
302 1685 428 1709 vocem
462 1671 619 1709 Etrusco
651 1685 725 1709 ser.

77 1740 186 1766 mone
226 1727 300 1765 vult
334 1728 517 1766 declarare
555 1741 728 1778 aquarum

77 1796 288 1821 concursum.
300 1806 356 1812 —
367 1785 472 1829 Quae
482 1786 643 1834 sequitur
655 1788 729 1822 ter-

78 1853 120 1878 ra
149 1840 373 1893 Τυρσηνίη,
403 1854 476 1878 non
501 1842 548 1879 de
578 1840 728 1878 Etruria

77 1895 171 1944 una,
210 1909 332 1935 verum
370 1899 417 1935 de
463 1898 561 1935 omni
607 1897 724 1945 Italia,

77 1965 186 2004 quam
218 1967 286 1991 nos
331 1955 504 2003 dicimus,
545 1955 726 2004 accipien-

77 2011 182 2057 dum,
211 2012 311 2060 quod
328 2011 489 2061 pluribus
511 2011 724 2048 monstravit

75 2066 242 2105 Bredow.
257 2068 296 2104 in
308 2068 534 2117 Uranologia
540 2081 577 2118 p.
586 2067 723 2105 XXIV.

79 2122 200 2170 Quam
225 2124 321 2163 enim
347 2137 416 2162 nos
444 2125 552 2174 vulgo
572 2124 721 2161 dicimus

77 2178 237 2229 ltaliam,
270 2193 315 2218 ea
346 2182 468 2232 potius
495 2181 531 2219 T
534 2180 724 2230 yrrheniae

79 2240 136 2275 est
153 2250 238 2288 pars
256 2237 461 2275 Herodoto.
516 2237 576 2276 De
595 2236 726 2286 Iberia,

79 2305 173 2343 quae
187 2293 365 2345 Hispania
389 2299 467 2343 est,
482 2307 632 2332 monere
652 2308 727 2332 non

78 2350 216 2389 attinet.
254 2351 313 2389 De
337 2350 522 2400 Τατΐεεεο,
543 2351 633 2401 quid
652 2355 727 2389 sta-

78 2409 187 2456 tuas,
223 2408 402 2446 difficilius
448 2410 595 2458 utique,
646 2421 727 2446 cum

79 2463 183 2501 huius
204 2465 359 2502 nominis
390 2469 427 2503 et
451 2466 580 2503 fluvius
613 2468 651 2502 et
670 2465 727 2501 in-

82 2519 159 2557 sula
189 2524 226 2557 et
253 2521 334 2572 ipsa
356 2522 459 2571 regio
474 2521 531 2560 vel
551 2522 728 2572 oppidum

82 2580 264 2624 occurrat,
300 2591 368 2616 nec
403 2578 472 2616 loci
500 2583 576 2615 tam
597 2579 728 2616 remoti

85 2631 173 2668 situs
208 2638 371 2671 accurate
412 2635 554 2672 definiri
604 2638 726 2684 queat.

85 2686 182 2724 Nam
192 2688 425 2727 orientalibus
442 2691 647 2728 hominibus
658 2691 728 2729 hoe

85 2741 253 2781 Tartessi
286 2747 429 2784 nomine
456 2747 604 2784 omnino
632 2748 728 2785 indi-

86 2802 212 2836 cantur
240 2799 317 2839 loca
344 2804 585 2840 remotissima
616 2817 730 2853 quae-

86 2865 158 2902 que
175 2856 394 2895 occidentem
417 2871 553 2897 versus.
609 2859 732 2898 Phoe-

87 2909 224 2948 nicibus
253 2914 495 2954 meridionalis
529 2916 732 2968 Hispaniae

1444 375 1560 405 tiones:

1444 410 1538 437 thonii
1553 412 1651 445 regis'
1674 423 1721 440 ar-

1444 445 1722 474 tessiorumlibera—

1447 477 1533 504 litate
1569 487 1670 506 murus
1705 489 1722 508 n

1607 381 1648 406 Ar
1672 388 1721 408 au-

1443 510 1684 542 Phocaeensibus

1445 544 1634 575 aedificatus.

789 665 875 704 pars
918 652 1064 690 subdita
1093 650 1274 690 communi
1308 663 1447 701 cogno-

789 710 886 747 mine
923 709 992 747 hoc
1044 708 1245 746 innotuisse
1292 708 1447 757 videtur,

789 767 888 803 unde
907 766 1058 814 intelligi
1075 768 1211 816 potest,
1231 765 1295 814 qui
1310 765 1446 803 factum

791 824 858 870 sit,
874 827 914 860 ut
933 826 969 860 et
985 823 1113 859 fluvius
1127 827 1163 859 et
1182 821 1301 858 insula
1317 825 1354 859 et
1364 821 1446 873 ipsa

791 880 894 928 regio
921 879 994 916 tale
1019 891 1153 916 nomen
1187 879 1351 928 accipere
1375 891 1446 928 po-

791 936 911 974 tuerit,
969 935 1113 979 Quodsi
1138 935 1234 972 enim
1262 935 1310 972 de
1334 935 1446 972 fluvio

794 1005 935 1039 sermo,
972 991 1183 1041 intelligitur
1213 991 1337 1028 Baetis
1369 991 1445 1030 sive

794 1048 1075 1097 Guadalquivir3
1105 1049 1166 1097 qui
1183 1048 1244 1084 ubi
1280 1048 1317 1084 in
1343 1060 1444 1086 mare

793 1105 952 1143 infundit
970 1105 1063 1142 binis
1082 1105 1182 1142 ostiis
1195 1133 1206 1151 ,
1226 1103 1341 1141 insula
1358 1105 1445 1142 inde

793 1162 968 1209 efficitur,
985 1161 1022 1197 in
1041 1174 1112 1210 qua
1131 1160 1297 1198 Tartessi
1319 1161 1445 1198 urbem

792 1219 927 1255 Strabo
961 1218 1074 1267 ponit.
1133 1216 1183 1254 Et
1219 1216 1268 1253 sic
1297 1217 1445 1254 nomine

791 1275 861 1312 hoc
883 1274 986 1311 latius
1016 1277 1187 1324 serpente
1212 1276 1289 1309 tum
1321 1274 1444 1322 regio-

791 1343 876 1369 nem
896 1331 1027 1378 istam,
1056 1335 1132 1367 tum
1157 1328 1213 1366 vel
1233 1328 1392 1367 colonias
1408 1330 1446 1367 in

793 1400 837 1425 ea
858 1388 946 1424 sitas
966 1387 1016 1423 ita
1046 1387 1250 1424 nominatas
1281 1399 1363 1423 esse
1391 1386 1446 1423 vi-

792 1445 931 1481 demus.
989 1443 1116 1487 Quare
1144 1443 1174 1480 si
1207 1455 1247 1479 re
1268 1455 1355 1481 vera
1383 1455 1445 1479 ex-

792 1501 882 1537 stitit
911 1500 996 1537 urbs
1026 1498 1212 1544 Tartessi‚
1239 1511 1308 1536 nec
1341 1499 1445 1548 regio

790 1561 953 1605 tantum,
983 1568 1064 1594 eam
1093 1569 1115 1593 a
1142 1556 1382 1593 Phoenicibus
1409 1555 1447 1593 in

792 1615 901 1651 maris
920 1626 984 1651 ora
999 1612 1181 1651 conditam
1199 1613 1310 1650 fuisse
1319 1613 1447 1662 utique

794 1669 982 1721 probabile
1010 1674 1075 1708 est.
1120 1669 1201 1707 Nec
1219 1669 1336 1706 minus
1360 1682 1448 1720 pro-

795 1726 915 1764 babile
943 1726 999 1763 vel
1029 1739 1073 1764 ex
1102 1726 1171 1763 hoc
1204 1725 1334 1763 Nostri
1365 1725 1445 1764 loeo

795 1783 857 1831 fit,
886 1782 980 1819 hanc
1000 1782 1200 1830 coloniam,
1230 1794 1324 1831 quae
1344 1783 1444 1833 prius

794 1839 1016 1877 Phoenicum
1031 1841 1162 1887 fuerat,
1180 1843 1266 1889 post
1284 1838 1338 1875 sui
1358 1839 1448 1876 suis-

795 1910 836 1933 se
854 1896 962 1943 iuris,
990 1896 1137 1945 regibus
1157 1896 1230 1933 suis
1244 1901 1447 1945 parentem,

789 1966 857 1990 nec
876 1952 1100 1990 Phoenicum
1126 1953 1281 2002 imperia
1304 1952 1449 2002 patien-

789 2014 875 2047 tem.
934 2008 995 2046 Tu
1015 2010 1110 2047 conf.
1142 2009 1190 2046 de
1209 2009 1264 2045 his
1283 2008 1444 2047 Heeren.

789 2067 826 2104 in
854 2066 968 2104 Ideen
989 2065 1028 2115 Ι,
1059 2070 1087 2108 2
1114 2079 1151 2118 p.
1173 2064 1227 2106 46
1250 2078 1353 2115 seqq.
1380 2065 1446 2107 52.

851 2172 963 2219 οὗτοί
985 2179 1061 2219 εἰσι
1092 2177 1134 2218 οἵ
1148 2176 1444 2229 καταδέξαντες]

793 2235 938 2274 Eodem
967 2236 1173 2286 significatu
1192 2232 1448 2275 xavaffsmvv'„

795 2308 863 2333 ναι,
897 2292 1128 2340 monstrandi,
1167 2292 1359 2342 aperiendi,
1389 2293 1447 2329 in-

795 2351 916 2400 deque
931 2349 1124 2400 detegendi,
1143 2349 1342 2386 inveniendi
1354 2350 1448 2387 infra

794 2406 834 2454 I,
854 2409 947 2449 171.
1004 2408 1126 2456 Atque
1145 2405 1214 2443 hoc
1234 2406 1315 2456 ipso
1335 2406 1448 2445 verbo

794 2463 1029 2502 Herodotum
1044 2464 1103 2500 vix
1120 2461 1208 2500 illud
1218 2466 1358 2500 tantum
1380 2463 1448 2500 de-

796 2520 933 2558 clarare
953 2520 1113 2557 voluisse
1131 2519 1311 2556 existimat
1332 2519 1376 2556 C.
1397 2519 1446 2556 O.

794 2575 937 2614 Miiller.
948 2576 1130 2625 (Etruscc.
1141 2575 1158 2612 I
1173 2589 1210 2626 p.
1226 2576 1340 2624 192),
1350 2575 1449 2612 Pho-

794 2646 968 2671 caeenses
987 2633 1218 2683 Tyrrhenum
1244 2644 1344 2669 mare
1364 2645 1450 2682 per-

794 2691 1012 2739 navigasse,
1057 2690 1125 2727 sed
1171 2689 1292 2739 potius
1342 2688 1450 2735 illud,

793 2747 931 2798 primos
963 2746 1216 2784 commercium
1252 2745 1451 2782 instituisse

795 2816 876 2842 cum
923 2802 1125 2853 Tyrrhenis
1174 2801 1449 2851 Tyrrhenorum

795 2859 878 2910 ipsa
896 2860 934 2896 in
952 2863 1062 2898 terra.
1103 2858 1250 2896 Initium
1269 2870 1355 2895 vero
1380 2869 1449 2893 na-

795 2915 1021 2966 vigationum
1032 2916 1184 2955 istarum
1205 2915 1303 2952 idem
1315 2913 1369 2951 vir
1380 2913 1449 2950 do-
