1759 3324
323 278 408 319 294

738 267 1205 310 HERODOTI

299 383 371 429 2’A
471 383 482 399 Ι
597 384 609 398 ⁷
764 382 774 396 1
901 379 911 396 ’
949 378 960 394 2
1000 379 1013 394 e
1144 381 1162 389 -1
1235 376 1242 388 =
1334 374 1347 389 θ
1366 373 1374 385 Ι
1514 373 1554 416 ’δ
1573 400 1589 407 -

374 396 563 440 στυαγεα
592 387 854 438 επιθυμεων.
886 396 945 424 απ
994 394 1161 422 εωυτου
1190 393 1296 433 γαρ,
1330 389 1482 424 εοντος
1511 390 1526 416 ι
1556 389 1571 416 ι
1601 380 1646 415 85

329 462 470 509 ω’τεω,
502 460 584 506 οὐκ
614 461 777 516 ἐνεώρα
806 460 1017 516 τιμωρίην
1047 456 1256 513 ἐσομένην
1276 455 1318 506 ές
1341 450 1588 508 Ἀστυάγεα·

329 542 490 598 Κῦρον
520 541 566 585 δὲ
606 539 746 596 ὁρέων
783 537 1149 594 ἐπιτρεφόμενον,
1199 534 1387 579 ἐποιέετο
1418 531 1593 588 σύμμα-

331 638 432 678 χον,
461 619 538 671 τὰς
564 618 713 669 πάθας
741 618 818 668 τὰς
848 617 1008 671 Κύρου
1037 618 1135 671 τῇσι
1163 614 1333 658 ἑωυτοῦ
1364 609 1594 668 ὁμοιούμε-

297 707 418 751 3νος.
475 697 560 754 πρὸ
591 695 637 741 δ’
668 697 730 740 ἔτι
767 694 930 740 τούτου
958 694 1062 738 τάδε
1092 695 1135 737 οῖ
1162 692 1452 746 κατέργαστο·

1502 689 1596 735 ἐόν-

332 795 407 829 τος
434 780 515 820 τοῦ
537 773 795 830 Ἀστυάγεος
830 776 992 828 πικροῦ
1022 772 1065 823 ἐς
1093 771 1199 822 τοῦς
1227 769 1438 828 Μήδους,
1481 780 1594 825 συμ-

332 857 499 912 μίσγων
538 854 603 898 ἑνὶ
639 852 804 911 ἑκάστῳ
844 851 868 896 ὁ
895 852 1118 907 ’Ἅρπαγος
1153 853 1244 892 τῶν
1273 847 1458 903 πρώτων
1497 847 1653 905 Μή-90

336 938 450 986 δων,
481 931 679 977 ἀνέπειθε
711 932 770 984 ὦς
797 931 877 988 χρὴ
904 934 1055 985 Κῦρον
1082 926 1490 984 προστησαμένους,
1519 926 1598 971 τὸν

307 1012 568 1069 4Ἆστυάγεα
610 1016 776 1057 παῦσαι
814 1015 892 1068 τῆς
929 1010 1170 1066 βασιληίης.
1226 1005 1599 1062 κατειργασμένου

337 1093 383 1137 δέ
413 1095 458 1137 οἱ
484 1090 672 1145 τούτου,
703 1092 776 1135 καὶ
809 1089 956 1141 ἐόντος
986 1089 1185 1145 ἑτοίμου,
1213 1084 1329 1130 οὕτω
1352 1084 1405 1141 δή
1429 1089 1491 1145 τῷ
1513 1085 1602 1130 Κύ-

343 1189 407 1232 ρῳ
438 1170 706 1227 διαιτωμένῳ
738 1171 784 1214 ἐν
817 1170 1011 1226 Πέρσῃσι
1043 1165 1313 1225 βουλόμενος
1343 1164 1366 1208 ὁ
1385 1165 1604 1222 Ἅρπαγος

339 1254 531 1308 δηλῶσαι
560 1249 641 1307 τὴν
671 1250 839 1294 ἑωυτοῦ
867 1245 1071 1305 γνώμην,

340 1329 448 1388 εἶχε,
480 1328 554 1374 ἅτε
582 1333 671 1374 τῶν
698 1327 816 1374 ὁδῶν
844 1326 1210 1385 φυλασσομένων·

340 1427 414 1455 ται
441 1408 627 1454 τοιόνδε.

1264 1323 1288 1370 ὁ
1319 1324 1365 1368 δὲ
1391 1323 1661 1380 ἐπιτεχνᾶ-96

687 1407 825 1464 λαγὸν
853 1405 1236 1466 μηχανησάμενος,
1267 1406 1340 1449 καὶ
1369 1402 1605 1460 ἀνασχίσας

342 1488 506 1534 τούτου
544 1487 624 1545 τὴν
657 1487 867 1544 γαστέρα,
915 1486 990 1530 καὶ
1027 1484 1157 1529 οὐδὲν
1195 1483 1423 1536 ἀποτίλας,
1472 1481 1530 1536 ὥς
1559 1483 1606 1528 δὲ

344 1687 486 1738 Κῦρον
519 1681 562 1725 δὲ
593 1680 715 1734 ὁρέων
746 1680 941 1733 ἐπιτρε-

290 1739 543 1793 φόμενον]
575 1738 749 1778 Abresch.
772 1739 810 1776 in
835 1737 943 1776 Dilu-

289 1799 385 1837 cidd.
401 1797 595 1847 Thucydd.
617 1810 654 1847 p.
677 1797 758 1838 209
780 1794 943 1845 reposuit

290 1849 594 1908 ἕπιτρεπόμενον
624 1853 693 1901 (sc.
719 1867 793 1902 την
817 1847 943 1901 οἷρχην

291 1925 321 1950 s.
340 1911 568 1963 βασίλειαν,
589 1909 678 1956 uti,
698 1911 735 1949 7
767 1908 942 1955 11‚121)

291 1972 333 2005 ut
360 1968 426 2004 sit:
466 1978 639 2015 „cernens
668 1963 857 2001 Persarum
886 1962 945 1999 illa·

292 2022 464 2061 traditum
479 2024 668 2072 imperium.
672 2021 697 2040 “
733 2020 802 2056 Cui
821 2023 944 2055 tamen

293 2080 368 2117 iure
388 2091 465 2116 non
488 2078 682 2115 obsecutus
710 2079 767 2113 est
788 2074 943 2112 Wesse-

293 2135 450 2184 lingiuS,
477 2134 558 2183 ipse
589 2132 787 2169 accuratius
817 2131 943 2179 vulga-

293 2195 370 2228 tam
387 2191 650 2238 interpretans:
680 2216 704 2235 ‚‚
717 2188 852 2235 Cyrum
869 2199 947 2224 cer-

295 2259 387 2285 nens
412 2248 671 2290 increscentem,
706 2243 946 2291 adaugescen-

295 2304 401 2341 tem.“
440 2302 563 2350 Atque
589 2299 890 2348 wyttenbachius
910 2299 948 2336 in

297 2358 444 2398 Selectt.
463 2358 548 2394 hist.
572 2368 658 2406 pag.
679 2356 762 2397 353
779 2355 848 2392 hoc
866 2367 949 2392 ver-

298 2416 383 2452 bum
407 2413 638 2452 referendum
668 2411 791 2448 docuit
815 2412 864 2448 ad
883 2424 949 2448 an-

298 2471 470 2509 tecedens
498 2480 633 2506 nomen
662 2467 876 2534 τιμωρίην,
906 2479 951 2505 ex

299 2540 372 2577 quo
394 2524 683 2563 subaudiendum
696 2519 892 2576 τιμωρόν,
911 2526 952 2560 ut

298 2583 384 2621 talis
396 2582 484 2620 inde
507 2584 696 2619 enascatur
717 2580 786 2618 loci
803 2584 952 2618 senten-

301 2639 373 2676 tia:
418 2636 555 2686 „Nam
584 2637 676 2685 ipse,
705 2640 745 2674 ut
771 2639 955 2701 privatus,-

301 2708 368 2732 non
399 2695 468 2732 sibi
493 2692 680 2731 videbatur
707 2695 740 2730 z's
769 2705 861 2741 esse,
884 2693 955 2743 ,qui

302 2750 496 2789 vindictam
534 2749 578 2785 ab
619 2750 778 2799 Astyage
815 2751 955 2798 exigere

297 2811 430 2858 posset:
460 2810 500 2844 at
525 2804 654 2855 Cyrum
669 2806 789 2842 videns
810 2817 955 2842 crescere

303 2866 341 2902 in
366 2876 457 2916 spem
474 2861 651 2902 vindictae
687 2862 784 2911 (sibi
810 2874 956 2900 crescere

1009 1685 1042 1718 et
1071 1681 1125 1718 ali
1154 1679 1378 1728 vindicem),·
1418 1677 1510 1717 hunc
1536 1680 1666 1718 socium

1011 1738 1079 1775 sibi
1108 1737 1287 1774 adiunxit.
1292 1737 1317 1756 “

1067 1809 1144 1845 προ
1175 1789 1213 1832 δ’
1244 1791 1299 1831 ἔτι
1325 1788 1469 1832 τούτου
1499 1807 1534 1832 κ.
1553 1807 1588 1832 τ.
1612 1794 1646 1831 λ.
1650 1791 1665 1844 ]

1010 1850 1111 1888 Male
1135 1850 1284 1898 quidam
1307 1844 1416 1901 πρός.
1473 1849 1543 1886 Est
1571 1850 1667 1886 enim

1011 1907 1102 1944 haec
1128 1906 1311 1943 Herodoti
1351 1906 1553 1952 sententia,
1596 1905 1668 1943 iam

1010 1966 1120 2000 antea
1148 1961 1191 2009 (i.
1204 1974 1235 1998 e.
1256 1961 1326 1998 iam
1340 1961 1506 1999 antehoc
1522 1965 1670 2012 pactum

1011 2031 1091 2056 cum
1111 2017 1210 2066 Cyro
1228 2017 1319 2056 haec
1335 2017 1598 2065 (defectionem
1618 2030 1668 2056 sc.

1010 2075 1058 2112 ab
1070 2073 1235 2122 Astyage
1257 2079 1294 2111 et
1313 2075 1510 2111 vindictam
1529 2074 1577 2112 de
1598 2074 1670 2112 isto

1013 2130 1251 2178 sumendam)
1291 2131 1336 2168 ab
1374 2130 1555 2181 Harpago
1589 2144 1672 2170 esse

1013 2191 1233 2237 praeparata
1247 2200 1290 2223 eo
1306 2186 1475 2224 nimirum
1492 2191 1672 2238 tempore,

1015 2256 1110 2292 quo,
1139 2255 1218 2279 cum
1232 2241 1417 2292 Astyages
1441 2244 1593 2281 acerbus
1610 2257 1670 2282 es-

1015 2302 1073 2337 set
1089 2298 1127 2335 in
1146 2297 1301 2346 Medos,
1330 2312 1409 2337 cum
1426 2312 1500 2337 uno
1519 2300 1672 2337 istorum

1015 2355 1179 2407 principe
1207 2355 1358 2393 consilia
1393 2356 1596 2405 agitaverat
1622 2357 1671 2394 de

1016 2411 1183 2460 Astyage
1203 2411 1418 2450 deficiendo.
1431 2433 1487 2439 -—
1504 2412 1547 2450 In
1563 2425 1670 2462 seqq.

1018 2467 1227 2517 scripsimus
1288 2482 1370 2506 κατ
1385 2482 1402 2507 ε
1412 2483 1426 2507 ι
1437 2482 1460 2520 ρ
1470 2466 1672 2520 γασμένου

1019 2536 1100 2562 cum
1132 2524 1250 2562 Gaisf.
1298 2523 1421 2575 Vulgo
1449 2538 1673 2578 κατεργα-

1021 2579 1180 2632 σμένον.

1075 2651 1142 2675 και
1164 2630 1282 2676 οῦδὲν
1303 2631 1575 2683 αποτίλας]
1596 2635 1676 2674 Lo-

1021 2706 1101 2731 cum
1132 2705 1155 2730 a
1171 2693 1330 2730 virorum
1352 2693 1541 2731 doctorum
1565 2705 1677 2730 cona-
1746 2690 1747 2715 ἶ

1020 2749 1177 2787 minibus
1216 2749 1334 2799 proba
1375 2749 1677 2800 interpretatione

1021 2804 1215 2842 vindicavit
1235 2804 1523 2854 Wesselingius‚
1549 2804 1678 2852 „Har-

1022 2873 1141 2914 pagus
1163 2860 1300 2912 leporis
1321 2862 1516 2900 artificiose
1534 2861 1677 2900 tractati

1120 1247 1260 1297 ἄλλως
1290 1245 1368 1301 μὲν
1398 1243 1603 1300 οὐδαμῶς
1672 1259 1727 1300 62
