1759 3324
628 270 848 308 CLIO.
907 271 934 307 I.

1333 275 1418 315 309

154 384 230 426 τὸν
275 380 439 426 κύκλον
481 378 623 422 πάντα
662 382 746 423 τοῦ
784 378 983 433 οὐρανοῦ
1022 380 1111 424 Δία
1158 381 1415 433 καλέοντας·

152 461 317 506 θύουσι
346 461 392 504 δὲ
420 457 527 515 ἡλίῳ
556 474 601 501 τε
629 459 702 502 καὶ
732 457 891 515 σελήνῃ
920 459 994 502 καὶ
1022 463 1080 516 γῇ
1112 460 1187 502 καὶ
1206 461 1314 516 πυρὶ
1340 461 1413 504 καὶ
1427 469 1472 502 30

122 540 281 585 simoen
308 539 376 582 καὶ
407 535 618 593 ἀνέμοισι.
650 537 849 581 τούτοισι
877 537 956 594 μὲν
996 537 1049 594 δή
1087 538 1296 594 μούνοισι
1333 540 1415 583 θύ-

149 631 247 663 ουσι
285 617 487 674 ἀρχῆθεν.
546 615 894 673 ἐπιμεμαθήκασι
933 617 979 661 δὲ
1019 618 1093 661 καὶ
1129 622 1182 675 τῇ
1215 617 1414 676 Οὐρανίῃ

144 697 297 750 θύειν,
344 695 463 752 παρά
493 712 537 740 τε
563 695 803 752 Ἀσσυρίων
833 695 1051 753 μαθόντες
1079 697 1152 740 καὶ
1186 696 1411 754 Ἀραβίων.

144 776 347 821 καλέουσι
388 777 434 821 δὲ
470 775 694 833 Ἀσσύριοι
733 776 814 833 τήν
859 775 1145 833 Ἀφροδίτην,
1188 776 1409 821 Μύλιττα·

87 952 329 990 cacuminibus
344 964 445 989 sacra
466 952 586 989 facere
604 949 742 989 Noster

86 1010 226 1056 scribit,
257 1010 295 1046 in
316 1022 360 1046 eo
390 1008 488 1045 haud
521 1021 656 1058 paucos
679 1021 739 1045 as-

87 1066 282 1104 sentientes
306 1069 435 1103 nactus
458 1069 514 1103 est
530 1065 738 1114 scriptores,

84 1135 237 1171 quorum
254 1122 460 1159 testimonia
479 1121 627 1172 protulit
635 1122 738 1158 Bris—

85 1191 163 1216 son.
188 1180 235 1216 de
268 1192 344 1227 reg.
377 1178 478 1216 Pers.
520 1178 673 1228 princip.
703 1177 737 1214 II

86 1233 122 1286 ἓ.
145 1237 211 1276 38.
270 1235 337 1271 Est
357 1235 581 1286 potissimum
603 1234 736 1271 Strabo

83 1293 323 1330 conferendus
337 1320 347 1338 ,
377 1292 437 1340 qui
455 1291 637 1328 Herodoti
653 1304 734 1328 ver-

84 1349 131 1385 ba
149 1348 335 1398 exscripsit
346 1347 415 1384 XV
427 1361 463 1396 p.
477 1349 559 1388 732
570 1347 732 1393 s.1064‚

82 1405 126 1441 C.
164 1403 261 1442 Nolo
281 1417 377 1440 nunc
399 1403 548 1440 aliarum
570 1403 732 1452 gentium

80 1461 244 1498 instituta
285 1460 389 1511 paria
436 1472 730 1507 commemorare,

80 1530 174 1566 quae
203 1517 373 1566 quoniam
405 1516 442 1553 in
471 1517 646 1553 montium
670 1528 731 1552 ca-

79 1574 275 1611 cuminibus
302 1574 390 1611 deos
421 1573 488 1610 sibi
521 1573 623 1622 quasi
644 1585 730 1622 pro-

78 1631 199 1680 piores
214 1630 499 1677 arbitrabantur,
528 1629 600 1666 illic
614 1629 727 1678 inpri-

79 1687 146 1723 mis
166 1698 267 1722 sacra
284 1687 402 1723 facere
422 1686 597 1723 solebant.
618 1684 729 1722 Plura

80 1742 282 1789 Gesenius,
311 1742 410 1778 cuius
436 1741 553 1779 locum
580 1741 644 1779 Cr.
664 1742 732 1777 ad-

79 1799 241 1848 scripsit,
259 1800 297 1835 in
319 1798 537 1835 Commentt.
559 1798 606 1834 ad
625 1797 728 1835 Iesai.

76 1854 193 1901 LXV,
213 1857 238 1895 7
268 1867 354 1904 pag.
377 1856 470 1895 282.
518 1855 624 1898 Quae
645 1853 729 1890 reli-

76 1923 149 1960 qua
165 1910 304 1948 Noster
321 1912 444 1960 prodit
474 1912 521 1948 de
550 1911 726 1959 religione

75 1967 264 2005 Persarum
276 1997 287 2015 ,
314 1967 505 2016 insigniter
521 1968 659 2004 faciunt
676 1967 725 2003 ad

75 2023 166 2061 illius
183 2025 295 2074 ipsius
315 2024 570 2061 declarandam
587 2022 724 2073 simpli-

74 2081 227 2118 citatem.
285 2081 457 2118 Omnium
488 2081 582 2118 enim
603 2093 724 2117 rerum

73 2149 167 2186 quae
202 2137 380 2175 habentur
405 2137 584 2188 principia
612 2141 723 2186 atque

73 2194 271 2241 elementa,
310 2195 472 2231 venerati
498 2198 581 2231 sunt
605 2206 722 2242 eaque

72 2250 219 2301 simplici
248 2251 399 2288 ratione.
457 2250 619 2288 Accessit
639 2263 722 2286 coe-

73 2305 144 2344 lum
171 2307 275 2344 astris
299 2307 476 2358 repletum
508 2311 545 2344 et
573 2306 721 2344 nomine

70 2361 164 2400 Iovis
183 2363 436 2412 significatum,
454 2365 600 2412 duoque
610 2375 718 2414 prae-

73 2419 177 2469 cipua
195 2420 285 2457 illius
308 2420 462 2468 lumina,
492 2420 557 2456 Sol
583 2433 625 2457 ac
642 2418 720 2456 Lu—

72 2487 142 2523 na,
169 2488 263 2525 quae
279 2477 400 2514 omnia
414 2476 609 2526 simplicem
631 2476 717 2512 sim-

72 2530 171 2580 plicis
195 2533 311 2581 gentis
337 2537 373 2571 et
400 2534 546 2582 quidem
572 2536 717 2570 monta-

72 2599 141 2624 nae
175 2588 305 2626 cultum
329 2589 524 2627 declarant.
580 2589 720 2626 Confer

73 2642 246 2681 Creuzer.
267 2645 428 2694 Symbol.
461 2646 479 2684 I
516 2659 603 2697 pag.
620 2647 717 2687 651.

71 2699 154 2739 692
173 2712 246 2749 seq.
268 2704 350 2743 712
369 2715 447 2751 seq.

125 2751 273 2796 θύουσι
300 2753 503 2809 ἆρχῆθεν]
537 2758 716 2796 Voculam

72 2803 248 2862 ἐρχῆθεν
266 2813 456 2852 Herodoto
485 2819 596 2864 atque
618 2815 717 2852 Ioni-

70 2866 138 2902 bus
175 2867 343 2906 adscribit
380 2871 643 2909 Grammaticus
678 2871 719 2908 in

70 2921 227 2960 Bckkeri
266 2924 427 2963 Anecdd.
457 2927 475 2963 l
502 2940 590 2978 pag.
620 2927 721 2975 450,

810 949 848 993 4.
878 950 989 1002 Apud
1007 951 1146 990 Atticos
1168 952 1286 1000 enim,
1310 956 1463 1004 excepto
1499 959 1502 961 “

808 1007 1009 1057 Aeschylo,
1039 1009 1191 1047 inveniri
1225 1021 1305 1046 eam
1337 1014 1463 1059 negat.

865 1063 1050 1104 καλέουσι
1081 1063 1124 1105 δὲ
1154 1061 1350 1117 Ἀσσύριοι
1387 1063 1462 1117 τήν

806 1115 1045 1174 Ἀφροδίτην
1067 1143 1121 1149 —-
1149 1121 1342 1173 Μίτραν]
1380 1121 1460 1159 Lo-

805 1191 866 1215 cus
885 1178 1127 1216 memorabilis
1145 1178 1370 1227 multumque
1396 1192 1459 1216 ve-

804 1240 919 1273 xatus.
986 1234 1067 1272 Nos
1110 1235 1378 1285 proficiscamur
1414 1248 1458 1273 ex

803 1291 845 1327 iis
858 1321 868 1338 ,
898 1303 1015 1341 quae,
1035 1296 1073 1328 ut
1091 1303 1267 1327 summam
1282 1290 1369 1337 loci,
1387 1304 1457 1339 po-

802 1347 873 1384 suit
891 1348 1021 1384 Creuz.
1037 1348 1073 1383 in
1086 1346 1246 1395 Symbol.
1270 1346 1285 1383 Ι
1305 1360 1343 1396 p.
1358 1350 1455 1387 729.

801 1403 1017 1454 Complures
1055 1404 1149 1441 onim
1189 1406 1313 1441 monet
1345 1401 1455 1441 Asiae

798 1464 927 1509 gentes
960 1472 1072 1497 unum
1098 1460 1268 1509 idemque
1298 1462 1452 1497 naturae

797 1516 1014 1567 principium
1042 1517 1237 1554 femineum
1266 1516 1453 1564 (naturam

796 1577 1000 1610 natm-atam
1021 1573 1080 1609 alii
1101 1574 1244 1622 dicunt)
1264 1573 1370 1609 variis
1391 1585 1453 1609 co-

796 1628 904 1667 luisse
923 1630 1220 1678 cognominibus,
1238 1629 1290 1666 ita
1307 1632 1347 1665 ut
1357 1641 1456 1678 quae

797 1685 875 1722 aliis
904 1690 1001 1723 esset
1030 1686 1154 1723 Venus
1184 1686 1347 1732 Urania,
1386 1697 1450 1723 ea-

796 1743 881 1779 dem
900 1741 981 1778 aliis
1001 1742 1181 1779 diceretur
1200 1741 1357 1791 Mylitta,
1371 1741 1451 1778 aliis

794 1797 926 1845 Alitta,
965 1798 1087 1835 Persis
1114 1797 1242 1835 Mae'tra.
1309 1798 1450 1841 Quam-

793 1855 847 1891 vis
879 1855 973 1891 enirn
998 1856 1167 1902 nomina,
1202 1857 1359 1901 formae,
1391 1858 1449 1891 at-

794 1912 928 1948 tributa
952 1911 1055 1947 huius
1075 1912 1230 1948 numinis
1254 1911 1355 1948 varia
1382 1924 1446 1948 va-

792 1967 862 2004 rias
890 1968 992 2017 apud
1022 1973 1149 2017 gentes
1182 1968 1273 2014 sint,
1306 1967 1443 2017 prima-

790 2025 879 2060 riam
908 2028 1030 2061 tamen
1066 2025 1221 2061 numinis
1258 2024 1445 2061 notionem

790 2094 833 2117 ac
849 2081 1150 2129 significationem
1180 2081 1329 2118 subesse
1357 2093 1446 2118 ean-

790 2138 874 2174 dem
917 2137 1160 2185 intelligimus.
1218 2137 1325 2180 Quae
1363 2136 1445 2186 ipsa

788 2207 870 2231 cum
893 2194 941 2230 ad
960 2193 1133 2231 coelestes
1152 2197 1189 2231 et
1206 2194 1366 2231 sidereas
1384 2206 1443 2230 ra-

790 2251 906 2288 tiones
940 2250 1090 2287 multum
1113 2250 1314 2301 pertineat,
1343 2253 1441 2287 recte

788 2308 999 2358 pronuntiat
1017 2306 1220 2344 Palmblad.
1252 2306 1319 2356 (de
1337 2306 1438 2344 rebb.

788 2364 992 2413 Babylonn.
1014 2376 1100 2413 pag.
1120 2363 1196 2412 44)
1215 2364 1441 2400 coniunctam

787 2421 1028 2458 foecundatae
1040 2424 1077 2457 et
1094 2424 1170 2456 tum
1185 2419 1442 2457 foecundantis

784 2475 914 2515 Lunae
926 2506 937 2524 ,
964 2490 1032 2514 nec
1049 2489 1125 2513 non
1142 2476 1331 2524 humidae,
1353 2488 1440 2512 con-

784 2533 970 2584 cipientis,
1009 2534 1145 2570 fructus
1176 2533 1317 2571 edentis
1348 2531 1440 2570 Tel-

783 2588 870 2626 luris
900 2590 1023 2627 ideam
1055 2589 1219 2639 exprimi.
1272 2588 1334 2626 De
1361 2589 1437 2626 sin-

784 2646 878 2694 gulis
917 2646 948 2682 si
974 2658 1212 2695 quaeramus,
1240 2645 1441 2683 videndum.

781 2707 869 2741 ante
905 2703 1027 2739 omnia
1054 2703 1102 2739 de
1143 2701 1282 2749 Mitra,
1327 2714 1438 2751 quam

783 2759 891 2796 deam
911 2759 1048 2796 diserte
1065 2758 1203 2795 Noster
1223 2758 1261 2795 h.
1279 2758 1303 2795 l.
1320 2758 1437 2794 nomi-

783 2820 846 2852 nat
857 2845 867 2862 ,
895 2828 975 2852 cum
990 2814 1099 2863 vulgo
1118 2814 1167 2851 M
1167 2813 1296 2850 itltram
1314 2814 1437 2850 norint

783 2871 882 2908 deum
902 2871 1133 2918 eundemque
1152 2870 1279 2908 Solem.
1298 2869 1437 2914 Quare,

784 2931 823 2963 ut
852 2927 914 2974 fit,
953 2927 1144 2964 lectionem
1182 2926 1299 2976 ipsam
1332 2925 1434 2961 vario
