1777 3324
659 935 1142 984 EXCURSUS
1191 937 1215 983 Ι

408 1057 520 1099 AD
616 1061 1474 1110 HERoDo'r.1‚35.

498 1283 736 1341 ’Ἄδραστος
747 1318 758 1339 ,
782 1285 1019 1343 Ἄδρηστος
1031 1318 1042 1339 ,
1072 1287 1309 1330 Adrastus.
1321 1285 1359 1341 *)

288 1388 439 1426 Adrasti
463 1390 609 1428 nomine
638 1392 761 1442 plures
792 1396 982 1429 occurrunt
1014 1393 1049 1430 in
1083 1393 1306 1431 Graecorum
1335 1405 1452 1443 aeque
1487 1407 1529 1432 ac
1559 1392 1693 1431 Troia-

176 1470 304 1495 norum
336 1458 454 1495 rebus.
513 1459 635 1496 Primo
666 1459 746 1497 loco
781 1472 961 1509 ponamus
989 1460 1166 1509 Argivum
1197 1461 1294 1498 illum
1318 1461 1535 1509 Adrastum,
1566 1474 1693 1510 regem

176 1525 409 1574 Sicyonium,
441 1525 551 1563 Talai
581 1527 716 1576 filium,
754 1529 801 1565 de
829 1541 902 1578 quo
929 1529 1081 1567 Homer.
1109 1528 1150 1566 Il.
1179 1528 1234 1577 ΙΙ,
1253 1528 1336 1570 572
1371 1531 1408 1565 et
1437 1528 1619 1565 Herodot.
1646 1526 1692 1575 V,

176 1596 242 1634 67.
302 1592 411 1630 Plura
445 1594 616 1632 Creuzer.
664 1596 701 1633 in
737 1601 940 1634 commentt.
979 1597 1146 1635 Herodd.
1197 1609 1285 1647 pag.
1318 1599 1401 1638 217
1429 1608 1531 1645 seqq.
1588 1594 1691 1632 Alter

175 1660 350 1697 Adrastus
378 1661 546 1699 Herculis
566 1664 681 1700 fertur
703 1664 815 1712 filius,
847 1666 910 1714 qui
940 1678 983 1703 ex
1011 1665 1154 1702 oraculo
1183 1679 1221 1703 se
1248 1666 1367 1716 ipsum
1396 1664 1468 1700 una
1496 1676 1576 1701 cum
1596 1663 1692 1714 Hip-

172 1740 297 1778 ponoo
323 1729 436 1766 fratre
468 1729 651 1769 interfecit
688 1732 725 1769 in
750 1734 914 1769 flammas
943 1745 1023 1770 sese
1051 1733 1266 1781 conficiens,
1301 1737 1343 1770 ut
1369 1735 1526 1769 testatur
1551 1731 1690 1780 Hygin.

174 1795 247 1832 fab·
269 1794 363 1837 242.
421 1794 455 1833 A
479 1811 552 1848 quo
578 1800 738 1838 diversus
760 1799 957 1847 Adrastus,
986 1799 1150 1850 Meropis
1175 1799 1290 1846 filius,
1323 1799 1385 1849 qui
1406 1799 1578 1836 Troianis
1609 1799 1690 1848 opi-

175 1862 338 1910 tulatur,
381 1867 478 1902 teste
514 1867 678 1905 Homero
708 1868 747 1905 Il.
780 1868 834 1915 II,
863 1869 944 1909 830
983 1868 1062 1905 coll.
1094 1867 1165 1913 XI,
1194 1867 1277 1908 328
1316 1866 1481 1915 aliusque
1513 1865 1691 1903 Adrastus

175 1930 371 1979 Troianus,
401 1945 509 1981 quem
529 1939 674 1985 captum
692 1948 714 1972 a
730 1934 900 1973 Menelao
921 1936 1092 1974 interimit
1112 1933 1387 1983 Agamemnon,
1415 1933 1455 1970 Il.
1472 1934 1536 1981 VI,
1557 1934 1611 1974 38
1632 1946 1687 1983 sq.

175 1997 253 2035 Sed
273 2002 468 2057 utrumque
486 2001 622 2040 huncce
640 2016 706 2053 pro
729 2016 800 2040 uno
829 2005 1032 2052 eodemque
1056 2002 1215 2040 Adrasto
1246 2002 1372 2039 haberi
1398 2001 1474 2039 vult
1495 2001 1616 2052 Heyn.
1640 2002 1689 2038 ad

175 2064 277 2101 Iliad.
300 2065 311 2101 l
331 2067 353 2103 l.
414 2067 562 2106 Tertius
583 2074 646 2106 aut
672 2073 850 2108 secundus
882 2072 1059 2109 Adrastus
1086 2070 1180 2107 inter
1207 2069 1346 2107 nobiles
1379 2069 1562 2107 Troianos
1590 2083 1689 2106 com-

176 2138 394 2171 memoratur
423 2137 461 2172 in
496 2136 598 2174 Iliad.
628 2138 737 2185 XVI,
769 2138 871 2185 6943
924 2144 960 2176 et
990 2141 1137 2190 praeter
1165 2136 1275 2173 hosce
1308 2137 1470 2174 Graecus
1500 2136 1689 2184 Adrastus,

173 2203 278 2250 pater
297 2200 497 2250 Eurydices
509 2232 519 2251 ,
540 2205 662 2241 matris
678 2204 965 2253 Laomedontis,
996 2219 1017 2243 a
1037 2219 1110 2255 quo
1127 2203 1286 2242 Adrasto
1305 2204 1467 2241 nonnulli
1478 2204 1688 2241 Adrasteam

174 2268 302 2304 urbem
329 2270 511 2306 conditam
538 2271 704 2308 ferebant
742 2272 857 2319 (conf.
883 2272 1053 2322 Apollod.
1077 2273 1115 2319 I,
1139 2275 1188 2319 9,
1210 2274 1262 2313 13
1291 2273 1377 2320 ibiq.
1408 2272 1531 2322 Heyn.
1557 2272 1688 2320 obss),

173 2335 250 2371 aliis
271 2335 373 2373 aliter
394 2337 645 2374 statuentibus.
704 2338 763 2375 Tu
783 2340 855 2376 vid.
880 2339 1013 2387 Heyne
1037 2340 1132 2376 obss.
1152 2339 1201 2376 ad
1226 2339 1328 2375 Iliad.
1347 2338 1402 2386 ΙΙ,
1421 2341 1502 2380 828
1532 2354 1569 2389 p.
1592 2338 1686 2380 412.

173 2401 344 2452 Namque
374 2403 583 2440 Adrasteam
618 2405 772 2451 urbem,
814 2407 860 2442 ab
893 2419 935 2442 eo
968 2406 1144 2452 Adrasto,
1185 2405 1247 2453 qui
1280 2405 1482 2442 Nemeseos
1511 2406 1688 2456 templum

173 2471 329 2520 primum
351 2472 584 2517 exstruxerit,
615 2472 798 2508 conditam
827 2472 899 2509 iam
926 2472 1108 2509 Homerus
1136 2472 1258 2518 novit,
1289 2472 1393 2508 sitam
1418 2471 1514 2508 illam
1537 2473 1687 2521 quidem

175 2537 225 2573 ad
249 2536 510 2587 Propontidem
540 2544 575 2576 et
595 2540 643 2575 ad
662 2539 849 2576 Troadem
880 2552 995 2587 usque
1026 2544 1231 2589 porrectam
1264 2551 1307 2576 ea
1332 2540 1370 2575 in
1391 2539 1561 2587 regione,
1591 2552 1686 2589 quae

174 2608 258 2653 post
286 2605 334 2641 ad
359 2605 517 2653 Mysiam
546 2606 730 2655 pertinuit.
799 2606 905 2643 Facit
943 2606 1012 2642 huc
1053 2606 1264 2643 Callimachi
1298 2607 1546 2654 fragmentum
1586 2607 1685 2658 apud

175 2670 285 2707 schol.
311 2671 429 2722 Apoll.
454 2672 574 2709 Rhod.
602 2672 638 2720 I,
661 2675 766 2713 1116
798 2673 871 2720 (nr.
890 2672 943 2713 45
973 2687 1010 2723 p.
1033 2673 1114 2714 431
1146 2674 1204 2711 ed.
1229 2673 1408 2722 Ernest.).
1466 2674 1589 2724 Atque
1617 2674 1685 2711 hac

231 2853 268 2901 *)
300 2857 533 2899 Quaecunque
553 2854 618 2889 hoc
637 2864 782 2888 excursu
803 2855 1030 2896 continentur,
1054 2866 1094 2888 ea
1113 2856 1282 2890 Creuzero
1309 2856 1487 2898 debentur,
1515 2857 1570 2899 qui
1590 2860 1683 2890 vete·

301 2923 372 2945 rum
394 2913 596 2955 scriptorum
614 2912 707 2945 locos
728 2910 794 2944 huc
816 2912 1049 2954 pertinentes,
1079 2922 1211 2945 mecum
1236 2914 1486 2947 communicare
1505 2914 1620 2948 voluit.
