1805 3315
638 263 855 305 CLIO.
911 267 944 304 ¹1.
1387 268 1444 308 77

152 383 230 426 τὸν
263 384 481 436 Κροῖσον,
522 380 644 430 εἴπας
679 375 821 422 πολλοὶ
857 393 901 420 τε
933 376 1007 420 καὶ
1039 373 1193 431 ὄλβια,
1233 373 1445 431 ἐπειρώτα

151 464 248 505 τίνοι
277 458 482 512 δεύτερον
509 455 597 512 μετ’
628 459 797 501 ἐκεῖνον
827 458 939 508 ἰ’δοι,
980 454 1147 499 δοκέων
1180 453 1323 510 πάγχυ
1351 456 1444 497 δευ-

129 542 293 594 eumin:
317 541 408 593 γῶν
434 538 645 580 οἴσεσθαι.
677 534 700 580 ὁ
733 536 778 579 δὲ
804 532 916 578 εἶπε·
948 534 1173 591 »Κλέοβίν
1196 550 1242 577 τε
1271 537 1345 577 καὶ
1372 535 1444 576 Βί-

151 633 313 671 ,,τωνα.
354 613 548 659 τούτοισι
583 615 695 672 γάρ,
735 615 857 658 ἐοῦσι
900 614 1028 671 γένος
1057 612 1304 669 Ἀργείοισι,
1346 614 1444 669 βίος

150 713 230 749 ,,τε
261 693 431 750 ἀρκέων
461 695 602 753 ὑπῆν,
634 694 708 738 καὶ
737 694 848 749 πρός
876 692 1042 751 τούτῳ,
1083 693 1206 750 ῥώμη
1243 691 1491 748 σώματοςεο

152 774 355 832 ,,τοιήδε·
387 773 657 831 ἀεθλοφόροι
686 790 731 817 τε
753 772 993 830 ἀμφότεροι
1019 770 1179 828 ὁμοίως
1209 771 1339 823 ἕσαν,
1371 771 1445 814 καὶ

129 858 178 908 3„
191 854 243 911 δὴ
271 855 345 899 καὶ
372 855 538 911 λέγεται
571 853 643 898 ὅδε
678 851 702 897 ὁ
731 852 872 910 λόγος.
913 851 1068 909 ἐούσης
1093 851 1223 908 ὁρτῆς
1252 855 1305 908 τῇ
1326 849 1443 906 ‘'Hoy

154 968 179 986 ,,
189 940 302 979 τοῖσι
319 932 569 991 Ἀργείοισι,
599 934 689 978 ἔδεε
710 933 883 986 πάντως
908 933 990 990 τήν
1009 932 1170 990 μητέρα
1190 929 1337 975 αὐτῶν
1356 927 1445 984 ζεύ·

110 1109 328 1147 Schaeferus
343 1109 410 1157 (ad
424 1109 581 1158 Gregor.
596 1107 763 1145 Corinth.

110 1178 147 1216 p.
171 1165 274 1214 497)
297 1166 345 1203 ad
362 1166 510 1203 verbum
531 1166 662 1202 minus.
693 1165 765 1200 Su-

110 1222 271 1272 spicatur
320 1223 414 1259 enim
469 1220 767 1272 προτρέπεσθαι

112 1291 214 1315 esse:
236 1279 395 1328 repellere
406 1307 417 1326 ‚
428 1277 608 1314 retundere
619 1306 629 1324 ‚
643 1278 766 1312 reiice-

111 1347 169 1382 τε,
197 1334 376 1384 refutare,
414 1334 557 1370 amoliri
578 1335 683 1383 quasi
709 1344 765 1369 re-

111 1391 314 1441 spondendo.
375 1391 482 1434 Quae
512 1394 634 1427 tamen
661 1389 766 1436 ratio,

111 1460 188 1485 non
206 1447 335 1494 video,
370 1460 432 1484 cur
463 1447 559 1484 illam
581 1446 690 1496 vulgo
709 1459 767 1484 re-

111 1507 256 1554 ceptam
303 1503 639 1554 interpretationem
687 1502 768 1539 loco

111 1564 266 1599 moveat.
324 1560 448 1598 Verba
473 1561 632 1609 denique
653 1558 768 1605 εἴπας

111 1612 240 1656 πολλά
268 1615 393 1656 τεκαὶ
420 1613 533 1668 ὄλβια
562 1616 767 1667 explicandi

114 1687 224 1711 causa
241 1674 349 1720 addi,
370 1674 500 1722 quibus
513 1673 768 1711 antecedentia

115 1727 163 1769 τοὶ
182 1726 283 1769 nato?
315 1726 385 1768 τὸν
417 1729 559 1769 Τέλλον
590 1730 768 1779 quodam-

113 1787 224 1824 modo
244 1786 443 1823 accuratius
463 1786 695 1834 illustrentur,
709 1798 769 1823 sa-

114 1844 162 1880 tis
183 1843 351 1880 universa
372 1842 440 1880 loci
457 1845 549 1880 ratio
571 1844 688 1880 docet.

173 1897 347 1951 Κλέοβίν
363 1914 403 1938 τε
416 1898 483 1938 καὶ
501 1898 682 1950 Βίτωνα]
699 1899 773 1936 Ce-

116 1956 308 1995 leberrima
327 1956 508 2005 narratio,
538 1956 659 1994 multis
684 1959 772 2006 post

116 2013 346 2051 Herodotum
374 2026 522 2063 quoque
550 2014 705 2058 tradita3
733 2013 772 2048 iu

117 2070 248 2119 quibus
278 2069 507 2120 potissimum
538 2070 688 2107 laudant
709 2069 773 2105 Ci-

117 2139 188 2164 cer.
211 2126 343 2163 Tusce.
367 2127 534 2171 Quaestt.
554 2127 593 2174 I,
610 2125 664 2168 47
683 2125 771 2174 ibiq.

116 2182 246 2222 Davis.
283 2183 386 2220 Serv.
416 2184 465 2221 ad
480 2183 610 2233 Virgil.
633 2183 773 2230 Georg.

117 2238 191 2288 III,
214 2238 309 2281 532.
337 2239 480 2277 Fabric.
501 2241 549 2278 ad
569 2241 672 2278 Sext.
683 2239 772 2276 Em-

116 2297 186 2347 pir.
198 2295 326 2345 Pyrrh.
344 2296 442 2348 Hyp.
465 2296 539 2344 ΙΠ,
555 2296 609 2339 24
629 2310 666 2347 p.
679 2298 772 2337 186.

121 2352 189 2391 Cr.
219 2352 323 2390 addit
355 2352 519 2392 Fischer.
548 2355 596 2391 ad
623 2352 771 2392 Platon.

118 2408 270 2448 Axioch.
288 2422 319 2448 c.
340 2412 404 2451 16.
433 2410 615 2447 Plutarch.
627 2409 774 2446 Conso-

117 2465 180 2504 lat.
192 2466 240 2503 ad
256 2465 378 2517 Apoll.
396 2480 483 2518 pag.
509 2469 600 2514 108,
625 2465 656 2504 F
677 2466 767 2515 ibiq.

120 2521 379 2572 Wyttenbach.
407 2537 447 2574 p.
481 2524 564 2565 730
595 2522 673 2560 coll.
695 2523 770 2560 vit.

119 2579 247 2617 Solon.
283 2594 313 2617 c.
339 2583 395 2622 27
427 2593 465 2631 p.
494 2582 560 2622 93.
617 2579 770 2618 Lucian.

121 2636 329 2688 Contempl.
349 2636 372 2673 l.
389 2636 413 2673 l.
470 2636 521 2674 Et
538 2641 656 2674 exstat
673 2636 774 2687 apud

122 2691 322 2731 Stobaeum
351 2693 496 2743 (CXIX
515 2707 553 2745 p.
567 2694 668 2743 603)
700 2692 774 2730 ele-

123 2751 774 2856 ἓῗιίωῗιμῗέἓῖῗέὠτῗᾞεῖξῖῗᾞ

124 2860 212 2898 inde
239 2861 276 2897 iu
305 2862 465 2903 Brunck.
495 2861 675 2901 Analectt.
708 2861 773 2899 III.

124 2915 243 2957 Lectt.
265 2921 302 2955 et
314 2917 470 2958 Emend.
493 2933 531 2972 p.
546 2919 640 2962 274.
664 2918 701 2958 T
703 2946 710 2956 .
721 2918 771 2957 IV

829 1121 867 1159 p·
882 1109 961 1149 123
983 1107 1041 1145 ed.
1061 1105 1167 1156 Lips.
1226 1105 1380 1153 Signum
1397 1102 1491 1140 hane

832 1165 879 1200 ob
897 1177 974 1200 rem
995 1166 1151 1201 erectum
1162 1166 1339 1200 memorat
1349 1160 1491 1197 Pausa-

832 1220 912 1258 nias
934 1219 986 1266 ΙΙ,
1008 1221 1072 1259 19.

890 1269 1138 1326 ἀεθλοφόροι
1180 1288 1221 1313 τε
1270 1267 1492 1324 α’μφότεροι

836 1330 984 1384 ὁμοίως
996 1330 1112 1378 ἔσαν]
1133 1330 1227 1370 ἔσαν
1244 1335 1391 1381 praeter
1402 1330 1490 1367 edd.

834 1390 892 1427 hic
919 1389 1025 1440 pauci
1052 1393 1191 1425 tantum
1224 1387 1326 1433 libri3
1361 1386 1493 1435 reliqui

835 1459 962 1483 omnes
981 1439 1106 1496 ἦσανς
1144 1445 1183 1482 id
1203 1445 1302 1494 quod
1322 1458 1350 1482 c.
1372 1445 1426 1484 30
1454 1443 1492 1480 in

835 1503 1004 1540 omnibus
1031 1506 1217 1553 comparet
1234 1501 1346 1538 libris.
1379 1499 1492 1544 Quod

835 1560 931 1597 idem
952 1572 1032 1596 cum
1053 1559 1090 1595 in
1118 1571 1223 1608 seqq.
1253 1558 1400 1608 saepius
1429 1569 1492 1593 oc-

835 1619 955 1654 currat
979 1609 1084 1666 ἦσαν
1113 1615 1194 1652 sine
1222 1614 1294 1651 ulla
1316 1614 1492 1651 varietate

836 1673 894 1721 (l,
914 1672 981 1714 34·
1004 1673 1068 1714 57·
1090 1673 1156 1713 63.
1179 1671 1232 1713 65
1256 1672 1367 1719 etc.)‚
1395 1668 1493 1709 ἔσαν

835 1742 922 1767 vero
941 1729 1002 1766 ubi
1020 1729 1182 1778 legatur,
1214 1740 1360 1777 semper
1378 1726 1493 1764 altera

836 1799 983 1835 quoque
999 1781 1178 1835 scriptura
1201 1778 1306 1835 ἦσαν
1336 1797 1357 1821 e
1379 1783 1490 1820 codd.

838 1846 1006 1888 notetur,
1035 1842 1091 1879 hic
1112 1854 1262 1891 quoque
1293 1840 1352 1887 (ut
1375 1839 1494 1876 omni-

837 1899 907 1936 bus
928 1899 1037 1935 credo
1056 1898 1163 1947 locis)
1193 1893 1298 1949 ἦσαν
1317 1896 1493 1947 scriptum

837 1954 1044 2006 oportuisse
1066 1958 1217 1992 annotat
1237 1953 1368 1990 Matth.
1389 1953 1435 1989 ad
1455 1952 1492 1989 h.

838 2011 862 2050 l.
894 2011 1002 2048 conf.
1032 2011 1202 2048 Eundem
1231 2010 1268 2046 in
1290 2010 1492 2046 Grammat-

839 2067 878 2120 ἓ.
904 2070 986 2110 217
1015 2082 1054 2119 p.
1072 2068 1170 2110 414.
1230 2066 1414 2116 Equidem
1435 2069 1494 2102 ta-

840 2138 925 2163 men
954 2124 993 2161 in
1023 2129 1124 2163 textu
1148 2124 1246 2162 idem
1267 2122 1359 2170 feci,
1389 2122 1493 2172 quod

839 2182 919 2228 ille;
948 2180 1079 2231 reliqui
1096 2181 1283 2230 vulgatam
1300 2179 1494 2217 lectionem

839 2238 954 2286 ἔσαν,
983 2251 1063 2276 cum
1081 2251 1161 2276 eam
1179 2237 1298 2286 legem
1309 2236 1395 2273 mihi
1406 2235 1495 2272 scri-

838 2296 996 2347 pserim,
1023 2295 1119 2332 utin
1147 2294 1247 2331 hisce
1266 2293 1312 2330 ab
1336 2292 1495 2342 optimo-

839 2365 919 2390 rum
938 2351 1111 2389 librorum
1130 2350 1286 2389 lectione
1306 2361 1495 2398 nunquam

839 2409 1079 2447 discederem.

896 2464 980 2505 ἔδεε
998 2460 1156 2511 πάντως
1174 2459 1248 2514 τήν
1261 2460 1408 2514 μητέρα
1423 2456 1495 2500 αὕ-

841 2524 923 2562 τῶν
944 2516 1075 2574 ζεύγεϊ
1088 2517 1359 2573 κομισθῆναι]
1373 2517 1495 2555 Mater

839 2579 935 2617 enirn
948 2609 959 2627 ,
1004 2579 1105 2615 cuius
1143 2589 1277 2614 nomen
1318 2575 1497 2625 Cydippen

840 2635 1005 2687 plerique
1048 2635 1183 2681 edunt,
1243 2633 1302 2670 alii
1352 2631 1496 2669 Theano

842 2691 935 2741 (vid.
972 2690 1226 2728 Hemsterhus.
1258 2690 1306 2726 ad
1340 2688 1495 2726 Lucian.

843 2747 1052 2798 Contempl.
1074 2746 1126 2784 ΙΙΙ
1144 2760 1182 2797 p.
1199 2748 1282 2788 386
1305 2746 1361 2783 ed.
1374 2745 1494 2795 Bip.),

840 2804 991 2842 Iunonis
1012 2803 1172 2852 Argivae
1190 2801 1394 2840 sacerdotio
1413 2802 1496 2837 fun-

843 2862 998 2910 gebatur
1023 2873 1093 2897 nec
1128 2859 1240 2897 sacris
1277 2871 1344 2908 per
1376 2857 1496 2905 legem

842 2918 973 2957 abesse
1018 2919 1176 2969 poterat.
1235 2915 1366 2964 „Cum
1414 2925 1495 2950 mos
