1759 3324
4 0 11 201 i

2 204 8 371 ι

0 377 5 563 l

557 249 988 289 EUTERPE.
1034 251 1080 289 ΙΙ.

176 361 363 417 βωνῖδος
402 358 575 412 λίμνης,
635 355 741 412 παρ’
780 357 834 415 ἣν
863 358 911 402 τὸ
944 357 1115 403 Κάσιον
1145 357 1249 415 ὅρος
1277 363 1431 406 τείνει·
1492 372 1572 412 106

1355 256 1439 297 487

146 438 334 494 Ξταύτης
363 431 426 479 ὦν
454 434 540 479 ἄπο
572 437 615 478 οἷ
643 435 850 493 ἑξήκοντα
891 439 1058 492 σχοῖνοί
1089 439 1183 482 εἶσι.
1230 437 1326 483 ὅσοι
1354 440 1434 496 μὲν

171 516 254 573 γὰρ
282 515 511 571 γεωπεῖναί
548 515 629 558 εἰσι
665 514 938 571 ἀνθρώπιον,
987 514 1193 573 ὀργυιῇσι
1222 518 1432 576 μεμετρή-

174 605 276 638 κασι
303 591 382 649 τὴν
409 592 577 650 χώρην·
626 594 725 638 ὅσοι
754 595 799 638 δὲ
832 590 966 651 ἧσσον
994 602 1245 652 γεωπεῖναι,
1285 600 1430 641 σταδί-
1443 607 1488 641 95

169 684 278 718 οισι·
336 675 380 715 οἳ
419 673 465 715 δὲ
502 674 667 731 πολλὴν
705 674 873 731 ἔχουσι.
918 675 1247 733 παρασάγγῃσι·
1305 680 1347 720 οἳ
1386 677 1432 721 ὁὲ

136 751 377 808 Βᾶφθονον
406 753 525 809 λίην,
556 755 780 809 σχοίνοισι.

110 929 250 964 tantum
262 930 299 964 et
319 925 536 974 salsilagime
552 938 618 975 per
639 939 765 975 super-

111 983 224 1020 ficiem
235 995 362 1032 sparsa
373 982 540 1030 cognosci
556 995 665 1031 posse
677 983 765 1020 scri-

110 1039 175 1077 bit.
226 1037 306 1075 Alia
345 1039 446 1075 dabit
483 1038 688 1076 Creuzerus
727 1040 764 1075 in

109 1095 332 1133 Commentt.
344 1094 482 1132 Herod.
499 1108 535 1144 p.
549 1096 642 1136 286.
667 1095 764 1132 Nam

109 1152 217 1189 istum
227 1150 342 1188 lacum
359 1151 562 1188 hominibus
574 1163 690 1200 aeque
708 1155 765 1187 at—

108 1221 181 1257 que
201 1207 414 1244 animalibus
436 1207 625 1244 exitiosum
647 1212 683 1245 et
703 1207 760 1243 in-

109 1277 236 1301 sanum
247 1263 438 1315 Typhonis
456 1263 584 1312 (quem
599 1264 760 1300 omnium

108 1320 283 1357 malorum
300 1324 491 1371 parentem
509 1320 667 1358 habuere
686 1319 760 1357 Ae-

107 1376 250 1427 gyptii)
276 1375 537 1426 receptaculum
559 1376 644 1414 inde
664 1377 760 1413 fere-

108 1433 207 1470 bant.
246 1432 344 1477 Quin
364 1433 443 1484 ipso
464 1433 500 1469 in
522 1432 619 1470 lacus
643 1433 759 1469 nomi-

105 1501 153 1527 ne
174 1487 251 1527 tale
270 1489 359 1538 quid
384 1490 504 1527 inesse
524 1501 618 1527 nunc
636 1489 760 1526 existi-

103 1549 227 1592 mant,
266 1545 445 1595 siquidem
475 1545 638 1582 Serbonis
660 1546 758 1583 lacus

105 1601 365 1652 Aegyptiorum
410 1615 577 1640 sermone
619 1601 756 1639 valeat:

89 1660 167 1708 'qui
192 1660 332 1708 spargit
352 1657 533 1708 foetorem.
580 1658 637 1695 lta
659 1662 758 1695 certe

105 1714 288 1751 lablonsk.
312 1715 446 1764 Opusc.
468 1715 481 1751 I
509 1728 544 1763 p.
564 1715 646 1755 303
675 1714 756 1750 coll.

104 1772 208 1818 301,
236 1771 416 1821 probante
448 1771 649 1820 Champoll.
682 1770 755 1806 l’E-

102 1830 205 1876 gypt.
235 1840 320 1864 sous
350 1827 371 1863 l.
405 1827 507 1877 phar.
538 1828 567 1863 ll
593 1841 629 1877 p.
659 1828 754 1867 304.

101 1883 201 1920 Alius
217 1884 271 1920 vir
296 1884 425 1920 doctus
447 1883 560 1930 (conf.
575 1887 612 1921 te
627 1883 674 1920 W
677 1887 756 1920 ater

101 1940 151 1976 ad
177 1939 360 1977 lablonsk.
378 1939 400 1976 l.
420 1939 462 1988 l.)
482 1940 518 1976 in
541 1952 628 1977 voce
653 1941 754 1989 Σερ-

101 1991 186 2045 βοὶν
205 1995 406 2033 occultandi
418 2002 454 2033 et
463 1995 682 2044 demergendi
689 2008 757 2033 no-

98 2052 237 2090 tionem
254 2052 472 2102 quaesierat.

156 2105 201 2148 τό
230 2104 385 2148 Κάσιον
416 2105 530 2160 ὄρος]
566 2109 614 2147 de
648 2108 755 2146 Casio

100 2168 250 2213 monte,
294 2178 317 2203 a
347 2178 421 2215 quo
448 2166 534 2203 inde
561 2179 677 2215 usque
703 2165 752 2201 ad

99 2220 292 2259 Arabicum
311 2223 427 2259 sinum
444 2222 539 2259 mille
551 2222 751 2259 stadiorum

100 2278 170 2316 iter
188 2291 270 2316 esse
289 2282 416 2316 noster
439 2279 551 2316 refert
577 2278 629 2325 11,
656 2278 749 2325 158,

100 2335 289 2384 primarius
306 2339 426 2372 exstat
444 2335 636 2372 Strabonis
652 2335 751 2372 locus

101 2390 185 2427 XVI
196 2404 232 2441 p.
247 2393 367 2438 1100,
387 2391 430 2428 C.
446 2394 618 2433 1102-
633 2393 752 2438 1103,

100 2447 196 2484 unde
224 2451 386 2485 trecenta
416 2448 537 2485 stadia
565 2461 587 2485 a
607 2447 752 2485 Pelusio

100 2500 196 2539 illum
218 2508 393 2541 remotum
413 2517 495 2542 esse
507 2505 684 2551 novimus,
695 2503 751 2542 vel

100 2559 220 2607 potius
249 2563 410 2597 trecenta
438 2561 582 2609 viginti,
630 2566 671 2598 ut
706 2573 751 2598 ex

100 2611 272 2652 Antonin.
284 2616 407 2654 ltiner.
423 2616 643 2666 intelligitur.
672 2616 749 2666 Ag-

101 2669 244 2716 geribus
265 2684 456 2710 arenarum
485 2674 634 2711 similem
659 2687 748 2711 eun-

102 2724 186 2762 dem
197 2732 318 2764 narrat
327 2729 475 2776 Strabo,
494 2731 533 2766 in
548 2743 648 2768 mare
662 2743 748 2780 pro-

103 2786 301 2820 currentem
314 2812 324 2830 ,
373 2798 549 2835 aquarum
589 2787 749 2836 denique

103 2835 257 2898 inopem.
314 2839 385 2878 lllic
423 2841 587 2892 Pompeii
618 2842 749 2891 Magni

103 2903 218 2930 iacere
234 2907 361 2947 corpus
381 2901 418 2935 et
438 2899 531 2935 lovis
552 2899 651 2936 Casii
669 2912 751 2937 esse

834 753 1019 799 δύναται
1049 756 1095 800 δὲ
1126 755 1150 800 ὁ
1182 755 1260 810 μὲν
1288 770 1428 811 παρα-

832 927 1018 977 templum.
1071 927 1180 965 Nunc
1210 929 1325 965 monti
1355 941 1486 966 nomen

832 984 884 1020 Ec
901 984 980 1020 Kas
1001 998 1028 1021 s.
1049 983 1131 1021 Ras
1143 984 1315 1032 Kasoron,
1346 990 1384 1022 et
1401 998 1484 1035 pro—

832 1054 878 1090 pe
904 1045 1066 1078 montem
1088 1040 1187 1078 locus
1207 1041 1323 1078 Katia
1350 1056 1377 1078 s.
1407 1044 1486 1079 Κα-

832 1096 914 1144 1ίεΙι,
934 1097 1090 1134 docente
1100 1098 1315 1135 Hartmann.
1326 1097 1349 1134 l.
1362 1098 1384 1135 l.
1398 1111 1484 1148 pag.

832 1155 927 1195 866.
958 1151 1038 1190 Alia
1049 1153 1320 1191 Schliehthorst.
1332 1153 1354 1190 l.
1366 1153 1388 1191 l.
1397 1166 1483 1203 pag.

828 1211 881 1250 76
903 1221 979 1258 seq.
998 1209 1077 1246 coll.
1095 1210 1250 1247 Rennel.
1263 1209 1320 1248 l.l.
1338 1223 1373 1260 p.
1388 1212 1482 1251 581.

829 1267 1025 1302 Caeterum
1043 1265 1141 1303 hicce
1165 1280 1270 1303 mons
1292 1267 1406 1316 probe
1428 1266 1484 1302 di-

828 1322 1070 1370 stinguendus
1092 1334 1113 1357 a
1131 1326 1257 1360 monte
1279 1322 1393 1370 Casio,
1421 1322 1484 1371 qui

827 1379 864 1414 in
892 1377 999 1426 Syria
1031 1382 1087 1414 est
1106 1391 1223 1428 prope
1244 1377 1482 1416 Antiochiam.

828 1434 936 1471 Cons.
953 1434 1138 1471 Mannert.
1154 1434 1176 1471 l.
1190 1434 1212 1471 l.
1224 1434 1272 1481 X,
1294 1437 1315 1475 1
1337 1448 1374 1485 p.
1387 1434 1482 1475 495.

881 1533 905 1569 γ
916 1532 932 1557 ε
943 1532 1012 1556 ωπ
1026 1531 1042 1556 ε
1055 1520 1102 1556 zv
1116 1516 1168 1556 αι’
1193 1515 1283 1568 εἰσι]
1306 1517 1481 1555 Timaeus

826 1575 863 1611 in
880 1575 1001 1612 Lexie.
1018 1573 1162 1611 Platon.
1183 1577 1415 1626 γεωπεῖναι·
1442 1573 1484 1612 οἱ

826 1627 971 1682 μικρᾶν
996 1629 1065 1669 καὶ
1092 1627 1247 1682 λυπράν
1267 1632 1345 1683 γῆν
1367 1629 1481 1680 ἕχον-

825 1702 910 1735 τες,·
941 1699 1035 1736 quae
1061 1687 1110 1723 ad
1135 1687 1274 1724 Herod.
1304 1687 1359 1733 ll,
1385 1689 1410 1727 6
1442 1691 1481 1723 et

826 1744 930 1790 Vlll,
963 1746 1038 1784 111
1067 1744 1252 1794 pertinere
1281 1743 1373 1780 bene
1402 1755 1479 1778 mo-

820 1801 923 1845 nuit,
957 1799 1034 1836 aliis
1057 1812 1203 1848 quoque
1233 1799 1478 1848 grammaticis

822 1856 998 1902 laudatis,
1028 1855 1221 1893 Ruhnken.
1241 1869 1324 1905 pag.
1344 1857 1410 1896 68.
1424 1877 1477 1882 -—-

822 1912 950 1949 Utitur
969 1912 1002 1949 h.
1023 1912 1100 1948 loco
1114 1911 1269 1948 Iomard.
1290 1911 1418 1950 Descr.
1430 1911 1477 1947 (le

823 1968 990 2018 l'Egypt.
1030 1967 1182 2017 Antiqq.
1209 1967 1226 2005 I
1256 1968 1303 2016 (3
1323 1967 1477 2015 livrais.)

822 2038 907 2075 pag.
935 2026 1038 2071 688,
1071 2037 1115 2062 ex
1140 2036 1213 2073 quo
1243 2025 1475 2061 manifestum

821 2081 900 2127 fiat,
932 2081 1089 2118 stadium
1102 2081 1322 2129 quadratum
1334 2079 1474 2128 (carre‘)

819 2137 855 2174 in
881 2138 1059 2174 mensuris
1089 2149 1260 2185 agrorum
1287 2136 1385 2186 apud
1404 2135 1475 2172 Ae—

817 2195 966 2245 gyptios
984 2194 1157 2231 usitatum
1181 2193 1304 2230 fuisse.

876 2272 1044 2317 δύναται
1064 2274 1106 2316 δὲ
1128 2275 1153 2316 ὅ
1174 2273 1246 2327 μὲν
1267 2271 1477 2328 παρασάγ-

817 2350 890 2389 γης
916 2329 1129 2385 τριήκοντα
1158 2328 1319 2383 στάδια]
1357 2329 1474 2371 δύνα-

821 2396 917 2431 σθαι
939 2392 996 2428 hic
1015 2390 1130 2428 valere
1147 2403 1247 2436 esse,
1278 2391 1337 2426 vix
1359 2390 1474 2426 moni-

820 2453 861 2486 tu
892 2461 997 2499 opus.
1051 2447 1093 2484 In
1111 2459 1341 2496 paramuga,
1381 2458 1476 2494 quae

820 2506 1014 2543 Persarum
1028 2507 1085 2541 est
1103 2516 1283 2548 mensura,
1313 2502 1476 2552 plerique

818 2561 1050 2597 Herodottun
1065 2564 1286 2608 sequuntur3
1306 2558 1362 2595 alii
1377 2562 1475 2595 teste

817 2618 1000 2654 Strabone
1029 2616 1081 2653 XI
1108 2630 1142 2666 p.
1167 2617 1272 2661 788,
1292 2615 1322 2651 A
1345 2628 1371 2649 s.
1392 2616 1474 2654 518

816 2674 1021 2722 sexaginta,
1033 2672 1090 2709 alii
1100 2672 1345 2721 quadraginta
1356 2671 1476 2706 stadia

814 2733 967 2781 ponunt.
999 2730 1107 2766 Conf.
1128 2728 1269 2765 Herod.
1295 2728 1337 2772 V,
1359 2727 1412 2767 53
1436 2730 1473 2762 et

815 2787 878 2836 qui
893 2787 1038 2836 copiose
1055 2785 1146 2822 haec
1162 2783 1332 2821 tractavit
1347 2784 1473 2819 Ukert.

818 2843 1028 2891 Geograph.
1060 2842 1096 2878 d.
1124 2841 1189 2877 Gr.
1217 2854 1249 2877 u.
1272 2841 1377 2877 Boin.
1399 2838 1425 2883 l,
1446 2840 1472 2878 2

820 2912 905 2950 pag.
928 2902 978 2939 77
1004 2902 1078 2935 not.
1104 2899 1169 2938 70.
