1759 3324
485 282 907 324 EUTERPE.
964 283 1011 321 11.
1300 286 1384 329 5323

128 396 173 448 ἐς
200 395 378 452 λόγους,
416 391 560 443 οὐδεὶς
597 389 801 446 ὑπέσχετο
843 391 1023 441 εἰδέναι,
1072 392 1109 435 εἰ
1137 392 1195 450 μή
1224 393 1271 437 ἐν
1301 395 1625 449 Αἶ-Ξοειιιῑωαῑηςιη
1660 418 1679 438 a

1431 440 1707 510 gffizgetfflffi

125 474 273 532 γύπϊῳ
302 473 349 516 ἐν
375 470 464 514 Σάι
490 469 591 513 πόλι
622 469 645 513 ὁ
672 469 993 527 γραμματιστὴς
1022 475 1112 514 τῶν
1142 473 1251 527 ἱρῶν
1271 489 1374 529 χρη-
1431 510 1492 534 tam
1509 516 1586 537 esse.

99 552 282 608 Ξμοέτων
309 553 393 606 Ιτῆς
424 546 664 604 Ἀθηναίης.
727 543 858 600 οὗτος
894 547 941 593 δ’
980 549 1077 606 ἐμοί
1120 566 1169 606 γε
1216 553 1383 604 παίζειν

125 630 284 682 ἐδόκεε,
324 628 518 684 φάμενος
556 627 715 671 εἰδέναι
756 626 977 683 ἀτρεκέως.
1037 628 1151 684 ἔλεγε
1190 630 1236 673 δὲ
1276 624 1382 674 ὦδε·

123 705 289 761 ,,Εἷναι
319 706 401 750 δύο
432 705 566 762 οὔρεα
606 706 648 758 ἐς
685 704 762 760 ὀξὺ
801 707 879 758 τοὶς
918 708 1120 765 κορυφάς
1150 706 1382 764 ἀπιγμένα,

122 786 315 843 »μεταξύ
347 784 525 844 Συήνης
553 801 596 830 τε
617 785 785 838 «πόλιος
821 788 996 844 κείμενοι
1033 790 1110 844 τῆς
1151 790 1382 845 Θηβαΐδος,

67 1031 143 1057 rem
153 1018 316 1070 proxime
328 1018 538 1065 habitarint,
551 1018 718 1057 occiden-

68 1079 143 1113 tem
160 1088 297 1123 versus,
315 1088 334 1111 a
349 1075 529 1123 Cambyse
540 1088 627 1123 rege
635 1078 720 1125 post

68 1132 260 1178 subactos,
319 1144 390 1180 quo
429 1135 592 1181 tempore
630 1131 717 1181 ipsis

68 1188 226 1238 praefuit
246 1186 477 1236 Thamyras,
496 1187 589 1224 lnari
612 1187 719 1225 filius.

68 1243 124 1281 Eo
144 1245 237 1281 enim
256 1256 370 1292 usque
388 1244 616 1280 Herodotum
636 1257 719 1293 per-

67 1300 209 1337 venisse
239 1300 386 1346 statuit,
423 1299 545 1349 ibique
577 1300 718 1349 quaesi-

67 1356 162 1393 visse
173 1357 219 1393 de
228 1355 302 1392 Nili
315 1356 485 1392 fontibus.
514 1356 594 1393 Nec
603 1357 719 1392 omni-

67 1424 116 1448 no
143 1411 401 1458 dubitandum,
438 1412 525 1460 quin
560 1412 718 1460 aliquam

67 1471 166 1505 certe
176 1466 313 1515 Libyae
329 1471 470 1516 partem
482 1480 652 1517 oramque
663 1469 717 1504 in-

66 1523 189 1574 primis
218 1524 430 1560 maritimam
458 1523 594 1561 Noster
615 1524 717 1562 adie-

65 1580 122 1616 rit.
151 1579 233 1616 Vid.
253 1580 380 1628 Heyse
407 1579 560 1623 Quaest.
577 1581 718 1618 Herod.

65 1635 85 1673 I
103 1648 187 1685 pag.
202 1635 279 1676 115
298 1649 374 1684 seq.
393 1636 574 1673 Heerenio
589 1636 645 1674 hic
663 1637 718 1673 in-

67 1691 254 1740 telligendi
276 1691 444 1728 videntur
468 1692 626 1740 Libyes,
656 1693 718 1741 qui

66 1747 269 1786 commercii
287 1759 394 1784 causa
413 1760 457 1784 ex
472 1748 557 1797 ipsis
580 1748 645 1785 illis
664 1748 718 1785 lo-

68 1803 119 1841 cis
130 1803 276 1841 Thebas
296 1804 460 1841 venerint
478 1817 592 1853 eaque
610 1804 646 1841 in
660 1818 719 1841 ur-

67 1859 115 1896 be
139 1859 185 1895 ab
206 1859 396 1896 Herodoto
416 1861 549 1896 fuerint
573 1860 719 1897 consul-

66 1916 115 1961 ti3
144 1915 214 1951 vid.
234 1915 343 1953 ldeen
360 1920 429 1953 etc.
452 1916 505 1964 l-I,
524 1920 551 1958 2
575 1930 611 1967 p.
633 1918 716 1959 439

65 1971 145 2010 coll.
163 1971 209 2018 II,
229 1974 251 2012 1
270 1984 356 2021 pag.
381 1972 472 2013 195,

122 2026 158 2066 εἰ
188 2024 241 2078 μή
274 2026 317 2067 ἐν
345 2023 535 2082 Αἰγύπτῳ
566 2026 608 2067 ἐν
636 2023 721 2067 Σάϊ

65 2079 153 2123 πόλι
171 2081 194 2123 ὁ
212 2081 503 2135 γραμματιστής
521 2086 598 2123 τῶν
618 2084 717 2133 ἱρῶν

65 2137 274 2192 χρημάτων
284 2142 356 2191 τῆς
366 2135 594 2191 Ἀθηναίης]
611 2141 716 2184 Quae

65 2197 178 2234 verba
196 2197 311 2234 citans
325 2196 453 2234 Pollux
471 2197 508 2234 in
525 2198 715 2234 Onomast.

66 2251 130 2300 IV,
151 2255 200 2294 19
226 2250 515 2304 γραμματιστὴς
539 2253 597 2290 hic
618 2253 717 2291 idem

69 2321 152 2346 esse
162 2309 212 2346 ait
229 2313 337 2358 atque
348 2304 605 2361 γραμματεύς.
624 2308 716 2346 Lar-

69 2363 206 2411 cherus,
225 2366 285 2414 qui
299 2366 396 2415 prius
415 2366 641 2405 intellexerat
659 2379 718 2403 sa-

69 2421 247 2458 cerdotem
288 2434 389 2459 sacro
427 2423 566 2460 aerario
606 2426 718 2472 atque

71 2475 302 2525 suppellectili
320 2479 540 2528 praefectum
556 2479 613 2525 „le
627 2492 715 2528 gar-

71 2530 113 2567 de
128 2531 185 2567 des
203 2534 326 2570 tre'sors
347 2536 501 2582 sacre‘s,“
531 2539 630 2586 post,
645 2535 718 2572 Mi-

71 2585 229 2625 chaelem
261 2594 399 2627 secutus
428 2591 465 2627 in
496 2591 716 2629 Commentt.

74 2643 198 2680 societ.
225 2644 328 2681 Gott.
349 2646 419 2696 lp.
442 2649 519 2688 271
548 2650 715 2697 interpre-

72 2700 140 2735 tem
172 2699 328 2738 reddidit
361 2702 659 2754 hieroglyphorum
688 2718 717 2742 s.

72 2766 248 2792 sacrarum
267 2759 526 2807 scripturarum.
583 2760 625 2797 In
645 2773 717 2809 quo

71 2808 123 2846 illi
140 2811 268 2848 merito
286 2813 491 2863 obloquitur
512 2815 718 2865 Schweigh.

72 2864 171 2902 Satis
201 2867 292 2904 enim
319 2871 430 2908 verba
459 2871 606 2910 addita:
636 2874 719 2911 τῶν

76 2918 176 2973 ἱρῶν
189 2917 407 2975 χρημάτων,
424 2927 584 2966 indicare
592 2928 720 2967 viden-

786 1021 866 1066 tur,
895 1016 1003 1068 quale
1018 1016 1124 1055 huius
1142 1018 1342 1057 sacerdotis
1358 1020 1445 1059 fue-

786 1075 833 1112 rit
864 1087 1017 1122 munus,
1060 1075 1123 1124 qui
1158 1076 1298 1112 aerario
1338 1089 1440 1114 sacro

786 1131 1110 1180 communibusque
1122 1132 1355 1169 sacerdotalis
1367 1132 1442 1169 col-

785 1186 870 1236 legii
891 1187 1066 1225 reditibus
1099 1200 1179 1224 cum
1208 1188 1440 1238 praepositus

788 1248 898 1290 esset,
929 1244 975 1280 ab
993 1243 1179 1281 Heerenio
1200 1243 1332 1291 (Ideen
1351 1244 1396 1292 II,
1411 1248 1439 1287 2

784 1313 820 1350 p.
846 1300 944 1346 132)
974 1303 1122 1335 vocatur
1158 1299 1244 1346 „der
1259 1299 1442 1338 Rentmei-

785 1360 854 1392 ster
899 1355 957 1391 cles
997 1354 1352 1404 Prz'estercollegz‘ums
1392 1370 1439 1394 zu

787 1411 922 1449 Sais.“
970 1411 1029 1449 De
1058 1411 1223 1449 Minerva
1242 1413 1378 1449 Saitica
1403 1417 1440 1451 et

786 1469 833 1505 de
852 1467 941 1504 urbe
965 1467 1036 1504 δαί
1052 1469 1144 1505 conf.
1160 1472 1235 1505 not.
1254 1469 1301 1505 ad
1315 1469 1356 1516 11,
1371 1469 1438 1510 59.

785 1526 851 1565 62.
889 1518 1022 1570 »Σάϊν
1045 1523 1310 1563 αἰθαλοέσσαν
1339 1525 1440 1562 novit

785 1579 970 1617 Nicander
994 1581 1032 1617 in
1051 1580 1236 1618 Theriacc.
1260 1595 1311 1618 vs.
1342 1583 1438 1628 566,

785 1636 848 1672 ubi
867 1636 937 1673 vid.
951 1636 1070 1674 Schol.
1082 1650 1118 1686 p.
1131 1639 1185 1677 90
1196 1638 1253 1674 ed.
1266 1637 1438 1675 Schneid.

787 1696 825 1729 et
847 1692 1008 1730 eiusdem
1025 1691 1256 1731 Animadvss.
1267 1706 1303 1744 p.
1319 1693 1440 1735 148.“

788 1747 820 1785 C
825 1761 855 1785 r.

842 1801 989 1855 μεταξύ
996 1800 1160 1855 Συήνης
1167 1818 1206 1842 τε
1217 1800 1439 1851 πόλιοςκεί-

785 1874 885 1911 μενοι
901 1863 970 1910 τῆς
985 1859 1198 1911 Θηβαΐδος]
1212 1861 1332 1909 Syene
1348 1861 1436 1898 urbs

783 1929 899 1967 prope
928 1917 1195 1967 Elephantinen
1219 1917 1289 1954 sita
1308 1917 1345 1954 in
1362 1917 1438 1954 Nili

784 1973 863 2022 ripa
882 1974 1066 2020 orientali,
1096 1974 1157 2010 ubi
1177 1974 1259 2022 ipsa
1276 1971 1436 2023 Aegypti

785 2029 874 2065 ditio
897 2030 1023 2079 incipit
1040 2029 1276 2079 Aegyptique
1293 2033 1378 2065 sunt
1393 2028 1438 2065 fi-

784 2097 862 2122 neS.
893 2085 968 2123 Ubi
991 2099 1072 2123 cum
1089 2086 1196 2123 Nilus
1221 2086 1314 2122 bene
1338 2084 1440 2121 navi-

784 2141 914 2190 gabilis
947 2142 1013 2179 fiat
1043 2140 1266 2191 Aegyptiam
1304 2144 1440 2178 terram

784 2199 890 2246 quasi
907 2198 1094 2248 aperiens,
1122 2199 1241 2248 ipsum
1262 2198 1358 2234 urbis
1372 2210 1441 2233 no-

783 2266 868 2291 men
908 2254 991 2292 hinc
1032 2255 1229 2292 deductum
1272 2254 1439 2299 credunt,

784 2311 886 2359 quod
900 2311 1102 2361 Coptarum
1119 2314 1157 2348 et
1174 2310 1438 2360 Aegyptiorum

784 2379 951 2405 sermone
972 2372 1027 2405 est
1043 2367 1166 2404 Souan
1196 2367 1246 2414 (i.
1264 2378 1295 2403 e.
1322 2367 1439 2415 aperi-

783 2435 860 2471 ens,
891 2423 982 2473 quod
1002 2422 1188 2473 aperz'unde’
1215 2422 1315 2459 habet
1341 2425 1439 2472 pote-

783 2481 948 2528 statem),
996 2480 1158 2517 Arabum
1209 2478 1333 2526 lingua
1371 2478 1440 2515 As-

784 2549 915 2580 swan,-
945 2537 1011 2573 sed
1030 2536 1204 2573 hodierna
1226 2535 1311 2571 urbs
1328 2534 1438 2584 paulo

783 2593 901 2641 magis
922 2592 1206 2643 septentrionem
1229 2602 1354 2628 versus
1378 2603 1442 2627 ex-

785 2652 924 2686 structa
956 2653 1013 2686 est
1042 2649 1093 2685 ab
1120 2647 1315 2696 antiquiori
1349 2647 1441 2683 urbe

784 2705 924 2742 dudum
944 2706 1141 2743 destructa.
1173 2703 1232 2741 De
1251 2703 1441 2751 utriusque

783 2761 907 2809 urbis,
937 2765 976 2799 et
1007 2759 1221 2810 antiquioris
1248 2763 1284 2796 et
1314 2771 1440 2796 recen-

784 2816 909 2866 tioris,
939 2818 1033 2864 situ,
1064 2820 1104 2855 et
1130 2818 1383 2866 quantoquere
1410 2814 1443 2850 is

785 2873 985 2911 adverterit
1013 2873 1235 2911 Graecorum
1275 2874 1441 2909 astrono-

784 2940 864 2966 mos
886 2933 925 2967 et
944 2928 1198 2979 geographos,
1225 2925 1439 2964 Eratosthe-
