1759 3324
355 293 438 333 432

748 288 1220 329 HERODOTI

328 408 478 457 3κητο.
537 400 623 444 ἔστι
655 399 702 442 δὲ
731 399 908 454 χωρέων
947 399 1057 455 αὕτη
1096 396 1299 442 ἁπασέων
1338 400 1492 456 μακρῷ
1530 395 1621 452 0295-

358 491 461 536 στη,
491 483 580 522 τῶν
611 477 730 535 ἡμεῖς
758 480 907 534 ἰ’δμεν,
937 479 1170 535 Δήμητρος
1198 492 1369 532 καρπον
1399 474 1615 532 ἐκφέρειν.
1633 481 1677 516 15

329 558 411 602 4τά
440 559 523 615 γὰρ
554 557 607 614 δή
636 556 745 600 ἄλλα
775 557 954 611 δένδρεα
993 557 1096 602 οὐδὲ
1135 560 1337 612 πειρᾶται
1375 553 1513 611 ἀρχὴν
1548 553 1623 610 φέ-

358 654 471 694 ρειν,
502 636 602 680 οὔτε
634 634 816 691 συκέην,
848 635 947 679 οὔτε
971 635 1188 691 ἄμπελον,
1218 633 1318 679 οὔτε
1341 635 1513 690 ἐλαίην·
1542 632 1622 677 τόν

359 715 405 760 δὲ
433 719 508 771 τῆς
535 713 771 770 Δήμητρος
800 712 972 767 καρπόν
1001 709 1085 758 ὦδε
1116 712 1261 770 ἀγαθὴ
1292 713 1490 769 ἐκφέρειν
1516 711 1620 764 ἐστὶ,

359 794 467 837 ὥστε
497 794 565 836 ἐπὶ
593 790 795 849 διηκόσια
824 792 901 846 μὲν
928 791 978 835 τὸ
1009 791 1219 848 παράπαν
1241 791 1460 836 ἀποδιδοῖ·
1492 789 1623 834 ἐπεὰν

361 873 408 916 δὲ
438 870 594 926 ἄριστα
625 870 735 927 αὐτή
767 871 930 926 ἑωυτῆς
958 870 1120 927 ἐνείκῃ,
1150 870 1220 914 ἐπὶ
1248 869 1477 927 τριηκόσια
1501 868 1623 925 ἐκφέ-

333 959 445 1008 5ρει.
474 951 527 994 τὰ
557 950 603 994 δὲ
643 948 789 1006 φύλλα
829 947 987 993 αὐτόθι
1025 953 1114 992 τῶν
1149 965 1194 993 τε
1232 952 1388 1005 πυρῶν
1423 949 1497 992 καὶ
1535 952 1625 992 τῶν

361 1029 552 1086 κριθέων
579 1028 629 1073 τὸ
666 1027 828 1080 πλάτος
865 1029 1027 1084 γίνεται
1065 1030 1277 1083 τεσσέρων
1315 1025 1522 1079 εὐπετέως
1551 1029 1682 1071 &cc-20

332 1118 355 1152 6
365 1107 549 1154 κτύλων.

615 1107 662 1152 ἐκ
693 1108 739 1151 δὲ
758 1106 952 1164 ,κέγχρου
982 1107 1055 1151 καὶ
1091 1107 1287 1163 σησάμου
1317 1106 1424 1151 ὅσον
1453 1123 1496 1151 τι
1526 1105 1626 1150 δέν-

362 1190 472 1244 δρον
508 1187 701 1245 μέγαθος
739 1188 925 1244 γίνεται,
971 1184 1316 1243 ἐξεπιστάμενος,
1366 1185 1541 1243 μνήμην
1570 1183 1627 1230 οὐ

308 1419 440 1457 dicitur
478 1417 625 1465 BIosul,
664 1417 803 1468 quippe
835 1418 897 1455 ubi
927 1422 964 1456 et

308 1475 464 1513 nominis
476 1476 589 1525 ipsius
608 1475 763 1522 vestigia
780 1475 963 1512 aedificio-

308 1545 460 1581 rumque
481 1532 613 1569 rudera
632 1530 750 1567 adhuc
768 1532 960 1580 supersint.

308 1589 385 1626 Sed
395 1588 559 1637 Breiger.
581 1587 822 1635 (Commentt.
835 1588 881 1625 de
891 1588 963 1624 dif-

308 1644 404 1682 ficill.
420 1643 532 1681 Asiae
549 1644 691 1681 Herod.
711 1655 798 1693 pag.
817 1644 872 1684 52
889 1644 965 1692 sq.)

309 1699 504 1738 orientales
520 1699 753 1750 geographos
774 1700 877 1748 sequi
888 1713 966 1736 ma-

309 1757 405 1804 vult,
436 1756 499 1805 qui
527 1756 682 1804 Ninum,
719 1768 828 1805 quam
854 1755 964 1793 Esrz'-

310 1812 453 1851 ΝίηυεΙι
481 1812 690 1863 appellent,
728 1812 776 1848 ad
806 1813 965 1850 orienta-

308 1869 380 1908 lem
391 1869 516 1918 Tigris
534 1869 651 1919 ripam
665 1869 769 1905 sitam
790 1870 963 1915 referant,

310 1927 363 1963 ita
398 1930 458 1972 ut,
509 1925 782 1963 observantibus
818 1938 965 1974 quoque

310 1981 568 2020 recentioribus
619 1981 965 2031 peregrinatoribus,

311 2051 356 2076 ex
378 2039 531 2075 adverso
560 2038 658 2074 urbis
687 2036 810 2073 Mosul
838 2050 966 2074 recen-

310 2094 411 2130 tioris
426 2123 437 2141 ,
476 2094 571 2130 inter
612 2093 707 2129 hanc
743 2096 780 2129 et
807 2096 965 2130 veterem

310 2149 434 2187 Mosul
459 2148 579 2186 Ninus
599 2149 668 2186 sita
685 2148 804 2186 fuerit.

369 2259 450 2300 ἔστι
475 2256 518 2298 δὲ
546 2256 704 2310 χωρέων
736 2254 836 2310 αὕτη
864 2257 964 2299 άπα-

313 2315 414 2356 σέων
444 2318 585 2369 μακρῷ
613 2311 754 2368 άρίστη
784 2330 818 2354 κ.
842 2330 875 2355 τ.
904 2319 962 2362 λ.]

314 2374 422 2417 Quae
449 2373 660 2410 Herodotus
687 2373 746 2409 hic
772 2372 893 2409 scribit
920 2373 967 2410 de

314 2429 473 2478 regionis
495 2428 700 2475 fertilitate,
722 2429 768 2465 de
786 2430 966 2465 frumento

314 2484 564 2536 copiosissimo
581 2513 592 2531 ,
624 2485 671 2521 de
691 2484 859 2521 arborum
888 2484 968 2521 ino-

314 2543 398 2593 pia,
429 2541 586 2591 exceptis
607 2540 757 2590 palmiS,
779 2552 821 2577 ea
839 2539 968 2578 hodie-

315 2611 387 2648 que
414 2597 466 2634 sic
493 2596 644 2634 inveniri
669 2600 848 2634 testantur
882 2597 968 2633 scri-

315 2658 440 2706 ptores
468 2652 688 2691 recentiores
724 2664 766 2688 ac
802 2652 969 2702 peregri-

315 2714 475 2748 natores.
531 2707 630 2747 Nam
676 2712 794 2745 terrae
845 2707 968 2746 indole

317 2766 480 2815 coelique
498 2769 534 2803 et
554 2765 646 2802 aeris
674 2763 849 2814 temperie
880 2763 969 2800 illud

316 2823 542 2874 potissimum
569 2820 740 2866 efficitur,
769 2820 968 2858 accedente

316 2879 502 2916 hominum
517 2878 629 2927 operit
647 2881 758 2925 atque
779 2875 966 2913 industria.

318 2935 401 2973 Vid.
420 2933 706 2973 Heeren.1deen
729 2933 746 2970 I
755 2961 766 2981 ,
790 2936 818 2975 2
835 2931 965 2984 p.144

1031 1430 1113 1467 sqq.
1139 1417 1269 1456 Ritter.
1282 1416 1474 1454 Erdkund.
1486 1414 1522 1452 II
1536 1429 1573 1466 p.
1589 1415 1682 1457 131.

1030 1475 1090 1512 De
1121 1476 1302 1512 frumento
1343 1472 1506 1522 inprimis
1536 1483 1685 1521 compa-

1029 1535 1156 1568 rentur
1174 1531 1306 1567 Strabo
1325 1529 1414 1566 XVI
1432 1542 1469 1578 p.
1493 1530 1616 1574 1077,
1635 1526 1684 1564 D.

1028 1586 1166 1624 Plinius
1184 1587 1234 1623 H.
1254 1585 1303 1623 N.
1333 1584 1474 1632 XVIII,
1506 1586 1571 1624 17.
1610 1583 1685 1620 Re-

1034 1644 1233 1680 centiorum
1261 1642 1578 1692 peregrinatorum
1601 1639 1686 1675 bina

1032 1699 1241 1736 testimonia
1258 1698 1313 1735 his
1336 1697 1457 1735 adiicit
1466 1694 1685 1742 Larcherus,

1032 1755 1224 1794 Niebuhrii
1253 1759 1289 1792 et
1317 1753 1428 1803 Angli
1449 1751 1535 1800 viri,
1565 1751 1686 1789 Shaw.

1090 1834 1186 1878 οὐδὲ
1226 1840 1411 1888 πειρᾶται
1451 1831 1579 1887 άρχήν
1619 1831 1688 1883 φέ-

1034 1894 1140 1948 ρειν]
1172 1909 1221 1932 sc.
1255 1893 1355 1945 αὕτη
1387 1891 1416 1945 ἦ
1447 1888 1567 1944 χώρη.
1626 1891 1689 1928 Tu

1032 1956 1153 1989 verte:
1182 1964 1224 1987 ue
1246 1955 1392 1988 conatur
1421 1948 1557 2000 quidem
1578 1949 1688 1985 omni-

1032 2021 1076 2044 no
1105 2007 1266 2057 proferre
1313 2021 1341 2044 s.
1368 2005 1567 2057 producere.
1627 2004 1689 2040 Sic

1034 2059 1162 2115 άρχήν
1192 2063 1254 2110 II,
1287 2062 1354 2104 95.
1417 2062 1476 2099 De
1503 2059 1570 2100 ἐπὶ
1595 2058 1690 2107 (ἐπὶ

1035 2116 1240 2170 διηκόσια)
1261 2120 1355 2156 conf.
1375 2117 1509 2155 Matth.
1532 2117 1600 2154 Gr.
1620 2117 1689 2154 Gr.

1031 2189 1119 2227 pag·
1151 2178 1258 2216 1169
1290 2176 1518 2223 eundemque
1553 2171 1689 2210 consul.

1032 2245 1119 2283 pag.
1139 2232 1220 2272 857
1251 2232 1300 2269 ad
1326 2232 1438 2270 verba
1458 2226 1598 2281 ἄριστα
1619 2223 1690 2268 αὕ-

1032 2285 1080 2340 τη
1113 2286 1273 2338 ἑωυτῆς.

1091 2371 1134 2411 ἐκ
1154 2368 1197 2410 δὲ
1217 2369 1384 2425 κέγχρον
1405 2369 1475 2411 και
1503 2365 1689 2421 σησάμου

1034 2424 1128 2468 ’ὅσον
1150 2443 1187 2467 τι
1208 2427 1374 2480 δένδρον
1393 2443 1430 2468 κ.
1447 2443 1480 2468 τ.
1500 2430 1532 2467 λ.
1542 2425 1557 2477 ]
1591 2427 1691 2465 Cen-

1035 2485 1158 2522 chrum
1195 2489 1347 2522 monent
1393 2498 1475 2522 esse
1515 2483 1691 2521 Panicum
1752 2524 1753 2528 Ἰ

1035 2540 1246 2578 lezaceum
1270 2540 1315 2577 L.
1336 2540 1416 2578 coll.
1445 2539 1690 2590 Theophrast.

1035 2597 1143 2644 wll,
1168 2599 1205 2638 3.
1260 2596 1444 2634 Sesamum
1477 2596 1691 2646 plerumque

1035 2653 1170 2691 habent
1194 2652 1374 2690 Orientale
1392 2652 1450 2699 L.‚
1470 2663 1692 2701 quamquam

1035 2708 1274 2759 probabiliter
1304 2708 1468 2746 Indicum
1498 2721 1579 2746 esse
1612 2719 1692 2744 mo-
1747 2701 1748 2705 ¹

1036 2770 1098 2802 net
1127 2764 1287 2802 Heeren.
1325 2764 1348 2801 l.
1374 2765 1397 2802 l.
1436 2763 1552 2802 collat.
1595 2762 1690 2799 Pliu.

1035 2819 1084 2857 H.
1113 2819 1162 2856 N.
1208 2820 1352 2868 xvnr,
1391 2823 1456 2862 10.
1505 2817 1691 2868 „consur
1744 2843 1745 2850 ,

1035 2876 1246 2913 Schneider.
1285 2878 1335 2913 ad
1373 2876 1619 2928 Theophrast.
1658 2872 1691 2911 V
1742 2863 1759 2918 i

1034 2945 1121 2984 pag.
1149 2934 1271 2975 499.“
1311 2932 1375 2971 Cr.
1684 2962 1686 2966 ⁷
1741 2935 1743 2952 ‘¹
