1768 3315
37 568 86 588 mo
113 560 300 607 nuptianum-

39 593 319 660 gssssSpsft'qu‘ss'ss.
374 620 465 660 τῶν
491 616 673 659 αἰδοίων
709 617 784 670 τῆς
812 613 1037 668 θυγατρός
1064 613 1226 671 ταύτης
1254 617 1395 669 φῦναι
1425 611 1641 668 ἄμπελον·

39 668 218 728 ῗῗι,“ἰ“ὶ“ἑὶ“ρἓ
230 667 319 694 '‘W‘'

39 727 213 756 necandum.

372 267 456 307 270

770 265 1242 305 HERODOTI

218 391 315 437 103
373 382 428 422 θε
458 375 580 434 ἄγων
609 374 745 420 αὐτὸν
784 375 921 433 μέσου
950 374 1113 432 ἀνδρὸς
1143 373 1319 431 Μήδου.
1379 375 1643 419 Συνοικεού-

38 459 82 487 01)
100 457 183 486 aliud
210 456 322 485 somni·

39 502 88 521 um
109 494 266 526 Astyages,
285 490 322 517 fi-

39 527 81 554 lia
106 525 234 561 gravida
257 524 319 559 pri-

382 469 460 514 σης
496 457 543 501 δὲ
581 459 643 513 τῷ
680 456 897 513 Καμβύσῃ
935 460 1012 512 τῆς
1039 453 1304 511 Μανδάνης,
1353 453 1377 497 ὁ
1416 453 1646 510 Ἀστυάγης

347 540 441 593 2τῷ
470 535 628 593 πρώτῳ
667 535 751 578 ἔτεϊ
788 533 873 579 εἶδε
911 534 1047 591 ἄλλην
1089 534 1204 585 ὄψιν.
1265 533 1409 578 ἐδόκεε
1449 533 1496 576 δέ
1526 534 1570 576 οἷ
1597 532 1645 576 ἐκ

215 701 253 728 60
271 693 324 722 ‘¹³²
349 695 460 751 3τη“ν
489 694 535 737 δὲ
565 692 758 749 ἄμπελον
787 692 974 748 ἐπισχεῖν
1001 692 1083 748 τήν
1110 692 1251 749 Ἀσίην
1281 696 1437 736 πᾶσαν.
1468 691 1577 736 ἰδών
1599 691 1646 736 δὲ

306 828 311 834 .
375 776 534 826 τοῦτο,
570 772 645 815 καὶ
673 769 971 828 ὑπερθέμενος
999 777 1113 815 τοῖσι
1143 771 1494 827 ὀνειροπόλοισι,
1523 787 1642 828 μετε-
1656 777 1702 812 80

375 850 576 907 πέμψατο
625 850 673 894 ἐκ
721 854 811 894 τῶν
848 851 1053 905 Περσέων
1097 849 1179 906 τὴν
1214 850 1439 907 θυγατέρα
1473 849 1647 895 ἐπίτεκα

346 930 551 974 4ἐοῦσαν.
612 928 881 986 ἀπικομένην
920 930 967 974 δὲ
1007 929 1250 986 ἐφύλασσε,
1292 929 1562 986 βουλόμενος
1597 930 1646 974 τὰ

374 1009 651 1066 γεννώμενον
688 1009 731 1063 ἐξ
775 1008 909 1066 αὐτῆς
950 1011 1229 1066 διαφθεῖραι·

1289 1007 1337 1052 ἐκ
1374 1007 1460 1064 γάρ
1502 1010 1546 1053 οἱ
1572 1012 1649 1066 τῆς

375 1086 506 1141 ὄψιος
542 1090 587 1133 οἱ
622 1092 713 1133 τῶν
751 1088 907 1145 μα’γων
944 1086 1226 1144 ὀνειροπόλοι
1270 1087 1528 1145 ἐσήμαινον,
1577 1088 1647 1133 ὅτι

376 1169 526 1225 μέλλοι
570 1167 595 1212 ὁ
632 1172 708 1225 τῆς
745 1166 968 1225 θυγατρὸς
1007 1165 1148 1212 αὐτοῦ
1190 1165 1323 1224 γόνος
1369 1166 1644 1224 βασιλεύσειν
1659 1175 1718 1224 85,

349 1247 480 1292 σοέντὶ
499 1247 682 1292 ἐκείνου.
719 1253 870 1293 Ταῦτα
902 1247 954 1305 δή
987 1242 1051 1291 ὦν
1078 1246 1414 1304 φυλασσόμενος
1443 1246 1467 1291 ὁ
1493 1245 1647 1292 Ἀστυ-

378 1326 509 1384 άγης,
540 1325 600 1379 οἷς
629 1327 797 1384 ἐγένετο
828 1326 853 1372 ὁ
885 1330 1058 1381 Κῦρος,
1093 1327 1277 1378 καλέσας
1293 1325 1540 1384 ’Ἀρπαγον,
1573 1326 1646 1370 ἄν·

379 1408 463 1461 δρα
493 1406 688 1464 οἰκήϊον,
726 1408 801 1452 καὶ
832 1404 1093 1451 πιστότατόν
1121 1422 1166 1449 τε
1197 1405 1396 1462 Μήδων,
1436 1406 1510 1450 καὶ
1538 1404 1646 1450 ποίν-

347 1495 469 1531 6των
501 1487 737 1543 ἐπίτροπον
766 1490 853 1531 τῶν
881 1485 1074 1539 ἑωυτοῦ,
1105 1483 1219 1542 ἐλεγέ
1250 1486 1295 1529 οἱ
1322 1484 1490 1530 τοιάδε·
1531 1484 1646 1542 ,5249-

375 1581 550 1622 ,,παγε,
590 1569 770 1624 πρῆγμα
798 1565 847 1610 τό
879 1564 936 1610 ἄν
963 1582 1032 1611 τοι
1059 1564 1284 1621 προσθέω,
1328 1566 1539 1622 μηδαμῶς
1567 1579 1647 1609 πα-

521 1770 634 1822 Cap.
665 1768 798 1807 cvm.

375 1849 509 1894 ἐδόκεε
538 1851 582 1894 δέ
611 1853 654 1894 οἵ
671 1875 728 1881 -
749 1855 880 1904 φῦναι
905 1849 979 1906 ἅμ-

319 1909 464 1962 πελον]
499 1911 673 1961 Sequitur
700 1910 770 1947 hoc
799 1910 880 1948 loco
910 1912 979 1948 im-

318 1967 514 2018 personale
541 1968 654 2006 δοκεῖ
677 1967 869 2003 accusativi
898 1980 978 2004 cum

319 2023 498 2060 infinitivo
518 2027 719 2071 structur-a,
747 2023 795 2059 de
815 2035 889 2071 quo
906 2023 977 2060 vid.

318 2078 451 2116 Matth.
477 2077 514 2130 ἓ.
539 2079 622 2120 537
648 2090 735 2129 pag.
760 2080 881 2119 1057.

376 2134 582 2173 ἐπίτεκα
613 2132 783 2184 ἐοῦσαν]
815 2133 978 2174 {alzona

318 2191 508 2229 Mediceus
542 2195 579 2228 et
613 2191 672 2228 alii
707 2190 854 2239 quidam
883 2191 977 2239 libri,

318 2248 382 2297 qui
407 2248 502 2284 infra
521 2247 557 2294 I,
581 2249 659 2288 111
683 2259 810 2283 omnes
832 2248 978 2298 conspi-

316 2307 401 2340 rant
435 2304 474 2340 in
503 2302 658 2341 lectione
691 2301 841 2351 ἐπίτεξ,
881 2317 976 2354 quae

317 2361 425 2397 etiam
445 2360 562 2409 proba
595 2359 725 2397 dicitur
754 2360 976 2397 Grammati-

316 2416 367 2453 cis
392 2416 648 2453 damnantibus
659 2415 810 2453 alteram
820 2417 975 2454 formam

317 2471 511 2519 ἐπίτοκος.
569 2472 653 2509 Vid.
683 2471 864 2510 'rhomam
890 2473 975 2510 Ma-

317 2529 420 2577 gistr.
443 2541 480 2578 p.
493 2527 575 2570 357
587 2529 673 2578 ibiq.
707 2528 973 2568 Hemsterhusii

318 2589 395 2621 not.
412 2584 604 2633 Phrynieh.
627 2598 663 2635 p.
685 2587 766 2626 333
791 2586 878 2635 ibiq.
896 2585 974 2624 Lo-

318 2640 424 2679 beck.
443 2640 485 2677 In
501 2641 766 2691 significatione
784 2642 884 2679 nulla
900 2643 977 2680 dis-

321 2697 519 2747 crepantia.
576 2697 759 2735 Indieatur
785 2699 881 2735 enim
897 2712 977 2737 mu-

321 2753 409 2800 lier,
442 2766 532 2803 quae
545 2755 671 2803 partui
688 2757 738 2790 est
751 2757 928 2804 proxima.

379 2811 503 2848 ταῦτα
540 2807 591 2860 δή
626 2803 684 2848 οἷν
722 2807 974 2858 φυλασσό-

325 2879 482 2917 μενος
507 2864 531 2906 ό
550 2860 817 2916 Ἀστυάγης]ἰ.
840 2881 870 2905 e.
890 2867 975 2906 haec

326 2922 394 2961 sibi
411 2934 547 2962 cavens,
590 2922 699 2969 Quod
722 2922 795 2961 noli
816 2937 975 2963 commu-

1045 1744 1125 1778 tare
1154 1752 1234 1777 cum
1262 1739 1300 1788 I,
1329 1738 1384 1782 49
1414 1734 1596 1790 φυλάξας
1627 1736 1704 1791 τὴν

1045 1796 1192 1849 κυρίην
1211 1797 1291 1835 τῶν
1312 1793 1517 1848 ἦμερέωνς
1546 1809 1631 1834 nam
1654 1797 1704 1833 ibi

1046 1849 1267 1903 φυλάσσειν
1299 1853 1363 1900 (in
1382 1853 1527 1900 activo)
1560 1857 1617 1890 est
1643 1853 1703 1889 ob-

1046 1922 1194 1946 servare.
1218 1930 1267 1936 —-
1300 1909 1342 1946 In
1363 1922 1466 1958 seqq.
1493 1905 1621 1961 ἄνδρα
1646 1908 1704 1948 οἶ-

1044 1960 1167 2016 κήϊον
1182 1978 1258 2002 non
1280 1964 1521 2014 familiarem,
1552 1965 1620 2003 sed
1644 1979 1703 2002 co-

1044 2025 1195 2071 gnatum
1223 2022 1383 2059 indicare
1412 2025 1565 2072 propter
1591 2022 1704 2060 verba

1046 2091 1126 2128 cap.
1148 2091 1225 2127 seq.
1257 2092 1326 2129 μοι
1355 2073 1550 2131 συγγενής
1574 2076 1655 2118 ἐστι
1678 2076 1705 2118 ὅ

1046 2137 1142 2181 παῖς
1162 2139 1287 2172 monet
1309 2133 1481 2172 Larcher.

1100 2193 1264 2243 πρῆγμα
1280 2187 1322 2230 τὸ
1346 2187 1398 2230 ἅν
1425 2204 1487 2230 τοι
1501 2187 1704 2243 προσθέω,

1046 2247 1241 2299 μηδαμῶς
1271 2244 1531 2312 παραχρήσῃ]
1577 2247 1704 2298 μηδα-

1043 2305 1127 2354 μῶς
1149 2304 1308 2341 offemnt
1335 2303 1546 2352 Medoeeus,
1575 2303 1705 2342 Schel-

1043 2360 1213 2398 lershem.
1255 2360 1421 2410 aliusque
1452 2359 1555 2398 liber.
1604 2360 1704 2399 Hinc

1042 2430 1122 2454 cum
1157 2417 1275 2454 Gaisf.
1308 2416 1397 2453 illud
1435 2420 1598 2466 recipere
1626 2429 1702 2454 non

1042 2473 1295 2511 dubitavimus
1336 2471 1407 2509 Alii
1427 2472 1615 2524 μηδαμῆ,
1642 2473 1702 2510 alii

1041 2530 1210 2582 μηδαμοῖ
1227 2533 1418 2576 neutrum,
1448 2529 1577 2579 opiner
1593 2529 1699 2567 bene.

1045 2606 1103 2615 —-
1119 2587 1403 2637 παραχρᾶσθαι
1429 2585 1555 2634 obiter,
1583 2585 1702 2634 negle-

1045 2645 1128 2680 ctim
1151 2645 1328 2688 tractare,
1349 2641 1547 2690 negligere,
1577 2654 1704 2679 occur-
1760 2673 1761 2682 ,

1045 2699 1092 2736 rit
1110 2697 1165 2745 II,
1190 2698 1266 2739 141
1288 2698 1440 2747 aliisque
1467 2698 1577 2745 locis,
1607 2711 1700 2747 quos
1758 2708 1761 2715 ’

1042 2753 1179 2794 Lexica
1190 2754 1405 2792 Herodotea
1415 2754 1636 2792 indicabunt.
1646 2774 1701 2782 -

1043 2810 1102 2849 De
1122 2812 1240 2848 forma
1270 2810 1484 2848 coniunctivi
1512 2810 1637 2847 Ionica
1663 2811 1700 2847 in
1756 2846 1757 2855 ¹

1042 2864 1233 2919 προσθέω
1252 2867 1324 2905 vid.
1345 2866 1478 2904 Matth.
1497 2865 1534 2918 §.
1551 2869 1653 2913 212,
1672 2868 1700 2908 9

1042 2936 1129 2977 pag.
1165 2923 1271 2973 402,
1332 2927 1370 2962 et
1411 2923 1459 2963 de
1495 2923 1699 2962 accusativo

1765 2365 1768 2400 Ι
