1777 3324
514 265 1028 305 EUTERPE.11.

1307 269 1391 309 877

134 378 186 435 δὴ
215 378 288 421 καὶ
317 376 512 434 ἡλίσκετο
541 375 626 418 ὑπό
657 376 744 417 τῶν
774 376 1016 431 μαντηίων,
1067 375 1205 419 πολλὰ
1236 377 1282 419 δὲ
1311 378 1385 420 καὶ
1448 383 1526 421 189

103 455 446 511 3άποφεύγεσκε.
504 454 594 497 ἐπεί
629 470 672 496 τε
711 453 757 496 δὲ
801 453 872 496 καὶ
919 453 1197 510 ἐβασίλευσε,
1251 455 1447 499 ἐποίεε75

133 534 301 579 τοιάδε·
357 532 455 576 ὅσοι
493 532 572 588 μὲν
612 531 749 576 αὐτὸν
783 537 872 576 τῶν
909 536 1029 576 θεῶν
1074 531 1294 577 ἀπέλυσαν
1331 535 1390 591 μὴ

131 618 260 670 φῶρα
291 611 426 665 εἶναι,
457 612 626 657 τούτων
655 612 734 668 μὲν
764 616 854 655 τῶν
883 614 993 668 ἱρῶν
1024 612 1123 656 οὔτε
1153 613 1388 669 ἐπεμέλετο,

130 691 229 736 οὔτε
256 692 299 742 ἐς
328 691 560 749 ἐπισκευήν
588 692 737 736 ἐδίδου
757 690 910 735 οὐδέν·
943 691 1046 736 οὐδὲ
1066 692 1252 748 φοιτέων
1274 693 1388 745 ἔθυε,

129 769 187 823 ὥς
216 769 397 823 οὐδενὸς
426 771 548 815 ἐοῦσι
577 770 760 825 ἀξίοισι,

808 770 968 823 ψεύδεά
1008 788 1052 815 τε
1091 771 1278 828 μαντήϊα
1316 788 1388 815 κε-

99 850 392 907 4κτημένοισι.
451 850 550 895 ὅσοι
587 850 632 894 δέ
672 867 746 907 μιν
785 851 1029 907 κατέδησαν
1074 854 1205 906 φῶρα
1254 849 1387 903 εἶναι,

126 929 298 973 τούτων
328 930 398 982 δὲ,
442 928 500 981 ὥς
530 927 726 986 ἀληθέως
755 934 873 973 θεῶν
904 928 1065 973 ἐόντων
1094 930 1168 973 καὶ
1199 928 1388 982 ἀψευδέα
1401 940 1445 973 80

125 1008 311 1065 μαντήϊα
343 1009 675 1065 παρεχομένων,
713 1008 764 1052 vo}
796 1008 979 1064 μάλιστα
1009 1008 1242 1065 ἐπεμέλετο.

0 1088 102 1135 ³175
241 1089 327 1131 Καὶ
356 1092 486 1132 τοῦτο
515 1089 616 1144 μὲν,
645 1089 691 1132 ἐν
707 1086 798 1132 Σάῑ
816 1092 869 1145 τῇ
897 1087 1102 1145 Ἀθηναίῃ
1136 1089 1385 1144 προπύλαια

123 1166 357 1222 θωυμάσιά
387 1170 431 1211 οἱ
458 1168 699 1225 ἐξεποίησε,
728 1167 891 1211 πολλὸν
919 1167 1085 1218 πάντας
1106 1166 1382 1224 ὑπερβαλλό-

123 1263 251 1301 μενος
280 1250 341 1305 τῷ
366 1263 409 1290 τε
438 1247 543 1299 ὕψεϊ
569 1249 642 1291 καὶ
671 1251 731 1305 τῷ
760 1246 961 1303 μεγάθεϊ,
1009 1246 1126 1290 ὅσων
1155 1264 1198 1290 τε
1228 1247 1275 1292 τὸ
1306 1249 1381 1303 μέ-

123 1331 262 1381 γαθος
291 1327 427 1369 λίθων
456 1326 564 1379 ἐστὶ,
596 1328 668 1371 καὶ
699 1324 858 1370 ὁκοίων
886 1325 1015 1370 τέων·
1046 1331 1176 1371 τοῦτο
1205 1328 1271 1377 δὲ,
1303 1344 1379 1370 κο-
1396 1335 1439 1370 85

123 1405 312 1457 λοσσούς
347 1406 560 1462 μεγάλους
607 1406 681 1450 καὶ
738 1404 1067 1464 ἀνδρόσφιγγας
1123 1406 1383 1463 περιμήκεας

121 1613 249 1655 ἐποίεε
271 1610 419 1664 τοιάδε]
451 1614 525 1653 Pro
555 1614 717 1666 ἐποίησε

65 1685 144 1708 cum
164 1677 312 1710 recentt.
335 1672 419 1709 dedi
440 1670 588 1722 ἐποίεε,
617 1675 717 1723 quod

65 1741 150 1765 usus
177 1728 350 1777 loquendi
377 1729 578 1777 flagitabat.

123 1780 323 1823 ἀπέλυσαν
372 1781 434 1835 μή
472 1787 616 1837 φῶρα
657 1781 717 1824 εἶ-

66 1843 174 1886 ναι]
206 1841 263 1879 De
292 1842 459 1878 infinitivi
487 1855 553 1878 usu
579 1843 718 1878 monuit

66 1897 195 1934 Matth.
218 1910 303 1947 pag.
326 1900 442 1939 1057.
474 1899 582 1934 Conf.
602 1898 629 1945 I,
648 1900 712 1940 32.

66 1953 205 1991 Eodem
234 1955 366 2001 modo,
404 1955 562 2003 opinor,
603 1955 716 2004 expli-

65 2011 238 2047 candum:
270 2006 359 2049 ὅσοι
390 2008 433 2048 δέ
458 2026 525 2061 μιν
551 2009 716 2061 κατέδη-

0 2085 1 2095 ¹
66 2078 139 2104 σαν
157 2069 276 2116 φῶρα
298 2062 399 2104 εἶναι
419 2067 460 2114 (i.
473 2082 502 2105 e.
524 2070 585 2117 qui
602 2070 715 2117 'ipsum

58 2122 161 2172 furti
198 2125 448 2171 convicerant).
508 2125 616 2161 Conf.
652 2124 715 2172 lv,

66 2181 130 2220 68.

0 2241 1 2246 '
231 2264 342 2315 Cap.
376 2264 562 2302 CLXXV.

119 2349 168 2401 τῇ
190 2343 384 2414 Αθηναίῃ
413 2371 468 2377 -
487 2348 713 2400 ἐξεποίησε]

65 2402 123 2440 Ad
153 2403 381 2453 προπύλαια
418 2408 511 2443 conf.
548 2406 602 2453 ΙΙ,
636 2410 711 2448 101

67 2463 103 2496 et
122 2461 168 2497 ad
190 2460 390 2513 ἐξεποίησε
418 2462 715 2509 11‚125.126.

66 2515 236 2554 Voculam
258 2518 299 2557 οἱ
311 2546 320 2563 ,
352 2532 461 2568 quam
491 2520 620 2557 abesse
639 2532 717 2556 ma-

0 2616 1 2622 1
66 2571 140 2608 vult
157 2573 336 2612 Schaefer.
359 2576 405 2612 ad
425 2574 612 2613 Lambert.
626 2576 713 2613 Bos.

69 2628 115 2664 de
140 2628 252 2679 ellips.
274 2630 296 2667 l.
319 2631 383 2667 Gr.
403 2645 438 2681 p.
453 2632 546 2678 582,
570 2632 714 2679 retinui,

67 2684 244 2733 probante
260 2687 476 2736 Schweigh.
491 2688 551 2736 qui
573 2701 651 2725 eam
669 2701 712 2726 ex

67 2739 264 2779 abundanti
316 2743 495 2781 Herodoti
546 2757 713 2782 sermone

66 2798 185 2832 tuetur
213 2803 249 2835 et
278 2799 325 2835 ad
352 2802 403 2853 τῇ
431 2795 625 2854 Ἀθηναίῃ
655 2814 714 2839 re-

67 2851 147 2888 fert·
175 2874 229 2880 ——
264 2851 414 2902 πάντας
439 2856 605 2905 intelligit
637 2870 712 2904 eos,

68 2908 130 2955 qui
149 2913 233 2947 ante
259 2910 376 2961 ipsum
399 2911 485 2949 talia
512 2924 622 2963 opera
652 2926 714 2950 ex-

786 1619 999 1655 struxerant.
1010 1639 1065 1644 ——
1084 1615 1142 1654 Ad
1160 1614 1259 1656 τέων
1278 1617 1314 1655 ἰιι
1335 1630 1436 1668 seqq.

785 1674 879 1710 conf.
902 1673 1030 1710 Matth.
1049 1688 1083 1724 p.
1102 1674 1193 1715 284.

840 1729 907 1768 καὶ
959 1725 1287 1782 άνδροσφιγγας]
1337 1731 1435 1767 Satis

784 1790 937 1832 constat,
956 1791 1042 1824 ante
1063 1786 1326 1837 Aegyptiomm
1344 1791 1436 1824 tem-

782 1842 844 1892 pla
875 1844 983 1879 statui
1012 1843 1136 1879 solitas
1163 1856 1243 1881 esse
1273 1843 1436 1892 sphinges

777 1898 880 1948 facee
900 1912 1078 1947 vzrgmecu
1104 1900 1151 1936 de
1181 1900 1310 1949 quibus
1340 1901 1434 1949 figu-

783 1956 831 1992 ris
852 1956 923 1991 vid.
941 1955 1078 1993 Aelian.
1102 1969 1137 1991 n.
1160 1969 1191 1992 a.
1228 1956 1318 2003 ΧΙΙ,
1340 1960 1364 1997 7
1397 1961 1434 1994 et

783 2024 879 2061 quae
899 2012 967 2047 alia
992 2012 1190 2049 attulerunt
1219 2013 1434 2063 interpretes

784 2069 832 2105 ad
869 2068 1050 2105 Herodoti
1088 2068 1236 2115 locum,
1274 2070 1437 2119 inprimis

784 2138 869 2162 vero
883 2124 1014 2162 Creuz.
1033 2125 1070 2160 in
1089 2125 1249 2173 Symbol.
1272 2126 1288 2161 Ι
1307 2139 1341 2175 p.
1355 2125 1437 2167 495

784 2194 901 2230 seqq„
932 2182 993 2230 qui
1020 2193 1114 2217 nunc
1136 2182 1240 2218 addit
1264 2183 1438 2230 W'ytten-

783 2238 884 2274 bach.
906 2238 953 2273 ad
974 2238 1067 2274 Plut.
1088 2237 1212 2274 moral.
1241 2238 1307 2285 (de
1333 2239 1374 2274 Is.
1399 2243 1436 2276 et

783 2294 939 2341 Osirid.)
968 2294 1023 2341 ΙΙ,
1061 2297 1079 2334 1
1121 2307 1206 2344 pag.
1237 2298 1326 2336 179.
1385 2294 1437 2332 Ac

784 2354 968 2388 testantur
996 2350 1093 2387 Galli
1121 2351 1239 2398 docti,
1272 2365 1333 2398 se,
1365 2365 1436 2389 una

784 2411 937 2456 excepta
963 2407 1130 2457 Sphinge
1162 2409 1209 2444 ad
1229 2410 1436 2456 pyramides

783 2463 985 2510 collocata,
1024 2464 1060 2499 in
1090 2463 1301 2513 sphingibus
1341 2465 1437 2502 nulla

783 2519 852 2556 alia
871 2519 939 2555 nisi
959 2520 1116 2556 feminea
1135 2521 1255 2570 capita
1276 2534 1343 2570 per
1366 2521 1438 2559 Ae-

782 2579 935 2625 gyptum
980 2577 1124 2613 vidisse.
1192 2576 1276 2619 Quo
1318 2578 1436 2626 magis

782 2633 971 2669 advertere
1002 2645 1069 2669 nos
1107 2633 1217 2670 debet
1253 2633 1438 2671 Herodoti

779 2688 878 2725 locus
914 2685 961 2725 de
1000 2689 1167 2726 masculis
1213 2689 1434 2738 sphingibzm,

781 2757 889 2794 quern
911 2745 961 2780 ita
982 2745 1155 2795 expedire
1184 2746 1332 2783 student
1366 2748 1434 2783 do-

781 2801 828 2838 cti
866 2800 992 2848 Galli,
1038 2805 1108 2849 ut,
1148 2815 1228 2838 cum
1265 2803 1432 2852 primitus

782 2857 946 2907 sphingis
968 2858 1085 2894 forma
1106 2858 1154 2894 ad
1168 2859 1429 2895 astronomicas

781 2913 937 2950 rationes
960 2914 1153 2965 spectarit,
1175 2915 1222 2951 ad
1239 2914 1430 2951 solstitium

1442 1094 1603 1122 Minervae
1642 1098 1716 1123 tem-

1578 1132 1646 1156 nat:
1666 1130 1718 1156 do-

1542 1171 1575 1188 ex
1602 1164 1645 1223 ἰιΙῐι
1630 1172 1677 1198 '¹1¹¹
1669 1162 1718 1191 ide

1635 1206 1717 1231 g-res

1442 1129 1522 1163 plum
1542 1138 1574 1155 or

1440 1170 1478 1189 1111
1482 1172 1504 1188 is

1440 1196 1534 1222 solido

1439 1239 1504 1256 ,ιιιιι
1530 1234 1559 1256 te
1545 1205 1653 1272 empti,
1683 1240 1717 1258 ex

1439 1263 1566 1297 Elephm
1567 1267 1610 1292 ιίιῑ
1612 1273 1641 1291 ia
1669 1274 1715 1292 us-

1440 1305 1498 1332 quc
1513 1298 1647 1326 advecta.
