1814 3315
638 230 850 271 CL10.
907 230 936 269 1.

1335 234 1419 274 185

159 349 338 405 τιηνούς
374 343 452 400 μὲν
480 341 528 386 ἐν
557 341 674 398 δεξιῇ
703 341 786 396 ἔχει
825 339 961 396 ῥέων,
1002 339 1051 385 ἐκ
1081 339 1127 384 δὲ
1156 344 1237 384 τοῦ
1266 339 1418 396 ἑτέρου

165 426 361 482 Φρύγας·
389 419 770 477 παραμειβόμενος
791 420 836 464 δὲ
857 419 1063 472 τούτους,
1094 420 1166 464 καὶ
1190 421 1303 476 ῥέων
1325 421 1418 465 ἄνω

159 504 269 560 πρός
296 501 455 560 βορέην
486 498 671 556 ἄνεμον,
723 499 853 544 ἔνθεν
881 499 961 555 μὲν
1000 501 1199 554 Συρίους
1228 503 1417 544 Καππα-

128 582 292 633 Βδόκας
320 578 513 636 ἀπέργει,
545 578 588 631 ἐξ
617 578 850 636 εὐωνύμου
881 579 926 623 δὲ
956 576 1265 636 Παφλαγόνας.
1298 581 1416 624 οὕτω

155 662 180 706 ὁ
199 661 328 712 ’Ἅλυς
362 657 554 715 ποταμὸς
583 656 821 714 ἀποτάμνει
850 657 1005 714 σχεδὸν
1022 658 1164 702 πάντα
1185 663 1260 716 τῆς
1281 659 1419 717 Ἀσίης

153 741 208 785 τὰ
235 738 350 784 κάτω
379 739 427 784 ἐκ
463 737 687 795 θαλάσσης
724 742 799 795 τῆς
839 737 989 783 ἀντίον
1024 737 1214 796 Κύπρου
1253 738 1297 791 ἐς
1336 739 1416 784 τόν
1429 748 1472 783 85

97 918 197 957 tione
229 918 346 955 minus
379 921 546 955 accurata
579 928 622 954 ac
656 915 748 954 defi-

97 975 175 1012 nita
230 976 457 1024 designarint
497 974 748 1017 Antae'taurum3

97 1036 290 1082 utrumque
316 1033 352 1068 in
371 1031 651 1069 occidentalibus
673 1031 749 1067 eius

97 1092 216 1127 terrae
239 1102 321 1127 esse
338 1089 492 1137 finibus,
522 1101 615 1138 quae
636 1087 750 1124 serius

97 1145 281 1183 Armeniae
308 1147 450 1182 minoris
479 1157 612 1182 nomen
645 1155 750 1180 acce-

98 1204 213 1253 perit,
243 1206 305 1240 aut
333 1203 452 1252 potius
481 1203 519 1238 in
547 1201 627 1251 ipsa
651 1200 752 1249 Cap-

99 1259 275 1309 padocia,
313 1259 361 1295 ad
391 1271 498 1306 quam
528 1270 645 1305 usque
673 1256 752 1293 He-

98 1316 218 1352 rodoti
246 1315 417 1352 Armenia
441 1311 752 1365 pertineat.——In

98 1373 260 1422 proxime
277 1371 576 1408 antecedentibus
598 1369 646 1405 ad
671 1381 753 1406 ver—

99 1429 147 1465 ba
176 1425 200 1467 ὁ
215 1423 337 1474 “Akvg
355 1424 529 1476 ποταμός
548 1427 642 1464 conf.
655 1453 665 1472 ,
696 1437 754 1461 ar-

96 1484 194 1522 ticuli
231 1497 360 1532 causa,
417 1483 549 1522 Matth.
588 1483 653 1520 Gr.
686 1481 753 1520 Gr.

95 1555 134 1593 p.
164 1540 245 1582 559
278 1540 356 1579 coll.
386 1541 480 1583 543.

154 1600 271 1637 Ματ
287 1595 470 1648 ιηνοΰς
486 1594 558 1648 μὲν
582 1594 625 1636 ἕν
644 1595 756 1650 δεξιῇ

99 1652 177 1705 ἔχει
201 1653 316 1706 ῥέων]
350 1653 507 1692 Matienz'
535 1665 753 1691 commemo-

99 1716 223 1748 rantur
250 1711 313 1759 IV,
330 1711 395 1753 94.
422 1711 467 1759 V,
488 1711 564 1758 49,
592 1713 752 1759 partem-

99 1762 171 1817 que
205 1767 353 1806 Mediae
377 1768 538 1806 tenuisse
576 1767 754 1813 dicuntur,

99 1825 282 1862 Strabone
299 1829 392 1863 teste
405 1825 436 1862 ΙΙ
466 1838 502 1874 p.
525 1825 577 1864 73
597 1836 625 1859 S·
659 1823 750 1863 124.

98 1880 152 1918 XI
177 1895 214 1932 p.
244 1882 326 1923 509
353 1895 382 1919 s.
409 1884 503 1923 776.
544 1880 617 1923 Qui
642 1879 753 1916 iidem

98 1938 200 1986 quod
227 1938 266 1974 in
294 1937 382 1975 Asia
413 1938 542 1975 minori
562 1936 752 1974 inveniun-

97 1997 178 2042 tur,
243 1995 304 2032 ubi
359 1994 545 2033 Larchero
604 1997 751 2030 auctore

97 2050 166 2099 (T.
189 2050 274 2088 VIII
302 2065 338 2101 p.
367 2052 469 2100 324)
501 2064 581 2090 eam
602 2050 752 2099 Cappa-

98 2107 226 2145 dociae
273 2113 415 2158 pa1tem
456 2112 602 2155 tenent,
655 2118 752 2155 quae

100 2162 292 2202 Morimene
344 2179 365 2204 a
416 2166 598 2202 Strabone
652 2161 751 2212 (XII

97 2234 135 2272 p.
163 2223 266 2269 808,
294 2222 338 2260 B.
376 2224 471 2269 811,
499 2222 544 2260 Β.
575 2219 670 2268 814,
698 2218 750 2268 A)

100 2281 138 2315 et
165 2277 283 2315 Plinio
328 2278 452 2327 (Hist.
489 2277 577 2316 Nat.
616 2277 686 2323 Vl,
722 2277 750 2316 3

100 2333 208 2371 Tom.
230 2334 247 2371 I
267 2348 304 2385 p.
326 2336 408 2376 303
440 2335 497 2372 ed.
518 2335 655 2383 Hard.)
685 2345 752 2382 ap-

98 2389 274 2441 pellatur,
303 2391 340 2428 id
360 2392 397 2428 in
416 2396 527 2440 gente
538 2392 667 2442 opinor
682 2401 751 2439 pa-

99 2446 238 2484 storitia
258 2447 483 2498 multumque
509 2448 655 2498 palante
683 2459 752 2483 nec

101 2506 218 2539 certas
247 2505 355 2542 sedes
384 2508 534 2543 tenente
568 2517 611 2543 eo
632 2503 750 2542 minus

101 2559 289 2598 offendere
308 2561 439 2609 debet,
458 2553 531 2611 quo
547 2561 666 2610 magis
689 2558 751 2608 qui

103 2625 200 2652 nunc
229 2615 471 2655 Matienorum
502 2618 540 2655 in
569 2617 650 2655 loca
669 2628 751 2652 suc-

103 2676 288 2709 cesserunt
311 2674 449 2722 Kurdi,
479 2675 608 2713 eodem
639 2671 750 2711 modo

104 2731 280 2773 vagantur
306 2743 374 2768 nec
400 2731 471 2767 ulla
486 2732 623 2769 habent
651 2731 750 2767 certa

105 2781 292 2821 domicilia.
385 2786 498 2826 Unde
544 2787 749 2832 Herodoto,

106 2849 266 2875 errorum
287 2845 397 2891 atque
415 2843 577 2882 inscitiae
599 2847 750 2894 propter

104 2891 195 2931 haec
245 2894 407 2936 incusato
448 2901 751 2951 patrocinandum

814 918 920 966 putat
975 912 1108 952 Ritter.

815 985 840 1023 p
875 1022 1095 1078 ἀποτάμνει
1116 1024 1250 1078 σχεδὸν
1262 1023 1472 1080 πάντατῆς

817 1080 947 1135 Ἀσίης
977 1081 1025 1122 τοὶ
1053 1080 1158 1123 κάτω
1189 1100 1225 1123 κ.
1255 1099 1287 1124 τ.
1309 1087 1358 1131 λ.]
1400 1088 1472 1137 τῆς

817 1137 948 1191 Ἀσίης
965 1138 1011 1178 τά
1030 1137 1135 1179 κάτω
1151 1146 1206 1178 est
1218 1154 1260 1179 ea
1272 1143 1347 1179 sere
1360 1142 1472 1181 Asiae

819 1210 905 1248 pars
917 1227 927 1245 ,
958 1210 1067 1246 quam
1086 1210 1153 1234 nos
1169 1198 1292 1235 Asiam
1310 1200 1472 1237 minorem

821 1255 941 1292 dicere
968 1253 1149 1301 solemus,
1190 1255 1289 1291 cuius
1316 1255 1399 1292 finis
1428 1269 1472 1294 ex

818 1311 1000 1348 Herodoti
1019 1315 1141 1347 mente
1154 1340 1164 1358 ,
1194 1311 1371 1349 orientem
1392 1326 1472 1350 ver-

820 1382 883 1405 sus
904 1371 961 1404 est
979 1366 1095 1415 Halys
1116 1368 1244 1404 fluvius
1258 1397 1268 1415 ,
1300 1369 1374 1417 qui,
1391 1382 1471 1406 cum

822 1438 843 1462 e
861 1423 1008 1461 Ciliciae
1037 1424 1220 1461 montibus
1250 1438 1324 1461 non
1345 1425 1472 1475 procul

821 1481 867 1518 ab
891 1481 972 1530 ipso
991 1481 1256 1518 mediterraneo
1277 1483 1366 1518 mari
1385 1495 1471 1532 pro-

820 1539 938 1575 fluens
961 1538 1245 1587 septentrionem
1271 1551 1398 1576 versus
1416 1539 1472 1576 in-

821 1595 869 1632 de
897 1595 934 1631 in
961 1594 1119 1632 Pontum
1147 1594 1328 1632 Euxinum
1352 1600 1469 1644 exeat,

821 1664 965 1688 omnem
1000 1652 1077 1688 fere
1124 1649 1248 1689 Asiam
1294 1652 1472 1690 minorem

820 1707 954 1745 hancce
980 1720 1002 1744 a
1031 1707 1170 1756 reliqua
1198 1708 1309 1755 Asia,
1358 1710 1471 1759 inpri-

819 1765 888 1800 mis
907 1764 952 1800 ab
973 1763 1144 1802 Armenia
1174 1764 1216 1813 (a
1237 1765 1351 1813 Syriis
1370 1766 1471 1816 Cap-

819 1821 1050 1871 padocibus)
1080 1834 1252 1872 separare
1292 1822 1369 1859 iure
1399 1822 1471 1859 dici

819 1881 953 1927 potest.
1011 1877 1136 1925 Mare,
1166 1879 1265 1927 quod
1283 1891 1304 1915 e
1319 1878 1470 1927 regione

821 1933 935 1983 Cypri
959 1939 1036 1981 est,
1065 1935 1368 1972 mediterraneum
1399 1939 1469 1982 est,

818 1991 919 2039 quod
947 1991 1108 2028 Ciliciam
1136 1991 1258 2039 alluit,
1302 1992 1340 2028 in
1369 1992 1470 2029 cuius

817 2048 1001 2084 montibus
1036 2047 1158 2096 Halyn
1189 2048 1368 2097 originem
1410 2061 1470 2086 ca-

817 2116 907 2155 pere
924 2109 1032 2142 antea
1044 2105 1183 2142 dixerat
1193 2105 1341 2143 Noster.
1363 2105 1471 2143 Hanc

817 2174 903 2198 vero
922 2165 1055 2199 terram
1076 2162 1170 2200 inter
1186 2167 1377 2212 utrumque
1393 2174 1470 2199 ma-

818 2231 878 2266 re,
913 2219 1218 2258 mediterraneum
1246 2220 1327 2257 dico
1360 2223 1471 2268 atque

817 2274 974 2312 Pontum
998 2276 1200 2324 Euxinum,
1229 2281 1336 2314 vocat
1356 2273 1470 2327 αὐχέ-

817 2346 869 2371 να
898 2335 1084 2381 εενυίεεηι,
1126 2335 1166 2371 id
1194 2338 1250 2371 est
1274 2339 1470 2383 angustum

815 2394 996 2438 meatum,
1053 2391 1300 2440 angustiorem
1349 2396 1471 2429 terrae

814 2449 986 2494 tractum,
1023 2448 1170 2485 cervicis
1199 2448 1315 2485 instar
1342 2461 1471 2499 porre·

817 2506 936 2550 ctum,
967 2506 1009 2540 ut
1033 2504 1106 2542 iam
1134 2517 1211 2542 non
1241 2505 1289 2543 de
1314 2505 1471 2543 termino

817 2557 1000 2597 Asiaticae
1019 2561 1123 2599 istius
1145 2561 1306 2610 regionis
1326 2565 1470 2610 agatur,

818 2616 887 2652 sed
903 2629 975 2665 quo
994 2616 1055 2654 illa
1078 2619 1150 2656 situ
1173 2618 1304 2665 fuerit,
1334 2619 1396 2655 ubi
1422 2619 1470 2656 ab

1176 913 1381 954 Erdkunde
1437 915 1473 953 II

817 2671 940 2721 Halye
963 2685 1069 2712 amne
1088 2676 1256 2723 radatur,
1287 2688 1471 2726 quamque

816 2733 975 2778 anguste
1011 2742 1035 2767 a
1069 2731 1217 2771 Ciliciae
1261 2732 1395 2769 finibus
1431 2732 1470 2769 in

815 2786 973 2824 Pontum
1016 2787 1066 2825 sit
1109 2793 1269 2827 extensa.
1327 2787 1472 2825 Monuit

818 2844 1110 2893 VVesselingius,
1139 2845 1293 2882 laudans
1318 2845 1382 2892 IV,
1403 2845 1468 2887 85.

818 2903 883 2944 89.
902 2901 969 2950 VI,
983 2903 1050 2946 36³
1064 2902 1147 2950 VH,
1165 2904 1247 2945 223
1268 2903 1350 2941 alia.
1373 2901 1469 2940 Cum
