1759 3324
329 236 416 277 '664

714 230 1191 272 HERODOTI

331 342 482 387 σκέλεα
509 341 824 394 θυσανωτούς,
866 340 943 392 οὓς
973 339 1175 384 καλέουσι
1213 339 1462 391 καλασίρις·
1521 337 1591 381 ἐπὶ

332 421 529 466 τούτοισι
558 422 604 465 δὲ
633 423 791 477 εἰρίνεα
825 422 977 475 εἵματα
1007 418 1141 463 λευκοὶ
1175 416 1481 473 ἐπαναβληδὸν
1504 433 1588 471 φο-
1602 424 1647 456 90

303 509 327 543 2
336 502 494 556 ρέουσι.

303 579 441 625 δούδὲ
471 579 874 636 συγκαταθάπτεταί
905 590 1002 632 σφι·
1035 576 1088 621 οὐ
1119 576 1203 632 γάρ
1236 576 1370 619 ὅσιον.

554 499 608 544 οὐ
637 499 784 556 μέντοι
813 500 855 550 ἔς
883 515 930 555 γε
964 498 1016 542 τά
1057 498 1129 552 ἱροὶ
1160 496 1384 553 ἐσφέρεται
1417 498 1589 551 εἰρίνεα,

1431 574 1591 631 ὁμολο-

331 658 481 715 γέουσι
510 658 556 701 δὲ
592 661 727 700 ταῦτα
764 662 878 700 τοῖσι
914 655 1160 712 Ὀρφικοῖσι
1189 655 1489 710 καλεομένοισι
1518 655 1592 698 καὶ

334 870 354 894 ο
364 851 390 892 ὕ
399 870 417 901 ς
431 849 631 901 καλέουσι]
641 850 798 887 Miratur
808 850 929 887 Struv.

277 925 375 975 spec:
405 913 547 960 quaest.
573 907 713 945 Herod.
745 919 832 957 pag.
859 910 927 953 20,

275 969 334 1005 cui
363 967 401 1003 in
434 965 563 1016 plurali
598 976 749 1001 numero
788 976 931 1012 semper

274 1023 451 1074 placuerit
471 1036 610 1068 τους,
639 1035 746 1066 τας,
773 1034 846 1065 τα,
866 1032 928 1056 cur

274 1079 346 1117 hoc
371 1078 450 1115 loco
491 1077 673 1128 scripserit
709 1091 789 1121 ους.
847 1075 928 1112 Nec

275 1136 392 1184 magis
413 1139 535 1172 tamen
563 1133 732 1182 equidem
753 1128 825 1178 οὓς
844 1132 880 1168 h.
903 1131 926 1168 l.

275 1191 442 1230 mutan‘m
462 1191 500 1227 in
519 1186 633 1236 τοὺς,
657 1202 765 1238 quam
786 1188 832 1235 ΙΙ,
849 1189 927 1228 113

278 1244 301 1288 ὃ
330 1249 368 1284 in
391 1244 454 1295 τὸ,
484 1251 525 1284 ut
560 1247 690 1284 eodem
719 1246 794 1281 viro
821 1245 928 1281 docto

275 1304 406 1355 placet.
473 1303 506 1339 E
531 1302 630 1340 libris
660 1302 800 1351 scriptis
830 1300 930 1337 nulla

276 1361 428 1398 affertur
453 1359 616 1397 lectionis
641 1359 807 1395 varietas.

335 1411 384 1455 οὗ
408 1414 543 1467 μέντοι
562 1414 600 1462 ἔς
618 1429 660 1466 γε
674 1411 721 1452 τοὶ
740 1410 804 1464 loc}
817 1410 930 1461 ἐσφέ-

279 1487 386 1526 ρεται
404 1471 576 1524 εἰρίνεα]
606 1472 703 1508 Hinc
721 1471 928 1508 sacerdotes

276 1529 451 1579 Aegyptii
485 1529 702 1566 vestimenta
738 1527 833 1564 linea
863 1539 929 1574 ge-

278 1590 394 1633 stant,
425 1598 569 1635 semper
597 1596 723 1622 recens
749 1583 844 1630 lota,
874 1583 930 1618 id·

278 1655 351 1691 que
382 1654 492 1691 quam
522 1641 678 1678 maxime
704 1644 854 1685 curant,
890 1643 930 1675 ut

277 1698 416 1737 Noster
434 1698 558 1735 scribit
579 1697 633 1744 ΙΙ,
651 1699 726 1744 37,
756 1696 817 1732 ubi
835 1697 930 1732 conf.

277 1759 354 1792 not.
412 1754 583 1802 „Scribit
619 1753 865 1800 Hieronymus
892 1752 930 1788 in

279 1810 383 1848 catal.
403 1811 538 1860 scriptt.
562 1809 686 1847 eccles.
715 1823 751 1859 p.
778 1811 878 1855 170,
896 1808 928 1844 F

279 1868 338 1905 ed.
356 1867 526 1904 Francof.
552 1867 599 1903 de
619 1866 751 1902 Iacobo
768 1865 930 1915 Aposto-

278 1923 334 1961 lo.
355 1922 450 1968 ε’θος
471 1920 512 1961 δὲ
531 1937 584 1973 ην
607 1917 716 1975 αὐτῷ
735 1921 930 1960 εἰσελθεῖν

280 1979 338 2026 εἷς
356 1976 404 2018 τοὶ
424 1975 517 2046 ἅγια
539 1994 621 2017 των
640 1977 765 2031 αγίων
786 1977 930 2027 εσθῆτι

280 2034 412 2088 ε’ρεΐιῃ
450 2051 504 2086 μη
545 2033 792 2088 κεχοηιιένῳ,
834 2029 931 2072 α’λλα

279 2093 411 2146 λινῇ.“
443 2091 507 2128 Cr.
538 2111 593 2119 —
621 2091 710 2127 Mox
728 2104 795 2140 pro
825 2085 930 2138 ουδὲ,

280 2146 330 2185 'W
333 2148 488 2185 erferum
538 2147 568 2183 si
605 2147 731 2183 audias
772 2147 809 2182 in
847 2152 931 2183 actt.

279 2203 379 2254 phill.
397 2202 562 2239 Monacc.
583 2203 600 2239 I
620 2215 706 2252 pag.
727 2202 823 2249 250,
846 2203 932 2239 scri-

279 2260 440 2298 bendum
461 2255 510 2297 ov’
531 2255 594 2306 δὲ,
624 2259 819 2295 seiunctim.

337 2313 594 2366 ὁμολογέουσι
620 2311 663 2352 δὲ
690 2316 813 2352 ταῦτα
831 2317 933 2353 τοῖσι

278 2367 508 2422 Ὀρφικοῖσι
535 2386 569 2409 κ.
593 2385 624 2408 τ.
646 2372 693 2415 λ.]
723 2370 846 2407 Verba
866 2369 933 2408 καὶ

280 2430 514 2477 Βακχικοῖσι
531 2457 542 2473 ,
583 2425 692 2465 ἐοῦσι
730 2424 772 2464 δὲ
811 2426 934 2478 Αἰγυ-

280 2483 431 2523 πτίοισι
457 2483 550 2520 male
579 2483 615 2519 in
644 2483 862 2531 quibusdam
892 2483 934 2519 li-

280 2540 355 2577 bris
379 2540 520 2589 scriptis
543 2540 688 2585 omissa,
708 2539 933 2586 retinuimus,

281 2600 322 2633 ut
340 2597 476 2633 dudum
496 2599 713 2632 monuerunt
732 2594 934 2631 Valckena-

281 2652 378 2699 rius,
407 2652 489 2698 alii,
519 2664 561 2689 ac
595 2664 712 2701 nuper
737 2652 932 2688 admodum

283 2708 488 2746 Creuzerus
518 2711 724 2744 commentt.
764 2707 931 2744 Herodd.

281 2778 319 2815 p.
343 2767 445 2811 167,
476 2763 537 2813 qui
557 2764 595 2800 in
619 2763 686 2800 hac
705 2764 932 2812 quorundam

281 2820 455 2857 librorum
472 2820 602 2856 lacuna
618 2819 812 2857 manifesta
823 2820 932 2857 vesti·

283 2877 346 2926 gia
365 2877 540 2914 audaciae
562 2872 842 2924 Graeculorum,
871 2877 931 2926 qui

995 849 1171 887 Bacchica
1191 862 1256 886 sua
1277 862 1378 886 sacra
1395 849 1440 886 ab
1456 847 1647 900 Aegyptiis

996 907 1113 956 repeti
1144 906 1303 952 nollent,
1351 906 1418 942 sibi
1445 906 1650 956 deprehen-

998 963 1095 1000 disse
1110 964 1261 1000 videtur.
1292 962 1361 998 Est
1380 963 1475 999 enim
1496 964 1648 1012 insignis

996 1019 1125 1056 Nostri
1149 1019 1246 1056 locus
1261 1049 1270 1066 ‚
1302 1032 1381 1055 cum
1402 1018 1471 1054 alio
1500 1019 1647 1067 (ll‚49)

995 1076 1264 1124 quodaminodo
1276 1076 1565 1123 coniungendus,
1575 1090 1649 1125 quo

996 1137 1151 1181 utroque
1173 1132 1479 1169 necessitudinem
1491 1133 1650 1169 declarat

998 1189 1209 1239 disciplinae
1223 1217 1232 1234 ,
1253 1189 1326 1236 qua
1344 1188 1568 1225 Graecorum
1587 1201 1651 1225 va-

997 1249 1053 1282 tes
1076 1259 1118 1282 ac
1149 1244 1353 1295 philosophi
1376 1249 1549 1293 tanquam
1570 1245 1650 1282 alu-

997 1302 1072 1338 mni
1093 1315 1172 1338 eum
1198 1301 1460 1350 Aegyptiorum
1479 1303 1651 1338 sacerdo-

997 1358 1094 1395 tibus
1127 1363 1169 1394 ut
1192 1358 1264 1394 suis
1292 1357 1474 1405 magistris
1495 1359 1650 1407 iungan-

997 1418 1067 1450 tur.
1107 1414 1217 1457 Quod
1240 1428 1282 1450 eo
1301 1415 1416 1462 magis
1436 1416 1647 1460 tenendum,

998 1484 1070 1520 quo
1088 1471 1256 1507 illibatior
1273 1470 1409 1506 Noster
1435 1471 1481 1507 sit
1507 1471 1552 1507 ab
1575 1471 1648 1516 illa,

998 1540 1091 1576 quae
1119 1527 1312 1578 postmodo
1342 1527 1482 1574 floruit,
1511 1527 1651 1576 cupidi-

997 1588 1074 1620 tate
1122 1584 1386 1619 miscendaruin
1423 1583 1649 1632 religionum,

997 1653 1144 1689 quoque
1174 1640 1370 1688 impensius
1401 1639 1440 1676 id
1467 1645 1554 1688 agat
1582 1640 1651 1676 hoc

997 1696 1034 1732 iu
1054 1696 1166 1742 libro,
1196 1700 1237 1731 ut
1256 1709 1349 1744 quae
1372 1696 1525 1743 Graeca,
1556 1709 1650 1745 quae

997 1753 1181 1802 Aegyptia
1205 1753 1296 1799 sint,
1328 1752 1496 1800 seiungat
1525 1765 1568 1789 ac
1594 1753 1651 1788 di-

999 1810 1160 1858 stinguat
1189 1809 1313 1855 (conf.
1333 1809 1553 1846 Creuzerum
1583 1808 1606 1845 l.
1625 1808 1649 1845 l.

997 1880 1034 1916 p.
1058 1867 1149 1906 168.
1174 1868 1253 1906 172
1273 1866 1381 1914 seq.).
1441 1865 1565 1909 Quare
1590 1865 1652 1913 qui

997 1922 1269 1971 antiquissimos
1284 1922 1461 1958 Graeciae
1483 1923 1652 1959 sacerdo-

997 1983 1054 2015 tes
1091 1978 1283 2027 Aegyptiis
1314 1978 1508 2015 simillimos
1539 1979 1652 2015 fuisse

999 2035 1129 2071 dixerit
1148 2036 1314 2072 universa
1334 2035 1427 2071 vitae
1450 2036 1590 2071 ratione
1609 2047 1650 2071 ac

998 2090 1187 2140 disciplina
1203 2121 1213 2138 ,
1252 2091 1282 2127 is
1311 2104 1333 2128 a
1358 2104 1442 2127 vero
1462 2104 1537 2127 non
1561 2090 1652 2126 mul—

997 2151 1073 2183 tum
1105 2147 1326 2184 aberraverit
1359 2147 1449 2193 (vid.
1480 2147 1652 2184 Creuzeri

1000 2202 1161 2251 Symbol.
1192 2203 1310 2253 Ipag.
1329 2204 1450 2250 254).
1515 2202 1650 2251 Neque

1001 2260 1109 2296 etiam
1130 2259 1295 2295 doctrina
1318 2271 1360 2295 ac
1390 2258 1561 2306 religione
1581 2260 1651 2296 dif-

999 2316 1188 2361 ferebant,
1219 2315 1355 2351 adscita
1372 2314 1431 2351 illa
1450 2315 1594 2363 quidem
1614 2319 1651 2352 et

999 2371 1154 2420 repetita
1176 2384 1218 2407 ex
1238 2371 1420 2420 AegyptO.
1458 2370 1553 2407 Nam
1579 2372 1653 2408 Or-

999 2427 1133 2477 pheum
1161 2426 1382 2476 Aegyptium
1409 2427 1517 2475 vulgo
1557 2429 1653 2466 fere-

1003 2484 1113 2529 bant,
1133 2483 1388 2532 Orphicosque
1410 2484 1495 2520 inde
1515 2496 1652 2532 aequa-

999 2539 1051 2575 les
1071 2551 1112 2575 ac
1123 2551 1229 2588 pares
1240 2540 1455 2588 Ae351³tii53
1475 2540 1652 2577 Bacchica

1000 2608 1086 2632 vero
1119 2608 1219 2631 sacra
1249 2608 1291 2632 ex
1308 2596 1478 2646 Aeg5pto
1500 2597 1652 2633 advecta

1003 2664 1112 2701 supra
1128 2651 1185 2698 ΙΙ,
1201 2651 1287 2691 49'
1279 2664 1348 2687 iam
1368 2652 1505 2689 Noster
1530 2651 1651 2689 decla-

998 2710 1162 2754 raverat,
1193 2712 1228 2744 et
1244 2708 1312 2744 hoc
1332 2708 1460 2744 iterum
1479 2708 1652 2745 admonet

998 2763 1077 2799 loco
1092 2793 1102 2810 ,
1151 2764 1271 2801 verbis
1309 2764 1407 2800 haud
1446 2763 1650 2801 inconsulto

1000 2820 1152 2857 additis:
1183 2818 1291 2859 εὀῦσι
1323 2817 1364 2858 δὲ
1382 2819 1648 2870 Αἰγυπτίοισι.

1000 2875 1113 2920 Quod
1131 2876 1289 2926 denique
1298 2875 1542 2926 Pythagorica
1551 2889 1650 2915 com-
