1814 3315
625 223 843 262 CLIO.
900 223 932 261 1.

1340 227 1425 266 169

156 337 409 393 φερόμενοι,
430 334 498 383 ἐπὶ
531 332 745 389 Τεγεήτας
772 331 1108 388 ἐστρατεύοντο,
1142 336 1323 389 χρησμῷ
1354 349 1423 377 m-

156 414 301 472 βὸήλῳ
321 415 512 465 πίσυνοι,
545 411 604 463 ὥς
636 412 689 469 δή
722 409 1200 468 ἐξανδραποδιούμενοι
1215 411 1321 464 τούς
1348 416 1422 456 Τε-

128 502 149 536 5
161 493 326 549 γεήτας.

391 492 652 542 ἑσσωθέντες
693 491 740 535 δὲ
785 495 840 549 τῇ
878 494 1105 549 συμβολῇ,
1148 491 1247 536 ὅσοι
1277 489 1480 535 αὕτῶνόὄ

154 570 483 627 ἐζωγρήθησαν,
514 570 648 622 πέδας
676 588 721 614 τε
753 572 921 627 ἔχοντες
942 570 1021 622 τὰς
1040 570 1253 627 ἐφέροντο
1279 569 1422 625 αὐτοὶ,

153 651 225 694 καὶ
254 652 410 707 σχοίνῳ
441 650 830 708 διαμετρησάμενοι
866 651 917 697 τὸ
954 652 1107 695 πεδίον
1135 650 1185 694 τό
1223 650 1418 707 Τεγεητέ-

125 735 239 781 6ων,
280 728 522 784 ἐργάζοντο.

584 732 630 774 αἱ
671 730 716 774 δὲ
753 732 881 774 πέδαι
920 725 1062 774 αὗται.

1121 730 1170 773 ἐν
1197 733 1296 787 τῇσι
1333 729 1421 773 ἐδε-

154 807 306 858 δέατο,
346 808 405 852 ἔτι
443 810 517 853 καὶ
557 810 600 862 ἐς
636 810 707 866 ἐμὲ
743 805 854 867 ἦσαν
884 813 995 853 σῶαι
1024 810 1071 854 ἐν
1107 810 1269 867 Τεγέῃ,
1326 809 1425 866 περὶ

151 887 230 931 τόν
257 887 366 944 νηὸν
394 896 470 946 τῆς
494 889 637 947 Ἀλέης
658 888 892 947 Ἀθηναίης
921 887 1200 947 κρεμάμεναι.
1436 896 1483 930 60

98 1075 345 1124 Tegeatarum
364 1078 444 1113 foro
462 1080 593 1113 erecta.
640 1075 750 1113 Plura

97 1132 256 1170 Pausan.
283 1132 421 1170 Lacon.
448 1132 518 1179 ΙΙΙ,
538 1137 575 1174 7.
617 1132 749 1170 Arcad.

97 1188 195 1236 VIII,
214 1190 250 1230 5.
271 1189 344 1237 48,
374 1202 529 1238 quocum
557 1191 654 1227 conf.
677 1189 751 1226 Po-

97 1245 213 1294 lyaen.
235 1246 395 1296 Strateg.
414 1246 454 1293 I,
480 1247 517 1287 8.

163 1331 326 1383 χρησμῷ
380 1345 403 1368 κ
415 1345 428 1368 ι
438 1330 464 1380 β
475 1330 497 1368 ὃ
509 1324 536 1380 η’
549 1332 570 1368 λ
582 1328 639 1384 ῳ]
695 1329 753 1368 κί-

98 1386 244 1437 βδηλος
256 1386 385 1423 eodem
405 1399 516 1424 sensu
544 1388 591 1424 de
609 1386 752 1424 oraculo

99 1443 244 1493 ancipiti
264 1456 306 1480 ac
324 1442 441 1480 fallaci
467 1443 514 1491 V,
534 1445 599 1485 91.
630 1443 752 1492 Vulgo

98 1512 141 1537 ac
159 1500 307 1549 proprie
325 1500 372 1537 de
392 1500 511 1537 numis
539 1500 669 1537 dicitur
686 1501 752 1537 ad-

97 1555 279 1603 ulterinis;
328 1557 423 1594 conf.
460 1555 648 1609 Aristoph.
684 1556 751 1594 Av.

100 1614 181 1654 158
203 1612 290 1663 ibiq.
320 1612 440 1650 Schol.

154 1691 243 1735 ’ὅσοι
276 1691 407 1735 αὐτῶν
436 1691 754 1750 ἐζωγρήθησαν]

101 1751 221 1802 Vulgo
242 1747 415 1802 αὕτέων,
447 1755 546 1792 cuius
566 1754 645 1792 loco
676 1767 756 1791 cum

101 1809 312 1847 Gaisfordio
347 1813 574 1861 reposuimus
610 1806 758 1858 αὐτῶν,

99 1866 283 1917 plerisque
310 1867 407 1904 libris
436 1867 754 1917 adstipulantibus.

101 1923 210 1960 Conf.
230 1923 334 1971 I,26.
347 1924 503 1961 —Mox
521 1921 756 1977 ἐργάζεσθαι

100 1979 260 2028 intelligo
303 1981 534 2031 potissimum
562 1982 609 2019 de
642 1995 755 2031 opere

100 2036 250 2083 rustico,
280 2038 380 2087 quod
406 2038 522 2088 captis
551 2039 754 2089 Spartanis,

102 2096 142 2129 ut
159 2094 291 2141 servis,
320 2094 526 2144 impositum
547 2099 635 2132 erat.
677 2095 755 2131 Eo-

103 2150 188 2187 dem
209 2163 322 2188 sensu
347 2150 482 2203 ἔργον,
514 2153 561 2190 de
590 2165 661 2200 quo
693 2165 754 2187 su-

102 2219 170 2257 pra
186 2208 234 2244 ad
269 2207 308 2256 l,
334 2210 402 2250 36.
450 2208 548 2246 Hinc
579 2208 756 2246 Libanius

102 2263 306 2313 Prosphon.
330 2266 378 2302 ad
397 2265 523 2302 Iulian.
545 2278 582 2315 p.
604 2268 698 2311 179,
724 2265 757 2302 Α

103 2319 283 2358 Herodoti
318 2322 565 2360 narrationem
606 2321 758 2372 respici·

104 2389 190 2414 ens:
240 2373 371 2431 ὥσπερ
411 2375 485 2431 γάρ
526 2375 580 2430 ’ἣν
621 2377 758 2428 ἔτεμον

105 2435 349 2485 Σπαρτιᾶται
403 2438 481 2488 γῆν
541 2437 757 2487 Τεγεατῶν,

105 2490 253 2541 ταύτην
309 2488 618 2544 εἰργάζοντο
675 2495 759 2538 τοῖς

107 2543 354 2597 νενικηκόσι,
392 2549 570 2599 χοίνικας
596 2547 758 2599 ἔχοντες.

107 2601 214 2639 —In
230 2604 349 2641 verbis
379 2603 430 2644 ἐν
460 2608 552 2660 τῇσι
581 2604 759 2645 ἐδεδέατο

110 2660 197 2694 nota
213 2672 316 2697 usum
344 2663 626 2712 praepositionis
645 2661 688 2702 ἐν
715 2663 762 2700 de

110 2713 357 2761 instrumento,⁴
404 2719 452 2755 de
480 2732 573 2768 qua,
620 2722 661 2756 ut
692 2719 760 2756 Cr.

112 2774 252 2817 monet,
291 2771 483 2812 Heindorf.
526 2775 575 2812 ad
624 2774 762 2824 Cratyl.

111 2837 148 2874 p.
160 2827 225 2866 71.
246 2826 397 2866 Porson.
415 2830 761 2882 adAristoph.qu.

114 2883 224 2923 1018
241 2895 276 2933 p-
299 2885 389 2927 100.
446 2886 546 2925 Infra
560 2888 577 2925 I
590 2917 601 2935 ‚
621 2891 687 2931 86.

875 1074 930 1115 ἔτι
950 1073 1017 1114 καὶ
1038 1073 1077 1122 ἐς
1095 1071 1161 1126 ἐμὲ
1182 1068 1289 1126 ἦσαν
1313 1076 1413 1114 σῶαι
1438 1073 1482 1114 ἐν

825 1131 1071 1186 Τεγέῃ]Νοιι
1092 1132 1210 1169 solum
1233 1133 1282 1169 ad
1298 1132 1482 1170 Herodoti

821 1203 938 1238 usque
964 1193 1120 1226 aetatem
1142 1193 1310 1226 servatae
1338 1190 1484 1225 suerunt

823 1245 1020 1296 compedes
1035 1274 1045 1293 ,
1086 1245 1153 1282 sed
1170 1245 1374 1282 Pausaniae
1399 1245 1422 1281 i.
1449 1258 1481 1282 e.

821 1302 1088 1341 Antoninorum
1110 1305 1233 1339 aetate
1245 1330 1256 1349 ,
1271 1300 1385 1338 altero
1398 1304 1484 1351 post

822 1359 910 1396 Chr.
952 1371 988 1395 11.
1036 1358 1180 1395 saeculo
1196 1386 1206 1405 ,
1266 1358 1483 1408 compedum

820 1415 972 1452 istarum
991 1428 1077 1466 pars
1096 1415 1134 1451 in
1165 1414 1354 1451 Minervae
1371 1414 1484 1452 Aleae

821 1471 958 1522 templo
1008 1471 1309 1522 conspiciebatur.
1398 1471 1430 1508 V
1434 1471 1483 1507 id.

821 1528 979 1566 Pausan.
999 1528 1104 1576 VIII,
1123 1528 1190 1569 47.
1227 1548 1275 1554 —-
1306 1527 1365 1565 De
1383 1529 1486 1566 σῶαι

823 1586 918 1623 conf.
947 1583 1077 1622 Matth.
1110 1583 1147 1635 ᾖ.
1181 1585 1261 1625 124
1292 1597 1378 1636 pag.
1401 1584 1484 1626 246

824 1656 903 1691 seq.
927 1647 964 1678 et
982 1642 1076 1678 infra
1094 1641 1149 1689 II,
1172 1643 1265 1682 181.

880 1695 972 1749 περὶ
1007 1694 1078 1737 τόν
1108 1694 1206 1748 νηὸν
1243 1698 1315 1748 τῆς
1349 1689 1486 1747 Ἀλέης

821 1750 1052 1804 Ἀθηναίης
1083 1750 1348 1806 κρεμάμεναι]
1380 1753 1486 1791 Inve-

824 1813 921 1848 nitur
943 1811 1110 1849 Minerva
1129 1810 1220 1848 Alea
1241 1810 1404 1862 pluribus
1414 1809 1486 1847 Pe-

824 1868 1018 1919 loponnesi
1043 1867 1132 1906 locis
1145 1897 1156 1915 ,
1186 1867 1389 1915 Mantinea,
1408 1865 1444 1903 T
1447 1880 1487 1904 e-

826 1927 918 1974 gea,
959 1925 1179 1974 Manthyrea
1193 1953 1204 1971 ,
1246 1923 1337 1962 Alea
1380 1923 1486 1968 vic03

825 1984 862 2019 in
902 1983 1034 2031 quibus
1067 1986 1190 2018 tamen
1236 1993 1281 2018 ea
1319 1979 1488 2017 Minerva

824 2039 939 2086 Alea,
979 2051 1074 2087 quae
1120 2037 1274 2086 Tegeae
1309 2036 1487 2087 templum

822 2095 1000 2142 habebat,
1040 2095 1198 2145 primum
1231 2094 1350 2131 locum
1391 2093 1488 2130 obti-

826 2153 953 2190 nuisse
968 2152 1120 2189 videtur.
1180 2149 1276 2189 Nam
1297 2150 1489 2199 antiquum,

825 2210 896 2247 illic
919 2209 987 2246 fuit
1003 2208 1192 2246 Minervae
1213 2208 1380 2256 signum,
1409 2207 1488 2243 En-

826 2267 877 2304 dii
909 2279 1023 2315 opuS‚
1054 2278 1097 2303 ex
1131 2266 1242 2302 ebore
1269 2265 1487 2311 consectum,

824 2323 981 2361 Romam
1000 2322 1198 2373 postmodo
1219 2321 1411 2358 advectum
1440 2320 1487 2357 ab

826 2380 1018 2428 Augusto,
1048 2392 1129 2417 cum
1157 2378 1355 2415 Antonium
1382 2377 1488 2413 vicis-

826 2442 896 2474 set.
955 2436 1068 2473 Cuius
1088 2435 1167 2472 loco
1190 2435 1286 2471 aliud
1298 2434 1489 2470 Minervae

827 2494 972 2542 signum
1000 2506 1044 2531 ex
1067 2491 1286 2540 Manthyrea
1319 2490 1487 2539 Tegeam

828 2550 976 2587 allatum
1015 2554 1095 2596 est,
1136 2549 1238 2597 quod
1281 2546 1487 2584 Pausanias

828 2606 930 2643 vidit.
962 2606 1035 2650 Qui
1057 2607 1155 2643 idem
1173 2603 1349 2654 templum
1367 2603 1488 2654 ipsum

829 2663 1002 2701 describit
1064 2661 1385 2699 luculentissimum
1452 2662 1490 2696 et

829 2719 1164 2770 splendidissimum
1191 2731 1214 2754 a
1241 2718 1365 2768 Scopa
1384 2728 1489 2753 exor-

830 2780 955 2813 natum
972 2776 1103 2813 statuis
1125 2786 1313 2824 opereque
1332 2772 1487 2809 caelato.

806 2878 809 2879 ⁷
829 2831 948 2870 Deam
967 2833 1085 2882 ipsam
1107 2831 1192 2868 olim
1216 2829 1393 2879 Hippiam
1424 2840 1488 2863 vo-

832 2893 950 2926 catam
976 2890 1111 2934 refert;
1150 2885 1347 2939 postmodo
1374 2883 1488 2921 Aleae
