<?xml version="1.0" encoding="UTF-8"?>
<!DOCTYPE html PUBLIC "-//W3C//DTD XHTML 1.0 Transitional//EN"
    "http://www.w3.org/TR/xhtml1/DTD/xhtml1-transitional.dtd">
<html xmlns="http://www.w3.org/1999/xhtml" xml:lang="en" lang="en">
 <head>
  <title>
</title>
<meta http-equiv="Content-Type" content="text/html;charset=utf-8" />
  <meta name='ocr-system' content='tesseract 3.04.00' />
  <meta name='ocr-capabilities' content='ocr_page ocr_carea ocr_par ocr_line ocrx_word'/>
</head>
<body>
  <div class='ocr_page' id='page_1' title='image "./musaeher01hero/musaeher01hero_0224.png"; bbox 0 0 1777 3315; ppageno 0'>
   <div class='ocr_carea' id='block_1_1' title="bbox 361 265 1234 311">
    <p class='ocr_par' dir='ltr' id='par_1_1' title="bbox 361 265 1234 311">
     <span class='ocr_line' id='line_1_1' title="bbox 361 265 1234 311; baseline -0.007 0"><span class='ocrx_word' id='word_1_1' title='bbox 361 271 445 311; x_wconf 83' lang='lat'><strong><em>210</em></strong></span> <span class='ocrx_word' id='word_1_2' title='bbox 758 265 1234 307; x_wconf 87' lang='lat' dir='ltr'><strong>HERODOTI</strong></span> 
     </span>
    </p>
   </div>
   <div class='ocr_carea' id='block_1_2' title="bbox 358 372 1684 834">
    <p class='ocr_par' dir='ltr' id='par_1_2' title="bbox 358 372 1684 834">
     <span class='ocr_line' id='line_1_2' title="bbox 360 372 1684 434; baseline -0.004 -11"><span class='ocrx_word' id='word_1_3' title='bbox 360 372 826 432; x_wconf 79' lang='grc' dir='ltr'><strong><em>παρεσκευασμένοισι,</em></strong></span> <span class='ocrx_word' id='word_1_4' title='bbox 885 376 958 421; x_wconf 80' lang='grc' dir='ltr'><strong><em>καὶ</em></strong></span> <span class='ocrx_word' id='word_1_5' title='bbox 1008 381 1120 422; x_wconf 80' lang='grc' dir='ltr'><strong><em>νεῶν</em></strong></span> <span class='ocrx_word' id='word_1_6' title='bbox 1179 376 1370 421; x_wconf 82' lang='grc' dir='ltr'><strong><em>ἐουσέων</em></strong></span> <span class='ocrx_word' id='word_1_7' title='bbox 1419 375 1684 434; x_wconf 82' lang='grc' dir='ltr'><strong><em>ἓτοίμων,15</em></strong></span> 
     </span>
     <span class='ocr_line' id='line_1_3' title="bbox 361 451 1627 514; baseline 0 -14"><span class='ocrx_word' id='word_1_8' title='bbox 361 451 470 514; x_wconf 78' lang='grc' dir='ltr'><strong><em>ἦλθε</em></strong></span> <span class='ocrx_word' id='word_1_9' title='bbox 500 453 608 511; x_wconf 76' lang='grc' dir='ltr'><strong><em>ἄλλη</em></strong></span> <span class='ocrx_word' id='word_1_10' title='bbox 637 451 835 512; x_wconf 72' lang='grc' dir='ltr'><strong><em>ἀγγελίη,</em></strong></span> <span class='ocrx_word' id='word_1_11' title='bbox 887 453 944 508; x_wconf 82' lang='grc' dir='ltr'><strong><em>ὥς</em></strong></span> <span class='ocrx_word' id='word_1_12' title='bbox 975 455 1142 513; x_wconf 78' lang='grc' dir='ltr'><strong><em>ἡλώκοι</em></strong></span> <span class='ocrx_word' id='word_1_13' title='bbox 1177 457 1228 501; x_wconf 89' lang='grc' dir='ltr'><strong><em>τὸ</em></strong></span> <span class='ocrx_word' id='word_1_14' title='bbox 1256 461 1394 513; x_wconf 86' lang='grc' dir='ltr'><strong><em>τεῖχος</em></strong></span> <span class='ocrx_word' id='word_1_15' title='bbox 1424 462 1515 500; x_wconf 80' lang='grc' dir='ltr'><strong><em>τῶν</em></strong></span> <span class='ocrx_word' id='word_1_16' title='bbox 1541 460 1627 500; x_wconf 89' lang='grc' dir='ltr'><strong><em>Λυ-</em></strong></span> 
     </span>
     <span class='ocr_line' id='line_1_4' title="bbox 361 530 1626 593; baseline 0 -14"><span class='ocrx_word' id='word_1_17' title='bbox 361 538 476 587; x_wconf 78' lang='grc' dir='ltr'><strong><em>δῶν,</em></strong></span> <span class='ocrx_word' id='word_1_18' title='bbox 503 532 578 577; x_wconf 86' lang='grc' dir='ltr'><strong><em>καὶ</em></strong></span> <span class='ocrx_word' id='word_1_19' title='bbox 606 531 745 590; x_wconf 73' lang='grc' dir='ltr'><strong><em>ἔχοιτο</em></strong></span> <span class='ocrx_word' id='word_1_20' title='bbox 774 538 969 590; x_wconf 87' lang='grc' dir='ltr'><strong><em>Κροῖσος</em></strong></span> <span class='ocrx_word' id='word_1_21' title='bbox 1003 539 1252 593; x_wconf 79' lang='grc' dir='ltr'><strong><em>ζωγρηθείς.</em></strong></span> <span class='ocrx_word' id='word_1_22' title='bbox 1285 536 1401 580; x_wconf 79' lang='grc' dir='ltr'><strong><em>οὕτω</em></strong></span> <span class='ocrx_word' id='word_1_23' title='bbox 1422 535 1476 593; x_wconf 84' lang='grc' dir='ltr'><strong><em>δὴ</em></strong></span> <span class='ocrx_word' id='word_1_24' title='bbox 1499 530 1626 580; x_wconf 78' lang='grc' dir='ltr'><strong><em>οὗτοι</em></strong></span> 
     </span>
     <span class='ocr_line' id='line_1_5' title="bbox 358 613 1576 672; baseline 0 -14"><span class='ocrx_word' id='word_1_25' title='bbox 358 614 459 670; x_wconf 72' lang='grc' dir='ltr'><strong><em>μὲν,</em></strong></span> <span class='ocrx_word' id='word_1_26' title='bbox 491 613 728 669; x_wconf 80' lang='grc' dir='ltr'><strong><em>συμφορήν</em></strong></span> <span class='ocrx_word' id='word_1_27' title='bbox 755 613 1046 671; x_wconf 78' lang='grc' dir='ltr'><strong><em>ποιησάμενοι</em></strong></span> <span class='ocrx_word' id='word_1_28' title='bbox 1075 615 1291 672; x_wconf 78' lang='grc' dir='ltr'><em>μεγάλην,</em></span> <span class='ocrx_word' id='word_1_29' title='bbox 1322 615 1576 660; x_wconf 80' lang='grc' dir='ltr'><strong><em>ἐπέπαυντο.</em></strong></span> 
     </span>
     <span class='ocr_line' id='line_1_6' title="bbox 471 689 1625 751; baseline 0.002 -15"><span class='ocrx_word' id='word_1_30' title='bbox 471 691 664 748; x_wconf 80' lang='grc' dir='ltr'><strong><em>Σάρδιες</em></strong></span> <span class='ocrx_word' id='word_1_31' title='bbox 694 692 739 737; x_wconf 79' lang='grc' dir='ltr'><strong><em>δὲ</em></strong></span> <span class='ocrx_word' id='word_1_32' title='bbox 767 693 944 750; x_wconf 78' lang='grc' dir='ltr'><strong><em>ἥλωσαν</em></strong></span> <span class='ocrx_word' id='word_1_33' title='bbox 973 689 1068 739; x_wconf 71' lang='grc' dir='ltr'><strong><em>ὦδε.</em></strong></span> <span class='ocrx_word' id='word_1_34' title='bbox 1108 695 1254 751; x_wconf 76' lang='grc' dir='ltr'><strong><em>ἐπειδή</em></strong></span> <span class='ocrx_word' id='word_1_35' title='bbox 1285 695 1625 751; x_wconf 86' lang='grc' dir='ltr'><strong><em>τεσσερεσκαιδε-</em></strong></span> 
     </span>
     <span class='ocr_line' id='line_1_7' title="bbox 359 770 1628 834; baseline 0.002 -19"><span class='ocrx_word' id='word_1_36' title='bbox 359 770 466 828; x_wconf 82' lang='grc' dir='ltr'><strong><em>κάτη</em></strong></span> <span class='ocrx_word' id='word_1_37' title='bbox 497 771 663 827; x_wconf 84' lang='grc' dir='ltr'><strong><em>ἐγένετο</em></strong></span> <span class='ocrx_word' id='word_1_38' title='bbox 692 771 829 830; x_wconf 80' lang='grc' dir='ltr'><strong><em>ἡμέρη</em></strong></span> <span class='ocrx_word' id='word_1_39' title='bbox 859 774 1210 832; x_wconf 77' lang='grc' dir='ltr'><strong><em>πολιορκεομένῳ</em></strong></span> <span class='ocrx_word' id='word_1_40' title='bbox 1240 777 1444 834; x_wconf 81' lang='grc' dir='ltr'><strong><em>Κροίσῳ,</em></strong></span> <span class='ocrx_word' id='word_1_41' title='bbox 1473 777 1628 829; x_wconf 82' lang='grc' dir='ltr'><strong><em>Κῦρος</em></strong></span> 
     </span>
    </p>
   </div>
   <div class='ocr_carea' id='block_1_3' title="bbox 236 703 303 748">
    <p class='ocr_par' dir='ltr' id='par_1_3' title="bbox 236 703 303 748">
     <span class='ocr_line' id='line_1_8' title="bbox 236 703 303 748; baseline -0.015 0"><span class='ocrx_word' id='word_1_42' title='bbox 236 703 303 748; x_wconf 74' lang='lat'><strong><em>84</em></strong></span> 
     </span>
    </p>
   </div>
   <div class='ocr_carea' id='block_1_4' title="bbox 25 767 1683 937">
    <p class='ocr_par' dir='ltr' id='par_1_4' title="bbox 25 767 1683 937">
     <span class='ocr_line' id='line_1_9' title="bbox 25 767 304 800; baseline -0.004 -4"><span class='ocrx_word' id='word_1_43' title='bbox 25 767 100 800; x_wconf 65' lang='lat' dir='ltr'><strong><em>Quis</em></strong></span> <span class='ocrx_word' id='word_1_44' title='bbox 107 776 222 796; x_wconf 87' lang='lat' dir='ltr'>murum</span> <span class='ocrx_word' id='word_1_45' title='bbox 233 768 304 795; x_wconf 82' lang='lat' dir='ltr'>Sar-</span> 
     </span>
     <span class='ocr_line' id='line_1_10' title="bbox 25 802 302 841; baseline -0.004 -12"><span class='ocrx_word' id='word_1_46' title='bbox 25 802 147 829; x_wconf 73' lang='lat' dir='ltr'><strong><em>diannm</em></strong></span> <span class='ocrx_word' id='word_1_47' title='bbox 191 803 302 841; x_wconf 61' lang='lat' dir='ltr'>psimus</span> 
     </span>
     <span class='ocr_line' id='line_1_11' title="bbox 26 836 1683 937; baseline -0.002 -41"><span class='ocrx_word' id='word_1_48' title='bbox 26 836 302 937; x_wconf 46' lang='grc' dir='ltr'><strong><em>ἓῗιῖζζὲιῖἰῗῖῃέώὲέ</em></strong></span> <span class='ocrx_word' id='word_1_49' title='bbox 357 855 412 909; x_wconf 85' lang='grc' dir='ltr'><strong><em>τῇ</em></strong></span> <span class='ocrx_word' id='word_1_50' title='bbox 442 855 623 908; x_wconf 80' lang='grc' dir='ltr'><strong><em>στρατιῇ</em></strong></span> <span class='ocrx_word' id='word_1_51' title='bbox 652 857 705 909; x_wconf 84' lang='grc' dir='ltr'><strong><em>τῇ</em></strong></span> <span class='ocrx_word' id='word_1_52' title='bbox 729 852 919 904; x_wconf 75' lang='grc' dir='ltr'><strong><em>ἑωυτοῦ,</em></strong></span> <span class='ocrx_word' id='word_1_53' title='bbox 949 852 1196 910; x_wconf 84' lang='grc' dir='ltr'><strong><em>διαπέμψας</em></strong></span> <span class='ocrx_word' id='word_1_54' title='bbox 1222 855 1400 905; x_wconf 85' lang='grc' dir='ltr'><strong><em>ἱππέας,</em></strong></span> <span class='ocrx_word' id='word_1_55' title='bbox 1429 859 1626 908; x_wconf 89' lang='grc' dir='ltr'><strong><em>προεῖπε,</em></strong></span> <span class='ocrx_word' id='word_1_56' title='bbox 1637 860 1683 893; x_wconf 75' lang='grc'><strong><em>20</em></strong></span> 
     </span>
     <span class='ocr_line' id='line_1_12' title="bbox 25 911 258 929; baseline 0.004 -1"><span class='ocrx_word' id='word_1_57' title='bbox 25 911 62 928; x_wconf 65' lang='grc'><strong><em>811</em></strong></span> <span class='ocrx_word' id='word_1_58' title='bbox 80 911 87 928; x_wconf 90' lang='grc'>1</span> <span class='ocrx_word' id='word_1_59' title='bbox 198 912 213 929; x_wconf 72' lang='lat' dir='ltr'>a</span> <span class='ocrx_word' id='word_1_60' title='bbox 231 912 258 929; x_wconf 72' lang='grc' dir='ltr'><strong><em>ἢ.</em></strong></span> 
     </span>
    </p>
   </div>
   <div class='ocr_carea' id='block_1_5' title="bbox 23 930 1625 1030">
    <p class='ocr_par' dir='ltr' id='par_1_5' title="bbox 23 930 1625 1030">
     <span class='ocr_line' id='line_1_13' title="bbox 23 930 1625 1005; baseline 0.001 -32"><span class='ocrx_word' id='word_1_61' title='bbox 23 936 143 996; x_wconf 51' lang='grc' dir='ltr'><strong><em>ἷξὲὲξξέ</em></strong></span> <span class='ocrx_word' id='word_1_62' title='bbox 167 942 302 1005; x_wconf 48' lang='lat' dir='ltr'><strong><em>‘&#39;gtggffl</em></strong></span> <span class='ocrx_word' id='word_1_63' title='bbox 335 935 428 989; x_wconf 70' lang='grc' dir='ltr'><strong><em>Ξτῷ</em></strong></span> <span class='ocrx_word' id='word_1_64' title='bbox 457 931 616 989; x_wconf 82' lang='grc' dir='ltr'><strong><em>πρώτῳ</em></strong></span> <span class='ocrx_word' id='word_1_65' title='bbox 647 930 849 988; x_wconf 77' lang='grc' dir='ltr'><strong><em>ἐπιβάντι</em></strong></span> <span class='ocrx_word' id='word_1_66' title='bbox 877 937 960 977; x_wconf 88' lang='grc' dir='ltr'><strong><em>τοῦ</em></strong></span> <span class='ocrx_word' id='word_1_67' title='bbox 990 935 1148 988; x_wconf 85' lang='grc' dir='ltr'><strong><em>τείχεος</em></strong></span> <span class='ocrx_word' id='word_1_68' title='bbox 1178 934 1299 986; x_wconf 78' lang='grc' dir='ltr'><strong><em>δῶρα</em></strong></span> <span class='ocrx_word' id='word_1_69' title='bbox 1319 931 1490 975; x_wconf 82' lang='grc' dir='ltr'><strong><em>δώσειν.</em></strong></span> <span class='ocrx_word' id='word_1_70' title='bbox 1520 931 1625 987; x_wconf 79' lang='grc' dir='ltr'><strong><em>μετὰ</em></strong></span> 
     </span>
     <span class='ocr_line' id='line_1_14' title="bbox 23 1010 109 1030; baseline 0.023 -2"><span class='ocrx_word' id='word_1_71' title='bbox 23 1010 109 1030; x_wconf 62' lang='lat' dir='ltr'><strong><em>unu-²·</em></strong></span> 
     </span>
    </p>
   </div>
   <div class='ocr_carea' id='block_1_6' title="bbox 322 1008 1745 1547">
    <p class='ocr_par' dir='ltr' id='par_1_6' title="bbox 322 1008 1745 1466">
     <span class='ocr_line' id='line_1_15' title="bbox 359 1008 1625 1069; baseline -0.001 -14"><span class='ocrx_word' id='word_1_72' title='bbox 359 1012 405 1055; x_wconf 80' lang='grc' dir='ltr'><strong><em>δὲ</em></strong></span> <span class='ocrx_word' id='word_1_73' title='bbox 433 1015 590 1065; x_wconf 82' lang='grc' dir='ltr'><strong><em>τοῦτο,</em></strong></span> <span class='ocrx_word' id='word_1_74' title='bbox 625 1013 943 1069; x_wconf 84' lang='grc' dir='ltr'><strong><em>πειρησαμένης</em></strong></span> <span class='ocrx_word' id='word_1_75' title='bbox 971 1017 1045 1069; x_wconf 87' lang='grc' dir='ltr'><strong><em>τῆς</em></strong></span> <span class='ocrx_word' id='word_1_76' title='bbox 1075 1016 1299 1068; x_wconf 86' lang='grc' dir='ltr'><strong><em>στρατιῆς,</em></strong></span> <span class='ocrx_word' id='word_1_77' title='bbox 1340 1009 1398 1063; x_wconf 77' lang='grc' dir='ltr'><strong><em>ὠς</em></strong></span> <span class='ocrx_word' id='word_1_78' title='bbox 1425 1008 1480 1055; x_wconf 80' lang='grc' dir='ltr'><strong><em>οὐ</em></strong></span> <span class='ocrx_word' id='word_1_79' title='bbox 1508 1027 1625 1066; x_wconf 91' lang='grc' dir='ltr'><strong><em>προ-</em></strong></span> 
     </span>
     <span class='ocr_line' id='line_1_16' title="bbox 354 1088 1623 1148; baseline -0.001 -14"><span class='ocrx_word' id='word_1_80' title='bbox 354 1089 534 1148; x_wconf 84' lang='grc' dir='ltr'><strong><em>εχώρεε,</em></strong></span> <span class='ocrx_word' id='word_1_81' title='bbox 594 1090 791 1135; x_wconf 80' lang='grc' dir='ltr'><strong><em>ἐνθαῦτα</em></strong></span> <span class='ocrx_word' id='word_1_82' title='bbox 826 1096 915 1135; x_wconf 76' lang='grc' dir='ltr'><strong><em>τῶν</em></strong></span> <span class='ocrx_word' id='word_1_83' title='bbox 954 1092 1097 1136; x_wconf 76' lang='grc' dir='ltr'><strong><em>ἄλλων</em></strong></span> <span class='ocrx_word' id='word_1_84' title='bbox 1141 1091 1454 1146; x_wconf 81' lang='grc' dir='ltr'><strong><em>πεπαυμένων,</em></strong></span> <span class='ocrx_word' id='word_1_85' title='bbox 1514 1088 1623 1147; x_wconf 78' lang='grc' dir='ltr'><strong><em>ἀνὴρ</em></strong></span> 
     </span>
     <span class='ocr_line' id='line_1_17' title="bbox 357 1163 1623 1230; baseline -0.002 -16"><span class='ocrx_word' id='word_1_86' title='bbox 357 1170 548 1226; x_wconf 81' lang='grc' dir='ltr'><strong><em>Μάρδος</em></strong></span> <span class='ocrx_word' id='word_1_87' title='bbox 577 1171 775 1226; x_wconf 82' lang='grc' dir='ltr'><strong><em>ἐπειρᾶτο</em></strong></span> <span class='ocrx_word' id='word_1_88' title='bbox 806 1173 1111 1229; x_wconf 87' lang='grc' dir='ltr'><strong><em>προσβαίνων,</em></strong></span> <span class='ocrx_word' id='word_1_89' title='bbox 1140 1175 1201 1230; x_wconf 80' lang='grc' dir='ltr'><strong><em>τῷ</em></strong></span> <span class='ocrx_word' id='word_1_90' title='bbox 1220 1169 1391 1226; x_wconf 81' lang='grc' dir='ltr'><strong><em>οὕνομα</em></strong></span> <span class='ocrx_word' id='word_1_91' title='bbox 1410 1163 1466 1226; x_wconf 81' lang='grc' dir='ltr'><strong><em>ἦν</em></strong></span> <span class='ocrx_word' id='word_1_92' title='bbox 1485 1167 1623 1224; x_wconf 63' lang='grc' dir='ltr'><strong><em>’Τροι-</em></strong></span> 
     </span>
     <span class='ocr_line' id='line_1_18' title="bbox 353 1247 1745 1308; baseline -0.001 -14"><span class='ocrx_word' id='word_1_93' title='bbox 353 1248 486 1306; x_wconf 79' lang='grc' dir='ltr'><strong><em>ἀδης,</em></strong></span> <span class='ocrx_word' id='word_1_94' title='bbox 525 1250 636 1294; x_wconf 79' lang='grc' dir='ltr'><strong><em>κατὰ</em></strong></span> <span class='ocrx_word' id='word_1_95' title='bbox 671 1255 804 1295; x_wconf 84' lang='grc' dir='ltr'><strong><em>τοῦτο</em></strong></span> <span class='ocrx_word' id='word_1_96' title='bbox 842 1255 921 1308; x_wconf 85' lang='grc' dir='ltr'><strong><em>τῆς</em></strong></span> <span class='ocrx_word' id='word_1_97' title='bbox 962 1250 1228 1306; x_wconf 76' lang='grc' dir='ltr'><strong><em>ἀκροπόλιος</em></strong></span> <span class='ocrx_word' id='word_1_98' title='bbox 1265 1253 1318 1307; x_wconf 87' lang='grc' dir='ltr'><strong><em>τῇ</em></strong></span> <span class='ocrx_word' id='word_1_99' title='bbox 1357 1247 1505 1300; x_wconf 79' lang='grc' dir='ltr'><strong><em>οὐδεὶς</em></strong></span> <span class='ocrx_word' id='word_1_100' title='bbox 1536 1249 1745 1303; x_wconf 68' lang='grc' dir='ltr'><strong><em>ἑτέ-2542</em></strong></span> 
     </span>
     <span class='ocr_line' id='line_1_19' title="bbox 353 1325 1622 1386; baseline 0 -13"><span class='ocrx_word' id='word_1_101' title='bbox 353 1345 487 1373; x_wconf 82' lang='grc' dir='ltr'><strong><em>τακτο</em></strong></span> <span class='ocrx_word' id='word_1_102' title='bbox 516 1327 738 1386; x_wconf 82' lang='grc' dir='ltr'><strong><em>φύλακος·</em></strong></span> <span class='ocrx_word' id='word_1_103' title='bbox 768 1327 823 1373; x_wconf 78' lang='grc' dir='ltr'><strong><em>οὐ</em></strong></span> <span class='ocrx_word' id='word_1_104' title='bbox 856 1328 942 1386; x_wconf 80' lang='grc' dir='ltr'><strong><em>γοὶρ</em></strong></span> <span class='ocrx_word' id='word_1_105' title='bbox 971 1325 1027 1386; x_wconf 80' lang='grc' dir='ltr'><strong><em>ἦν</em></strong></span> <span class='ocrx_word' id='word_1_106' title='bbox 1056 1329 1228 1383; x_wconf 80' lang='grc' dir='ltr'><strong><em>δεινόν,</em></strong></span> <span class='ocrx_word' id='word_1_107' title='bbox 1259 1328 1368 1373; x_wconf 80' lang='grc' dir='ltr'><strong><em>κατὰ</em></strong></span> <span class='ocrx_word' id='word_1_108' title='bbox 1400 1332 1532 1373; x_wconf 84' lang='grc' dir='ltr'><strong><em>τοῦτο</em></strong></span> <span class='ocrx_word' id='word_1_109' title='bbox 1561 1328 1622 1386; x_wconf 77' lang='grc' dir='ltr'><strong><em>μή</em></strong></span> 
     </span>
     <span class='ocr_line' id='line_1_20' title="bbox 322 1406 1621 1466; baseline 0.002 -17"><span class='ocrx_word' id='word_1_110' title='bbox 322 1406 452 1466; x_wconf 78' lang='grc' dir='ltr'><strong><em>3ἆλῷ</em></strong></span> <span class='ocrx_word' id='word_1_111' title='bbox 481 1409 593 1452; x_wconf 83' lang='grc' dir='ltr'><strong><em>κοτέ.</em></strong></span> <span class='ocrx_word' id='word_1_112' title='bbox 653 1407 877 1465; x_wconf 79' lang='grc' dir='ltr'><strong><em>ἀπότομός</em></strong></span> <span class='ocrx_word' id='word_1_113' title='bbox 904 1425 948 1452; x_wconf 89' lang='grc' dir='ltr'><strong><em>τε</em></strong></span> <span class='ocrx_word' id='word_1_114' title='bbox 977 1408 1061 1466; x_wconf 78' lang='grc' dir='ltr'><strong><em>γάρ</em></strong></span> <span class='ocrx_word' id='word_1_115' title='bbox 1093 1410 1181 1453; x_wconf 87' lang='grc' dir='ltr'><strong><em>ἐστι</em></strong></span> <span class='ocrx_word' id='word_1_116' title='bbox 1209 1408 1346 1465; x_wconf 86' lang='grc' dir='ltr'><strong><em>ταύτῃ</em></strong></span> <span class='ocrx_word' id='word_1_117' title='bbox 1374 1407 1402 1465; x_wconf 86' lang='grc' dir='ltr'><strong><em>ἡ</em></strong></span> <span class='ocrx_word' id='word_1_118' title='bbox 1432 1407 1621 1463; x_wconf 79' lang='grc' dir='ltr'><strong><em>ἀκρόπο-</em></strong></span> 
     </span>
    </p>

    <p class='ocr_par' dir='ltr' id='par_1_7' title="bbox 351 1485 1620 1547">
     <span class='ocr_line' id='line_1_21' title="bbox 351 1485 1620 1547; baseline 0 -15"><span class='ocrx_word' id='word_1_119' title='bbox 351 1491 440 1541; x_wconf 90' lang='grc' dir='ltr'><strong><em>λις,</em></strong></span> <span class='ocrx_word' id='word_1_120' title='bbox 470 1489 544 1532; x_wconf 83' lang='grc' dir='ltr'><strong><em>καὶ</em></strong></span> <span class='ocrx_word' id='word_1_121' title='bbox 576 1488 759 1546; x_wconf 77' lang='grc' dir='ltr'><strong><em>ἄμαχος·</em></strong></span> <span class='ocrx_word' id='word_1_122' title='bbox 801 1492 856 1547; x_wconf 83' lang='grc' dir='ltr'><strong><em>τῇ</em></strong></span> <span class='ocrx_word' id='word_1_123' title='bbox 886 1487 991 1534; x_wconf 80' lang='grc' dir='ltr'><strong><em>οὐδὲ</em></strong></span> <span class='ocrx_word' id='word_1_124' title='bbox 1021 1487 1201 1546; x_wconf 74' lang='grc' dir='ltr'><strong><em>Μήλης,</em></strong></span> <span class='ocrx_word' id='word_1_125' title='bbox 1245 1485 1269 1532; x_wconf 89' lang='grc' dir='ltr'>ὁ</span> <span class='ocrx_word' id='word_1_126' title='bbox 1300 1487 1517 1545; x_wconf 90' lang='grc' dir='ltr'><strong><em>πρότερον</em></strong></span> <span class='ocrx_word' id='word_1_127' title='bbox 1546 1491 1620 1544; x_wconf 86' lang='grc' dir='ltr'><strong><em>βα-</em></strong></span> 
     </span>
    </p>
   </div>
   <div class='ocr_carea' id='block_1_7' title="bbox 295 1609 569 1616">
    <p class='ocr_par' dir='ltr' id='par_1_8' title="bbox 295 1609 569 1616">
     <span class='ocr_line' id='line_1_22' title="bbox 295 1609 569 1616; baseline 0 1699"><span class='ocrx_word' id='word_1_128' title='bbox 295 1609 569 1616; x_wconf 95' lang='lat' dir='ltr'><strong><em> </em></strong></span> 
     </span>
    </p>
   </div>
   <div class='ocr_carea' id='block_1_8' title="bbox 285 1681 946 1847">
    <p class='ocr_par' dir='ltr' id='par_1_9' title="bbox 285 1681 946 1847">
     <span class='ocr_line' id='line_1_23' title="bbox 286 1681 946 1735; baseline 0.003 -16"><span class='ocrx_word' id='word_1_129' title='bbox 286 1687 374 1732; x_wconf 86' lang='lat' dir='ltr'>post</span> <span class='ocrx_word' id='word_1_130' title='bbox 392 1681 616 1724; x_wconf 78' lang='grc' dir='ltr'><strong><em>ἐπέπαυντο</em></strong></span> <span class='ocrx_word' id='word_1_131' title='bbox 644 1697 712 1735; x_wconf 88' lang='lat' dir='ltr'><strong><em>pro</em></strong></span> <span class='ocrx_word' id='word_1_132' title='bbox 733 1685 946 1735; x_wconf 88' lang='lat' dir='ltr'>imperfecto</span> 
     </span>
     <span class='ocr_line' id='line_1_24' title="bbox 285 1740 946 1791; baseline 0.006 -16"><span class='ocrx_word' id='word_1_133' title='bbox 285 1740 373 1788; x_wconf 86' lang='lat' dir='ltr'><strong><em>poni</em></strong></span> <span class='ocrx_word' id='word_1_134' title='bbox 423 1752 467 1777; x_wconf 86' lang='lat' dir='ltr'><strong><em>ex</em></strong></span> <span class='ocrx_word' id='word_1_135' title='bbox 500 1740 683 1778; x_wconf 81' lang='lat' dir='ltr'>Herodoti</span> <span class='ocrx_word' id='word_1_136' title='bbox 712 1755 799 1789; x_wconf 80' lang='lat' dir='ltr'>usu,</span> <span class='ocrx_word' id='word_1_137' title='bbox 838 1754 946 1791; x_wconf 91' lang='lat' dir='ltr'>quem</span> 
     </span>
     <span class='ocr_line' id='line_1_25' title="bbox 285 1795 946 1847; baseline 0.006 -16"><span class='ocrx_word' id='word_1_138' title='bbox 285 1795 358 1832; x_wconf 88' lang='lat' dir='ltr'><strong><em>iam</em></strong></span> <span class='ocrx_word' id='word_1_139' title='bbox 384 1809 495 1847; x_wconf 80' lang='lat' dir='ltr'>supra</span> <span class='ocrx_word' id='word_1_140' title='bbox 521 1799 569 1834; x_wconf 89' lang='lat' dir='ltr'><strong><em>ad</em></strong></span> <span class='ocrx_word' id='word_1_141' title='bbox 600 1798 639 1845; x_wconf 81' lang='grc' dir='ltr'><strong><em>Ι,</em></strong></span> <span class='ocrx_word' id='word_1_142' title='bbox 668 1801 721 1839; x_wconf 90' lang='grc'><strong><em>79</em></strong></span> <span class='ocrx_word' id='word_1_143' title='bbox 747 1798 946 1847; x_wconf 82' lang='lat' dir='ltr'><strong><em>attigimus,</em></strong></span> 
     </span>
    </p>
   </div>
   <div class='ocr_carea' id='block_1_9' title="bbox 281 1852 946 1959">
    <p class='ocr_par' dir='ltr' id='par_1_10' title="bbox 281 1852 946 1959">
     <span class='ocr_line' id='line_1_26' title="bbox 284 1852 946 1906; baseline 0.008 -18"><span class='ocrx_word' id='word_1_144' title='bbox 284 1852 457 1890; x_wconf 80' lang='lat' dir='ltr'>observat</span> <span class='ocrx_word' id='word_1_145' title='bbox 509 1853 640 1891; x_wconf 75' lang='lat' dir='ltr'><strong><em>Matth.</em></strong></span> <span class='ocrx_word' id='word_1_146' title='bbox 694 1853 730 1906; x_wconf 63' lang='grc' dir='ltr'><strong><em>ἓ.</em></strong></span> <span class='ocrx_word' id='word_1_147' title='bbox 762 1855 856 1896; x_wconf 87' lang='grc'><strong>505.</strong></span> <span class='ocrx_word' id='word_1_148' title='bbox 893 1855 946 1893; x_wconf 93' lang='lat' dir='ltr'><strong><em>IV</em></strong></span> 
     </span>
     <span class='ocr_line' id='line_1_27' title="bbox 281 1909 493 1959; baseline -0.019 -8"><span class='ocrx_word' id='word_1_149' title='bbox 281 1921 368 1959; x_wconf 80' lang='lat' dir='ltr'><strong><em>pag.</em></strong></span> <span class='ocrx_word' id='word_1_150' title='bbox 399 1909 493 1952; x_wconf 88' lang='lat'><strong>959.</strong></span> 
     </span>
    </p>
   </div>
   <div class='ocr_carea' id='block_1_10' title="bbox 436 1993 789 2045">
    <p class='ocr_par' dir='ltr' id='par_1_11' title="bbox 436 1993 789 2045">
     <span class='ocr_line' id='line_1_28' title="bbox 436 1993 789 2045; baseline 0.008 -15"><span class='ocrx_word' id='word_1_151' title='bbox 436 1993 468 2030; x_wconf 85' lang='lat' dir='ltr'>c</span> <span class='ocrx_word' id='word_1_152' title='bbox 480 2006 501 2031; x_wconf 82' lang='lat' dir='ltr'>a</span> <span class='ocrx_word' id='word_1_153' title='bbox 512 2008 550 2045; x_wconf 85' lang='lat' dir='ltr'><strong><em>p.</em></strong></span> <span class='ocrx_word' id='word_1_154' title='bbox 578 1993 789 2034; x_wconf 78' lang='lat' dir='ltr'><strong>Lxxxrv.</strong></span> 
     </span>
    </p>
   </div>
   <div class='ocr_carea' id='block_1_11' title="bbox 227 2073 943 2979">
    <p class='ocr_par' dir='ltr' id='par_1_12' title="bbox 227 2073 943 2935">
     <span class='ocr_line' id='line_1_29' title="bbox 339 2073 942 2133; baseline 0.007 -18"><span class='ocrx_word' id='word_1_155' title='bbox 339 2079 395 2132; x_wconf 77' lang='grc' dir='ltr'><strong><em>τῷ</em></strong></span> <span class='ocrx_word' id='word_1_156' title='bbox 413 2073 559 2133; x_wconf 78' lang='grc' dir='ltr'><strong><em>πρώτῳ</em></strong></span> <span class='ocrx_word' id='word_1_157' title='bbox 583 2076 764 2131; x_wconf 76' lang='grc' dir='ltr'><strong><em>ἐπιβάντι</em></strong></span> <span class='ocrx_word' id='word_1_158' title='bbox 786 2082 859 2119; x_wconf 86' lang='grc' dir='ltr'><strong><em>τοῦ</em></strong></span> <span class='ocrx_word' id='word_1_159' title='bbox 869 2081 942 2119; x_wconf 84' lang='grc' dir='ltr'><strong><em>τεί-</em></strong></span> 
     </span>
     <span class='ocr_line' id='line_1_30' title="bbox 282 2133 943 2186; baseline 0.005 -15"><span class='ocrx_word' id='word_1_160' title='bbox 282 2133 396 2184; x_wconf 80' lang='grc' dir='ltr'><strong><em>χεος]</em></strong></span> <span class='ocrx_word' id='word_1_161' title='bbox 422 2135 443 2171; x_wconf 90' lang='lat' dir='ltr'><strong><em>i.</em></strong></span> <span class='ocrx_word' id='word_1_162' title='bbox 465 2149 496 2173; x_wconf 91' lang='lat' dir='ltr'><strong><em>e.</em></strong></span> <span class='ocrx_word' id='word_1_163' title='bbox 526 2138 560 2172; x_wconf 69' lang='lat' dir='ltr'><strong><em>ei</em></strong></span> <span class='ocrx_word' id='word_1_164' title='bbox 579 2139 642 2186; x_wconf 77' lang='lat' dir='ltr'><strong><em>qui</em></strong></span> <span class='ocrx_word' id='word_1_165' title='bbox 655 2139 792 2186; x_wconf 62' lang='lat' dir='ltr'><strong><em>primus</em></strong></span> <span class='ocrx_word' id='word_1_166' title='bbox 810 2140 943 2174; x_wconf 77' lang='lat' dir='ltr'><strong><em>moenia</em></strong></span> 
     </span>
     <span class='ocr_line' id='line_1_31' title="bbox 283 2190 942 2243; baseline 0.009 -18"><span class='ocrx_word' id='word_1_167' title='bbox 283 2190 513 2229; x_wconf 66' lang='lat' dir='ltr'><strong><em>adscenderit.</em></strong></span> <span class='ocrx_word' id='word_1_168' title='bbox 554 2193 714 2230; x_wconf 82' lang='lat' dir='ltr'><strong><em>Genitivi</em></strong></span> <span class='ocrx_word' id='word_1_169' title='bbox 733 2207 838 2230; x_wconf 86' lang='lat' dir='ltr'>usum</span> <span class='ocrx_word' id='word_1_170' title='bbox 855 2198 942 2243; x_wconf 86' lang='lat' dir='ltr'>post</span> 
     </span>
     <span class='ocr_line' id='line_1_32' title="bbox 282 2248 939 2300; baseline 0.008 -17"><span class='ocrx_word' id='word_1_171' title='bbox 282 2248 431 2284; x_wconf 78' lang='lat' dir='ltr'>verbum</span> <span class='ocrx_word' id='word_1_172' title='bbox 479 2248 700 2300; x_wconf 80' lang='grc' dir='ltr'><strong><em>ἐπιβαίνειν</em></strong></span> <span class='ocrx_word' id='word_1_173' title='bbox 752 2251 790 2287; x_wconf 89' lang='lat' dir='ltr'><strong><em>in</em></strong></span> <span class='ocrx_word' id='word_1_174' title='bbox 840 2250 939 2288; x_wconf 87' lang='lat' dir='ltr'>hisce</span> 
     </span>
     <span class='ocr_line' id='line_1_33' title="bbox 281 2303 936 2354; baseline 0.005 -14"><span class='ocrx_word' id='word_1_175' title='bbox 281 2303 456 2353; x_wconf 81' lang='lat' dir='ltr'><strong><em>exemplis</em></strong></span> <span class='ocrx_word' id='word_1_176' title='bbox 474 2305 731 2343; x_wconf 81' lang='lat' dir='ltr'>illustravimus</span> <span class='ocrx_word' id='word_1_177' title='bbox 750 2307 798 2343; x_wconf 85' lang='lat' dir='ltr'><strong><em>ad</em></strong></span> <span class='ocrx_word' id='word_1_178' title='bbox 810 2306 936 2354; x_wconf 83' lang='lat' dir='ltr'><strong>Pyrrh.</strong></span> 
     </span>
     <span class='ocr_line' id='line_1_34' title="bbox 276 2362 935 2414; baseline 0.006 -20"><span class='ocrx_word' id='word_1_179' title='bbox 276 2372 313 2409; x_wconf 88' lang='lat' dir='ltr'><strong><em>p.</em></strong></span> <span class='ocrx_word' id='word_1_180' title='bbox 336 2363 430 2401; x_wconf 82' lang='lat'><strong>214.</strong></span> <span class='ocrx_word' id='word_1_181' title='bbox 465 2362 502 2398; x_wconf 86' lang='grc' dir='ltr'><strong><em>Ιη</em></strong></span> <span class='ocrx_word' id='word_1_182' title='bbox 523 2364 686 2412; x_wconf 74' lang='lat' dir='ltr'><strong><em>proxime</em></strong></span> <span class='ocrx_word' id='word_1_183' title='bbox 705 2363 935 2414; x_wconf 81' lang='lat' dir='ltr'>praegressis</span> 
     </span>
     <span class='ocr_line' id='line_1_35' title="bbox 276 2419 934 2470; baseline 0.012 -19"><span class='ocrx_word' id='word_1_184' title='bbox 276 2420 363 2452; x_wconf 82' lang='lat' dir='ltr'><strong><em>nota</em></strong></span> <span class='ocrx_word' id='word_1_185' title='bbox 385 2430 491 2453; x_wconf 87' lang='lat' dir='ltr'>usum</span> <span class='ocrx_word' id='word_1_186' title='bbox 509 2419 687 2469; x_wconf 76' lang='lat' dir='ltr'><strong><em>participii</em></strong></span> <span class='ocrx_word' id='word_1_187' title='bbox 709 2420 934 2470; x_wconf 78' lang='grc' dir='ltr'><strong><em>(πολιορκε-</em></strong></span> 
     </span>
     <span class='ocr_line' id='line_1_36' title="bbox 276 2470 934 2526; baseline 0.003 -16"><span class='ocrx_word' id='word_1_188' title='bbox 276 2470 425 2526; x_wconf 80' lang='grc' dir='ltr'><strong><em>ομένῳ)</em></strong></span> <span class='ocrx_word' id='word_1_189' title='bbox 446 2475 492 2510; x_wconf 88' lang='lat' dir='ltr'><strong><em>ad</em></strong></span> <span class='ocrx_word' id='word_1_190' title='bbox 522 2479 665 2525; x_wconf 71' lang='lat' dir='ltr'>tempus</span> <span class='ocrx_word' id='word_1_191' title='bbox 686 2476 934 2523; x_wconf 84' lang='lat' dir='ltr'><strong><em>indicandum,</em></strong></span> 
     </span>
     <span class='ocr_line' id='line_1_37' title="bbox 272 2528 934 2583; baseline 0.011 -20"><span class='ocrx_word' id='word_1_192' title='bbox 272 2528 320 2566; x_wconf 89' lang='lat' dir='ltr'><strong><em>de</em></strong></span> <span class='ocrx_word' id='word_1_193' title='bbox 365 2541 437 2578; x_wconf 88' lang='lat' dir='ltr'><strong><em>quo</em></strong></span> <span class='ocrx_word' id='word_1_194' title='bbox 488 2529 665 2569; x_wconf 78' lang='lat' dir='ltr'>Matthiae</span> <span class='ocrx_word' id='word_1_195' title='bbox 712 2531 748 2583; x_wconf 83' lang='lat'><strong><em>§.</em></strong></span> <span class='ocrx_word' id='word_1_196' title='bbox 779 2533 885 2579; x_wconf 84' lang='lat'>388,</span> <span class='ocrx_word' id='word_1_197' title='bbox 914 2546 934 2570; x_wconf 88' lang='lat' dir='ltr'>c</span> 
     </span>
     <span class='ocr_line' id='line_1_38' title="bbox 227 2587 932 2638; baseline 0.009 -19"><span class='ocrx_word' id='word_1_198' title='bbox 227 2632 231 2636; x_wconf 90' lang='lat'><strong>.</strong></span> <span class='ocrx_word' id='word_1_199' title='bbox 271 2597 357 2635; x_wconf 83' lang='lat' dir='ltr'><strong><em>pag.</em></strong></span> <span class='ocrx_word' id='word_1_200' title='bbox 384 2588 463 2626; x_wconf 83' lang='grc'><strong><em>711</em></strong></span> <span class='ocrx_word' id='word_1_201' title='bbox 486 2599 566 2636; x_wconf 89' lang='lat' dir='ltr'><strong><em>seq.</em></strong></span> <span class='ocrx_word' id='word_1_202' title='bbox 597 2609 653 2615; x_wconf 69' lang='lat'><strong><em>—-</em></strong></span> <span class='ocrx_word' id='word_1_203' title='bbox 678 2587 794 2625; x_wconf 85' lang='lat' dir='ltr'>Paulo</span> <span class='ocrx_word' id='word_1_204' title='bbox 823 2593 932 2638; x_wconf 87' lang='lat' dir='ltr'>post:</span> 
     </span>
     <span class='ocr_line' id='line_1_39' title="bbox 272 2637 933 2694; baseline 0.003 -15"><span class='ocrx_word' id='word_1_205' title='bbox 272 2638 328 2687; x_wconf 70' lang='lat' dir='ltr'><strong><em>w‘s·</em></strong></span> <span class='ocrx_word' id='word_1_206' title='bbox 351 2637 402 2679; x_wconf 85' lang='grc' dir='ltr'><strong><em>ου’</em></strong></span> <span class='ocrx_word' id='word_1_207' title='bbox 425 2639 648 2694; x_wconf 73' lang='grc' dir='ltr'><strong><em>προεχώρεε</em></strong></span> <span class='ocrx_word' id='word_1_208' title='bbox 666 2644 775 2691; x_wconf 74' lang='grc' dir='ltr'><strong><em>(,,υὺι“</em></strong></span> <span class='ocrx_word' id='word_1_209' title='bbox 795 2657 848 2681; x_wconf 83' lang='lat' dir='ltr'><strong><em>res</em></strong></span> <span class='ocrx_word' id='word_1_210' title='bbox 865 2658 933 2681; x_wconf 81' lang='lat' dir='ltr'><strong><em>non</em></strong></span> 
     </span>
     <span class='ocr_line' id='line_1_40' title="bbox 268 2699 933 2748; baseline 0.008 -15"><span class='ocrx_word' id='word_1_211' title='bbox 268 2700 435 2735; x_wconf 71' lang='lat' dir='ltr'><strong><em>successit</em></strong></span> <span class='ocrx_word' id='word_1_212' title='bbox 445 2699 497 2747; x_wconf 84' lang='lat'><strong><em>“)</em></strong></span> <span class='ocrx_word' id='word_1_213' title='bbox 548 2700 642 2738; x_wconf 88' lang='lat' dir='ltr'>bene</span> <span class='ocrx_word' id='word_1_214' title='bbox 685 2701 845 2748; x_wconf 87' lang='lat' dir='ltr'><strong><em>editum,</em></strong></span> <span class='ocrx_word' id='word_1_215' title='bbox 895 2706 933 2738; x_wconf 91' lang='lat' dir='ltr'><strong><em>et</em></strong></span> 
     </span>
     <span class='ocr_line' id='line_1_41' title="bbox 268 2754 930 2804; baseline 0.006 -15"><span class='ocrx_word' id='word_1_216' title='bbox 268 2754 465 2804; x_wconf 80' lang='lat' dir='ltr'>probatum</span> <span class='ocrx_word' id='word_1_217' title='bbox 510 2755 556 2803; x_wconf 90' lang='lat' dir='ltr'><strong><em>V,</em></strong></span> <span class='ocrx_word' id='word_1_218' title='bbox 594 2759 660 2798; x_wconf 79' lang='grc'><strong><em>62.</em></strong></span> <span class='ocrx_word' id='word_1_219' title='bbox 692 2756 801 2804; x_wconf 80' lang='lat' dir='ltr'>Vlss,</span> <span class='ocrx_word' id='word_1_220' title='bbox 838 2759 930 2798; x_wconf 80' lang='lat'><strong>102.</strong></span> 
     </span>
     <span class='ocr_line' id='line_1_42' title="bbox 269 2809 929 2864; baseline 0.011 -18"><span class='ocrx_word' id='word_1_221' title='bbox 269 2809 395 2848; x_wconf 89' lang='lat' dir='ltr'>Minus</span> <span class='ocrx_word' id='word_1_222' title='bbox 411 2817 511 2850; x_wconf 88' lang='lat' dir='ltr'>recte</span> <span class='ocrx_word' id='word_1_223' title='bbox 527 2812 608 2850; x_wconf 85' lang='lat' dir='ltr'>libri</span> <span class='ocrx_word' id='word_1_224' title='bbox 625 2813 772 2862; x_wconf 85' lang='lat' dir='ltr'>quidam</span> <span class='ocrx_word' id='word_1_225' title='bbox 789 2825 929 2864; x_wconf 83' lang='grc' dir='ltr'><strong><em>προσε-</em></strong></span> 
     </span>
     <span class='ocr_line' id='line_1_43' title="bbox 270 2862 408 2935; baseline -0.007 -29"><span class='ocrx_word' id='word_1_226' title='bbox 270 2862 408 2935; x_wconf 60' lang='grc' dir='ltr'><strong><em>χώρεε.1</em></strong></span> 
     </span>
    </p>

    <p class='ocr_par' dir='ltr' id='par_1_13' title="bbox 325 2920 929 2979">
     <span class='ocr_line' id='line_1_44' title="bbox 325 2920 929 2979; baseline 0.003 -16"><span class='ocrx_word' id='word_1_227' title='bbox 325 2938 433 2976; x_wconf 84' lang='grc' dir='ltr'><strong><em>ανηρ</em></strong></span> <span class='ocrx_word' id='word_1_228' title='bbox 453 2920 627 2976; x_wconf 79' lang='grc' dir='ltr'><strong><em>Μάρδος</em></strong></span> <span class='ocrx_word' id='word_1_229' title='bbox 646 2945 702 2952; x_wconf 86' lang='lat'>—</span> <span class='ocrx_word' id='word_1_230' title='bbox 723 2925 777 2979; x_wconf 82' lang='grc' dir='ltr'><strong><em>τῷ</em></strong></span> <span class='ocrx_word' id='word_1_231' title='bbox 802 2921 929 2965; x_wconf 76' lang='grc' dir='ltr'><strong><em>οὔνο-</em></strong></span> 
     </span>
    </p>
   </div>
   <div class='ocr_carea' id='block_1_12' title="bbox 1000 1678 1675 2979">
    <p class='ocr_par' dir='ltr' id='par_1_14' title="bbox 1008 1678 1675 2342">
     <span class='ocr_line' id='line_1_45' title="bbox 1016 1678 1674 1736; baseline -0.006 -12"><span class='ocrx_word' id='word_1_232' title='bbox 1016 1698 1071 1734; x_wconf 86' lang='grc' dir='ltr'><strong><em>μα</em></strong></span> <span class='ocrx_word' id='word_1_233' title='bbox 1092 1678 1146 1735; x_wconf 74' lang='grc' dir='ltr'><strong><em>ἦν</em></strong></span> <span class='ocrx_word' id='word_1_234' title='bbox 1169 1679 1402 1736; x_wconf 71' lang='grc' dir='ltr'><strong><em>Ὑροιάδης]</em></strong></span> <span class='ocrx_word' id='word_1_235' title='bbox 1444 1683 1505 1722; x_wconf 86' lang='lat' dir='ltr'><strong><em>De</em></strong></span> <span class='ocrx_word' id='word_1_236' title='bbox 1531 1682 1674 1722; x_wconf 81' lang='lat' dir='ltr'>Mardis</span> 
     </span>
     <span class='ocr_line' id='line_1_46' title="bbox 1015 1740 1675 1789; baseline 0.002 -12"><span class='ocrx_word' id='word_1_237' title='bbox 1015 1741 1109 1778; x_wconf 86' lang='lat' dir='ltr'>insra</span> <span class='ocrx_word' id='word_1_238' title='bbox 1128 1742 1176 1778; x_wconf 89' lang='lat' dir='ltr'><strong><em>ad</em></strong></span> <span class='ocrx_word' id='word_1_239' title='bbox 1197 1741 1237 1789; x_wconf 88' lang='grc' dir='ltr'><strong><em>Ι,</em></strong></span> <span class='ocrx_word' id='word_1_240' title='bbox 1255 1742 1346 1783; x_wconf 76' lang='lat'><strong>125.</strong></span> <span class='ocrx_word' id='word_1_241' title='bbox 1377 1741 1451 1788; x_wconf 86' lang='lat'>111,</span> <span class='ocrx_word' id='word_1_242' title='bbox 1476 1741 1542 1782; x_wconf 84' lang='lat'><strong><em>94.</em></strong></span> <span class='ocrx_word' id='word_1_243' title='bbox 1590 1740 1675 1778; x_wconf 81' lang='lat' dir='ltr'><strong><em>Hoc</em></strong></span> 
     </span>
     <span class='ocr_line' id='line_1_47' title="bbox 1015 1797 1671 1845; baseline 0.005 -11"><span class='ocrx_word' id='word_1_244' title='bbox 1015 1797 1094 1835; x_wconf 89' lang='lat' dir='ltr'>loco</span> <span class='ocrx_word' id='word_1_245' title='bbox 1115 1811 1159 1835; x_wconf 86' lang='lat' dir='ltr'><strong><em>ex</em></strong></span> <span class='ocrx_word' id='word_1_246' title='bbox 1178 1798 1352 1836; x_wconf 87' lang='lat' dir='ltr'><strong><em>Heerenii</em></strong></span> <span class='ocrx_word' id='word_1_247' title='bbox 1373 1798 1486 1836; x_wconf 87' lang='lat' dir='ltr'>Ideen</span> <span class='ocrx_word' id='word_1_248' title='bbox 1513 1801 1579 1835; x_wconf 85' lang='lat' dir='ltr'><strong><em>etc.</em></strong></span> <span class='ocrx_word' id='word_1_249' title='bbox 1602 1797 1632 1845; x_wconf 91' lang='lat' dir='ltr'><strong><em>I,</em></strong></span> <span class='ocrx_word' id='word_1_250' title='bbox 1647 1801 1671 1838; x_wconf 90' lang='lat'>1</span> 
     </span>
     <span class='ocr_line' id='line_1_48' title="bbox 1013 1853 1673 1905; baseline -0.002 -15"><span class='ocrx_word' id='word_1_251' title='bbox 1013 1867 1100 1905; x_wconf 82' lang='lat' dir='ltr'><strong><em>pag.</em></strong></span> <span class='ocrx_word' id='word_1_252' title='bbox 1125 1854 1206 1896; x_wconf 89' lang='lat'><strong><em>510</em></strong></span> <span class='ocrx_word' id='word_1_253' title='bbox 1237 1859 1475 1903; x_wconf 79' lang='lat' dir='ltr'><strong>annotamus,</strong></span> <span class='ocrx_word' id='word_1_254' title='bbox 1504 1853 1673 1900; x_wconf 84' lang='lat' dir='ltr'>Mardos,</span> 
     </span>
     <span class='ocr_line' id='line_1_49' title="bbox 1014 1910 1671 1960; baseline 0 -13"><span class='ocrx_word' id='word_1_255' title='bbox 1014 1916 1163 1960; x_wconf 80' lang='lat' dir='ltr'>gentem</span> <span class='ocrx_word' id='word_1_256' title='bbox 1197 1910 1430 1958; x_wconf 84' lang='lat' dir='ltr'>Nomadum,</span> <span class='ocrx_word' id='word_1_257' title='bbox 1471 1911 1556 1948; x_wconf 90' lang='lat' dir='ltr'><strong><em>olim</em></strong></span> <span class='ocrx_word' id='word_1_258' title='bbox 1580 1910 1671 1948; x_wconf 90' lang='lat' dir='ltr'>Per-</span> 
     </span>
     <span class='ocr_line' id='line_1_50' title="bbox 1014 1967 1670 2018; baseline -0.002 -15"><span class='ocrx_word' id='word_1_259' title='bbox 1014 1980 1137 2004; x_wconf 81' lang='lat' dir='ltr'>sarum</span> <span class='ocrx_word' id='word_1_260' title='bbox 1168 1972 1205 2005; x_wconf 94' lang='lat' dir='ltr'><strong><em>et</em></strong></span> <span class='ocrx_word' id='word_1_261' title='bbox 1232 1968 1347 2018; x_wconf 86' lang='lat' dir='ltr'>ipsius</span> <span class='ocrx_word' id='word_1_262' title='bbox 1378 1968 1466 2016; x_wconf 66' lang='lat' dir='ltr'><strong><em>Cyn·</em></strong></span> <span class='ocrx_word' id='word_1_263' title='bbox 1493 1967 1670 2005; x_wconf 88' lang='lat' dir='ltr'>exercitus</span> 
     </span>
     <span class='ocr_line' id='line_1_51' title="bbox 1015 2025 1671 2073; baseline -0.005 -12"><span class='ocrx_word' id='word_1_264' title='bbox 1015 2025 1143 2061; x_wconf 88' lang='lat' dir='ltr'>eodem</span> <span class='ocrx_word' id='word_1_265' title='bbox 1165 2026 1275 2061; x_wconf 88' lang='lat' dir='ltr'>modo</span> <span class='ocrx_word' id='word_1_266' title='bbox 1297 2028 1442 2062; x_wconf 83' lang='lat' dir='ltr'>secutos</span> <span class='ocrx_word' id='word_1_267' title='bbox 1463 2037 1566 2071; x_wconf 84' lang='lat' dir='ltr'>esse,</span> <span class='ocrx_word' id='word_1_268' title='bbox 1596 2036 1671 2073; x_wconf 86' lang='lat' dir='ltr'><strong><em>quo</em></strong></span> 
     </span>
     <span class='ocr_line' id='line_1_52' title="bbox 1012 2079 1670 2129; baseline -0.002 -12"><span class='ocrx_word' id='word_1_269' title='bbox 1012 2092 1108 2118; x_wconf 86' lang='lat' dir='ltr'>nunc</span> <span class='ocrx_word' id='word_1_270' title='bbox 1127 2081 1331 2118; x_wconf 81' lang='lat' dir='ltr'>Russorum</span> <span class='ocrx_word' id='word_1_271' title='bbox 1353 2081 1547 2118; x_wconf 81' lang='lat' dir='ltr'>exercitum</span> <span class='ocrx_word' id='word_1_272' title='bbox 1565 2079 1670 2129; x_wconf 86' lang='lat' dir='ltr'>sequi</span> 
     </span>
     <span class='ocr_line' id='line_1_53' title="bbox 1011 2135 1668 2186; baseline 0 -13"><span class='ocrx_word' id='word_1_273' title='bbox 1011 2138 1176 2174; x_wconf 86' lang='lat' dir='ltr'>videmus</span> <span class='ocrx_word' id='word_1_274' title='bbox 1208 2150 1270 2174; x_wconf 84' lang='lat' dir='ltr'><strong><em>eas</em></strong></span> <span class='ocrx_word' id='word_1_275' title='bbox 1303 2142 1455 2186; x_wconf 82' lang='lat' dir='ltr'>gentes,</span> <span class='ocrx_word' id='word_1_276' title='bbox 1487 2150 1582 2186; x_wconf 81' lang='lat' dir='ltr'>quae</span> <span class='ocrx_word' id='word_1_277' title='bbox 1612 2135 1668 2174; x_wconf 86' lang='lat' dir='ltr'><strong><em>vel</em></strong></span> 
     </span>
     <span class='ocr_line' id='line_1_54' title="bbox 1009 2193 1669 2231; baseline 0 -2"><span class='ocrx_word' id='word_1_278' title='bbox 1009 2193 1268 2231; x_wconf 82' lang='lat' dir='ltr'>Basckirorum</span> <span class='ocrx_word' id='word_1_279' title='bbox 1305 2193 1362 2231; x_wconf 69' lang='lat' dir='ltr'><strong><em>vel</em></strong></span> <span class='ocrx_word' id='word_1_280' title='bbox 1382 2193 1669 2231; x_wconf 78' lang='lat' dir='ltr'><strong><em>Kalmiickorum</em></strong></span> 
     </span>
     <span class='ocr_line' id='line_1_55' title="bbox 1008 2249 1668 2300; baseline 0.003 -15"><span class='ocrx_word' id='word_1_281' title='bbox 1008 2249 1065 2286; x_wconf 89' lang='lat' dir='ltr'><strong><em>vel</em></strong></span> <span class='ocrx_word' id='word_1_282' title='bbox 1096 2251 1165 2287; x_wconf 83' lang='lat' dir='ltr'><strong><em>alio</em></strong></span> <span class='ocrx_word' id='word_1_283' title='bbox 1208 2251 1337 2300; x_wconf 86' lang='lat' dir='ltr'>quovis</span> <span class='ocrx_word' id='word_1_284' title='bbox 1376 2251 1484 2287; x_wconf 84' lang='lat' dir='ltr'>simili</span> <span class='ocrx_word' id='word_1_285' title='bbox 1520 2250 1668 2288; x_wconf 90' lang='lat' dir='ltr'>nomine</span> 
     </span>
     <span class='ocr_line' id='line_1_56' title="bbox 1008 2311 1208 2342; baseline 0 0"><span class='ocrx_word' id='word_1_286' title='bbox 1008 2311 1208 2342; x_wconf 81' lang='lat' dir='ltr'><strong><em>occurrant.</em></strong></span> 
     </span>
    </p>

    <p class='ocr_par' dir='ltr' id='par_1_15' title="bbox 1000 2356 1668 2862">
     <span class='ocr_line' id='line_1_57' title="bbox 1064 2356 1668 2412; baseline 0 -12"><span class='ocrx_word' id='word_1_287' title='bbox 1064 2358 1113 2400; x_wconf 88' lang='grc' dir='ltr'><strong><em>ου’</em></strong></span> <span class='ocrx_word' id='word_1_288' title='bbox 1131 2360 1207 2412; x_wconf 76' lang='grc' dir='ltr'><strong><em>γὰρ</em></strong></span> <span class='ocrx_word' id='word_1_289' title='bbox 1227 2356 1280 2412; x_wconf 70' lang='grc' dir='ltr'><strong><em>ἦν</em></strong></span> <span class='ocrx_word' id='word_1_290' title='bbox 1301 2359 1445 2410; x_wconf 83' lang='grc' dir='ltr'><strong><em>δεινὸν,</em></strong></span> <span class='ocrx_word' id='word_1_291' title='bbox 1463 2358 1564 2401; x_wconf 77' lang='grc' dir='ltr'><strong><em>κατοέ</em></strong></span> <span class='ocrx_word' id='word_1_292' title='bbox 1577 2363 1668 2401; x_wconf 81' lang='grc' dir='ltr'><strong><em>τοῦ-</em></strong></span> 
     </span>
     <span class='ocr_line' id='line_1_58' title="bbox 1004 2416 1667 2472; baseline -0.002 -16"><span class='ocrx_word' id='word_1_293' title='bbox 1004 2431 1048 2456; x_wconf 88' lang='grc' dir='ltr'><strong><em>το</em></strong></span> <span class='ocrx_word' id='word_1_294' title='bbox 1085 2416 1137 2468; x_wconf 76' lang='grc' dir='ltr'><strong><em>μὴ</em></strong></span> <span class='ocrx_word' id='word_1_295' title='bbox 1168 2418 1252 2472; x_wconf 73' lang='grc' dir='ltr'><strong><em>ἁλῷ</em></strong></span> <span class='ocrx_word' id='word_1_296' title='bbox 1287 2417 1398 2469; x_wconf 83' lang='grc' dir='ltr'><strong><em>κοτέ]</em></strong></span> <span class='ocrx_word' id='word_1_297' title='bbox 1437 2419 1460 2456; x_wconf 91' lang='lat' dir='ltr'><strong><em>i.</em></strong></span> <span class='ocrx_word' id='word_1_298' title='bbox 1496 2432 1528 2456; x_wconf 94' lang='lat' dir='ltr'><strong><em>e.</em></strong></span> <span class='ocrx_word' id='word_1_299' title='bbox 1564 2431 1667 2466; x_wconf 82' lang='lat' dir='ltr'><strong><em>„non</em></strong></span> 
     </span>
     <span class='ocr_line' id='line_1_59' title="bbox 1004 2475 1666 2524; baseline 0 -14"><span class='ocrx_word' id='word_1_300' title='bbox 1004 2476 1093 2511; x_wconf 79' lang='lat' dir='ltr'><strong><em>enim</em></strong></span> <span class='ocrx_word' id='word_1_301' title='bbox 1116 2476 1326 2522; x_wconf 73' lang='lat' dir='ltr'><strong><em>timebatur,</em></strong></span> <span class='ocrx_word' id='word_1_302' title='bbox 1346 2488 1388 2511; x_wconf 72' lang='lat' dir='ltr'><strong><em>ne</em></strong></span> <span class='ocrx_word' id='word_1_303' title='bbox 1409 2475 1476 2511; x_wconf 77' lang='lat' dir='ltr'><strong><em>hac</em></strong></span> <span class='ocrx_word' id='word_1_304' title='bbox 1481 2478 1587 2524; x_wconf 83' lang='lat' dir='ltr'>parte</span> <span class='ocrx_word' id='word_1_305' title='bbox 1597 2487 1666 2511; x_wconf 75' lang='lat' dir='ltr'><strong><em>ara:</em></strong></span> 
     </span>
     <span class='ocr_line' id='line_1_60' title="bbox 1003 2531 1666 2580; baseline 0.002 -14"><span class='ocrx_word' id='word_1_306' title='bbox 1003 2533 1223 2580; x_wconf 61' lang='lat' dir='ltr'><strong><em>capacturf‘</em></strong></span> <span class='ocrx_word' id='word_1_307' title='bbox 1234 2531 1500 2576; x_wconf 70' lang='lat' dir='ltr'>Astufitlocum,</span> <span class='ocrx_word' id='word_1_308' title='bbox 1513 2535 1666 2568; x_wconf 85' lang='lat' dir='ltr'>notante</span> 
     </span>
     <span class='ocr_line' id='line_1_61' title="bbox 1004 2587 1663 2636; baseline 0 -12"><span class='ocrx_word' id='word_1_309' title='bbox 1004 2587 1084 2634; x_wconf 56' lang='lat' dir='ltr'><strong><em>Cr„</em></strong></span> <span class='ocrx_word' id='word_1_310' title='bbox 1116 2588 1419 2636; x_wconf 80' lang='lat' dir='ltr'>VVyttenbachius</span> <span class='ocrx_word' id='word_1_311' title='bbox 1441 2588 1478 2623; x_wconf 87' lang='lat' dir='ltr'><strong><em>in</em></strong></span> <span class='ocrx_word' id='word_1_312' title='bbox 1499 2591 1663 2624; x_wconf 84' lang='lat' dir='ltr'>annotat.</span> 
     </span>
     <span class='ocr_line' id='line_1_62' title="bbox 1001 2642 1666 2694; baseline -0.002 -13"><span class='ocrx_word' id='word_1_313' title='bbox 1001 2645 1051 2681; x_wconf 83' lang='lat' dir='ltr'><strong><em>ad</em></strong></span> <span class='ocrx_word' id='word_1_314' title='bbox 1064 2643 1252 2681; x_wconf 86' lang='lat' dir='ltr'>Phaedon.</span> <span class='ocrx_word' id='word_1_315' title='bbox 1266 2657 1302 2694; x_wconf 92' lang='lat' dir='ltr'><strong><em>p.</em></strong></span> <span class='ocrx_word' id='word_1_316' title='bbox 1317 2644 1399 2685; x_wconf 76' lang='lat'><strong><em>223</em></strong></span> <span class='ocrx_word' id='word_1_317' title='bbox 1414 2644 1462 2681; x_wconf 85' lang='lat' dir='ltr'><strong><em>ad</em></strong></span> <span class='ocrx_word' id='word_1_318' title='bbox 1481 2642 1666 2680; x_wconf 84' lang='lat' dir='ltr'>illustran-</span> 
     </span>
     <span class='ocr_line' id='line_1_63' title="bbox 1001 2695 1662 2750; baseline 0.003 -13"><span class='ocrx_word' id='word_1_319' title='bbox 1001 2700 1086 2737; x_wconf 82' lang='lat' dir='ltr'><strong><em>dam</em></strong></span> <span class='ocrx_word' id='word_1_320' title='bbox 1104 2700 1298 2737; x_wconf 80' lang='lat' dir='ltr'>formulam</span> <span class='ocrx_word' id='word_1_321' title='bbox 1319 2695 1438 2739; x_wconf 85' lang='grc' dir='ltr'><strong><em>ου’δέν</em></strong></span> <span class='ocrx_word' id='word_1_322' title='bbox 1450 2696 1580 2739; x_wconf 75' lang='grc' dir='ltr'><strong><em>δεινὸν</em></strong></span> <span class='ocrx_word' id='word_1_323' title='bbox 1593 2695 1662 2750; x_wconf 73' lang='grc' dir='ltr'><strong><em>μή,</em></strong></span> 
     </span>
     <span class='ocr_line' id='line_1_64' title="bbox 1000 2755 1663 2806; baseline -0.002 -13"><span class='ocrx_word' id='word_1_324' title='bbox 1000 2756 1136 2794; x_wconf 75' lang='lat' dir='ltr'><strong><em>nullum</em></strong></span> <span class='ocrx_word' id='word_1_325' title='bbox 1162 2759 1213 2793; x_wconf 83' lang='lat' dir='ltr'><strong><em>est</em></strong></span> <span class='ocrx_word' id='word_1_326' title='bbox 1236 2756 1455 2806; x_wconf 80' lang='lat' dir='ltr'><strong><em>periculum,</em></strong></span> <span class='ocrx_word' id='word_1_327' title='bbox 1483 2768 1536 2792; x_wconf 81' lang='lat' dir='ltr'><strong><em>ne.</em></strong></span> <span class='ocrx_word' id='word_1_328' title='bbox 1586 2755 1663 2793; x_wconf 86' lang='lat' dir='ltr'><strong><em>Ubi</em></strong></span> 
     </span>
     <span class='ocr_line' id='line_1_65' title="bbox 1000 2811 1602 2862; baseline 0 -12"><span class='ocrx_word' id='word_1_329' title='bbox 1000 2813 1072 2850; x_wconf 84' lang='lat' dir='ltr'><strong><em>alia</em></strong></span> <span class='ocrx_word' id='word_1_330' title='bbox 1090 2826 1238 2862; x_wconf 83' lang='lat' dir='ltr'>quoque</span> <span class='ocrx_word' id='word_1_331' title='bbox 1260 2818 1405 2850; x_wconf 79' lang='lat' dir='ltr'>exstant</span> <span class='ocrx_word' id='word_1_332' title='bbox 1424 2811 1602 2862; x_wconf 82' lang='lat' dir='ltr'><strong><em>exempla.</em></strong></span> 
     </span>
    </p>

    <p class='ocr_par' dir='ltr' id='par_1_16' title="bbox 1003 2865 1661 2979">
     <span class='ocr_line' id='line_1_66' title="bbox 1054 2865 1661 2924; baseline -0.002 -16"><span class='ocrx_word' id='word_1_333' title='bbox 1054 2871 1105 2924; x_wconf 77' lang='grc' dir='ltr'><strong><em>τῇ</em></strong></span> <span class='ocrx_word' id='word_1_334' title='bbox 1125 2865 1221 2908; x_wconf 81' lang='grc' dir='ltr'><strong><em>ου’δὲ</em></strong></span> <span class='ocrx_word' id='word_1_335' title='bbox 1244 2865 1408 2919; x_wconf 86' lang='grc' dir='ltr'><strong><em>Μήλης,</em></strong></span> <span class='ocrx_word' id='word_1_336' title='bbox 1432 2867 1453 2909; x_wconf 87' lang='grc' dir='ltr'>ὁ</span> <span class='ocrx_word' id='word_1_337' title='bbox 1469 2865 1661 2920; x_wconf 83' lang='grc' dir='ltr'><strong><em>πρότερον</em></strong></span> 
     </span>
     <span class='ocr_line' id='line_1_67' title="bbox 1003 2922 1660 2979; baseline -0.003 -14"><span class='ocrx_word' id='word_1_338' title='bbox 1003 2922 1188 2977; x_wconf 70' lang='grc' dir='ltr'><strong><em>βασιλεύς</em></strong></span> <span class='ocrx_word' id='word_1_339' title='bbox 1200 2927 1390 2979; x_wconf 81' lang='grc' dir='ltr'><strong><em>Σαρδίων</em></strong></span> <span class='ocrx_word' id='word_1_340' title='bbox 1407 2941 1444 2964; x_wconf 84' lang='grc' dir='ltr'><strong><em>κ.</em></strong></span> <span class='ocrx_word' id='word_1_341' title='bbox 1453 2940 1486 2964; x_wconf 89' lang='grc' dir='ltr'><strong><em>τ.</em></strong></span> <span class='ocrx_word' id='word_1_342' title='bbox 1497 2926 1545 2972; x_wconf 86' lang='grc' dir='ltr'><strong><em>λ.]</em></strong></span> <span class='ocrx_word' id='word_1_343' title='bbox 1558 2924 1660 2963; x_wconf 81' lang='lat' dir='ltr'>Male</span> 
     </span>
    </p>
   </div>
   <div class='ocr_carea' id='block_1_13' title="bbox 1735 1847 1777 3315">
    <p class='ocr_par' dir='ltr' id='par_1_17' title="bbox 1735 1847 1777 3315">
     <span class='ocr_line' id='line_1_68' title="bbox 1735 1847 1777 3315; baseline 0 0"><span class='ocrx_word' id='word_1_344' title='bbox 1735 1847 1777 3315; x_wconf 95' lang='lat' dir='ltr'><strong><em> </em></strong></span> 
     </span>
    </p>
   </div>
  </div>
 </body>
</html>
