1805 3315
614 214 827 254 CLIO.
884 214 912 253 Ι.

1357 220 1413 260 15

102 330 200 384 Ξτῆς
235 327 392 384 ἔχθρης
415 325 490 380 τῆς
515 322 559 374 ἒς
591 323 696 376 τούς
710 324 931 381 ’Ἕλληνας
989 324 1098 379 Περὶ
1126 323 1173 368 δὲ
1198 327 1276 382 τῆς
1302 324 1412 378 Ἰοῦς

103 404 209 450 Βούκ
243 403 526 461 ὁμολογέουσι
564 401 758 460 Πέρσῃσι
792 403 909 448 οὕτω
951 405 1163 455 Φοίνικες.

1230 403 1285 448 οὐ
1326 404 1410 461 γὰρ

125 484 298 541 ἁρπαγῇ
327 482 461 538 σφέας
501 482 799 538 χρησαμένους
837 482 1013 539 λέγουσι
1060 481 1238 539 ἀγαγεῖν
1270 482 1409 541 αὐτὴν

123 566 168 616 ἐς
195 565 439 619 Αἴγυπτον,
468 559 557 604 ἀλλ’
577 561 633 612 ὡς
664 561 711 605 ἐν
736 566 796 619 τῷ
810 560 958 618 ’Ἀργεϊ
981 563 1173 618 ἐμίσγετο
1206 566 1266 619 τῷ
1301 573 1453 608 vav-75

123 641 268 700 κλήρῳ
304 644 379 696 τῆς
412 638 539 696 νηός”
570 639 660 684 ἐπεὶ
690 641 735 684 δὲ
763 641 924 697 ἔμαθεν
961 642 1116 697 ἔγκυος
1143 641 1300 694 ἐοῦσα,
1347 644 1410 686 αἰ-

123 721 304 777 δεομένη
328 718 431 771 vods
451 719 615 772 τοκέας,
645 720 761 764 οὕτω
792 721 845 777 δή
871 720 1106 777 ἐθελοντήν
1129 719 1267 777 αὐτὴν
1293 726 1410 766 τοῖσι

99 801 294 852 4Φοίνιξι
325 804 646 852 συνεκπλῶσαι,
680 799 739 852 ὥς
773 800 828 844 ἂν
851 800 907 858 μὴ
938 801 1182 858 κατάδηλος
1218 799 1407 857 γένηται.

99 884 257 929 5ταῦτα
280 879 359 935 μέν
381 896 466 923 νυν
497 879 663 933 Πέρσαι
694 897 738 924 τε
758 881 831 924 καὶ
856 883 1056 932 Φοίνικες
1082 880 1268 935 λέγουσι.
1300 879 1408 936 Ἐγώ

123 959 170 1002 δὲ
207 958 304 1014 περὶ
344 959 421 1014 μὲν
458 958 625 1003 τούτων
668 959 749 1004 οὐκ
784 961 961 1016 ἔρχομαι
999 959 1130 1014 ἐρέων
1172 958 1231 1011 ὥς
1269 960 1458 1012 οὕτωςεο

121 1037 151 1094 ἢ
177 1037 316 1090 ἄλλως
343 1055 429 1090 κως
458 1042 595 1083 ταῦτα
627 1040 814 1096 ἐγένετο·
844 1038 923 1082 τὸν
948 1038 994 1083 δὲ
1015 1037 1116 1083 οἶδα
1143 1037 1273 1090 αὐτὸς
1292 1043 1410 1094 πρῶ-

121 1133 200 1160 τον
249 1116 503 1173 ὑπάρξαντα
558 1117 722 1164 ἀδίκων
773 1119 914 1174 ἔργων
960 1116 1004 1169 ἐς
1043 1117 1147 1170 τούς
1181 1118 1411 1175 ’Έλληνας,

79 1316 126 1352 de
152 1314 216 1351 Ilio
242 1325 368 1351 revera
400 1325 422 1350 a
454 1314 604 1352 Graecis
630 1317 736 1364 capto

78 1371 322 1409 testimonium
342 1371 557 1408 confirmant
570 1371 628 1407 alii
645 1384 738 1420 quo—

79 1441 151 1478 que
180 1427 308 1464 Nostri
336 1426 422 1463 loci:
459 1427 513 1473 Il,
547 1430 626 1469 116
656 1441 737 1492 sqq.

81 1483 462 1532 V11‚43,161.IX,
490 1487 556 1525 27.
587 1484 675 1521 Mox
701 1486 738 1521 in

80 1541 199 1580 verbis
237 1535 285 1579 ου’
317 1555 390 1592 γαρ
417 1538 583 1608 αρπαγῇ
615 1539 739 1591 σφέας

81 1595 355 1651 χρησαμένους
386 1594 542 1648 λέγουσι
577 1612 611 1636 κ.
643 1612 674 1636 τ.
705 1600 738 1636 λ.

81 1654 284 1692 Accusativi
324 1666 403 1689 cum
438 1653 613 1691 infinitivo
645 1658 740 1691 stru-

82 1716 219 1749 cturam
252 1709 420 1760 praetulit
456 1709 613 1758 Noster,
660 1711 740 1747 loco

84 1766 294 1806 nominativi
327 1779 406 1802 cum
426 1766 624 1815 infinitivo,
652 1767 740 1815 utI,

84 1824 150 1866 34
184 1826 284 1870 171,
314 1822 407 1859 alibi

142 1887 224 1932 ἀλλ’
238 1907 292 1938 ως
303 1889 345 1930 ἓν
367 1893 421 1942 τῷ
435 1887 576 1945 ’Ἀργεῖ’
591 1890 739 1943 ἐμίσγε-

86 1965 130 1990 το
163 1951 220 2004 τῷ
258 1944 469 2001 νανκλήρω
502 1963 574 1999 της
613 1947 736 1999 νηός]

76 2004 196 2060 ’Ἀργε
201 2022 213 2044 ι
242 2006 337 2055 (pro
347 2002 502 2057 ’'Apya)
528 2005 737 2055 sclipsimus

89 2077 168 2101 cum
188 2063 303 2099 Schw.
323 2066 359 2099 et
380 2063 496 2099 Gaisf.
517 2083 573 2088 ——
589 2063 739 2115 Μίσγε-

14 2138 16 2140 ’
90 2124 190 2160 σθαι
226 2119 284 2156 hic
331 2119 377 2156 de
419 2118 552 2157 semina
589 2132 743 2170 usuipa-

89 2181 148 2214 tur
169 2175 270 2213 aliter
292 2179 401 2224 atque
421 2176 656 2213 Grammatiei
676 2177 744 2213 do-

91 2236 196 2280 cent,
230 2232 292 2282 qui
319 2232 366 2269 de
397 2233 473 2269 viro
496 2232 566 2269 dici
593 2237 744 2270 conten-

89 2291 191 2327 dunt.
247 2288 394 2327 Laudat
456 2289 541 2326 Cr.:
595 2289 746 2328 Homer.

90 2345 225 2394 Hymn.
259 2345 297 2382 in
326 2344 482 2383 Mercur.
511 2344 538 2386 4
559 2345 646 2395 ibiq.
676 2346 746 2382 Er-

90 2406 184 2440 nest.
228 2406 264 2440 et
299 2401 430 2439 Matth.
469 2401 660 2440 Animadv.
699 2404 748 2440 ad

90 2459 201 2508 Hym.
228 2459 337 2496 Hom.
366 2473 403 2510 p.
433 2461 526 2501 209.

149 2524 233 2566 ἐπεὶ
253 2524 296 2566 δὲ
320 2525 471 2578 ἔμαθεν
496 2526 634 2579 ἔγκυος
659 2525 746 2567 ἐοῦ-

92 2586 168 2629 σα]
197 2583 220 2620 ἰ.
240 2597 271 2622 e.
300 2597 378 2621 cum
408 2597 442 2620 se
467 2584 657 2633 gravidam
677 2598 747 2621 esse

92 2643 262 2679 sensisset.
297 2641 380 2678 Vid.
416 2641 547 2679 Matth.
575 2643 640 2679 Gr.
678 2642 744 2679 Gr.

93 2697 132 2750 ς.
155 2698 236 2739 548
268 2711 305 2748 p.
336 2697 456 2740 1074.

149 2762 365 2817 ἐθελοντὴν
382 2762 511 2819 αὐτὴν
530 2769 632 2806 τοῖσι
653 2765 748 2806 Φοί-

92 2821 174 2870 νιξι
198 2825 486 2870 συνεκπλῶσαι]
516 2824 665 2862 Laudat
682 2823 713 2862 C
719 2837 748 2860 r.

93 2878 212 2918 locum
249 2877 414 2918 Eustath.
454 2881 503 2919 ad
541 2881 678 2931 Odyss.
719 2880 750 2929 l,

795 1313 876 1356 431
913 1326 998 1365 pag.
1023 1315 1077 1355 71
1105 1326 1217 1364 supra
1243 1315 1300 1352 ed.
1322 1313 1454 1362 Basil.‚

795 1371 855 1408 ubi
894 1375 950 1408 est
982 1373 1295 1418 συνεκπλεῦσαι,
1334 1372 1452 1408 forma

795 1427 935 1465 Nostro
988 1427 1113 1476 utique
1146 1440 1221 1464 non
1258 1428 1452 1473 inusitata3

797 1485 863 1521 sed
879 1484 1029 1521 alteram
1052 1485 1205 1521 formam
1233 1485 1350 1533 magis
1378 1486 1452 1522 fre-

797 1545 1006 1591 quentatam
1072 1542 1150 1578 iure
1206 1541 1454 1592 praetulerunt

797 1599 935 1645 Sehw.,
965 1598 1034 1634 alii.
1092 1599 1150 1636 De
1171 1598 1347 1635 sermonis
1363 1611 1455 1647 qua-

797 1655 881 1691 dam
916 1655 1138 1692 abundantia
1182 1655 1241 1702 (si
1265 1656 1374 1692 modo
1410 1667 1454 1692 ea

797 1711 882 1760 est)
913 1712 950 1747 in
982 1712 1101 1749 verbis
1129 1708 1348 1762 ἐθελοντὴν
1382 1706 1453 1750 αυ’-

796 1764 892 1816 τήν,
929 1768 1025 1805 idem
1054 1768 1120 1805 Cr.
1153 1768 1278 1805 laudat
1308 1768 1452 1805 Schaef.

797 1826 845 1861 ad
882 1824 1052 1875 Sophocl.
1096 1824 1229 1870 Trach.
1263 1837 1296 1861 v.
1331 1827 1454 1871 1127,

794 1895 830 1932 p.
849 1881 933 1923 342
961 1881 1066 1932 Lips.

838 1967 928 2038 ἔγω
967 1968 1010 2010 δὲ
1055 1968 1144 2022 περὶ
1187 1967 1259 2022 μὲν
1300 1965 1454 2010 τούτων

799 2022 876 2067 οὐκ
906 2026 1068 2080 ε’ρχομαι
1107 2026 1250 2079 ἐρέων]
1292 2026 1454 2078 ἔρχομαι

798 2083 919 2135 ερέων
959 2085 1110 2134 antiquo
1143 2084 1287 2122 dicendi
1318 2097 1455 2133 genere

800 2142 909 2189 dixit,
959 2155 1032 2191 quo
1069 2141 1312 2189 significatur,
1351 2154 1455 2186 nunc,

800 2198 862 2235 hoc
891 2200 966 2248 ipso
998 2200 1156 2247 temporis
1188 2200 1354 2234 momento
1383 2197 1455 2234 ali-

802 2255 887 2305 quid
911 2254 1130 2302 indicatum,
1170 2257 1361 2304 expositum
1395 2257 1456 2292 iri.

801 2311 964 2349 Imitatus
977 2316 1032 2350 est
1048 2311 1204 2348 Pausan.
1224 2311 1271 2358 X,
1291 2312 1342 2352 19
1362 2309 1397 2362 §.
1417 2315 1457 2358 2,

804 2369 865 2406 ubi
879 2369 950 2405 vid.
967 2368 1136 2415 Siebelis,
1149 2368 1307 2417 itemque
1325 2367 1457 2405 Lucia-

803 2418 885 2472 nnS,
896 2425 953 2462 alii
956 2439 1066 2474 ,quos
1092 2425 1216 2461 laudat
1239 2424 1459 2462 C.Fr.Her-

804 2494 924 2519 mann.
965 2482 1013 2519 ad
1057 2480 1207 2518 Lueian
1260 2481 1458 2525 Quomodo

802 2538 899 2575 Hist.
924 2538 1097 2576 conscrib.
1124 2550 1202 2588 eap.
1230 2540 1282 2578 18
1310 2537 1457 2588 p.125.

862 2592 967 2635 τὸν
1013 2592 1055 2633 δὲ
1105 2590 1196 2633 οἶδα
1239 2616 1295 2622 —-
1342 2596 1459 2633 τοῦ-

800 2667 870 2694 τον
907 2647 1111 2703 σημήνας]
1154 2647 1225 2690 τόν
1268 2651 1291 2688 i.
1323 2664 1355 2688 e.
1395 2647 1460 2699 ὃν,

802 2711 859 2748 cui
877 2710 1077 2759 respondet
1099 2710 1254 2747 τοῦτον.
1299 2707 1459 2745 Plurima

804 2765 968 2817 exempla
1007 2778 1051 2803 ex
1084 2764 1277 2803 Herodoto
1316 2764 1461 2812 collegit

804 2825 935 2860 Struve
948 2822 1103 2872 Specim.
1123 2822 1291 2865 Quaestt.
1315 2822 1362 2858 de
1380 2821 1458 2858 dia-

806 2880 886 2919 lect.
903 2879 1082 2918 Herodot.
1110 2891 1196 2930 pag.
1224 2878 1278 2921 28
1294 2890 1373 2927 seq.
