1759 3324
5 1109 103 1156 147
125 1105 333 1164 γινόμενοι
371 1106 418 1150 ἓν
453 1102 650 1163 Μιλήτῳ.
707 1102 918 1155 Βασιλὲας

126 1186 208 1243 μὲν
236 1184 401 1239 αὐτῶν,
431 1185 644 1236 Λυκίους,
674 1180 759 1227 ἀπὸ
787 1180 992 1227 Γλαύκου
1018 1184 1098 1227 τοῦ
1121 1179 1380 1239 Ἱππολόχου

609 280 908 320 cL10.1.

1303 283 1386 324 311

134 393 244 440 εἶναι
283 391 456 444 Ἰώνων,
511 385 638 435 οὗτοι
678 391 723 434 δὲ
763 388 817 433 ού
853 392 1064 445 γυναῖκας
1099 387 1314 447 ἠγάγοντο
1344 390 1387 443 ἐς

131 475 209 531 τὴν
237 471 458 527 α’ποικίην,
489 467 598 514 ἀλλὰ
630 470 818 524 Καείρας
846 468 994 524 ἔσχον,
1023 471 1112 513 τῶν
1139 467 1387 525 ἐφόνευσαν

103 551 239 603 5τοῦς
267 550 430 607 γονέας.
475 547 547 594 διὰ
574 552 736 593 τοῦτον
762 548 808 593 δὲ
835 547 914 591 τόν
942 545 1085 604 φόνον
1114 549 1161 592 αἱ
1185 553 1389 604 γυναῖκες

130 627 275 683 αὗται,
303 627 444 686 νόμον
471 628 675 685 θέμεναι,
704 629 829 685 σφίσι
860 626 1018 685 αὐτῇσι
1047 625 1208 682 ὅρκους
1232 626 1382 683 ἐπήλα-
1397 632 1442 667 60

128 721 228 760 σαν,
256 709 330 754 καὶ
358 707 606 763 παρέδοσαν
632 710 732 764 τῇσι
759 705 1026 763 θυγατράσι,
1066 705 1125 764 μή
1154 722 1255 751 κοτε
1283 703 1388 762 ὁμο-

127 792 296 846 σιτῆσαι
324 791 438 832 τοῖσι
474 783 680 840 ἀνδράσι,
731 786 838 842 μηδὲ
878 784 1090 841 οὐνόματι
1129 788 1272 842 βῶσαι
1307 784 1388 829 τόν

124 868 289 926 ἑωυτῆς
318 865 482 922 ἄνδρα·
513 868 644 910 τοῦδε
675 867 843 916 εἵνεκα,
875 863 945 909 ὅτι
974 864 1219 920 ἐφόνευσαν
1242 862 1390 921 σφέων

122 946 228 1000 τούς
254 947 441 1002 πατέρας
469 948 544 992 καὶ
588 945 754 1000 ἄνδρας
782 944 857 988 καὶ
885 945 1066 998 παῖδας,
1102 944 1177 987 καὶ
1209 943 1389 996 ἔπειτεν,

95 1031 266 1073 δ’ταῦτα
294 1025 575 1085 ποιήσαντες,
605 1022 761 1082 αὐτῇσι
791 1024 1032 1068 συνοίκεον.
1087 1025 1225 1066 ταῦτα
1254 1022 1301 1067 δὲ
1333 1017 1441 1078 ἧν65

124 1263 378 1322 γεγονότας·
412 1266 455 1310 οἱ
483 1264 552 1316 δὲ,
581 1259 825 1315 Καύκωνας
854 1262 1073 1317 Πυλίους,
1104 1258 1189 1307 ἀπὸ
1207 1261 1387 1318 Κόδρου

70 1473 207 1512 addere
241 1473 434 1524 putidum)
463 1472 578 1511 Henr.
609 1472 719 1511 Vale-

68 1528 161 1566 sium
179 1531 227 1566 ad
247 1529 719 1580 Excerpt.P01>b.T.V1[

67 1598 156 1637 pag
178 1587 231 1628 90
251 1599 329 1636 seq.
350 1587 407 1652 ed.
426 1586 718 1636 Schweighaeus.

127 1635 238 1681 οὑτοι
261 1639 302 1681 δὲ
323 1638 371 1681 ού
403 1646 593 1694 γυναῖκας
622 1638 718 1695 η’γα-

67 1711 186 1749 γοντο
206 1697 244 1744 ἒς
262 1694 336 1748 τὴν
356 1694 544 1750 οἷποικίην
561 1714 597 1738 κ.
617 1713 648 1738 τ.
669 1697 720 1750 λ.]

67 1754 111 1790 In
129 1754 247 1791 verbis
270 1756 379 1793 οὑτοι
405 1752 468 1803 δὲ,
497 1755 628 1805 quibus
658 1768 717 1792 re-

68 1814 240 1860 petuntur
273 1812 525 1849 antecedentia
556 1826 576 1851 ο
600 1811 617 1850 ἱ
658 1808 714 1850 δ
700 1826 718 1850 ε

69 1861 223 1914 αύτων,
270 1880 378 1905 nemo
418 1867 531 1918 paulo
568 1867 720 1919 peritior

69 1921 201 1960 Graeci
219 1935 262 1960 ac
276 1923 503 1973 potissimum
514 1923 719 1961 Herodotei

66 1979 244 2016 sermonis
259 1979 435 2018 haerebit.
483 1979 591 2017 conf.
609 1979 717 2018 Butt-

68 2046 191 2073 mann.
218 2035 257 2072 in
286 2034 439 2073 Excurs.
461 2035 532 2073 XII
556 2037 604 2073 ad
640 2036 718 2074 De-

66 2091 244 2131 mosthen.
260 2090 411 2130 Midian.
428 2106 466 2143 p.
492 2091 584 2134 152.
610 2091 720 2132 Wer-

67 2148 132 2185 ser.
151 2148 190 2185 in
218 2146 316 2186 Actt.
338 2148 472 2200 philoll.
497 2148 664 2187 Monacc.
687 2149 720 2198 Ι,

69 2207 91 2244 1
114 2216 201 2254 pag.
218 2206 285 2246 97.
343 2204 385 2242 In
411 2206 619 2244 narratione
636 2206 718 2256 ipsa

68 2273 148 2297 cum
159 2260 351 2299 Herodoto
366 2275 516 2313 prorsus
537 2262 718 2300 consentit

67 2315 265 2354 Pausanias
293 2317 383 2366 Vll,
420 2322 447 2360 2
475 2316 512 2368 §.
531 2319 571 2360 3.
608 2318 716 2356 Iones

18 2382 22 2386 ·
67 2377 212 2421 narra-t,
240 2373 390 2412 Caricas
406 2374 598 2423 mulieres,
627 2387 718 2424 qua-

68 2439 147 2465 rum
174 2433 298 2479 patres
331 2431 552 2480 maritosque
582 2432 716 2469 intere-

69 2489 220 2532 merant,
230 2486 300 2523 sibi
305 2487 534 2524 matrimonio
544 2487 716 2525 iunxisse.

71 2538 170 2577 Nam
194 2541 328 2580 Carum
347 2544 416 2580 suit
442 2547 560 2592 terra,
589 2545 626 2581 in
645 2556 718 2594 qua

71 2596 258 2636 considere
297 2600 560 2638 constituerant
595 2600 719 2648 Iones,

71 2650 134 2688 ubi
157 2655 231 2690 tres
255 2659 383 2704 postea
408 2656 517 2694 urbes
543 2657 719 2695 condide-

73 2710 177 2755 runt,
192 2707 353 2749 Miletum
365 2742 375 2759 ‚
395 2710 599 2761 Myuntem,
616 2713 720 2751 Prie-

69 2774 164 2810 nen,
191 2767 233 2801 ut
256 2765 336 2818 ipse
350 2766 489 2807 Noster
511 2773 637 2808 auctor
664 2773 721 2810 est

70 2791 224 2866 1,1'42.

130 2868 272 2926 όρκους
296 2875 531 2931 ἔπηλασαν]
554 2882 578 2919 i.
596 2895 628 2921 e.
647 2884 724 2920 ius

72 2930 260 2969 mirandum
284 2935 352 2973 sibi
370 2936 593 2976 adduxerunt
615 2952 645 2975 s,
666 2940 724 2975 iu-

785 1470 975 1512 reae'urando
993 1484 1029 1510 se
1049 1471 1316 1511 obstrinxerunt.
1357 1470 1440 1509 Vid.

785 1529 861 1578 VI,
883 1532 949 1572 62.
978 1549 1035 1558 —
1059 1529 1100 1568 In
1122 1542 1228 1579 seqq.
1257 1529 1306 1567 de
1325 1529 1443 1565 forma

787 1587 916 1637 βῶσαι
936 1587 1031 1624 conf.
1053 1587 1101 1623 ad
1118 1585 1157 1634 I·‚
1187 1588 1241 1627 10
1263 1585 1369 1623 dicta.
1383 1605 1441 1613 -

785 1642 828 1680 In
847 1643 921 1680 fine
945 1654 1025 1693 cap.
1051 1642 1260 1693 scripsimus
1289 1639 1439 1680 ἔπειτεν

786 1712 866 1736 cum
881 1699 1017 1736 Reizio-
1041 1698 1228 1747 (Praefat.
1248 1698 1296 1734 ad
1319 1697 1441 1735 Hero-

787 1756 864 1793 dot.
883 1768 920 1806 p.
939 1754 1047 1804 XVI)
1082 1753 1235 1803 aliisque
1250 1766 1319 1804 pro
1340 1753 1440 1801 vulg.

786 1810 872 1851 ἐπεί
897 1823 959 1860 τε,
997 1811 1096 1849 euius
1134 1811 1192 1850 hic
1226 1809 1345 1849 nunus
1384 1813 1442 1848 est

785 1868 905 1906 locus..

953 1950 1018 1990 ca
1026 1964 1065 2003 p.
1095 1949 1279 1989 CXLvn.

841 2035 1036 2085 Λυκίους,
1063 2030 1143 2075 οέπὸ
1157 2030 1346 2074 Γλαύκου
1366 2036 1440 2073 τοῦ

781 2088 1012 2143 Ἱππολόχου
1044 2086 1284 2144 γεγονότας]
1322 2090 1438 2128 Glau-

785 2162 847 2186 cus
864 2148 1087 2201 Hippolochi
1107 2148 1222 2196 filius,
1241 2147 1438 2195 Lyciorum

785 2206 858 2244 dux
883 2206 922 2243 in
946 2205 1043 2243 bello
1073 2204 1239 2242 Troiano
1261 2203 1439 2252 originem

786 2262 890 2299 duxit
919 2262 966 2300 ab
999 2261 1116 2299 Aeolo
1153 2259 1317 2298 Hellenis
1345 2259 1439 2305 filio3

784 2331 812 2356 a
835 2331 909 2368 quo
933 2319 1064 2356 eodem
1090 2317 1339 2355 descendebat
1364 2316 1442 2353 Co-

785 2375 896 2422 drus,
929 2373 1109 2413 Melanthi
1133 2373 1239 2411 filius.
1302 2372 1440 2409 Videas

783 2429 957 2469 Larcher.
977 2431 1026 2469 ad
1043 2430 1078 2468 h.
1089 2430 1111 2467 l.
1129 2429 1189 2468 De
1201 2429 1342 2467 Glauco
1357 2428 1440 2467 Ho-

785 2499 908 2526 merus
924 2487 967 2525 ll.
990 2486 1059 2534 Vl,
1081 2487 1161 2528 150
1180 2499 1286 2536 seqq.

844 2543 886 2583 οἷ
904 2541 960 2592 δὲ,
985 2538 1210 2589 Καύκωνας
1231 2540 1440 2591 Πυλίους]

785 2599 978 2638 Caucones
992 2600 1049 2637 hic
1061 2599 1310 2648 intelliguntur
1324 2598 1360 2645 ii,
1378 2596 1444 2646 qui

784 2654 1073 2707 Lepraeatarum
1089 2659 1126 2693 et
1147 2655 1442 2706 Cyparissiorum

786 2716 923 2750 terram
972 2715 1194 2763 occuparant
1242 2711 1443 2758 urbemque

788 2768 970 2807 Macisten
995 2770 1037 2806 in
1067 2768 1103 2805 T
1105 2767 1296 2819 riphylide.
1338 2766 1443 2809 Quos

789 2825 912 2874 Pylios
935 2826 1021 2863 dicit
1036 2824 1198 2871 Noster,
1219 2836 1293 2872 quo
1313 2821 1444 2859 distin-

791 2886 950 2929 guantur
965 2883 1011 2919 ab
1030 2882 1072 2917 iis
1095 2879 1349 2924 Cauconibus,
1380 2878 1441 2924 qui

793 2937 832 2974 in
866 2937 975 2975 Elide
999 2949 1117 2988 prope
1147 2935 1293 2984 Dymen
1319 2933 1444 2969 urbem

955 1103 1001 1147 δὲ
1041 1099 1299 1159 ἐστήσαντο,
1340 1103 1386 1148 οἱ
1439 1108 1536 1172 Ι(3ξὲιὲι
1536 1118 1642 1180 ιιι-ἕξω
1631 1148 1643 1172 ι
1666 1109 1718 1178 {²1⁰³

1437 1185 1525 1204 nume.
1530 1185 1581 1205 rna
1564 1165 1613 1206 i’uli
1659 1180 1721 1206 nint

1437 1210 1535 1241 Ionem
