<?xml version="1.0" encoding="UTF-8"?>
<!DOCTYPE html PUBLIC "-//W3C//DTD XHTML 1.0 Transitional//EN"
    "http://www.w3.org/TR/xhtml1/DTD/xhtml1-transitional.dtd">
<html xmlns="http://www.w3.org/1999/xhtml" xml:lang="en" lang="en">
 <head>
  <title>
</title>
<meta http-equiv="Content-Type" content="text/html;charset=utf-8" />
  <meta name='ocr-system' content='tesseract 3.04.00' />
  <meta name='ocr-capabilities' content='ocr_page ocr_carea ocr_par ocr_line ocrx_word'/>
</head>
<body>
  <div class='ocr_page' id='page_1' title='image "./musaeher01hero/musaeher01hero_0565.png"; bbox 0 0 1759 3324; ppageno 0'>
   <div class='ocr_carea' id='block_1_1' title="bbox 556 242 1073 282">
    <p class='ocr_par' dir='ltr' id='par_1_1' title="bbox 556 242 1073 282">
     <span class='ocr_line' id='line_1_1' title="bbox 556 242 1073 282; baseline -0.008 0"><span class='ocrx_word' id='word_1_1' title='bbox 556 242 977 282; x_wconf 89' lang='lat' dir='ltr'>EUTERPE.</span> <span class='ocrx_word' id='word_1_2' title='bbox 1029 242 1073 279; x_wconf 84' lang='grc' dir='ltr'>Π.</span> 
     </span>
    </p>
   </div>
   <div class='ocr_carea' id='block_1_2' title="bbox 1351 245 1435 285">
    <p class='ocr_par' dir='ltr' id='par_1_2' title="bbox 1351 245 1435 285">
     <span class='ocr_line' id='line_1_2' title="bbox 1351 245 1435 285; baseline 0.012 -1"><span class='ocrx_word' id='word_1_3' title='bbox 1351 245 1435 285; x_wconf 64' lang='lat'>543</span> 
     </span>
    </p>
   </div>
   <div class='ocr_carea' id='block_1_3' title="bbox 150 348 1435 566">
    <p class='ocr_par' dir='ltr' id='par_1_3' title="bbox 150 348 1435 566">
     <span class='ocr_line' id='line_1_3' title="bbox 178 348 1435 409; baseline -0.006 -8"><span class='ocrx_word' id='word_1_4' title='bbox 178 356 419 405; x_wconf 79' lang='grc' dir='ltr'><strong><em>Σολόεντος</em></strong></span> <span class='ocrx_word' id='word_1_5' title='bbox 449 352 607 409; x_wconf 74' lang='grc' dir='ltr'><strong><em>ἄκρης,</em></strong></span> <span class='ocrx_word' id='word_1_6' title='bbox 656 348 684 407; x_wconf 81' lang='grc' dir='ltr'><em>ᾗ</em></span> <span class='ocrx_word' id='word_1_7' title='bbox 713 352 903 395; x_wconf 78' lang='grc' dir='ltr'><em>τελευταὶ</em></span> <span class='ocrx_word' id='word_1_8' title='bbox 946 355 1022 406; x_wconf 87' lang='grc' dir='ltr'>τῆς</span> <span class='ocrx_word' id='word_1_9' title='bbox 1050 350 1246 407; x_wconf 85' lang='grc' dir='ltr'><strong><em>Λιβύης,</em></strong></span> <span class='ocrx_word' id='word_1_10' title='bbox 1294 349 1435 407; x_wconf 80' lang='grc' dir='ltr'><strong><em>παρή-</em></strong></span> 
     </span>
     <span class='ocr_line' id='line_1_4' title="bbox 176 429 1435 487; baseline -0.005 -8"><span class='ocrx_word' id='word_1_11' title='bbox 176 447 300 479; x_wconf 83' lang='grc' dir='ltr'><strong><em>κουσι</em></strong></span> <span class='ocrx_word' id='word_1_12' title='bbox 329 431 445 486; x_wconf 82' lang='grc' dir='ltr'><strong><em>παρὰ</em></strong></span> <span class='ocrx_word' id='word_1_13' title='bbox 472 436 614 474; x_wconf 79' lang='grc' dir='ltr'><strong><em>πᾶσαν</em></strong></span> <span class='ocrx_word' id='word_1_14' title='bbox 644 432 820 487; x_wconf 81' lang='grc' dir='ltr'><em>Λίβυες,</em></span> <span class='ocrx_word' id='word_1_15' title='bbox 860 431 935 474; x_wconf 81' lang='grc' dir='ltr'>καὶ</span> <span class='ocrx_word' id='word_1_16' title='bbox 963 429 1143 485; x_wconf 83' lang='grc' dir='ltr'><em>Λιβύων</em></span> <span class='ocrx_word' id='word_1_17' title='bbox 1169 429 1299 473; x_wconf 77' lang='grc' dir='ltr'><strong><em>ἔθνεα</em></strong></span> <span class='ocrx_word' id='word_1_18' title='bbox 1328 434 1435 473; x_wconf 88' lang='grc' dir='ltr'><strong><em>πολ-</em></strong></span> 
     </span>
     <span class='ocr_line' id='line_1_5' title="bbox 150 506 1432 566; baseline -0.004 -9"><span class='ocrx_word' id='word_1_19' title='bbox 150 515 257 565; x_wconf 81' lang='grc' dir='ltr'><strong><em>5λόι,</em></strong></span> <span class='ocrx_word' id='word_1_20' title='bbox 290 510 402 566; x_wconf 76' lang='grc' dir='ltr'><strong><em>πλὴν</em></strong></span> <span class='ocrx_word' id='word_1_21' title='bbox 429 509 536 553; x_wconf 85' lang='grc' dir='ltr'><strong><em>ὅσον</em></strong></span> <span class='ocrx_word' id='word_1_22' title='bbox 553 509 756 565; x_wconf 73' lang='grc' dir='ltr'><strong><em>’Έλληνες</em></strong></span> <span class='ocrx_word' id='word_1_23' title='bbox 784 510 857 552; x_wconf 84' lang='grc' dir='ltr'>καὶ</span> <span class='ocrx_word' id='word_1_24' title='bbox 890 511 1092 560; x_wconf 89' lang='grc' dir='ltr'><strong><em>Φοίνικες</em></strong></span> <span class='ocrx_word' id='word_1_25' title='bbox 1117 509 1273 565; x_wconf 75' lang='grc' dir='ltr'><strong><em>ἔχουσι.</em></strong></span> <span class='ocrx_word' id='word_1_26' title='bbox 1302 506 1355 551; x_wconf 76' lang='grc' dir='ltr'><strong><em>τὰ</em></strong></span> <span class='ocrx_word' id='word_1_27' title='bbox 1385 509 1432 552; x_wconf 84' lang='grc' dir='ltr'>δὲ</span> 
     </span>
    </p>
   </div>
   <div class='ocr_carea' id='block_1_4' title="bbox 171 586 1432 645">
    <p class='ocr_par' dir='ltr' id='par_1_4' title="bbox 171 586 1432 645">
     <span class='ocr_line' id='line_1_6' title="bbox 171 586 1432 645; baseline -0.003 -11"><span class='ocrx_word' id='word_1_28' title='bbox 171 591 280 645; x_wconf 79' lang='grc' dir='ltr'><strong><em>ὑπὲρ</em></strong></span> <span class='ocrx_word' id='word_1_29' title='bbox 308 588 532 645; x_wconf 75' lang='grc' dir='ltr'>θαλάσσης</span> <span class='ocrx_word' id='word_1_30' title='bbox 561 604 604 632; x_wconf 87' lang='grc' dir='ltr'><strong><em>τε</em></strong></span> <span class='ocrx_word' id='word_1_31' title='bbox 634 590 707 633; x_wconf 80' lang='grc' dir='ltr'>καὶ</span> <span class='ocrx_word' id='word_1_32' title='bbox 735 592 825 632; x_wconf 77' lang='grc' dir='ltr'><strong><em>τῶν</em></strong></span> <span class='ocrx_word' id='word_1_33' title='bbox 864 588 931 632; x_wconf 76' lang='grc' dir='ltr'>ἐπὶ</span> <span class='ocrx_word' id='word_1_34' title='bbox 959 589 1189 632; x_wconf 76' lang='grc' dir='ltr'><strong><em>θάλασσαν</em></strong></span> <span class='ocrx_word' id='word_1_35' title='bbox 1217 586 1432 645; x_wconf 83' lang='grc' dir='ltr'><strong><em>κατηκόν-</em></strong></span> 
     </span>
    </p>
   </div>
   <div class='ocr_carea' id='block_1_5' title="bbox 170 665 1432 724">
    <p class='ocr_par' dir='ltr' id='par_1_5' title="bbox 170 665 1432 724">
     <span class='ocr_line' id='line_1_7' title="bbox 170 665 1432 724; baseline -0.002 -11"><span class='ocrx_word' id='word_1_36' title='bbox 170 686 258 713; x_wconf 88' lang='grc' dir='ltr'><strong><em>των</em></strong></span> <span class='ocrx_word' id='word_1_37' title='bbox 299 667 576 724; x_wconf 69' lang='grc' dir='ltr'><strong><em>ἀνθρώπων,</em></strong></span> <span class='ocrx_word' id='word_1_38' title='bbox 622 668 676 711; x_wconf 76' lang='grc' dir='ltr'><strong><em>τὰ</em></strong></span> <span class='ocrx_word' id='word_1_39' title='bbox 719 666 965 723; x_wconf 78' lang='grc' dir='ltr'><strong><em>κατύπερθε</em></strong></span> <span class='ocrx_word' id='word_1_40' title='bbox 1005 666 1231 724; x_wconf 77' lang='grc' dir='ltr'><strong><em>θηριώδης</em></strong></span> <span class='ocrx_word' id='word_1_41' title='bbox 1279 666 1366 710; x_wconf 83' lang='grc' dir='ltr'><strong><em>ἐστὶ</em></strong></span> <span class='ocrx_word' id='word_1_42' title='bbox 1405 665 1432 723; x_wconf 83' lang='grc' dir='ltr'>ἡ</span> 
     </span>
    </p>
   </div>
   <div class='ocr_carea' id='block_1_6' title="bbox 169 745 334 804">
    <p class='ocr_par' dir='ltr' id='par_1_6' title="bbox 169 745 334 804">
     <span class='ocr_line' id='line_1_8' title="bbox 169 745 334 804; baseline -0.006 -12"><span class='ocrx_word' id='word_1_43' title='bbox 169 745 312 804; x_wconf 82' lang='grc' dir='ltr'><strong><em>Λιβύη</em></strong></span> <span class='ocrx_word' id='word_1_44' title='bbox 327 763 334 772; x_wconf 91' lang='grc'><em>·</em></span> 
     </span>
    </p>
   </div>
   <div class='ocr_carea' id='block_1_7' title="bbox 167 745 1568 884">
    <p class='ocr_par' dir='ltr' id='par_1_7' title="bbox 167 745 1568 884">
     <span class='ocr_line' id='line_1_9' title="bbox 391 745 1487 804; baseline -0.002 -13"><span class='ocrx_word' id='word_1_45' title='bbox 391 747 444 791; x_wconf 73' lang='grc' dir='ltr'><strong><em>τοὶ</em></strong></span> <span class='ocrx_word' id='word_1_46' title='bbox 475 749 521 792; x_wconf 80' lang='grc' dir='ltr'>δὲ</span> <span class='ocrx_word' id='word_1_47' title='bbox 550 747 794 802; x_wconf 81' lang='grc' dir='ltr'><strong><em>κατύπερθε</em></strong></span> <span class='ocrx_word' id='word_1_48' title='bbox 837 752 912 804; x_wconf 85' lang='grc' dir='ltr'>τῆς</span> <span class='ocrx_word' id='word_1_49' title='bbox 949 746 1214 804; x_wconf 74' lang='grc' dir='ltr'><strong><em>θηριώδεος,</em></strong></span> <span class='ocrx_word' id='word_1_50' title='bbox 1253 745 1487 802; x_wconf 64' lang='grc' dir='ltr'><strong><em>ψάμμοςὲὅ</em></strong></span> 
     </span>
     <span class='ocr_line' id='line_1_10' title="bbox 167 824 1568 884; baseline 0.001 -14"><span class='ocrx_word' id='word_1_51' title='bbox 167 828 212 870; x_wconf 80' lang='grc' dir='ltr'><em>τὲ</em></span> <span class='ocrx_word' id='word_1_52' title='bbox 242 827 353 878; x_wconf 77' lang='grc' dir='ltr'><strong><em>ἐστι,</em></strong></span> <span class='ocrx_word' id='word_1_53' title='bbox 397 830 471 871; x_wconf 83' lang='grc' dir='ltr'>καὶ</span> <span class='ocrx_word' id='word_1_54' title='bbox 500 827 692 882; x_wconf 78' lang='grc' dir='ltr'><strong><em>ἄνυδρος</em></strong></span> <span class='ocrx_word' id='word_1_55' title='bbox 722 830 894 878; x_wconf 77' lang='grc' dir='ltr'><strong><em>δεινῶς,</em></strong></span> <span class='ocrx_word' id='word_1_56' title='bbox 932 826 1004 870; x_wconf 80' lang='grc' dir='ltr'>καὶ</span> <span class='ocrx_word' id='word_1_57' title='bbox 1035 827 1190 882; x_wconf 81' lang='grc' dir='ltr'><strong><em>ἐρῆμος</em></strong></span> <span class='ocrx_word' id='word_1_58' title='bbox 1219 824 1428 884; x_wconf 77' lang='grc' dir='ltr'><strong><em>πάντων)</em></strong></span> <span class='ocrx_word' id='word_1_59' title='bbox 1489 831 1568 872; x_wconf 84' lang='grc'>118</span> 
     </span>
    </p>
   </div>
   <div class='ocr_carea' id='block_1_8' title="bbox 140 901 1429 964">
    <p class='ocr_par' dir='ltr' id='par_1_8' title="bbox 140 901 1429 964">
     <span class='ocr_line' id='line_1_11' title="bbox 140 901 1429 964; baseline 0.001 -17"><span class='ocrx_word' id='word_1_60' title='bbox 140 905 313 958; x_wconf 85' lang='grc' dir='ltr'><strong><em>6,,Ἐπεὶ</em></strong></span> <span class='ocrx_word' id='word_1_61' title='bbox 342 901 406 950; x_wconf 76' lang='grc' dir='ltr'>ὦν</span> <span class='ocrx_word' id='word_1_62' title='bbox 434 907 539 959; x_wconf 82' lang='grc' dir='ltr'><strong><em>τούς</em></strong></span> <span class='ocrx_word' id='word_1_63' title='bbox 578 908 751 964; x_wconf 82' lang='grc' dir='ltr'><strong><em>νεηνίας</em></strong></span> <span class='ocrx_word' id='word_1_64' title='bbox 789 905 1178 962; x_wconf 77' lang='grc' dir='ltr'><strong><em>ἀποπεμπομένους</em></strong></span> <span class='ocrx_word' id='word_1_65' title='bbox 1217 904 1302 949; x_wconf 83' lang='grc' dir='ltr'>ὑπὸ</span> <span class='ocrx_word' id='word_1_66' title='bbox 1339 909 1429 949; x_wconf 74' lang='grc' dir='ltr'><strong><em>τῶν</em></strong></span> 
     </span>
    </p>
   </div>
   <div class='ocr_carea' id='block_1_9' title="bbox 115 1017 384 1024">
    <p class='ocr_par' dir='ltr' id='par_1_9' title="bbox 115 1017 384 1024">
     <span class='ocr_line' id='line_1_12' title="bbox 115 1017 384 1024; baseline 0 0"><span class='ocrx_word' id='word_1_67' title='bbox 115 1017 384 1024; x_wconf 95' lang='lat' dir='ltr'> </span> 
     </span>
    </p>
   </div>
   <div class='ocr_carea' id='block_1_10' title="bbox 104 1091 764 2942">
    <p class='ocr_par' dir='ltr' id='par_1_10' title="bbox 104 1091 764 2326">
     <span class='ocr_line' id='line_1_13' title="bbox 113 1091 762 1141; baseline -0.003 -12"><span class='ocrx_word' id='word_1_68' title='bbox 113 1096 270 1130; x_wconf 85' lang='lat' dir='ltr'>extrema</span> <span class='ocrx_word' id='word_1_69' title='bbox 289 1091 512 1129; x_wconf 88' lang='lat' dir='ltr'>occidentem</span> <span class='ocrx_word' id='word_1_70' title='bbox 533 1104 658 1129; x_wconf 78' lang='lat' dir='ltr'>versus</span> <span class='ocrx_word' id='word_1_71' title='bbox 675 1103 762 1141; x_wconf 87' lang='lat' dir='ltr'>par-</span> 
     </span>
     <span class='ocr_line' id='line_1_14' title="bbox 111 1147 763 1186; baseline -0.003 0"><span class='ocrx_word' id='word_1_72' title='bbox 111 1154 149 1186; x_wconf 86' lang='lat' dir='ltr'>te</span> <span class='ocrx_word' id='word_1_73' title='bbox 171 1149 215 1186; x_wconf 91' lang='lat' dir='ltr'>ab</span> <span class='ocrx_word' id='word_1_74' title='bbox 230 1149 422 1186; x_wconf 82' lang='lat' dir='ltr'>Herodoto</span> <span class='ocrx_word' id='word_1_75' title='bbox 441 1149 636 1185; x_wconf 88' lang='lat' dir='ltr'>collocatur</span> <span class='ocrx_word' id='word_1_76' title='bbox 646 1147 763 1185; x_wconf 70' lang='lat' dir='ltr'>Solov&#39;s</span> 
     </span>
     <span class='ocr_line' id='line_1_15' title="bbox 110 1204 759 1255; baseline 0 -14"><span class='ocrx_word' id='word_1_77' title='bbox 110 1206 406 1255; x_wconf 80' lang='lat' dir='ltr'>promontorium.</span> <span class='ocrx_word' id='word_1_78' title='bbox 465 1206 574 1242; x_wconf 88' lang='lat' dir='ltr'>Conf.</span> <span class='ocrx_word' id='word_1_79' title='bbox 604 1204 670 1252; x_wconf 92' lang='lat' dir='ltr'>lV,</span> <span class='ocrx_word' id='word_1_80' title='bbox 693 1204 759 1245; x_wconf 81' lang='lat'>43.</span> 
     </span>
     <span class='ocr_line' id='line_1_16' title="bbox 113 1261 761 1312; baseline 0 -15"><span class='ocrx_word' id='word_1_81' title='bbox 113 1261 223 1305; x_wconf 86' lang='lat' dir='ltr'>Quod</span> <span class='ocrx_word' id='word_1_82' title='bbox 242 1262 524 1312; x_wconf 80' lang='lat' dir='ltr'>promontorium</span> <span class='ocrx_word' id='word_1_83' title='bbox 546 1261 683 1298; x_wconf 76' lang='grc' dir='ltr'><strong><em>Καηΐίη</em></strong></span> <span class='ocrx_word' id='word_1_84' title='bbox 702 1274 761 1298; x_wconf 80' lang='lat' dir='ltr'>es-</span> 
     </span>
     <span class='ocr_line' id='line_1_17' title="bbox 112 1318 764 1369; baseline -0.003 -15"><span class='ocrx_word' id='word_1_85' title='bbox 112 1331 171 1365; x_wconf 91' lang='lat' dir='ltr'>se,</span> <span class='ocrx_word' id='word_1_86' title='bbox 212 1318 359 1367; x_wconf 87' lang='lat' dir='ltr'>copiosa</span> <span class='ocrx_word' id='word_1_87' title='bbox 394 1318 639 1369; x_wconf 87' lang='lat' dir='ltr'>disputatione</span> <span class='ocrx_word' id='word_1_88' title='bbox 678 1330 764 1368; x_wconf 91' lang='lat' dir='ltr'>pro-</span> 
     </span>
     <span class='ocr_line' id='line_1_18' title="bbox 111 1373 761 1425; baseline 0 -15"><span class='ocrx_word' id='word_1_89' title='bbox 111 1373 234 1411; x_wconf 86' lang='lat' dir='ltr'>batum</span> <span class='ocrx_word' id='word_1_90' title='bbox 255 1375 282 1411; x_wconf 91' lang='lat' dir='ltr'>it</span> <span class='ocrx_word' id='word_1_91' title='bbox 300 1374 498 1413; x_wconf 86' lang='lat' dir='ltr'>Rennelius</span> <span class='ocrx_word' id='word_1_92' title='bbox 524 1374 565 1421; x_wconf 90' lang='lat' dir='ltr'>(l.</span> <span class='ocrx_word' id='word_1_93' title='bbox 581 1374 602 1410; x_wconf 92' lang='lat' dir='ltr'>l.</span> <span class='ocrx_word' id='word_1_94' title='bbox 621 1388 659 1425; x_wconf 93' lang='lat' dir='ltr'>p.</span> <span class='ocrx_word' id='word_1_95' title='bbox 678 1376 761 1416; x_wconf 86' lang='lat'>567</span> 
     </span>
     <span class='ocr_line' id='line_1_19' title="bbox 107 1430 760 1482; baseline -0.002 -15"><span class='ocrx_word' id='word_1_96' title='bbox 107 1431 289 1478; x_wconf 84' lang='lat'>——570),</span> <span class='ocrx_word' id='word_1_97' title='bbox 309 1430 537 1482; x_wconf 79' lang='lat' dir='ltr'>improbante</span> <span class='ocrx_word' id='word_1_98' title='bbox 553 1430 760 1478; x_wconf 84' lang='lat' dir='ltr'>Bredowio‚</span> 
     </span>
     <span class='ocr_line' id='line_1_20' title="bbox 108 1487 761 1538; baseline 0.002 -16"><span class='ocrx_word' id='word_1_99' title='bbox 108 1487 170 1536; x_wconf 89' lang='lat' dir='ltr'>qui</span> <span class='ocrx_word' id='word_1_100' title='bbox 202 1500 279 1524; x_wconf 91' lang='lat' dir='ltr'>cum</span> <span class='ocrx_word' id='word_1_101' title='bbox 307 1488 489 1526; x_wconf 88' lang='lat' dir='ltr'>Gosselin.</span> <span class='ocrx_word' id='word_1_102' title='bbox 518 1488 761 1538; x_wconf 89' lang='lat' dir='ltr'>promontori-</span> 
     </span>
     <span class='ocr_line' id='line_1_21' title="bbox 107 1543 758 1596; baseline 0.002 -17"><span class='ocrx_word' id='word_1_103' title='bbox 107 1556 167 1580; x_wconf 88' lang='lat' dir='ltr'>um</span> <span class='ocrx_word' id='word_1_104' title='bbox 199 1544 341 1593; x_wconf 77' lang='lat' dir='ltr'>Spartel</span> <span class='ocrx_word' id='word_1_105' title='bbox 371 1545 496 1596; x_wconf 84' lang='lat' dir='ltr'>ponit,</span> <span class='ocrx_word' id='word_1_106' title='bbox 543 1545 643 1581; x_wconf 90' lang='lat' dir='ltr'>cuius</span> <span class='ocrx_word' id='word_1_107' title='bbox 678 1543 758 1580; x_wconf 91' lang='lat' dir='ltr'>loco</span> 
     </span>
     <span class='ocr_line' id='line_1_22' title="bbox 108 1600 759 1650; baseline -0.002 -13"><span class='ocrx_word' id='word_1_108' title='bbox 108 1600 166 1637; x_wconf 85' lang='lat' dir='ltr'>alii</span> <span class='ocrx_word' id='word_1_109' title='bbox 186 1602 470 1650; x_wconf 85' lang='lat' dir='ltr'>promontorium</span> <span class='ocrx_word' id='word_1_110' title='bbox 481 1600 639 1637; x_wconf 74' lang='lat' dir='ltr'>Boiador</span> <span class='ocrx_word' id='word_1_111' title='bbox 655 1600 759 1637; x_wconf 88' lang='lat' dir='ltr'>intel-</span> 
     </span>
     <span class='ocr_line' id='line_1_23' title="bbox 108 1655 760 1707; baseline 0.002 -14"><span class='ocrx_word' id='word_1_112' title='bbox 108 1655 170 1705; x_wconf 82' lang='lat' dir='ltr'>ligi</span> <span class='ocrx_word' id='word_1_113' title='bbox 200 1670 310 1707; x_wconf 89' lang='lat' dir='ltr'>posse</span> <span class='ocrx_word' id='word_1_114' title='bbox 348 1658 563 1695; x_wconf 85' lang='lat' dir='ltr'>existimant.</span> <span class='ocrx_word' id='word_1_115' title='bbox 623 1657 760 1694; x_wconf 82' lang='lat' dir='ltr'>Confer</span> 
     </span>
     <span class='ocr_line' id='line_1_24' title="bbox 109 1713 759 1763; baseline 0.002 -15"><span class='ocrx_word' id='word_1_116' title='bbox 109 1713 195 1749; x_wconf 83' lang='lat' dir='ltr'>ibid.</span> <span class='ocrx_word' id='word_1_117' title='bbox 218 1726 253 1763; x_wconf 90' lang='lat' dir='ltr'>p.</span> <span class='ocrx_word' id='word_1_118' title='bbox 272 1714 367 1759; x_wconf 86' lang='grc'><strong><em>570,</em></strong></span> <span class='ocrx_word' id='word_1_119' title='bbox 387 1716 448 1755; x_wconf 89' lang='grc'>17.</span> <span class='ocrx_word' id='word_1_120' title='bbox 466 1713 681 1751; x_wconf 90' lang='lat' dir='ltr'>Rennelium</span> <span class='ocrx_word' id='word_1_121' title='bbox 702 1726 759 1750; x_wconf 87' lang='lat' dir='ltr'>se-</span> 
     </span>
     <span class='ocr_line' id='line_1_25' title="bbox 108 1768 758 1818; baseline 0.002 -13"><span class='ocrx_word' id='word_1_122' title='bbox 108 1769 229 1818; x_wconf 85' lang='lat' dir='ltr'>quitur</span> <span class='ocrx_word' id='word_1_123' title='bbox 264 1768 478 1807; x_wconf 89' lang='lat' dir='ltr'>Mannertus</span> <span class='ocrx_word' id='word_1_124' title='bbox 516 1769 539 1807; x_wconf 92' lang='lat' dir='ltr'>l.</span> <span class='ocrx_word' id='word_1_125' title='bbox 569 1769 592 1806; x_wconf 94' lang='lat' dir='ltr'>l.</span> <span class='ocrx_word' id='word_1_126' title='bbox 634 1769 691 1817; x_wconf 87' lang='lat' dir='ltr'>X,</span> <span class='ocrx_word' id='word_1_127' title='bbox 730 1772 758 1811; x_wconf 82' lang='lat'>2</span> 
     </span>
     <span class='ocr_line' id='line_1_26' title="bbox 107 1825 756 1876; baseline 0.002 -14"><span class='ocrx_word' id='word_1_128' title='bbox 107 1839 144 1875; x_wconf 89' lang='lat' dir='ltr'>p.</span> <span class='ocrx_word' id='word_1_129' title='bbox 173 1825 254 1866; x_wconf 81' lang='lat'>495</span> <span class='ocrx_word' id='word_1_130' title='bbox 286 1839 384 1875; x_wconf 89' lang='lat' dir='ltr'>seq.‚</span> <span class='ocrx_word' id='word_1_131' title='bbox 414 1839 436 1863; x_wconf 93' lang='lat' dir='ltr'>a</span> <span class='ocrx_word' id='word_1_132' title='bbox 464 1839 536 1876; x_wconf 91' lang='lat' dir='ltr'>quo</span> <span class='ocrx_word' id='word_1_133' title='bbox 565 1826 756 1863; x_wconf 78' lang='lat' dir='ltr'>discedens</span> 
     </span>
     <span class='ocr_line' id='line_1_27' title="bbox 106 1881 756 1932; baseline 0.002 -14"><span class='ocrx_word' id='word_1_134' title='bbox 106 1881 377 1919; x_wconf 85' lang='lat' dir='ltr'>Schlichthorst.</span> <span class='ocrx_word' id='word_1_135' title='bbox 406 1882 428 1919; x_wconf 92' lang='lat' dir='ltr'>l.</span> <span class='ocrx_word' id='word_1_136' title='bbox 451 1882 473 1919; x_wconf 87' lang='lat' dir='ltr'>l.</span> <span class='ocrx_word' id='word_1_137' title='bbox 508 1896 544 1932; x_wconf 90' lang='lat' dir='ltr'>p.</span> <span class='ocrx_word' id='word_1_138' title='bbox 572 1885 650 1923; x_wconf 88' lang='lat'>167</span> <span class='ocrx_word' id='word_1_139' title='bbox 679 1895 756 1932; x_wconf 86' lang='lat' dir='ltr'>seq.</span> 
     </span>
     <span class='ocr_line' id='line_1_28' title="bbox 107 1938 759 1989; baseline 0.003 -15"><span class='ocrx_word' id='word_1_140' title='bbox 107 1938 256 1974; x_wconf 88' lang='lat' dir='ltr'>iudicari</span> <span class='ocrx_word' id='word_1_141' title='bbox 292 1942 396 1989; x_wconf 83' lang='lat' dir='ltr'>putat</span> <span class='ocrx_word' id='word_1_142' title='bbox 422 1939 469 1976; x_wconf 90' lang='lat' dir='ltr'>ab</span> <span class='ocrx_word' id='word_1_143' title='bbox 497 1939 690 1976; x_wconf 86' lang='lat' dir='ltr'>Herodoto</span> <span class='ocrx_word' id='word_1_144' title='bbox 720 1939 759 1976; x_wconf 84' lang='lat' dir='ltr'>id</span> 
     </span>
     <span class='ocr_line' id='line_1_29' title="bbox 106 1995 757 2045; baseline 0.005 -16"><span class='ocrx_word' id='word_1_145' title='bbox 106 1995 416 2045; x_wconf 86' lang='lat' dir='ltr'>promontorium,</span> <span class='ocrx_word' id='word_1_146' title='bbox 465 1996 563 2045; x_wconf 89' lang='lat' dir='ltr'>quod</span> <span class='ocrx_word' id='word_1_147' title='bbox 613 1995 757 2033; x_wconf 90' lang='lat' dir='ltr'>Graeco</span> 
     </span>
     <span class='ocr_line' id='line_1_30' title="bbox 105 2050 759 2101; baseline 0 -13"><span class='ocrx_word' id='word_1_148' title='bbox 105 2050 252 2088; x_wconf 85' lang='lat' dir='ltr'>nomine</span> <span class='ocrx_word' id='word_1_149' title='bbox 298 2051 501 2101; x_wconf 87' lang='lat' dir='ltr'>appellatur</span> <span class='ocrx_word' id='word_1_150' title='bbox 543 2051 759 2101; x_wconf 77' lang='lat' dir='ltr'>Ampelusia,</span> 
     </span>
     <span class='ocr_line' id='line_1_31' title="bbox 105 2106 757 2158; baseline 0.005 -16"><span class='ocrx_word' id='word_1_151' title='bbox 105 2106 242 2144; x_wconf 93' lang='lat' dir='ltr'>Punico</span> <span class='ocrx_word' id='word_1_152' title='bbox 281 2107 390 2145; x_wconf 77' lang='lat' dir='ltr'>Cotes.</span> <span class='ocrx_word' id='word_1_153' title='bbox 464 2107 645 2158; x_wconf 85' lang='lat' dir='ltr'>Equidem</span> <span class='ocrx_word' id='word_1_154' title='bbox 677 2121 757 2145; x_wconf 92' lang='lat' dir='ltr'>cum</span> 
     </span>
     <span class='ocr_line' id='line_1_32' title="bbox 105 2161 757 2216; baseline 0.003 -16"><span class='ocrx_word' id='word_1_155' title='bbox 105 2161 249 2201; x_wconf 89' lang='lat' dir='ltr'>Rittero</span> <span class='ocrx_word' id='word_1_156' title='bbox 274 2164 485 2212; x_wconf 82' lang='lat' dir='ltr'>(Erdkund.</span> <span class='ocrx_word' id='word_1_157' title='bbox 512 2165 526 2202; x_wconf 91' lang='lat'><em>1</em></span> <span class='ocrx_word' id='word_1_158' title='bbox 549 2178 634 2216; x_wconf 94' lang='lat' dir='ltr'>pag.</span> <span class='ocrx_word' id='word_1_159' title='bbox 654 2165 757 2214; x_wconf 88' lang='lat'>890)</span> 
     </span>
     <span class='ocr_line' id='line_1_33' title="bbox 104 2219 758 2272; baseline 0.003 -15"><span class='ocrx_word' id='word_1_160' title='bbox 104 2219 225 2257; x_wconf 89' lang='lat' dir='ltr'>malim</span> <span class='ocrx_word' id='word_1_161' title='bbox 243 2220 445 2270; x_wconf 88' lang='lat' dir='ltr'>intelligere</span> <span class='ocrx_word' id='word_1_162' title='bbox 464 2222 758 2272; x_wconf 91' lang='lat' dir='ltr'>promontorium</span> 
     </span>
     <span class='ocr_line' id='line_1_34' title="bbox 108 2275 260 2326; baseline 0 -13"><span class='ocrx_word' id='word_1_163' title='bbox 108 2275 260 2326; x_wconf 79' lang='lat' dir='ltr'>Spartel.</span> 
     </span>
    </p>

    <p class='ocr_par' dir='ltr' id='par_1_11' title="bbox 107 2328 758 2942">
     <span class='ocr_line' id='line_1_35' title="bbox 160 2328 756 2387; baseline 0 -16"><span class='ocrx_word' id='word_1_164' title='bbox 160 2333 185 2387; x_wconf 74' lang='grc' dir='ltr'>’ᾑ</span> <span class='ocrx_word' id='word_1_165' title='bbox 205 2331 376 2372; x_wconf 82' lang='grc' dir='ltr'><strong><em>τελευταὶ</em></strong></span> <span class='ocrx_word' id='word_1_166' title='bbox 394 2335 466 2384; x_wconf 77' lang='grc' dir='ltr'>τῆς</span> <span class='ocrx_word' id='word_1_167' title='bbox 485 2328 659 2384; x_wconf 73' lang='grc' dir='ltr'><strong><em>Λιβύης]</em></strong></span> <span class='ocrx_word' id='word_1_168' title='bbox 687 2334 756 2371; x_wconf 91' lang='lat' dir='ltr'>Se-</span> 
     </span>
     <span class='ocr_line' id='line_1_36' title="bbox 107 2391 756 2454; baseline 0.003 -29"><span class='ocrx_word' id='word_1_169' title='bbox 107 2393 210 2426; x_wconf 85' lang='lat' dir='ltr'>cutus</span> <span class='ocrx_word' id='word_1_170' title='bbox 238 2403 315 2427; x_wconf 84' lang='lat' dir='ltr'>sum</span> <span class='ocrx_word' id='word_1_171' title='bbox 336 2391 605 2438; x_wconf 86' lang='lat' dir='ltr'>Gaisfordium,</span> <span class='ocrx_word' id='word_1_172' title='bbox 629 2404 756 2454; x_wconf 80' lang='lat' dir='ltr'>quam-</span> 
     </span>
     <span class='ocr_line' id='line_1_37' title="bbox 109 2446 756 2493; baseline 0.005 -12"><span class='ocrx_word' id='word_1_173' title='bbox 109 2457 215 2493; x_wconf 90' lang='lat' dir='ltr'>quam</span> <span class='ocrx_word' id='word_1_174' title='bbox 233 2446 338 2484; x_wconf 84' lang='lat' dir='ltr'>valde</span> <span class='ocrx_word' id='word_1_175' title='bbox 365 2448 501 2484; x_wconf 87' lang='lat' dir='ltr'>arridet</span> <span class='ocrx_word' id='word_1_176' title='bbox 527 2446 632 2484; x_wconf 88' lang='lat' dir='ltr'>lectio</span> <span class='ocrx_word' id='word_1_177' title='bbox 663 2460 684 2484; x_wconf 87' lang='lat' dir='ltr'>a</span> <span class='ocrx_word' id='word_1_178' title='bbox 702 2447 756 2484; x_wconf 87' lang='lat' dir='ltr'>vi-</span> 
     </span>
     <span class='ocr_line' id='line_1_38' title="bbox 109 2497 758 2557; baseline 0.009 -20"><span class='ocrx_word' id='word_1_179' title='bbox 109 2513 149 2537; x_wconf 90' lang='lat' dir='ltr'>ro</span> <span class='ocrx_word' id='word_1_180' title='bbox 171 2502 277 2539; x_wconf 88' lang='lat' dir='ltr'>docto</span> <span class='ocrx_word' id='word_1_181' title='bbox 310 2502 394 2540; x_wconf 92' lang='lat' dir='ltr'>olim</span> <span class='ocrx_word' id='word_1_182' title='bbox 412 2503 620 2554; x_wconf 88' lang='lat' dir='ltr'>proposita:</span> <span class='ocrx_word' id='word_1_183' title='bbox 653 2497 680 2557; x_wconf 81' lang='grc' dir='ltr'><em>ἧ</em></span> <span class='ocrx_word' id='word_1_184' title='bbox 698 2518 758 2543; x_wconf 91' lang='grc' dir='ltr'><strong><em>τε-</em></strong></span> 
     </span>
     <span class='ocr_line' id='line_1_39' title="bbox 109 2555 755 2623; baseline 0.003 -29"><span class='ocrx_word' id='word_1_185' title='bbox 109 2557 226 2623; x_wconf 79' lang='grc' dir='ltr'><strong><em>λευτᾷ</em></strong></span> <span class='ocrx_word' id='word_1_186' title='bbox 255 2573 302 2596; x_wconf 88' lang='grc' dir='ltr'><strong><em>τα</em></strong></span> <span class='ocrx_word' id='word_1_187' title='bbox 323 2561 394 2609; x_wconf 85' lang='grc' dir='ltr'>τῆς</span> <span class='ocrx_word' id='word_1_188' title='bbox 414 2555 586 2610; x_wconf 81' lang='grc' dir='ltr'><strong><em>Λιβύης.</em></strong></span> <span class='ocrx_word' id='word_1_189' title='bbox 616 2560 755 2609; x_wconf 84' lang='lat' dir='ltr'>Vulgo:</span> 
     </span>
     <span class='ocr_line' id='line_1_40' title="bbox 109 2608 756 2667; baseline 0.003 -16"><span class='ocrx_word' id='word_1_190' title='bbox 109 2608 138 2662; x_wconf 78' lang='grc' dir='ltr'><em>ἣ</em></span> <span class='ocrx_word' id='word_1_191' title='bbox 166 2617 322 2664; x_wconf 72' lang='grc' dir='ltr'><strong><em>τελευτᾷ</em></strong></span> <span class='ocrx_word' id='word_1_192' title='bbox 348 2618 418 2666; x_wconf 83' lang='grc' dir='ltr'>τῆς</span> <span class='ocrx_word' id='word_1_193' title='bbox 441 2614 625 2667; x_wconf 79' lang='grc' dir='ltr'><strong><em>Λιβύης,</em></strong></span> <span class='ocrx_word' id='word_1_194' title='bbox 657 2618 756 2654; x_wconf 86' lang='lat' dir='ltr'>cuius</span> 
     </span>
     <span class='ocr_line' id='line_1_41' title="bbox 107 2667 757 2723; baseline 0.01 -19"><span class='ocrx_word' id='word_1_195' title='bbox 107 2667 186 2706; x_wconf 92' lang='lat' dir='ltr'>loco</span> <span class='ocrx_word' id='word_1_196' title='bbox 204 2670 332 2710; x_wconf 87' lang='lat' dir='ltr'>Struve</span> <span class='ocrx_word' id='word_1_197' title='bbox 364 2671 429 2709; x_wconf 90' lang='lat' dir='ltr'>l.1.</span> <span class='ocrx_word' id='word_1_198' title='bbox 457 2685 543 2723; x_wconf 86' lang='lat' dir='ltr'>pag.</span> <span class='ocrx_word' id='word_1_199' title='bbox 572 2675 627 2714; x_wconf 83' lang='lat'>30</span> <span class='ocrx_word' id='word_1_200' title='bbox 649 2686 757 2723; x_wconf 84' lang='lat' dir='ltr'>prae-</span> 
     </span>
     <span class='ocr_line' id='line_1_42' title="bbox 108 2725 755 2783; baseline 0.011 -22"><span class='ocrx_word' id='word_1_201' title='bbox 108 2725 295 2763; x_wconf 82' lang='lat' dir='ltr'>ferendum</span> <span class='ocrx_word' id='word_1_202' title='bbox 313 2732 456 2767; x_wconf 87' lang='lat' dir='ltr'>censet:</span> <span class='ocrx_word' id='word_1_203' title='bbox 476 2725 504 2779; x_wconf 80' lang='grc' dir='ltr'><em>ἣ</em></span> <span class='ocrx_word' id='word_1_204' title='bbox 524 2732 682 2783; x_wconf 74' lang='grc' dir='ltr'><strong><em>τελευτᾷ</em></strong></span> <span class='ocrx_word' id='word_1_205' title='bbox 700 2726 755 2768; x_wconf 77' lang='grc' dir='ltr'><strong><em>τοὶ</em></strong></span> 
     </span>
     <span class='ocr_line' id='line_1_43' title="bbox 108 2779 757 2840; baseline 0.011 -22"><span class='ocrx_word' id='word_1_206' title='bbox 108 2783 179 2829; x_wconf 85' lang='grc' dir='ltr'>τῆς</span> <span class='ocrx_word' id='word_1_207' title='bbox 221 2779 389 2834; x_wconf 81' lang='grc' dir='ltr'><strong><em>Λιβύης.</em></strong></span> <span class='ocrx_word' id='word_1_208' title='bbox 455 2783 551 2823; x_wconf 82' lang='lat' dir='ltr'>Nam</span> <span class='ocrx_word' id='word_1_209' title='bbox 597 2788 757 2840; x_wconf 75' lang='grc' dir='ltr'><strong><em>τελευτᾷ</em></strong></span> 
     </span>
     <span class='ocr_line' id='line_1_44' title="bbox 109 2836 756 2889; baseline 0.012 -18"><span class='ocrx_word' id='word_1_210' title='bbox 109 2836 191 2873; x_wconf 92' lang='lat' dir='ltr'>olim</span> <span class='ocrx_word' id='word_1_211' title='bbox 222 2839 388 2889; x_wconf 89' lang='lat' dir='ltr'>scriptum</span> <span class='ocrx_word' id='word_1_212' title='bbox 417 2841 552 2889; x_wconf 85' lang='lat' dir='ltr'>fuisse,</span> <span class='ocrx_word' id='word_1_213' title='bbox 592 2843 756 2879; x_wconf 89' lang='lat' dir='ltr'>codicum</span> 
     </span>
     <span class='ocr_line' id='line_1_45' title="bbox 109 2893 756 2942; baseline 0.014 -14"><span class='ocrx_word' id='word_1_214' title='bbox 109 2893 262 2942; x_wconf 85' lang='lat' dir='ltr'>vestigia</span> <span class='ocrx_word' id='word_1_215' title='bbox 298 2896 455 2935; x_wconf 89' lang='lat' dir='ltr'>indicare</span> <span class='ocrx_word' id='word_1_216' title='bbox 493 2899 670 2936; x_wconf 85' lang='lat' dir='ltr'>videntur.</span> <span class='ocrx_word' id='word_1_217' title='bbox 700 2920 756 2927; x_wconf 65' lang='grc'>»-</span> 
     </span>
    </p>
   </div>
   <div class='ocr_carea' id='block_1_11' title="bbox 822 1084 1483 2948">
    <p class='ocr_par' dir='ltr' id='par_1_12' title="bbox 826 1084 1483 1580">
     <span class='ocr_line' id='line_1_46' title="bbox 830 1084 1482 1139; baseline 0.005 -12"><span class='ocrx_word' id='word_1_218' title='bbox 830 1090 871 1127; x_wconf 93' lang='lat' dir='ltr'>In</span> <span class='ocrx_word' id='word_1_219' title='bbox 893 1102 995 1139; x_wconf 89' lang='lat' dir='ltr'>seqq.</span> <span class='ocrx_word' id='word_1_220' title='bbox 1021 1089 1063 1129; x_wconf 81' lang='grc' dir='ltr'>οἱ</span> <span class='ocrx_word' id='word_1_221' title='bbox 1087 1088 1153 1129; x_wconf 83' lang='grc' dir='ltr'><strong><em>ε’πὶ</em></strong></span> <span class='ocrx_word' id='word_1_222' title='bbox 1177 1084 1388 1129; x_wconf 75' lang='grc' dir='ltr'><strong><em>θάλασσαν</em></strong></span> <span class='ocrx_word' id='word_1_223' title='bbox 1413 1105 1482 1130; x_wconf 80' lang='grc' dir='ltr'>κα-</span> 
     </span>
     <span class='ocr_line' id='line_1_47' title="bbox 829 1143 1483 1197; baseline -0.005 -11"><span class='ocrx_word' id='word_1_224' title='bbox 829 1143 1016 1197; x_wconf 83' lang='grc' dir='ltr'><strong><em>τήκοντες</em></strong></span> <span class='ocrx_word' id='word_1_225' title='bbox 1027 1144 1238 1197; x_wconf 80' lang='grc' dir='ltr'><strong><em>ὀὶνθρωποι</em></strong></span> <span class='ocrx_word' id='word_1_226' title='bbox 1258 1160 1337 1184; x_wconf 88' lang='lat' dir='ltr'>cum</span> <span class='ocrx_word' id='word_1_227' title='bbox 1354 1147 1378 1183; x_wconf 90' lang='lat' dir='ltr'>ii</span> <span class='ocrx_word' id='word_1_228' title='bbox 1398 1147 1483 1194; x_wconf 75' lang='lat' dir='ltr'>sint,</span> 
     </span>
     <span class='ocr_line' id='line_1_48' title="bbox 829 1204 1482 1254; baseline -0.002 -14"><span class='ocrx_word' id='word_1_229' title='bbox 829 1204 891 1254; x_wconf 92' lang='lat' dir='ltr'>qui</span> <span class='ocrx_word' id='word_1_230' title='bbox 912 1204 1110 1240; x_wconf 88' lang='lat' dir='ltr'>secundum</span> <span class='ocrx_word' id='word_1_231' title='bbox 1140 1204 1248 1240; x_wconf 86' lang='lat' dir='ltr'>maris</span> <span class='ocrx_word' id='word_1_232' title='bbox 1268 1204 1482 1241; x_wconf 89' lang='lat' dir='ltr'>mediterra-</span> 
     </span>
     <span class='ocr_line' id='line_1_49' title="bbox 828 1256 1482 1307; baseline 0.002 -10"><span class='ocrx_word' id='word_1_233' title='bbox 828 1260 888 1298; x_wconf 89' lang='lat' dir='ltr'>nei</span> <span class='ocrx_word' id='word_1_234' title='bbox 917 1272 1017 1296; x_wconf 87' lang='lat' dir='ltr'>oram</span> <span class='ocrx_word' id='word_1_235' title='bbox 1047 1259 1236 1307; x_wconf 84' lang='lat' dir='ltr'>habitant,</span> <span class='ocrx_word' id='word_1_236' title='bbox 1267 1260 1393 1297; x_wconf 87' lang='lat' dir='ltr'>verba:</span> <span class='ocrx_word' id='word_1_237' title='bbox 1433 1256 1482 1298; x_wconf 74' lang='lat' dir='ltr'>voi</span> 
     </span>
     <span class='ocr_line' id='line_1_50' title="bbox 830 1311 1482 1368; baseline -0.002 -13"><span class='ocrx_word' id='word_1_238' title='bbox 830 1313 932 1368; x_wconf 82' lang='grc' dir='ltr'><strong><em>υπὲρ</em></strong></span> <span class='ocrx_word' id='word_1_239' title='bbox 973 1311 1183 1366; x_wconf 78' lang='grc' dir='ltr'><strong><em>θαλάσσης</em></strong></span> <span class='ocrx_word' id='word_1_240' title='bbox 1224 1329 1263 1354; x_wconf 89' lang='grc' dir='ltr'><strong><em>τε</em></strong></span> <span class='ocrx_word' id='word_1_241' title='bbox 1302 1330 1368 1354; x_wconf 81' lang='grc' dir='ltr'>και</span> <span class='ocrx_word' id='word_1_242' title='bbox 1400 1318 1482 1354; x_wconf 81' lang='grc' dir='ltr'><strong><em>τῶν</em></strong></span> 
     </span>
     <span class='ocr_line' id='line_1_51' title="bbox 829 1367 1480 1421; baseline -0.003 -9"><span class='ocrx_word' id='word_1_243' title='bbox 829 1372 894 1412; x_wconf 80' lang='grc' dir='ltr'>ἐπὶ</span> <span class='ocrx_word' id='word_1_244' title='bbox 916 1367 1125 1410; x_wconf 79' lang='grc' dir='ltr'><strong><em>θαλασσαν</em></strong></span> <span class='ocrx_word' id='word_1_245' title='bbox 1141 1367 1395 1421; x_wconf 78' lang='grc' dir='ltr'><strong><em>κατηκόντων</em></strong></span> <span class='ocrx_word' id='word_1_246' title='bbox 1411 1369 1480 1410; x_wconf 78' lang='grc' dir='ltr'>ἇν-</span> 
     </span>
     <span class='ocr_line' id='line_1_52' title="bbox 827 1425 1482 1494; baseline -0.003 -25.997"><span class='ocrx_word' id='word_1_247' title='bbox 827 1425 1005 1494; x_wconf 75' lang='grc' dir='ltr'><strong><em>θρωπων</em></strong></span> <span class='ocrx_word' id='word_1_248' title='bbox 1034 1428 1270 1477; x_wconf 85' lang='lat' dir='ltr'>intelligenda</span> <span class='ocrx_word' id='word_1_249' title='bbox 1297 1432 1404 1466; x_wconf 85' lang='lat' dir='ltr'>erunt</span> <span class='ocrx_word' id='word_1_250' title='bbox 1433 1429 1482 1466; x_wconf 90' lang='lat' dir='ltr'>de</span> 
     </span>
     <span class='ocr_line' id='line_1_53' title="bbox 826 1485 1481 1535; baseline -0.002 -12"><span class='ocrx_word' id='word_1_251' title='bbox 826 1486 1006 1524; x_wconf 86' lang='lat' dir='ltr'>interioris</span> <span class='ocrx_word' id='word_1_252' title='bbox 1033 1485 1174 1523; x_wconf 85' lang='lat' dir='ltr'>Africae</span> <span class='ocrx_word' id='word_1_253' title='bbox 1197 1485 1431 1535; x_wconf 86' lang='lat' dir='ltr'>regionibus,</span> <span class='ocrx_word' id='word_1_254' title='bbox 1458 1497 1481 1522; x_wconf 88' lang='lat' dir='ltr'>a</span> 
     </span>
     <span class='ocr_line' id='line_1_54' title="bbox 826 1541 1203 1580; baseline -0.008 0"><span class='ocrx_word' id='word_1_255' title='bbox 826 1544 917 1580; x_wconf 89' lang='lat' dir='ltr'>mari</span> <span class='ocrx_word' id='word_1_256' title='bbox 940 1541 1203 1580; x_wconf 85' lang='lat' dir='ltr'>remotioribus.</span> 
     </span>
    </p>

    <p class='ocr_par' dir='ltr' id='par_1_13' title="bbox 822 1592 1481 2948">
     <span class='ocr_line' id='line_1_55' title="bbox 883 1592 1481 1648; baseline -0.003 -10"><span class='ocrx_word' id='word_1_257' title='bbox 883 1598 966 1638; x_wconf 80' lang='grc' dir='ltr'><strong><em>ἐπεὶ</em></strong></span> <span class='ocrx_word' id='word_1_258' title='bbox 990 1593 1047 1637; x_wconf 68' lang='grc' dir='ltr'>ὧν</span> <span class='ocrx_word' id='word_1_259' title='bbox 1075 1594 1169 1645; x_wconf 72' lang='grc' dir='ltr'><strong><em>τούς</em></strong></span> <span class='ocrx_word' id='word_1_260' title='bbox 1187 1596 1351 1648; x_wconf 83' lang='grc' dir='ltr'><strong><em>νεηνίας</em></strong></span> <span class='ocrx_word' id='word_1_261' title='bbox 1377 1592 1481 1636; x_wconf 71' lang='grc' dir='ltr'><strong><em>ἄπο-</em></strong></span> 
     </span>
     <span class='ocr_line' id='line_1_56' title="bbox 826 1653 1481 1706; baseline -0.006 -12"><span class='ocrx_word' id='word_1_262' title='bbox 826 1653 1104 1706; x_wconf 82' lang='grc' dir='ltr'><strong><em>πεμπομένους</em></strong></span> <span class='ocrx_word' id='word_1_263' title='bbox 1121 1670 1157 1692; x_wconf 84' lang='grc' dir='ltr'>κ.</span> <span class='ocrx_word' id='word_1_264' title='bbox 1177 1669 1210 1693; x_wconf 89' lang='grc' dir='ltr'><strong><em>τ.</em></strong></span> <span class='ocrx_word' id='word_1_265' title='bbox 1230 1655 1277 1704; x_wconf 86' lang='grc' dir='ltr'><strong><em>λ.]</em></strong></span> <span class='ocrx_word' id='word_1_266' title='bbox 1300 1654 1481 1691; x_wconf 82' lang='lat' dir='ltr'>Particula</span> 
     </span>
     <span class='ocr_line' id='line_1_57' title="bbox 828 1710 1480 1761; baseline -0.005 -11"><span class='ocrx_word' id='word_1_267' title='bbox 828 1710 932 1759; x_wconf 77' lang='grc' dir='ltr'><strong><em>ἐπεὶ,</em></strong></span> <span class='ocrx_word' id='word_1_268' title='bbox 961 1724 1069 1761; x_wconf 87' lang='lat' dir='ltr'>quam</span> <span class='ocrx_word' id='word_1_269' title='bbox 1091 1723 1215 1748; x_wconf 86' lang='lat' dir='ltr'>omnes</span> <span class='ocrx_word' id='word_1_270' title='bbox 1233 1711 1314 1748; x_wconf 89' lang='lat' dir='ltr'>libri</span> <span class='ocrx_word' id='word_1_271' title='bbox 1340 1715 1480 1758; x_wconf 80' lang='lat' dir='ltr'>tenent,</span> 
     </span>
     <span class='ocr_line' id='line_1_58' title="bbox 826 1766 1480 1817; baseline -0.002 -13"><span class='ocrx_word' id='word_1_272' title='bbox 826 1768 1003 1806; x_wconf 87' lang='lat' dir='ltr'>immerito</span> <span class='ocrx_word' id='word_1_273' title='bbox 1030 1767 1211 1817; x_wconf 87' lang='lat' dir='ltr'>displicuit</span> <span class='ocrx_word' id='word_1_274' title='bbox 1235 1767 1318 1804; x_wconf 86' lang='lat' dir='ltr'>viris</span> <span class='ocrx_word' id='word_1_275' title='bbox 1348 1766 1480 1814; x_wconf 86' lang='lat' dir='ltr'>doctis,</span> 
     </span>
     <span class='ocr_line' id='line_1_59' title="bbox 826 1819 1478 1862; baseline -0.003 -1"><span class='ocrx_word' id='word_1_276' title='bbox 826 1825 919 1862; x_wconf 89' lang='lat' dir='ltr'>adeo</span> <span class='ocrx_word' id='word_1_277' title='bbox 938 1828 978 1862; x_wconf 88' lang='lat' dir='ltr'>ut</span> <span class='ocrx_word' id='word_1_278' title='bbox 996 1825 1233 1862; x_wconf 87' lang='lat' dir='ltr'>emendarent</span> <span class='ocrx_word' id='word_1_279' title='bbox 1247 1819 1371 1862; x_wconf 80' lang='grc' dir='ltr'><strong><em>εἷπον.</em></strong></span> <span class='ocrx_word' id='word_1_280' title='bbox 1399 1823 1478 1860; x_wconf 91' lang='lat' dir='ltr'>Sed</span> 
     </span>
     <span class='ocr_line' id='line_1_60' title="bbox 825 1880 1477 1918; baseline -0.002 0"><span class='ocrx_word' id='word_1_281' title='bbox 825 1881 904 1918; x_wconf 91' lang='lat' dir='ltr'>loco</span> <span class='ocrx_word' id='word_1_282' title='bbox 957 1880 1234 1918; x_wconf 89' lang='lat' dir='ltr'>succurrendum</span> <span class='ocrx_word' id='word_1_283' title='bbox 1275 1883 1354 1917; x_wconf 91' lang='lat' dir='ltr'>erat</span> <span class='ocrx_word' id='word_1_284' title='bbox 1401 1891 1477 1917; x_wconf 88' lang='lat' dir='ltr'>non</span> 
     </span>
     <span class='ocr_line' id='line_1_61' title="bbox 826 1935 1479 1986; baseline -0.005 -11"><span class='ocrx_word' id='word_1_285' title='bbox 826 1937 1079 1976; x_wconf 84' lang='lat' dir='ltr'>emendatione</span> <span class='ocrx_word' id='word_1_286' title='bbox 1109 1937 1175 1974; x_wconf 88' lang='lat' dir='ltr'>sed</span> <span class='ocrx_word' id='word_1_287' title='bbox 1209 1935 1479 1986; x_wconf 89' lang='lat' dir='ltr'>interpretatio-</span> 
     </span>
     <span class='ocr_line' id='line_1_62' title="bbox 824 1986 1476 2040; baseline -0.003 -8"><span class='ocrx_word' id='word_1_288' title='bbox 824 2006 895 2040; x_wconf 78' lang='lat' dir='ltr'>ne3</span> <span class='ocrx_word' id='word_1_289' title='bbox 927 1999 982 2032; x_wconf 87' lang='lat' dir='ltr'>est</span> <span class='ocrx_word' id='word_1_290' title='bbox 997 1993 1092 2031; x_wconf 91' lang='lat' dir='ltr'>enim</span> <span class='ocrx_word' id='word_1_291' title='bbox 1117 1992 1234 2029; x_wconf 87' lang='lat' dir='ltr'>oratio</span> <span class='ocrx_word' id='word_1_292' title='bbox 1251 1986 1476 2031; x_wconf 75' lang='grc' dir='ltr'><strong><em>ἀνακόλου-</em></strong></span> 
     </span>
     <span class='ocr_line' id='line_1_63' title="bbox 825 2049 1477 2099; baseline -0.006 -9"><span class='ocrx_word' id='word_1_293' title='bbox 825 2054 923 2099; x_wconf 71' lang='grc' dir='ltr'><strong><em>θοςς</em></strong></span> <span class='ocrx_word' id='word_1_294' title='bbox 970 2050 1069 2088; x_wconf 91' lang='lat' dir='ltr'>cuius</span> <span class='ocrx_word' id='word_1_295' title='bbox 1107 2049 1333 2086; x_wconf 86' lang='lat' dir='ltr'>occasionem</span> <span class='ocrx_word' id='word_1_296' title='bbox 1369 2060 1477 2098; x_wconf 87' lang='lat' dir='ltr'>prae-</span> 
     </span>
     <span class='ocr_line' id='line_1_64' title="bbox 825 2104 1478 2155; baseline -0.003 -11"><span class='ocrx_word' id='word_1_297' title='bbox 825 2107 980 2144; x_wconf 86' lang='lat' dir='ltr'>buerunt</span> <span class='ocrx_word' id='word_1_298' title='bbox 1013 2118 1074 2153; x_wconf 86' lang='lat' dir='ltr'>ea,</span> <span class='ocrx_word' id='word_1_299' title='bbox 1119 2118 1214 2155; x_wconf 86' lang='lat' dir='ltr'>quae</span> <span class='ocrx_word' id='word_1_300' title='bbox 1245 2106 1293 2142; x_wconf 91' lang='lat' dir='ltr'>de</span> <span class='ocrx_word' id='word_1_301' title='bbox 1315 2104 1478 2153; x_wconf 86' lang='lat' dir='ltr'>Libycae</span> 
     </span>
     <span class='ocr_line' id='line_1_65' title="bbox 823 2162 1478 2209; baseline -0.003 -9"><span class='ocrx_word' id='word_1_302' title='bbox 823 2167 943 2201; x_wconf 89' lang='lat' dir='ltr'>terrae</span> <span class='ocrx_word' id='word_1_303' title='bbox 970 2163 1146 2200; x_wconf 78' lang='lat' dir='ltr'>divisione</span> <span class='ocrx_word' id='word_1_304' title='bbox 1169 2162 1355 2199; x_wconf 87' lang='lat' dir='ltr'>interiecta</span> <span class='ocrx_word' id='word_1_305' title='bbox 1382 2165 1478 2209; x_wconf 85' lang='lat' dir='ltr'>sunt,</span> 
     </span>
     <span class='ocr_line' id='line_1_66' title="bbox 825 2212 1477 2270; baseline -0.002 -14"><span class='ocrx_word' id='word_1_306' title='bbox 825 2220 910 2258; x_wconf 89' lang='lat' dir='ltr'>inde</span> <span class='ocrx_word' id='word_1_307' title='bbox 929 2233 950 2257; x_wconf 92' lang='lat' dir='ltr'>a</span> <span class='ocrx_word' id='word_1_308' title='bbox 970 2219 1090 2257; x_wconf 79' lang='lat' dir='ltr'>verbis</span> <span class='ocrx_word' id='word_1_309' title='bbox 1119 2220 1192 2269; x_wconf 85' lang='grc' dir='ltr'>τῆς</span> <span class='ocrx_word' id='word_1_310' title='bbox 1221 2233 1297 2270; x_wconf 78' lang='grc' dir='ltr'>γαρ</span> <span class='ocrx_word' id='word_1_311' title='bbox 1315 2212 1477 2269; x_wconf 80' lang='grc' dir='ltr'><strong><em>Λιβύης</em></strong></span> 
     </span>
     <span class='ocr_line' id='line_1_67' title="bbox 824 2273 1475 2347; baseline -0.006 -32"><span class='ocrx_word' id='word_1_312' title='bbox 824 2292 872 2315; x_wconf 88' lang='grc' dir='ltr'><strong><em>τα</em></strong></span> <span class='ocrx_word' id='word_1_313' title='bbox 878 2273 984 2347; x_wconf 47' lang='grc' dir='ltr'>ψμὲν</span> <span class='ocrx_word' id='word_1_314' title='bbox 994 2291 1091 2314; x_wconf 83' lang='grc' dir='ltr'><strong><em>κατα</em></strong></span> <span class='ocrx_word' id='word_1_315' title='bbox 1114 2289 1150 2313; x_wconf 81' lang='grc' dir='ltr'>κ.</span> <span class='ocrx_word' id='word_1_316' title='bbox 1169 2289 1201 2313; x_wconf 91' lang='grc' dir='ltr'><strong><em>τ</em></strong></span> <span class='ocrx_word' id='word_1_317' title='bbox 1222 2277 1255 2313; x_wconf 89' lang='grc' dir='ltr'><strong><em>λ.</em></strong></span> <span class='ocrx_word' id='word_1_318' title='bbox 1283 2287 1400 2323; x_wconf 90' lang='lat' dir='ltr'>usque</span> <span class='ocrx_word' id='word_1_319' title='bbox 1427 2274 1475 2311; x_wconf 88' lang='lat' dir='ltr'>ad</span> 
     </span>
     <span class='ocr_line' id='line_1_68' title="bbox 823 2331 1477 2384; baseline -0.008 -12"><span class='ocrx_word' id='word_1_320' title='bbox 823 2332 891 2372; x_wconf 82' lang='grc' dir='ltr'>καὶ</span> <span class='ocrx_word' id='word_1_321' title='bbox 911 2332 1058 2384; x_wconf 79' lang='grc' dir='ltr'><strong><em>ἕρημος</em></strong></span> <span class='ocrx_word' id='word_1_322' title='bbox 1079 2346 1254 2370; x_wconf 83' lang='grc' dir='ltr'><strong><em>παντων.</em></strong></span> <span class='ocrx_word' id='word_1_323' title='bbox 1291 2331 1369 2367; x_wconf 82' lang='lat' dir='ltr'>Iam</span> <span class='ocrx_word' id='word_1_324' title='bbox 1387 2331 1477 2368; x_wconf 86' lang='lat' dir='ltr'>haec</span> 
     </span>
     <span class='ocr_line' id='line_1_69' title="bbox 822 2387 1476 2438; baseline -0.006 -11"><span class='ocrx_word' id='word_1_325' title='bbox 822 2390 1096 2427; x_wconf 87' lang='lat' dir='ltr'>confirmaturus</span> <span class='ocrx_word' id='word_1_326' title='bbox 1123 2389 1188 2435; x_wconf 84' lang='lat' dir='ltr'>iis,</span> <span class='ocrx_word' id='word_1_327' title='bbox 1219 2400 1314 2438; x_wconf 90' lang='lat' dir='ltr'>quae</span> <span class='ocrx_word' id='word_1_328' title='bbox 1336 2387 1476 2437; x_wconf 85' lang='lat' dir='ltr'>reliqua</span> 
     </span>
     <span class='ocr_line' id='line_1_70' title="bbox 823 2444 1475 2490; baseline -0.008 -6"><span class='ocrx_word' id='word_1_329' title='bbox 823 2451 926 2485; x_wconf 89' lang='lat' dir='ltr'>erant</span> <span class='ocrx_word' id='word_1_330' title='bbox 966 2447 1013 2484; x_wconf 91' lang='lat' dir='ltr'>de</span> <span class='ocrx_word' id='word_1_331' title='bbox 1046 2445 1217 2482; x_wconf 84' lang='lat' dir='ltr'>Etearchi</span> <span class='ocrx_word' id='word_1_332' title='bbox 1253 2444 1475 2490; x_wconf 87' lang='lat' dir='ltr'>narratione,</span> 
     </span>
     <span class='ocr_line' id='line_1_71' title="bbox 822 2496 1475 2554; baseline -0.006 -14"><span class='ocrx_word' id='word_1_333' title='bbox 822 2504 946 2554; x_wconf 87' lang='lat' dir='ltr'>pergit</span> <span class='ocrx_word' id='word_1_334' title='bbox 966 2501 1050 2542; x_wconf 84' lang='grc' dir='ltr'><strong><em>ἐπεὶ</em></strong></span> <span class='ocrx_word' id='word_1_335' title='bbox 1073 2496 1128 2540; x_wconf 72' lang='grc' dir='ltr'>ὦν</span> <span class='ocrx_word' id='word_1_336' title='bbox 1147 2516 1181 2539; x_wconf 81' lang='grc' dir='ltr'>κ.</span> <span class='ocrx_word' id='word_1_337' title='bbox 1197 2516 1229 2540; x_wconf 87' lang='grc' dir='ltr'>τ.</span> <span class='ocrx_word' id='word_1_338' title='bbox 1252 2502 1297 2545; x_wconf 87' lang='grc' dir='ltr'><strong><em>λ.,</em></strong></span> <span class='ocrx_word' id='word_1_339' title='bbox 1320 2512 1475 2548; x_wconf 86' lang='lat' dir='ltr'>quorum</span> 
     </span>
     <span class='ocr_line' id='line_1_72' title="bbox 823 2556 1477 2609; baseline -0.006 -13"><span class='ocrx_word' id='word_1_340' title='bbox 823 2561 1012 2597; x_wconf 87' lang='lat' dir='ltr'>verborum</span> <span class='ocrx_word' id='word_1_341' title='bbox 1027 2558 1226 2609; x_wconf 89' lang='lat' dir='ltr'>apodosis,</span> <span class='ocrx_word' id='word_1_342' title='bbox 1251 2557 1368 2594; x_wconf 89' lang='lat' dir='ltr'>iudice</span> <span class='ocrx_word' id='word_1_343' title='bbox 1379 2556 1477 2593; x_wconf 89' lang='lat' dir='ltr'>Her-</span> 
     </span>
     <span class='ocr_line' id='line_1_73' title="bbox 823 2612 1474 2664; baseline -0.006 -11"><span class='ocrx_word' id='word_1_344' title='bbox 823 2628 957 2654; x_wconf 88' lang='lat' dir='ltr'>manno</span> <span class='ocrx_word' id='word_1_345' title='bbox 975 2616 1023 2653; x_wconf 88' lang='lat' dir='ltr'>ad</span> <span class='ocrx_word' id='word_1_346' title='bbox 1046 2615 1168 2664; x_wconf 87' lang='lat' dir='ltr'>Viger.</span> <span class='ocrx_word' id='word_1_347' title='bbox 1196 2626 1282 2664; x_wconf 86' lang='lat' dir='ltr'>pag.</span> <span class='ocrx_word' id='word_1_348' title='bbox 1298 2612 1381 2654; x_wconf 80' lang='lat'>784</span> <span class='ocrx_word' id='word_1_349' title='bbox 1396 2625 1474 2662; x_wconf 90' lang='lat' dir='ltr'>seq.</span> 
     </span>
     <span class='ocr_line' id='line_1_74' title="bbox 825 2665 1476 2723; baseline -0.002 -15"><span class='ocrx_word' id='word_1_350' title='bbox 825 2673 974 2723; x_wconf 88' lang='lat' dir='ltr'>incipiat</span> <span class='ocrx_word' id='word_1_351' title='bbox 998 2685 1021 2709; x_wconf 86' lang='lat' dir='ltr'>a</span> <span class='ocrx_word' id='word_1_352' title='bbox 1058 2671 1176 2709; x_wconf 86' lang='lat' dir='ltr'>verbis</span> <span class='ocrx_word' id='word_1_353' title='bbox 1204 2665 1476 2718; x_wconf 77' lang='grc' dir='ltr'><strong><em>διεξελθόντας</em></strong></span> 
     </span>
     <span class='ocr_line' id='line_1_75' title="bbox 825 2720 1476 2780; baseline -0.006 -13"><span class='ocrx_word' id='word_1_354' title='bbox 825 2726 876 2768; x_wconf 83' lang='grc' dir='ltr'>δὲ</span> <span class='ocrx_word' id='word_1_355' title='bbox 912 2730 1042 2780; x_wconf 77' lang='grc' dir='ltr'><strong><em>χῶρον</em></strong></span> <span class='ocrx_word' id='word_1_356' title='bbox 1073 2723 1222 2767; x_wconf 80' lang='grc' dir='ltr'><strong><em>πολλου</em></strong></span> <span class='ocrx_word' id='word_1_357' title='bbox 1249 2720 1476 2777; x_wconf 82' lang='grc' dir='ltr'><strong><em>ψαμμωδεα</em></strong></span> 
     </span>
     <span class='ocr_line' id='line_1_76' title="bbox 826 2779 1474 2835; baseline -0.009 -11"><span class='ocrx_word' id='word_1_358' title='bbox 826 2807 875 2813; x_wconf 92' lang='grc'>--</span> <span class='ocrx_word' id='word_1_359' title='bbox 898 2785 998 2824; x_wconf 84' lang='grc' dir='ltr'><strong><em>ιδεῖν</em></strong></span> <span class='ocrx_word' id='word_1_360' title='bbox 1025 2779 1076 2835; x_wconf 82' lang='grc' dir='ltr'>δή</span> <span class='ocrx_word' id='word_1_361' title='bbox 1099 2798 1189 2823; x_wconf 80' lang='grc' dir='ltr'><strong><em>κοτε</em></strong></span> <span class='ocrx_word' id='word_1_362' title='bbox 1217 2798 1252 2822; x_wconf 84' lang='grc' dir='ltr'>κ.</span> <span class='ocrx_word' id='word_1_363' title='bbox 1273 2797 1304 2822; x_wconf 89' lang='grc' dir='ltr'><strong><em>τ.</em></strong></span> <span class='ocrx_word' id='word_1_364' title='bbox 1327 2786 1384 2829; x_wconf 87' lang='grc' dir='ltr'><strong><em>λ,</em></strong></span> <span class='ocrx_word' id='word_1_365' title='bbox 1413 2782 1474 2819; x_wconf 91' lang='lat' dir='ltr'>ubi</span> 
     </span>
     <span class='ocr_line' id='line_1_77' title="bbox 822 2839 1476 2892; baseline -0.008 -14"><span class='ocrx_word' id='word_1_366' title='bbox 822 2841 997 2892; x_wconf 86' lang='lat' dir='ltr'>particula</span> <span class='ocrx_word' id='word_1_367' title='bbox 1029 2839 1101 2888; x_wconf 84' lang='grc' dir='ltr'>δὲ,</span> <span class='ocrx_word' id='word_1_368' title='bbox 1150 2844 1236 2891; x_wconf 90' lang='lat' dir='ltr'>post</span> <span class='ocrx_word' id='word_1_369' title='bbox 1281 2839 1476 2890; x_wconf 87' lang='lat' dir='ltr'>plerasque</span> 
     </span>
     <span class='ocr_line' id='line_1_78' title="bbox 823 2894 1477 2948; baseline -0.008 -13"><span class='ocrx_word' id='word_1_370' title='bbox 823 2897 1014 2948; x_wconf 85' lang='lat' dir='ltr'>particulas</span> <span class='ocrx_word' id='word_1_371' title='bbox 1033 2896 1253 2947; x_wconf 88' lang='lat' dir='ltr'>temporales</span> <span class='ocrx_word' id='word_1_372' title='bbox 1277 2899 1312 2932; x_wconf 90' lang='lat' dir='ltr'>et</span> <span class='ocrx_word' id='word_1_373' title='bbox 1323 2894 1477 2932; x_wconf 87' lang='lat' dir='ltr'>maxime</span> 
     </span>
    </p>
   </div>
   <div class='ocr_carea' id='block_1_12' title="bbox 1111 2952 1199 2991">
    <p class='ocr_par' dir='ltr' id='par_1_14' title="bbox 1111 2952 1199 2991">
     <span class='ocr_line' id='line_1_79' title="bbox 1111 2952 1199 2991; baseline 0 0"><span class='ocrx_word' id='word_1_374' title='bbox 1111 2952 1199 2991; x_wconf 79' lang='lat'>35*</span> 
     </span>
    </p>
   </div>
  </div>
 </body>
</html>
