1814 3315
617 253 922 294 CL10.1.

1324 259 1405 299 199

118 368 351 425 2K90156cp‚
382 363 525 419 ὥσπερ
554 363 627 408 καὶ
656 357 737 420 ἦν,
768 363 885 416 ἔδοξε
913 362 1041 418 τέρας
1072 361 1194 407 εἶναι.
1244 362 1402 409 αὐτίκα
1460 375 1514 416 39

144 447 191 492 δὲ
227 447 382 501 ἔπεμπε
415 441 700 498 θεοπρόπους
736 442 780 494 ές
817 445 903 486 τῶν
941 443 1177 500 ἐξηγητέων
1212 447 1430 501 Τελμησ-6

145 526 264 570 σέων.
296 522 594 580 ἀπικομένοισι
624 521 672 566 δὲ
711 526 826 566 τοῖσι
854 522 1168 578 θεοπρόποισι,
1220 523 1296 567 καὶ
1323 541 1400 580 μα-

143 607 278 649 θοῦσι
304 602 414 658 πρὸς
453 602 733 658 Τελμησσέων
761 601 810 645 τό
853 602 972 646 θέλει
1003 602 1227 658 σημαίνειν
1258 601 1305 647 τὸ
1339 603 1399 647 τέ-

111 691 244 738 3ρας,
275 679 357 726 οὐκ
385 682 598 738 ἐξεγένετο
631 683 809 738 Κροίσῳ
841 679 1109 738 ἀπαγγεῖλαι.
1168 682 1272 737 πρὶν
1314 680 1397 738 γὰρ

139 760 169 818 ἦ
194 759 334 805 ὀπίσω
364 761 503 819 σφέας
543 760 797 805 ἀναπλῶσαι
838 761 881 813 ές
919 760 997 812 τοὶς
1025 760 1213 815 Σάρδις,
1251 759 1342 818 ἥλω
1375 759 1398 805 ὁ

138 843 341 896 Κροῖσος.
402 841 663 897 Τελμησσέες
691 839 769 897 μέν
798 857 867 884 τοι
895 840 996 884 τάδε
1026 840 1241 896 ἔγνωσαν,
1272 852 1393 897 στρα·
1413 847 1455 881 10

136 919 216 964 τὸν
246 918 497 976 ἀλλόθροον
524 918 822 976 προσδόκιμον
859 917 970 964 εἶναι
1009 921 1188 977 Κροίσῳ
1217 919 1286 964 ἐπὶ
1315 919 1396 977 τὴν

137 997 306 1057 χώρην,
336 997 604 1057 ἀπικόμενον
633 999 680 1044 δὲ
706 1004 866 1044 τοῦτον
893 1000 1265 1056 καταστρέψεσθαι
1291 997 1397 1052 τούς

81 1162 322 1211 suburbana),
333 1163 412 1201 illos
432 1162 662 1214 (serpentes)
675 1161 733 1200 de-

81 1218 318 1267 glutiebant.“
377 1219 537 1256 Genitivi
579 1217 734 1269 φανέν-

81 1289 161 1314 των
182 1273 225 1314 δὲ
244 1271 376 1315 αὐτῶν
404 1276 448 1312 iis
474 1275 609 1313 similes
637 1280 734 1324 sunt,

81 1332 129 1369 de
148 1333 277 1381 quibus
307 1344 417 1383 supra
442 1333 490 1370 ad
520 1332 558 1381 Ι,
587 1333 614 1373 3
641 1332 733 1369 dixi-

80 1400 172 1424 mus.

135 1442 175 1490 ές
204 1445 284 1482 τῶν
314 1441 531 1497 ἐξηγητέων
560 1445 729 1495 Τελμησ-

79 1498 205 1550 σέων]
243 1499 358 1537 Aldus
386 1501 540 1538 dederat
569 1499 609 1547 ἐς
636 1498 730 1548 τούς

79 1554 310 1608 ε’ξηγητέας,
361 1569 469 1606 quem
507 1557 608 1594 multi
643 1558 728 1596 dein

78 1613 192 1651 secuti
207 1617 303 1650 sunt.
328 1613 423 1650 Cum
442 1626 526 1652 vero
544 1614 624 1651 libri
636 1627 730 1652 nunc

78 1669 198 1707 collati
227 1669 383 1707 offerant
413 1668 453 1716 ές
484 1672 562 1710 τῶν
594 1669 730 1722 ἐξηγη-

79 1723 197 1773 τέων,
226 1738 307 1763 cum
321 1725 532 1763 Gaisfordio
551 1739 730 1776 reponere

79 1794 153 1819 non
179 1782 350 1819 dubitavi.
407 1782 488 1819 Erit
515 1787 636 1820 autem
665 1795 730 1832 ge-

78 1838 211 1876 nitivus
239 1839 370 1876 eodem
399 1839 511 1876 modo
543 1839 727 1889 explican-

78 1895 170 1944 dus,
199 1908 273 1944 quo
293 1908 405 1945 supra
423 1895 460 1943 I,
473 1894 527 1936 35
548 1893 590 1934 έν
601 1892 727 1947 Κροί-

78 1962 164 1990 σου.
193 1951 276 1989 Vid.
300 1950 430 1989 Matth.
452 1949 489 2002 §.
511 1952 594 1993 380
611 1956 686 1990 not.
701 1951 727 1994 5

77 2019 164 2058 pag.
191 2010 297 2056 701,
325 2009 388 2057 qui
416 2008 515 2046 idem
543 2007 580 2059 ἓ.
599 2011 674 2056 91,
702 2011 727 2050 1

81 2063 206 2101 laudat
234 2077 279 2103 ex
301 2064 372 2102 hoc
400 2063 481 2102 loco
506 2063 728 2117 ἒξηγητέας,

77 2132 296 2170 quamquam
313 2121 350 2158 in
365 2120 547 2159 Herodoti
569 2122 729 2160 editione

76 2177 156 2227 ipse
176 2177 291 2215 edidit
308 2175 538 2229 ἐξηγητέων.
556 2173 728 2228 -Έξη-

76 2231 192 2284 γηταὶ
209 2233 279 2271 hoc
301 2233 381 2271 loco
397 2238 482 2272 sunt
509 2235 728 2287 (interprete

75 2289 294 2328 Ruhnkenio
338 2291 387 2329 ad
443 2290 589 2329 Timaei
635 2290 726 2330 Lex.

77 2344 167 2383 Plat.
187 2359 275 2396 pag.
297 2347 398 2396 110)
427 2348 489 2397 qui
507 2351 672 2385 monstra
689 2352 727 2386 et

76 2402 246 2451 prodigia
288 2408 506 2453 procurent,
564 2405 655 2441 ritus
687 2405 726 2442 in

78 2458 188 2495 sacris
207 2459 391 2496 observari
409 2460 536 2498 solitos
557 2461 726 2509 doceant,

78 2513 217 2563 piaculo
235 2515 410 2553 obnoxios
419 2518 566 2567 expient
582 2517 726 2567 aliaque

79 2574 212 2618 agant,
245 2584 341 2620 quae
369 2573 417 2610 ad
447 2586 631 2611 sacrormn
659 2575 726 2611 ad-

79 2624 374 2666 ministrationem
459 2630 730 2679 religionesque

80 2683 275 2719 servandas
319 2686 535 2734 pertineant.
614 2686 728 2724 Unde

82 2734 210 2800 Cicero
239 2739 305 2787 (de
321 2740 440 2791 Legg.
460 2742 515 2789 ll,
537 2744 611 2792 26)
643 2742 728 2780 reli-

81 2803 222 2839 gwnum
237 2796 434 2845 interpretes
453 2803 570 2836 vocat.
619 2798 728 2836 Plura

80 2847 274 2886 Ruhnken.
303 2851 325 2887 l.
353 2853 375 2889 l.
409 2854 600 2892 Telmessus
625 2856 725 2902 urbs,

83 2904 158 2941 sive
181 2903 388 2956 Telmessus,
418 2911 466 2948 de
491 2924 564 2960 qua
591 2911 725 2949 Strabo

802 1161 889 1201 XIV
908 1175 994 1213 pag.
1015 1164 1109 1204 981.
1150 1161 1328 1211 Pompon.
1352 1160 1450 1200 Mela

800 1219 838 1267 I,
861 1220 912 1260 15
934 1217 971 1270 §.
1005 1220 1031 1259 3
1066 1219 1153 1268 ibiq.
1176 1217 1379 1256 Tzschuck.
1415 1222 1451 1255 et

800 1274 941 1312 Arrian.
981 1273 1152 1325 Expedit.
1185 1273 1286 1312 Alex.
1312 1273 1353 1320 1,
1383 1274 1449 1314 24.

801 1331 854 1379 ΙΙ,
876 1334 915 1380 3,
934 1330 1070 1380 Lyciae
1088 1335 1145 1369 est
1163 1331 1249 1368 urbs
1260 1329 1449 1367 celeberri-

798 1401 879 1436 ma⁷
931 1388 1048 1438 probe
1103 1386 1362 1436 distinguenda
1402 1387 1449 1423 ab

798 1457 862 1492 ea,
893 1457 987 1495 quae
1026 1444 1064 1480 in
1096 1442 1235 1480 Pisidia
1270 1442 1341 1479 sita
1372 1447 1449 1479 erat

795 1502 882 1538 urbs
916 1500 1121 1538 Telmissus
1161 1513 1191 1537 S.
1225 1499 1262 1537 T
1265 1498 1451 1545 ermissus‚

796 1570 905 1607 quam
944 1560 1121 1594 memorat
1148 1556 1245 1593 idem
1276 1554 1449 1592 Arrianus

796 1615 834 1662 l,
853 1617 918 1656 27.
977 1613 1074 1650 Illius
1090 1612 1262 1650 Telmissi
1280 1612 1317 1648 in
1340 1612 1448 1649 rude-

796 1671 894 1707 ribus
925 1683 1019 1707 nunc
1038 1669 1216 1720 oppidum
1242 1667 1366 1706 Maon·
1386 1680 1447 1705 ex-

794 1730 970 1764 structum
990 1729 1068 1773 est,
1104 1725 1166 1762 ubi
1184 1725 1349 1763 immensi
1367 1724 1447 1762 the-

797 1783 867 1820 atri
901 1783 1006 1820 ruina
1050 1781 1168 1819 adhuc
1206 1781 1447 1831 conspicitur,

796 1840 956 1889 itemque
976 1838 1143 1889 sepulcra
1167 1838 1205 1874 in
1225 1838 1374 1889 rupibus
1385 1849 1446 1874 ex-

797 1896 872 1934 cisa
907 1900 945 1934 et
973 1893 1258 1945 Persepolitanis
1305 1893 1443 1930 similia.

796 1952 855 1991 De
873 1952 1001 2001 quibus
1020 1951 1131 1989 multa
1140 1953 1290 1988 narrant
1298 1953 1446 1987 nostrae

796 2010 925 2047 aetatis
943 2008 1248 2059 peregrinatoreS.
1294 2006 1355 2044 Tu
1374 2006 1446 2043 vid.

796 2065 879 2103 Van
913 2066 980 2103 der
1010 2064 1111 2113 Chys
1138 2065 1176 2100 in
1199 2063 1445 2100 Commentar.

797 2121 1009 2172 Geograph.
1031 2121 1080 2158 ad
1094 2118 1236 2157 Arrian.
1255 2118 1444 2168 (Lugdun.

795 2178 876 2215 Bat.
910 2178 1046 2226 1828)
1084 2190 1170 2227 pag.
1210 2178 1278 2218 31.
1334 2175 1446 2225 Apud

793 2238 935 2272 veteres
956 2235 1042 2271 urbs
1063 2232 1239 2272 excellens
1265 2231 1446 2281 Haruspi-

794 2304 875 2329 cum
897 2290 1097 2340 disciplina.
1136 2289 1195 2327 De
1223 2301 1297 2338 qua
1314 2301 1446 2325 consu-

793 2348 887 2385 latur
927 2347 1055 2384 Cicero
1098 2347 1146 2384 de
1177 2345 1288 2382 divin.
1322 2344 1360 2393 l,
1389 2342 1442 2385 41

792 2404 879 2454 ibiq.
897 2403 1022 2441 Davis.
1042 2407 1078 2441 et
1102 2402 1275 2439 Creuzer.

849 2458 946 2512 πρὶν
985 2456 1061 2512 γάρ
1097 2454 1126 2509 ἢ
1156 2453 1282 2498 ὀπίσω
1319 2451 1470 2505 σφέας’

793 2512 1028 2556 ἀναπλῶσαι
1047 2515 1086 2562 ἒς
1104 2511 1175 2561 τοὶς
1194 2510 1357 2566 Σάρδις]
1389 2512 1444 2549 Ex

793 2574 849 2611 his
876 2573 994 2611 verbis
1028 2585 1111 2609 cum
1135 2570 1320 2609 Larchero
1344 2569 1443 2606 colli-

793 2643 882 2678 gere
899 2630 984 2667 mihi
1002 2641 1114 2679 posse
1136 2628 1283 2674 videor,
1313 2626 1443 2663 Croesi

792 2687 935 2735 legatos
981 2698 1055 2722 non
1094 2684 1257 2735 pedestri
1303 2683 1443 2729 itinere,

794 2743 921 2792 (quale
955 2747 1041 2779 tunc
1079 2740 1253 2790 temporis
1289 2739 1442 2776 forsitan

793 2799 931 2836 institui
958 2811 1032 2835 non
1068 2798 1216 2847 potuit)
1256 2796 1324 2833 sed
1351 2794 1441 2830 mari
1474 2811 1477 2813 >

794 2868 868 2893 non
910 2856 990 2892 sine
1015 2854 1230 2901 ambagibus
1263 2850 1440 2888 Sardibus

794 2914 1017 2949 transvectos
1039 2922 1122 2948 esse
1141 2908 1383 2947 Telmessum.
