<?xml version="1.0" encoding="UTF-8"?>
<!DOCTYPE html PUBLIC "-//W3C//DTD XHTML 1.0 Transitional//EN"
    "http://www.w3.org/TR/xhtml1/DTD/xhtml1-transitional.dtd">
<html xmlns="http://www.w3.org/1999/xhtml" xml:lang="en" lang="en">
 <head>
  <title>
</title>
<meta http-equiv="Content-Type" content="text/html;charset=utf-8" />
  <meta name='ocr-system' content='tesseract 3.04.00' />
  <meta name='ocr-capabilities' content='ocr_page ocr_carea ocr_par ocr_line ocrx_word'/>
</head>
<body>
  <div class='ocr_page' id='page_1' title='image "./musaeher01hero/musaeher01hero_0159.png"; bbox 0 0 1832 3315; ppageno 0'>
   <div class='ocr_carea' id='block_1_1' title="bbox 658 257 960 296">
    <p class='ocr_par' dir='ltr' id='par_1_1' title="bbox 658 257 960 296">
     <span class='ocr_line' id='line_1_1' title="bbox 658 257 960 296; baseline 0.003 -1"><span class='ocrx_word' id='word_1_1' title='bbox 658 257 873 296; x_wconf 90' lang='lat' dir='ltr'>CLIO.</span> <span class='ocrx_word' id='word_1_2' title='bbox 934 259 960 296; x_wconf 94' lang='grc' dir='ltr'>Ι.</span> 
     </span>
    </p>
   </div>
   <div class='ocr_carea' id='block_1_2' title="bbox 1360 265 1442 306">
    <p class='ocr_par' dir='ltr' id='par_1_2' title="bbox 1360 265 1442 306">
     <span class='ocr_line' id='line_1_2' title="bbox 1360 265 1442 306; baseline 0.049 -3"><span class='ocrx_word' id='word_1_3' title='bbox 1360 265 1442 306; x_wconf 69' lang='lat'>145</span> 
     </span>
    </p>
   </div>
   <div class='ocr_carea' id='block_1_3' title="bbox 149 366 1439 431">
    <p class='ocr_par' dir='ltr' id='par_1_3' title="bbox 149 366 1439 431">
     <span class='ocr_line' id='line_1_3' title="bbox 149 366 1439 431; baseline 0.004 -19"><span class='ocrx_word' id='word_1_4' title='bbox 149 378 256 429; x_wconf 73' lang='grc' dir='ltr'><em>ὅτην</em></span> <span class='ocrx_word' id='word_1_5' title='bbox 285 369 446 415; x_wconf 72' lang='grc' dir='ltr'><em>στάσιν.</em></span> <span class='ocrx_word' id='word_1_6' title='bbox 505 366 711 420; x_wconf 80' lang='grc' dir='ltr'><em>συλλέξας</em></span> <span class='ocrx_word' id='word_1_7' title='bbox 739 368 787 411; x_wconf 79' lang='grc' dir='ltr'>δὲ</span> <span class='ocrx_word' id='word_1_8' title='bbox 830 367 1093 422; x_wconf 77' lang='grc' dir='ltr'><strong><em>στασιώτας,</em></strong></span> <span class='ocrx_word' id='word_1_9' title='bbox 1131 370 1205 414; x_wconf 86' lang='grc' dir='ltr'><em>καὶ</em></span> <span class='ocrx_word' id='word_1_10' title='bbox 1234 375 1296 429; x_wconf 76' lang='grc' dir='ltr'>τῷ</span> <span class='ocrx_word' id='word_1_11' title='bbox 1324 371 1439 431; x_wconf 75' lang='grc' dir='ltr'><em>λόγῳ</em></span> 
     </span>
    </p>
   </div>
   <div class='ocr_carea' id='block_1_4' title="bbox 176 446 1437 506">
    <p class='ocr_par' dir='ltr' id='par_1_4' title="bbox 176 446 1437 506">
     <span class='ocr_line' id='line_1_4' title="bbox 176 446 1437 506; baseline 0.001 -12"><span class='ocrx_word' id='word_1_12' title='bbox 176 455 264 494; x_wconf 76' lang='grc' dir='ltr'>τῶν</span> <span class='ocrx_word' id='word_1_13' title='bbox 291 447 565 502; x_wconf 81' lang='grc' dir='ltr'><em>ὑπερακρίων</em></span> <span class='ocrx_word' id='word_1_14' title='bbox 591 446 808 501; x_wconf 66' lang='grc' dir='ltr'>προστάς,</span> <span class='ocrx_word' id='word_1_15' title='bbox 847 452 1092 504; x_wconf 78' lang='grc' dir='ltr'><em>μηχανᾶται</em></span> <span class='ocrx_word' id='word_1_16' title='bbox 1120 448 1278 493; x_wconf 78' lang='grc' dir='ltr'><em>τοιάδε.</em></span> <span class='ocrx_word' id='word_1_17' title='bbox 1328 468 1437 506; x_wconf 87' lang='grc' dir='ltr'><em>τρω-</em></span> 
     </span>
    </p>
   </div>
   <div class='ocr_carea' id='block_1_5' title="bbox 173 525 1549 587">
    <p class='ocr_par' dir='ltr' id='par_1_5' title="bbox 173 525 1549 587">
     <span class='ocr_line' id='line_1_5' title="bbox 173 525 1549 587; baseline 0.002 -15"><span class='ocrx_word' id='word_1_18' title='bbox 173 530 352 586; x_wconf 79' lang='grc' dir='ltr'><em>ματίσας</em></span> <span class='ocrx_word' id='word_1_19' title='bbox 381 525 546 570; x_wconf 80' lang='grc' dir='ltr'><em>ἑωυτόν</em></span> <span class='ocrx_word' id='word_1_20' title='bbox 575 542 619 569; x_wconf 83' lang='grc' dir='ltr'><em>τε</em></span> <span class='ocrx_word' id='word_1_21' title='bbox 650 527 723 570; x_wconf 82' lang='grc' dir='ltr'><em>καὶ</em></span> <span class='ocrx_word' id='word_1_22' title='bbox 751 526 987 582; x_wconf 78' lang='grc' dir='ltr'><em>ἡμιόνους,</em></span> <span class='ocrx_word' id='word_1_23' title='bbox 1015 527 1145 584; x_wconf 78' lang='grc' dir='ltr'><em>ἤλασε</em></span> <span class='ocrx_word' id='word_1_24' title='bbox 1170 530 1212 580; x_wconf 73' lang='grc' dir='ltr'>ἐς</span> <span class='ocrx_word' id='word_1_25' title='bbox 1231 529 1312 586; x_wconf 78' lang='grc' dir='ltr'>τήν</span> <span class='ocrx_word' id='word_1_26' title='bbox 1333 529 1435 587; x_wconf 74' lang='grc' dir='ltr'><em>ἆγο-</em></span> <span class='ocrx_word' id='word_1_27' title='bbox 1494 542 1549 583; x_wconf 80' lang='lat'>28</span> 
     </span>
    </p>
   </div>
   <div class='ocr_carea' id='block_1_6' title="bbox 175 605 1444 664">
    <p class='ocr_par' dir='ltr' id='par_1_6' title="bbox 175 605 1444 664">
     <span class='ocr_line' id='line_1_6' title="bbox 175 605 1444 664; baseline 0.005 -15"><span class='ocrx_word' id='word_1_28' title='bbox 175 608 258 664; x_wconf 81' lang='grc' dir='ltr'>ρὴν</span> <span class='ocrx_word' id='word_1_29' title='bbox 297 608 346 650; x_wconf 83' lang='grc' dir='ltr'>τὸ</span> <span class='ocrx_word' id='word_1_30' title='bbox 387 609 556 662; x_wconf 79' lang='grc' dir='ltr'><em>ζεῦγος,</em></span> <span class='ocrx_word' id='word_1_31' title='bbox 598 605 657 657; x_wconf 77' lang='grc' dir='ltr'>ὥς</span> <span class='ocrx_word' id='word_1_32' title='bbox 692 605 970 662; x_wconf 77' lang='grc' dir='ltr'><em>ἐκπεφευγώς</em></span> <span class='ocrx_word' id='word_1_33' title='bbox 1002 607 1108 659; x_wconf 79' lang='grc' dir='ltr'>τούς</span> <span class='ocrx_word' id='word_1_34' title='bbox 1137 608 1349 664; x_wconf 75' lang='grc' dir='ltr'>ἐχθρούς,</span> <span class='ocrx_word' id='word_1_35' title='bbox 1396 611 1444 655; x_wconf 82' lang='grc' dir='ltr'>οἳ</span> 
     </span>
    </p>
   </div>
   <div class='ocr_carea' id='block_1_7' title="bbox 172 683 1438 746">
    <p class='ocr_par' dir='ltr' id='par_1_7' title="bbox 172 683 1438 746">
     <span class='ocr_line' id='line_1_7' title="bbox 172 683 1438 746; baseline 0.004 -18"><span class='ocrx_word' id='word_1_36' title='bbox 172 701 247 741; x_wconf 87' lang='grc' dir='ltr'>μιν</span> <span class='ocrx_word' id='word_1_37' title='bbox 276 683 520 729; x_wconf 76' lang='grc' dir='ltr'><em>ἐλαύνοντα</em></span> <span class='ocrx_word' id='word_1_38' title='bbox 551 685 594 737; x_wconf 76' lang='grc' dir='ltr'>ἐς</span> <span class='ocrx_word' id='word_1_39' title='bbox 625 684 763 741; x_wconf 74' lang='grc' dir='ltr'><em>ἀγρόν</em></span> <span class='ocrx_word' id='word_1_40' title='bbox 792 683 1013 742; x_wconf 76' lang='grc' dir='ltr'><em>ἠθέλησαν</em></span> <span class='ocrx_word' id='word_1_41' title='bbox 1042 685 1251 732; x_wconf 74' lang='grc' dir='ltr'><em>ἀπολέσαι</em></span> <span class='ocrx_word' id='word_1_42' title='bbox 1279 690 1438 746; x_wconf 50' lang='lat' dir='ltr'>&amp;wev-</span> 
     </span>
    </p>
   </div>
   <div class='ocr_carea' id='block_1_8' title="bbox 171 763 1462 824">
    <p class='ocr_par' dir='ltr' id='par_1_8' title="bbox 171 763 1462 824">
     <span class='ocr_line' id='line_1_8' title="bbox 171 763 1462 824; baseline 0.003 -16"><span class='ocrx_word' id='word_1_43' title='bbox 171 763 312 808; x_wconf 80' lang='grc' dir='ltr'><em>ἐδέετό</em></span> <span class='ocrx_word' id='word_1_44' title='bbox 361 780 405 809; x_wconf 86' lang='grc' dir='ltr'><em>τε</em></span> <span class='ocrx_word' id='word_1_45' title='bbox 443 768 525 809; x_wconf 81' lang='grc' dir='ltr'>τοῦ</span> <span class='ocrx_word' id='word_1_46' title='bbox 565 764 708 822; x_wconf 84' lang='grc' dir='ltr'><em>δήμου</em></span> <span class='ocrx_word' id='word_1_47' title='bbox 757 769 958 823; x_wconf 80' lang='grc' dir='ltr'><em>φυλακῆς</em></span> <span class='ocrx_word' id='word_1_48' title='bbox 995 782 1116 819; x_wconf 80' lang='grc' dir='ltr'><em>τινος</em></span> <span class='ocrx_word' id='word_1_49' title='bbox 1151 766 1264 824; x_wconf 78' lang='grc' dir='ltr'><em>πρὸς</em></span> <span class='ocrx_word' id='word_1_50' title='bbox 1294 767 1462 814; x_wconf 64' lang='lat' dir='ltr'>cahom</span> 
     </span>
    </p>
   </div>
   <div class='ocr_carea' id='block_1_9' title="bbox 115 885 389 893">
    <p class='ocr_par' dir='ltr' id='par_1_9' title="bbox 115 885 389 893">
     <span class='ocr_line' id='line_1_9' title="bbox 115 885 389 893; baseline 0 0"><span class='ocrx_word' id='word_1_51' title='bbox 115 885 389 893; x_wconf 95' lang='lat' dir='ltr'> </span> 
     </span>
    </p>
   </div>
   <div class='ocr_carea' id='block_1_10' title="bbox 104 973 766 2041">
    <p class='ocr_par' dir='ltr' id='par_1_10' title="bbox 104 973 766 2041">
     <span class='ocr_line' id='line_1_10' title="bbox 112 973 766 1024; baseline 0.003 -15"><span class='ocrx_word' id='word_1_52' title='bbox 112 975 220 1010; x_wconf 82' lang='lat' dir='ltr'>etiam</span> <span class='ocrx_word' id='word_1_53' title='bbox 284 973 487 1024; x_wconf 73' lang='lat' dir='ltr'><em>tyrannidis</em></span> <span class='ocrx_word' id='word_1_54' title='bbox 545 973 766 1024; x_wconf 77' lang='lat' dir='ltr'><em>occupandae</em></span> 
     </span>
     <span class='ocr_line' id='line_1_11' title="bbox 113 1030 765 1080; baseline 0.006 -14"><span class='ocrx_word' id='word_1_55' title='bbox 113 1030 290 1066; x_wconf 72' lang='lat' dir='ltr'>studiosus</span> <span class='ocrx_word' id='word_1_56' title='bbox 301 1046 312 1078; x_wconf 84' lang='lat'>‚-</span> <span class='ocrx_word' id='word_1_57' title='bbox 354 1043 427 1080; x_wconf 88' lang='lat' dir='ltr'>quo</span> <span class='ocrx_word' id='word_1_58' title='bbox 458 1043 567 1068; x_wconf 91' lang='lat' dir='ltr'>sensu</span> <span class='ocrx_word' id='word_1_59' title='bbox 599 1035 765 1080; x_wconf 75' lang='grc' dir='ltr'><em>φρονεῖν</em></span> 
     </span>
     <span class='ocr_line' id='line_1_12' title="bbox 111 1086 762 1138; baseline 0 -13"><span class='ocrx_word' id='word_1_60' title='bbox 111 1087 330 1138; x_wconf 79' lang='grc' dir='ltr'><em>τυραννίδα</em></span> <span class='ocrx_word' id='word_1_61' title='bbox 350 1088 387 1123; x_wconf 87' lang='lat' dir='ltr'>in</span> <span class='ocrx_word' id='word_1_62' title='bbox 398 1086 630 1138; x_wconf 89' lang='lat' dir='ltr'>Aristophan.</span> <span class='ocrx_word' id='word_1_63' title='bbox 648 1088 762 1137; x_wconf 77' lang='lat' dir='ltr'>Vesp.</span> 
     </span>
     <span class='ocr_line' id='line_1_13' title="bbox 112 1143 764 1194; baseline 0 -14"><span class='ocrx_word' id='word_1_64' title='bbox 112 1143 207 1184; x_wconf 83' lang='lat'>505.</span> <span class='ocrx_word' id='word_1_65' title='bbox 263 1143 397 1192; x_wconf 81' lang='lat' dir='ltr'>Neque</span> <span class='ocrx_word' id='word_1_66' title='bbox 472 1156 581 1180; x_wconf 58' lang='lat' dir='ltr'>verov</span> <span class='ocrx_word' id='word_1_67' title='bbox 627 1144 764 1194; x_wconf 85' lang='lat' dir='ltr'>recepit</span> 
     </span>
     <span class='ocr_line' id='line_1_14' title="bbox 112 1199 764 1252; baseline 0.003 -16"><span class='ocrx_word' id='word_1_68' title='bbox 112 1199 338 1248; x_wconf 80' lang='lat' dir='ltr'>Schweigh.‚</span> <span class='ocrx_word' id='word_1_69' title='bbox 386 1199 442 1236; x_wconf 86' lang='lat' dir='ltr'>cui</span> <span class='ocrx_word' id='word_1_70' title='bbox 494 1203 764 1252; x_wconf 74' lang='grc' dir='ltr'><em>καταφρονεῖν</em></span> 
     </span>
     <span class='ocr_line' id='line_1_15' title="bbox 112 1255 763 1308; baseline 0.006 -17"><span class='ocrx_word' id='word_1_71' title='bbox 112 1255 148 1292; x_wconf 93' lang='lat' dir='ltr'>h.</span> <span class='ocrx_word' id='word_1_72' title='bbox 165 1256 187 1291; x_wconf 91' lang='lat' dir='ltr'>l.</span> <span class='ocrx_word' id='word_1_73' title='bbox 210 1269 276 1305; x_wconf 89' lang='lat' dir='ltr'>pro</span> <span class='ocrx_word' id='word_1_74' title='bbox 294 1256 404 1293; x_wconf 88' lang='lat' dir='ltr'>verbo</span> <span class='ocrx_word' id='word_1_75' title='bbox 423 1256 575 1306; x_wconf 78' lang='lat' dir='ltr'>simplici</span> <span class='ocrx_word' id='word_1_76' title='bbox 595 1260 763 1308; x_wconf 82' lang='grc' dir='ltr'><em>φρονεῖν</em></span> 
     </span>
     <span class='ocr_line' id='line_1_16' title="bbox 110 1312 763 1363; baseline 0.008 -16"><span class='ocrx_word' id='word_1_77' title='bbox 110 1312 271 1362; x_wconf 85' lang='lat' dir='ltr'>positum</span> <span class='ocrx_word' id='word_1_78' title='bbox 310 1312 472 1358; x_wconf 73' lang='lat' dir='ltr'>videtur,</span> <span class='ocrx_word' id='word_1_79' title='bbox 509 1318 550 1348; x_wconf 92' lang='lat' dir='ltr'>ut</span> <span class='ocrx_word' id='word_1_80' title='bbox 586 1313 763 1363; x_wconf 73' lang='grc' dir='ltr'><em>καραδο-</em></span> 
     </span>
     <span class='ocr_line' id='line_1_17' title="bbox 109 1368 762 1419; baseline 0 -13"><span class='ocrx_word' id='word_1_81' title='bbox 109 1371 195 1406; x_wconf 85' lang='grc' dir='ltr'><em>κεῖν</em></span> <span class='ocrx_word' id='word_1_82' title='bbox 231 1381 299 1419; x_wconf 90' lang='lat' dir='ltr'>pro</span> <span class='ocrx_word' id='word_1_83' title='bbox 334 1368 488 1415; x_wconf 81' lang='grc' dir='ltr'><em>δοκεῖν,</em></span> <span class='ocrx_word' id='word_1_84' title='bbox 523 1368 592 1405; x_wconf 88' lang='lat' dir='ltr'>alia</span> <span class='ocrx_word' id='word_1_85' title='bbox 628 1369 667 1405; x_wconf 91' lang='lat' dir='ltr'>id</span> <span class='ocrx_word' id='word_1_86' title='bbox 697 1382 762 1418; x_wconf 91' lang='lat' dir='ltr'>ge-</span> 
     </span>
     <span class='ocr_line' id='line_1_18' title="bbox 110 1423 762 1475; baseline 0.002 -15"><span class='ocrx_word' id='word_1_87' title='bbox 110 1437 191 1461; x_wconf 90' lang='lat' dir='ltr'>nus.</span> <span class='ocrx_word' id='word_1_88' title='bbox 248 1423 330 1461; x_wconf 87' lang='lat' dir='ltr'>Nec</span> <span class='ocrx_word' id='word_1_89' title='bbox 356 1424 459 1461; x_wconf 87' lang='lat' dir='ltr'>aliter</span> <span class='ocrx_word' id='word_1_90' title='bbox 485 1425 584 1474; x_wconf 86' lang='lat' dir='ltr'>apud</span> <span class='ocrx_word' id='word_1_91' title='bbox 615 1425 762 1475; x_wconf 88' lang='lat' dir='ltr'>Hippo—</span> 
     </span>
     <span class='ocr_line' id='line_1_19' title="bbox 108 1482 762 1533; baseline 0.003 -16"><span class='ocrx_word' id='word_1_92' title='bbox 108 1485 244 1519; x_wconf 82' lang='lat' dir='ltr'><strong>cratem</strong></span> <span class='ocrx_word' id='word_1_93' title='bbox 261 1484 530 1533; x_wconf 81' lang='grc' dir='ltr'><em>καταφρονεῖν</em></span> <span class='ocrx_word' id='word_1_94' title='bbox 543 1510 554 1529; x_wconf 87' lang='lat'>,</span> <span class='ocrx_word' id='word_1_95' title='bbox 583 1482 646 1518; x_wconf 89' lang='lat' dir='ltr'>ubi</span> <span class='ocrx_word' id='word_1_96' title='bbox 664 1482 762 1519; x_wconf 77' lang='lat' dir='ltr'>valet</span> 
     </span>
     <span class='ocr_line' id='line_1_20' title="bbox 108 1538 761 1588; baseline 0.003 -15"><span class='ocrx_word' id='word_1_97' title='bbox 108 1550 198 1574; x_wconf 86' lang='lat' dir='ltr'>sana</span> <span class='ocrx_word' id='word_1_98' title='bbox 235 1540 344 1574; x_wconf 82' lang='lat' dir='ltr'>mente</span> <span class='ocrx_word' id='word_1_99' title='bbox 375 1551 469 1585; x_wconf 80' lang='lat' dir='ltr'>esse,</span> <span class='ocrx_word' id='word_1_100' title='bbox 520 1539 636 1574; x_wconf 75' lang='lat' dir='ltr'>animo</span> <span class='ocrx_word' id='word_1_101' title='bbox 676 1538 761 1588; x_wconf 71' lang='lat' dir='ltr'>quid</span> 
     </span>
     <span class='ocr_line' id='line_1_21' title="bbox 106 1594 761 1645; baseline 0.003 -15"><span class='ocrx_word' id='word_1_102' title='bbox 106 1596 257 1642; x_wconf 71' lang='lat' dir='ltr'>agitare.</span> <span class='ocrx_word' id='word_1_103' title='bbox 298 1594 403 1637; x_wconf 83' lang='lat' dir='ltr'>Quae</span> <span class='ocrx_word' id='word_1_104' title='bbox 428 1594 515 1631; x_wconf 86' lang='lat' dir='ltr'>mihi</span> <span class='ocrx_word' id='word_1_105' title='bbox 531 1594 581 1631; x_wconf 90' lang='lat' dir='ltr'>ita</span> <span class='ocrx_word' id='word_1_106' title='bbox 600 1596 761 1645; x_wconf 87' lang='lat' dir='ltr'>proban-</span> 
     </span>
     <span class='ocr_line' id='line_1_22' title="bbox 106 1650 761 1699; baseline 0.003 -12"><span class='ocrx_word' id='word_1_107' title='bbox 106 1654 186 1698; x_wconf 85' lang='lat' dir='ltr'><strong>tur,</strong></span> <span class='ocrx_word' id='word_1_108' title='bbox 215 1654 256 1686; x_wconf 91' lang='lat' dir='ltr'>ut</span> <span class='ocrx_word' id='word_1_109' title='bbox 286 1650 441 1699; x_wconf 79' lang='lat' dir='ltr'>aliquam</span> <span class='ocrx_word' id='word_1_110' title='bbox 472 1655 569 1688; x_wconf 88' lang='lat' dir='ltr'>certe</span> <span class='ocrx_word' id='word_1_111' title='bbox 599 1656 761 1689; x_wconf 90' lang='lat' dir='ltr'>contem-</span> 
     </span>
     <span class='ocr_line' id='line_1_23' title="bbox 107 1706 762 1756; baseline 0.005 -14"><span class='ocrx_word' id='word_1_112' title='bbox 107 1711 166 1743; x_wconf 93' lang='lat' dir='ltr'>tus</span> <span class='ocrx_word' id='word_1_113' title='bbox 203 1706 387 1744; x_wconf 88' lang='lat' dir='ltr'>notionem</span> <span class='ocrx_word' id='word_1_114' title='bbox 426 1707 485 1744; x_wconf 90' lang='lat' dir='ltr'>hic</span> <span class='ocrx_word' id='word_1_115' title='bbox 521 1719 668 1756; x_wconf 90' lang='lat' dir='ltr'>quoque</span> <span class='ocrx_word' id='word_1_116' title='bbox 695 1709 762 1745; x_wconf 90' lang='lat' dir='ltr'>ad-</span> 
     </span>
     <span class='ocr_line' id='line_1_24' title="bbox 107 1763 761 1812; baseline 0.003 -14"><span class='ocrx_word' id='word_1_117' title='bbox 107 1763 235 1799; x_wconf 84' lang='lat' dir='ltr'>iectam</span> <span class='ocrx_word' id='word_1_118' title='bbox 255 1763 453 1800; x_wconf 81' lang='lat' dir='ltr'>existimem</span> <span class='ocrx_word' id='word_1_119' title='bbox 466 1792 476 1809; x_wconf 89' lang='lat'>‚</span> <span class='ocrx_word' id='word_1_120' title='bbox 503 1776 611 1812; x_wconf 88' lang='lat' dir='ltr'>quam</span> <span class='ocrx_word' id='word_1_121' title='bbox 631 1764 682 1800; x_wconf 90' lang='lat' dir='ltr'>ita</span> <span class='ocrx_word' id='word_1_122' title='bbox 699 1777 761 1802; x_wconf 81' lang='lat' dir='ltr'>ex-</span> 
     </span>
     <span class='ocr_line' id='line_1_25' title="bbox 105 1818 763 1870; baseline 0.005 -16"><span class='ocrx_word' id='word_1_123' title='bbox 105 1820 240 1870; x_wconf 83' lang='lat' dir='ltr'>pressit</span> <span class='ocrx_word' id='word_1_124' title='bbox 257 1819 435 1857; x_wconf 79' lang='lat' dir='ltr'>Matthiae</span> <span class='ocrx_word' id='word_1_125' title='bbox 455 1820 541 1867; x_wconf 90' lang='lat' dir='ltr'>(Gr.</span> <span class='ocrx_word' id='word_1_126' title='bbox 554 1820 619 1856; x_wconf 90' lang='lat' dir='ltr'>Gr.</span> <span class='ocrx_word' id='word_1_127' title='bbox 633 1818 668 1870; x_wconf 58' lang='grc' dir='ltr'>ἓ.</span> <span class='ocrx_word' id='word_1_128' title='bbox 679 1822 763 1861; x_wconf 82' lang='grc'>378</span> 
     </span>
     <span class='ocr_line' id='line_1_26' title="bbox 104 1876 760 1925; baseline 0.003 -13"><span class='ocrx_word' id='word_1_129' title='bbox 104 1879 179 1913; x_wconf 89' lang='lat' dir='ltr'>not.</span> <span class='ocrx_word' id='word_1_130' title='bbox 223 1879 250 1916; x_wconf 79' lang='lat'><strong>2</strong></span> <span class='ocrx_word' id='word_1_131' title='bbox 287 1888 373 1925; x_wconf 91' lang='lat' dir='ltr'>pag.</span> <span class='ocrx_word' id='word_1_132' title='bbox 408 1878 512 1924; x_wconf 84' lang='lat'><strong>696,</strong></span> <span class='ocrx_word' id='word_1_133' title='bbox 554 1876 614 1912; x_wconf 91' lang='lat' dir='ltr'>ubi</span> <span class='ocrx_word' id='word_1_134' title='bbox 646 1877 760 1925; x_wconf 77' lang='lat' dir='ltr'>vid.):</span> 
     </span>
     <span class='ocr_line' id='line_1_27' title="bbox 105 1931 762 1982; baseline 0.005 -15"><span class='ocrx_word' id='word_1_135' title='bbox 105 1933 208 1978; x_wconf 68' lang='lat' dir='ltr'>„mit</span> <span class='ocrx_word' id='word_1_136' title='bbox 245 1931 470 1980; x_wconf 73' lang='lat' dir='ltr'>Veracletung</span> <span class='ocrx_word' id='word_1_137' title='bbox 511 1934 621 1969; x_wconf 75' lang='lat' dir='ltr'>seiner</span> <span class='ocrx_word' id='word_1_138' title='bbox 664 1933 762 1982; x_wconf 80' lang='lat' dir='ltr'>Geg-</span> 
     </span>
     <span class='ocr_line' id='line_1_28' title="bbox 104 1987 759 2041; baseline 0.005 -18"><span class='ocrx_word' id='word_1_139' title='bbox 104 2000 163 2024; x_wconf 83' lang='lat' dir='ltr'>ner</span> <span class='ocrx_word' id='word_1_140' title='bbox 214 1987 288 2038; x_wconf 85' lang='lat' dir='ltr'>auf</span> <span class='ocrx_word' id='word_1_141' title='bbox 335 1988 391 2026; x_wconf 65' lang='lat' dir='ltr'>dte</span> <span class='ocrx_word' id='word_1_142' title='bbox 439 1988 759 2041; x_wconf 74' lang='lat' dir='ltr'>Allez&#39;nleerrsclzaft</span> 
     </span>
    </p>
   </div>
   <div class='ocr_carea' id='block_1_11' title="bbox 104 2045 293 2082">
    <p class='ocr_par' dir='ltr' id='par_1_11' title="bbox 104 2045 293 2082">
     <span class='ocr_line' id='line_1_29' title="bbox 104 2045 293 2082; baseline 0.011 -2"><span class='ocrx_word' id='word_1_143' title='bbox 104 2045 257 2082; x_wconf 71' lang='lat' dir='ltr'>sinnend.</span> <span class='ocrx_word' id='word_1_144' title='bbox 269 2046 293 2065; x_wconf 83' lang='lat'>“</span> 
     </span>
    </p>
   </div>
   <div class='ocr_carea' id='block_1_12' title="bbox 102 2135 757 2639">
    <p class='ocr_par' dir='ltr' id='par_1_12' title="bbox 102 2135 757 2639">
     <span class='ocr_line' id='line_1_30' title="bbox 159 2135 757 2194; baseline 0.002 -16"><span class='ocrx_word' id='word_1_145' title='bbox 159 2138 228 2178; x_wconf 79' lang='grc' dir='ltr'><em>καὶ</em></span> <span class='ocrx_word' id='word_1_146' title='bbox 261 2141 319 2194; x_wconf 77' lang='grc' dir='ltr'>τῷ</span> <span class='ocrx_word' id='word_1_147' title='bbox 359 2135 465 2194; x_wconf 78' lang='grc' dir='ltr'><em>λόγῳ</em></span> <span class='ocrx_word' id='word_1_148' title='bbox 497 2143 579 2182; x_wconf 74' lang='grc' dir='ltr'>τῶν</span> <span class='ocrx_word' id='word_1_149' title='bbox 609 2138 757 2194; x_wconf 69' lang='grc' dir='ltr'><em>’ὑπερα-</em></span> 
     </span>
     <span class='ocr_line' id='line_1_31' title="bbox 102 2195 755 2249; baseline 0 -14"><span class='ocrx_word' id='word_1_150' title='bbox 102 2196 226 2247; x_wconf 69' lang='grc' dir='ltr'><em>πρίων</em></span> <span class='ocrx_word' id='word_1_151' title='bbox 249 2195 448 2249; x_wconf 79' lang='grc' dir='ltr'><em>προστοῖς]</em></span> <span class='ocrx_word' id='word_1_152' title='bbox 479 2199 502 2235; x_wconf 91' lang='lat' dir='ltr'>i.</span> <span class='ocrx_word' id='word_1_153' title='bbox 524 2212 555 2237; x_wconf 88' lang='lat' dir='ltr'>e.</span> <span class='ocrx_word' id='word_1_154' title='bbox 580 2210 656 2235; x_wconf 81' lang='lat' dir='ltr'>cum</span> <span class='ocrx_word' id='word_1_155' title='bbox 675 2211 755 2235; x_wconf 84' lang='lat' dir='ltr'>ora-</span> 
     </span>
     <span class='ocr_line' id='line_1_32' title="bbox 104 2255 756 2302; baseline 0.005 -13"><span class='ocrx_word' id='word_1_156' title='bbox 104 2255 195 2290; x_wconf 73' lang='lat' dir='ltr'>tione</span> <span class='ocrx_word' id='word_1_157' title='bbox 217 2257 447 2302; x_wconf 74' lang='lat' dir='ltr'>persuasisset</span> <span class='ocrx_word' id='word_1_158' title='bbox 471 2257 656 2302; x_wconf 68' lang='lat' dir='ltr'>montanis,</span> <span class='ocrx_word' id='word_1_159' title='bbox 678 2267 756 2292; x_wconf 77' lang='lat' dir='ltr'>cum</span> 
     </span>
     <span class='ocr_line' id='line_1_33' title="bbox 103 2310 753 2362; baseline 0.003 -17"><span class='ocrx_word' id='word_1_160' title='bbox 103 2322 158 2346; x_wconf 88' lang='lat' dir='ltr'>eos</span> <span class='ocrx_word' id='word_1_161' title='bbox 189 2310 302 2346; x_wconf 73' lang='lat' dir='ltr'>verbis</span> <span class='ocrx_word' id='word_1_162' title='bbox 339 2311 568 2360; x_wconf 70' lang='lat' dir='ltr'>adduxisset,</span> <span class='ocrx_word' id='word_1_163' title='bbox 606 2315 648 2348; x_wconf 82' lang='lat' dir='ltr'>ut</span> <span class='ocrx_word' id='word_1_164' title='bbox 671 2313 753 2362; x_wconf 78' lang='lat' dir='ltr'>pri-</span> 
     </span>
     <span class='ocr_line' id='line_1_34' title="bbox 104 2366 755 2417; baseline 0.005 -16"><span class='ocrx_word' id='word_1_165' title='bbox 104 2377 179 2402; x_wconf 83' lang='lat' dir='ltr'>mas</span> <span class='ocrx_word' id='word_1_166' title='bbox 208 2368 281 2416; x_wconf 80' lang='lat' dir='ltr'>ipsi</span> <span class='ocrx_word' id='word_1_167' title='bbox 310 2366 495 2417; x_wconf 82' lang='lat' dir='ltr'>deferrent.</span> <span class='ocrx_word' id='word_1_168' title='bbox 555 2368 676 2405; x_wconf 79' lang='lat' dir='ltr'>Suave</span> <span class='ocrx_word' id='word_1_169' title='bbox 699 2368 755 2404; x_wconf 87' lang='lat' dir='ltr'>di-</span> 
     </span>
     <span class='ocr_line' id='line_1_35' title="bbox 104 2422 752 2474; baseline 0.003 -16"><span class='ocrx_word' id='word_1_170' title='bbox 104 2422 208 2459; x_wconf 86' lang='lat' dir='ltr'>cendi</span> <span class='ocrx_word' id='word_1_171' title='bbox 227 2435 342 2471; x_wconf 88' lang='lat' dir='ltr'>genus</span> <span class='ocrx_word' id='word_1_172' title='bbox 369 2438 563 2474; x_wconf 88' lang='lat' dir='ltr'>moresque</span> <span class='ocrx_word' id='word_1_173' title='bbox 575 2425 752 2461; x_wconf 86' lang='lat' dir='ltr'>humanos</span> 
     </span>
     <span class='ocr_line' id='line_1_36' title="bbox 104 2477 752 2518; baseline 0.006 -5"><span class='ocrx_word' id='word_1_174' title='bbox 104 2477 141 2514; x_wconf 86' lang='lat' dir='ltr'>in</span> <span class='ocrx_word' id='word_1_175' title='bbox 151 2477 341 2517; x_wconf 81' lang='lat' dir='ltr'>Pisistrato</span> <span class='ocrx_word' id='word_1_176' title='bbox 362 2480 545 2518; x_wconf 76' lang='lat' dir='ltr'>collaudat</span> <span class='ocrx_word' id='word_1_177' title='bbox 567 2481 752 2518; x_wconf 81' lang='lat' dir='ltr'>Plutarch.</span> 
     </span>
     <span class='ocr_line' id='line_1_37' title="bbox 103 2532 753 2589; baseline 0.009 -20"><span class='ocrx_word' id='word_1_178' title='bbox 103 2532 141 2569; x_wconf 87' lang='lat' dir='ltr'>in</span> <span class='ocrx_word' id='word_1_179' title='bbox 169 2534 241 2572; x_wconf 90' lang='lat' dir='ltr'>Vit.</span> <span class='ocrx_word' id='word_1_180' title='bbox 265 2536 390 2574; x_wconf 86' lang='lat' dir='ltr'>Solon.</span> <span class='ocrx_word' id='word_1_181' title='bbox 423 2551 479 2589; x_wconf 90' lang='lat' dir='ltr'>cp.</span> <span class='ocrx_word' id='word_1_182' title='bbox 501 2540 568 2587; x_wconf 83' lang='lat'>29,</span> <span class='ocrx_word' id='word_1_183' title='bbox 589 2538 652 2575; x_wconf 86' lang='lat' dir='ltr'>ubi</span> <span class='ocrx_word' id='word_1_184' title='bbox 680 2538 753 2575; x_wconf 88' lang='lat' dir='ltr'>vid.</span> 
     </span>
     <span class='ocr_line' id='line_1_38' title="bbox 103 2588 220 2639; baseline 0.019 -13"><span class='ocrx_word' id='word_1_185' title='bbox 103 2588 220 2639; x_wconf 86' lang='lat' dir='ltr'>plura.</span> 
     </span>
    </p>
   </div>
   <div class='ocr_carea' id='block_1_13' title="bbox 105 2683 755 2910">
    <p class='ocr_par' dir='ltr' id='par_1_13' title="bbox 105 2683 755 2910">
     <span class='ocr_line' id='line_1_39' title="bbox 162 2683 755 2741; baseline 0.01 -18"><span class='ocrx_word' id='word_1_186' title='bbox 162 2684 205 2723; x_wconf 80' lang='grc' dir='ltr'>οἵ</span> <span class='ocrx_word' id='word_1_187' title='bbox 230 2701 298 2736; x_wconf 88' lang='grc' dir='ltr'>μιν</span> <span class='ocrx_word' id='word_1_188' title='bbox 323 2684 541 2728; x_wconf 78' lang='grc' dir='ltr'><em>ἐλαύνοντα</em></span> <span class='ocrx_word' id='word_1_189' title='bbox 569 2688 610 2736; x_wconf 74' lang='grc' dir='ltr'>εἷς</span> <span class='ocrx_word' id='word_1_190' title='bbox 630 2683 755 2741; x_wconf 80' lang='grc' dir='ltr'><em>οἷγρον</em></span> 
     </span>
     <span class='ocr_line' id='line_1_40' title="bbox 105 2732 752 2797; baseline 0.014 -21"><span class='ocrx_word' id='word_1_191' title='bbox 105 2732 310 2790; x_wconf 68' lang='grc' dir='ltr'><em>ἠθέλησαν</em></span> <span class='ocrx_word' id='word_1_192' title='bbox 357 2740 548 2784; x_wconf 71' lang='grc' dir='ltr'><em>ἀπολέσαι</em></span> <span class='ocrx_word' id='word_1_193' title='bbox 597 2745 752 2797; x_wconf 81' lang='grc' dir='ltr'><em>δῆθεν]</em></span> 
     </span>
     <span class='ocr_line' id='line_1_41' title="bbox 107 2793 752 2850; baseline 0.012 -18"><span class='ocrx_word' id='word_1_194' title='bbox 107 2793 289 2836; x_wconf 76' lang='grc' dir='ltr'><em>ἐλαύνειν</em></span> <span class='ocrx_word' id='word_1_195' title='bbox 343 2800 400 2837; x_wconf 87' lang='lat' dir='ltr'>hic</span> <span class='ocrx_word' id='word_1_196' title='bbox 447 2803 635 2850; x_wconf 82' lang='lat' dir='ltr'>absolute,</span> <span class='ocrx_word' id='word_1_197' title='bbox 695 2804 752 2840; x_wconf 91' lang='lat' dir='ltr'>cui</span> 
     </span>
     <span class='ocr_line' id='line_1_42' title="bbox 105 2850 750 2910; baseline 0.024 -25"><span class='ocrx_word' id='word_1_198' title='bbox 105 2850 213 2900; x_wconf 89' lang='lat' dir='ltr'>paulo</span> <span class='ocrx_word' id='word_1_199' title='bbox 235 2858 319 2891; x_wconf 89' lang='lat' dir='ltr'>ante</span> <span class='ocrx_word' id='word_1_200' title='bbox 334 2856 525 2895; x_wconf 82' lang='lat' dir='ltr'>addiderat</span> <span class='ocrx_word' id='word_1_201' title='bbox 543 2855 584 2898; x_wconf 80' lang='grc' dir='ltr'>τὸ</span> <span class='ocrx_word' id='word_1_202' title='bbox 603 2860 750 2910; x_wconf 78' lang='grc' dir='ltr'><em>ζεῦγος</em></span> 
     </span>
    </p>
   </div>
   <div class='ocr_carea' id='block_1_14' title="bbox 106 2906 750 3005">
    <p class='ocr_par' dir='ltr' id='par_1_14' title="bbox 106 2906 750 3004">
     <span class='ocr_line' id='line_1_43' title="bbox 106 2906 750 2954; baseline 0.019 -13"><span class='ocrx_word' id='word_1_203' title='bbox 106 2906 216 2943; x_wconf 86' lang='lat' dir='ltr'>Conf.</span> <span class='ocrx_word' id='word_1_204' title='bbox 253 2909 435 2949; x_wconf 88' lang='lat' dir='ltr'>Schaefer.</span> <span class='ocrx_word' id='word_1_205' title='bbox 477 2915 525 2952; x_wconf 89' lang='lat' dir='ltr'>ad</span> <span class='ocrx_word' id='word_1_206' title='bbox 561 2912 750 2954; x_wconf 83' lang='lat' dir='ltr'>Lambert.</span> 
     </span>
     <span class='ocr_line' id='line_1_44' title="bbox 162 2961 431 3005; baseline 0.023 -7"><span class='ocrx_word' id='word_1_207' title='bbox 162 2961 371 3003; x_wconf 80' lang='lat' dir='ltr'>HERODOT.</span> <span class='ocrx_word' id='word_1_208' title='bbox 402 2967 431 3005; x_wconf 89' lang='grc' dir='ltr'>Ι.</span> 
     </span>
    </p>
   </div>
   <div class='ocr_carea' id='block_1_15' title="bbox 816 974 1485 2939">
    <p class='ocr_par' dir='ltr' id='par_1_15' title="bbox 816 974 1485 2939">
     <span class='ocr_line' id='line_1_45' title="bbox 831 974 1485 1028; baseline 0.009 -16"><span class='ocrx_word' id='word_1_209' title='bbox 831 974 921 1013; x_wconf 92' lang='lat' dir='ltr'>Bos.</span> <span class='ocrx_word' id='word_1_210' title='bbox 951 974 1100 1025; x_wconf 84' lang='lat' dir='ltr'>Ellipss.</span> <span class='ocrx_word' id='word_1_211' title='bbox 1119 975 1165 1014; x_wconf 93' lang='lat' dir='ltr'>L.</span> <span class='ocrx_word' id='word_1_212' title='bbox 1186 977 1251 1017; x_wconf 90' lang='lat' dir='ltr'>Gr.</span> <span class='ocrx_word' id='word_1_213' title='bbox 1281 990 1369 1028; x_wconf 90' lang='lat' dir='ltr'>pag.</span> <span class='ocrx_word' id='word_1_214' title='bbox 1400 982 1485 1023; x_wconf 88' lang='lat'>868</span> 
     </span>
     <span class='ocr_line' id='line_1_46' title="bbox 832 1029 1483 1086; baseline 0.009 -17"><span class='ocrx_word' id='word_1_215' title='bbox 832 1031 911 1069; x_wconf 88' lang='lat' dir='ltr'>coll.</span> <span class='ocrx_word' id='word_1_216' title='bbox 929 1044 1017 1081; x_wconf 84' lang='lat' dir='ltr'>pag.</span> <span class='ocrx_word' id='word_1_217' title='bbox 1036 1031 1218 1081; x_wconf 57' lang='lat' dir='ltr'>&lt;tt—59</span> <span class='ocrx_word' id='word_1_218' title='bbox 1231 1029 1347 1086; x_wconf 75' lang='grc' dir='ltr'><em>οἷγρόν</em></span> <span class='ocrx_word' id='word_1_219' title='bbox 1362 1038 1483 1075; x_wconf 90' lang='lat' dir='ltr'>refero</span> 
     </span>
     <span class='ocr_line' id='line_1_47' title="bbox 832 1087 1481 1142; baseline 0.008 -17"><span class='ocrx_word' id='word_1_220' title='bbox 832 1089 881 1125; x_wconf 87' lang='lat' dir='ltr'>ad</span> <span class='ocrx_word' id='word_1_221' title='bbox 911 1087 992 1125; x_wconf 86' lang='lat' dir='ltr'>loca</span> <span class='ocrx_word' id='word_1_222' title='bbox 1022 1087 1164 1127; x_wconf 88' lang='lat' dir='ltr'>Atticae</span> <span class='ocrx_word' id='word_1_223' title='bbox 1198 1096 1320 1129; x_wconf 90' lang='lat' dir='ltr'>terrae</span> <span class='ocrx_word' id='word_1_224' title='bbox 1357 1092 1481 1142; x_wconf 87' lang='lat' dir='ltr'>plana,</span> 
     </span>
     <span class='ocr_line' id='line_1_48' title="bbox 831 1143 1482 1195; baseline 0.011 -15"><span class='ocrx_word' id='word_1_225' title='bbox 831 1145 893 1181; x_wconf 88' lang='lat' dir='ltr'>ubi</span> <span class='ocrx_word' id='word_1_226' title='bbox 940 1143 1172 1182; x_wconf 73' lang='lat' dir='ltr'>Pedc&#39;aeormn</span> <span class='ocrx_word' id='word_1_227' title='bbox 1211 1148 1339 1195; x_wconf 80' lang='lat' dir='ltr'>factio,</span> <span class='ocrx_word' id='word_1_228' title='bbox 1390 1150 1482 1188; x_wconf 91' lang='lat' dir='ltr'>duce</span> 
     </span>
     <span class='ocr_line' id='line_1_49' title="bbox 829 1199 1482 1252; baseline 0.008 -14"><span class='ocrx_word' id='word_1_229' title='bbox 829 1199 1000 1249; x_wconf 82' lang='lat' dir='ltr'>Lycurgo</span> <span class='ocrx_word' id='word_1_230' title='bbox 1018 1229 1030 1249; x_wconf 89' lang='lat'>‚</span> <span class='ocrx_word' id='word_1_231' title='bbox 1097 1202 1291 1252; x_wconf 88' lang='lat' dir='ltr'>plurimum</span> <span class='ocrx_word' id='word_1_232' title='bbox 1360 1205 1482 1244; x_wconf 86' lang='lat' dir='ltr'>valuit.</span> 
     </span>
     <span class='ocr_line' id='line_1_50' title="bbox 833 1257 1480 1309; baseline 0.011 -17"><span class='ocrx_word' id='word_1_233' title='bbox 833 1257 927 1292; x_wconf 90' lang='lat' dir='ltr'>Cum</span> <span class='ocrx_word' id='word_1_234' title='bbox 942 1257 1041 1295; x_wconf 90' lang='lat' dir='ltr'>hisce</span> <span class='ocrx_word' id='word_1_235' title='bbox 1069 1262 1189 1295; x_wconf 87' lang='lat' dir='ltr'>autem</span> <span class='ocrx_word' id='word_1_236' title='bbox 1208 1259 1372 1309; x_wconf 81' lang='lat' dir='ltr'>proxime</span> <span class='ocrx_word' id='word_1_237' title='bbox 1393 1275 1480 1299; x_wconf 89' lang='lat' dir='ltr'>con-</span> 
     </span>
     <span class='ocr_line' id='line_1_51' title="bbox 831 1313 1480 1355; baseline 0.006 -5"><span class='ocrx_word' id='word_1_238' title='bbox 831 1313 995 1350; x_wconf 82' lang='lat' dir='ltr'>tendisse</span> <span class='ocrx_word' id='word_1_239' title='bbox 1019 1313 1249 1353; x_wconf 83' lang='lat' dir='ltr'>Pisistratum</span> <span class='ocrx_word' id='word_1_240' title='bbox 1278 1320 1402 1353; x_wconf 85' lang='lat' dir='ltr'>auctor</span> <span class='ocrx_word' id='word_1_241' title='bbox 1423 1322 1480 1355; x_wconf 90' lang='lat' dir='ltr'>est</span> 
     </span>
     <span class='ocr_line' id='line_1_52' title="bbox 829 1368 1480 1419; baseline 0.009 -13"><span class='ocrx_word' id='word_1_242' title='bbox 829 1368 1044 1407; x_wconf 89' lang='lat' dir='ltr'>Aristoteles</span> <span class='ocrx_word' id='word_1_243' title='bbox 1067 1370 1105 1407; x_wconf 89' lang='lat' dir='ltr'>in</span> <span class='ocrx_word' id='word_1_244' title='bbox 1129 1370 1236 1408; x_wconf 88' lang='lat' dir='ltr'>Polit.</span> <span class='ocrx_word' id='word_1_245' title='bbox 1262 1372 1308 1419; x_wconf 89' lang='lat' dir='ltr'>V,</span> <span class='ocrx_word' id='word_1_246' title='bbox 1334 1372 1372 1414; x_wconf 91' lang='lat'>5.</span> <span class='ocrx_word' id='word_1_247' title='bbox 1403 1374 1480 1411; x_wconf 90' lang='lat' dir='ltr'>Sed</span> 
     </span>
     <span class='ocr_line' id='line_1_53' title="bbox 831 1424 1482 1478; baseline 0.006 -16"><span class='ocrx_word' id='word_1_248' title='bbox 831 1424 985 1462; x_wconf 81' lang='lat' dir='ltr'>Paralos</span> <span class='ocrx_word' id='word_1_249' title='bbox 1004 1427 1118 1464; x_wconf 89' lang='lat' dir='ltr'>fuisse</span> <span class='ocrx_word' id='word_1_250' title='bbox 1146 1440 1191 1465; x_wconf 84' lang='lat' dir='ltr'>ex</span> <span class='ocrx_word' id='word_1_251' title='bbox 1223 1428 1411 1477; x_wconf 84' lang='lat' dir='ltr'>Polyaeno</span> <span class='ocrx_word' id='word_1_252' title='bbox 1432 1430 1482 1478; x_wconf 82' lang='grc' dir='ltr'>(Ι,</span> 
     </span>
     <span class='ocr_line' id='line_1_54' title="bbox 830 1480 1480 1534; baseline 0.009 -17"><span class='ocrx_word' id='word_1_253' title='bbox 830 1485 884 1524; x_wconf 79' lang='lat'>21</span> <span class='ocrx_word' id='word_1_254' title='bbox 923 1480 960 1533; x_wconf 57' lang='grc' dir='ltr'>ᾖ.</span> <span class='ocrx_word' id='word_1_255' title='bbox 992 1483 1047 1532; x_wconf 81' lang='grc'>3)</span> <span class='ocrx_word' id='word_1_256' title='bbox 1089 1484 1170 1533; x_wconf 85' lang='lat' dir='ltr'>quis</span> <span class='ocrx_word' id='word_1_257' title='bbox 1207 1484 1378 1534; x_wconf 78' lang='lat' dir='ltr'>colligat,</span> <span class='ocrx_word' id='word_1_258' title='bbox 1417 1487 1480 1523; x_wconf 84' lang='lat' dir='ltr'>ubi</span> 
     </span>
     <span class='ocr_line' id='line_1_55' title="bbox 827 1537 1482 1590; baseline 0.006 -15"><span class='ocrx_word' id='word_1_259' title='bbox 827 1537 1038 1588; x_wconf 79' lang='lat' dir='ltr'>MegacleS,</span> <span class='ocrx_word' id='word_1_260' title='bbox 1062 1539 1169 1577; x_wconf 85' lang='lat' dir='ltr'>huius</span> <span class='ocrx_word' id='word_1_261' title='bbox 1199 1542 1365 1578; x_wconf 84' lang='lat' dir='ltr'>factionis</span> <span class='ocrx_word' id='word_1_262' title='bbox 1395 1543 1482 1590; x_wconf 85' lang='lat' dir='ltr'>dux,</span> 
     </span>
     <span class='ocr_line' id='line_1_56' title="bbox 828 1596 1482 1646; baseline 0.005 -14"><span class='ocrx_word' id='word_1_263' title='bbox 828 1596 1057 1633; x_wconf 84' lang='lat' dir='ltr'>adversarius</span> <span class='ocrx_word' id='word_1_264' title='bbox 1075 1598 1482 1646; x_wconf 88' lang='lat' dir='ltr'>nominaturPisistrati,</span> 
     </span>
     <span class='ocr_line' id='line_1_57' title="bbox 829 1652 1480 1703; baseline 0.008 -16"><span class='ocrx_word' id='word_1_265' title='bbox 829 1652 892 1701; x_wconf 87' lang='lat' dir='ltr'>qui</span> <span class='ocrx_word' id='word_1_266' title='bbox 923 1652 1003 1701; x_wconf 89' lang='lat' dir='ltr'>ipse</span> <span class='ocrx_word' id='word_1_267' title='bbox 1035 1665 1238 1703; x_wconf 87' lang='lat' dir='ltr'>pauperum</span> <span class='ocrx_word' id='word_1_268' title='bbox 1268 1668 1327 1692; x_wconf 92' lang='lat' dir='ltr'>res</span> <span class='ocrx_word' id='word_1_269' title='bbox 1364 1656 1480 1692; x_wconf 85' lang='lat' dir='ltr'>tuitus</span> 
     </span>
     <span class='ocr_line' id='line_1_58' title="bbox 829 1707 1479 1761; baseline 0.006 -17"><span class='ocrx_word' id='word_1_270' title='bbox 829 1709 887 1745; x_wconf 89' lang='lat' dir='ltr'>sit.</span> <span class='ocrx_word' id='word_1_271' title='bbox 918 1707 979 1744; x_wconf 93' lang='lat' dir='ltr'>Tu</span> <span class='ocrx_word' id='word_1_272' title='bbox 1008 1709 1080 1745; x_wconf 85' lang='lat' dir='ltr'>vid.</span> <span class='ocrx_word' id='word_1_273' title='bbox 1112 1723 1223 1760; x_wconf 87' lang='lat' dir='ltr'>supra</span> <span class='ocrx_word' id='word_1_274' title='bbox 1244 1711 1393 1761; x_wconf 89' lang='lat' dir='ltr'>disputt.</span> <span class='ocrx_word' id='word_1_275' title='bbox 1421 1732 1479 1756; x_wconf 47' lang='lat' dir='ltr'>-f</span> 
     </span>
     <span class='ocr_line' id='line_1_59' title="bbox 831 1764 1479 1816; baseline 0.006 -15"><span class='ocrx_word' id='word_1_276' title='bbox 831 1764 874 1801; x_wconf 89' lang='lat' dir='ltr'>In</span> <span class='ocrx_word' id='word_1_277' title='bbox 909 1777 999 1802; x_wconf 86' lang='lat' dir='ltr'>voce</span> <span class='ocrx_word' id='word_1_278' title='bbox 1036 1765 1169 1816; x_wconf 79' lang='grc' dir='ltr'><em>δῆθεν</em></span> <span class='ocrx_word' id='word_1_279' title='bbox 1199 1766 1348 1816; x_wconf 83' lang='lat' dir='ltr'>elegans</span> <span class='ocrx_word' id='word_1_280' title='bbox 1381 1767 1479 1805; x_wconf 90' lang='lat' dir='ltr'>inest</span> 
     </span>
     <span class='ocr_line' id='line_1_60' title="bbox 831 1822 1478 1872; baseline 0.005 -15"><span class='ocrx_word' id='word_1_281' title='bbox 831 1822 969 1858; x_wconf 88' lang='lat' dir='ltr'>ironiae</span> <span class='ocrx_word' id='word_1_282' title='bbox 1013 1823 1196 1870; x_wconf 83' lang='lat' dir='ltr'>quaedam</span> <span class='ocrx_word' id='word_1_283' title='bbox 1244 1823 1478 1872; x_wconf 86' lang='lat' dir='ltr'>significati0‚</span> 
     </span>
     <span class='ocr_line' id='line_1_61' title="bbox 829 1877 1475 1929; baseline 0.003 -15"><span class='ocrx_word' id='word_1_284' title='bbox 829 1877 898 1915; x_wconf 92' lang='lat' dir='ltr'>hoc</span> <span class='ocrx_word' id='word_1_285' title='bbox 928 1879 1004 1915; x_wconf 85' lang='lat' dir='ltr'>sere</span> <span class='ocrx_word' id='word_1_286' title='bbox 1035 1891 1166 1916; x_wconf 87' lang='lat' dir='ltr'>sensu:</span> <span class='ocrx_word' id='word_1_287' title='bbox 1215 1882 1314 1929; x_wconf 77' lang='lat' dir='ltr'>„qni</span> <span class='ocrx_word' id='word_1_288' title='bbox 1340 1880 1475 1917; x_wconf 71' lang='lat' dir='ltr'>scili-</span> 
     </span>
     <span class='ocr_line' id='line_1_62' title="bbox 831 1934 1476 1985; baseline 0.005 -15"><span class='ocrx_word' id='word_1_289' title='bbox 831 1938 919 1981; x_wconf 83' lang='lat' dir='ltr'>cet,</span> <span class='ocrx_word' id='word_1_290' title='bbox 949 1934 997 1983; x_wconf 90' lang='lat' dir='ltr'>(s.</span> <span class='ocrx_word' id='word_1_291' title='bbox 1019 1938 1058 1970; x_wconf 93' lang='lat' dir='ltr'>ut</span> <span class='ocrx_word' id='word_1_292' title='bbox 1077 1935 1286 1983; x_wconf 88' lang='lat' dir='ltr'>simulabat)</span> <span class='ocrx_word' id='word_1_293' title='bbox 1306 1938 1419 1985; x_wconf 74' lang='lat' dir='ltr'>ipsum</span> <span class='ocrx_word' id='word_1_294' title='bbox 1436 1938 1476 1974; x_wconf 79' lang='lat' dir='ltr'>in</span> 
     </span>
     <span class='ocr_line' id='line_1_63' title="bbox 827 1992 1478 2041; baseline 0.005 -15"><span class='ocrx_word' id='word_1_295' title='bbox 827 2003 964 2040; x_wconf 78' lang='lat' dir='ltr'>campos</span> <span class='ocrx_word' id='word_1_296' title='bbox 987 1992 1260 2041; x_wconf 67' lang='lat' dir='ltr'>proficiscentem</span> <span class='ocrx_word' id='word_1_297' title='bbox 1285 1993 1478 2041; x_wconf 73' lang='lat' dir='ltr'>interficere</span> 
     </span>
     <span class='ocr_line' id='line_1_64' title="bbox 825 2047 1473 2096; baseline 0.002 -12"><span class='ocrx_word' id='word_1_298' title='bbox 825 2047 1055 2084; x_wconf 67' lang='lat' dir='ltr'>voluissentf‘</span> <span class='ocrx_word' id='word_1_299' title='bbox 1085 2048 1146 2084; x_wconf 89' lang='lat' dir='ltr'>Sic</span> <span class='ocrx_word' id='word_1_300' title='bbox 1180 2048 1218 2096; x_wconf 91' lang='grc' dir='ltr'>Ι,</span> <span class='ocrx_word' id='word_1_301' title='bbox 1246 2050 1313 2089; x_wconf 88' lang='grc'>73.</span> <span class='ocrx_word' id='word_1_302' title='bbox 1333 2048 1402 2096; x_wconf 85' lang='lat' dir='ltr'>Vl,</span> <span class='ocrx_word' id='word_1_303' title='bbox 1436 2051 1473 2089; x_wconf 86' lang='lat'>1.</span> 
     </span>
     <span class='ocr_line' id='line_1_65' title="bbox 825 2103 1472 2155; baseline 0.003 -15"><span class='ocrx_word' id='word_1_304' title='bbox 825 2103 907 2142; x_wconf 90' lang='lat' dir='ltr'>Alia</span> <span class='ocrx_word' id='word_1_305' title='bbox 926 2104 1056 2141; x_wconf 90' lang='lat' dir='ltr'>Zeune</span> <span class='ocrx_word' id='word_1_306' title='bbox 1073 2105 1122 2141; x_wconf 84' lang='lat' dir='ltr'>ad</span> <span class='ocrx_word' id='word_1_307' title='bbox 1136 2104 1261 2154; x_wconf 81' lang='lat' dir='ltr'>Viger.</span> <span class='ocrx_word' id='word_1_308' title='bbox 1282 2118 1369 2155; x_wconf 84' lang='lat' dir='ltr'>pag.</span> <span class='ocrx_word' id='word_1_309' title='bbox 1388 2106 1472 2146; x_wconf 82' lang='grc'>499</span> 
     </span>
     <span class='ocr_line' id='line_1_66' title="bbox 824 2159 1471 2212; baseline 0.002 -15"><span class='ocrx_word' id='word_1_310' title='bbox 824 2164 902 2199; x_wconf 88' lang='lat' dir='ltr'>not.</span> <span class='ocrx_word' id='word_1_311' title='bbox 925 2164 962 2198; x_wconf 89' lang='lat' dir='ltr'>et</span> <span class='ocrx_word' id='word_1_312' title='bbox 987 2159 1116 2198; x_wconf 87' lang='lat' dir='ltr'>Matth.</span> <span class='ocrx_word' id='word_1_313' title='bbox 1139 2161 1204 2198; x_wconf 90' lang='lat' dir='ltr'>Gr.</span> <span class='ocrx_word' id='word_1_314' title='bbox 1235 2162 1301 2198; x_wconf 89' lang='lat' dir='ltr'>Gr.</span> <span class='ocrx_word' id='word_1_315' title='bbox 1330 2160 1367 2212; x_wconf 61' lang='grc' dir='ltr'>ἓ.</span> <span class='ocrx_word' id='word_1_316' title='bbox 1388 2164 1471 2203; x_wconf 80' lang='lat'>603</span> 
     </span>
     <span class='ocr_line' id='line_1_67' title="bbox 823 2215 1471 2268; baseline 0.006 -15"><span class='ocrx_word' id='word_1_317' title='bbox 823 2230 912 2268; x_wconf 83' lang='lat' dir='ltr'>pag.</span> <span class='ocrx_word' id='word_1_318' title='bbox 953 2219 1072 2257; x_wconf 81' lang='lat'>1210.</span> <span class='ocrx_word' id='word_1_319' title='bbox 1112 2217 1172 2255; x_wconf 91' lang='lat' dir='ltr'>De</span> <span class='ocrx_word' id='word_1_320' title='bbox 1208 2215 1273 2264; x_wconf 65' lang='grc' dir='ltr'>οἷς</span> <span class='ocrx_word' id='word_1_321' title='bbox 1305 2218 1471 2268; x_wconf 80' lang='grc' dir='ltr'><em>δῆθεν</em></span> 
     </span>
     <span class='ocr_line' id='line_1_68' title="bbox 821 2273 1470 2323; baseline 0.005 -14"><span class='ocrx_word' id='word_1_322' title='bbox 821 2273 963 2310; x_wconf 89' lang='lat' dir='ltr'>monuit</span> <span class='ocrx_word' id='word_1_323' title='bbox 991 2273 1197 2311; x_wconf 79' lang='lat' dir='ltr'>Blomfield.</span> <span class='ocrx_word' id='word_1_324' title='bbox 1224 2275 1272 2311; x_wconf 85' lang='lat' dir='ltr'>ad</span> <span class='ocrx_word' id='word_1_325' title='bbox 1302 2273 1470 2323; x_wconf 79' lang='lat' dir='ltr'>Aeschyl.</span> 
     </span>
     <span class='ocr_line' id='line_1_69' title="bbox 821 2329 1470 2379; baseline 0.002 -12"><span class='ocrx_word' id='word_1_326' title='bbox 821 2329 1004 2367; x_wconf 87' lang='lat' dir='ltr'>Prometh.</span> <span class='ocrx_word' id='word_1_327' title='bbox 1032 2332 1127 2370; x_wconf 85' lang='lat'>210.</span> <span class='ocrx_word' id='word_1_328' title='bbox 1184 2329 1244 2367; x_wconf 90' lang='lat' dir='ltr'>Ad</span> <span class='ocrx_word' id='word_1_329' title='bbox 1274 2343 1470 2379; x_wconf 89' lang='lat' dir='ltr'>argumen-</span> 
     </span>
     <span class='ocr_line' id='line_1_70' title="bbox 820 2386 1470 2424; baseline 0.002 -1"><span class='ocrx_word' id='word_1_330' title='bbox 820 2389 897 2423; x_wconf 87' lang='lat' dir='ltr'>tum</span> <span class='ocrx_word' id='word_1_331' title='bbox 923 2386 953 2424; x_wconf 92' lang='lat' dir='ltr'><strong>C</strong></span> <span class='ocrx_word' id='word_1_332' title='bbox 962 2399 990 2423; x_wconf 84' lang='lat' dir='ltr'>r.</span> <span class='ocrx_word' id='word_1_333' title='bbox 1020 2387 1160 2424; x_wconf 88' lang='lat' dir='ltr'>confert</span> <span class='ocrx_word' id='word_1_334' title='bbox 1188 2386 1312 2423; x_wconf 87' lang='lat' dir='ltr'>similis</span> <span class='ocrx_word' id='word_1_335' title='bbox 1332 2388 1470 2424; x_wconf 88' lang='lat' dir='ltr'>fraudis</span> 
     </span>
     <span class='ocr_line' id='line_1_71' title="bbox 821 2443 1467 2494; baseline 0.002 -14"><span class='ocrx_word' id='word_1_336' title='bbox 821 2443 868 2480; x_wconf 90' lang='lat' dir='ltr'>ab</span> <span class='ocrx_word' id='word_1_337' title='bbox 886 2443 1006 2491; x_wconf 79' lang='lat' dir='ltr'>Ulyxe</span> <span class='ocrx_word' id='word_1_338' title='bbox 1030 2443 1246 2480; x_wconf 78' lang='lat' dir='ltr'>commissae</span> <span class='ocrx_word' id='word_1_339' title='bbox 1264 2443 1467 2494; x_wconf 85' lang='lat' dir='ltr'>exemplum</span> 
     </span>
     <span class='ocr_line' id='line_1_72' title="bbox 821 2499 1468 2549; baseline 0 -13"><span class='ocrx_word' id='word_1_340' title='bbox 821 2500 921 2549; x_wconf 86' lang='lat' dir='ltr'>apud</span> <span class='ocrx_word' id='word_1_341' title='bbox 947 2500 1098 2536; x_wconf 90' lang='lat' dir='ltr'>Homer.</span> <span class='ocrx_word' id='word_1_342' title='bbox 1122 2500 1260 2547; x_wconf 73' lang='lat' dir='ltr'>OdysS.</span> <span class='ocrx_word' id='word_1_343' title='bbox 1282 2499 1345 2547; x_wconf 86' lang='lat' dir='ltr'>IV,</span> <span class='ocrx_word' id='word_1_344' title='bbox 1374 2499 1468 2541; x_wconf 80' lang='lat'>244.</span> 
     </span>
     <span class='ocr_line' id='line_1_73' title="bbox 820 2554 1471 2605; baseline 0.002 -13"><span class='ocrx_word' id='word_1_345' title='bbox 820 2554 944 2604; x_wconf 88' lang='lat' dir='ltr'>Atque</span> <span class='ocrx_word' id='word_1_346' title='bbox 967 2555 1073 2593; x_wconf 87' lang='lat' dir='ltr'>huius</span> <span class='ocrx_word' id='word_1_347' title='bbox 1099 2555 1214 2605; x_wconf 86' lang='lat' dir='ltr'>ipsius</span> <span class='ocrx_word' id='word_1_348' title='bbox 1240 2555 1471 2594; x_wconf 85' lang='lat' dir='ltr'>Pisistratum</span> 
     </span>
     <span class='ocr_line' id='line_1_74' title="bbox 824 2611 1472 2663; baseline 0.003 -16"><span class='ocrx_word' id='word_1_349' title='bbox 824 2611 909 2648; x_wconf 90' lang='lat' dir='ltr'>olim</span> <span class='ocrx_word' id='word_1_350' title='bbox 952 2612 1142 2649; x_wconf 88' lang='lat' dir='ltr'>admonuit</span> <span class='ocrx_word' id='word_1_351' title='bbox 1185 2611 1315 2660; x_wconf 82' lang='lat' dir='ltr'>Solon,</span> <span class='ocrx_word' id='word_1_352' title='bbox 1372 2613 1472 2663; x_wconf 88' lang='lat' dir='ltr'>apud</span> 
     </span>
     <span class='ocr_line' id='line_1_75' title="bbox 824 2667 1469 2718; baseline 0.002 -14"><span class='ocrx_word' id='word_1_353' title='bbox 824 2667 1006 2707; x_wconf 87' lang='lat' dir='ltr'>Plutarch.</span> <span class='ocrx_word' id='word_1_354' title='bbox 1046 2669 1120 2705; x_wconf 84' lang='lat' dir='ltr'>Vit.</span> <span class='ocrx_word' id='word_1_355' title='bbox 1165 2667 1291 2705; x_wconf 88' lang='lat' dir='ltr'>Solon.</span> <span class='ocrx_word' id='word_1_356' title='bbox 1327 2681 1382 2718; x_wconf 88' lang='lat' dir='ltr'>cp.</span> <span class='ocrx_word' id='word_1_357' title='bbox 1412 2670 1469 2710; x_wconf 85' lang='lat'>30</span> 
     </span>
     <span class='ocr_line' id='line_1_76' title="bbox 819 2724 1470 2775; baseline 0 -14"><span class='ocrx_word' id='word_1_358' title='bbox 819 2737 857 2775; x_wconf 91' lang='lat' dir='ltr'>p.</span> <span class='ocrx_word' id='word_1_359' title='bbox 881 2725 950 2773; x_wconf 85' lang='lat'>95,</span> <span class='ocrx_word' id='word_1_360' title='bbox 980 2725 1028 2762; x_wconf 89' lang='lat' dir='ltr'>D.</span> <span class='ocrx_word' id='word_1_361' title='bbox 1059 2724 1141 2762; x_wconf 86' lang='lat' dir='ltr'>Nec</span> <span class='ocrx_word' id='word_1_362' title='bbox 1161 2724 1288 2774; x_wconf 90' lang='lat' dir='ltr'>dispar</span> <span class='ocrx_word' id='word_1_363' title='bbox 1308 2729 1366 2762; x_wconf 87' lang='lat' dir='ltr'>est</span> <span class='ocrx_word' id='word_1_364' title='bbox 1391 2725 1470 2761; x_wconf 88' lang='lat' dir='ltr'>Zo-</span> 
     </span>
     <span class='ocr_line' id='line_1_77' title="bbox 819 2780 1470 2831; baseline 0.002 -15"><span class='ocrx_word' id='word_1_365' title='bbox 819 2781 901 2831; x_wconf 69' lang='lat' dir='ltr'>pyri</span> <span class='ocrx_word' id='word_1_366' title='bbox 936 2782 1035 2818; x_wconf 82' lang='lat' dir='ltr'>fraus</span> <span class='ocrx_word' id='word_1_367' title='bbox 1071 2781 1171 2831; x_wconf 89' lang='lat' dir='ltr'>apud</span> <span class='ocrx_word' id='word_1_368' title='bbox 1199 2780 1380 2819; x_wconf 84' lang='lat' dir='ltr'>Herodot.</span> <span class='ocrx_word' id='word_1_369' title='bbox 1404 2780 1470 2827; x_wconf 88' lang='grc' dir='ltr'>ΙΙΙ,</span> 
     </span>
     <span class='ocr_line' id='line_1_78' title="bbox 821 2836 1469 2888; baseline 0 -15"><span class='ocrx_word' id='word_1_370' title='bbox 821 2838 902 2878; x_wconf 81' lang='grc'>154</span> <span class='ocrx_word' id='word_1_371' title='bbox 938 2850 1042 2886; x_wconf 91' lang='lat' dir='ltr'>seqq.</span> <span class='ocrx_word' id='word_1_372' title='bbox 1077 2849 1121 2874; x_wconf 86' lang='lat' dir='ltr'>ac</span> <span class='ocrx_word' id='word_1_373' title='bbox 1154 2836 1325 2886; x_wconf 83' lang='lat' dir='ltr'>Dionysii</span> <span class='ocrx_word' id='word_1_374' title='bbox 1369 2837 1469 2888; x_wconf 86' lang='lat' dir='ltr'>apud</span> 
     </span>
     <span class='ocr_line' id='line_1_79' title="bbox 816 2892 1326 2939; baseline -0.004 -7"><span class='ocrx_word' id='word_1_375' title='bbox 816 2892 970 2932; x_wconf 85' lang='lat' dir='ltr'>Diodor.</span> <span class='ocrx_word' id='word_1_376' title='bbox 993 2893 1103 2932; x_wconf 84' lang='lat' dir='ltr'>Sicul.</span> <span class='ocrx_word' id='word_1_377' title='bbox 1126 2892 1231 2939; x_wconf 86' lang='lat' dir='ltr'><strong>XXI,</strong></span> <span class='ocrx_word' id='word_1_378' title='bbox 1259 2892 1326 2936; x_wconf 88' lang='lat'>95.</span> 
     </span>
    </p>
   </div>
   <div class='ocr_carea' id='block_1_16' title="bbox 1183 2973 1240 3012">
    <p class='ocr_par' dir='ltr' id='par_1_16' title="bbox 1183 2973 1240 3012">
     <span class='ocr_line' id='line_1_80' title="bbox 1183 2973 1240 3012; baseline -0.018 0"><span class='ocrx_word' id='word_1_379' title='bbox 1183 2973 1240 3012; x_wconf 88' lang='lat'>10</span> 
     </span>
    </p>
   </div>
  </div>
 </body>
</html>
