1786 3324
634 249 853 290 cLlo.
911 249 940 288 Ι.
1339 252 1425 294 289

154 369 310 411 θεῦτεν
339 362 384 408 δὲ
413 361 584 418 ἔμελλε,
615 357 675 412 ὦς
701 359 785 416 ἐγώ
816 359 978 416 δοκέω,
999 356 1154 413 ἁλίσας
1181 357 1344 414 θάψειν
1371 360 1426 406 τὰ

155 461 308 490 πάντα.

260 516 462 576 Ἀρπάγῳ
490 517 571 575 μὲν
600 515 841 575 Ἀστυάγης
868 519 996 576 δίκην
1031 517 1197 577 ταύτην
1225 518 1418 577 ἐπέθηκε.
1472 521 1539 584 {33³¹
1558 522 1595 551 ‘¹⁸
1605 522 1686 586 ⁰53}
1702 525 1754 568 ‘¹9‘

1474 565 1755 630 {rffrfflsszffiussffl

1474 624 1589 659 crednt,
1632 626 1738 654 somnii

1475 656 1571 719 {agggm
1599 658 1753 694 impletum

31 526 133 574 120

152 599 308 657 Κύρου
337 599 384 643 δὲ
412 598 514 653 πέρι
542 596 770 653 βουλεύων
809 598 954 642 ἐκάλεε
991 597 1098 650 τούς
1132 597 1295 651 αὐτούς
1329 602 1419 644 τῶν

150 679 300 739 μάγων
329 680 372 722 οἳ
399 676 447 721 τὸ
477 674 687 721 ἐνύπνιόν
727 678 770 721 οἱ
798 676 934 735 ταύτῃ
966 677 1155 734 ἔκριναν.
1217 678 1418 736 ἀπικομέ-

149 775 257 810 νους
284 757 332 802 δὲ
361 758 498 811 εἴρετο
522 755 546 800 ὁ
572 754 826 814 Ἀστυάγης,
856 761 910 814 τῇ
931 756 1111 814 ἔκρινάν
1133 759 1178 802 οἱ
1195 757 1276 817 τήν
1298 758 1415 811 ὄψιν·
1429 766 1476 802 25

151 839 196 882 οἱ
223 836 270 882 δὲ
306 835 417 882 κατὰ
453 835 593 881 ταύτά
630 834 777 889 εἶπαν,
837 836 1034 893 λέγοντες
1076 835 1135 890 ὥς
1167 841 1420 895 βασιλεῦσαι

148 919 260 974 χρῆν
285 915 365 960 τόν
395 918 555 968 παῖδα,
606 918 644 960 εἰ
680 915 858 970 ἐπέζωσε
897 917 971 960 καὶ
999 916 1058 974 μὴ
1091 916 1284 963 ἀπέθανε
1313 918 1418 975 πρό-

120 1003 144 1037 2
163 1011 303 1052 τερον.
357 994 408 1040 Ὁ
438 997 483 1040 δὲ
513 993 733 1052 ἀμείβεται
773 993 935 1047 αὐτοὺς
971 998 1138 1040 τοῖσδε·
1196 996 1344 1050 »Ἔστι
1373 1014 1419 1043 τε

148 1075 207 1129 ,,ὁ
236 1079 359 1128 παῖς,
389 1075 463 1120 καὶ
491 1076 703 1131 περίεστι·
734 1076 808 1119 καί
834 1092 934 1131 μιν,
976 1073 1045 1119 ἐπ’
1076 1074 1218 1132 ἀγροῦ
1247 1076 1417 1121 διαιτώ-

151 1187 176 1207 ,,
188 1170 344 1212 μενον,
380 1157 424 1200 οἱ
452 1155 499 1199 ἐκ
527 1159 603 1212 τῆς
636 1153 786 1212 κώμης
825 1157 976 1207 παῖδες
1013 1155 1250 1212 ἐστήσαντο
1296 1158 1416 1212 βασι·

121 1240 177 1287 3,,
189 1234 277 1279 λέα.
307 1234 332 1279 ὁ
362 1235 408 1278 δέ
441 1233 610 1284 πάντα,
649 1233 733 1278 ὅσα
761 1249 842 1291 περ
873 1236 917 1279 οἱ
960 1232 1119 1291 ἀληθεῖ
1143 1234 1257 1294 λόγῳ
1297 1238 1472 1292 βασι-30

150 1313 296 1367 ,,λέες,
326 1313 523 1358 ἐτελέωσε
552 1312 750 1369 ποιήσας.
789 1314 862 1358 καὶ
889 1314 975 1370 γάρ
1007 1313 1312 1371 δορυφόρους,
1343 1315 1418 1358 καὶ

148 1392 448 1449 ,,θυρωρούς,
478 1393 552 1437 καὶ
581 1391 949 1450 ἀγγελιηφόρους,
983 1393 1057 1437 καὶ
1078 1393 1132 1438 τὰ
1148 1392 1280 1438 λοιποὶ
1302 1391 1416 1437 πάν-

146 1505 172 1526 ,,
183 1489 237 1517 τα
265 1471 468 1526 διατάξας
495 1470 591 1529 εἶχε.
650 1473 724 1517 καὶ
751 1476 836 1517 νῦν
868 1472 911 1524 ἐς
938 1474 980 1517 τί
1007 1470 1116 1530 ὑμῖν
1144 1477 1282 1519 ταῦτα
1312 1476 1413 1532 φαί-

118 1555 306 1606 4,,νεται
335 1552 550 1609 φέρειν;“
607 1550 755 1596 Εἶπαν
783 1553 828 1596 οἷ
854 1551 1008 1609 μάγοι·
1066 1585 1091 1606 ,‚
1106 1554 1164 1597 Εἰ
1192 1554 1272 1611 μὲν
1299 1556 1414 1610 περί-

147 1632 275 1685 ,,εστί
308 1648 379 1686 τε,
429 1632 504 1676 καὶ
540 1630 786 1688 ἐβασίλευσε
824 1629 850 1675 ὁ
887 1636 991 1684 παῖς
1019 1631 1078 1689 μὴ
1117 1633 1165 1677 ἐκ
1202 1635 1471 1691 προνοίης35

148 1709 327 1763 ,,τινὸς,
378 1711 538 1767 θάρσει
565 1727 611 1755 τε
639 1708 802 1755 τούτου
838 1712 1001 1761 εἵνεκα,
1049 1712 1124 1756 καὶ
1162 1714 1311 1771 θυμὸν
1349 1714 1415 1770 ἔχε

147 1822 174 1842 ‚,
188 1788 384 1846 ἀγαθόν·
416 1789 469 1836 οὗ
497 1789 581 1848 γάρ
611 1791 673 1835 ἔτι
701 1790 751 1835 τὸ
781 1788 987 1848 δεύτερον
1017 1790 1148 1848 ἄρξει.
1178 1792 1298 1848 παρά
1322 1803 1414 1848 σμι-

146 1869 274 1926 ,,κροὶ
308 1870 392 1927 γὰρ
421 1871 496 1916 καὶ
524 1873 613 1915 τῶν
640 1871 803 1927 λογίων
831 1868 938 1928 ἡμῖν
959 1870 1055 1916 ἔνια
1074 1870 1308 1930 κεχώρηκε·
1337 1872 1414 1917 καὶ

291 2067 403 2119 Cap.
433 2066 552 2106 CXX.

147 2123 186 2166 εἶ
212 2121 457 2174 ἐπέζωσε]
488 2122 657 2172 ἐπέζωσε
685 2137 746 2163 ra-

90 2193 133 2219 ra
162 2183 280 2220 forma
307 2181 408 2219 verbi
434 2177 608 2231 ἔπιζῶω,
646 2182 748 2233 quod

89 2237 180 2275 alias
195 2238 231 2275 in
261 2238 447 2289 praesenti
471 2242 612 2276 tantum
634 2243 747 2288 atque

90 2293 302 2346 imperfecto
321 2295 485 2332 occurrit.
531 2295 590 2333 Cf.
613 2294 745 2333 Matth.

91 2348 130 2401 ὃ.
151 2352 233 2393 236
256 2364 293 2402 p.
312 2350 407 2392 462.
438 2351 650 2389 Buttmann.
681 2352 747 2389 Gr.

93 2406 159 2444 Gr.
182 2407 308 2446 maior.
325 2407 361 2445 II
387 2420 474 2459 pag.
494 2407 586 2449 145.
636 2408 750 2446 Unde

91 2467 264 2514 apparet,
293 2463 387 2503 male
417 2478 460 2502 ex
483 2463 580 2502 Aldo
611 2477 750 2516 propa-

93 2519 172 2567 gari
198 2518 381 2571 ἐπέζησε,
434 2521 534 2571 quod
575 2520 748 2560 meliores

92 2573 174 2612 libri
212 2577 384 2615 reiiciunt.
452 2577 556 2621 Quos
596 2578 749 2616 eosdem

93 2631 224 2679 secuti,
252 2632 291 2670 in
307 2646 411 2683 seqq.
431 2647 512 2671 cum
534 2634 748 2672 Gaisfordio

93 2687 257 2725 dedimus
277 2687 453 2740 βασιλέες
469 2703 537 2741 pro
554 2691 652 2741 vulg.
676 2691 746 2742 βα-

93 2744 235 2792 σιλῆες.
258 2766 305 2774 -
328 2745 387 2784 De
406 2747 449 2783 iis
463 2775 474 2794 ,
504 2748 565 2796 qui
585 2747 621 2784 h.
641 2746 665 2784 l.
687 2747 745 2785 di-

92 2803 219 2836 cuntur
232 2794 538 2855 οῗγγελιηφόροι,
565 2804 610 2842 cf.
633 2816 746 2856 supra

91 2855 143 2893 ad
161 2853 199 2901 1,
221 2857 312 2898 114.

201 2909 210 2925 ἱ
273 2909 283 2925 ἱ
417 2911 427 2926 ἱ
501 2910 512 2925 Ι
717 2911 728 2924 1

148 2924 216 2949 και
236 2926 282 2951 τα
311 2916 430 2954 λοιπα
454 2915 747 2956 wavra-&oew-

109 2965 322 3008 Hssnonow.
352 2970 382 3008 1.

815 2070 888 2118 ξας
916 2063 1040 2120 εἶχε]
1073 2064 1150 2120 εἶχε
1176 2070 1345 2121 praebuit
1375 2069 1472 2107 San-

814 2126 920 2164 crofti
936 2125 1028 2164 liber
1045 2125 1126 2164 loco
1147 2126 1318 2176 vulgatae
1336 2119 1365 2177 ἦ
1376 2141 1396 2178 ρ
1408 2141 1429 2177 χ
1441 2139 1471 2175 ε,

815 2195 910 2233 quae
928 2182 1090 2232 glossam
1117 2183 1224 2233 sapit.
1269 2183 1366 2220 Hinc
1385 2195 1475 2233 pro-

813 2240 925 2278 bante
960 2239 1033 2276 iam
1082 2239 1219 2277 dudum
1247 2239 1396 2290 Toupio
1433 2239 1473 2277 in

815 2295 997 2334 Emendd.
1018 2297 1066 2333 ad
1086 2296 1189 2333 Suid.
1209 2295 1250 2333 P.
1271 2295 1321 2332 III
1340 2309 1376 2346 p.
1389 2294 1474 2337 454

818 2353 877 2390 ed.
896 2351 1001 2403 Lips.
1028 2365 1109 2389 cum
1127 2352 1270 2401 Schwg.
1295 2355 1331 2390 et
1354 2352 1474 2389 Gaisf.

817 2408 917 2446 haud
937 2412 1146 2447 cnmctan‘ter
1162 2409 1378 2459 recepimus
1395 2407 1476 2447 Lo·-

816 2466 998 2503 cutionem
1018 2465 1138 2516 ipsam
1157 2465 1342 2514 attigimus
1362 2477 1476 2515 supra.

815 2521 854 2569 I,
878 2523 933 2563 37
954 2521 1031 2558 init.
1049 2542 1105 2548 —
1122 2521 1164 2558 In
1182 2521 1347 2572 proxime
1367 2533 1474 2570 seqq.

814 2590 883 2629 pro
913 2575 1051 2628 φέρειν
1079 2590 1173 2615 unus
1208 2577 1320 2616 habet
1346 2576 1475 2628 ἕχειν;

815 2635 916 2684 quod
939 2638 1134 2683 utrumque
1161 2634 1231 2672 dici
1256 2647 1369 2684 posse
1396 2646 1476 2670 mo-

814 2695 879 2728 net
914 2690 1136 2739 Wesseling.
1176 2702 1197 2728 e
1232 2689 1362 2728 Nostri
1394 2689 1475 2727 loeo

814 2745 888 2795 VI,
907 2749 961 2788 19
981 2746 1060 2785 coll.
1080 2747 1127 2795 V,
1149 2747 1214 2787 81.
1243 2746 1353 2794 VIII,
1382 2745 1474 2787 144.

813 2801 896 2841 Nec
913 2802 984 2840 hoc
999 2816 1121 2840 rarum
1138 2807 1201 2840 aut
1219 2803 1444 2852 infrequens,

869 2856 978 2910 παρά
1009 2856 1156 2911 σμικροὶ
1189 2856 1264 2912 γάρ
1295 2879 1352 2887 —-
1388 2857 1475 2897 ἔνια

813 2911 1027 2970 κεχώρηκε]
1057 2916 1142 2954 Hoc
1162 2916 1211 2952 ad
1231 2927 1379 2953 sensum
1398 2925 1475 2952 non
