1759 3324
350 285 434 326 474

622 283 1039 324 HERODOTI
1098 282 1284 322 CLlO.
1326 283 1355 322 1.

350 391 637 446 συνελθόντες
675 393 840 439 θύουσί
879 410 977 451 μιν,
1033 393 1109 437 καὶ
1146 392 1255 437 ἄλλα
1296 391 1495 451 πρόβατα
1525 393 1616 451 ἅμα

350 471 490 533 αὐτῷ·
525 473 761 531 ἑψήσαντες
791 474 837 518 δὲ
866 474 919 517 τὰ
947 472 1074 528 κρέα,
1106 473 1460 530 κατευωχέονται.
1513 477 1613 517 ταῦ-

319 554 407 596 4τα
434 552 514 609 μὲν
541 552 595 597 τά
625 551 869 608 ὀλβιώτατά
903 564 982 609 σφι
1013 552 1275 608 νενόμισται.
1323 553 1401 597 τὸν
1431 553 1476 597 δὲ
1505 550 1609 596 νού-
1657 556 1736 596 102

349 644 413 690 σῳ
441 630 755 688 τελευτήσαντα
795 630 851 674 οὐ
889 631 1238 683 κατασιτέονται,
1290 629 1398 676 ἀλλὰ
1425 635 1482 690 γῇ
1511 630 1642 687 uoti-2

348 722 529 763 πτουσι,
562 709 796 766 συμφορὴν
825 709 1102 766 ποιεύμενοι,
1132 710 1199 755 ὅτι
1230 708 1314 755 οὐκ
1343 712 1458 755 ἵκετο
1491 711 1535 763 ἐς
1563 710 1612 755 τὸ

319 794 554 846 5τυθῆναι.
613 790 858 842 Σπείρουσι
896 789 943 832 δὲ
981 787 1131 841 οὐδὲν,
1180 788 1275 833 ἀλλ’
1309 789 1393 834 ἀπὸ
1421 791 1614 847 κτηνέων

348 867 509 921 ζώουσι
538 868 610 912 καὶ
638 865 829 924 ἰχθύων·

343 945 527 1001 Ἀράξεω
564 950 767 1003 ποταμοῦ
805 948 1145 1003 παραγίνονται·

320 1034 341 1068 6
352 1027 445 1070 εἰσί.

889 868 934 911 οἷ
973 868 1044 920 δὲ,
1086 866 1284 925 ἄφθονοί
1326 880 1406 924 σφι
1444 869 1490 913 ἐκ
1531 872 1614 912 τοῦ

1202 945 1526 1004 γαλακτοπόται
1562 947 1608 992 δὲ
1619 954 1642 989 5

508 1030 631 1070 Θεῶν
660 1026 706 1070 δὲ
736 1030 908 1083 μοῦνον
936 1026 1062 1084 ἥλιον
1092 1027 1320 1085 σέβονται,
1358 1031 1420 1085 τῷ
1448 1026 1614 1071 θύουσι

349 1107 523 1157 ἵππους.
566 1104 701 1162 νόμος
731 1106 777 1150 δὲ
806 1100 935 1159 οὗτος
965 1110 1041 1164 τῆς
1067 1109 1249 1165 θυσίης·
1285 1111 1375 1151 τῶν
1404 1110 1524 1151 θεῶν
1550 1110 1613 1163 τῷ

347 1186 532 1243 ταχίστῳ
549 1218 560 1236 ,
599 1185 776 1231 πάντων
805 1190 895 1230 τῶν
921 1190 1102 1245 θνητῶν
1129 1187 1178 1233 τὸ
1207 1185 1411 1244 τάχιστον
1440 1185 1612 1231 δατέον-

347 1282 431 1309 ται.

290 1441 439 1479 aliarum
467 1441 629 1491 gentium
655 1454 775 1480 mores
805 1446 948 1480 exstant

290 1498 414 1549 plures
441 1503 593 1536 notante
611 1498 792 1536 Larchero
812 1500 859 1536 ad
876 1499 946 1536 h.l.

292 1555 367 1599 Qui
412 1555 566 1605 primum
622 1555 946 1605 Hyperboreorum

290 1611 454 1649 meminit
474 1625 518 1649 ex
536 1611 726 1649 Hellanico
748 1613 846 1662 apud
858 1612 944 1650 Cle-

290 1673 401 1706 ment.
442 1667 676 1706 Alexandria.
715 1669 888 1706 Stromat.
928 1669 945 1707 I

289 1738 327 1776 p.
351 1725 433 1766 359
457 1738 484 1762 s.
513 1725 575 1762 fin.
606 1730 642 1762 et
670 1738 708 1775 p.
733 1727 839 1773 360,
869 1730 945 1763 tum

290 1781 436 1820 Timaei
454 1782 500 1819 de
523 1781 715 1819 Sardiniae
734 1782 873 1820 insulae
890 1783 946 1819 in-

290 1837 379 1876 colis
401 1838 498 1875 idem
522 1839 601 1876 fere
626 1840 794 1876 testantis
825 1839 947 1889 (apud

291 1894 423 1933 Tzetz.
440 1895 488 1931 ad
505 1893 738 1945 Lycophron.
750 1894 946 1933 Alexandr.

289 1964 342 1988 vs.
366 1952 480 2000 796).
539 1951 598 1989 De
620 1951 705 1988 Ceis
726 1952 946 2001 quibusdam

289 2007 394 2058 paria
423 2012 574 2044 narrant
589 2007 766 2058 Stephan.
789 2008 944 2056 Byzant.

291 2077 320 2101 s,
333 2076 366 2100 v.
386 2058 522 2109 Ἰουλὶς
542 2067 578 2101 et
589 2064 722 2101 Strabo
744 2064 779 2101 X
798 2077 834 2114 p.
849 2063 945 2111 745,

289 2117 334 2156 A.
380 2118 461 2157 Nec
487 2119 543 2156 his
571 2124 781 2167 contentus,
819 2132 945 2157 recen-

289 2175 394 2212 tioris
433 2177 527 2213 adeo
565 2176 694 2213 aetatis
741 2175 945 2226 exemplum

289 2232 432 2282 profert
452 2230 669 2269 Larcherus.
699 2232 830 2270 Incolis
849 2232 944 2269 enim

289 2288 396 2337 regni
441 2287 585 2325 Aracan
631 2289 787 2327 eundem
832 2289 946 2327 ferme

289 2357 428 2382 morem
458 2344 495 2380 in
525 2357 593 2381 usu
623 2358 704 2382 esse
732 2346 882 2382 tradunt
908 2347 945 2382 in

289 2400 387 2438 Hist.
409 2405 527 2437 natur.
542 2405 578 2438 et
589 2401 678 2438 civil.
699 2403 748 2439 du
772 2414 945 2449 royaume

291 2458 339 2495 de
366 2457 467 2494 Siam
501 2461 528 2494 t.
546 2457 579 2494 ΙΙ
611 2471 647 2508 p.
667 2459 761 2499 371.
821 2457 874 2495 Ut
896 2459 944 2495 ad

289 2511 521 2551 Herodotum
548 2514 716 2562 redeam,
755 2515 841 2552 scite
864 2528 944 2552 cum

290 2569 383 2606 illius
403 2569 470 2607 hac
501 2570 548 2607 de
568 2570 790 2620 Massagetis
818 2584 944 2608 narra-

290 2626 391 2664 tione
411 2625 559 2663 contulit
577 2627 797 2677 VVesseling.
815 2629 943 2676 fragm.

290 2681 490 2732 Pythagor.
511 2696 596 2733 pag.
623 2686 706 2725 713
725 2685 783 2722 ed.
798 2684 880 2720 Gal.
902 2698 944 2722 ac

291 2740 340 2778 de
357 2739 438 2791 ipso
457 2752 559 2778 more
578 2740 664 2778 citat
691 2740 719 2778 Ι.
735 2739 779 2778 Α.
799 2740 943 2779 Fabric.

1016 1443 1065 1480 ad
1095 1442 1195 1480 Sext.
1233 1440 1445 1493 Philosoph.
1475 1441 1667 1493 Hypotyp.

1014 1498 1084 1547 111,
1105 1498 1160 1540 24
1183 1511 1269 1549 pag.
1294 1500 1386 1540 179

1071 1558 1124 1610 γῇ
1145 1551 1389 1607 κρύπτουσι]
1419 1554 1461 1591 In
1489 1553 1558 1590 hoc
1586 1553 1668 1603 ipso

1013 1613 1170 1659 Strabo,
1211 1611 1300 1649 alias
1342 1611 1471 1649 Nostri
1514 1609 1669 1658 vestigia
1745 1599 1748 1616 ⁶

1264 1667 1430 1705 nonnihil
1481 1666 1669 1704 discedere
1742 1694 1745 1703 .

1013 1726 1157 1763 videtur
1172 1723 1224 1761 XI
1242 1738 1278 1775 p.
1301 1726 1381 1765 781
1395 1753 1407 1772 ,
1432 1723 1475 1761 A.
1493 1743 1551 1751 --
1575 1733 1669 1772 συμ-

1012 1682 1208 1720 premens,

1015 1778 1123 1832 φορή
1142 1783 1178 1818 in
1202 1794 1305 1830 seqq.
1330 1794 1402 1830 quo
1426 1781 1537 1817 modo
1564 1778 1668 1816 intel-
1739 1821 1741 1835 1

1013 1838 1224 1887 figendum,
1263 1837 1446 1875 docebunt
1486 1836 1545 1874 alii
1575 1835 1668 1883 loci,

1013 1899 1055 1932 ut
1077 1895 1113 1942 Ι,
1135 1894 1204 1935 35.
1230 1893 1285 1935 42
1307 1897 1374 1931 etc.
1736 1902 1739 1946 j

1070 1953 1126 2004 τῷ
1155 1945 1308 1989 θύουσι
1335 1946 1506 1999 ἵππους]
1557 1946 1668 1998 Apud

1013 2006 1147 2045 Persas
1168 2018 1316 2055 quoque
1339 2018 1456 2055 equos
1480 2004 1558 2041 Soli
1583 2016 1669 2041 eon·
1734 2006 1736 2024 s

1016 2068 1175 2101 sectatos
1197 2067 1233 2100 et
1251 2066 1428 2099 mactatos
1457 2062 1591 2099 docent
1607 2073 1670 2098 ve·
1731 2083 1733 2097 ›

1013 2124 1132 2167 teres,
1162 2123 1201 2156 ut
1219 2118 1342 2156 monui
1364 2118 1468 2166 adl,
1492 2119 1583 2159 189.
1612 2139 1668 2145 ——
1729 2103 1732 2148 <¹

1014 2176 1056 2214 In
1077 2188 1180 2225 seqq.
1205 2171 1251 2214 τό
1269 2171 1426 2226 θνητόν
1447 2174 1593 2212 omnino
1613 2177 1670 2212 est
1727 2204 1730 2232 7

1013 2232 1146 2270 animal
1185 2231 1355 2282 quodvis‚·
1410 2244 1524 2281 quare
1574 2231 1669 2268 bene

1012 2288 1223 2326 Eustathius
1258 2289 1306 2325 ad
1328 2288 1432 2325 Iliad.
1460 2300 1546 2338 pag.
1572 2287 1668 2334 257,
1724 2328 1726 2335 ‚

1016 2346 1068 2387 15
1092 2345 1149 2383 ed.
1173 2344 1285 2382 Basil.
1307 2344 1457 2395 exponit
1477 2340 1520 2383 τὸ
1536 2343 1578 2383 ἐν
1598 2338 1668 2390 ζῶ-
1724 2345 1725 2354 ’

1014 2417 1074 2448 οις
1121 2398 1314 2452 τάχιστον.
1354 2423 1411 2429 --
1457 2398 1669 2439 δατὲεσθαι
1720 2434 1722 2450 2

1012 2459 1180 2507 Schweig
1169 2459 1217 2495 r.h
1235 2459 1273 2495 in
1301 2457 1391 2495 Lex.
1410 2457 1590 2496 Herodot.
1613 2457 1670 2493 in-
1718 2494 1720 2500 ,

1011 2519 1251 2566 terpretatur:
1279 2515 1440 2551 tribuere.
1718 2524 1719 2528 ¹

1068 2567 1191 2622 νόμος
1210 2568 1252 2609 δὲ
1279 2565 1395 2617 οὗτος
1416 2572 1488 2621 τῆς
1504 2562 1668 2620 θυσίης]

1010 2627 1202 2666 Pertinent
1239 2628 1330 2665 haec
1368 2627 1416 2664 ad
1466 2627 1670 2676 sequentia,

1011 2689 1110 2722 recte
1129 2688 1302 2721 monente
1323 2682 1522 2721 Werfero'
1513 2696 1551 2720 in
1570 2682 1667 2721 Actt.
1712 2697 1713 2726 3

1010 2740 1114 2793 phin.
1139 2739 1305 2778 Monacc.
1324 2740 1341 2777 I
1362 2753 1449 2791 pag.
1470 2742 1536 2783 99.

602 2882 922 2931 ἽΣΤΟΡΙΩΝ
948 2883 1160 2932 ‘HPOAO
1167 2887 1287 2930 Tor
1311 2887 1364 2927 Α.
