<?xml version="1.0" encoding="UTF-8"?>
<!DOCTYPE html PUBLIC "-//W3C//DTD XHTML 1.0 Transitional//EN"
    "http://www.w3.org/TR/xhtml1/DTD/xhtml1-transitional.dtd">
<html xmlns="http://www.w3.org/1999/xhtml" xml:lang="en" lang="en">
 <head>
  <title>
</title>
<meta http-equiv="Content-Type" content="text/html;charset=utf-8" />
  <meta name='ocr-system' content='tesseract 3.04.00' />
  <meta name='ocr-capabilities' content='ocr_page ocr_carea ocr_par ocr_line ocrx_word'/>
</head>
<body>
  <div class='ocr_page' id='page_1' title='image "./musaeher01hero/musaeher01hero_0672.png"; bbox 0 0 1759 3324; ppageno 0'>
   <div class='ocr_carea' id='block_1_1' title="bbox 239 533 760 591">
    <p class='ocr_par' dir='ltr' id='par_1_1' title="bbox 239 533 760 591">
     <span class='ocr_line' id='line_1_1' title="bbox 239 533 760 591; baseline -0.002 -12"><span class='ocrx_word' id='word_1_1' title='bbox 239 533 307 579; x_wconf 75' lang='lat'><strong>76</strong></span> <span class='ocrx_word' id='word_1_2' title='bbox 367 535 555 591; x_wconf 76' lang='grc' dir='ltr'><em>ὄρνιθας</em></span> <span class='ocrx_word' id='word_1_3' title='bbox 584 535 760 587; x_wconf 82' lang='grc' dir='ltr'><strong><em>ταύτας.</em></strong></span> 
     </span>
    </p>
   </div>
   <div class='ocr_carea' id='block_1_2' title="bbox 27 597 314 701">
    <p class='ocr_par' dir='ltr' id='par_1_2' title="bbox 27 597 314 701">
     <span class='ocr_line' id='line_1_2' title="bbox 28 597 313 634; baseline -0.004 -8"><span class='ocrx_word' id='word_1_4' title='bbox 28 597 146 626; x_wconf 76' lang='lat' dir='ltr'><strong>lbidum</strong></span> <span class='ocrx_word' id='word_1_5' title='bbox 156 605 236 632; x_wconf 82' lang='lat' dir='ltr'><strong>qnae</strong></span> <span class='ocrx_word' id='word_1_6' title='bbox 244 606 313 634; x_wconf 73' lang='lat' dir='ltr'><strong>epe-</strong></span> 
     </span>
     <span class='ocr_line' id='line_1_3' title="bbox 27 632 230 660; baseline 0 -1"><span class='ocrx_word' id='word_1_7' title='bbox 27 634 90 660; x_wconf 77' lang='lat' dir='ltr'><strong>cien</strong></span> <span class='ocrx_word' id='word_1_8' title='bbox 103 641 110 659; x_wconf 74' lang='grc' dir='ltr'><em>ε</em></span> <span class='ocrx_word' id='word_1_9' title='bbox 147 632 230 660; x_wconf 80' lang='lat' dir='ltr'><strong>aliud</strong></span> 
     </span>
     <span class='ocr_line' id='line_1_4' title="bbox 28 665 314 701; baseline -0.003 -8"><span class='ocrx_word' id='word_1_10' title='bbox 28 675 95 693; x_wconf 89' lang='lat' dir='ltr'><strong>rum</strong></span> <span class='ocrx_word' id='word_1_11' title='bbox 104 673 200 701; x_wconf 82' lang='lat' dir='ltr'><strong>genus</strong></span> <span class='ocrx_word' id='word_1_12' title='bbox 213 665 314 693; x_wconf 81' lang='lat' dir='ltr'><strong>diver-</strong></span> 
     </span>
    </p>
   </div>
   <div class='ocr_carea' id='block_1_3' title="bbox 28 693 1642 769">
    <p class='ocr_par' dir='ltr' id='par_1_3' title="bbox 28 693 1642 769">
     <span class='ocr_line' id='line_1_5' title="bbox 28 693 1642 769; baseline 0.003 -35"><span class='ocrx_word' id='word_1_13' title='bbox 28 707 314 769; x_wconf 52' lang='lat' dir='ltr'><strong>{Zffzssmqffliuffir&#39;</strong></span> <span class='ocrx_word' id='word_1_14' title='bbox 371 694 614 750; x_wconf 83' lang='grc' dir='ltr'><em>πρόσωπον</em></span> <span class='ocrx_word' id='word_1_15' title='bbox 653 695 699 738; x_wconf 82' lang='grc' dir='ltr'><strong>δὲ</strong></span> <span class='ocrx_word' id='word_1_16' title='bbox 738 693 780 745; x_wconf 81' lang='grc' dir='ltr'><strong>ἐς</strong></span> <span class='ocrx_word' id='word_1_17' title='bbox 817 695 871 738; x_wconf 80' lang='grc' dir='ltr'><strong>τὰ</strong></span> <span class='ocrx_word' id='word_1_18' title='bbox 910 695 1095 750; x_wconf 79' lang='grc' dir='ltr'><em>μάλιστα</em></span> <span class='ocrx_word' id='word_1_19' title='bbox 1136 695 1398 751; x_wconf 80' lang='grc' dir='ltr'><strong><em>ἐπίγρυπον,</em></strong></span> <span class='ocrx_word' id='word_1_20' title='bbox 1448 695 1642 751; x_wconf 81' lang='grc' dir='ltr'><em>μέγαθος</em></span> 
     </span>
    </p>
   </div>
   <div class='ocr_carea' id='block_1_4' title="bbox 259 640 312 659">
    <p class='ocr_par' dir='ltr' id='par_1_4' title="bbox 259 640 312 659">
     <span class='ocr_line' id='line_1_6' title="bbox 259 640 312 659; baseline 0 0"><span class='ocrx_word' id='word_1_21' title='bbox 259 640 312 659; x_wconf 74' lang='lat' dir='ltr'><strong>ea-</strong></span> 
     </span>
    </p>
   </div>
   <div class='ocr_carea' id='block_1_5' title="bbox 364 265 453 311">
    <p class='ocr_par' dir='ltr' id='par_1_5' title="bbox 364 265 453 311">
     <span class='ocr_line' id='line_1_7' title="bbox 364 265 453 311; baseline 0 0"><span class='ocrx_word' id='word_1_22' title='bbox 364 265 453 311; x_wconf 80' lang='lat'><strong>654</strong></span> 
     </span>
    </p>
   </div>
   <div class='ocr_carea' id='block_1_6' title="bbox 785 266 1263 308">
    <p class='ocr_par' dir='ltr' id='par_1_6' title="bbox 785 266 1263 308">
     <span class='ocr_line' id='line_1_8' title="bbox 785 266 1263 308; baseline 0 -1"><span class='ocrx_word' id='word_1_23' title='bbox 785 266 1263 308; x_wconf 78' lang='lat' dir='ltr'><strong>HERODOTI</strong></span> 
     </span>
    </p>
   </div>
   <div class='ocr_carea' id='block_1_7' title="bbox 366 376 1641 435">
    <p class='ocr_par' dir='ltr' id='par_1_7' title="bbox 366 376 1641 435">
     <span class='ocr_line' id='line_1_9' title="bbox 366 376 1641 435; baseline -0.001 -14"><span class='ocrx_word' id='word_1_24' title='bbox 366 380 534 434; x_wconf 79' lang='grc' dir='ltr'><em>μῆσθαι</em></span> <span class='ocrx_word' id='word_1_25' title='bbox 570 377 748 433; x_wconf 81' lang='grc' dir='ltr'><em>λέγουσι</em></span> <span class='ocrx_word' id='word_1_26' title='bbox 776 376 973 435; x_wconf 79' lang='grc' dir='ltr'><em>Ἀράβιοι</em></span> <span class='ocrx_word' id='word_1_27' title='bbox 1003 376 1198 434; x_wconf 80' lang='grc' dir='ltr'><em>μεγάλως</em></span> <span class='ocrx_word' id='word_1_28' title='bbox 1227 377 1338 433; x_wconf 85' lang='grc' dir='ltr'><em>πρὸς</em></span> <span class='ocrx_word' id='word_1_29' title='bbox 1367 376 1641 434; x_wconf 80' lang='grc' dir='ltr'><em>Αἰγυπτίων·</em></span> 
     </span>
    </p>
   </div>
   <div class='ocr_carea' id='block_1_8' title="bbox 365 454 1699 513">
    <p class='ocr_par' dir='ltr' id='par_1_8' title="bbox 365 454 1699 513">
     <span class='ocr_line' id='line_1_10' title="bbox 365 454 1699 513; baseline -0.002 -12"><span class='ocrx_word' id='word_1_30' title='bbox 365 454 655 512; x_wconf 84' lang='grc' dir='ltr'><em>ὁμολογέουσι</em></span> <span class='ocrx_word' id='word_1_31' title='bbox 700 457 746 501; x_wconf 82' lang='grc' dir='ltr'><strong>δὲ</strong></span> <span class='ocrx_word' id='word_1_32' title='bbox 774 458 848 502; x_wconf 81' lang='grc' dir='ltr'><strong>καὶ</strong></span> <span class='ocrx_word' id='word_1_33' title='bbox 878 457 1111 513; x_wconf 80' lang='grc' dir='ltr'><em>Αἰγύπτιοι</em></span> <span class='ocrx_word' id='word_1_34' title='bbox 1142 457 1212 501; x_wconf 78' lang='grc' dir='ltr'><strong>διοέ</strong></span> <span class='ocrx_word' id='word_1_35' title='bbox 1243 462 1381 501; x_wconf 80' lang='grc' dir='ltr'><em>ταῦτα</em></span> <span class='ocrx_word' id='word_1_36' title='bbox 1411 459 1540 513; x_wconf 80' lang='grc' dir='ltr'><em>τιμᾶν</em></span> <span class='ocrx_word' id='word_1_37' title='bbox 1567 455 1699 507; x_wconf 72' lang='grc' dir='ltr'><strong><em>τὰςΞ5</em></strong></span> 
     </span>
    </p>
   </div>
   <div class='ocr_carea' id='block_1_9' title="bbox 369 534 1641 672">
    <p class='ocr_par' dir='ltr' id='par_1_9' title="bbox 369 534 1641 672">
     <span class='ocr_line' id='line_1_11' title="bbox 821 534 1641 594; baseline 0 -14"><span class='ocrx_word' id='word_1_38' title='bbox 821 535 959 589; x_wconf 82' lang='grc' dir='ltr'><em>Εἶδος</em></span> <span class='ocrx_word' id='word_1_39' title='bbox 989 537 1034 581; x_wconf 79' lang='grc' dir='ltr'><strong>δὲ</strong></span> <span class='ocrx_word' id='word_1_40' title='bbox 1063 541 1139 594; x_wconf 77' lang='grc' dir='ltr'><strong>τῆς</strong></span> <span class='ocrx_word' id='word_1_41' title='bbox 1169 537 1246 593; x_wconf 78' lang='grc' dir='ltr'><strong>μὲν</strong></span> <span class='ocrx_word' id='word_1_42' title='bbox 1276 538 1391 593; x_wconf 79' lang='grc' dir='ltr'><em>ἴβιος</em></span> <span class='ocrx_word' id='word_1_43' title='bbox 1421 534 1534 580; x_wconf 85' lang='grc' dir='ltr'><em>τόδε.</em></span> <span class='ocrx_word' id='word_1_44' title='bbox 1566 535 1641 592; x_wconf 81' lang='grc' dir='ltr'><strong>με’-</strong></span> 
     </span>
     <span class='ocr_line' id='line_1_12' title="bbox 369 614 1641 672; baseline -0.002 -12"><span class='ocrx_word' id='word_1_45' title='bbox 369 620 498 660; x_wconf 81' lang='grc' dir='ltr'><em>λοιινα</em></span> <span class='ocrx_word' id='word_1_46' title='bbox 543 617 694 666; x_wconf 76' lang='grc' dir='ltr'><em>δεινῶς</em></span> <span class='ocrx_word' id='word_1_47' title='bbox 738 618 880 668; x_wconf 82' lang='grc' dir='ltr'><em>πᾶσα,</em></span> <span class='ocrx_word' id='word_1_48' title='bbox 941 616 1092 660; x_wconf 79' lang='grc' dir='ltr'><strong><em>σκέλεα</em></strong></span> <span class='ocrx_word' id='word_1_49' title='bbox 1141 616 1186 660; x_wconf 80' lang='grc' dir='ltr'><strong>δὲ</strong></span> <span class='ocrx_word' id='word_1_50' title='bbox 1236 616 1387 672; x_wconf 79' lang='grc' dir='ltr'><em>φορέει</em></span> <span class='ocrx_word' id='word_1_51' title='bbox 1425 614 1641 672; x_wconf 78' lang='grc' dir='ltr'><em>γεράνου,</em></span> 
     </span>
    </p>
   </div>
   <div class='ocr_carea' id='block_1_10' title="bbox 335 772 1641 831">
    <p class='ocr_par' dir='ltr' id='par_1_10' title="bbox 335 772 1641 831">
     <span class='ocr_line' id='line_1_13' title="bbox 335 772 1641 831; baseline 0.002 -15"><span class='ocrx_word' id='word_1_52' title='bbox 335 774 477 819; x_wconf 69' lang='grc' dir='ltr'><em>Ξὸσον</em></span> <span class='ocrx_word' id='word_1_53' title='bbox 504 772 614 828; x_wconf 82' lang='grc' dir='ltr'><em>κρέξ.</em></span> <span class='ocrx_word' id='word_1_54' title='bbox 673 777 763 816; x_wconf 76' lang='grc' dir='ltr'><strong>τῶν</strong></span> <span class='ocrx_word' id='word_1_55' title='bbox 800 773 880 830; x_wconf 78' lang='grc' dir='ltr'><strong>μὲν</strong></span> <span class='ocrx_word' id='word_1_56' title='bbox 920 773 973 830; x_wconf 88' lang='grc' dir='ltr'><strong>δὴ</strong></span> <span class='ocrx_word' id='word_1_57' title='bbox 1019 775 1280 830; x_wconf 80' lang='grc' dir='ltr'><em>μελαινέων,</em></span> <span class='ocrx_word' id='word_1_58' title='bbox 1327 779 1416 818; x_wconf 77' lang='grc' dir='ltr'><strong>τῶν</strong></span> <span class='ocrx_word' id='word_1_59' title='bbox 1451 773 1641 831; x_wconf 86' lang='grc' dir='ltr'><em>μαχομέ-</em></span> 
     </span>
    </p>
   </div>
   <div class='ocr_carea' id='block_1_11' title="bbox 364 851 1642 910">
    <p class='ocr_par' dir='ltr' id='par_1_11' title="bbox 364 851 1642 910">
     <span class='ocr_line' id='line_1_14' title="bbox 364 851 1642 910; baseline 0.002 -14"><span class='ocrx_word' id='word_1_60' title='bbox 364 869 458 897; x_wconf 86' lang='grc' dir='ltr'><strong>νων</strong></span> <span class='ocrx_word' id='word_1_61' title='bbox 486 851 598 908; x_wconf 83' lang='grc' dir='ltr'><strong>πρός</strong></span> <span class='ocrx_word' id='word_1_62' title='bbox 638 852 745 904; x_wconf 77' lang='grc' dir='ltr'><strong>τούς</strong></span> <span class='ocrx_word' id='word_1_63' title='bbox 788 852 916 910; x_wconf 80' lang='grc' dir='ltr'><em>ὄφις,</em></span> <span class='ocrx_word' id='word_1_64' title='bbox 956 852 1034 909; x_wconf 80' lang='grc' dir='ltr'><strong>ἥδε</strong></span> <span class='ocrx_word' id='word_1_65' title='bbox 1073 852 1178 909; x_wconf 86' lang='grc' dir='ltr'><em>ἰδέη.</em></span> <span class='ocrx_word' id='word_1_66' title='bbox 1235 857 1326 897; x_wconf 73' lang='grc' dir='ltr'><strong>τῶν</strong></span> <span class='ocrx_word' id='word_1_67' title='bbox 1367 851 1411 898; x_wconf 92' lang='grc' dir='ltr'><strong>δ’</strong></span> <span class='ocrx_word' id='word_1_68' title='bbox 1453 855 1500 898; x_wconf 82' lang='grc' dir='ltr'><strong>ἐν</strong></span> <span class='ocrx_word' id='word_1_69' title='bbox 1538 855 1642 898; x_wconf 84' lang='grc' dir='ltr'><em>ποσὶ</em></span> 
     </span>
    </p>
   </div>
   <div class='ocr_carea' id='block_1_12' title="bbox 368 931 1319 990">
    <p class='ocr_par' dir='ltr' id='par_1_12' title="bbox 368 931 1319 990">
     <span class='ocr_line' id='line_1_15' title="bbox 368 931 1319 990; baseline 0.001 -14"><span class='ocrx_word' id='word_1_70' title='bbox 368 937 535 990; x_wconf 80' lang='grc' dir='ltr'><em>μᾶλλον</em></span> <span class='ocrx_word' id='word_1_71' title='bbox 575 932 834 990; x_wconf 81' lang='grc' dir='ltr'><em>εἷλευμένων</em></span> <span class='ocrx_word' id='word_1_72' title='bbox 868 937 980 977; x_wconf 85' lang='grc' dir='ltr'><em>τοῖσι</em></span> <span class='ocrx_word' id='word_1_73' title='bbox 1020 931 1319 990; x_wconf 73' lang='grc' dir='ltr'><em>ἆνθρώποισι”</em></span> 
     </span>
    </p>
   </div>
   <div class='ocr_carea' id='block_1_13' title="bbox 305 1054 589 1062">
    <p class='ocr_par' dir='ltr' id='par_1_13' title="bbox 305 1054 589 1062">
     <span class='ocr_line' id='line_1_16' title="bbox 305 1054 589 1062; baseline 0 2262"><span class='ocrx_word' id='word_1_74' title='bbox 305 1054 589 1062; x_wconf 95' lang='lat' dir='ltr'><strong> </strong></span> 
     </span>
    </p>
   </div>
   <div class='ocr_carea' id='block_1_14' title="bbox 306 1118 973 1854">
    <p class='ocr_par' dir='ltr' id='par_1_14' title="bbox 306 1118 973 1854">
     <span class='ocr_line' id='line_1_17' title="bbox 310 1118 973 1158; baseline -0.002 -1"><span class='ocrx_word' id='word_1_75' title='bbox 310 1118 437 1158; x_wconf 90' lang='lat' dir='ltr'><strong>Nilum</strong></span> <span class='ocrx_word' id='word_1_76' title='bbox 478 1122 702 1157; x_wconf 85' lang='lat' dir='ltr'><strong>crescentem</strong></span> <span class='ocrx_word' id='word_1_77' title='bbox 744 1119 891 1157; x_wconf 86' lang='lat' dir='ltr'><strong>metitur</strong></span> <span class='ocrx_word' id='word_1_78' title='bbox 935 1122 973 1157; x_wconf 90' lang='lat' dir='ltr'><strong>et</strong></span> 
     </span>
     <span class='ocr_line' id='line_1_18' title="bbox 310 1176 970 1226; baseline -0.003 -12"><span class='ocrx_word' id='word_1_79' title='bbox 310 1177 480 1214; x_wconf 81' lang='lat' dir='ltr'><strong>universo</strong></span> <span class='ocrx_word' id='word_1_80' title='bbox 511 1176 593 1213; x_wconf 90' lang='lat' dir='ltr'><strong>huic</strong></span> <span class='ocrx_word' id='word_1_81' title='bbox 626 1176 776 1224; x_wconf 83' lang='lat' dir='ltr'><strong>negotio</strong></span> <span class='ocrx_word' id='word_1_82' title='bbox 806 1176 970 1226; x_wconf 85' lang='lat' dir='ltr'><strong>praeest)</strong></span> 
     </span>
     <span class='ocr_line' id='line_1_19' title="bbox 310 1232 973 1280; baseline 0 -10"><span class='ocrx_word' id='word_1_83' title='bbox 310 1237 532 1271; x_wconf 88' lang='lat' dir='ltr'><strong>consecrata.</strong></span> <span class='ocrx_word' id='word_1_84' title='bbox 573 1232 681 1269; x_wconf 90' lang='lat' dir='ltr'><strong>Conf.</strong></span> <span class='ocrx_word' id='word_1_85' title='bbox 704 1232 842 1280; x_wconf 81' lang='lat'><strong>11‚67.</strong></span> <span class='ocrx_word' id='word_1_86' title='bbox 881 1232 973 1270; x_wconf 88' lang='lat' dir='ltr'><strong>Inde</strong></span> 
     </span>
     <span class='ocr_line' id='line_1_20' title="bbox 310 1288 973 1340; baseline -0.002 -13"><span class='ocrx_word' id='word_1_87' title='bbox 310 1290 362 1327; x_wconf 86' lang='lat' dir='ltr'><strong>nil</strong></span> <span class='ocrx_word' id='word_1_88' title='bbox 380 1290 530 1336; x_wconf 85' lang='lat' dir='ltr'><strong>mirum,</strong></span> <span class='ocrx_word' id='word_1_89' title='bbox 548 1289 585 1326; x_wconf 93' lang='lat' dir='ltr'><strong>in</strong></span> <span class='ocrx_word' id='word_1_90' title='bbox 606 1288 873 1340; x_wconf 70' lang='lat' dir='ltr'><strong>Aegyptiorum</strong></span> <span class='ocrx_word' id='word_1_91' title='bbox 893 1302 973 1326; x_wconf 85' lang='lat' dir='ltr'><strong>mo-</strong></span> 
     </span>
     <span class='ocr_line' id='line_1_21' title="bbox 309 1345 968 1395; baseline -0.003 -11"><span class='ocrx_word' id='word_1_92' title='bbox 309 1346 495 1384; x_wconf 88' lang='lat' dir='ltr'><strong>numentis</strong></span> <span class='ocrx_word' id='word_1_93' title='bbox 521 1345 733 1395; x_wconf 83' lang='lat' dir='ltr'><strong>saepissime</strong></span> <span class='ocrx_word' id='word_1_94' title='bbox 753 1346 846 1383; x_wconf 87' lang='lat' dir='ltr'><strong>hanc</strong></span> <span class='ocrx_word' id='word_1_95' title='bbox 865 1358 968 1383; x_wconf 83' lang='lat' dir='ltr'><strong>avem</strong></span> 
     </span>
     <span class='ocr_line' id='line_1_22' title="bbox 309 1402 970 1454; baseline -0.005 -13"><span class='ocrx_word' id='word_1_96' title='bbox 309 1403 492 1454; x_wconf 86' lang='lat' dir='ltr'><strong>conspici,</strong></span> <span class='ocrx_word' id='word_1_97' title='bbox 539 1402 768 1451; x_wconf 80' lang='lat' dir='ltr'><strong>eandemque</strong></span> <span class='ocrx_word' id='word_1_98' title='bbox 796 1402 970 1451; x_wconf 81' lang='lat' dir='ltr'>singulari</span> 
     </span>
     <span class='ocr_line' id='line_1_23' title="bbox 308 1459 967 1509; baseline -0.005 -11"><span class='ocrx_word' id='word_1_99' title='bbox 308 1473 394 1498; x_wconf 91' lang='lat' dir='ltr'><strong>cura</strong></span> <span class='ocrx_word' id='word_1_100' title='bbox 414 1460 601 1497; x_wconf 88' lang='lat' dir='ltr'><strong>conditam</strong></span> <span class='ocrx_word' id='word_1_101' title='bbox 623 1459 734 1496; x_wconf 86' lang='lat' dir='ltr'><strong>fuisse</strong></span> <span class='ocrx_word' id='word_1_102' title='bbox 761 1459 798 1497; x_wconf 91' lang='lat' dir='ltr'><strong>in</strong></span> <span class='ocrx_word' id='word_1_103' title='bbox 819 1460 967 1509; x_wconf 66' lang='lat' dir='ltr'><strong>cryptis.</strong></span> 
     </span>
     <span class='ocr_line' id='line_1_24' title="bbox 309 1515 968 1567; baseline -0.006 -13"><span class='ocrx_word' id='word_1_104' title='bbox 309 1516 393 1554; x_wconf 89' lang='lat' dir='ltr'><strong>Vid.</strong></span> <span class='ocrx_word' id='word_1_105' title='bbox 413 1517 586 1555; x_wconf 88' lang='lat' dir='ltr'><strong>Creuzer.</strong></span> <span class='ocrx_word' id='word_1_106' title='bbox 607 1515 772 1564; x_wconf 73' lang='lat' dir='ltr'><strong>Symbol.</strong></span> <span class='ocrx_word' id='word_1_107' title='bbox 798 1516 813 1553; x_wconf 93' lang='grc' dir='ltr'>Ι</span> <span class='ocrx_word' id='word_1_108' title='bbox 838 1518 968 1567; x_wconf 86' lang='lat' dir='ltr'><strong>p.486</strong></span> 
     </span>
     <span class='ocr_line' id='line_1_25' title="bbox 309 1573 968 1624; baseline -0.008 -11"><span class='ocrx_word' id='word_1_109' title='bbox 309 1587 412 1624; x_wconf 80' lang='lat' dir='ltr'><strong>seqq.</strong></span> <span class='ocrx_word' id='word_1_110' title='bbox 427 1603 438 1622; x_wconf 89' lang='lat'>‚</span> <span class='ocrx_word' id='word_1_111' title='bbox 481 1574 541 1623; x_wconf 92' lang='lat' dir='ltr'><strong>qui</strong></span> <span class='ocrx_word' id='word_1_112' title='bbox 590 1573 688 1610; x_wconf 85' lang='lat' dir='ltr'><strong>idem</strong></span> <span class='ocrx_word' id='word_1_113' title='bbox 729 1586 825 1610; x_wconf 90' lang='lat' dir='ltr'><strong>nunc</strong></span> <span class='ocrx_word' id='word_1_114' title='bbox 864 1573 968 1609; x_wconf 86' lang='lat' dir='ltr'><strong>addit</strong></span> 
     </span>
     <span class='ocr_line' id='line_1_26' title="bbox 306 1629 964 1683; baseline -0.011 -11"><span class='ocrx_word' id='word_1_115' title='bbox 306 1630 566 1683; x_wconf 58' lang='lat' dir='ltr'><strong>iVyttenbach.</strong></span> <span class='ocrx_word' id='word_1_116' title='bbox 590 1630 638 1666; x_wconf 89' lang='lat' dir='ltr'><strong>ad</strong></span> <span class='ocrx_word' id='word_1_117' title='bbox 660 1629 837 1667; x_wconf 84' lang='lat' dir='ltr'>Plutarch.</span> <span class='ocrx_word' id='word_1_118' title='bbox 859 1630 906 1667; x_wconf 92' lang='lat' dir='ltr'><strong>de</strong></span> <span class='ocrx_word' id='word_1_119' title='bbox 920 1629 964 1665; x_wconf 88' lang='lat' dir='ltr'><strong>ls.</strong></span> 
     </span>
     <span class='ocr_line' id='line_1_27' title="bbox 307 1686 967 1738; baseline -0.009 -10"><span class='ocrx_word' id='word_1_120' title='bbox 307 1695 344 1729; x_wconf 91' lang='lat' dir='ltr'><strong>et</strong></span> <span class='ocrx_word' id='word_1_121' title='bbox 365 1689 502 1727; x_wconf 90' lang='lat' dir='ltr'><strong>Osirid.</strong></span> <span class='ocrx_word' id='word_1_122' title='bbox 523 1699 609 1738; x_wconf 83' lang='lat' dir='ltr'><strong>pag.</strong></span> <span class='ocrx_word' id='word_1_123' title='bbox 632 1689 727 1728; x_wconf 77' lang='lat'><strong>262.</strong></span> <span class='ocrx_word' id='word_1_124' title='bbox 787 1686 897 1723; x_wconf 87' lang='lat' dir='ltr'><strong>Plura</strong></span> <span class='ocrx_word' id='word_1_125' title='bbox 919 1686 967 1723; x_wconf 88' lang='lat' dir='ltr'><strong>de</strong></span> 
     </span>
     <span class='ocr_line' id='line_1_28' title="bbox 307 1742 967 1796; baseline -0.009 -12"><span class='ocrx_word' id='word_1_126' title='bbox 307 1747 408 1785; x_wconf 86' lang='lat' dir='ltr'><strong>ibide</strong></span> <span class='ocrx_word' id='word_1_127' title='bbox 427 1747 613 1796; x_wconf 83' lang='lat' dir='ltr'><strong>disputata</strong></span> <span class='ocrx_word' id='word_1_128' title='bbox 632 1743 776 1780; x_wconf 86' lang='lat' dir='ltr'><strong>invenio</strong></span> <span class='ocrx_word' id='word_1_129' title='bbox 798 1756 820 1780; x_wconf 86' lang='lat' dir='ltr'><strong>a</strong></span> <span class='ocrx_word' id='word_1_130' title='bbox 839 1742 967 1791; x_wconf 85' lang='lat' dir='ltr'><strong>Lang-</strong></span> 
     </span>
     <span class='ocr_line' id='line_1_29' title="bbox 308 1800 965 1854; baseline -0.009 -13"><span class='ocrx_word' id='word_1_131' title='bbox 308 1803 409 1854; x_wconf 68' lang='lat' dir='ltr'><strong>guth„</strong></span> <span class='ocrx_word' id='word_1_132' title='bbox 422 1804 508 1840; x_wconf 89' lang='lat' dir='ltr'><strong>diss.</strong></span> <span class='ocrx_word' id='word_1_133' title='bbox 533 1803 580 1839; x_wconf 89' lang='lat' dir='ltr'><strong>de</strong></span> <span class='ocrx_word' id='word_1_134' title='bbox 598 1800 741 1838; x_wconf 90' lang='lat' dir='ltr'><strong>mumiis</strong></span> <span class='ocrx_word' id='word_1_135' title='bbox 765 1801 884 1837; x_wconf 80' lang='lat' dir='ltr'><strong>avium</strong></span> <span class='ocrx_word' id='word_1_136' title='bbox 898 1806 965 1837; x_wconf 87' lang='lat' dir='ltr'><strong>etc.</strong></span> 
     </span>
    </p>
   </div>
   <div class='ocr_carea' id='block_1_15' title="bbox 306 1856 966 1970">
    <p class='ocr_par' dir='ltr' id='par_1_15' title="bbox 306 1856 966 1970">
     <span class='ocr_line' id='line_1_30' title="bbox 306 1856 966 1913; baseline -0.006 -15"><span class='ocrx_word' id='word_1_137' title='bbox 306 1873 393 1913; x_wconf 78' lang='lat' dir='ltr'><strong>pag.</strong></span> <span class='ocrx_word' id='word_1_138' title='bbox 417 1864 471 1902; x_wconf 82' lang='lat'><strong>22</strong></span> <span class='ocrx_word' id='word_1_139' title='bbox 494 1871 597 1908; x_wconf 83' lang='lat' dir='ltr'><strong>seqq.</strong></span> <span class='ocrx_word' id='word_1_140' title='bbox 619 1862 656 1896; x_wconf 86' lang='lat' dir='ltr'><strong>et</strong></span> <span class='ocrx_word' id='word_1_141' title='bbox 678 1857 926 1896; x_wconf 86' lang='lat' dir='ltr'><strong>Reinhardt.l.</strong></span> <span class='ocrx_word' id='word_1_142' title='bbox 942 1856 966 1895; x_wconf 90' lang='lat' dir='ltr'><strong>l.</strong></span> 
     </span>
     <span class='ocr_line' id='line_1_31' title="bbox 307 1915 613 1970; baseline -0.003 -16"><span class='ocrx_word' id='word_1_143' title='bbox 307 1930 393 1970; x_wconf 87' lang='lat' dir='ltr'><strong>pag.</strong></span> <span class='ocrx_word' id='word_1_144' title='bbox 417 1915 613 1959; x_wconf 77' lang='lat'><strong>22—25.</strong></span> 
     </span>
    </p>
   </div>
   <div class='ocr_carea' id='block_1_16' title="bbox 484 2005 796 2057">
    <p class='ocr_par' dir='ltr' id='par_1_16' title="bbox 484 2005 796 2057">
     <span class='ocr_line' id='line_1_32' title="bbox 484 2005 796 2057; baseline -0.003 -13"><span class='ocrx_word' id='word_1_145' title='bbox 484 2008 515 2044; x_wconf 93' lang='lat' dir='ltr'>C</span> <span class='ocrx_word' id='word_1_146' title='bbox 530 2020 551 2044; x_wconf 90' lang='lat' dir='ltr'><strong>a</strong></span> <span class='ocrx_word' id='word_1_147' title='bbox 561 2020 596 2057; x_wconf 88' lang='lat' dir='ltr'><strong>p.</strong></span> <span class='ocrx_word' id='word_1_148' title='bbox 627 2005 796 2045; x_wconf 83' lang='lat' dir='ltr'><strong>LXXVI.</strong></span> 
     </span>
    </p>
   </div>
   <div class='ocr_carea' id='block_1_17' title="bbox 305 2080 969 2916">
    <p class='ocr_par' dir='ltr' id='par_1_17' title="bbox 305 2080 969 2916">
     <span class='ocr_line' id='line_1_33' title="bbox 361 2080 967 2138; baseline -0.005 -12"><span class='ocrx_word' id='word_1_149' title='bbox 361 2082 579 2138; x_wconf 82' lang='grc' dir='ltr'><em>πρόσωπον</em></span> <span class='ocrx_word' id='word_1_150' title='bbox 606 2082 648 2125; x_wconf 76' lang='grc' dir='ltr'><strong>δὲ</strong></span> <span class='ocrx_word' id='word_1_151' title='bbox 667 2084 707 2132; x_wconf 79' lang='grc' dir='ltr'><strong>ἐς</strong></span> <span class='ocrx_word' id='word_1_152' title='bbox 731 2082 779 2124; x_wconf 71' lang='grc' dir='ltr'><strong>τοὶ</strong></span> <span class='ocrx_word' id='word_1_153' title='bbox 799 2080 967 2137; x_wconf 75' lang='grc' dir='ltr'><em>μάλιστα</em></span> 
     </span>
     <span class='ocr_line' id='line_1_34' title="bbox 305 2138 968 2195; baseline -0.005 -12"><span class='ocrx_word' id='word_1_154' title='bbox 305 2141 548 2195; x_wconf 78' lang='grc' dir='ltr'><em>ἐπίγρυπον]</em></span> <span class='ocrx_word' id='word_1_155' title='bbox 591 2138 806 2193; x_wconf 78' lang='grc' dir='ltr'><em>πρόσωπον</em></span> <span class='ocrx_word' id='word_1_156' title='bbox 836 2143 892 2180; x_wconf 90' lang='lat' dir='ltr'><strong>hic</strong></span> <span class='ocrx_word' id='word_1_157' title='bbox 920 2143 968 2180; x_wconf 84' lang='lat' dir='ltr'><strong>de</strong></span> 
     </span>
     <span class='ocr_line' id='line_1_35' title="bbox 307 2197 968 2250; baseline 0 -13"><span class='ocrx_word' id='word_1_158' title='bbox 307 2203 419 2237; x_wconf 77' lang='lat' dir='ltr'><strong>rostro</strong></span> <span class='ocrx_word' id='word_1_159' title='bbox 447 2200 722 2250; x_wconf 82' lang='lat' dir='ltr'><strong>accipiendum,</strong></span> <span class='ocrx_word' id='word_1_160' title='bbox 749 2200 850 2248; x_wconf 89' lang='lat' dir='ltr'><strong>quod</strong></span> <span class='ocrx_word' id='word_1_161' title='bbox 881 2197 968 2237; x_wconf 76' lang='grc' dir='ltr'><strong><em>ἐπί-</em></strong></span> 
     </span>
     <span class='ocr_line' id='line_1_36' title="bbox 307 2255 968 2310; baseline -0.008 -15"><span class='ocrx_word' id='word_1_162' title='bbox 307 2271 463 2310; x_wconf 74' lang='grc' dir='ltr'><em>γρυπον</em></span> <span class='ocrx_word' id='word_1_163' title='bbox 497 2257 519 2292; x_wconf 92' lang='lat' dir='ltr'><strong>i.</strong></span> <span class='ocrx_word' id='word_1_164' title='bbox 554 2269 585 2293; x_wconf 87' lang='lat' dir='ltr'><strong>e.</strong></span> <span class='ocrx_word' id='word_1_165' title='bbox 619 2255 817 2303; x_wconf 75' lang='lat' dir='ltr'><strong>aduncum,</strong></span> <span class='ocrx_word' id='word_1_166' title='bbox 847 2257 968 2291; x_wconf 84' lang='lat' dir='ltr'><strong>incur-</strong></span> 
     </span>
     <span class='ocr_line' id='line_1_37' title="bbox 306 2312 966 2350; baseline -0.003 0"><span class='ocrx_word' id='word_1_167' title='bbox 306 2326 391 2350; x_wconf 88' lang='lat' dir='ltr'><strong>vum</strong></span> <span class='ocrx_word' id='word_1_168' title='bbox 413 2326 493 2350; x_wconf 86' lang='lat' dir='ltr'><strong>esse</strong></span> <span class='ocrx_word' id='word_1_169' title='bbox 512 2312 597 2349; x_wconf 77' lang='lat' dir='ltr'><strong>vult.</strong></span> <span class='ocrx_word' id='word_1_170' title='bbox 657 2312 854 2348; x_wconf 85' lang='lat' dir='ltr'><strong>Caeterum</strong></span> <span class='ocrx_word' id='word_1_171' title='bbox 871 2312 966 2348; x_wconf 90' lang='lat' dir='ltr'><strong>conf.</strong></span> 
     </span>
     <span class='ocr_line' id='line_1_38' title="bbox 309 2367 965 2417; baseline -0.011 -9"><span class='ocrx_word' id='word_1_172' title='bbox 309 2370 357 2408; x_wconf 90' lang='lat' dir='ltr'><strong>de</strong></span> <span class='ocrx_word' id='word_1_173' title='bbox 382 2369 481 2406; x_wconf 85' lang='lat' dir='ltr'><strong>ibide</strong></span> <span class='ocrx_word' id='word_1_174' title='bbox 499 2368 671 2404; x_wconf 81' lang='lat' dir='ltr'><strong>strabon.</strong></span> <span class='ocrx_word' id='word_1_175' title='bbox 688 2367 792 2410; x_wconf 86' lang='lat' dir='ltr'>XVII</span> <span class='ocrx_word' id='word_1_176' title='bbox 804 2381 840 2417; x_wconf 92' lang='lat' dir='ltr'><strong>p.</strong></span> <span class='ocrx_word' id='word_1_177' title='bbox 858 2369 965 2408; x_wconf 84' lang='lat'><strong>1179</strong></span> 
     </span>
     <span class='ocr_line' id='line_1_39' title="bbox 310 2422 967 2471; baseline -0.008 -7"><span class='ocrx_word' id='word_1_178' title='bbox 310 2440 338 2464; x_wconf 91' lang='lat' dir='ltr'><strong>s.</strong></span> <span class='ocrx_word' id='word_1_179' title='bbox 362 2427 466 2471; x_wconf 78' lang='lat'>823,</span> <span class='ocrx_word' id='word_1_180' title='bbox 498 2424 545 2462; x_wconf 92' lang='lat' dir='ltr'><strong>D.</strong></span> <span class='ocrx_word' id='word_1_181' title='bbox 605 2422 762 2460; x_wconf 80' lang='lat' dir='ltr'><strong>Monent</strong></span> <span class='ocrx_word' id='word_1_182' title='bbox 793 2436 878 2461; x_wconf 87' lang='lat' dir='ltr'><strong>vero</strong></span> <span class='ocrx_word' id='word_1_183' title='bbox 909 2436 967 2460; x_wconf 91' lang='lat' dir='ltr'><strong>re-</strong></span> 
     </span>
     <span class='ocr_line' id='line_1_40' title="bbox 309 2479 966 2528; baseline -0.008 -9"><span class='ocrx_word' id='word_1_184' title='bbox 309 2482 488 2520; x_wconf 88' lang='lat' dir='ltr'><strong>centiores</strong></span> <span class='ocrx_word' id='word_1_185' title='bbox 514 2479 640 2517; x_wconf 78' lang='lat' dir='ltr'><strong>ibidem</strong></span> <span class='ocrx_word' id='word_1_186' title='bbox 674 2482 815 2528; x_wconf 75' lang='lat' dir='ltr'><strong>nigram</strong></span> <span class='ocrx_word' id='word_1_187' title='bbox 847 2479 966 2516; x_wconf 87' lang='lat' dir='ltr'><strong>Hero-</strong></span> 
     </span>
     <span class='ocr_line' id='line_1_41' title="bbox 311 2535 967 2586; baseline -0.008 -10"><span class='ocrx_word' id='word_1_188' title='bbox 311 2539 388 2576; x_wconf 86' lang='lat' dir='ltr'><strong>doti</strong></span> <span class='ocrx_word' id='word_1_189' title='bbox 407 2551 489 2576; x_wconf 88' lang='lat' dir='ltr'><strong>esse</strong></span> <span class='ocrx_word' id='word_1_190' title='bbox 509 2536 635 2574; x_wconf 71' lang='lat' dir='ltr'><strong>ibidem</strong></span> <span class='ocrx_word' id='word_1_191' title='bbox 651 2535 878 2586; x_wconf 82' lang='lat' dir='ltr'><strong>falcz&#39;nellum</strong></span> <span class='ocrx_word' id='word_1_192' title='bbox 892 2536 967 2572; x_wconf 92' lang='lat' dir='ltr'><strong>Cu-</strong></span> 
     </span>
     <span class='ocr_line' id='line_1_42' title="bbox 309 2591 966 2643; baseline -0.009 -10"><span class='ocrx_word' id='word_1_193' title='bbox 309 2594 431 2641; x_wconf 80' lang='lat' dir='ltr'><strong>vierii3</strong></span> <span class='ocrx_word' id='word_1_194' title='bbox 460 2607 555 2643; x_wconf 85' lang='lat' dir='ltr'><strong>quae</strong></span> <span class='ocrx_word' id='word_1_195' title='bbox 584 2593 661 2630; x_wconf 89' lang='lat' dir='ltr'><strong>avis</strong></span> <span class='ocrx_word' id='word_1_196' title='bbox 688 2591 882 2641; x_wconf 85' lang='lat' dir='ltr'><strong>quotannis</strong></span> <span class='ocrx_word' id='word_1_197' title='bbox 901 2591 966 2628; x_wconf 86' lang='lat' dir='ltr'><strong>ali-</strong></span> 
     </span>
     <span class='ocr_line' id='line_1_43' title="bbox 313 2647 966 2702; baseline -0.009 -13"><span class='ocrx_word' id='word_1_198' title='bbox 313 2656 406 2702; x_wconf 91' lang='lat' dir='ltr'><strong>quot</strong></span> <span class='ocrx_word' id='word_1_199' title='bbox 420 2651 549 2688; x_wconf 89' lang='lat' dir='ltr'><strong>diebus</strong></span> <span class='ocrx_word' id='word_1_200' title='bbox 579 2653 664 2700; x_wconf 88' lang='lat' dir='ltr'><strong>post</strong></span> <span class='ocrx_word' id='word_1_201' title='bbox 695 2649 892 2686; x_wconf 79' lang='lat' dir='ltr'><strong>adventum</strong></span> <span class='ocrx_word' id='word_1_202' title='bbox 915 2647 966 2684; x_wconf 86' lang='lat' dir='ltr'><strong>al-</strong></span> 
     </span>
     <span class='ocr_line' id='line_1_44' title="bbox 313 2704 967 2755; baseline -0.011 -8"><span class='ocrx_word' id='word_1_203' title='bbox 313 2708 428 2747; x_wconf 89' lang='lat' dir='ltr'><strong>terius</strong></span> <span class='ocrx_word' id='word_1_204' title='bbox 453 2707 561 2744; x_wconf 85' lang='lat' dir='ltr'><strong>ibidis</strong></span> <span class='ocrx_word' id='word_1_205' title='bbox 583 2706 631 2743; x_wconf 90' lang='lat' dir='ltr'><strong>ad</strong></span> <span class='ocrx_word' id='word_1_206' title='bbox 652 2704 729 2743; x_wconf 91' lang='lat' dir='ltr'><strong>Nili</strong></span> <span class='ocrx_word' id='word_1_207' title='bbox 746 2705 845 2755; x_wconf 85' lang='lat' dir='ltr'><strong>ripas</strong></span> <span class='ocrx_word' id='word_1_208' title='bbox 869 2717 967 2741; x_wconf 86' lang='lat' dir='ltr'><strong>com-</strong></span> 
     </span>
     <span class='ocr_line' id='line_1_45' title="bbox 311 2759 969 2816; baseline -0.011 -13"><span class='ocrx_word' id='word_1_209' title='bbox 311 2777 441 2816; x_wconf 87' lang='lat' dir='ltr'><strong>parere</strong></span> <span class='ocrx_word' id='word_1_210' title='bbox 458 2764 606 2810; x_wconf 87' lang='lat' dir='ltr'><strong>dicitur,</strong></span> <span class='ocrx_word' id='word_1_211' title='bbox 629 2762 728 2799; x_wconf 91' lang='lat' dir='ltr'><strong>cuius</strong></span> <span class='ocrx_word' id='word_1_212' title='bbox 746 2765 868 2798; x_wconf 87' lang='lat' dir='ltr'><strong>tamen</strong></span> <span class='ocrx_word' id='word_1_213' title='bbox 887 2759 969 2797; x_wconf 91' lang='lat' dir='ltr'><strong>nul-</strong></span> 
     </span>
     <span class='ocr_line' id='line_1_46' title="bbox 312 2820 969 2869; baseline -0.009 -9"><span class='ocrx_word' id='word_1_214' title='bbox 312 2821 385 2860; x_wconf 87' lang='lat' dir='ltr'><strong>lam</strong></span> <span class='ocrx_word' id='word_1_215' title='bbox 414 2820 531 2858; x_wconf 89' lang='lat' dir='ltr'><strong>adhuc</strong></span> <span class='ocrx_word' id='word_1_216' title='bbox 567 2823 750 2869; x_wconf 87' lang='lat' dir='ltr'><strong>repertam</strong></span> <span class='ocrx_word' id='word_1_217' title='bbox 778 2831 860 2855; x_wconf 90' lang='lat' dir='ltr'><strong>esse</strong></span> <span class='ocrx_word' id='word_1_218' title='bbox 889 2829 969 2854; x_wconf 90' lang='lat' dir='ltr'><strong>mu-</strong></span> 
     </span>
     <span class='ocr_line' id='line_1_47' title="bbox 312 2873 969 2916; baseline -0.008 0"><span class='ocrx_word' id='word_1_219' title='bbox 312 2877 422 2916; x_wconf 89' lang='lat' dir='ltr'><strong>miam</strong></span> <span class='ocrx_word' id='word_1_220' title='bbox 447 2875 683 2914; x_wconf 86' lang='lat' dir='ltr'><strong>contendunt.</strong></span> <span class='ocrx_word' id='word_1_221' title='bbox 738 2874 822 2912; x_wconf 92' lang='lat' dir='ltr'><strong>Vid.</strong></span> <span class='ocrx_word' id='word_1_222' title='bbox 854 2873 969 2912; x_wconf 90' lang='lat' dir='ltr'><strong>Rein-</strong></span> 
     </span>
    </p>
   </div>
   <div class='ocr_carea' id='block_1_18' title="bbox 313 2930 720 2984">
    <p class='ocr_par' dir='ltr' id='par_1_18' title="bbox 313 2930 720 2984">
     <span class='ocr_line' id='line_1_48' title="bbox 313 2930 720 2984; baseline -0.01 -11"><span class='ocrx_word' id='word_1_223' title='bbox 313 2933 433 2973; x_wconf 83' lang='lat' dir='ltr'><strong>hardt.</strong></span> <span class='ocrx_word' id='word_1_224' title='bbox 456 2932 478 2971; x_wconf 89' lang='lat' dir='ltr'><strong>l.</strong></span> <span class='ocrx_word' id='word_1_225' title='bbox 499 2932 521 2971; x_wconf 91' lang='lat' dir='ltr'><strong>l.</strong></span> <span class='ocrx_word' id='word_1_226' title='bbox 548 2945 634 2984; x_wconf 86' lang='lat' dir='ltr'><strong>pag.</strong></span> <span class='ocrx_word' id='word_1_227' title='bbox 654 2930 720 2973; x_wconf 78' lang='lat'><strong>25.</strong></span> 
     </span>
    </p>
   </div>
   <div class='ocr_carea' id='block_1_19' title="bbox 1381 932 1698 990">
    <p class='ocr_par' dir='ltr' id='par_1_19' title="bbox 1381 932 1698 990">
     <span class='ocr_line' id='line_1_49' title="bbox 1381 932 1698 990; baseline -0.009 -13"><span class='ocrx_word' id='word_1_228' title='bbox 1381 934 1396 990; x_wconf 92' lang='lat'><strong>(</strong></span> <span class='ocrx_word' id='word_1_229' title='bbox 1412 933 1525 987; x_wconf 85' lang='grc' dir='ltr'><em>διξαὶ</em></span> <span class='ocrx_word' id='word_1_230' title='bbox 1553 932 1639 990; x_wconf 62' lang='lat' dir='ltr'><strong>yolo</strong></span> <span class='ocrx_word' id='word_1_231' title='bbox 1651 940 1698 975; x_wconf 88' lang='grc'><strong>30</strong></span> 
     </span>
    </p>
   </div>
   <div class='ocr_carea' id='block_1_20' title="bbox 1033 1114 1697 2921">
    <p class='ocr_par' dir='ltr' id='par_1_20' title="bbox 1034 1114 1697 1895">
     <span class='ocr_line' id='line_1_50' title="bbox 1098 1114 1697 1171; baseline -0.005 -13"><span class='ocrx_word' id='word_1_232' title='bbox 1098 1115 1275 1171; x_wconf 81' lang='grc' dir='ltr'><em>μέγαθος</em></span> <span class='ocrx_word' id='word_1_233' title='bbox 1299 1114 1397 1159; x_wconf 78' lang='grc' dir='ltr'><em>ὅσον</em></span> <span class='ocrx_word' id='word_1_234' title='bbox 1414 1116 1528 1169; x_wconf 80' lang='grc' dir='ltr'><em>κρέξ]</em></span> <span class='ocrx_word' id='word_1_235' title='bbox 1558 1117 1617 1157; x_wconf 90' lang='lat' dir='ltr'><strong>De</strong></span> <span class='ocrx_word' id='word_1_236' title='bbox 1627 1117 1697 1156; x_wconf 90' lang='lat' dir='ltr'><strong>hac</strong></span> 
     </span>
     <span class='ocr_line' id='line_1_51' title="bbox 1040 1175 1695 1227; baseline 0.002 -14"><span class='ocrx_word' id='word_1_237' title='bbox 1040 1176 1099 1213; x_wconf 84' lang='lat' dir='ltr'><strong>avi</strong></span> <span class='ocrx_word' id='word_1_238' title='bbox 1120 1175 1228 1214; x_wconf 89' lang='lat' dir='ltr'><strong>schol.</strong></span> <span class='ocrx_word' id='word_1_239' title='bbox 1242 1177 1290 1214; x_wconf 90' lang='lat' dir='ltr'><strong>ad</strong></span> <span class='ocrx_word' id='word_1_240' title='bbox 1300 1176 1487 1227; x_wconf 85' lang='lat' dir='ltr'><strong>Aristoph.</strong></span> <span class='ocrx_word' id='word_1_241' title='bbox 1505 1188 1560 1212; x_wconf 87' lang='lat' dir='ltr'><strong>av.</strong></span> <span class='ocrx_word' id='word_1_242' title='bbox 1575 1177 1695 1217; x_wconf 86' lang='lat'><strong>1138:</strong></span> 
     </span>
     <span class='ocr_line' id='line_1_52' title="bbox 1040 1226 1694 1284; baseline -0.005 -12"><span class='ocrx_word' id='word_1_243' title='bbox 1040 1230 1132 1283; x_wconf 71' lang='grc' dir='ltr'><em>κρέξ</em></span> <span class='ocrx_word' id='word_1_244' title='bbox 1172 1230 1215 1272; x_wconf 79' lang='grc' dir='ltr'><strong>δὲ</strong></span> <span class='ocrx_word' id='word_1_245' title='bbox 1258 1229 1362 1280; x_wconf 79' lang='grc' dir='ltr'><em>εἶδος</em></span> <span class='ocrx_word' id='word_1_246' title='bbox 1401 1227 1542 1284; x_wconf 76' lang='grc' dir='ltr'><em>ὀρνέου</em></span> <span class='ocrx_word' id='word_1_247' title='bbox 1563 1261 1575 1280; x_wconf 89' lang='grc'>,</span> <span class='ocrx_word' id='word_1_248' title='bbox 1621 1226 1694 1279; x_wconf 76' lang='grc' dir='ltr'><strong>ὄξΰ</strong></span> 
     </span>
     <span class='ocr_line' id='line_1_53' title="bbox 1040 1285 1697 1342; baseline -0.002 -14"><span class='ocrx_word' id='word_1_249' title='bbox 1040 1285 1148 1328; x_wconf 77' lang='grc' dir='ltr'><em>πάνυ</em></span> <span class='ocrx_word' id='word_1_250' title='bbox 1168 1286 1211 1329; x_wconf 86' lang='grc' dir='ltr'><strong>τὸ</strong></span> <span class='ocrx_word' id='word_1_251' title='bbox 1233 1285 1375 1342; x_wconf 73' lang='grc' dir='ltr'><em>ῥύγχος</em></span> <span class='ocrx_word' id='word_1_252' title='bbox 1395 1288 1463 1328; x_wconf 81' lang='grc' dir='ltr'><strong>καὶ</strong></span> <span class='ocrx_word' id='word_1_253' title='bbox 1476 1288 1697 1341; x_wconf 73' lang='grc' dir='ltr'><em>πριονώδες</em></span> 
     </span>
     <span class='ocr_line' id='line_1_54' title="bbox 1039 1345 1696 1397; baseline -0.003 -12"><span class='ocrx_word' id='word_1_254' title='bbox 1039 1345 1150 1397; x_wconf 73' lang='grc' dir='ltr'><em>ἕχον,·</em></span> <span class='ocrx_word' id='word_1_255' title='bbox 1207 1351 1248 1383; x_wconf 88' lang='lat' dir='ltr'><strong>ut</strong></span> <span class='ocrx_word' id='word_1_256' title='bbox 1283 1347 1502 1396; x_wconf 78' lang='lat' dir='ltr'><strong>quibusdam</strong></span> <span class='ocrx_word' id='word_1_257' title='bbox 1545 1345 1696 1384; x_wconf 90' lang='lat' dir='ltr'><strong>cornicis</strong></span> 
     </span>
     <span class='ocr_line' id='line_1_55' title="bbox 1037 1403 1692 1454; baseline -0.002 -14"><span class='ocrx_word' id='word_1_258' title='bbox 1037 1404 1177 1454; x_wconf 85' lang='lat' dir='ltr'><strong>species</strong></span> <span class='ocrx_word' id='word_1_259' title='bbox 1200 1416 1281 1441; x_wconf 88' lang='lat' dir='ltr'><strong>esse</strong></span> <span class='ocrx_word' id='word_1_260' title='bbox 1300 1404 1478 1440; x_wconf 80' lang='lat' dir='ltr'><strong>videatur.</strong></span> <span class='ocrx_word' id='word_1_261' title='bbox 1538 1403 1692 1440; x_wconf 88' lang='lat' dir='ltr'><strong>Schnei-</strong></span> 
     </span>
     <span class='ocr_line' id='line_1_56' title="bbox 1037 1458 1695 1498; baseline -0.005 0"><span class='ocrx_word' id='word_1_262' title='bbox 1037 1462 1126 1498; x_wconf 89' lang='lat' dir='ltr'><strong>dero</strong></span> <span class='ocrx_word' id='word_1_263' title='bbox 1147 1461 1183 1497; x_wconf 93' lang='lat' dir='ltr'><strong>in</strong></span> <span class='ocrx_word' id='word_1_264' title='bbox 1204 1459 1273 1497; x_wconf 81' lang='lat' dir='ltr'><strong>lex.</strong></span> <span class='ocrx_word' id='word_1_265' title='bbox 1296 1460 1426 1498; x_wconf 89' lang='lat' dir='ltr'><strong>Graec.</strong></span> <span class='ocrx_word' id='word_1_266' title='bbox 1447 1473 1475 1496; x_wconf 81' lang='lat' dir='ltr'><strong>s,</strong></span> <span class='ocrx_word' id='word_1_267' title='bbox 1495 1472 1528 1497; x_wconf 87' lang='lat' dir='ltr'><strong>v.</strong></span> <span class='ocrx_word' id='word_1_268' title='bbox 1557 1458 1695 1496; x_wconf 73' lang='lat' dir='ltr'><strong>Rullus</strong></span> 
     </span>
     <span class='ocr_line' id='line_1_57' title="bbox 1036 1516 1694 1565; baseline -0.002 -11"><span class='ocrx_word' id='word_1_269' title='bbox 1036 1530 1117 1554; x_wconf 62' lang='grc' dir='ltr'><strong>ενα</strong></span> <span class='ocrx_word' id='word_1_270' title='bbox 1146 1516 1256 1554; x_wconf 89' lang='lat' dir='ltr'><strong>Linn.</strong></span> <span class='ocrx_word' id='word_1_271' title='bbox 1281 1517 1446 1564; x_wconf 82' lang='lat' dir='ltr'><strong>videtur,</strong></span> <span class='ocrx_word' id='word_1_272' title='bbox 1485 1516 1554 1553; x_wconf 87' lang='lat' dir='ltr'><strong>nisi</strong></span> <span class='ocrx_word' id='word_1_273' title='bbox 1593 1516 1694 1565; x_wconf 90' lang='lat' dir='ltr'><strong>quod</strong></span> 
     </span>
     <span class='ocr_line' id='line_1_58' title="bbox 1035 1574 1695 1622; baseline -0.002 -12"><span class='ocrx_word' id='word_1_274' title='bbox 1035 1574 1072 1611; x_wconf 89' lang='lat' dir='ltr'><strong>in</strong></span> <span class='ocrx_word' id='word_1_275' title='bbox 1092 1574 1198 1610; x_wconf 86' lang='lat' dir='ltr'><strong>istam</strong></span> <span class='ocrx_word' id='word_1_276' title='bbox 1219 1586 1323 1611; x_wconf 88' lang='lat' dir='ltr'><strong>avem</strong></span> <span class='ocrx_word' id='word_1_277' title='bbox 1353 1586 1428 1611; x_wconf 90' lang='lat' dir='ltr'><strong>non</strong></span> <span class='ocrx_word' id='word_1_278' title='bbox 1451 1574 1608 1622; x_wconf 86' lang='lat' dir='ltr'><strong>quadrat</strong></span> <span class='ocrx_word' id='word_1_279' title='bbox 1633 1585 1695 1609; x_wconf 92' lang='lat' dir='ltr'><strong>ro-</strong></span> 
     </span>
     <span class='ocr_line' id='line_1_59' title="bbox 1035 1628 1686 1668; baseline -0.003 0"><span class='ocrx_word' id='word_1_280' title='bbox 1035 1636 1147 1668; x_wconf 87' lang='lat' dir='ltr'><strong>strum</strong></span> <span class='ocrx_word' id='word_1_281' title='bbox 1184 1635 1372 1668; x_wconf 80' lang='lat' dir='ltr'><strong>serratum.</strong></span> <span class='ocrx_word' id='word_1_282' title='bbox 1439 1628 1472 1666; x_wconf 94' lang='lat' dir='ltr'><strong>E</strong></span> <span class='ocrx_word' id='word_1_283' title='bbox 1502 1629 1686 1667; x_wconf 86' lang='lat' dir='ltr'><strong>veteribus</strong></span> 
     </span>
     <span class='ocr_line' id='line_1_60' title="bbox 1034 1685 1694 1738; baseline -0.003 -14"><span class='ocrx_word' id='word_1_284' title='bbox 1034 1691 1181 1738; x_wconf 86' lang='lat' dir='ltr'><strong>praeter</strong></span> <span class='ocrx_word' id='word_1_285' title='bbox 1209 1687 1442 1724; x_wconf 89' lang='lat' dir='ltr'><strong>Herodotum</strong></span> <span class='ocrx_word' id='word_1_286' title='bbox 1479 1685 1694 1731; x_wconf 86' lang='lat' dir='ltr'><strong>Aristoteles</strong></span> 
     </span>
     <span class='ocr_line' id='line_1_61' title="bbox 1034 1741 1693 1791; baseline -0.003 -10"><span class='ocrx_word' id='word_1_287' title='bbox 1034 1744 1084 1781; x_wconf 90' lang='grc' dir='ltr'><strong>Η.</strong></span> <span class='ocrx_word' id='word_1_288' title='bbox 1110 1743 1154 1780; x_wconf 90' lang='grc' dir='ltr'><strong>Α.</strong></span> <span class='ocrx_word' id='word_1_289' title='bbox 1180 1743 1233 1791; x_wconf 87' lang='grc' dir='ltr'><strong>Χ,</strong></span> <span class='ocrx_word' id='word_1_290' title='bbox 1253 1746 1287 1784; x_wconf 89' lang='grc'><strong>1.</strong></span> <span class='ocrx_word' id='word_1_291' title='bbox 1311 1745 1362 1785; x_wconf 88' lang='grc'><strong>17</strong></span> <span class='ocrx_word' id='word_1_292' title='bbox 1393 1747 1430 1780; x_wconf 89' lang='lat' dir='ltr'><strong>et</strong></span> <span class='ocrx_word' id='word_1_293' title='bbox 1452 1741 1625 1780; x_wconf 87' lang='lat' dir='ltr'><strong>Aelianus</strong></span> <span class='ocrx_word' id='word_1_294' title='bbox 1642 1741 1693 1779; x_wconf 91' lang='lat' dir='ltr'><strong>N.</strong></span> 
     </span>
     <span class='ocr_line' id='line_1_62' title="bbox 1035 1799 1694 1852; baseline -0.003 -14"><span class='ocrx_word' id='word_1_295' title='bbox 1035 1800 1079 1838; x_wconf 91' lang='lat' dir='ltr'><strong>A.</strong></span> <span class='ocrx_word' id='word_1_296' title='bbox 1101 1799 1165 1848; x_wconf 87' lang='lat' dir='ltr'><strong>IV,</strong></span> <span class='ocrx_word' id='word_1_297' title='bbox 1191 1800 1216 1841; x_wconf 87' lang='lat'><em>5</em></span> <span class='ocrx_word' id='word_1_298' title='bbox 1249 1800 1325 1837; x_wconf 88' lang='lat' dir='ltr'><strong>eius</strong></span> <span class='ocrx_word' id='word_1_299' title='bbox 1356 1800 1432 1837; x_wconf 89' lang='lat' dir='ltr'><strong>avis</strong></span> <span class='ocrx_word' id='word_1_300' title='bbox 1466 1799 1694 1852; x_wconf 89' lang='lat' dir='ltr'><strong>potissimum</strong></span> 
     </span>
     <span class='ocr_line' id='line_1_63' title="bbox 1035 1857 1286 1895; baseline -0.008 0"><span class='ocrx_word' id='word_1_301' title='bbox 1035 1857 1286 1895; x_wconf 89' lang='lat' dir='ltr'><strong>meminerunt.</strong></span> 
     </span>
    </p>

    <p class='ocr_par' dir='ltr' id='par_1_21' title="bbox 1035 1910 1695 2525">
     <span class='ocr_line' id='line_1_64' title="bbox 1092 1910 1694 1964; baseline -0.007 -12"><span class='ocrx_word' id='word_1_302' title='bbox 1092 1916 1172 1952; x_wconf 79' lang='grc' dir='ltr'><strong>τῶν</strong></span> <span class='ocrx_word' id='word_1_303' title='bbox 1201 1910 1457 1964; x_wconf 80' lang='grc' dir='ltr'><em>μαχομένων]</em></span> <span class='ocrx_word' id='word_1_304' title='bbox 1485 1912 1547 1950; x_wconf 93' lang='lat' dir='ltr'><strong>Sic</strong></span> <span class='ocrx_word' id='word_1_305' title='bbox 1566 1910 1694 1962; x_wconf 91' lang='lat' dir='ltr'><strong>scripsi</strong></span> 
     </span>
     <span class='ocr_line' id='line_1_65' title="bbox 1037 1968 1695 2020; baseline -0.006 -12"><span class='ocrx_word' id='word_1_306' title='bbox 1037 1984 1117 2008; x_wconf 91' lang='lat' dir='ltr'><strong>cum</strong></span> <span class='ocrx_word' id='word_1_307' title='bbox 1145 1971 1358 2008; x_wconf 89' lang='lat' dir='ltr'><strong>Gaisfordio</strong></span> <span class='ocrx_word' id='word_1_308' title='bbox 1386 1969 1625 2020; x_wconf 85' lang='lat' dir='ltr'><strong>probatisque</strong></span> <span class='ocrx_word' id='word_1_309' title='bbox 1651 1968 1695 2005; x_wconf 91' lang='lat' dir='ltr'><strong>li-</strong></span> 
     </span>
     <span class='ocr_line' id='line_1_66' title="bbox 1039 2024 1689 2077; baseline -0.003 -13"><span class='ocrx_word' id='word_1_310' title='bbox 1039 2028 1125 2065; x_wconf 88' lang='lat' dir='ltr'><strong>bris.</strong></span> <span class='ocrx_word' id='word_1_311' title='bbox 1184 2027 1304 2076; x_wconf 76' lang='lat' dir='ltr'><strong>Vulgo</strong></span> <span class='ocrx_word' id='word_1_312' title='bbox 1341 2024 1606 2077; x_wconf 81' lang='grc' dir='ltr'><em>μαχομενέων.</em></span> <span class='ocrx_word' id='word_1_313' title='bbox 1639 2045 1689 2053; x_wconf 91' lang='lat'><strong>—-</strong></span> 
     </span>
     <span class='ocr_line' id='line_1_67' title="bbox 1036 2079 1693 2132; baseline -0.003 -10"><span class='ocrx_word' id='word_1_314' title='bbox 1036 2085 1168 2122; x_wconf 89' lang='lat' dir='ltr'><strong>Verbis</strong></span> <span class='ocrx_word' id='word_1_315' title='bbox 1191 2085 1270 2122; x_wconf 80' lang='grc' dir='ltr'><strong>τῶν</strong></span> <span class='ocrx_word' id='word_1_316' title='bbox 1297 2079 1338 2122; x_wconf 83' lang='grc' dir='ltr'><strong>δ’</strong></span> <span class='ocrx_word' id='word_1_317' title='bbox 1360 2081 1403 2122; x_wconf 78' lang='grc' dir='ltr'><strong>ἐν</strong></span> <span class='ocrx_word' id='word_1_318' title='bbox 1425 2081 1518 2121; x_wconf 81' lang='grc' dir='ltr'><em>ποσὶ</em></span> <span class='ocrx_word' id='word_1_319' title='bbox 1543 2083 1693 2132; x_wconf 78' lang='grc' dir='ltr'><em>μᾶλλον</em></span> 
     </span>
     <span class='ocr_line' id='line_1_68' title="bbox 1036 2134 1694 2191; baseline -0.006 -11"><span class='ocrx_word' id='word_1_320' title='bbox 1036 2138 1274 2191; x_wconf 75' lang='grc' dir='ltr'><em>εἷλευμένων</em></span> <span class='ocrx_word' id='word_1_321' title='bbox 1302 2143 1403 2179; x_wconf 84' lang='grc' dir='ltr'><em>τοῖσι</em></span> <span class='ocrx_word' id='word_1_322' title='bbox 1437 2134 1694 2190; x_wconf 66' lang='grc' dir='ltr'><em>ἀνθρώποισι</em></span> 
     </span>
     <span class='ocr_line' id='line_1_69' title="bbox 1035 2195 1695 2247; baseline -0.005 -12"><span class='ocrx_word' id='word_1_323' title='bbox 1035 2198 1245 2247; x_wconf 81' lang='lat' dir='ltr'><strong>intelligitur</strong></span> <span class='ocrx_word' id='word_1_324' title='bbox 1275 2210 1390 2245; x_wconf 82' lang='lat' dir='ltr'><strong>genus</strong></span> <span class='ocrx_word' id='word_1_325' title='bbox 1418 2196 1536 2245; x_wconf 85' lang='lat' dir='ltr'><strong>magis</strong></span> <span class='ocrx_word' id='word_1_326' title='bbox 1566 2195 1695 2232; x_wconf 88' lang='lat' dir='ltr'><strong>dome-</strong></span> 
     </span>
     <span class='ocr_line' id='line_1_70' title="bbox 1035 2251 1694 2302; baseline -0.006 -10"><span class='ocrx_word' id='word_1_327' title='bbox 1035 2256 1164 2292; x_wconf 88' lang='lat' dir='ltr'><strong>sticum</strong></span> <span class='ocrx_word' id='word_1_328' title='bbox 1204 2267 1231 2291; x_wconf 92' lang='lat' dir='ltr'><strong>s.</strong></span> <span class='ocrx_word' id='word_1_329' title='bbox 1262 2266 1384 2291; x_wconf 90' lang='lat' dir='ltr'><strong>earum</strong></span> <span class='ocrx_word' id='word_1_330' title='bbox 1405 2281 1415 2300; x_wconf 85' lang='lat'>,</span> <span class='ocrx_word' id='word_1_331' title='bbox 1451 2265 1546 2302; x_wconf 90' lang='lat' dir='ltr'><strong>quae</strong></span> <span class='ocrx_word' id='word_1_332' title='bbox 1575 2251 1694 2301; x_wconf 87' lang='lat' dir='ltr'><strong>magis</strong></span> 
     </span>
     <span class='ocr_line' id='line_1_71' title="bbox 1035 2308 1695 2349; baseline -0.002 -2"><span class='ocrx_word' id='word_1_333' title='bbox 1035 2312 1133 2349; x_wconf 91' lang='lat' dir='ltr'><strong>inter</strong></span> <span class='ocrx_word' id='word_1_334' title='bbox 1152 2310 1316 2348; x_wconf 88' lang='lat' dir='ltr'><strong>homines</strong></span> <span class='ocrx_word' id='word_1_335' title='bbox 1348 2314 1384 2347; x_wconf 92' lang='lat' dir='ltr'><strong>et</strong></span> <span class='ocrx_word' id='word_1_336' title='bbox 1410 2322 1489 2346; x_wconf 91' lang='lat' dir='ltr'><strong>cum</strong></span> <span class='ocrx_word' id='word_1_337' title='bbox 1515 2308 1582 2345; x_wconf 89' lang='lat' dir='ltr'><strong>illis</strong></span> <span class='ocrx_word' id='word_1_338' title='bbox 1610 2320 1695 2346; x_wconf 87' lang='lat' dir='ltr'><strong>ver-</strong></span> 
     </span>
     <span class='ocr_line' id='line_1_72' title="bbox 1036 2365 1695 2415; baseline -0.005 -11"><span class='ocrx_word' id='word_1_339' title='bbox 1036 2372 1181 2412; x_wconf 65' lang='lat' dir='ltr'><strong>santur,</strong></span> <span class='ocrx_word' id='word_1_340' title='bbox 1212 2365 1254 2405; x_wconf 81' lang='grc' dir='ltr'><strong>ἐν</strong></span> <span class='ocrx_word' id='word_1_341' title='bbox 1272 2365 1366 2405; x_wconf 87' lang='grc' dir='ltr'><em>ποσὶ</em></span> <span class='ocrx_word' id='word_1_342' title='bbox 1392 2366 1481 2415; x_wconf 91' lang='lat' dir='ltr'><strong>quid</strong></span> <span class='ocrx_word' id='word_1_343' title='bbox 1501 2365 1568 2412; x_wconf 89' lang='lat' dir='ltr'><strong>sit,</strong></span> <span class='ocrx_word' id='word_1_344' title='bbox 1589 2377 1695 2402; x_wconf 91' lang='lat' dir='ltr'><strong>mon-</strong></span> 
     </span>
     <span class='ocr_line' id='line_1_73' title="bbox 1037 2419 1695 2470; baseline -0.005 -10"><span class='ocrx_word' id='word_1_345' title='bbox 1037 2428 1168 2469; x_wconf 90' lang='lat' dir='ltr'><strong>strant,</strong></span> <span class='ocrx_word' id='word_1_346' title='bbox 1204 2422 1274 2459; x_wconf 87' lang='lat' dir='ltr'><strong>alia</strong></span> <span class='ocrx_word' id='word_1_347' title='bbox 1301 2427 1341 2458; x_wconf 93' lang='lat' dir='ltr'><strong>ut</strong></span> <span class='ocrx_word' id='word_1_348' title='bbox 1362 2426 1525 2470; x_wconf 89' lang='lat' dir='ltr'><strong>taceam,</strong></span> <span class='ocrx_word' id='word_1_349' title='bbox 1555 2421 1625 2459; x_wconf 92' lang='lat' dir='ltr'><strong>loci</strong></span> <span class='ocrx_word' id='word_1_350' title='bbox 1646 2419 1695 2469; x_wconf 84' lang='grc' dir='ltr'><strong>ΙΙ,</strong></span> 
     </span>
     <span class='ocr_line' id='line_1_74' title="bbox 1038 2478 1321 2525; baseline -0.018 -6"><span class='ocrx_word' id='word_1_351' title='bbox 1038 2481 1129 2521; x_wconf 84' lang='grc'><strong>131.</strong></span> <span class='ocrx_word' id='word_1_352' title='bbox 1160 2478 1232 2525; x_wconf 88' lang='grc' dir='ltr'><strong>ΙΙΙ,</strong></span> <span class='ocrx_word' id='word_1_353' title='bbox 1256 2480 1321 2519; x_wconf 88' lang='grc'><strong>79.</strong></span> 
     </span>
    </p>

    <p class='ocr_par' dir='ltr' id='par_1_22' title="bbox 1033 2528 1692 2921">
     <span class='ocr_line' id='line_1_75' title="bbox 1091 2528 1688 2585; baseline -0.003 -12"><span class='ocrx_word' id='word_1_354' title='bbox 1091 2533 1197 2581; x_wconf 79' lang='grc' dir='ltr'><em>διξαὶ</em></span> <span class='ocrx_word' id='word_1_355' title='bbox 1217 2531 1289 2585; x_wconf 75' lang='grc' dir='ltr'><strong>γάρ</strong></span> <span class='ocrx_word' id='word_1_356' title='bbox 1319 2528 1371 2584; x_wconf 85' lang='grc' dir='ltr'><strong>δή</strong></span> <span class='ocrx_word' id='word_1_357' title='bbox 1395 2532 1470 2572; x_wconf 84' lang='grc' dir='ltr'><em>εἶσι</em></span> <span class='ocrx_word' id='word_1_358' title='bbox 1492 2531 1536 2572; x_wconf 86' lang='grc' dir='ltr'><strong>αἱ</strong></span> <span class='ocrx_word' id='word_1_359' title='bbox 1565 2531 1688 2584; x_wconf 77' lang='grc' dir='ltr'><em>ἴβιες]</em></span> 
     </span>
     <span class='ocr_line' id='line_1_76' title="bbox 1033 2589 1692 2639; baseline -0.003 -11"><span class='ocrx_word' id='word_1_360' title='bbox 1033 2591 1076 2628; x_wconf 90' lang='lat' dir='ltr'><strong>In</strong></span> <span class='ocrx_word' id='word_1_361' title='bbox 1114 2604 1157 2628; x_wconf 90' lang='lat' dir='ltr'><strong>eo</strong></span> <span class='ocrx_word' id='word_1_362' title='bbox 1184 2603 1332 2639; x_wconf 89' lang='lat' dir='ltr'><strong>quoque</strong></span> <span class='ocrx_word' id='word_1_363' title='bbox 1371 2589 1692 2639; x_wconf 81' lang='lat' dir='ltr'><strong>diligentissimum</strong></span> 
     </span>
     <span class='ocr_line' id='line_1_77' title="bbox 1034 2647 1691 2696; baseline -0.002 -12"><span class='ocrx_word' id='word_1_364' title='bbox 1034 2647 1188 2685; x_wconf 77' lang='lat' dir='ltr'><strong>inveniri</strong></span> <span class='ocrx_word' id='word_1_365' title='bbox 1210 2647 1441 2684; x_wconf 91' lang='lat' dir='ltr'><strong>Herodotum</strong></span> <span class='ocrx_word' id='word_1_366' title='bbox 1455 2676 1465 2694; x_wconf 87' lang='lat'>,</span> <span class='ocrx_word' id='word_1_367' title='bbox 1497 2647 1598 2696; x_wconf 93' lang='lat' dir='ltr'><strong>quod</strong></span> <span class='ocrx_word' id='word_1_368' title='bbox 1615 2650 1691 2683; x_wconf 90' lang='lat' dir='ltr'><strong>tam</strong></span> 
     </span>
     <span class='ocr_line' id='line_1_78' title="bbox 1035 2703 1689 2754; baseline -0.003 -13"><span class='ocrx_word' id='word_1_369' title='bbox 1035 2707 1201 2741; x_wconf 87' lang='lat' dir='ltr'><strong>accurate</strong></span> <span class='ocrx_word' id='word_1_370' title='bbox 1227 2703 1360 2754; x_wconf 86' lang='lat' dir='ltr'><strong>duplex</strong></span> <span class='ocrx_word' id='word_1_371' title='bbox 1399 2703 1538 2740; x_wconf 86' lang='lat' dir='ltr'><strong>ibidum</strong></span> <span class='ocrx_word' id='word_1_372' title='bbox 1571 2715 1689 2752; x_wconf 87' lang='lat' dir='ltr'><strong>genus</strong></span> 
     </span>
     <span class='ocr_line' id='line_1_79' title="bbox 1036 2759 1690 2808; baseline -0.003 -11"><span class='ocrx_word' id='word_1_373' title='bbox 1036 2761 1248 2808; x_wconf 85' lang='lat' dir='ltr'><strong>distinguit,</strong></span> <span class='ocrx_word' id='word_1_374' title='bbox 1286 2772 1435 2797; x_wconf 88' lang='lat' dir='ltr'><strong>monere</strong></span> <span class='ocrx_word' id='word_1_375' title='bbox 1461 2760 1520 2796; x_wconf 85' lang='lat' dir='ltr'><strong>vix</strong></span> <span class='ocrx_word' id='word_1_376' title='bbox 1549 2759 1690 2796; x_wconf 87' lang='lat' dir='ltr'><strong>attinet.</strong></span> 
     </span>
     <span class='ocr_line' id='line_1_80' title="bbox 1035 2815 1690 2866; baseline -0.006 -11"><span class='ocrx_word' id='word_1_377' title='bbox 1035 2815 1095 2855; x_wconf 89' lang='lat' dir='ltr'><strong>De</strong></span> <span class='ocrx_word' id='word_1_378' title='bbox 1124 2815 1217 2852; x_wconf 71' lang='lat' dir='ltr'><strong>z&#39;bz‘cle</strong></span> <span class='ocrx_word' id='word_1_379' title='bbox 1245 2818 1352 2864; x_wconf 80' lang='lat' dir='ltr'><strong>nigra</strong></span> <span class='ocrx_word' id='word_1_380' title='bbox 1385 2829 1495 2866; x_wconf 87' lang='lat' dir='ltr'><strong>supra</strong></span> <span class='ocrx_word' id='word_1_381' title='bbox 1523 2815 1690 2863; x_wconf 86' lang='lat' dir='ltr'><strong>diximus,</strong></span> 
     </span>
     <span class='ocr_line' id='line_1_81' title="bbox 1037 2872 1692 2921; baseline -0.003 -11"><span class='ocrx_word' id='word_1_382' title='bbox 1037 2873 1083 2910; x_wconf 92' lang='lat' dir='ltr'><strong>de</strong></span> <span class='ocrx_word' id='word_1_383' title='bbox 1110 2872 1202 2910; x_wconf 81' lang='lat' dir='ltr'><strong>ibide</strong></span> <span class='ocrx_word' id='word_1_384' title='bbox 1241 2872 1323 2909; x_wconf 81' lang='lat' dir='ltr'><strong>alba</strong></span> <span class='ocrx_word' id='word_1_385' title='bbox 1353 2873 1557 2921; x_wconf 86' lang='lat' dir='ltr'><strong>eademque</strong></span> <span class='ocrx_word' id='word_1_386' title='bbox 1589 2883 1692 2908; x_wconf 90' lang='lat' dir='ltr'><strong>sacra</strong></span> 
     </span>
    </p>
   </div>
   <div class='ocr_carea' id='block_1_21' title="bbox 1035 2927 1688 2977">
    <p class='ocr_par' dir='ltr' id='par_1_23' title="bbox 1035 2927 1688 2977">
     <span class='ocr_line' id='line_1_82' title="bbox 1035 2927 1688 2977; baseline -0.003 -10"><span class='ocrx_word' id='word_1_387' title='bbox 1035 2930 1108 2967; x_wconf 86' lang='lat' dir='ltr'><strong>vid.</strong></span> <span class='ocrx_word' id='word_1_388' title='bbox 1125 2933 1202 2967; x_wconf 90' lang='lat' dir='ltr'><strong>not.</strong></span> <span class='ocrx_word' id='word_1_389' title='bbox 1220 2930 1268 2967; x_wconf 89' lang='lat' dir='ltr'><strong>ad</strong></span> <span class='ocrx_word' id='word_1_390' title='bbox 1286 2928 1341 2977; x_wconf 89' lang='grc' dir='ltr'><strong>ΙΙ,</strong></span> <span class='ocrx_word' id='word_1_391' title='bbox 1359 2929 1413 2970; x_wconf 89' lang='lat'><strong>75</strong></span> <span class='ocrx_word' id='word_1_392' title='bbox 1443 2928 1525 2968; x_wconf 85' lang='lat' dir='ltr'><strong>coll.</strong></span> <span class='ocrx_word' id='word_1_393' title='bbox 1540 2927 1595 2977; x_wconf 86' lang='grc' dir='ltr'><strong>ΙΙ,</strong></span> <span class='ocrx_word' id='word_1_394' title='bbox 1622 2929 1688 2970; x_wconf 86' lang='grc'><strong>67.</strong></span> 
     </span>
    </p>
   </div>
  </div>
 </body>
</html>
