1759 3324
327 242 412 282 28⁰

724 233 1191 275 HERODOTI

330 347 409 393 τὸν
434 351 516 391 τοῦ
545 344 764 402 βουκόλου
792 346 1014 401 ἐπίκλησιν
1033 345 1179 389 παῖδα.
1213 342 1235 386 ὁ
1259 343 1304 386 δὲ
1326 338 1470 385 αὐτῶν
1499 337 1581 382 διέ-
1596 344 1614 377 1

330 428 426 480 ταξε
453 425 557 476 τούς
584 426 686 481 μὲν,
716 426 855 475 οἰκίας
885 424 1174 479 οἰκοδομέειν·

333 506 502 563 φόρους
534 502 668 548 εἶναι·

334 585 535 642 βασιλέος
564 581 696 626 εἶναι·

306 664 484 708 3ἐδίδου
513 662 664 717 γέρας·

721 658 779 710 ὦς
811 658 974 717 ἑκάστῳ
1007 660 1135 715 ἔργον
1173 659 1473 716 προστασσων.

1219 422 1322 473 τούς
1353 420 1418 473 δὲ,
1460 420 1590 472 δορυ-

711 503 791 547 τόν
822 503 867 546 δέ
900 520 983 546 κου
1013 504 1110 546 τινὰ
1140 501 1306 553 αὐτῶν,
1355 495 1592 555 ὀφθαλμὸν

750 586 811 638 τῷ
845 581 890 624 δέ
919 598 1028 632 τινι,
1060 583 1135 632 τὰς
1165 580 1363 637 ἀγγελίας
1394 576 1593 634 ἐσφέρειν

1533 652 1594 706 εἷς

335 742 388 798 δη
417 740 588 784 τούτων
617 742 705 781 τῶν
736 740 924 781 παιδίων
955 741 1229 794 συμπαίζων,
1259 739 1342 782 ἐῶν
1364 731 1589 792 Ἀρτεμβά-
1600 740 1623 775 5

337 837 436 874 ρεος
464 824 582 869 παῖς,
615 816 776 872 ἀνδρὸς
804 819 990 871 δοκίμου
1020 817 1066 860 έν
1095 816 1318 872 Μήδοισι
1352 815 1405 861 οὐ
1431 816 1513 872 γὰρ
1540 813 1592 869 δή

335 899 506 954 ἐποίησε
535 897 585 940 τὸ
612 885 883 951 προσταῖχνθὲν
913 896 959 939 ἐκ
987 899 1068 939 τοῦ
1098 895 1276 950 Κύρου·

308 976 417 1021 4τόν
445 975 547 1027 τοὺς
577 973 735 1025 ἄλλους
763 976 922 1026 παῖδας
959 977 1189 1031 διαλαβεῖν.

283 1140 331 1177 de
361 1138 570 1176 idiotismm.
596 1150 682 1188 pag.
715 1137 798 1178 750
828 1150 933 1186 seqq.

282 1195 437 1234 Weiske
462 1195 509 1232 de
538 1193 738 1245 pleonasm.
767 1206 853 1244 pag.
879 1197 934 1235 98

285 1265 364 1301 seq.
393 1251 507 1289 Paulo
525 1257 612 1301 post
630 1249 836 1301 ἐπίκλησιν
860 1255 934 1288 est:

286 1310 399 1346 istum
418 1307 558 1345 babnlci
581 1321 733 1358 puerum
751 1307 937 1344 secundum

286 1375 469 1413 cognomen
489 1377 590 1402 suum
611 1377 640 1401 s.
656 1367 763 1414 prout
774 1366 938 1401 nimirum

286 1421 416 1471 reliqui
444 1422 549 1470 pueri
586 1433 661 1457 eum
700 1423 939 1470 cognmm'nare

288 1477 454 1516 solebant.
485 1498 534 1505 —
568 1476 611 1514 In
633 1489 737 1526 seqq.
764 1490 843 1514 cum
865 1489 940 1514 me-

287 1534 437 1572 lioribus
456 1532 557 1570 libris
575 1537 612 1571 et
634 1533 846 1570 Gaisfordio
876 1534 940 1570 de-

290 1591 409 1629 dimus
431 1585 564 1629 αὕτῶν
585 1603 653 1640 pro
679 1589 777 1639 vulg.
810 1585 941 1629 αὖτέ-

292 1661 362 1688 ων.
389 1645 493 1684 Idem
510 1646 633 1683 statim
653 1647 812 1684 recurrit.

348 1702 479 1750 οἰκίας
534 1717 554 1741 ο
577 1701 664 1741 lxo
683 1703 741 1742 δο
760 1701 849 1754 μέε
868 1701 939 1752 ιν]

292 1760 478 1799 Pauuium
507 1760 761 1797 emendantem
790 1759 943 1798 οἰκονο-

293 1815 429 1881 μέειν,
477 1819 517 1852 ut
557 1815 801 1865 intelligantur
846 1829 910 1864 reg,
902 1816 944 1851 is

295 1868 516 1922 οἰκονόμοι,
558 1872 688 1921 quibus
715 1873 883 1910 unixersa
911 1878 947 1909 et

295 1930 439 1968 aedium
462 1933 498 1966 et
521 1941 640 1965 rerum
668 1930 946 1966 domesticz-uum

295 1985 404 2023 fuerit
414 1997 499 2021 cura
509 2012 521 2032 ,
549 1984 643 2021 bene
660 1985 829 2021 refutavit
837 1984 945 2022 Wes-

297 2035 470 2090 selingius
481 2068 493 2086 ‚
515 2052 596 2077 cum
611 2040 670 2077 hic
686 2040 734 2078 de
750 2053 946 2090 puerorum

298 2097 379 2133 lusu
403 2096 453 2133 sit
479 2108 619 2143 sermo,
649 2096 705 2132 eui
734 2102 830 2133 certe
851 2096 946 2147 opti-

300 2165 358 2190 me
381 2151 551 2190 convenit
570 2163 694 2199 casas,
724 2153 855 2199 aedes,
885 2165 946 2190 ae-

301 2208 460 2246 dificare.
515 2206 559 2244 In
571 2208 807 2256 sequentibus
823 2209 948 2246 itidem

303 2264 552 2301 Gaisfordium
568 2276 692 2300 sumus
712 2265 842 2312 secuti,
862 2265 950 2301 scri-

302 2321 448 2358 bentes:
477 2315 565 2358 τὸν
594 2318 642 2358 δέ
664 2335 738 2358 κον
767 2318 857 2359 τινα
880 2315 950 2360 αὕ-

304 2377 406 2423 τῶν,
436 2387 655 2425 quamquam
674 2376 771 2424 libri,
802 2391 874 2414 uno
890 2390 952 2415 ex-

305 2436 433 2483 cepto,
462 2433 583 2469 fenmt
602 2434 701 2471 τῶν
720 2432 761 2472 δέ
780 2449 865 2473 κον.
887 2433 954 2471 At-

305 2500 378 2538 que
406 2488 479 2524 iam
497 2487 798 2537 Wyttenbachius
827 2492 865 2527 in
886 2491 955 2528 Se-

305 2544 387 2582 lect.
423 2543 505 2581 hist.
541 2557 627 2594 pag.
658 2545 740 2587 351
779 2547 957 2584 maluerat

308 2596 404 2649 ‘5¹15
440 2600 503 2648 qui
526 2599 624 2638 idem
651 2603 762 2639 verba
790 2601 844 2649 ὥς
865 2597 956 2642 ἑκά-

310 2667 387 2710 στῳ
402 2654 514 2708 ἔργον
526 2653 784 2709 προστάσσων
794 2660 847 2696 sic
863 2659 955 2696 verti

308 2712 427 2750 iubet:
471 2725 555 2762 opus
584 2716 772 2764 unicuique
799 2729 865 2766 pro
895 2727 956 2752 suo

311 2771 385 2820 ipse
410 2768 543 2806 iudicio
581 2769 770 2818 mandans,
807 2785 836 2808 s.
873 2784 958 2821 opus

315 2827 457 2875 cuique,
485 2829 527 2862 ut
549 2829 762 2875 conveniret,
789 2828 959 2865 mandans

315 2881 384 2931 (ad
404 2881 546 2920 Platon.
575 2882 760 2922 Phaedon.
788 2897 825 2935 p.
845 2886 961 2934 215).

1318 896 1483 939 ἐκέλευε
1515 892 1597 938 αὐ-

1249 974 1522 1030 πειθομένων
1551 973 1599 1016 δὲ

1002 1137 1222 1188 scripsimus
1238 1150 1385 1186 quoque
1397 1134 1578 1188 βασιλέος
1588 1149 1656 1187 pro

1004 1195 1216 1246 βασιλῆος,
1247 1199 1286 1230 ut
1316 1207 1447 1244 supra,
1486 1198 1523 1232 et
1555 1193 1655 1233 εἰσ-

1005 1250 1143 1301 φέρειν
1174 1264 1242 1300 pro
1266 1248 1423 1302 φέρειν,
1453 1251 1553 1300 quod
1577 1250 1657 1287 vul-

1005 1313 1110 1357 gatas
1133 1308 1312 1345 editiones
1342 1307 1427 1344 olim
1445 1307 1657 1357 occupabat.

1006 1365 1088 1401 vid.
1108 1364 1180 1410 111,
1201 1367 1267 1405 77.
1286 1365 1339 1404 84
1353 1393 1364 1411 ‚
1396 1364 1458 1401 ubi
1473 1364 1603 1401 eodem
1620 1364 1658 1399 in

1006 1422 1155 1469 negotio
1179 1418 1227 1458 ἐσ
1240 1415 1436 1472 αγγελεύς.
1494 1419 1583 1457 Fuit
1601 1420 1659 1457 hic

1006 1477 1201 1515 Medorum
1220 1489 1348 1525 regum
1366 1490 1465 1524 m05‚
1494 1481 1535 1513 ut
1551 1489 1659 1514 nemo

1009 1534 1059 1571 ad
1076 1534 1178 1584 ipsos
1195 1534 1405 1580 accederet,
1421 1534 1491 1570 nisi
1509 1546 1575 1583 per
1592 1532 1661 1570 mi-

1008 1591 1144 1627 nistros
1178 1591 1301 1638 regios
1330 1594 1440 1627 antea
1470 1589 1662 1636 indicatus,

1010 1646 1067 1684 cui
1103 1646 1175 1696 ipsi
1211 1647 1349 1684 aditum
1398 1650 1665 1683 concesserant.

1012 1704 1125 1746 Quod
1142 1702 1227 1739 dein
1247 1708 1287 1739 ut
1314 1707 1369 1739 tot
1388 1702 1457 1740 alia
1469 1731 1479 1749 ,
1511 1703 1560 1740 ad
1573 1702 1664 1740 Per-

1012 1772 1133 1797 sarum
1155 1772 1262 1807 reges
1282 1760 1470 1797 transiisse
1483 1759 1666 1797 neminem

1012 1818 1091 1854 sere
1123 1817 1229 1864 sugit.
1287 1815 1438 1853 Praeter
1481 1815 1666 1852 Brissoni-

1012 1886 1094 1917 um,
1127 1873 1226 1908 cuius
1246 1871 1364 1909 locum
1382 1872 1455 1908 iam
1476 1885 1587 1921 supra
1616 1871 1665 1908 ad

1012 1928 1042 1975 Ι,
1067 1930 1146 1969 100
1167 1929 1366 1975 citavimus,
1385 1930 1489 1966 ⁴conf.
1503 1928 1663 1966 Heeren.

1013 1985 1051 2020 in
1080 1984 1192 2021 Ideen
1217 1983 1254 2031 Ι,
1283 1987 1305 2025 1
1347 1997 1434 2034 pag.
1457 1984 1551 2026 473.
1605 1983 1667 2022 De

1015 2035 1245 2089 ὀφθαλμοῖς
1279 2053 1307 2077 S.
1339 2041 1471 2089 oculis,
1512 2053 1668 2090 quorum

1015 2101 1092 2134 erat
1123 2097 1172 2133 ad
1201 2109 1325 2145 regem
1367 2098 1531 2144 deferre,
1562 2097 1670 2147 quid-

1015 2153 1103 2202 quid
1132 2153 1170 2189 in
1208 2158 1287 2190 toto
1333 2167 1449 2203 regno
1485 2158 1670 2202 ageretur,

1014 2209 1168 2260 plurima
1209 2209 1356 2259 colleoit
1397 2209 1582 2248 Stanleius
1619 2210 1670 2247 ad

1016 2265 1183 2314 Αεεοῖι)1.
1206 2266 1307 2303 Pers.
1329 2268 1423 2308 973.
1480 2265 1670 2304 Interann-

1018 2325 1145 2359 ΐίυναιιι
1164 2352 1174 2370 ,
1202 2324 1265 2372 qui
1290 2323 1432 2362 Graece
1453 2336 1600 2374 quoque
1613 2316 1673 2362 di-

1019 2383 1145 2416 cuntur
1173 2373 1456 2449 αγγελιαφόροι
1483 2395 1512 2417 s,
1541 2380 1583 2420 οἱ
1599 2375 1673 2426 τας

1020 2430 1111 2488 ἇγγε
1098 2434 1202 2481 ελίας
1232 2434 1501 2499 εἰσφέροντες,
1539 2448 1671 2473 munus

1019 2492 1228 2541 intelligitur
1247 2505 1290 2529 ex
1309 2493 1423 2542 ipsius
1448 2492 1631 2529 Herodoti
1647 2491 1670 2529 l.

1023 2548 1046 2585 l.
1076 2548 1147 2585 Per
1163 2548 1232 2584 hos
1240 2548 1335 2585 enim
1345 2561 1525 2598 responsa
1536 2549 1673 2586 dabant

1022 2618 1128 2653 reges
1147 2604 1190 2640 iis
1203 2633 1214 2650 ‚
1243 2605 1305 2652 qui
1325 2605 1426 2655 ipsos
1439 2605 1589 2642 adibant
1610 2609 1674 2642 aut

1021 2661 1110 2710 quid
1133 2660 1178 2696 ab
1205 2660 1294 2710 ipsis
1319 2661 1504 2711 petebant.
1563 2661 1674 2699 Conf.

1022 2716 1249 2754 Brissonium
1277 2717 1323 2755 de
1344 2730 1421 2767 reg.
1441 2717 1544 2756 Pers.
1559 2718 1674 2769 princ.

1024 2773 1064 2819 Ι,
1086 2775 1169 2814 212
1187 2785 1265 2823 seq.

1081 2826 1234 2868 ἐκέλευε
1275 2852 1330 2859 -
1371 2829 1675 2882 διαλαβεῖν]

1029 2885 1233 2937 διαλαβεῖν
1251 2887 1347 2938 (pro
1374 2886 1626 2940 διαλαβέειν)
1654 2899 1676 2925 e
