1759 3324
354 262 438 304 490

748 259 1220 299 HERODOTI

354 374 444 416 τῶν
469 368 668 416 δυώδεκα
695 373 813 414 θεῶν
842 373 923 413 τοῦ
958 372 1112 427 βωμοῦ
1153 367 1352 426 φερούσῃ
1382 368 1424 419 ἔς
1451 383 1498 410 τε
1530 368 1646 411 Πί-5

358 462 384 495 σ
546 451 554 466 1
600 451 612 465 Ί
650 452 660 466 ἱ
741 449 750 463 Χ
885 449 893 461 Ὶ
1026 453 1044 462 v
1161 449 1169 463 ἱ
1303 453 1321 460 -t
1363 446 1373 463 ⁵
1536 448 1545 462 Ι

387 467 441 495 αν
487 467 560 495 και
595 467 665 494 επι
701 466 781 494 τον
815 466 924 507 νηον
963 466 1043 494 του
1087 457 1199 501 Διος
1238 466 1318 493 του
1373 451 1618 503 Ολυμπιου.

300 658 375 706 ΙΧ,
399 660 437 698 7.
469 660 559 698 106.
597 656 659 694 Cr.
700 656 838 694 consuli
874 656 952 693 vult

301 715 458 763 Gregor.
489 713 652 750 Corinth.
679 726 764 763 pag.
789 714 869 753 381
893 713 952 749 ed.

300 770 444 807 Schaef.
458 773 496 807 et
512 769 664 806 Porson.
679 769 727 805 ad
739 768 877 818 Odyss.
889 768 954 815 ΙΙΙ,

355 883 406 936 τῇ
436 875 516 919 oin&
536 881 619 919 τῶν
649 875 830 919 δυώδεκα
849 881 960 918 θεων

299 939 374 976 τοῦ
397 937 538 988 βωμοῦ
559 931 756 990 φερουσῃ]
776 936 849 974 Ara
870 936 962 973 duo-

301 993 417 1032 decim
436 994 608 1041 deorum,
639 993 737 1031 cuius
757 992 851 1030 infra
871 1005 963 1041 quo-

301 1063 373 1100 que
390 1050 457 1096 Vl,
491 1052 569 1090 108
597 1049 732 1087 mentio
753 1050 819 1097 fit,
848 1049 963 1087 Athe-

300 1119 429 1144 narum
457 1107 493 1143 in
521 1107 602 1144 foro
629 1110 811 1144 exstructa
839 1110 917 1143 erat
941 1119 963 1142 a

300 1163 511 1209 Pisistrato,
541 1163 703 1214 Hippiae
720 1162 814 1209 filio,
842 1166 882 1199 ut
898 1174 962 1199 au-

301 1225 380 1258 ctor
409 1224 469 1257 est
489 1219 727 1269 Thucydides
752 1219 824 1266 Vl,
847 1219 901 1259 54
925 1222 962 1255 et

301 1276 449 1326 Olymp.
471 1275 542 1323 65,
566 1280 588 1318 1
610 1290 637 1313 s.
659 1276 740 1316 519
769 1280 854 1313 ante
874 1274 960 1312 Chr.

300 1346 336 1370 n.
362 1333 433 1370 iam
452 1333 634 1370 exstitisse
655 1332 807 1370 videtur.
849 1331 960 1369 Cuius

300 1389 414 1440 ipsius
442 1401 523 1426 cum
553 1390 724 1439 frequens
753 1387 811 1425 vel
841 1389 879 1425 in
909 1387 966 1424 in-

302 1445 556 1497 scriptionibus
594 1446 660 1482 fiat
694 1445 852 1492 mentio,
904 1443 964 1481 ubi

300 1502 438 1539 viarum
455 1500 648 1552 longitudo
667 1501 859 1548 indicatur,
887 1513 966 1538 cre-

301 1558 415 1597 dibile
434 1562 510 1606 est,
539 1559 676 1596 hancce
693 1570 792 1595 aram
812 1556 967 1594 Atheni-

302 1615 448 1655 ensibus
466 1628 509 1652 ea
519 1615 763 1665 praestitisse,
781 1626 877 1663 quae
888 1613 966 1650 Ro-

301 1672 420 1711 manis
437 1671 638 1708 milliarium
667 1683 832 1716 aureum,
861 1671 966 1707 inde-

302 1741 376 1778 que
393 1740 519 1766 omnes
534 1729 670 1765 viarum
692 1728 880 1764 distantias
901 1740 966 1776 per

301 1785 461 1822 Atticam
487 1784 624 1823 aliasve
643 1784 821 1822 Graeciae
843 1784 966 1832 regio-

302 1853 368 1879 nes
387 1841 556 1879 definitas
582 1842 705 1878 fuisse.
744 1841 828 1877 vid.
852 1840 896 1877 C.
917 1840 963 1876 O.

301 1897 444 1935 Miiller.
458 1898 494 1934 in
511 1897 650 1934 Erschii
671 1903 709 1934 et
722 1897 878 1934 Gruberi
888 1896 964 1933 En·

302 1953 441 2004 cyclop.
459 1954 493 1991 V
494 1954 510 1990 1
530 1967 566 2004 p.
588 1957 669 1994 237
689 1953 767 1990 coll.
792 1953 893 1990 Rose
907 1952 965 1988 ln-

304 2011 442 2060 scriptt.
474 2010 549 2047 tab.
579 2009 721 2047 XXXII
749 2022 835 2059 pag.
869 2011 964 2050 251.

302 2066 464 2104 Boeckh.
500 2065 826 2117 Corp.1nscriptt.
869 2064 907 2112 Ι,
941 2067 963 2105 1

302 2134 389 2173 pag·
402 2125 468 2164 32·

338 2172 540 2246 φερούσῃ
563 2176 602 2224 ἔς
619 2192 660 2216 τε
672 2177 805 2216 Πίσαν
821 2174 889 2215 καὶ
901 2174 966 2215 ἐπὶ

303 2248 374 2273 τον
385 2231 486 2284 νηόν
496 2236 568 2273 τοῦ
579 2231 672 2280 Διὸς
689 2236 762 2273 τοῦ
775 2229 966 2283 Ολυμπί-

304 2289 368 2340 ov]
383 2290 580 2341 Copiosius
600 2291 647 2328 de
661 2290 716 2327 his
737 2290 903 2340 disputat
914 2290 967 2326 vir

304 2347 454 2384 doctus
446 2360 483 2383 m
493 2346 603 2384 Mem.
615 2347 661 2384 de
679 2347 816 2383 l’Acad.
829 2347 894 2384 des
908 2346 966 2382 Iu-

305 2403 427 2453 script.
444 2407 469 2440 t.
482 2403 551 2440 V11
573 2403 708 2450 (Paris.
721 2402 846 2451 1824)
865 2417 900 2452 p·
912 2405 965 2444 33

304 2472 431 2508 seqq.‚
460 2463 743 2497 commonstrare
770 2461 866 2496 enim
888 2464 965 2496 stu-

305 2516 405 2562 duit,
453 2515 508 2553 his
541 2516 660 2554 verbis
693 2515 844 2552 indicari
882 2516 964 2562 iter,

304 2585 400 2622 quae
414 2572 460 2609 ab
477 2572 631 2610 Athenis
642 2571 824 2622 etquidem
839 2586 860 2609 a
873 2573 966 2608 duo-

306 2628 423 2666 decim
445 2628 596 2666 deorum
616 2642 680 2666 ara
706 2629 816 2664 ducat
844 2628 966 2665 Pisam

305 2688 339 2722 et
351 2684 490 2734 quidem
513 2685 562 2723 ad
580 2685 673 2722 Iovis
690 2684 850 2735 Olympii
871 2689 964 2722 tem-

305 2741 426 2792 pluin3
455 2740 505 2778 ita
524 2746 566 2778 ut
596 2755 668 2779 una
685 2741 887 2790 eademque
911 2742 965 2777 in-

306 2797 494 2847 telligatur
518 2798 596 2846 via,
625 2798 824 2835 accuratius
854 2798 964 2834 modo

305 2854 472 2891 indicatis
513 2855 701 2904 utriusque
740 2853 837 2890 urbis
878 2853 964 2890 locis

307 2910 470 2960 singulis,
499 2912 646 2961 quaein
663 2910 887 2948 dimetiendo
900 2922 964 2948 au-

1018 661 1096 694 ctor
1115 658 1160 694 sit
1179 661 1333 694 secutus.
1364 677 1420 684 —
1452 655 1585 694 Πίσαν
1613 666 1679 704 pro

1021 714 1179 752 Πίσσαν
1195 714 1333 750 dudum
1351 714 1562 751 restituerat
1572 711 1679 748 Wes-

1022 770 1214 818 selingius3
1243 774 1282 806 et
1312 769 1400 806 satis
1423 768 1682 806 commendant

1021 825 1115 862 hanc
1136 826 1348 875 scripturam
1370 825 1541 862 Creuzeri
1556 824 1681 873 dispu-

1019 885 1095 918 tata
1117 882 1152 918 in
1165 881 1303 918 Melett.
1325 880 1341 917 Ι
1360 892 1444 930 pag.
1462 883 1512 922 19
1525 884 1599 916 not.
1615 882 1678 920 13.

1018 937 1176 975 Doctum
1195 937 1342 974 Gallum
1357 936 1378 972 l.
1402 935 1422 973 l.
1441 948 1526 987 pag.
1547 937 1612 976 36.
1626 937 1680 976 37

1021 995 1050 1031 si
1068 994 1185 1041 audis,
1213 994 1428 1031 Herodotus
1445 993 1631 1042 antiquum
1642 995 1681 1029 et

1019 1051 1123 1100 quasi
1139 1055 1317 1088 sacratum
1328 1048 1435 1087 Pisae
1446 1061 1580 1086 nomen
1593 1061 1681 1086 con-

1023 1107 1117 1144 sulto
1137 1107 1296 1154 retinuit,
1325 1119 1419 1153 cum,
1449 1118 1522 1155 quo
1539 1108 1681 1155 tempo-

1018 1177 1057 1201 re
1076 1163 1135 1201 ille
1158 1163 1249 1200 haec
1274 1163 1330 1201 vel
1351 1163 1533 1200 scribebat
1550 1161 1606 1199 vel
1625 1161 1680 1198 Ο-

1017 1220 1181 1269 lympicis
1202 1219 1296 1256 ludis
1315 1219 1507 1265 recitabat,
1525 1217 1613 1255 Pisa
1631 1217 1679 1254 ab

1017 1277 1114 1313 Eleis
1144 1277 1264 1313 diruta
1287 1288 1363 1313 non
1387 1275 1540 1326 amplius
1568 1273 1680 1313 exsti-

1018 1333 1114 1371 terit.

1079 1386 1144 1428 ἐπὶ
1171 1384 1241 1428 τόν
1268 1384 1369 1438 νηόν
1396 1389 1472 1427 τοῦ
1491 1382 1589 1433 Διός
1608 1387 1683 1425 τοῦ

1020 1440 1252 1496 Ὀλυμπίου]
1277 1446 1472 1489 Quaeritur
1497 1444 1531 1481 h.
1550 1443 1594 1490 1.,
1621 1442 1682 1480 Io-

1022 1503 1075 1539 vis
1108 1502 1282 1552 templum
1317 1501 1497 1550 antiquius
1531 1498 1681 1547 intelligi

1023 1559 1160 1596 debeat
1171 1571 1219 1595 an
1236 1559 1416 1596 recentius
1436 1570 1457 1594 a
1466 1556 1608 1594 Libone
1619 1568 1682 1592 ex-

1023 1616 1110 1652 strui
1150 1620 1320 1665 coeptum
1352 1618 1440 1664 post
1474 1612 1681 1662 Olympiad.

1021 1671 1196 1718 LXXXI,
1241 1671 1313 1720 qua
1355 1670 1436 1720 ipsa
1469 1669 1682 1707 Herodotus

1024 1741 1125 1765 suam
1151 1728 1337 1764 historiam
1359 1725 1510 1763 Graecis
1530 1725 1682 1763 recitas-

1023 1798 1063 1822 se
1098 1786 1221 1822 fertur.
1280 1783 1344 1820 Cr.
1384 1782 1539 1820 conferri
1578 1781 1683 1818 iubet

1021 1840 1182 1879 valkel.:
1213 1840 1337 1878 Ueber
1359 1840 1430 1877 den
1448 1837 1603 1888 Tempel
1615 1837 1681 1875 des

1020 1898 1163 1947 Jupiter
1184 1910 1230 1933 zu
1259 1896 1404 1946 Olymp.
1431 1908 1518 1946 pag.
1542 1895 1604 1935 15.
1627 1895 1681 1934 21

1023 1966 1098 2002 seq.
1137 1953 1317 2002 Equidem
1347 1950 1470 1989 malim
1500 1949 1681 1989 recentius

1019 2009 1222 2057 intelligere
1244 2008 1437 2058 templum,
1466 2007 1682 2057 praesertim

1021 2078 1101 2103 cum
1134 2065 1233 2116 apud
1256 2065 1486 2102 Herodotum
1519 2064 1608 2101 talia
1626 2063 1682 2099 in‘
1755 2067 1756 2075 ¹

1020 2121 1211 2160 veniantur
1228 2122 1385 2171 prodita,
1406 2134 1502 2170 quae
1513 2120 1570 2158 vel
1590 2119 1684 2157 mul-

1021 2183 1061 2215 to
1080 2182 1166 2228 post
1186 2178 1256 2215 hoc
1273 2178 1450 2228 templum
1461 2180 1682 2214 exstructum
1752 2202 1754 2221 ,

1022 2235 1218 2272 acciderint
1255 2239 1294 2272 et
1326 2235 1374 2272 ad
1406 2233 1682 2283 nonagesimam

1023 2292 1216 2342 septimam
1233 2291 1488 2341 Olympiadem
1501 2302 1616 2338 usque
1624 2302 1684 2326 re-

1021 2350 1207 2394 serantur,
1255 2348 1326 2384 vid.
1364 2347 1491 2396 Heyse
1529 2346 1682 2389 Quaest.
1748 2382 1750 2398 Ι

1022 2405 1162 2442 Herod.
1196 2417 1282 2454 pag.
1310 2404 1365 2445 74
1399 2416 1502 2452 seqq.
1558 2402 1682 2451 Atque
1748 2434 1750 2446 ,

1021 2465 1128 2499 erunt
1153 2462 1331 2507 fortasse,
1361 2461 1424 2509 qui
1442 2473 1487 2496 ex
1515 2459 1584 2496 hoc
1603 2459 1682 2495 He⁴

1021 2518 1139 2554 rodoti
1160 2518 1241 2554 loco
1269 2521 1307 2554 et
1332 2529 1377 2554 ex
1402 2516 1470 2553 hac
1493 2527 1683 2565 compara-

1022 2575 1123 2611 tione
1141 2578 1396 2622 argumentum
1418 2573 1551 2610 ducere
1569 2571 1682 2608 velint
1744 2617 1745 2620 Ἰ

1022 2630 1277 2680 praelectionis
1287 2629 1475 2667 Musarum
1488 2627 1683 2672 Herodoti,

1021 2700 1131 2736 quam
1151 2686 1332 2723 Lucianus
1361 2684 1560 2734 Olympicis
1587 2683 1682 2720 ludis
1742 2679 1744 2681 ¹

1021 2744 1155 2780 saetam
1167 2755 1251 2780 esse
1270 2743 1405 2789 scribit,
1417 2754 1439 2778 a
1456 2740 1588 2777 criticis
1603 2740 1684 2788 qui-

1021 2799 1178 2836 busdam
1197 2803 1347 2837 nostrae
1376 2797 1505 2835 aetatis
1526 2796 1683 2833 immeri-

1022 2859 1062 2891 to
1085 2856 1122 2892 in
1148 2855 1296 2892 dubium
1318 2858 1497 2892 vocatam.
1541 2852 1618 2889 Sed
1638 2864 1684 2890 ea
1738 2868 1741 2893 t

1022 2911 1069 2949 de
1088 2924 1127 2949 re
1147 2923 1330 2962 exponere
1346 2924 1420 2949 non
1441 2910 1575 2948 attinet
1596 2911 1682 2960 post
1738 2914 1740 2933 ³
