1759 3324
345 231 428 272 572

716 228 1223 269 -HERODOTI

345 340 518 394 δείρωσι
546 340 624 384 τὸν
661 343 797 397 βοῦν,
838 337 1164 394 κατευξάμενοι,
1212 339 1380 394 κοιλίην
1409 337 1488 393 μὲν
1516 354 1605 382 κει-

382 418 391 432 x
494 422 512 430 -υ
632 418 644 434 v
726 414 743 433 ³
830 416 846 433 'e’

342 435 426 475 νην
451 430 597 463 πασαν
627 421 670 472 εξ
709 435 772 463 ων
809 423 949 468 ειλον,

343 509 478 541 πουσι
503 498 550 542 ἐν
578 502 640 557 τῷ
677 496 841 553 σώματι
875 498 949 540 καὶ
989 496 1068 552 τήν
1106 495 1308 551 πιμελήν·

1010 417 1230 473 σπλάγχνα
1269 417 1313 461 δὲ
1352 415 1491 460 αὐτοῦ
1519 419 1605 461 λεί-

1369 496 1519 540 σκέλεα
1552 495 1605 540 ’δὲ

345 574 668 632 ἀποτάμνουσι,
727 576 800 618 καὶ
842 574 922 630 τήν
961 573 1108 630 ὀσφὺν
1158 575 1320 631 ἄκρην,
1378 577 1451 619 καὶ
1501 573 1606 625 τούς

315 654 497 711 δῶμους
524 670 570 697 τε
598 654 673 698 καὶ
700 652 779 696 τὸν
807 653 1030 709 τράχηλον.
1077 657 1215 697 ταῦτα
1254 654 1299 697 δὲ
1329 654 1601 711 ποιήσαντες,

343 733 394 777 τὸ
425 731 528 776 ἄλλο
558 735 681 788 σῶμα
709 735 790 775 τοῦ
821 730 928 787 βοός
960 735 1172 786 πιμπλᾶσι
1210 731 1354 786 ἄρτων
1384 737 1661 788 καθαρών,80

344 811 419 855 καὶ
447 810 637 866 μέλιτος,
667 811 740 854 καὶ
771 808 1032 865 ἀσταφίδος,
1070 810 1144 852 καὶ
1174 810 1341 863 σύκων,
1378 812 1451 854 καὶ
1480 814 1604 867 λιβα·

344 892 515 940 νωτοῦ,
568 890 642 932 καὶ
680 888 898 945 σμύρνης,
944 888 1017 932 καὶ
1047 891 1136 931 τῶν
1175 888 1318 931 ἄλλων
1345 889 1604 944 θυωμάτων.

343 968 580 1024 πλήσαντες
610 968 656 1012 δὲ
683 967 874 1018 τούτων,
906 968 1203 1023 καταγίζουσι,
1235 967 1380 1011 ἔλαιον
1402 967 1609 1024 ἄφθονον

316 1047 639 1104 4καταχέοντες.
669 1044 1066 1104 προνηστεύσαντες
1095 1048 1164 1103 δὲ,
1203 1046 1383 1091 θύουσι.
1429 1045 1605 1105 καιομέ-

290 1314 387 1354 στην
408 1301 581 1355 δαίμονα
597 1301 726 1350 iungit,
755 1301 804 1341 ad
824 1297 945 1352 ὁρτήν

287 1361 461 1398 referens
520 1359 709 1396 Sententia
744 1358 840 1396 enim
871 1364 944 1395 est:

290 1414 392 1468 ,,τήν
412 1414 455 1455 δε
475 1415 659 1483 μεγίστην
679 1429 801 1479 ορτην
818 1416 869 1470 τῇ
879 1427 945 1463 με-

288 1473 402 1527 γίστη
420 1473 581 1523 δαίμονι
610 1466 824 1522 εἷναγουσι,
854 1466 945 1509 ταύ-

289 1544 363 1580 την
389 1528 550 1581 ε’ρχομαι
580 1526 743 1579 ἕρέων.“
771 1548 828 1556 -
884 1527 944 1564 Ad

221 1601 235 1628 1
288 1584 543 1624 locutionem'
531 1583 691 1635 ε’ρχομαι
709 1582 829 1634 ε’ρέων
848 1584 942 1620 conf.

288 1642 336 1690 11,
354 1642 407 1683 35
431 1642 506 1679 init.
544 1641 679 1677 Isidem
697 1645 816 1678 autem
840 1639 943 1677 intel-

290 1698 478 1747 ligendam
509 1710 610 1745 esse,
646 1697 705 1735 vel
734 1709 755 1734 e
780 1696 943 1748 proximo

290 1767 368 1806 cap.
389 1754 513 1804 liquet.

346 1863 468 1908 ἔπεοὲν
493 1861 733 1919 ἀποδείρωσι
751 1862 822 1904 τόν
842 1864 944 1916 βοῦν

289 1919 576 1974 κατευξάμενοι
594 1938 629 1962 κ.
648 1937 682 1961 τ.
706 1921 756 1972 λ.]
787 1922 942 1959 Secutus

290 1993 371 2017 sum
387 1979 676 2029 Schweighaeus.
696 1983 732 2016 et
745 1978 943 2023 Gaisf0r‹l.‚

289 2036 394 2085 quie
420 2035 580 2085 pluribus
610 2035 707 2071 libris
736 2033 786 2070 ita
818 2033 945 2071 edide-

288 2095 385 2129 runt.
414 2090 536 2140 Vulgo
563 2091 659 2128 enim
680 2090 775 2127 hunc
799 2090 836 2126 in
864 2102 944 2127 mo-

290 2147 377 2184 dum
388 2145 520 2185 haecce
531 2146 719 2195 leguntur:
737 2142 838 2214 ἐπην
848 2159 943 2196 προ-

289 2198 536 2254 νηστεύσωσι
561 2204 613 2257 τῇ
638 2199 714 2241 ’Ίσι
747 2200 814 2240 καὶ
842 2198 944 2251 ἐπην

289 2255 568 2306 κατεύξωνται,
585 2253 808 2297 θύουσιτόν
823 2258 942 2308 βοῦν·

289 2313 360 2355 καὶ
376 2309 671 2366 ἀποδείραντες,
695 2313 851 2370 κοιλίην
871 2311 943 2364 μὲν

289 2370 449 2421 ἐκείνην
483 2373 619 2410 πᾶσαν
651 2369 692 2417 ἐξ
721 2371 778 2408 ὠν
812 2365 943 2409 εἷλον·
931 2399 942 2418 ,

289 2427 352 2465 ubi
367 2439 473 2465 nemo
492 2440 567 2464 non
591 2426 690 2464 videt
709 2439 752 2464 ea
775 2439 820 2464 ex
838 2430 943 2476 parte

288 2484 464 2535 proferri,
493 2495 587 2533 quae
604 2483 698 2519 infra
721 2495 867 2532 quoque
885 2494 944 2519 re-

289 2541 468 2587 feruntur,
487 2551 656 2589 quaeque
672 2539 727 2576 bis
747 2539 798 2575 ita
817 2551 839 2575 a
857 2538 944 2575 scri-

288 2600 397 2647 ptore
423 2594 538 2633 relata
568 2595 705 2641 fuisse,
734 2594 790 2630 vix
816 2594 943 2632 verisi-

289 2651 373 2690 mile
391 2652 543 2690 videtur.
572 2649 748 2688 Matthiae
759 2649 942 2699 vulgatam

289 2708 458 2755 retinuit,
486 2707 554 2744 nisi
578 2707 678 2756 quod
704 2706 804 2743 uncis
828 2705 941 2742 inclu-

290 2764 339 2801 sit
348 2763 498 2802 alterum
513 2759 614 2814 ἐπὴν
628 2765 714 2800 ante
724 2758 941 2809 κατεύξων-

289 2834 355 2858 ται
372 2824 410 2857 et
428 2832 495 2870 pro
523 2817 679 2868 ἐκείνην
704 2818 846 2869 scripsit
866 2832 940 2856 κει-

291 2871 383 2928 νήν.
431 2876 480 2915 Et
498 2875 567 2913 hoc
586 2874 734 2925 quidem
757 2874 941 2923 Schweig-

1012 1299 1204 1338 haeuserus
1251 1312 1398 1350 quoque
1440 1301 1665 1350 reposuerat,

1013 1370 1095 1394 cum
1124 1353 1261 1407 κεινὴν
1289 1358 1386 1395 idem
1413 1355 1531 1393 valeat
1554 1359 1664 1403 atque

1012 1409 1158 1463 κενήν,
1187 1413 1256 1450 hoc
1278 1415 1354 1451 fere
1388 1425 1512 1459 sensu:
1551 1413 1663 1448 totum

1013 1469 1179 1507 abdomen
1207 1473 1406 1506 exenterant
1427 1468 1478 1516 (i.
1508 1481 1540 1505 e.
1567 1467 1662 1504 inte-

1014 1527 1108 1563 stina
1139 1527 1260 1563 omnia
1287 1539 1331 1564 ex
1358 1525 1438 1563 alvo
1466 1524 1664 1570 eximunt),

1010 1584 1145 1620 viscera
1183 1595 1262 1618 vero
1297 1585 1492 1630 incorpore
1555 1579 1662 1616 relin-

1012 1642 1132 1689 quunt.
1156 1638 1253 1675 Nam
1265 1635 1386 1688 κενήν
1397 1636 1552 1676 κοιλίαν
1566 1636 1664 1674 idem

1012 1709 1094 1733 esse
1119 1700 1244 1731 monet
1269 1699 1378 1744 atque
1407 1694 1583 1732 κενεῶνα
1609 1691 1665 1729 al-

1011 1764 1106 1798 vum,
1128 1750 1312 1798 abdomen,
1339 1751 1377 1787 in
1406 1763 1478 1800 quo
1496 1753 1581 1786 sunt
1608 1749 1664 1785 in-

1010 1808 1154 1846 testina.
1185 1807 1425 1845 Schneiderus
1442 1807 1480 1842 in
1489 1805 1579 1843 Lex.
1589 1818 1617 1841 s.
1629 1817 1662 1841 v.

1011 1863 1168 1903 κοιλίαν
1206 1866 1342 1902 πᾶσαν
1387 1863 1663 1913 interpretatur:

1012 1921 1076 1958 den
1103 1918 1239 1967 Magea
1268 1923 1394 1956 sammt
1418 1918 1482 1956 den
1509 1917 1665 1954 Diirmen

1012 1977 1071 2015 des
1106 1976 1329 2026 Opferstz'ers.
1368 1995 1426 2004 -—
1468 1974 1526 2011 Ad
1554 1973 1665 2011 verba

1013 2033 1052 2080 ἐξ
1073 2034 1130 2071 ὠν
1158 2028 1264 2070 εἷλον
1286 2034 1379 2070 conf.
1399 2031 1456 2078 ΙΙ,
1484 2033 1557 2073 39:
1588 2024 1663 2069 ἄπ’

1014 2090 1073 2129 ὠν
1094 2088 1242 2128 ε’δοντο.

1066 2198 1133 2239 καὶ
1143 2196 1216 2250 τὴν
1228 2196 1359 2248 ὀσφύν
1371 2196 1514 2250 ἄκρην]
1534 2193 1666 2248 ὄσφΰς

1011 2269 1101 2294 coxa
1121 2260 1176 2294 est
1191 2256 1357 2305 (Hiifte),
1381 2268 1490 2305 quam
1507 2255 1665 2292 humeris

1011 2309 1191 2362 (ὤμοις)
1227 2312 1284 2349 hic
1311 2312 1449 2362 opponi
1477 2311 1666 2348 contendit

1010 2368 1263 2405 Selmeiderus.
1291 2388 1347 2395 —-
1384 2367 1427 2404 In
1459 2379 1561 2417 seqq.
1585 2379 1664 2404 cum

1009 2428 1158 2462 recentt.
1183 2425 1284 2461 editt.
1302 2424 1538 2474 probatorum
1555 2422 1665 2460 libro-

1008 2493 1087 2517 rum
1114 2481 1326 2517 auctoritate
1352 2479 1520 2530 rescripsi
1549 2475 1665 2518 ἄστα-

1011 2536 1131 2585 φίδος
1168 2548 1236 2585 pro
1272 2531 1524 2585 ασταφίδων,
1563 2535 1666 2586 quod

1009 2591 1258 2659 Wesselingio
1265 2593 1428 2629 debetur.
1457 2592 1525 2629 Est
1542 2595 1663 2630 autem

1009 2641 1199 2698 οἷσταφίς,
1230 2649 1305 2686 sive
1330 2647 1491 2697 σταφίς,
1527 2651 1569 2685 ut
1594 2659 1664 2698 po-

1009 2703 1149 2742 steriori
1169 2708 1289 2742 aetate
1309 2703 1563 2753 loquebantur,
1590 2715 1664 2740 uva

1001 2773 1123 2810 passa.
1155 2758 1217 2797 Tu
1236 2760 1308 2798 vid.
1332 2773 1427 2808 quae
1446 2760 1495 2797 ad
1513 2760 1664 2798 Ctesiae

1008 2818 1174 2867 frag-mm.
1191 2827 1278 2867 pag.
1297 2816 1380 2858 325
1401 2815 1595 2854 citavimus.
1670 2813 1674 2815 ’
