1768 3324
659 229 960 269 CL10.1.
1357 233 1443 274 407

172 342 249 387 καὶ
276 337 456 396 ἄνδριοὶς
493 337 694 381 δυώδεκα
735 337 929 396 πηχέων,
987 336 1192 395 χρύσεος,
1250 340 1436 396 στερεός.

171 420 254 478 ἐγώ
278 419 356 476 μέν
397 433 473 475 μιν
509 412 594 460 οὐκ
633 413 772 460 εἶδον·
830 416 884 461 τὰ
922 416 969 462 δὲ
1008 417 1174 473 λέγεται
1211 415 1299 463 ὑπὸ
1329 423 1493 464 Xan-15

141 499 333 549 δδαίων,
371 498 508 539 ταῦτα
540 493 663 550 λέγω.
713 493 855 553 τούτῳ
885 500 947 553 τῷ
988 495 1217 551 ἀνδριάντι
1244 503 1436 555 Δαρεῖος

166 576 245 634 μὲν
273 574 298 620 ὁ
323 573 584 626 Ὑστάσπεος
612 573 949 631 ἐπιβουλεύσας,
995 573 1080 620 οὐκ
1121 575 1329 634 ἐτόλμησε
1357 582 1432 622 λα-

162 658 280 712 βεῖν·
339 653 500 710 Ξέρξης
538 654 584 698 δὲ
629 651 653 697 ὁ
685 656 879 710 Δαρείου
912 654 1063 711 ἔλαβε,
1108 655 1182 699 καὶ
1220 656 1299 701 τόν
1334 657 1431 713 ἱρέα

160 731 396 783 ἀπέκτεινε,
427 730 764 788 ἀπαγορεύοντα
794 734 852 790 μή
882 733 1042 778 κινέειν
1066 733 1145 778 τὸν
1172 732 1427 790 ἀνδριάντα.

128 810 212 856 7τὸ
240 811 321 869 μὲν
349 812 402 869 δὴ
433 810 533 867 ἱρὸν
561 816 692 856 τοῦτο
725 811 841 857 οὕτω
871 812 1123 871 κεκόσμητο.
1154 813 1242 859 ἔστι
1274 815 1322 859 δὲ
1351 815 1425 860 καὶ

154 892 248 937 ἴδια
274 890 537 949 α’ναθήματα
564 890 717 936 πολλά.
1431 901 1478 938 ΞΟ

31 972 130 1020 184
271 975 360 1029 Τῆς
389 971 435 1015 δὲ
465 973 732 1028 Βαβυλῶνος
759 969 919 1028 ταύτης
947 971 1102 1016 πολλοὶ
1130 970 1210 1028 μέν
1237 989 1322 1017 κου
1345 974 1418 1019 καὶ
1472 976 1751 1078 {ffiragflgatugu}

149 1050 275 1095 αλλοι
303 1050 504 1107 ἐγένοντο
533 1049 755 1107 βασιλέες,
796 1054 885 1094 τῶν
925 1050 972 1094 ἐν
1003 1056 1113 1096 τοῖσι
1149 1048 1415 1107 Ἀσσυρίοισι
1466 1053 1545 1138 Ξῖξ“
1545 1024 1748 1118 Ὓᾈξῇἐζὲξ

149 1128 319 1186 λόγοισι
346 1129 520 1187 μνήμην
549 1129 812 1186 ποιήσομαι,
872 1132 915 1173 οἰ
943 1129 995 1173 τὰ
1024 1128 1162 1185 τείχεά
1190 1146 1234 1173 τε
1263 1131 1410 1176 ἐπεκό-
1464 1116 1693 1186 ffmssumssipinn
1694 1116 1746 1179 gn}

119 1216 324 1266 Ξσμησαν
351 1210 424 1254 καὶ
453 1227 505 1253 τα
533 1206 627 1264 ἷρά’
667 1209 715 1253 ἐν
745 1209 790 1253 δὲ
821 1208 872 1265 δὴ
901 1209 975 1252 καὶ
1014 1213 1218 1265 γυναῖκες
1244 1209 1339 1255 δύο.
1381 1210 1409 1269 ἡ
1463 1180 1585 1244 ⁶⁰¹2i2m
1611 1190 1692 1219 ngge
1694 1192 1743 1213 reu

145 1288 227 1346 μὲν
253 1287 470 1344 πρότερον
508 1287 696 1343 ἄρξασα,
741 1291 818 1344 τῆς
856 1285 1043 1343 υστερον
1079 1291 1253 1346 γενεῆσι
1281 1290 1465 1336 πέντε25

143 1469 289 1525 Ξέρξης
310 1469 355 1513 δὲ
373 1469 399 1513 ὅ
416 1470 620 1524 Δαρείου]
659 1470 733 1511 Ac·
801 1469 982 1525 ἐγένοντο
1017 1469 1218 1523 βασιλέες]
1280 1473 1459 1526 βασιλέες

83 1530 172 1569 cidit
189 1529 258 1568 hoc
281 1543 326 1568 eo
356 1533 544 1581 tempore,
573 1542 646 1579 quo
672 1542 732 1568 re-
801 1530 887 1568 dedi
902 1543 922 1567 e
938 1528 1123 1580 plerisque
1134 1530 1235 1567 libris
1253 1544 1332 1570 cum
1345 1532 1455 1570 Gais-

82 1587 157 1624 dux
186 1590 265 1623 erat
291 1587 408 1624 factus
447 1599 492 1624 ex
530 1586 661 1624 infelici
693 1587 732 1624 in
797 1586 931 1624 fordio.
990 1585 1109 1635 Vulgo
1139 1587 1340 1638 βασιλῆες.
1379 1589 1455 1627 Ba-

81 1643 246 1680 Graecos
285 1643 535 1694 expeditione,
585 1647 733 1680 auctore
798 1643 1024 1692 byloniorum
1077 1656 1204 1691 regum
1250 1646 1382 1683 seriem
1419 1646 1451 1682 si

79 1698 234 1736 Arriano
266 1698 303 1736 in
338 1699 481 1749 Exped.
520 1699 624 1736 Alex.
653 1699 731 1746 Vll,
798 1700 878 1748 quis
909 1699 1052 1749 cupiat,
1079 1701 1189 1737 adeat
1207 1700 1383 1738 Beckium
1410 1702 1448 1739 in

82 1758 147 1797 17.
174 1754 329 1792 Diodor.
350 1755 457 1793 Sicul.
478 1755 532 1802 ΙΙ,
556 1758 595 1797 9.
654 1755 731 1792 Cur
799 1755 1095 1804 Weltgeschicht.
1115 1756 1131 1793 Ι
1152 1769 1239 1806 pag.
1259 1759 1338 1798 187
1356 1771 1449 1807 seq.‚

76 1812 223 1861 signum
253 1811 411 1849 ablatum
437 1812 569 1858 fuerit,
606 1811 729 1849 Persis
796 1812 859 1861 qui
878 1812 973 1848 illam
1004 1825 1025 1849 e
1052 1816 1215 1850 veterum
1233 1815 1448 1863 scriptorum

75 1867 253 1916 invisum,
281 1880 393 1918 supra
413 1869 461 1906 ad
490 1868 528 1916 I,
561 1869 639 1910 181
672 1868 727 1905 in-
792 1867 880 1905 locis
920 1868 1160 1906 concinnavit.
1226 1868 1323 1907 Add.
1356 1870 1447 1909 ibid.

73 1924 202 1962 dimvi.
230 1924 353 1974 Atque
377 1925 451 1962 iam
485 1925 523 1962 in
546 1924 658 1961 sacris
680 1924 724 1961 li-
792 1937 880 1976 pag.
903 1927 984 1966 617
1005 1937 1111 1974 seqq.

73 1981 161 2020 teris
188 1981 410 2029 invenimus,
459 1994 554 2030 quae
587 1981 725 2030 Cyrum
849 1980 892 2020 ἐν
926 1983 1029 2021 τοῖσι
1058 1975 1299 2032 Ἀσσυρίοισι
1316 1977 1443 2036 λόγοι-

73 2036 504 2076 Persamsimulacrorum
515 2043 626 2086 atque
643 2038 725 2074 ido
792 2035 854 2088 σι]
886 2038 995 2074 Conf.
1013 2042 1089 2075 not.
1110 2038 1215 2085 adI,
1233 2041 1326 2081 106.

70 2093 188 2132 lorum
215 2106 258 2132 ex
286 2094 372 2131 odio
400 2094 481 2132 Beli
509 2094 645 2132 cultum
681 2107 724 2131 ac
847 2091 877 2145 η’
897 2091 969 2146 μὲν
982 2088 1175 2146 πρότερον
1187 2092 1351 2145 αρξασα,
1368 2097 1443 2162 τῆς

71 2162 174 2189 sacra
203 2151 376 2190 evertisse
408 2151 580 2202 prodant.
637 2150 722 2188 vid.
788 2145 958 2203 »ὕστερον
982 2153 1141 2219 γενεῇσι
1165 2149 1280 2191 πέντε
1301 2147 1442 2204 πρότε-

71 2207 208 2246 Gesen.
234 2207 273 2244 in
293 2208 513 2245 Commentt.
539 2208 589 2245 ad
615 2207 721 2246 Iesai.
790 2222 863 2258 ρον
884 2205 1076 2260 γενομένη
1095 2223 1130 2247 κ.
1152 2223 1184 2247 τ.
1202 2206 1252 2258 λ]
1284 2208 1343 2246 De
1372 2210 1441 2246 da-

68 2261 104 2301 lI
122 2276 159 2315 p.
182 2266 274 2305 100.
332 2262 429 2301 Add.
455 2264 615 2302 Miinter.
643 2264 666 2302 l.
695 2263 719 2301 l.
786 2265 861 2302 tivo
878 2268 1038 2319 γενεῇσι
1064 2266 1159 2302 conf.
1177 2264 1354 2303 Matthiae
1372 2265 1439 2303 Gr.

68 2331 156 2371 pag.
185 2322 252 2362 51.
284 2341 341 2349 -
366 2319 426 2358 De
452 2320 628 2371 particula
664 2336 719 2371 μη
788 2322 855 2358 Gr.
883 2334 970 2372 pag.
991 2322 1085 2363 732.
1120 2321 1181 2360 De
1198 2322 1439 2360 Semiramide

67 2381 155 2426 post
175 2372 476 2429 ἀπαγορεύοντα
504 2378 549 2415 cf.
580 2378 617 2425 I,
639 2378 719 2418 158
785 2377 941 2429 plurima
967 2377 1136 2426 leguntur
1151 2379 1252 2428 apud
1267 2377 1377 2415 Diod.
1390 2378 1437 2426 ΙΙ,

68 2435 106 2470 et
135 2432 209 2481 ΠΙ,
237 2435 342 2481 128,
378 2446 426 2472 ne
453 2433 559 2485 plura
583 2434 722 2471 adseri·
787 2437 815 2476 4
835 2447 940 2484 seqq.
968 2447 1086 2484 usque
1104 2434 1153 2471 ad
1169 2437 1242 2481 21,
1272 2447 1293 2472 e
1309 2434 1439 2472 Ctesia

67 2487 170 2536 bam,
185 2502 280 2539 quae
301 2490 550 2541 suppeditabit
560 2491 719 2540 Baguet.
785 2491 980 2528 maximam
1009 2495 1107 2528 certe
1130 2496 1271 2541 partem
1296 2490 1439 2528 hausta.

67 2543 118 2581 ad
136 2544 331 2597 Chrysipp.
363 2548 495 2596 fragm.
525 2560 614 2598 pag.
635 2547 719 2588 355
787 2547 896 2584 Conf.
925 2547 1074 2586 etesiae
1097 2548 1438 2598 fragmm.1)·393

67 2603 143 2637 not.
155 2603 249 2643 205
262 2600 540 2654 -κεκὸσμητο
562 2603 720 2641 eSchel-
786 2616 892 2653 seqq.
922 2604 1030 2648 Quae
1047 2616 1129 2641 cum
1147 2603 1238 2642 Nini
1254 2616 1342 2640 uxor
1353 2617 1438 2654 per-

68 2654 304 2695 lershemiano
323 2665 508 2712 receptum
527 2665 596 2698 est.
631 2659 720 2697 Vul-
785 2660 953 2698 hibeatur
971 2659 1157 2710 multoque
1173 2660 1370 2698 remotiora
1387 2661 1437 2697 ad

71 2723 121 2760 go
141 2710 394 2766 κεκόσμηται.
450 2717 561 2755 Conf.
581 2717 611 2765 Ι,
626 2719 719 2759 180.
786 2721 957 2767 tempora
979 2717 1182 2768 pertineat,
1221 2716 1438 2754 Herodotea

73 2767 167 2809 181
786 2774 898 2811 verba
922 2774 961 2810 in
987 2773 1149 2811 numeris
1175 2773 1353 2811 mendosa
1371 2771 1437 2809 ha-

209 2823 322 2877 Cap.
349 2826 590 2866 CLXXXIV.
786 2829 901 2869 buere
921 2842 978 2867 vv.
988 2830 1051 2867 dd.
1062 2830 1235 2879 varieque
1243 2829 1304 2866 illa
1315 2831 1439 2865 tenta-

127 2879 265 2922 πολλοὶ
295 2880 367 2934 μέν
398 2899 474 2925 κου
504 2883 574 2925 καὶ
607 2882 722 2926 ἄλλοι
787 2891 894 2936 runt,
922 2899 996 2937 quo
1022 2887 1117 2925 inter
1131 2886 1364 2925 Herodotum
1378 2887 1438 2921 at-
