1805 3315
285 875 320 921 6

41 942 159 970 Primus
184 949 202 968 e
234 941 303 968 har-

41 976 106 1003 bari
111 984 124 1002 s
160 976 254 1002 Croes
242 983 292 1001 sus

43 1009 158 1050 Lydiae
184 1017 235 1036 rex
264 995 303 1035 ab'

42 1051 72 1071 a.
91 1044 149 1082 560,
170 1043 250 1069 Grae
235 1050 286 1068 eoc
289 1049 303 1068 s

44 1077 95 1104 Asi
98 1077 137 1103 ati
131 1085 175 1103 len
159 1084 191 1102 ns
209 1081 238 1102 tr
240 1076 304 1103 ibu-

43 1110 138 1138 tarios
159 1110 240 1138 fecit.

363 223 419 264 16

768 220 1235 261 HERODOTI

361 333 521 375 τοῦτον
539 328 752 386 σημήνας,
782 328 1060 387 προβήσομαι
1097 330 1142 381 ἐς
1160 328 1210 373 τό
1237 330 1386 385 πρόσω
1408 333 1489 375 τοῦ
1499 329 1674 388 Myous}

341 408 527 465 δὸμοίως
572 409 706 464 μικρὰ
752 409 826 453 καὶ
876 407 1040 465 μεγάλα
1087 407 1218 452 ἄστεα
1268 407 1518 464 ἀνθρώπων
1562 407 1653 453 ἐπε-

363 486 482 540 ξιών.
541 485 594 530 τοὶ
632 486 717 542 γὰρ
754 487 803 532 τὸ
836 487 971 532 πάλαι
1005 487 1166 544 μεγάλα
1202 482 1285 544 ἦν,
1323 489 1376 531 τὰ
1411 487 1551 532 πολλοὶ
1575 485 1649 531 αὐ-
1653 498 1698 534 85

363 569 453 609 τῶν
472 566 632 620 σμικρὰ
664 565 840 623 γέγονε·
876 584 930 611 τα
957 567 1042 611 δὲ’
1024 564 1095 610 επ’
1124 565 1234 623 ἐμοῦ
1258 561 1315 623 ἦν
1335 566 1518 623 μεγάλα,
1547 567 1656 622 πρό·

341 657 492 699 7τερον
525 639 581 700 ἦν
608 643 784 700 σμικρά.
842 646 922 703 τὴν
953 645 1240 702 ἅνθρωπηΐην
1281 640 1344 690 ὠν
1375 644 1655 701 ἐπιστάμενος

364 722 650 780 εὐδαιμονίην
667 723 877 782 οὐδαμά’
859 742 907 769 εν
925 722 1077 785 τώυτῷ
1092 725 1336 782 μένουσαν,
1366 723 1656 781 ἐπιμνήσομαι

365 800 626 859 ἀμφοτέρων
658 800 832 859 ὁμοίως.

384 1081 528 1119 τοῦτον
556 1075 753 1130 σημήνας,
780 1072 980 1130 προβήσο-

324 1151 397 1188 μαι
432 1135 472 1182 ἒς
499 1131 543 1174 τὸ
569 1133 708 1187 πρόσω
737 1149 807 1173 του
840 1131 978 1187 λόγου]

323 1189 578 1244 προβήσομαι
616 1192 844 1238 reduximus,
899 1205 981 1229 cum

320 1245 620 1299 παραβήσομαι,
649 1249 749 1297 quod
766 1247 894 1284 Reizio
914 1248 981 1285 de-

320 1306 472 1352 bemus,
501 1305 664 1342 codicum
688 1304 900 1341 auctoritate
919 1316 978 1340 ca-

322 1366 410 1399 reat.
442 1361 575 1397 Similis
596 1361 778 1408 confusio,
807 1360 980 1397 laudante

324 1417 355 1455 C
360 1431 386 1454 r.
397 1448 408 1465 ‚
436 1418 474 1454 in
492 1417 645 1455 Nicolao
662 1416 894 1454 Methonensi
912 1429 980 1452 nu·-

320 1487 389 1525 per
411 1474 558 1523 vulgato
585 1487 621 1524 p
651 1475 729 1514 168
757 1474 814 1510 ed.
838 1472 978 1510 Volnel.

321 1530 412 1567 Mox
436 1544 563 1568 omnes
595 1530 676 1566 libri
710 1530 887 1579 praebent
918 1544 978 1580 μι-

322 1583 422 1638 κροὶ,
459 1600 538 1623 cum
573 1585 720 1635 reliquis
751 1585 838 1622 locis
864 1589 981 1623 exstet

323 1655 485 1695 σμικρα
545 1642 640 1679 Illud
669 1642 816 1679 retinuit
841 1642 980 1688 Gaisf.‚

323 1713 433 1750 quem
468 1699 582 1736 secuti
613 1711 756 1746 sumus,
801 1698 981 1735 Matthiae

323 1769 405 1793 cum
444 1755 590 1804 reliquis
632 1755 749 1792 editt:
808 1749 978 1804 σμικρά·
964 1782 977 1801 ,

322 1812 411 1849 illud
434 1812 634 1857 adnotans,
663 1811 778 1848 videri
804 1811 873 1847 sibi
899 1810 980 1848 He-

322 1870 492 1905 rodotum
529 1881 674 1917 semper
696 1867 893 1931 scripsisse
920 1881 981 1917 μι-

322 1921 416 1975 πρός
446 1928 532 1974 post
556 1924 668 1961 verba
695 1924 732 1959 in
758 1935 781 1962 6
805 1925 980 1961 exeuntia.

322 1981 413 2019 Mox
436 1981 602 2018 dedimus
627 1977 672 2019 τό
695 1974 830 2018 παλαι.
858 1979 980 2029 Vulgo

323 2037 418 2075 male
452 2032 636 2075 τοπαλαι.
700 2035 760 2072 Ad
789 2049 984 2085 argumen-

324 2099 401 2131 tum
427 2094 547 2143 ipsmn
578 2094 608 2129 si
635 2097 859 2142 spectamm,
899 2105 985 2129 can-

325 2151 450 2187 didum
472 2150 558 2186 inde
584 2153 737 2199 apparet
758 2161 801 2186 ac
832 2149 985 2200 simplex

323 2205 453 2244 Nostri
482 2206 641 2242 studium
670 2205 763 2252 veri,
812 2218 886 2254 quo
916 2207 985 2242 du«

325 2266 402 2299 ctus
416 2261 550 2298 nullam
567 2275 664 2309 rem,
693 2260 750 2299 vel
766 2274 858 2308 eam,
889 2275 984 2310 quae

325 2318 506 2356 levissima
526 2318 725 2364 videretur,
755 2318 985 2367 praetermit-

325 2379 421 2411 teret
457 2374 796 2422 accuratissimeque
821 2376 984 2421 referret,

326 2442 562 2479 quaecunque
593 2431 642 2466 ad
673 2431 903 2480 propositum
928 2431 985 2467 fa-

327 2499 408 2523 cere
434 2487 652 2523 viderentur.
714 2486 825 2528 Quod
854 2487 984 2523 merito

326 2541 451 2578 laudat
476 2541 695 2578 Dahlmann.
714 2541 753 2578 in
780 2542 920 2579 Herod.
946 2555 983 2591 p.

329 2600 420 2638 177.
477 2596 576 2633 Nam
607 2597 697 2634 haec
716 2597 828 2633 verba
855 2598 983 2633 adum-

325 2653 530 2690 brationem
564 2653 668 2701 quasi
707 2652 817 2688 totius
861 2653 982 2701 operis

326 2710 528 2755 continent,
558 2709 754 2758 paucisque
777 2709 984 2745 universum

325 2764 454 2801 Nostri
507 2764 692 2801 consilium
745 2764 783 2799 in
835 2764 986 2800 historia

324 2833 420 2858 nunc
441 2821 656 2871 exponenda
682 2820 878 2857 declarant.
909 2820 985 2856 Ubi

327 2876 392 2915 Cr.
413 2877 569 2916 conferri
577 2877 678 2915 iubet
693 2876 784 2915 Plat.
802 2877 849 2914 de
861 2875 983 2926 Legg.

478 885 670 938 Κροῖσος
695 876 752 939 ἦν
776 882 923 935 Λυδὸς
946 882 1027 940 μὲν
1050 882 1193 940 γένος,
1222 887 1324 936 παῖς
1343 882 1390 929 δὲ
1407 881 1657 938 Ἀλυάττεω,

1038 1077 1091 1116 ΙΠ
1115 1091 1151 1128 p.
1169 1080 1262 1119 676.
1297 1078 1346 1127 (s.
1380 1092 1417 1129 p.
1442 1081 1524 1120 278
1557 1077 1697 1125 Bekk.)

1040 1134 1136 1172 Add.
1171 1134 1286 1183 lager.
1328 1134 1487 1185 Disputt.
1529 1135 1696 1172 Herodd.

1039 1191 1385 1239 (Gotting.1828)
1414 1204 1498 1248 pag
1529 1190 1594 1232 49-

1093 1262 1141 1286 τα
1169 1244 1213 1286 δὲ
1239 1242 1305 1286 ἐπ’
1332 1247 1430 1298 ἐμοῦ
1452 1249 1507 1298 ἠν
1533 1241 1697 1299 μεγαλα]

1036 1304 1058 1340 i.
1091 1317 1122 1342 e.
1177 1316 1266 1353 quae
1298 1316 1374 1341 mea
1413 1307 1530 1340 aetate
1562 1316 1699 1352 magna

1036 1362 1199 1407 fuerant,
1243 1364 1351 1397 antea
1389 1372 1504 1410 parva
1540 1361 1697 1397 fuerunt.

1035 1416 1242 1454 Dictionem
1257 1411 1317 1454 ἐπ’
1338 1415 1437 1467 ἐμοῦ
1465 1429 1542 1453 mea
1567 1420 1697 1462 aetate,

1037 1484 1112 1509 mea
1138 1475 1299 1509 memoria
1334 1473 1424 1509 satis
1455 1473 1610 1509 illustrat
1630 1472 1694 1510 Fi-

1037 1530 1150 1566 scher.
1174 1529 1223 1566 ad
1245 1528 1502 1575 u2'e11.111,6
1533 1542 1570 1578 p.
1603 1530 1698 1571 228.

1038 1585 1100 1622 Tu
1131 1587 1174 1622 cf.
1201 1585 1341 1622 Herod.
1367 1584 1464 1632 VIII,
1489 1585 1556 1626 44.

1093 1638 1166 1692 τήν
1200 1635 1472 1691 ἄνθρωπηΐην
1515 1635 1573 1680 ὦν
1616 1639 1698 1681 ἐπι-

1038 1709 1231 1749 σταμενος
1248 1693 1507 1748 ευδαιμονίήν
1532 1712 1569 1736 κ.
1591 1712 1623 1737 τ.
1644 1699 1697 1743 λ.]

1036 1755 1060 1791 i.
1088 1768 1118 1792 e.
1149 1767 1389 1803 „persuasum
1414 1756 1530 1803 igitur
1558 1754 1700 1801 liabens,

1037 1811 1224 1847 kzmuznam
1254 1810 1470 1861 felicitatem
1498 1813 1701 1860 neutiquam

1036 1867 1149 1904 eodem
1192 1867 1266 1903 loco
1309 1880 1466 1915 manere,
1516 1871 1699 1904 utrarum-

1038 1937 1103 1974 que
1117 1923 1261 1974 perinde
1284 1923 1430 1975 faciam
1458 1923 1699 1962 menstenemf‘

1273 2009 1378 2060 Cap.
1409 2007 1471 2046 VI.

1096 2093 1270 2143 Κροῖσος
1297 2085 1354 2143 ἦν
1381 2088 1522 2139 Λυδός
1546 2088 1619 2144 μὲν
1638 2088 1699 2144 γε’-

1040 2162 1111 2195 νος
1143 2162 1179 2186 κ.
1210 2163 1242 2187 τ.
1278 2151 1342 2194 λ.]
1404 2148 1506 2187 Male
1550 2149 1700 2198 quidam

1039 2200 1083 2244 τὸ
1118 2202 1256 2255 γένος-3
1310 2218 1380 2242 nos
1426 2204 1540 2242 secuti
1576 2216 1701 2241 sumus

1040 2261 1242 2310 Schweigh.
1286 2266 1323 2299 et
1360 2261 1477 2298 Gaisf.
1511 2260 1554 2298 In
1593 2273 1699 2310 seqq.

1041 2316 1163 2366 (quae
1195 2318 1321 2355 laudat
1358 2317 1572 2355 Ammonius
1612 2329 1702 2354 voce

1040 2369 1179 2425 τύρσιν.
1216 2387 1300 2425 pag.
1327 2374 1436 2422 138)
1477 2386 1601 2410 vocem
1633 2367 1701 2411 τύ-

1043 2445 1188 2481 ραννος
1225 2431 1347 2480 accipe
1384 2443 1428 2467 eo
1463 2442 1595 2476 sensu,
1627 2442 1701 2478 quo

1041 2487 1190 2523 omnino
1206 2499 1321 2534 regem
1340 2486 1486 2533 indicat,
1515 2498 1584 2523 nec
1601 2485 1702 2534 apud

1041 2546 1171 2592 poetas
1228 2543 1332 2579 unice
1390 2542 1445 2578 sic
1493 2544 1700 2589 usurpatur.

1042 2598 1151 2634 Conf.
1184 2610 1278 2646 quae
1297 2598 1429 2634 Creuz.
1450 2596 1647 2646 disputavit
1662 2596 1701 2632 in

1041 2654 1169 2701 fragm.
1206 2653 1287 2689 hist.
1315 2666 1351 2702 p.
1391 2652 1482 2693 151.
1515 2651 1612 2698 234,
1637 2652 1700 2701 qui

1040 2722 1135 2746 nnnc
1161 2709 1262 2745 addit
1292 2708 1459 2744 Eustath.
1488 2708 1536 2744 ad
1562 2708 1700 2756 Odyss.

1041 2764 1162 2801 XVHI
1188 2778 1223 2814 p.
1252 2765 1334 2805 658
1362 2763 1420 2800 lin.
1445 2766 1501 2804 30
1527 2765 1584 2801 ed.
1611 2764 1699 2801 Bas.

1041 2824 1077 2857 et
1110 2820 1246 2858 Sestini
1280 2820 1318 2856 in
1344 2819 1455 2867 libro,
1485 2820 1546 2868 qui
1573 2820 1700 2857 inscri-

1040 2876 1136 2915 bitur
1165 2875 1390 2915 Deserizion.
1438 2875 1536 2925 degli
1565 2875 1701 2913 Stateri
