1805 3315
356 254 412 295 70
758 247 1228 287 HERODOTI

359 361 509 415 λυβες,
544 356 857 416 Παφλαγόνες,
900 354 1103 412 Θρήϊκες,
1143 358 1188 400 οἱ
1220 359 1359 402 Θυνοί
1391 372 1435 400 τε
1470 357 1544 400 καὶ
1573 359 1645 400 Βι-

359 439 515 491 θυνοὶ,
560 440 727 494 Κᾶρες,
754 435 922 488 Ἴωνες,
971 434 1184 491 Δωριέες,
1225 438 1423 491 Αἰολέες,
1460 434 1647 493 Πάμφυ-

317 659 354 697 p.
379 649 431 687 27
435 648 471 687 9.
528 645 737 693 Sequuntur
762 642 799 680 in
817 642 887 680 hoc
903 656 971 694 po-

317 701 483 753 pulorum
503 713 654 738 recensu
675 698 838 750 Phryges
861 704 971 749 atque

321 758 444 808 Mysi,
501 769 653 805 quorum
691 761 815 794 tamen
849 756 971 804 sedes,

320 814 448 864 quales
469 813 652 850 Herodoti
681 813 815 850 suerint
840 816 971 860 aetate,

319 870 518 907 accuratius
541 869 693 907 definire
716 869 861 906 xixdum
877 868 971 906 licet.

321 927 430 964 Conf.
461 926 568 963 etiam
597 925 672 973 ΙΙΙ,
701 927 766 966 90.
822 924 973 962 Praeter

322 995 386 1031 ea,
426 995 520 1032 quae
555 981 664 1031 vulgo
691 982 729 1019 in
767 981 973 1018 universum

322 1040 370 1076 de
394 1039 450 1076 his
477 1039 646 1087 gentibus
673 1038 888 1085 traduntur,
917 1038 973 1074 sa-

323 1096 419 1133 ciunt
436 1096 505 1132 huc
525 1095 796 1144 quodammodo
818 1093 974 1131 Hoeckii

323 1153 508 1202 disputata
537 1152 594 1199 (in
612 1152 712 1188 Cret.
731 1151 760 1199 I,
779 1152 857 1191 109
872 1163 975 1199 seqq.

327 1210 428 1258 136)
460 1208 507 1245 de
541 1207 748 1256 Phrygibus
779 1219 977 1255 eorumque

324 1278 404 1302 cum
416 1263 530 1312 Lydis
548 1263 778 1311 commercio,
802 1276 881 1299 cum
897 1262 976 1311 qui-

325 1322 394 1358 bus
416 1322 487 1356 uua
509 1319 721 1370 plerumque
745 1319 977 1357 nominantur

326 1378 494 1426 adeoque
514 1376 793 1413 confunduntur.
844 1375 893 1412 Et
911 1376 977 1412 ad-

326 1438 432 1470 vocat
463 1433 541 1481 ille,
578 1436 723 1482 praeter
763 1431 978 1480 religionum

328 1489 595 1526 similitudinem
622 1492 732 1537 atque
758 1488 979 1525 coniunctio-

328 1559 430 1592 nem,
460 1546 507 1583 de
524 1544 682 1582 Maeone
702 1545 864 1594 inprimis
877 1544 980 1581 testi-

328 1602 509 1648 monium,
548 1602 611 1651 qui
637 1602 747 1638 modo
779 1601 979 1648 Phrygum,

329 1659 440 1696 modo
461 1657 668 1706 Lydorum,
703 1658 814 1694 modo
845 1657 977 1693 utrius-

330 1728 402 1764 que
421 1714 540 1762 gentis
560 1726 621 1750 rex
638 1713 880 1762 perhibeatur.
921 1712 981 1749 De

330 1770 490 1808 Maeone
510 1783 578 1806 nos
607 1769 760 1805 diximus
789 1770 837 1806 ad
866 1768 906 1816 I,
940 1771 979 1810 7.

334 1825 575 1876 Mariandyni
592 1826 804 1862 habitabant
816 1826 865 1868 ad
873 1825 983 1861 Ponti

331 1884 462 1921 Euxini
489 1895 607 1930 oram,
645 1882 852 1930 Bithyniam
888 1883 983 1918 inter

333 1945 444 1989 atque
467 1938 772 1988 Paphlagoniam,
803 1938 838 1975 T
840 1939 983 1975 hraces-

334 2009 406 2045 que
424 2000 461 2033 et
480 1995 551 2044 ipsi
573 1995 712 2042 origine
733 1995 847 2032 fuisse
857 1995 982 2031 dicun—

334 2058 404 2090 tur.
464 2052 572 2088 cons.
601 2051 721 2087 Strab.
742 2051 812 2088 XII
841 2065 876 2101 p.
901 2050 983 2092 542

335 2123 365 2148 s.
389 2110 483 2154 816,
501 2108 544 2144 C.
585 2107 656 2143 Alii
678 2120 742 2144 eos
771 2120 793 2143 a
821 2107 984 2144 Marian-

336 2166 434 2213 dyno
449 2165 526 2200 sive
546 2163 730 2201 Cimmerii
762 2164 838 2201 sive
856 2162 984 2201 Phinei

336 2221 409 2258 filio
456 2220 629 2257 oriundos
684 2221 854 2265 tradunt,
911 2220 984 2256 vid.

337 2276 458 2314 Schol.
480 2277 529 2313 ad
546 2275 667 2326 Apoll.
688 2277 810 2314 Rhod.
828 2276 875 2324 ΙΙ,
888 2276 982 2317 725.

339 2333 432 2373 140.
490 2332 600 2381 Apud
614 2333 842 2370 Herodotum
861 2345 985 2369 eorum

338 2388 474 2426 mentio
494 2389 535 2425 fit
552 2388 645 2425 iufra
672 2389 745 2436 III,
766 2392 819 2430 90
852 2393 888 2426 et
905 2388 985 2435 VII,

339 2448 365 2486 7
370 2449 406 2486 2.
455 2445 609 2482 Postera
627 2450 747 2483 autem
769 2450 889 2482 aetate
905 2444 986 2481 illos

339 2502 386 2538 ab
403 2500 628 2538 Heracleotis
647 2502 714 2538 sub
745 2502 869 2550 iugum
901 2501 987 2538 mis-

340 2570 403 2593 sos
419 2556 593 2604 legimus3
623 2557 671 2594 de
700 2570 772 2605 quo
806 2556 872 2594 Cr.
899 2568 986 2593 oon-

341 2614 412 2650 sert
448 2611 623 2648 Posidon.
671 2625 730 2662 ap.
767 2610 897 2650 Athen.
936 2611 987 2648 VI

340 2682 379 2719 p.
411 2669 492 2709 263
532 2668 748 2715 (Posidonii
790 2668 892 2717 reliq.
933 2668 992 2705 ed.

342 2724 445 2761 Bake
464 2738 499 2774 p.
514 2726 613 2773 176)
634 2725 755 2762 Strab.
770 2723 793 2760 l.
813 2724 835 2761 l.
848 2725 991 2774 p.817.

345 2779 440 2818 Add.
467 2781 613 2818 Ruhnk.
648 2781 697 2818 ad
728 2779 871 2818 Timaei
902 2779 991 2819 Lex.

344 2850 383 2887 p.
409 2836 502 2877 214.
530 2836 610 2875 Ast.
632 2838 680 2876 ad
699 2836 790 2875 Plat.
815 2836 990 2887 deLegg.

345 2906 384 2944 p.
408 2894 501 2934 322.

1097 642 1266 695 Chalybes
1289 644 1351 693 qui
1382 643 1556 694 deinceps
1578 643 1692 680 nomi-

1039 706 1195 749 namur,
1234 701 1349 751 probe
1387 700 1433 736 ab
1473 700 1529 737 his
1564 699 1693 736 distin-

1039 757 1199 806 guendi,
1229 770 1322 806 quos
1352 755 1462 804 vulgo
1485 755 1693 793 Chaldaeos

1039 815 1249 861 nominant,
1288 824 1459 861 magnam
1489 811 1584 848 illam
1612 812 1693 860 qui-

1040 870 1123 907 dem
1144 869 1367 918 antiquitatis
1398 871 1564 917 gentem,
1594 868 1694 904 cuius

1040 927 1149 963 sedes
1170 925 1264 962 ultra
1283 925 1405 973 Halyn
1413 926 1569 962 fuerunt.
1584 923 1694 961 Plura

1044 983 1091 1020 de
1101 982 1157 1018 his
1168 982 1296 1018 Ritter.
1307 981 1511 1018 Erdkunde
1527 980 1562 1017 II
1571 983 1692 1030 p.787

1041 1052 1123 1087 sqq.
1153 1037 1294 1075 Hoeck.
1314 1038 1427 1074 Creta
1444 1036 1505 1088 lp.
1518 1037 1601 1078 294
1610 1050 1692 1086 sqq.

1043 1095 1116 1139 Qui
1136 1107 1221 1131 vero
1240 1094 1293 1131 eis
1310 1093 1432 1141 Halyn
1450 1093 1472 1130 i.
1485 1106 1517 1131 e.
1529 1094 1694 1130 occiden-

1042 1155 1117 1189 tem
1137 1164 1264 1188 versus
1283 1151 1328 1187 ab
1350 1149 1419 1186 hoc
1428 1149 1576 1187 flumine
1592 1149 1694 1186 habi-

1042 1209 1171 1245 tabant
1209 1206 1413 1255 ChalybeS,
1471 1205 1597 1256 quales
1638 1205 1696 1243 hic

1043 1263 1195 1312 intelligi
1211 1275 1362 1300 necesse
1386 1266 1463 1310 est,
1502 1275 1566 1300 eos
1597 1261 1696 1298 colo-

1043 1334 1113 1358 nos
1145 1320 1260 1357 fuisse
1294 1318 1490 1356 verisimile
1517 1323 1575 1356 est
1603 1318 1696 1356 illius

1045 1375 1248 1425 Chalybum
1292 1376 1432 1424 gentis,
1483 1387 1578 1424 quae
1602 1374 1698 1412 ultra

1043 1432 1169 1480 Halyn
1207 1444 1341 1480 magna
1378 1436 1415 1469 et
1459 1436 1609 1469 extensa
1658 1432 1696 1468 in

1044 1489 1227 1527 montibus
1271 1489 1364 1525 circa
1399 1487 1556 1525 Araxem
1588 1488 1698 1525 sedes

1045 1545 1210 1597 primitus
1248 1545 1426 1581 habuerat
1473 1547 1511 1581 et
1548 1543 1696 1581 ulterius

1046 1603 1139 1639 adeo
1178 1613 1262 1637 suas
1300 1601 1408 1638 sedes
1453 1601 1698 1650 pertenderat.

1049 1658 1169 1701 Quam
1197 1658 1349 1694 eandem
1375 1669 1397 1693 a
1418 1656 1576 1704 Scymno
1605 1656 1698 1693 Chio

1048 1712 1226 1764 appellari
1270 1717 1400 1764 putant
1454 1716 1603 1761 gentem
1659 1713 1696 1749 in

1047 1772 1179 1818 fragm.
1208 1782 1261 1805 vs.
1285 1771 1363 1811 181
1382 1782 1460 1818 seq.
1517 1768 1573 1806 Ab
1601 1769 1699 1806 hisce

1049 1839 1135 1863 vero
1183 1825 1345 1863 nonnihil
1380 1825 1533 1872 diversi,
1572 1838 1699 1874 quam-

1048 1895 1158 1932 quam
1198 1882 1361 1920 eiusdem
1402 1882 1500 1919 haud
1538 1881 1613 1917 scio
1652 1894 1699 1918 an

1048 1939 1192 1989 stirpi5‚
1250 1939 1417 1975 videntur
1454 1939 1500 1985 ii,
1546 1950 1699 1987 quorum

1049 1995 1257 2045 Xenophon
1277 1995 1440 2032 meminit
1467 1995 1506 2030 in
1525 1993 1695 2044 Expedit.

1051 2052 1140 2100 Cyri
1161 2050 1216 2098 V,
1233 2050 1257 2092 5
1270 2081 1281 2098 ,
1305 2055 1324 2091 1
1359 2050 1440 2097 (ubi
1458 2051 1530 2089 vid.
1550 2051 1698 2087 doctiss.

1049 2108 1292 2156 Kmegerum,
1304 2107 1381 2145 coll.
1393 2107 1534 2145 Hoeek.
1546 2108 1697 2157 p.299).

1050 2165 1101 2201 Hi
1121 2165 1215 2202 enim
1236 2165 1412 2201 orientem
1439 2176 1565 2201 versus
1593 2176 1615 2200 a
1630 2164 1698 2200 flu-

1051 2221 1148 2258 mine
1193 2220 1314 2269 Halye
1359 2220 1572 2257 habitabant
1600 2219 1699 2256 iuxta

1051 2277 1296 2326 Mosjnaecos
1340 2280 1377 2314 et
1422 2276 1628 2314 Tibarenos
1660 2275 1698 2312 in

1051 2334 1233 2371 montibus
1243 2333 1362 2370 Ponto
1372 2332 1513 2370 Euxino
1529 2332 1700 2369 finitimis.

1053 2390 1130 2427 Sed
1151 2391 1197 2427 de
1207 2389 1389 2427 Herodoti
1407 2392 1516 2438 gente
1535 2390 1702 2426 testimo-

1053 2446 1115 2483 nia
1157 2446 1290 2483 desunt
1327 2446 1567 2491 aocuratiora3
1606 2445 1700 2482 conf.

1053 2502 1184 2540 Ritter.
1205 2502 1229 2538 l.
1249 2502 1272 2539 l.
1292 2515 1330 2552 p.
1350 2505 1444 2543 791.
1501 2501 1644 2539 Hoeck.
1677 2500 1700 2539 l.

1054 2558 1076 2594 l.
1099 2571 1135 2606 p.
1158 2559 1252 2598 301.
1274 2560 1368 2599 302.
1428 2557 1630 2606 Chalybum
1646 2558 1701 2594 af-

1058 2613 1150 2650 fines
1171 2617 1255 2649 sunt
1277 2612 1545 2663 Paphlugones,
1563 2612 1624 2662 qui
1641 2625 1699 2650 sa-

1058 2668 1104 2705 tis
1126 2673 1211 2705 sunt
1227 2668 1315 2705 noti.
1353 2670 1563 2718 Sequuntur
1583 2668 1700 2706 Thra-

1058 2737 1130 2772 ces,
1163 2725 1326 2762 bifariam
1351 2726 1476 2773 divisi,
1504 2730 1581 2762 tum
1603 2725 1702 2777 Thy-

1058 2783 1118 2828 ni,
1144 2784 1220 2818 tum
1237 2779 1400 2832 Bithyni.
1449 2782 1703 2831 Intelligimtur

1060 2838 1154 2874 enim
1185 2836 1332 2874 Asiatici
1361 2838 1545 2887 Thraces,
1575 2839 1637 2889 qui
1663 2839 1703 2876 in

1059 2892 1208 2946 Europa
1236 2893 1320 2933 olim
1353 2895 1580 2945 habitantes,
1616 2895 1703 2933 inde
