1814 3315
645 249 864 289 CLIO.
922 250 950 290 1.
1348 256 1432 296 187

41 364 108 412 73
277 359 576 417 Ἐστρατεύετο
606 359 653 404 δὲ
687 358 713 404 ὁ
742 362 934 415 Κροῖσος
974 358 1044 403 ἐπὶ
1080 359 1161 417 τήν
1188 364 1426 406 Καππαδο-
1484 362 1764 432 ξζῧζῇζοίζῇξῑη

165 443 265 498 κίην
291 443 426 485 τῶνδε
456 441 622 484 εἵνεκα·
664 439 738 483 καὶ
763 443 844 496 γῆς
872 439 1031 497 ἱμέρῳ,
1062 439 1427 498 προσκτήσασθαι
1483 430 1764 498 ὶᾶᾏὲῗῗέιῗξῧὲἷὲπῖῗ

163 521 273 577 πρὸς
298 520 379 577 τὴν
408 519 578 564 §mvvofi
606 523 767 576 μοῖραν
795 518 1088 575 βθυλόμδνῡς·
1117 521 1191 564 καὶ
1220 495 1763 577 μάλιστα.9οὲὲίἑῗὲ3ῑῖἀὲ.“”’““

163 602 226 657 τῷ
252 601 498 658 χρηστηρίῳ
542 600 728 651 πίσυνος
755 597 863 652 ἐών,
919 600 992 643 καὶ
1038 601 1245 645 τίσασθαι
1281 602 1430 646 θέλων

132 675 273 734 Ξὺπὲρ
302 676 558 734 Ἀστυάγεος
585 682 754 735 Κῦρον.
811 677 1048 735 Ἀστυάγεα
1085 679 1196 736 γάρ,
1234 681 1312 725 τὸν
1340 685 1430 726 Κυ-
1488 695 1546 737 36

163 755 352 812 αξάρεω,
400 756 528 802 ἐόντα
564 760 764 813 Κροίσου
798 758 877 814 μὲν
908 757 1134 816 γαμβρόν,
1180 760 1352 817 Μήδων
1382 761 1428 806 δὲ

161 835 369 893 βασιλέα,
411 840 560 892 Κῦρος
590 837 614 882 ὁ
646 837 896 895 Καμβύσεω
937 839 1345 896 καταστρεψάμενος
1376 839 1433 884 εἶ-

161 931 234 972 χε,
291 915 530 973 γενόμενον
576 918 774 975 γαμβρὸν
821 919 1004 978 Κροίσῳ
1046 913 1143 962 ὦδε.
1212 920 1432 964 Σκυθέων

161 999 253 1040 τῶν
288 996 496 1053 νομάδων
543 999 634 1055 ε’ίλη
676 996 854 1055 ἀνδρῶν
889 997 1178 1051 στασιάσασα,
1220 998 1431 1056 ὑπεξῆλθε
1443 1008 1489 1044 95

136 1074 209 1127 3ἐς
242 1079 325 1132 γῆν
363 1076 443 1132 τὴν
481 1077 700 1134 Μηδικήν.
758 1076 1015 1133 ἐτυράννευε
1065 1078 1110 1121 δὲ
1148 1077 1228 1123 τὸν
1269 1078 1432 1135 χρόνον

165 1160 327 1200 τοῦτον
357 1156 530 1213 Μήδων
560 1155 814 1212 Κυαξάρης,
847 1155 871 1200 ὁ
907 1155 1161 1212 Φραόρτεω,
1191 1162 1271 1200 τοῦ
1300 1158 1433 1215 Δηϊό-

165 1252 268 1280 κεω·
301 1236 351 1288 ὃς
378 1235 483 1287 τούς
499 1235 684 1288 Σκύθας
712 1236 899 1287 τούτους
928 1236 978 1279 τὸ
1006 1236 1084 1291 μὲν
1112 1240 1288 1291 πρῶτον
1315 1252 1433 1292 περι-

166 1320 259 1360 εῖπε
288 1310 357 1368 εὖ,
403 1315 463 1367 οἷς
491 1314 645 1367 ἐόντας
675 1315 833 1366 ἱκέτας·
895 1314 1004 1359 ὥστε
1048 1315 1094 1359 δὲ
1127 1316 1225 1371 περὶ
1263 1320 1433 1360 πολλοῦ

163 1393 420 1452 ποιεόμενος
451 1393 641 1450 αὐτούς,
671 1393 830 1446 παῖδάς
851 1405 931 1451 σφι
949 1394 1173 1450 παρέδωκε
1195 1395 1275 1452 τὴν
1294 1399 1432 1452 γλῶσ-

108 1611 186 1666 νῆρ
211 1617 268 1653 est
287 1615 404 1666 pedes
426 1614 640 1665 expeditus,
669 1612 765 1652 bene

109 1671 264 1719 cinctus,
292 1684 360 1709 nec
374 1670 448 1709 ulla
465 1685 506 1709 re
523 1684 554 1709 s,
575 1684 687 1710 onere
699 1671 766 1708 im-

109 1728 268 1778 peditus.
288 1728 397 1766 Conf.
413 1727 443 1777 I,
458 1727 539 1770 104
556 1732 593 1766 et
605 1728 765 1778 Hesych.

109 1796 140 1822 s.
161 1796 196 1823 v.

281 1868 314 1906 c
327 1880 349 1906 a
359 1881 397 1920 p.
425 1866 598 1907 Lxxm.

165 1949 262 2005 πρὸς
285 1949 362 2004 τήν
390 1951 545 1993 ἑωυτοῦ
576 1954 768 2005 μοῖραν

110 2005 380 2061 βουλόμενος]
438 2009 560 2059 Vulgo
605 2009 766 2060 μοίρην.

109 2066 189 2104 Sed
230 2066 398 2117 plerique
448 2070 486 2105 et
523 2066 649 2118 optimi
684 2066 766 2104 libri

110 2126 280 2175 μοῖραν,
350 2123 451 2173 quod
496 2123 574 2161 iure
628 2122 766 2173 recepit

111 2179 229 2217 Gaisf.
257 2179 300 2217 In
326 2180 625 2218 antecedentibus
652 2181 764 2217 verba

109 2236 235 2275 τῶνδε
266 2235 399 2275 εἵνεκα
423 2238 520 2274 refer
551 2237 599 2274 ad
626 2239 766 2284 ternam,

109 2304 207 2342 quae
225 2293 397 2344 deinceps
414 2295 668 2344 proferuntur,
681 2305 766 2330 cau-

110 2360 185 2388 sas,
238 2348 283 2386 In
309 2362 412 2400 seqq.
449 2348 612 2401 βασιλέα
637 2350 766 2388 iterum

112 2417 196 2442 cum
213 2405 332 2443 Gaisf.
365 2419 410 2444 ex
427 2407 559 2444 iisdem
585 2406 686 2443 libris
709 2419 768 2444 re-

112 2461 337 2512 scripsimus.
393 2462 516 2512 Vulgo
538 2463 723 2515 βασιλῆα.

168 2517 365 2558 Σκυθέων
381 2521 464 2558 τῶν
474 2515 664 2571 νομάδων
683 2518 767 2570 ε’ίλη

113 2567 274 2626 ἀνδρῶν
310 2572 575 2627 στασιάσασα]
633 2574 717 2627 εἷ’λη
746 2587 769 2612 a

113 2629 323 2669 melioribus
336 2632 436 2669 libris
455 2633 605 2671 allatum
621 2636 769 2684 praetu-

114 2682 219 2722 limus
241 2686 386 2725 lectioni
403 2688 480 2740 ἴλη.
521 2689 575 2727 Ac
593 2690 768 2738 frequens

116 2738 207 2778 haec
225 2745 408 2792 confusio,
435 2746 482 2784 de
513 2746 586 2795 quei
616 2745 770 2783 Wesse-

118 2793 208 2845 ling.
241 2799 290 2836 ad
326 2799 480 2840 Diodor.
514 2800 624 2839 Sicul.
651 2800 771 2849 XVII,

117 2851 187 2892 33·
205 2874 260 2882 —
285 2848 447 2908 άνδραῖν
466 2871 546 2896 cum
565 2857 771 2896 Wesselin-

119 2907 184 2958 gio
224 2909 342 2961 placet
375 2913 576 2964 adiungere
612 2915 772 2964 genitivo

831 1613 912 1652 τῶν
934 1607 1146 1664 νομάδων,
1176 1617 1217 1651 ut
1236 1613 1367 1652 eadem
1389 1613 1490 1652 locu-

832 1669 885 1706 tio
899 1671 968 1717 sit,
998 1682 1094 1719 quae
1114 1670 1213 1720 apud
1230 1669 1374 1709 Arrian.
1409 1670 1490 1708 Ind.

808 1745 819 1751 ⁹
835 1728 909 1768 29:
937 1722 1152 1778 ἅνθρωποι
1171 1722 1356 1777 νομάδες,
1380 1727 1493 1765 aliae-

835 1795 907 1832 que
924 1783 1029 1819 huius
1051 1784 1196 1832 generis
1219 1783 1318 1820 haud
1332 1796 1414 1821 raro
1429 1797 1492 1820 oc-

836 1843 982 1876 currunt
1021 1839 1243 1887 locutiones,
1280 1839 1342 1877 ubi
1372 1834 1492 1892 άνῆρ,

836 1891 1057 1948 ἅνθρωπος
1092 1896 1162 1933 hoc
1186 1896 1298 1933 modo
1327 1896 1491 1934 additum

834 1952 1013 1990 videmus.
1059 1952 1183 2001 Magis
1205 1953 1370 2002 quaesita
1389 1953 1492 1991 vide-

834 2012 892 2046 tur
915 2009 1118 2058 Schweigh.
1148 2010 1241 2046 ratio
1279 2008 1403 2060 ,,εἰ’λη
1423 2005 1492 2049 άν-

835 2065 965 2117 δρῶν,
997 2078 1091 2115 quae
1123 2065 1208 2116 εἴλη
1241 2060 1401 2118 ἀνδρῶν
1425 2066 1494 2103 fuit

834 2121 917 2171 (ἐκ)
936 2120 1134 2161 Σκυθέων
1157 2124 1237 2161 τῶν
1262 2118 1492 2174 νομάδων.“

831 2178 892 2216 Ad
924 2183 1179 2229 argumentum
1209 2180 1303 2217 conf.
1327 2179 1368 2227 I,
1412 2181 1493 2220 103

832 2248 936 2285 seqq.
987 2236 1124 2273 Statuit
1145 2235 1317 2274 Volneius
1339 2235 1492 2287 (Suppl.

833 2293 856 2330 ὲ
875 2291 1080 2330 l'Herodot.
1098 2295 1170 2344 p.8
1181 2305 1285 2342 seqq.
1299 2293 1351 2334 15
1363 2293 1490 2342 seqq.)

834 2349 1012 2387 accidisse
1034 2349 1126 2397 hoc,
1158 2350 1258 2398 quod
1275 2349 1323 2386 de
1343 2349 1490 2398 Scythis

835 2405 1112 2444 advenientibus
1133 2405 1287 2454 legimus
1300 2434 1311 2454 ‚
1339 2409 1495 2443 exeunte

835 2475 933 2499 anno
967 2464 1050 2504 632
1088 2474 1122 2499 a.
1158 2462 1245 2499 Chr.
1279 2475 1314 2499 n.
1372 2461 1496 2511 Atque

836 2519 1048 2567 CyaxareS,
1088 2531 1133 2556 ex
1155 2519 1320 2557 eiusdem
1349 2518 1495 2556 Volneii

837 2574 1004 2623 calculis,
1058 2575 1272 2624 quibuscum
1318 2574 1494 2613 Larcheri

836 2635 1028 2682 computus
1050 2632 1238 2681 congruit,
1269 2632 1321 2669 ad
1339 2643 1495 2680 regnum

837 2692 896 2728 est
913 2692 1058 2727 evectus
1080 2701 1177 2725 anno
1200 2688 1284 2730 634
1303 2701 1336 2725 a.
1351 2688 1438 2725 Chr.
1456 2700 1493 2724 n.

835 2766 894 2773 —
926 2745 970 2782 In
998 2757 1103 2795 seqq.
1131 2745 1180 2782 ad
1209 2738 1256 2783 εὖ
1280 2742 1496 2795 περιέπειν,

837 2801 920 2838 bene
958 2805 1132 2850 tractare,
1176 2801 1249 2838 vid.
1286 2800 1407 2838 laudd.
1444 2800 1493 2836 ad

839 2857 1021 2895 Plutarch.
1047 2857 1203 2896 Flamin.
1227 2871 1264 2907 p.
1292 2860 1347 2898 79
1377 2859 1414 2892 et
1444 2855 1493 2891 ad

841 2913 970 2964 Pyrrh.
991 2927 1028 2967 p.
1044 2916 1140 2957 200.
1196 2913 1319 2951 Verba
1337 2909 1390 2959 ὥς
1406 2905 1492 2952 ε’όν-
