1759 3324
601 246 905 289 cL10.1.

133 363 298 410 τούτων
325 364 465 416 Κᾶρες
492 358 572 415 μὲν
599 357 827 413 ἀπιγμένοι
855 355 899 407 ἐς
926 353 1008 412 τὴν
1025 352 1208 412 ἤπειρον
1229 354 1276 400 ἐκ
1296 358 1386 399 τῶν

134 444 290 500 νήσων.
336 440 386 484 τὸ
415 437 500 495 γαρ
529 436 718 481 παλαιὸν
746 433 890 487 ἐόντες
929 435 1062 478 Μίνω
1091 450 1136 478 τε
1164 435 1389 492 κατήκοοι,

131 523 204 567 καὶ
231 518 480 575 καλεόμενοι
508 517 710 573 Λέλεγες,
756 512 872 571 εἶχον
909 513 984 566 τὰς
1012 512 1197 571 νήσους,
1241 513 1388 570 φόρον

1307 248 1394 289 375

129 601 208 659 μὲν
247 598 407 643 οὐδένα
441 596 765 647 ὑποτελέοντες,
824 593 932 639 ὅσον
966 594 1040 639 καὶ
1080 592 1162 650 ἐγώ
1202 594 1390 646 δυνατός

128 680 213 735 εἰμι
239 677 512 734 μακρότατον
548 675 762 730 ἐξικέσθαι
792 673 927 731 ἀκοῇ·
980 675 1025 718 οἱ
1053 673 1122 727 δὲ,
1152 672 1266 725 ὅκως
1295 676 1419 717 Μί-5

100 764 220 809 Θνως
249 757 409 810 δέοιτο,
440 756 658 815 ἐπλήρουν
687 757 731 800 οἱ
758 753 834 807 τὰς
863 753 974 806 νέας.
1006 752 1080 797 ἅτε
1110 752 1156 797 δὲ
1186 751 1239 810 δή
1259 755 1389 797 Μίνω

71 928 278 984 ἀπιγμένοι
298 931 339 981 ἔς
355 929 430 984 τὴν
452 928 621 984 ἤπειρον
639 947 723 972 κ.τ.

71 991 119 1037 λ.]
152 988 277 1038 Cares,
307 1003 399 1039 quos
419 989 584 1027 Graecae
601 990 722 1040 stirpis

70 1045 197 1083 volunt
227 1059 329 1094 esse,
366 1046 530 1096 primitus
556 1059 577 1083 e
605 1047 724 1084 Grae-

71 1103 126 1140 cia
141 1103 221 1152 ipsa
237 1104 420 1153 profectos
447 1101 586 1152 Aegaei
613 1102 721 1140 maris

72 1159 204 1196 insulas
237 1171 454 1209 occupasse,
490 1163 640 1196 narrant
666 1159 723 1196 hi-

72 1216 211 1259 storici,
245 1216 467 1264 eosdemque
488 1219 524 1253 et
541 1220 720 1253 mercatu-

72 1284 112 1308 ra
128 1276 163 1309 et
183 1271 377 1309 latrociniis
397 1272 582 1309 maritimis
609 1271 720 1320 incly-

72 1333 128 1364 tos
149 1328 260 1366 fuisse
286 1329 435 1365 addunt.
492 1327 634 1366 Primus
662 1328 718 1364 iu-

69 1397 156 1432 gum
177 1384 245 1421 illis
261 1384 475 1435 imposuisse
498 1385 630 1422 dicitur
646 1383 720 1420 Mi-

68 1452 156 1488 nos,
212 1441 275 1490 qui
315 1441 451 1491 primus
496 1441 720 1478 Graecorum

68 1495 182 1535 classe
203 1497 394 1547 plurimum
410 1496 539 1545 valuit,
563 1496 720 1534 nonnul-

66 1553 121 1590 los
140 1554 342 1602 subigendo
362 1554 508 1603 suisque
533 1553 720 1592 Cretensi-

68 1611 135 1648 bus
170 1610 394 1658 adiiciendo,
423 1609 533 1658 alios,
575 1610 636 1660 qui
663 1611 720 1647 iu-

68 1679 153 1715 gum
173 1667 267 1703 ferre
281 1666 439 1713 nollent,
461 1666 651 1713 eiiciendo,
669 1666 720 1703 ita

68 1727 109 1760 ut
136 1722 260 1759 insulis
310 1723 440 1760 relictis
470 1724 519 1760 ad
554 1723 719 1773 proxima

68 1778 176 1816 Asiae
195 1778 302 1815 litora
317 1792 398 1817 sese
417 1779 632 1830 reciperent,
653 1779 720 1815 ibi-

67 1848 138 1884 que
156 1835 262 1872 sedes
286 1835 454 1885 figerent.
505 1835 617 1872 Unde
636 1837 720 1872 sunt

67 1904 190 1928 rursus
213 1891 310 1942 pulsi
328 1891 442 1929 multo
464 1895 550 1942 post
569 1891 721 1929 adveni-

66 1948 206 1986 entibus
236 1961 257 1985 e
282 1948 439 1986 Graecia
465 1948 633 1996 Ionibus,
671 1948 720 1986 de

66 2004 194 2053 quibus
214 2005 364 2041 vidimus
383 2005 432 2041 ad
449 2004 490 2051 Ι,
518 2007 610 2047 142.
659 2004 720 2041 Ad

65 2060 188 2110 priora
199 2064 366 2111 tempora
384 2061 485 2110 quod
507 2062 648 2109 attinet,
668 2060 718 2097 illi

66 2129 145 2154 cum
177 2116 414 2155 Cretensibus
439 2118 477 2154 in
505 2130 615 2155 unam
640 2118 719 2155 sere

66 2177 212 2222 gentem
250 2173 425 2212 coaluisse
458 2175 626 2223 adeoque
663 2173 718 2211 lo-

66 2230 202 2279 quendi
217 2243 331 2279 genus
342 2231 493 2268 istorum
504 2230 718 2269 assumsisse

66 2286 242 2324 videntur.
307 2286 453 2337 Leleges
497 2300 519 2325 a
560 2287 717 2325 Caribus

67 2354 140 2379 non
169 2344 299 2381 diversi
335 2349 398 2382 aut
433 2347 530 2383 certe
564 2357 643 2382 cum
672 2344 716 2381 iis

67 2397 116 2434 ita
134 2399 314 2450 permixti,
337 2405 375 2438 ut
396 2414 463 2451 pro
481 2413 555 2437 una
571 2401 719 2438 eadem-

69 2466 139 2503 que
169 2460 279 2505 gente
303 2458 432 2496 merito
467 2457 595 2494 haberi
628 2471 717 2508 pos-

70 2509 160 2558 sint,
187 2512 227 2549 id
245 2514 343 2561 quod
373 2517 518 2565 praeter
544 2513 717 2551 Herodo-

70 2569 144 2603 tum
187 2568 342 2618 suabo,
377 2570 597 2617 Pausanias,
639 2569 718 2618 alii,

71 2628 243 2661 asserunt.
272 2625 334 2663 Tu
355 2627 426 2664 vid.
449 2626 611 2676 pluribus
629 2626 719 2664 haec

72 2684 308 2728 exponentem
342 2682 463 2720 Raoul
481 2703 501 2711 -
525 2682 718 2730 Rochette,

70 2733 229 2774 Histoire
245 2738 292 2775 de
309 2737 493 2776 l'etabliss.
514 2739 580 2777 des
598 2739 717 2776 colon.

77 2790 207 2840 Greeq.
225 2792 242 2829 Ι
263 2806 348 2844 pag.
366 2798 448 2837 378
466 2807 548 2844 sqq.
568 2794 651 2837 384
663 2808 718 2845 sq.

71 2845 157 2896 ibiq.
176 2848 346 2888 Strabon.
366 2851 454 2889 XIV
472 2864 560 2905 pag.
583 2855 666 2895 976
690 2865 719 2889 s.

790 943 876 982 pag.
898 932 977 972 661
1007 929 1065 968 ed.
1087 928 1249 967 Casaub.
1268 928 1445 967 c011.X111

790 1001 827 1039 p.
851 990 932 1029 909
971 1000 1000 1024 S.
1032 998 1120 1037 pag.
1143 987 1223 1027 611
1242 985 1329 1023 Cas.

847 1045 972 1082 Μίνω
993 1056 1033 1081 τε
1056 1037 1266 1093 κατήκοοι]
1278 1041 1337 1080 De
1349 1045 1443 1079 stru-

789 1104 889 1138 ctura
909 1100 1003 1137 conf.
1024 1099 1071 1136 ad
1092 1098 1131 1146 I,
1155 1100 1244 1139 143.

849 1152 953 1207 εἶχον
984 1151 1055 1201 τὰς
1081 1151 1257 1205 νήσους]
1290 1154 1444 1192 Videtur

788 1213 937 1262 obloqui
958 1211 1194 1260 Thucydides
1218 1210 1254 1258 I,
1284 1209 1333 1257 4,
1368 1211 1442 1248 Ca-

787 1283 845 1307 res
866 1281 1018 1306 narrans
1041 1280 1064 1305 a
1080 1267 1206 1305 Minoe
1223 1266 1346 1304 insulis
1367 1267 1443 1316 Cy-

788 1326 949 1364 cladibus
971 1325 1105 1363 eiectos
1123 1337 1215 1361 esse.
1243 1323 1292 1360 Et
1309 1336 1348 1361 re
1357 1336 1443 1360 vera

786 1382 907 1432 potuit
922 1394 986 1419 eos
1003 1380 1132 1418 eiicere
1150 1379 1293 1426 Minos,
1327 1380 1356 1416 si
1380 1380 1442 1428 qui

786 1439 900 1489 ipsius
928 1437 1118 1488 imperium
1147 1439 1355 1474 recusarent
1377 1435 1442 1472 ali-

787 1508 903 1544 osque
938 1494 976 1531 in
1013 1506 1138 1532 eorum
1163 1492 1280 1529 locum
1308 1492 1441 1529 ducere

785 1551 957 1596 colonos,
994 1549 1132 1599 reliqua
1157 1553 1254 1587 terra
1283 1549 1325 1585 iis
1354 1547 1439 1586 reli-

787 1612 866 1656 cta,
896 1607 959 1657 qui
981 1607 1170 1657 imperium
1190 1606 1301 1656 ipsius
1322 1618 1439 1653 agno-

787 1668 939 1702 scerent.
951 1663 1057 1700 —In
1076 1662 1195 1700 verbis
1206 1662 1439 1711 sequentibus

787 1716 953 1767 δυνατός
973 1719 1052 1770 εἰμι
1062 1715 1307 1771 μακρότατον
1318 1733 1394 1756 κ.τ.
1406 1720 1441 1756 λ.

786 1776 976 1815 Werserus
1005 1777 1043 1813 in
1068 1775 1163 1813 Actt.
1191 1774 1328 1825 philoll.
1356 1773 1442 1811 Mo-

787 1846 886 1871 naco.
907 1833 936 1880 I,
949 1837 976 1874 2
994 1845 1080 1883 pag.
1093 1831 1175 1873 244
1191 1836 1276 1869 ante
1297 1827 1441 1882 uomod-

787 1904 906 1929 τατον
922 1889 1032 1927 inseri
1047 1888 1121 1925 vult
1143 1886 1227 1935 ἐπὶ,
1259 1888 1359 1936 quod
1387 1888 1441 1924 uti

788 1946 865 1984 aliis
884 1946 971 1983 locis
995 1945 1161 1982 additum
1183 1945 1375 1990 invenitur,
1390 1944 1441 1980 ita

786 2009 910 2040 tamen
933 2002 1003 2039 hoc
1030 2002 1111 2038 loco
1147 2014 1208 2038 cur
1235 2000 1445 2038 necessario

787 2059 1028 2097 adiiciendum
1049 2058 1118 2106 sit,
1138 2056 1233 2093 nulla
1254 2056 1338 2094 mihi
1359 2057 1439 2092 ido-

786 2129 855 2154 nea
873 2118 1028 2165 apparet
1048 2126 1168 2152 causa.
1217 2113 1322 2149 Conf.
1347 2112 1440 2149 infra

784 2173 840 2220 II,
860 2175 914 2214 29
931 2172 1007 2209 init.
1037 2169 1241 2218 Schweigh.
1262 2169 1297 2205 in
1316 2168 1440 2206 Lexic.

784 2229 926 2267 Herod.
944 2228 977 2265 Π
994 2241 1030 2279 p.
1053 2226 1107 2270 84
1128 2227 1285 2264 eandem
1300 2227 1442 2275 profert

785 2286 1050 2336 suspicionem,
1080 2283 1311 2321 Herodotum
1335 2281 1441 2318 forsi-

784 2346 849 2381 tan
886 2342 1090 2392 scripsisse:
1131 2338 1215 2379 ἐπὶ
1253 2333 1442 2390 μακρότα-

786 2413 877 2447 τον;
906 2399 1025 2449 ipsum
1044 2409 1130 2434 vero
1149 2396 1265 2433 locum
1287 2395 1336 2432 sic
1356 2394 1441 2432 red-

784 2456 892 2494 didit:
929 2484 955 2502 „
971 2458 1139 2504 quantum
1170 2465 1254 2501 ego,
1283 2453 1440 2501 superio*

784 2525 862 2550 rum
877 2516 1066 2561 temporum
1086 2510 1284 2546 memoriam
1304 2507 1440 2544 altissi—

784 2581 837 2606 me
861 2571 1036 2618 repetens,
1077 2566 1206 2604 audita
1240 2576 1442 2613 cognoscere

780 2626 924 2677 potui.“

842 2681 884 2721 οἷ
912 2679 955 2720 δὲ
984 2702 1041 2708 ——
1066 2674 1267 2728 ἐπλήρουν
1296 2676 1341 2716 οἷ
1370 2672 1442 2723 τοὶς

786 2737 904 2785 νέας]
937 2736 979 2777 οἱ
1005 2733 1056 2776 δὲ
1072 2758 1128 2764 -—-
1151 2730 1354 2785 ἐπλήρουν
1384 2733 1442 2770 di-

785 2795 858 2842 xit,
891 2807 934 2832 ac
956 2794 987 2831 si
1010 2797 1120 2831 antea
1141 2792 1339 2840 legeretur:
1371 2784 1444 2838 φό-

788 2866 860 2904 ρον
882 2847 956 2903 μὲν
977 2844 1124 2890 ου’δένα
1146 2845 1376 2894 ’ὗπετέλεονς
1398 2846 1448 2881 ita

1446 364 1485 392 do
1513 372 1548 392 se
1577 366 1722 400 quomodo

1443 398 1583 425 tradant:
1612 399 1723 434 Iupiter

1448 432 1574 459 Car-ius:
1606 432 1722 467 Misus,

1446 464 1559 499 Lydus,
1571 464 1643 499 Car,
1663 471 1723 493 tres

1446 498 1557 526 fratres
1577 500 1720 532 germani.
