1759 3324
382 253 468 293 826

778 256 1250 295 HERODOTI

383 363 436 406 τὰ
464 363 543 420 μὲν
563 397 575 417 ,
623 363 818 420 ὑπόγαια
838 398 849 418 ,
897 366 949 409 τὰ
987 366 1032 410 δὲ
1056 399 1067 419 ,
1107 367 1299 422 μετέωρα
1330 368 1392 412 ἐπ’
1422 368 1644 420 ἐκείνοισι,

381 445 593 499 τρισχίλια
623 442 838 500 ἀριθμὸν,
888 448 1188 490 πεντακοσίων
1221 448 1292 490 καὶ
1321 451 1469 503 χιλίων
1499 448 1644 492 ἑκάτε-

381 539 451 578 ρα.
481 523 532 565 τοὶ
562 522 642 577 μέν
670 540 755 566 νυν
795 525 988 580 μετέωρα
1023 530 1114 569 τῶν
1155 526 1403 584 οἰκημάτων
1441 524 1567 570 αὐτοί
1599 543 1642 570 τε

381 601 562 656 ὁρέομεν
594 601 843 654 διεξιόντες,
891 605 962 647 καὶ
993 605 1118 649 αὐτοὶ
1145 605 1407 662 θεησάμενοι
1436 606 1640 661 λέγομεν·

350 680 433 723 5τά
476 680 521 724 δὲ
563 678 710 723 αὐτῶν
746 679 940 736 ὑπόγαια
980 684 1148 739 λόγοισι
1186 683 1539 742 ἐπυνθανόμεθα.
1600 687 1643 728 οἱ

377 759 462 814 γὰρ
493 759 744 810 ἐπεστεῶτες
772 763 859 802 τῶν
886 763 1136 817 Αἰγυπτίων
1166 763 1391 807 δεικνύναι
1423 764 1531 808 αὐτὰ
1563 764 1641 808 οὐ-
1653 772 1698 805 30

378 841 527 893 δαμῶς
556 837 740 894 ἤθελον,
789 839 980 895 φάμενοι
1016 840 1158 897 θήκας
1199 840 1357 886 αὐτόθι
1402 841 1514 888 εἶναι
1551 848 1639 888 τῶν

319 1048 435 1094 guunt
464 1043 600 1092 οἴκους
639 1046 726 1094 (des
760 1046 865 1084 sallas
893 1060 976 1097 spa-

319 1102 477 1148 cieuses).
491 1104 515 1122 “
576 1103 650 1140 Cr.
710 1104 787 1141 Sed
827 1103 974 1150 οἴκους,

317 1170 409 1207 quos
439 1159 474 1195 in
500 1158 694 1209 labyrinthi
730 1161 974 1211 descriptione

316 1219 422 1251 vocat
451 1216 607 1264 Strabo,
651 1230 726 1254 non
762 1217 851 1254 alios
891 1231 972 1255 esse

316 1276 428 1320 atque
457 1268 656 1323 οἰκήματα
677 1275 776 1324 apud
800 1274 973 1312 Herodo-

316 1331 391 1364 tum
410 1333 536 1366 monet
555 1330 776 1369 Letronnel.
791 1330 813 1367 l.
826 1344 863 1381 p.
878 1331 970 1377 147,

316 1385 378 1433 qui
397 1384 494 1422 idem
521 1400 558 1436 p.
584 1387 662 1427 143
695 1400 819 1425 vocem
846 1386 971 1426 ἔνεστι

314 1440 349 1477 11.
369 1440 392 1477 l.
410 1442 556 1480 minime
576 1444 624 1480 ad
644 1444 835 1481 duodecim
855 1443 968 1491 aulas,

315 1498 381 1535 sed
409 1499 457 1534 ad
489 1498 730 1548 labyrinthum
764 1502 969 1538 universum

314 1559 478 1604 spectare
507 1561 654 1602 censet,
681 1558 732 1594 ita
762 1561 800 1593 ut
829 1558 969 1595 duode-

314 1611 383 1648 cim
405 1611 508 1648 aulae
527 1613 562 1649 in
582 1614 704 1650 medio
718 1614 883 1651 aedificio
897 1615 969 1651 sint

313 1666 558 1716 collocandae,
583 1670 719 1707 cinctae
740 1670 968 1708 circumcirca

311 1723 367 1760 his
388 1724 482 1762 mille
496 1727 704 1775 quingentis
725 1726 966 1774 conclavibus,

311 1792 378 1830 per
407 1794 502 1830 quae
525 1783 572 1818 ad
599 1784 697 1832 ipsas
727 1783 828 1820 aulas
858 1785 968 1821 suerit

311 1837 491 1874 introitus.
530 1837 580 1875 At
602 1841 779 1888 refragari
800 1841 969 1877 videntur

311 1894 443 1931 verba:
481 1892 550 1933 δισί
581 1897 662 1934 τῶν
695 1892 881 1944 αὐλέων,
921 1898 968 1934 de

311 1951 442 1999 quibus
463 1950 568 1988 infra.

367 2006 578 2058 τρισχίλια]
624 2006 713 2045 Tria
738 2009 852 2046 millia
876 2022 965 2046 con-

310 2061 423 2099 clavia
445 2069 610 2113 spectare
630 2066 796 2102 videntur
820 2067 866 2102 ad
887 2067 964 2103 ani-

309 2131 392 2155 mae
428 2126 585 2157 meatum
623 2122 698 2158 sive
732 2123 889 2159 reditum
920 2135 963 2159 ex

308 2174 466 2211 humano
512 2189 665 2226 corpore
705 2178 741 2213 in
791 2178 960 2226 regiones

309 2230 503 2276 coelestes;
527 2233 588 2280 qui
600 2234 735 2269 reditus
756 2236 862 2270 trium
882 2235 962 2270 mil-

308 2285 392 2322 lium
415 2299 592 2324 annorum
612 2290 730 2338 spatio
750 2290 960 2327 absolvitur.

307 2342 416 2379 Conf.
437 2343 480 2388 ΙΙ,
502 2345 580 2384 123
599 2344 685 2392 ibiq.
707 2350 797 2381 nott.
828 2346 960 2383 Creuz.

306 2398 469 2446 Symbol.
491 2398 506 2434 I
528 2413 563 2449 p.
582 2401 677 2440 377.
706 2422 762 2427 —
787 2402 828 2438 In
858 2415 960 2450 seqq.

306 2468 387 2492 cum
410 2455 596 2492 Gaisford.
619 2457 705 2493 dedi
726 2451 798 2495 αὐτ
812 2459 844 2495 ὦ
855 2472 878 2495 ν
892 2471 958 2507 pro

307 2506 408 2549 αὖτέ
418 2526 483 2549 ων.

363 2562 539 2618 φάμενοι
567 2563 703 2618 θήκας
734 2563 878 2606 αὐτόθι
907 2565 957 2607 εἶ-

305 2638 374 2662 ναι
406 2639 440 2661 κ.
459 2639 490 2661 τ.
516 2622 564 2674 λ.]
602 2619 737 2675 θήκας
765 2625 957 2662 conditoria

307 2680 423 2727 dicit,
454 2680 622 2729 sepulcra.
692 2681 774 2717 vid.
805 2680 863 2728 ΙΙ,
892 2684 957 2722 67.

305 2735 570 2784 Labyrinthum
601 2737 748 2785 regibus·
779 2737 958 2786 sepeliun-

307 2793 363 2829 dis
402 2792 620 2830 destinatum
659 2793 769 2829 fuisse
798 2793 956 2842 indeque

305 2849 550 2886 monumentis
595 2848 860 2899 Aegyptiorum
898 2863 956 2887 se-

306 2904 523 2955 pulcralibus
565 2905 831 2942 accensendum
875 2919 954 2944 esse

1043 1047 1164 1098 plures
1194 1047 1422 1096 retulerunt,
1476 1063 1694 1099 quamquam

1042 1111 1171 1141 nostra
1201 1110 1321 1143 aetate
1355 1105 1414 1142 alii
1434 1106 1540 1144 aliter
1559 1112 1696 1145 statue-

1042 1166 1136 1198 runt.
1194 1161 1277 1198 Vid.
1298 1163 1408 1199 modo
1433 1163 1545 1200 Beck.
1578 1163 1695 1201 welt-

1043 1217 1163 1266 gesch.
1188 1230 1274 1267 pag.
1295 1222 1389 1260 722.
1418 1218 1606 1257 Letronne
1625 1220 1649 1257 l.
1668 1221 1691 1258 l.

1040 1287 1126 1325 pag.
1148 1274 1239 1315 154.
1280 1275 1474 1325 Templum
1501 1281 1537 1314 et
1558 1276 1693 1314 curiam

1040 1331 1151 1368 fuisse
1172 1335 1276 1381 putat
1300 1332 1429 1381 Zo'ega
1454 1333 1502 1370 de
1526 1332 1691 1371 obelisco.

1039 1400 1126 1437 pag.
1148 1387 1229 1428 417
1254 1393 1329 1425 not.
1342 1392 1366 1430 9
1379 1418 1389 1436 ,
1407 1394 1606 1426 commotus
1625 1403 1693 1439 po-

1039 1445 1215 1481 tissimum
1234 1445 1425 1482 Strabonis
1447 1446 1564 1482 verbis
1587 1446 1689 1482 XVII

1037 1514 1073 1550 p.
1101 1502 1218 1542 1165.
1251 1502 1357 1542 1135
1390 1505 1426 1539 et
1456 1502 1560 1539 Plinii
1589 1502 1623 1539 h.
1653 1516 1689 1539 n.

1037 1556 1220 1604 XXXVI,
1246 1560 1297 1599 13
1313 1586 1324 1605 ,
1364 1558 1452 1594 illud
1477 1572 1563 1595 vero
1599 1560 1690 1596 adii-

1037 1614 1149 1660 ciens,
1167 1614 1371 1663 quicunque
1389 1614 1582 1662 labyrinthi
1602 1628 1689 1652 con-

1035 1670 1132 1706 ditor
1148 1672 1254 1708 fuerit
1266 1700 1276 1718 ,
1297 1684 1379 1708 eum
1404 1671 1606 1721 sepulcrum
1624 1672 1689 1708 ha-

1035 1727 1160 1764 buisse
1208 1728 1324 1764 videri
1371 1727 1437 1764 sub
1486 1728 1687 1777 pyramide,

1038 1796 1132 1832 quae
1151 1783 1315 1821 aedificio
1335 1788 1416 1821 erat
1439 1785 1582 1821 adiecta
1593 1784 1685 1831 (vid.

1036 1853 1072 1889 p.
1087 1839 1168 1881 417
1187 1844 1264 1877 not.
1287 1843 1338 1881 10
1356 1840 1379 1877 l.
1403 1839 1459 1888 1.).
1490 1840 1686 1878 Mannerto

1036 1896 1195 1945 (Geogr.
1221 1898 1256 1933 d.
1291 1897 1355 1933 Gr.
1384 1910 1419 1933 u.
1443 1897 1551 1934 Ram.
1577 1897 1636 1945 X,
1661 1899 1682 1937 1

1034 1965 1120 2003 pag.
1140 1953 1252 2002 440)
1281 1953 1454 2003 palatium
1484 1953 1582 1990 haud
1608 1953 1686 1990 vul-

1034 2022 1122 2058 gare
1133 2011 1246 2047 fuisse
1257 2010 1397 2047 videtur
1408 2031 1456 2036 —
1466 2010 1525 2047 ein
1535 2009 1685 2047 Pracht-

1033 2066 1203 2114 gebaude
1215 2080 1284 2102 von
1298 2079 1393 2115 ganz
1406 2065 1607 2115 eignerArt
1615 2087 1683 2112 —‚

1031 2123 1132 2171 quod
1150 2128 1272 2159 tamen
1289 2136 1395 2171 reges
1419 2123 1564 2160 minime
1581 2122 1683 2159 habi-

1029 2179 1152 2225 tarint,
1166 2193 1244 2215 cum
1258 2179 1539 2228 haudquaquam
1555 2184 1682 2227 aptum

1028 2235 1136 2271 fuerit
1155 2236 1203 2271 ad
1222 2235 1468 2272 habitandum.
1497 2235 1593 2271 Galli
1612 2235 1680 2271 do-

1029 2291 1075 2326 cti
1094 2291 1186 2337 (vid.
1203 2291 1225 2326 l.
1242 2291 1264 2326 l.
1286 2304 1372 2341 pag.
1386 2291 1460 2337 40)
1480 2291 1578 2327 haud
1601 2291 1679 2338 qui-

1027 2346 1111 2382 dem
1140 2352 1277 2394 negant
1307 2351 1343 2384 et
1367 2359 1473 2395 reges
1503 2352 1540 2383 et
1557 2359 1680 2384 croco-

1028 2401 1121 2438 dilos
1147 2414 1266 2438 sacros
1296 2403 1332 2438 in
1352 2403 1554 2452 labyrintho
1573 2416 1679 2453 sepe-

1026 2456 1081 2493 liri
1107 2458 1267 2506 potuisse
1298 2459 1465 2507 adeoque
1487 2459 1677 2497 nonnullos

1027 2526 1154 2550 revera
1181 2514 1341 2564 sepultos
1368 2516 1500 2562 videri3
1531 2516 1677 2554 minime

1027 2573 1149 2606 tamen
1180 2584 1261 2608 eum
1288 2572 1325 2607 in
1356 2584 1460 2609 usum
1488 2573 1592 2610 unice
1612 2585 1676 2609 ex-

1027 2631 1199 2663 structum
1240 2628 1383 2674 videri,
1437 2641 1516 2665 cum
1553 2628 1675 2678 potius

1026 2685 1227 2732 temporum
1247 2684 1398 2721 decursu
1417 2685 1465 2721 ad
1484 2685 1599 2721 varias
1616 2698 1674 2722 res

1026 2739 1102 2775 eius
1148 2753 1234 2776 usus
1290 2741 1451 2777 revocari
1504 2741 1672 2790 potuerit.

1024 2795 1129 2838 Quae
1158 2808 1238 2832 cum
1266 2796 1316 2833 ita
1342 2797 1413 2832 sint
1432 2825 1443 2843 ,
1483 2796 1673 2846 probabile

1024 2852 1167 2888 videtur
1202 2853 1286 2888 viris
1326 2852 1482 2899 iisdem,
1515 2853 1671 2901 labyrin-

1021 2906 1122 2945 thum
1139 2907 1250 2946 suisse
1278 2908 1416 2956 locum,
1446 2910 1483 2946 iu
1505 2921 1578 2958 quo
1597 2908 1670 2947 Ae-
