1759 3324
17 507 111 541 ptum

340 262 427 305 440

753 254 1217 298 HERODOTI

13 367 121 438 22¹3?ss
122 367 293 441 ἤξῖἓξεῖἶξ·
345 387 431 427 μας
458 368 636 421 ἑκάστας
663 367 776 422 ἅπαξ
802 371 883 412 τοῦ
911 368 1022 419 ἔτεος
1050 364 1235 411 ἑκάστου
1266 362 1454 408 ἐποιέετο
1483 361 1599 406 τάδε.

15 439 82 466 cinni
85 423 292 476 numatenui-

17 479 52 498 or
38 471 119 497 r.iub
136 469 290 498 fiericoe

348 450 407 502 ὥς
435 448 490 493 ἂν
517 450 564 492 αἱ
590 447 805 502 παρθένοι
831 448 1028 502 γινοίατο
1056 445 1207 502 γάμων
1231 442 1414 498 ωραῖαι,
1442 441 1603 493 ταύτας

348 531 460 581 ὅκως
488 526 779 584 συναγάγοιεν
807 525 969 577 πάσας,
1023 525 1066 574 ἐς
1093 525 1144 567 ’ἐν
1177 525 1340 580 χωρίον
1371 522 1605 578 ἐσάγεσκον

319 608 499 659 3ἁλέας·
532 606 652 661 πέριξ
681 605 726 648 δὲ
757 604 888 655 αὐτὰς
917 605 1062 647 ἵστατο
1093 602 1245 658 ὅμιλος
1275 601 1462 656 ἀνδρῶν.
1517 599 1605 644 ἀνι·

351 686 454 738 στὰς
482 686 528 730 δὲ
551 683 660 729 κατά
689 685 795 740 μίαν
822 680 1007 738 ἑκάστην
1034 681 1173 737 κήρυξ
1205 681 1437 734 πωλέεσκε,
1491 683 1604 735 πρῶ-
1618 687 1663 720 80

351 782 405 810 τα
433 765 511 821 μὲν
538 763 617 819 τὴν
646 759 942 832 εὐειδεστάτην
973 760 1019 804 ἐκ
1046 761 1239 803 πασέων·
1271 758 1376 815 μετὰ
1404 759 1473 811 δὲ,
1493 758 1608 810 ὅκως

354 843 463 898 αὕτη
492 839 684 896 εὑροῦσα
711 837 876 885 πολλὸν
895 839 1084 894 χρυσίον
1107 838 1322 893 πρηθείη,
1354 835 1487 893 ἄλλην
1513 837 1609 881 α’νε-

325 919 571 976 4κήρυσσε,
610 919 639 976 ἢ
667 917 759 977 μετ’
789 918 957 974 ἐκείνην
992 916 1087 961 ἔσκε
1124 913 1407 972 εὐειδεστάτη.
1458 915 1610 960 ἐπωλέ-

354 1015 460 1044 οντο
487 999 533 1044 δὲ
562 998 630 1043 ἐπὶ
659 995 922 1053 συνοικήσει.

982 994 1082 1040 ὅσοι
1113 995 1192 1051 μὲν
1224 994 1277 1051 δή
1308 995 1435 1038 ἔσκον
1464 993 1612 1039 εὐδαί-

358 1095 488 1136 μονες
523 1082 613 1122 τῶν
649 1077 948 1134 Βαβυλωνίων
996 1075 1221 1131 ἐπίγαμοι,
1271 1074 1669 1132 ὑπερβάλλοντες85

359 1156 574 1214 ἀλλήλους
601 1156 834 1210 ἐξωνέοντο
873 1155 950 1206 τὰς
988 1153 1376 1204 καλλιστευούσας·

1435 1153 1532 1197 ὅσοι
1569 1154 1615 1198 δὲ

359 1241 440 1280 τοῦ
468 1235 609 1293 δήμου
638 1236 767 1280 ἔσκον
795 1234 1018 1291 ἐπίγαμοι,
1051 1230 1177 1278 οὗτοι
1203 1233 1250 1277 δὲ
1279 1235 1416 1285 εἴδεος
1444 1233 1523 1290 μὲν
1544 1231 1618 1278 οὕ-

362 1316 438 1360 §zv
463 1315 636 1360 ἐδέοντο
664 1316 879 1372 χρηστοῦ,
929 1315 971 1358 οἱ
1001 1311 1044 1358 δ’
1073 1312 1130 1357 ἂν
1157 1313 1351 1370 χρήματά
1378 1329 1423 1358 τε
1450 1314 1525 1358 καὶ
1553 1315 1617 1358 αἶ-

309 1506 367 1539 set
395 1500 544 1549 slavos,
582 1513 674 1551 quos
710 1501 811 1552 ipsos
851 1498 960 1550 prisci

310 1558 466 1595 dixerint
491 1558 664 1605 Henetos,
691 1561 821 1607 postea
839 1557 960 1593 Antos.

311 1614 522 1652 Henetorum
550 1628 578 1652 s.
610 1613 803 1651 Enetomm
830 1625 963 1650 nomen

313 1671 459 1708 ductum
490 1683 569 1708 esse
597 1671 643 1708 ab
680 1665 855 1720 αἰνητὸς,
886 1668 962 1705 cla-

313 1740 393 1774 rus,
421 1727 591 1774 illustris,
620 1727 658 1762 in
680 1739 799 1775 eoque
817 1737 964 1776 prorsus

312 1796 514 1832 congruere
535 1783 671 1820 nomini
694 1782 847 1832 Slauny,
866 1781 968 1830 quod

317 1844 356 1877 et
380 1840 499 1891 ipsum
528 1840 574 1877 sit
608 1839 743 1888 clarus,
775 1838 966 1876 illustris.“

318 1895 390 1933 Cr.

375 1977 430 2026 ὥς
454 1975 505 2018 ἂν
523 1978 568 2018 αἴ
584 1976 782 2030 παρθένοι
801 1994 823 2031 γ
836 1976 965 2017 ινοία-

318 2033 386 2086 το]
416 2035 537 2073 Libris
567 2036 707 2086 scriptis
735 2035 853 2072 invitis
878 2034 964 2071 olim

317 2091 507 2140 legebatur
524 2107 547 2144 γ
559 2092 718 2131 ενοίατο
729 2120 741 2138 ,
770 2091 870 2139 quod
887 2094 968 2128 tue-

320 2153 380 2185 tur
415 2160 543 2185 censor
573 2149 612 2184 in
646 2147 838 2197 Ephemm.
863 2146 966 2184 Ienn.

325 2206 433 2245 1817
477 2216 531 2241 nr.
566 2203 646 2244 164
672 2215 758 2254 pag.
787 2204 881 2243 373.
911 2222 968 2231 —-

322 2259 497 2297 Valcken.
522 2272 590 2310 pro
618 2273 670 2305 ως
697 2255 747 2297 τὶν
768 2258 894 2296 maluit
913 2253 969 2297 ὧν

324 2311 396 2362 ἂν,
428 2328 500 2364 quo
523 2316 670 2353 minime
700 2328 805 2366 opus.
863 2315 971 2354 Wer-

322 2373 401 2410 fero
430 2371 468 2407 in
494 2370 588 2408 Actt.
625 2370 723 2421 phill.
758 2370 924 2409 Monacc.
954 2370 971 2408 I

324 2440 363 2479 p.
384 2426 438 2468 84
475 2428 702 2465 scribendum
723 2427 880 2464 videtur:
913 2425 972 2474 ὥς

329 2480 414 2531 ἂν,
444 2484 495 2522 αἳ
520 2481 717 2535 παρθένοι
735 2498 772 2522 κ.
792 2498 825 2522 τ.
847 2486 903 2532 λ.,
931 2488 972 2522 ut

330 2536 383 2579 ‹31¹1›
403 2540 582 2590 pertineat
600 2540 647 2577 ad
667 2535 897 2591 ἐσάγεσκον,
915 2554 974 2578 re-

328 2596 481 2647 petitam
510 2597 693 2646 quandam
712 2597 889 2636 actionem
909 2598 974 2635 de-

329 2653 480 2690 clarans.

387 2732 486 2774 κατοὲ
515 2734 610 2787 μίαν
646 2731 839 2787 ἑκάστην]
879 2736 974 2788 μίαν

331 2805 412 2829 cum
446 2796 595 2830 recentt.
626 2793 746 2843 recepi
774 2807 840 2843 pro
867 2795 972 2845 μίην.

333 2870 389 2876 -—-
407 2847 466 2886 De
488 2861 556 2885 usu
581 2850 858 2901 praepositionis
876 2848 975 2889 και-οὶ

335 2910 371 2942 et
388 2905 458 2942 hoc
474 2904 552 2942 loco
571 2908 608 2942 et
624 2906 661 2943 in
681 2907 974 2944 antecedentibus

1028 1495 1146 1546 (κατά
1166 1492 1305 1549 κώμας
1336 1493 1520 1548 ἑκάστας)
1550 1500 1675 1538 confer

1027 1555 1159 1593 Matth.
1188 1555 1254 1592 Gr,
1275 1555 1341 1592 Gr.
1361 1569 1398 1606 p.
1423 1556 1541 1598 1155.

1085 1613 1224 1663 πρῶτα
1254 1608 1325 1662 μὲν
1352 1609 1427 1663 τήν
1461 1607 1678 1651 εὐειδεστά-

1030 1683 1103 1718 την
1120 1667 1172 1708 ἐκ
1190 1666 1362 1715 πασέων]
1380 1667 1422 1707 ἐκ
1439 1674 1584 1718 praeter
1600 1681 1680 1704 mo-

1031 1738 1108 1762 rem
1128 1725 1285 1774 genitivo
1310 1724 1369 1762 hic
1398 1726 1562 1762 additum
1585 1725 1680 1762 bene

1032 1786 1139 1818 notat
1157 1779 1287 1818 Matth.
1307 1793 1394 1830 pag.
1415 1781 1507 1822 641.
1518 1803 1574 1808 --
1593 1780 1683 1818 Mox

1033 1850 1115 1874 cum
1161 1840 1312 1875 recentt.
1361 1838 1446 1874 edd.
1495 1838 1683 1875 dedimus:

1031 1889 1132 1939 όκως
1161 1908 1186 1932 α
1203 1889 1230 1932 ὅ
1246 1906 1330 1944 τη,
1358 1894 1420 1931 ubi
1446 1890 1592 1943 vulgo
1582 1889 1685 1940 όκως

1032 1944 1173 2000 αυτὴ.

1090 2002 1177 2045 ὅσοι
1199 2002 1271 2057 μέν
1290 2001 1340 2054 δη
1360 2003 1475 2045 ε’σκον
1498 2001 1684 2057 εὐδαίμο-

1033 2076 1100 2108 νες
1118 2077 1152 2100 κ.
1173 2076 1205 2100 τ.
1227 2060 1277 2114 λ.]
1310 2061 1425 2101 ἔσκον
1444 2064 1598 2100 formam
1614 2064 1684 2100 im-

1033 2118 1185 2169 perfecti
1207 2119 1252 2156 ab
1289 2118 1481 2156 Herodoto
1520 2120 1686 2170 usurpari

1033 2175 1071 2211 in
1108 2174 1215 2212 rebus
1248 2188 1276 2211 5,
1302 2176 1500 2213 actionibus
1536 2176 1687 2223 iteratis,

1035 2235 1160 2269 monet
1177 2230 1306 2267 Matth.
1325 2232 1391 2269 Gr.
1408 2233 1473 2269 Gr.
1493 2245 1579 2283 pag.
1591 2232 1686 2273 414.

1037 2309 1093 2316 --
1114 2282 1344 2338 εὐδαίμονες
1363 2293 1447 2325 sunt
1470 2288 1619 2336 diuites,
1648 2292 1689 2325 ut

1037 2343 1094 2390 V,
1134 2345 1172 2384 8.
1228 2343 1326 2381 Hinc
1363 2345 1507 2382 Solonis
1542 2358 1689 2394 quoque

1040 2395 1272 2451 ευδαιμονίη
1299 2414 1409 2451 supra
1431 2401 1470 2449 Ι,
1492 2404 1548 2443 32
1577 2407 1613 2439 et
1643 2402 1688 2438 cf.

1038 2461 1129 2493 nott.
1151 2456 1257 2504 adl,
1287 2458 1353 2498 33.
1409 2457 1469 2496 De
1497 2457 1691 2508 particula-

1041 2526 1118 2550 rum
1135 2513 1299 2549 iunctura
1322 2511 1394 2564 μὲν
1413 2512 1462 2565 δή
1479 2536 1527 2542 -
1553 2512 1596 2552 δὲ
1617 2515 1690 2551 vid.

1040 2569 1197 2607 WVerfer.
1226 2569 1264 2605 in
1292 2569 1388 2607 Aett.
1408 2570 1508 2621 phill.
1525 2570 1691 2608 Monace-

1038 2626 1079 2675 I,
1103 2627 1126 2666 1
1153 2637 1240 2675 pag.
1259 2627 1326 2667 92.

1103 2675 1191 2721 οἷδ’
1202 2679 1253 2720 ἂν
1268 2677 1449 2733 χρήματά
1462 2698 1564 2723 τε-
1577 2679 1692 2734 ἐλάμ-

1043 2736 1195 2791 βανον]
1225 2738 1284 2776 De
1311 2740 1485 2788 particula
1510 2738 1552 2779 δὲ
1586 2753 1693 2791 repe-

1041 2797 1109 2833 tita
1141 2795 1235 2831 conf.
1274 2795 1431 2833 Werferi
1462 2796 1623 2847 Disputt.
1654 2797 1692 2833 in

1041 2851 1136 2890 Actt.
1155 2850 1290 2901 philoll.
1311 2850 1476 2890 Menace.
1495 2853 1525 2900 I,
1546 2856 1569 2895 1
1590 2855 1692 2904 p.93

1042 2919 1160 2958 seqq„
1187 2908 1249 2958 qui
1271 2906 1393 2959 plures
1417 2909 1548 2948 similes
1572 2923 1594 2948 e
1611 2909 1692 2949 No-
