1805 3315
624 254 927 293 CLIO.I.
1370 258 1428 297 45

135 387 248 427 ματα
291 367 369 424 μὲν
402 380 456 408 τα
488 363 558 408 ἐπὶ
589 366 678 407 τῶν
716 361 865 419 ἀγρῶν
894 361 997 408 οὔτε
1033 361 1289 420 κατέβαλλε,
1324 362 1427 408 οὕτε

133 449 393 502 ἐνεπίμπρη,
425 441 528 487 οὔτε
556 442 701 498 θύρας
737 441 935 496 ἀπέσπα,
973 442 1024 487 ἔα
1060 443 1105 486 δὲ
1136 441 1247 486 κατά
1275 441 1427 500 χώρην

133 526 376 580 ἑστάμεναι·
421 522 445 566 ὁ
476 522 522 565 δὲ
552 521 605 565 τά
636 538 680 564 τε
719 521 903 576 δένδρεα
928 523 1001 566 καὶ
1030 522 1110 566 τόν
1143 523 1319 579 καρπόν
1345 523 1425 567 τόν

110 607 178 653 5ἐν
204 607 260 660 τῇ
289 605 347 659 γῇ
376 601 490 653 ὅκως
522 603 793 657 διαφθείρειε
820 601 1119 646 ἀπαλλάσσετο
1158 601 1311 646 ὀπίσω.
1349 606 1471 659 τῆς55

127 684 212 741 γάρ
236 680 461 738 θαλάσσης
490 683 535 724 οἱ
560 682 773 737 Μιλήσιοι
796 680 1078 737 ἐπεκράτεον,
1108 680 1216 726 ὥστε
1245 682 1425 739 ἐπέδρης

105 762 185 820 6μὴ
214 760 325 805 εἶναι
357 762 486 817 ἔργον
517 765 569 818 τῇ
610 765 803 819 στρατιῇ.
862 761 940 813 τάς
970 761 1016 805 δὲ
1048 763 1187 813 οἰκίας
1217 760 1271 806 οὐ
1303 760 1422 805 κατέ-

128 846 258 900 βαλλε
285 840 308 885 ὁ
339 839 487 892 Λυδὸς
516 843 655 885 τῶνδε
688 843 852 896 εἵνεκα,
900 841 1013 893 ὅκως
1050 842 1187 898 ἔχοιεν
1217 842 1422 885 ἐνθεῦτεν

84 1043 142 1077 est
161 1039 323 1076 Discunt.
384 1037 497 1082 Quod
524 1051 612 1075 vero
640 1038 738 1075 idem

84 1096 138 1133 vir
160 1097 287 1132 doctus
307 1095 328 1131 l.
348 1095 372 1131 l.
403 1108 440 1144 p.
464 1095 546 1136 335
567 1107 622 1143 sq.
654 1095 738 1131 hinc

85 1153 262 1201 originem
293 1156 402 1201 atque
422 1151 522 1187 initia
539 1151 739 1200 elegorum,

86 1210 148 1258 qui
173 1208 222 1245 ad
248 1208 414 1245 tibiarum
445 1220 574 1243 sonum
604 1207 738 1244 cantati

86 1265 242 1311 suerint,
271 1265 424 1314 repetit,
454 1263 585 1300 Callini
605 1268 643 1300 ut
663 1263 738 1313 pri-

85 1323 134 1360 mi
170 1321 357 1369 elegorum
395 1322 528 1370 poetae
579 1320 738 1356 carmina

85 1377 306 1427 respiciens,
338 1377 375 1412 in
401 1389 445 1413 eo
470 1388 588 1413 acrem
609 1377 739 1414 adver-

87 1434 221 1470 sarium
242 1437 369 1470 nactus
391 1437 447 1469 est
457 1431 678 1470 Franckium
700 1433 738 1469 in

85 1490 229 1527 Callino
242 1503 278 1539 p.
294 1492 373 1530 118
385 1502 466 1538 sqq.
479 1491 665 1538 1315qq.,
677 1490 740 1539 qui

85 1560 158 1596 quo
170 1545 315 1594 singula
325 1546 528 1594 Boettigeri
545 1559 740 1595 argumen-

85 1607 125 1640 ta
144 1602 383 1650 convelleret,
396 1615 439 1639 ex
457 1602 639 1639 Herodoti
655 1616 737 1640 ver-

85 1659 142 1696 bis
162 1660 310 1696 omnino
332 1659 531 1707 quidquam
553 1660 599 1696 de
608 1660 739 1696 Callini

87 1715 201 1764 elegis
222 1715 387 1752 concludi
406 1728 517 1765 posse
535 1721 659 1764 negat,
680 1717 738 1753 id-

87 1785 159 1821 que
180 1772 287 1809 etiam
308 1772 482 1821 temporis
495 1773 627 1822 spatio,
640 1773 740 1822 quod

86 1828 240 1866 multum
260 1828 353 1865 inter
372 1828 572 1876 Callinum,
603 1828 740 1878 elegia-

86 1885 117 1922 ci
138 1885 304 1922 carminis
322 1885 547 1923 inventorem
559 1915 569 1933 ,
598 1890 634 1923 et
651 1886 739 1935 Aly-

86 1946 220 1989 attem,
250 1942 296 1978 de
312 1942 410 1978 cuius
431 1943 567 1979 musica
596 1942 739 1979 militari

86 1998 298 2035 Herodotus
318 1997 487 2047 loquatur
498 2028 509 2046 ,
526 2000 740 2047 intercedat,

88 2055 364 2105 comprobatum
382 2059 498 2105 putat.
557 2055 632 2094 Sed
654 2070 740 2106 per-

86 2111 178 2148 tinet
196 2111 264 2148 hoc
282 2111 399 2160 magis
419 2113 467 2149 ad
487 2112 620 2149 Callini
638 2117 740 2150 aeta-

86 2170 161 2205 tem
176 2168 376 2204 accuratius
397 2173 507 2217 atque
529 2169 660 2207 certius
674 2171 740 2207 de-

85 2224 306 2271 finiendam,
344 2237 454 2274 quam
484 2226 532 2262 ad
559 2227 741 2265 Herodoti

85 2279 203 2318 locum
223 2281 486 2331 explicandum.
543 2282 603 2319 Ad
630 2296 740 2333 quem

85 2338 208 2388 potius
249 2337 458 2374 consulatur
476 2337 655 2377 Athenaei
686 2339 741 2376 lo-

91 2406 176 2442 cus,
218 2406 326 2443 quem
358 2394 388 2431 C
395 2407 425 2431 r.
465 2395 659 2446 adscripsit
687 2396 741 2434 XI

89 2462 128 2501 p.
176 2449 258 2492 517
303 2450 389 2501 ibiq.
438 2451 642 2501 Schweigh.
690 2452 741 2490 VI

89 2519 128 2557 p.
148 2507 243 2548 364.

148 2561 254 2602 ἒά-
263 2557 487 2614 ἑστάμεναι]
501 2563 622 2614 Vulgo
633 2561 741 2604 ἑστά-

92 2631 179 2667 ναι,
209 2620 310 2669 quod
327 2620 446 2657 minus
458 2621 585 2658 lonum
604 2635 743 2659 sermo-

93 2673 132 2710 ni
151 2679 206 2712 est
221 2677 451 2714 conveniens.
482 2677 590 2715 Conf.
609 2678 648 2721 Ι,
674 2681 742 2719 76.

93 2750 149 2756 —-
173 2730 231 2768 Ad
261 2727 420 2773 ἀπέσπα
451 2734 488 2772 in
509 2747 614 2785 seqq.
645 2736 740 2773 conf.

93 2783 167 2832 ΠΙ,
197 2787 287 2830 159.

151 2847 250 2892 ὥστε
273 2853 440 2910 ἐπέδρης
469 2855 524 2911 μή
550 2855 653 2900 εἶναι
680 2858 741 2912 ἕρ-

93 2922 165 2961 γον
187 2911 237 2962 τῇ
255 2914 437 2969 στρατιῇ]
458 2916 481 2954 i.
501 2930 534 2956 e.
555 2919 610 2957 ita
627 2920 668 2956 ut
684 2919 740 2956 ηἰ-

807 1037 858 1075 hil
877 1040 1039 1074 attineret
1063 1039 1218 1074 exercitu
1236 1037 1352 1075 urbem
1372 1037 1463 1074 obsi-

806 1095 895 1142 clere,
917 1108 1012 1143 quae
1036 1095 1109 1131 scil.
1130 1099 1332 1132 commeatu
1354 1095 1466 1131 mari-

805 1153 893 1188 timo
915 1151 1126 1187 abundabat
1146 1164 1213 1188 nec
1222 1151 1464 1188 terrestriob-

806 1208 951 1244 sidione
988 1207 1036 1244 ad
1075 1207 1299 1245 deditionem
1345 1207 1466 1256 redigi

806 1268 964 1316 poterat.

861 1334 932 1383 τῆς
953 1327 1027 1384 γὰρ
1049 1326 1258 1381 θαλάσσης
1276 1326 1465 1381 οἵΜιλή-

806 1401 886 1428 σιοι
917 1384 1178 1439 ἐπεκράτεον]
1210 1387 1375 1425 Milesios
1404 1387 1465 1424 illa

806 1450 926 1484 aetate
957 1445 1199 1483 validissimos
1227 1445 1465 1482 fortissimos-

806 1516 877 1552 que
894 1503 1028 1549 suisse,
1050 1502 1119 1539 alia
1135 1502 1287 1539 aliorum
1308 1501 1464 1550 scripto-

805 1573 885 1596 rum
905 1560 1114 1596 testimonia
1125 1559 1333 1596 ostendunt.
1354 1558 1464 1594 Conf.

805 1615 1004 1653 Rambach.
1027 1617 1073 1653 de
1094 1615 1222 1654 Mileto
1250 1614 1353 1663 (Hal.
1377 1615 1464 1651 Sax.

810 1674 938 1721 1790)
968 1685 1053 1722 pag.
1076 1675 1138 1713 19.
1196 1672 1299 1708 Idem
1328 1670 1386 1708 vel
1420 1682 1465 1708 ea

806 1732 989 1766 testantur
1001 1758 1011 1776 ,
1041 1742 1135 1778 quae
1153 1728 1222 1765 hoc
1241 1729 1321 1778 ipso
1343 1727 1465 1777 capite

807 1789 843 1822 et
861 1785 1096 1834 sequentibus
1107 1784 1246 1822 Noster
1263 1785 1386 1830 refert,
1401 1783 1464 1832 qui

806 1842 877 1878 iam
905 1854 1016 1892 supra
1044 1841 1083 1889 I,
1116 1841 1166 1881 14
1204 1842 1266 1878 fin.
1295 1839 1463 1877 Miletum

804 1898 843 1934 in
865 1897 906 1934 iis
920 1898 1068 1934 urbibus
1088 1899 1350 1944 nominaverat,
1369 1908 1462 1945 quas

807 1955 936 2004 Gyges
947 1954 1135 2003 Lydorum
1157 1968 1219 1992 rex
1241 1955 1289 1990 sit
1307 1966 1463 2002 aggres-

807 2025 892 2058 sus,
939 2016 1141 2048 commotus
1184 2010 1309 2061 procul
1350 2010 1462 2047 dubio

804 2068 906 2105 urbis
929 2068 1061 2105 divitiis
1079 2072 1190 2117 atque
1205 2068 1348 2119 opibuS‚
1366 2079 1464 2115 quae

806 2125 879 2161 iam
898 2128 973 2161 tum
998 2124 1039 2173 (i.
1063 2138 1094 2162 e.
1115 2127 1197 2165 676
1219 2137 1250 2161 a.
1270 2123 1377 2172 Chr.)
1406 2126 1463 2160 tot

805 2181 1025 2219 coloniarum
1082 2186 1198 2219 mater
1263 2181 1463 2218 exstiterat.

807 2239 915 2275 Conf.
943 2237 1145 2275 Rambach.
1188 2237 1212 2274 l.
1245 2237 1269 2275 l.
1308 2249 1395 2288 pag.
1424 2238 1463 2278 6.

805 2294 931 2332 Hodie
951 2295 1048 2331 urbis
1072 2293 1155 2330 olim
1167 2294 1467 2344 opulentissimae

807 2351 946 2400 aliquot
969 2352 1102 2389 rudera
1124 2351 1370 2388 aedificiorum
1402 2363 1468 2386 su-

805 2421 956 2459 peresse
986 2408 1154 2445 dicuntur
1175 2408 1212 2444 in
1245 2408 1373 2445 vicinia
1394 2406 1463 2444 loci

809 2464 921 2502 Palat
944 2464 1000 2502 vel
1022 2464 1239 2512 Palatscha,
1269 2465 1316 2502 ad
1329 2464 1463 2500 ostium

808 2520 1084 2569 Maeandri,ubi
1104 2534 1200 2558 nunc
1217 2525 1386 2572 pastores
1397 2521 1464 2558 de·-

812 2583 904 2627 gunt
921 2578 1038 2629 pauci.
1061 2578 1169 2615 Conf.
1196 2576 1461 2615 Rosenmiiller.

808 2635 904 2672 Bibl.
924 2634 1165 2684 Archaeolog.
1184 2634 1251 2682 I,2
1270 2647 1355 2685 pag.
1367 2635 1462 2675 226.

808 2690 868 2729 De
886 2692 1034 2740 antiqua
1056 2691 1146 2728 urbe
1175 2695 1323 2741 praeter
1347 2691 1463 2727 Ram-

808 2747 977 2785 bachium
1004 2747 1217 2785 consulendi
1239 2761 1260 2786 e
1280 2747 1463 2785 veteribus

808 2804 1005 2855 praecipue
1021 2804 1154 2841 Strabo
1165 2804 1265 2851 XIV,
1288 2807 1307 2844 1
1330 2817 1367 2854 p.
1380 2802 1460 2844 941

810 2874 888 2910 seq.
913 2865 949 2898 et
969 2860 1147 2910 Pompon.
1168 2860 1255 2900 Mel.
1276 2860 1306 2909 Ι,
1326 2862 1377 2902 17
1401 2857 1461 2910 §l

810 2918 934 2969 ibique
956 2916 992 2957 T
995 2917 1161 2955 zschuck.
