1759 3324
594 285 898 326 cL10.1.

123 398 326 444 ἁπασέων
351 397 447 440 ’τῶν
482 393 648 452 ἀρχέων
684 394 850 439 πολλόν
894 410 936 438 τι
983 394 1214 450 κρατίστη·

1299 288 1386 328 429

1275 393 1385 439 ὅκου
1396 402 1442 436 90

126 476 442 534 Τριτανταίχμῃ
491 478 553 532 τῷ
588 472 852 530 Ἀρταβάζου
893 473 941 517 ἐκ
988 473 1200 529 βασιλέως
1243 473 1385 529 ἔχοντι

122 557 200 601 τόν
226 553 366 610 νομόν
394 557 573 606 τοῦτον,

121 634 282 692 ἡμέρης
318 631 488 689 ἀρτάβη
523 632 680 690 μεστή·

624 552 841 610 ἀργυρίου
878 553 958 609 μὲν
990 551 1175 609 προσῄει
1204 550 1387 609 ἑκάστης

739 633 767 690 ἡ
799 633 845 677 δὲ
887 629 1076 689 ἀρτάβη,
1117 631 1278 688 μέτρον
1313 632 1387 676 ἐὸν

124 713 364 768 Περσικὸν,
404 713 555 769 χωρέει
594 714 805 769 μεδίμνου
838 712 1026 767 Ἀττικῆς
1053 715 1204 754 πλεῖον
1231 713 1442 767 χοίνιξι95

93 793 235 848 4τρισὶ
258 791 487 849 Ἀττικῇσι.
523 794 647 837 ἵπποι
677 793 723 837 δέ
753 794 798 836 οἱ
825 789 967 836 αὐτοῦ
981 786 1095 848 ἦσαν
1115 793 1227 849 ἰδίῃ,
1251 789 1387 847 πάρεξ

64 1025 253 1064 voluntate
273 1025 340 1062 sua
367 1028 540 1073 agerent,
570 1025 640 1076 ipsi
663 1038 722 1063 re-

67 1096 134 1132 ges
178 1095 207 1119 s.
237 1081 356 1130 reguli
394 1082 506 1119 fuisse
542 1083 722 1130 videntur,

68 1151 209 1176 summo
230 1138 423 1176 Persarum
447 1139 527 1186 regi
552 1139 610 1176 vix
628 1139 723 1175 inse-

67 1196 181 1234 riores
213 1198 422 1245 potestate,
452 1195 583 1232 divitiis
611 1199 722 1244 atque

67 1251 216 1289 luxurie.
249 1251 456 1288 Ditissimos
481 1252 578 1289 enim
596 1252 721 1299 fuisse,

68 1307 127 1346 vel
143 1307 201 1345 hic
230 1307 329 1344 locus
357 1307 537 1356 declarat,
564 1321 632 1345 nec
651 1307 722 1344 alia

67 1364 172 1402 huius
190 1363 243 1402 rei
264 1364 396 1400 desunt
413 1364 631 1402 testimonia.
662 1364 722 1400 Cf.

66 1420 228 1459 Heeren.
246 1419 360 1458 Ideen
379 1420 417 1467 I,
442 1422 464 1461 1
493 1433 531 1470 p.
551 1421 719 1462 88 481.

68 1476 163 1519 495.
221 1475 334 1514 Unde
363 1476 461 1513 haud
498 1477 625 1514 mirum
664 1475 720 1514 vel

67 1534 166 1582 regis
193 1533 358 1581 cognatis
387 1532 443 1571 vel
473 1533 537 1581 iis,
568 1534 630 1583 qui
650 1532 721 1570 ullo

68 1591 179 1628 modo
208 1589 384 1626 affinitate
414 1603 496 1627 cum
525 1603 615 1639 rege
636 1602 723 1627 con-

68 1646 180 1684 iuncti
199 1646 350 1692 suerint,
380 1645 470 1683 tales
489 1647 722 1695 magistratus

71 1704 146 1740 sive
176 1702 351 1751 satrapias
390 1703 548 1752 permitti
588 1703 724 1739 solitas.

70 1759 151 1797 Nec
168 1757 255 1794 illud
273 1758 402 1794 mirum
416 1787 426 1805 ,
440 1759 644 1796 huiusmodi
665 1771 725 1795 sa·-

70 1819 194 1865 trapas
217 1815 292 1852 sive
311 1814 458 1863 regulos
480 1815 577 1852 haud
598 1828 680 1852 raro
702 1828 724 1852 a

68 1884 159 1920 rege
188 1884 327 1907 summo
355 1872 549 1909 descivisse
576 1873 726 1921 eiusque

70 1927 321 1965 auctoritatem
367 1928 597 1976 neglexisse,
649 1941 722 1977 quo

71 1984 143 2035 ipsi
157 1997 312 2032 regnum
336 1984 403 2020 sibi
415 1985 626 2022 conderent.
647 1985 724 2022 Sed

71 2041 160 2078 talia
196 2052 240 2078 ex
273 2040 499 2078 orientalium
525 2054 724 2090 regnorum

71 2096 193 2134 indole
220 2100 256 2133 et
290 2097 521 2145 conditione,
551 2111 646 2147 quae
666 2097 724 2135 vel

71 2157 232 2190 nostram
260 2153 309 2190 ad
336 2158 491 2191 aetatem
512 2154 611 2191 haud
641 2167 722 2191 mu-

70 2213 146 2246 tata
160 2210 381 2259 permansit,
402 2210 616 2261 explicanda
628 2214 722 2248 sunt.

128 2261 227 2305 όκου
263 2267 548 2321 Τριτανταίχμῃ
575 2289 624 2295 —
654 2281 726 2307 τον

73 2336 202 2372 νομον
229 2321 398 2373 τοῦτον]
436 2323 478 2360 In
501 2323 637 2362 Persici
666 2337 726 2361 sa-

72 2381 200 2428 trapae
217 2380 364 2417 nomine
386 2379 495 2418 valde
514 2381 655 2418 variant
683 2380 727 2417 li-

0 2481 1 2492 *
75 2433 144 2470 bri.
174 2434 285 2478 Quod
309 2436 497 2484 dedimus,
511 2438 726 2475 auctoritate

76 2488 229 2526 nititur
220 2492 331 2541 ipsius
355 2493 536 2530 Herodoti
550 2493 638 2542 VII,
659 2495 725 2535 82.

81 2547 183 2590 1213
210 2559 361 2595 quorum
379 2549 566 2586 locorum
558 2563 594 2587 m
610 2550 725 2601 priori

79 2598 387 2643 Tritantaechmes
417 2606 613 2655 Artabani,
650 2619 727 2644 non

79 2655 251 2694 Artabazi
266 2659 358 2698 filius
376 2663 592 2701 nominatur.
650 2663 729 2701 Sed

80 2710 119 2747 in
134 2711 282 2762 talibus,
302 2717 362 2753 ubi
377 2718 544 2768 proclivis
565 2723 621 2757 est
637 2732 726 2757 con-

2 2797 5 2820 3
78 2766 193 2814 fusio,
248 2771 445 2822 quidquam
485 2779 628 2814 mutare
662 2779 727 2814 aut

80 2825 215 2860 certum
251 2831 483 2875 pronuntiare
513 2831 626 2881 velle,
669 2836 725 2871 te-

81 2879 270 2917 merarium
296 2884 408 2922 videri
434 2887 553 2925 debet.
580 2908 636 2916 -
664 2888 724 2927 De

80 2928 176 2973 όκου
196 2935 337 2988 (quum)
357 2945 450 2982 conf.
472 2943 521 2980 ad
539 2944 578 2992 Ι,
600 2946 665 2986 68

845 1020 1039 1089 ἄργυρίου
1082 1020 1155 1074 μὲν
1196 1018 1367 1077 προσῄει
1388 1043 1444 1051 -—

790 1076 943 1133 αρταβη
978 1076 1125 1131 μεστη]
1186 1080 1246 1118 De
1279 1080 1442 1124 Artaba,

789 1151 883 1187 quae
915 1142 952 1175 et
974 1137 1169 1174 Persarum
1195 1140 1252 1174 est
1274 1148 1446 1174 mensura

790 1198 827 1232 et
848 1193 1137 1243 Aegyptiorum,
1157 1193 1326 1230 dixerunt
1337 1194 1447 1231 Wes-

791 1250 919 1299 seling.
941 1250 989 1286 ad
1007 1249 1162 1288 Diodor.
1185 1249 1257 1286 Sic.
1274 1250 1367 1297 XX,
1389 1251 1445 1291 96

789 1306 932 1344 W'urm.
953 1307 1001 1344 de
1020 1306 1159 1357 pondd.
1179 1309 1262 1342 ratt.
1290 1319 1327 1356 p.
1351 1305 1444 1347 134.

789 1363 884 1400 Sunt
911 1363 1006 1400 enim
1034 1362 1133 1398 haud
1162 1361 1270 1412 pauci
1292 1362 1446 1413 scripto-

790 1432 872 1466 res,
901 1419 964 1468 qui
992 1417 1168 1456 Artabam
1192 1417 1311 1455 Attico
1330 1418 1446 1456 medi-

791 1488 876 1513 mno
896 1474 1087 1524 aequalem
1108 1476 1185 1513 sere
1201 1474 1348 1522 faciant,
1364 1488 1446 1512 cum

790 1532 1003 1570 Herodotus
1024 1531 1222 1568 accuratior
1238 1534 1311 1568 tres
1331 1531 1447 1568 addat

792 1589 980 1626 choenices
995 1618 1006 1636 ,
1033 1588 1085 1624 ita
1103 1592 1143 1624 ut
1159 1600 1232 1624 una
1251 1588 1380 1625 artaba
1394 1586 1447 1625 LI

792 1645 982 1683 choenices
1013 1645 1142 1695 capiat.
1182 1643 1368 1694 Aegyptia
1387 1657 1448 1681 ar-

790 1702 877 1738 taba
916 1702 1105 1738 dimidium
1155 1702 1234 1738 sere
1276 1700 1447 1738 Persicae

791 1758 971 1805 continet,
1000 1757 1152 1810 XXVI}
1171 1757 1360 1795 choenices
1379 1756 1448 1794 At-

792 1815 892 1851 ticas.
930 1813 990 1851 Ad
1010 1817 1153 1851 nostras
1176 1826 1364 1851 mensuras
1384 1814 1447 1862 qui

791 1871 962 1920 redigere
983 1871 1088 1918 velit,
1119 1870 1319 1920 quingenta
1337 1869 1447 1907 millia

792 1927 1033 1976 imperialium
1072 1931 1109 1964 et
1152 1927 1251 1977 quod
1295 1926 1448 1964 excurrit

793 1984 1002 2031 (500‚ooo
1033 1982 1308 2028 Reichsthaler)
1346 1983 1448 2021 inve-

792 2040 877 2078 niet.
909 2040 1018 2077 Conf.
1038 2040 1197 2078 Heeren.
1215 2039 1237 2076 l.
1259 2039 1282 2076 l.
1301 2053 1338 2090 p.
1351 2039 1446 2080 481.

849 2091 975 2148 πάρεξ
996 2098 1075 2135 τῶν
1104 2095 1444 2147 πολεμιστηρίων]

791 2153 899 2190 Hanc
921 2166 1000 2190 cum
1016 2153 1221 2202 Schweigh.
1240 2153 1446 2191 reduximus

791 2210 1004 2258 lectionem,
1030 2209 1130 2247 libris
1154 2210 1205 2247 sic
1228 2209 1447 2256 iubentibus,

791 2280 860 2318 pro
880 2264 1169 2317 πολεμιστέων,
1199 2266 1300 2315 quod
1319 2278 1363 2304 ex
1383 2264 1448 2302 Al-

793 2323 879 2361 dina
897 2326 1086 2373 receperat
1110 2323 1330 2372 Wesseling.
1351 2321 1449 2359 aliis-

793 2393 864 2430 que
911 2379 999 2416 locis
1047 2380 1205 2429 probare
1259 2379 1449 2416 studuerat

793 2436 985 2483 (Strabon.
1006 2435 1078 2473 XV
1103 2450 1140 2487 p.
1162 2437 1271 2478 1023
1300 2450 1328 2473 S.
1353 2437 1448 2477 698.

792 2492 948 2530 Diodor.
968 2491 1077 2529 Sicul.
1095 2492 1130 2530 Il
1143 2521 1154 2540 ‚
1175 2492 1262 2542 41).
1293 2493 1371 2530 Sed
1390 2491 1449 2528 hic

792 2549 915 2600 potior
954 2562 1035 2587 esse
1080 2549 1239 2587 debebat
1273 2549 1449 2586 librorum

794 2605 1001 2643 auctoritas.
1066 2605 1116 2642 Et
1142 2607 1238 2643 conf.
1265 2605 1447 2643 Herodot.

794 2661 842 2709 V,
865 2663 956 2703 113
987 2683 1044 2689 -—-
1070 2661 1113 2699 In
1145 2675 1249 2712 seqq.
1283 2657 1448 2728 αναβαί-

794 2732 903 2766 νειν,
933 2718 985 2755 uti
1003 2713 1156 2769 ὀχεύειν
1187 2719 1315 2766 (unde
1337 2712 1449 2768 ὀχευ-

792 2773 912 2824 ταὶ),
944 2776 991 2813 de
1023 2777 1119 2825 equis
1155 2776 1285 2812 dicitur
1314 2775 1449 2812 admis-

793 2834 919 2879 sartis,
957 2836 1129 2869 monente
1175 2831 1372 2869 Frommel.
1410 2831 1449 2867 in

793 2888 968 2926 Creuzeri
993 2888 1132 2927 Melett.
1160 2887 1212 2925 ΠΙ
1238 2900 1326 2939 pag.
1366 2888 1448 2929 157

793 2957 870 2994 seq.
