1759 3324
521 251 948 292 EUTERPE.
996 253 1044 292 ΙΙ.

1323 256 1409 297 545

83 366 220 420 Ιιγῆν
247 362 413 407 οἰκέειν.
459 359 629 404 τούτων
658 360 704 404 δὲ
740 360 1078 406 ἐσοικισθέντων
1117 361 1161 414 ές
1189 362 1295 415 τούς
1324 365 1406 408 AZ-

135 445 317 494 θίοπας,
365 439 630 496 ἡμερώτεροι
664 438 870 497 γεγόνασι
897 442 1133 495 Αἰθίοπες,
1180 439 1294 499 ἤθεα
1320 460 1404 500 μα-

135 521 289 570 θόντες
316 517 543 575 Αἰγύπτια.

11 599 76 644 31

218 597 358 654 Μέχρι
386 597 464 654 μέν
492 614 577 642 νυν
603 597 817 652 τεσσέρων
844 601 998 655 μηνῶν
1021 596 1163 643 πλόου
1191 601 1266 645 καὶ
1286 600 1399 647 ὁδοῦ
1454 601 1734 668 ffiffifflfflafflgrgb

1453 671 1625 700 occidente:
1653 681 1711 708 quo

129 677 387 733 γινώσκεται
417 677 440 723 ὁ
468 680 651 729 Νεῖλος,
692 677 829 733 πάρεξ
858 681 941 722 τοῦ
978 678 1026 722 ἐν
1054 677 1261 740 Αἰγύπτῳ
1295 681 1395 735 ῥεύ-

101 764 280 814 Ξματος.
309 761 514 802 τοσοῦτοι
543 757 624 814 γὰρ
646 757 990 814 συμβαλλομένῳ
1011 761 1144 815 μῆνες
1164 757 1395 815 εὑρίσκον-

127 853 199 880 ται
229 834 592 893 ἀναισιμούμενοι
623 837 665 889 ἐξ
695 834 1004 894 Ἐλεφαντίνης
1043 840 1324 899 πορευομένῳ
1353 840 1422 893 έςΙ

127 915 231 967 τούς
259 914 544 972 Αὐτομόλους
573 915 773 968 τούτους.
822 916 907 972 ῥέει
937 916 983 960 δὲ
1022 915 1108 961 davd
1140 918 1322 975 ἑσπέρης
1349 935 1395 964 τε

98 996 202 1040 3καὶ
228 996 356 1053 ἡλίου
385 996 597 1052 δυσμέων.

662 995 722 1040 Τὸ
752 996 798 1039 δὲ
824 994 909 1040 οἷπὸ
937 998 1091 1050 τοῦδε,
1130 996 1276 1049 οὐδεὶς
1313 1000 1394 1055 ἔχει

127 1075 301 1132 σαφέως
331 1075 521 1133 φράσαι·
552 1076 710 1132 έρῆμος
736 1072 821 1130 γάρ
852 1075 941 1118 ἐστι
969 1075 997 1132 ἦ
1025 1076 1146 1134 χώρη
1176 1076 1286 1134 αὕτη
1302 1076 1391 1122 ὑπό

4 1163 69 1208 32
125 1153 360 1210 καύματος.
412 1154 541 1199 Ἀλλὰ
569 1155 670 1199 τάδε
708 1154 788 1211 μὲν
825 1152 994 1210 ἤκουσα
1033 1153 1211 1211 ἀνδρῶν
1239 1160 1389 1215 Κυρη-

124 1235 286 1287 ναίων,
316 1235 523 1291 φαμένων
545 1235 692 1279 ἐλθεῖν
719 1250 763 1278 τε
786 1233 854 1277 ἐπὶ
879 1233 928 1277 τὸ
947 1233 1177 1290 ’Ἄμμωνος
1198 1236 1414 1294 χρηστή-5
1443 1229 1524 1285 ἷκῖἓξε.

64 1499 142 1538 fere
162 1512 294 1538 sensu:
317 1497 429 1538 Iussit
448 1512 510 1538 rex
530 1500 722 1552 Aegyptios

64 1555 218 1594 advenas
232 1586 243 1605 ‚
299 1557 375 1595 illis
425 1556 720 1610 (Aethiopibus)

65 1614 207 1660 eiectis,
236 1617 363 1650 terram
391 1613 571 1661 habitare,
602 1615 645 1652 ab
673 1615 721 1652 z'l-

65 1667 111 1706 lis
148 1669 228 1706 olim
268 1674 485 1720 occupatam.
543 1671 618 1708 Ubi
643 1670 720 1719 εἶξε-

64 1720 207 1772 λόντας
246 1726 391 1765 minime
440 1726 718 1777 sollicitandum,

64 1783 162 1831 quod
197 1782 400 1832 Schweigh.
432 1787 553 1821 tuetur
585 1784 640 1822 his
665 1785 722 1823 lo-

62 1838 134 1876 cis:
162 1838 199 1887 I,
221 1840 313 1880 103.
341 1840 421 1881 159
445 1843 512 1877 etc.

243 1923 275 1960 C
294 1934 316 1960 a
334 1936 372 1975 p.
413 1923 552 1962 XXXI.

116 2008 300 2064 τοσοῦτοι
324 2004 399 2060 γοῖρ
429 2023 464 2048 κ.
485 2023 516 2047 τ.
539 2005 591 2060 λ.]
627 2009 716 2047 Vul-

61 2074 112 2112 go
137 2065 272 2113 οὐτοι,
299 2065 399 2102 cuius
430 2065 510 2103 loco
536 2079 616 2104 cum
638 2067 714 2105 bini

60 2119 140 2157 libri
157 2121 332 2159 offerrent
353 2117 550 2177 τοσούτῳ,
572 2123 712 2173 priores

61 2176 217 2215 editores
229 2205 241 2224 ,
272 2191 364 2227 quos
383 2183 524 2217 secutus
546 2192 637 2228 sum,
656 2181 713 2218 in-

0 2250 1 2255 *
61 2232 109 2270 de
136 2239 377 2284 reposuerunt
409 2238 604 2275 τοσοῦτοι.
634 2235 714 2274 Ad·-

59 2290 436 2341 notatWesselingius
450 2322 460 2341 ‚
480 2293 517 2330 in
535 2294 713 2331 mensium

60 2356 230 2395 numero,
269 2360 362 2397 quos
393 2350 438 2386 ab
469 2348 713 2400 Elephantine

60 2399 226 2440 Meroem
259 2417 384 2442 versus
424 2409 461 2443 et
497 2405 712 2445 Automoles

60 2457 327 2507 proficiscentes
346 2466 553 2510 conterant,
570 2463 714 2501 dissen-

61 2512 131 2551 tire
175 2515 220 2552 ab
265 2516 457 2556 Herodoto
514 2517 713 2558 Aristidem

6 2593 9 2603 Δ
61 2568 166 2607 Orat.
203 2569 359 2624 Aegypt.
391 2588 479 2625 pag.
500 2575 595 2618 346.
634 2577 712 2614 Sed

9 2669 11 2675 Ι
60 2622 160 2663 hicce
187 2626 263 2665 aliis
281 2642 324 2667 ex
342 2632 503 2670 fontibus
537 2645 603 2671 sua
622 2632 713 2671 hau-

60 2679 152 2720 sisse
170 2685 306 2723 censeri
321 2691 456 2737 potest.

233 2767 265 2806 c
280 2780 349 2821 ap.
382 2770 540 2811 xxxn.

45 2899 68 2917 ,t
115 2847 305 2900 φαμένων
334 2851 471 2895 ἐλθεῖν
498 2870 541 2896 τε
568 2854 634 2896 ε’πὶ
665 2854 712 2897 vo*

59 2907 530 3004 Η]
550 2912 709 2953 Μ·

790 1500 920 1539 moniis
950 1500 1045 1538 conf.
1073 1500 1132 1549 II,
1161 1499 1227 1542 42.
1257 1499 1330 1550 rV,
1362 1504 1442 1545 181

791 1558 870 1596 coll.
894 1557 966 1604 Ill,
991 1557 1043 1599 25
1064 1570 1140 1606 seq.
1199 1558 1356 1608 Intelligi
1381 1560 1448 1597 de-

789 1615 852 1652 bet
869 1615 904 1652 h.
917 1613 939 1651 l.
960 1614 1056 1651 Iovis
1073 1613 1253 1652 Ammonii
1269 1615 1444 1666 templum

789 1675 899 1720 atque
918 1670 1099 1708 oraculum
1113 1671 1200 1708 satis
1218 1675 1345 1709 notum
1365 1676 1442 1710 tum

787 1732 940 1778 propter
990 1726 1202 1776 religionem
1247 1731 1284 1766 et
1321 1740 1443 1776 sacra,

787 1787 864 1820 tum
885 1787 1033 1835 propter
1061 1784 1264 1822 commercii
1291 1783 1445 1822 celebri-

787 1844 910 1878 tatem.
968 1840 1102 1889 Neque
1127 1840 1231 1887 *enim
1265 1840 1442 1891 templum

786 1896 903 1934 solum
928 1895 999 1933 illic
1025 1897 1138 1934 fuisse
1163 1896 1441 1936 existimandum

787 1957 862 2001 est,
891 1966 1015 1990 verum
1043 1965 1197 2001 regnum
1220 1952 1344 1991 incolis
1365 1955 1441 1992 fre-

784 2022 900 2059 quens
919 2038 930 2057 ,
969 2013 1010 2046 ut
1047 2013 1196 2060 cryptae
1230 2009 1437 2048 hominibus

781 2066 968 2104 medicatis
997 2066 1074 2103 sive
1100 2065 1243 2103 mumiis
1275 2066 1439 2116 repletae

780 2122 964 2173 hodieque
987 2125 1205 2160 monstrant.
1245 2122 1356 2160 Nune
1383 2122 1440 2160 lo-

781 2193 823 2217 co
858 2192 992 2218 nomen
1028 2178 1165 2217 Siwak.
1235 2179 1348 2216 Cuius
1383 2179 1438 2217 rei

779 2236 943 2287 inprimis
965 2236 1075 2274 fidem
1085 2234 1190 2272 nobis
1214 2236 1299 2273 fecit
1309 2248 1439 2273 recen-

779 2293 939 2330 tissimus
968 2293 1223 2343 peregrinator
1249 2292 1297 2330 de
1314 2291 1440 2329 Minu-

779 2349 867 2397 toli,
905 2349 966 2399 qui
986 2349 1251 2387 accuratissime
1270 2347 1366 2386 hunc
1382 2348 1438 2385 lo-

780 2419 861 2444 cum
884 2406 1074 2456 descripsit
1094 2406 1129 2443 in
1150 2405 1336 2443 itinerario
1354 2418 1435 2453 suo,

781 2463 881 2513 quod
913 2462 1075 2500 Berolini
1100 2462 1238 2513 prodiit
1264 2474 1297 2498 a.
1326 2460 1436 2503 1824

779 2532 866 2570 pag.
890 2521 944 2560 87
969 2532 1073 2569 seqq.
1114 2518 1222 2556 Conf.
1242 2521 1436 2569 praeterea

779 2576 939 2614 Heeren.
955 2576 1070 2614 Ideen
1094 2578 1161 2612 etc.
1179 2574 1235 2622 ΙΙ,
1256 2575 1278 2615 1
1301 2587 1338 2624 p.
1351 2575 1436 2616 212

781 2645 887 2683 seqq.
907 2636 943 2670 et
973 2632 1104 2670 Ritter.
1125 2631 1242 2668 Erdk.
1262 2630 1279 2668 I
1296 2644 1333 2681 p.
1352 2631 1436 2672 981

780 2702 886 2739 seqq.
930 2688 1021 2726 Aliis
1046 2687 1237 2726 Ammonis
1262 2685 1438 2737 templum

778 2745 817 2783 in
839 2745 931 2783 Oasi
942 2745 989 2782 El
1002 2745 1171 2784 -Kassar
1188 2743 1438 2794 quaerendum

778 2802 979 2839 videbatur.
1036 2801 1122 2839 Vid.
1147 2800 1219 2838 Ios.
1251 2799 1299 2837 de
1320 2798 1440 2836 Ham-

778 2871 856 2896 mer
899 2859 937 2894 in
975 2856 1176 2896 Annalibus
1218 2855 1439 2893 Viennenss.

777 2913 847 2951 vol.
868 2913 974 2952 XLV
1003 2927 1041 2966 p.
1060 2915 1128 2955 31.
1172 2912 1297 2950 Minus
1326 2914 1439 2959 recte,

1452 704 1530 732 ultra
1537 727 1547 741 ,
1564 706 1732 743 incomper-

1449 740 1524 768 tum.

1446 1156 1524 1197 Quid
1575 1159 1726 1195 Cyrenaei

1445 1192 1565 1225 quidam
1611 1195 1725 1222 retule-

1463 1225 1470 1231 ‘
1530 1225 1568 1253 de
1592 1228 1725 1263 quinque

1444 1268 1644 1321 sectionzmffl
1654 1270 1724 1323 pig:

125 1330 247 1368 ριον,
273 1314 347 1357 καὶ
376 1312 607 1359 ἀπικέσθαι
637 1315 680 1366 ές
710 1312 872 1370 λόγους
899 1311 1108 1373 Ἐτεάρχῳ
1129 1318 1191 1373 τῷ
1216 1312 1387 1373 Ἀμμω-
1443 1325 1724 1391 gchiggffidssth-
