1759 3324
258 626 291 673 5

345 288 431 328 484

350 406 433 440 σαν
460 395 687 452 Αἴγυπτον
723 393 836 439 εἶναι
873 394 989 445 ἕλος·

759 281 1227 324 HERODOTI

1047 393 1123 437 καὶ
1158 389 1291 448 αὐτῆς
1331 389 1444 434 εἶναι
1481 388 1668 433 οὕδὲν75

347 473 561 531 ὑπερέχον
595 478 684 518 τῶν
711 478 796 518 νῦν
826 473 977 528 ἔνερθε
1005 473 1159 529 λίμνης
1186 474 1261 527 τῆς
1290 471 1489 523 Μοίριος
1515 468 1612 512 ἐόν-

349 568 460 597 των·
489 553 531 605 ἐς
558 552 638 609 τὴν
667 550 891 604 ἀνάπλους
919 549 1005 595 ἀπὸ
1035 549 1256 607 θαλάσσης
1285 549 1391 593 ἑπτα
1419 547 1615 605 ἡμερέων

347 633 436 677 ἐστὶ
465 632 551 676 ἀνὰ
578 631 658 675 τόν
686 630 899 686 ποταμόν.
958 631 1046 674 Καὶ
1076 625 1126 674 εὖ
1157 646 1232 685 μοι
1262 622 1442 672 ἐδόκεον
1471 627 1613 683 λέγειν

351 712 450 764 περὶ
478 715 553 766 τῆς
581 708 734 765 χώρης.
793 711 902 764 δῆλα
943 708 1027 764 γὰρ
1065 708 1118 765 δή
1167 709 1241 752 καὶ
1278 707 1337 764 μὴ
1387 705 1613 761 προακού-

354 803 505 840 σαντι,
547 787 685 831 ἰδόντι
715 787 784 839 δὲ,
834 786 882 837 ὅς
910 789 972 838 τίς
1001 804 1049 842 γε
1088 785 1265 830 σύνεσιν
1294 787 1397 842 ἔχει,
1436 786 1502 830 ὅτι
1531 787 1612 829 Αἵ-

350 883 515 925 γυπτος
545 865 588 916 ἐς
616 865 696 921 τὴν
713 864 917 920 “Ὲλληνες
939 867 1264 918 ναυτίλλονται,
1296 866 1384 909 ἔστι
1404 867 1612 921 Αἰγυπτί-
1625 873 1670 906 80

354 958 442 990 οισι
471 943 696 1001 ἐπίκτητός
724 960 768 987 τε
797 947 877 1002 γῆ,
907 945 980 988 καὶ
1010 946 1158 999 δῶρον
1185 947 1266 988 τοῦ
1289 947 1510 1000 ποταμοῦ·
1540 943 1616 986 καὶ

353 1023 407 1068 τὰ
431 1022 678 1080 κατύπερθε
705 1023 767 1068 ἔτι
803 1026 878 1081 τῆς
915 1023 1068 1081 λίμνης
1104 1023 1285 1081 ταύτης,
1334 1025 1456 1081 μέχρι
1485 1025 1618 1078 τριῶν

294 1245 381 1283 tiern
399 1243 621 1282 Thebaicam
633 1271 645 1291 ,
665 1242 731 1281 sed
748 1243 951 1281 universam

296 1300 560 1351 Aegyptiacam
583 1304 840 1348 exaggeratam
870 1312 951 1337 esse

297 1357 383 1395 limo
404 1356 619 1395 exundantis
639 1355 726 1393 Nili.
766 1355 808 1392 In
829 1369 873 1394 eo
894 1360 951 1393 ta-

297 1426 382 1451 men
409 1414 660 1461 refragantur,
699 1412 799 1462 quod
824 1411 952 1463 paula-

297 1471 361 1507 tim
389 1481 578 1506 arenosam
608 1481 795 1506 evasuram
823 1468 949 1517 Aegy-

297 1530 401 1577 ptum
419 1525 621 1562 crediderat
638 1525 860 1563 Herodotus.
880 1525 948 1561 Et-

299 1582 395 1620 enim
422 1586 645 1630 exaggerata
670 1580 842 1631 paulatim
868 1581 948 1617 uni-

297 1650 403 1675 versa
421 1636 592 1688 planitie,
622 1638 729 1674 etiam
742 1636 818 1674 Nili
834 1637 946 1687 ipsius

296 1693 437 1732 alveum
458 1693 553 1730 iusta
578 1694 816 1744 proportione
836 1705 948 1742 exag-

297 1749 458 1799 gerari.“
497 1748 562 1786 Cr.
605 1749 667 1787 Tu
686 1749 757 1787 vid.
777 1753 868 1786 nott.
899 1749 948 1787 ad

295 1807 352 1855 11,
375 1806 412 1847 5.
434 1807 485 1847 10
507 1805 586 1843 0011.
609 1807 673 1847 13.

351 1917 419 1959 καὶ
440 1913 564 1968 αὐτῆς
591 1914 693 1957 εἶναι
710 1939 767 1946 -
786 1912 946 1963 ἐόντων]

295 1977 318 2013 i.
338 1990 369 2014 e.
389 1975 474 2012 nihil
494 1976 570 2013 eius
595 1975 645 2024 (i.
665 1988 696 2013 e.
712 1974 847 2011 nullam
878 1975 947 2010 Ae-

294 2034 399 2082 gyptz·
423 2031 591 2082 partem)
640 2031 752 2068 fuisse
784 2030 947 2067 eminens

295 2101 405 2137 super
431 2100 561 2136 aquam
581 2087 679 2124 exiis
700 2086 824 2133 (terris
837 2085 945 2133 scil.),

294 2155 390 2192 quae
408 2156 504 2179 nunc
527 2142 621 2179 infra
636 2141 812 2180 Moeridis
831 2141 948 2179 lacum

293 2199 530 2237 inveniantur.

350 2308 390 2356 ἐς
416 2306 489 2360 τήν
527 2304 728 2356 ἀνάπλους
762 2303 843 2348 dn&
872 2311 947 2347 θα-

294 2362 443 2416 λάσσης
458 2363 554 2404 ἕπτεὶ
573 2363 751 2417 ἡμερέων
767 2363 846 2404 ἐστὶ
867 2360 946 2404 civo}

296 2419 363 2462 τὸν
383 2417 580 2472 ποταμόν]
607 2422 647 2458 Si
663 2434 782 2458 novem
801 2421 946 2459 schoeni

297 2492 368 2516 uno
397 2479 635 2527 navigationis
667 2478 727 2516 die
751 2478 946 2515 conficiun-

296 2539 354 2573 tur
381 2535 501 2583 (eonf.
520 2534 575 2582 II,
593 2534 672 2582 9),
702 2534 830 2572 existet
857 2534 944 2572 inde

297 2604 437 2629 summa
473 2589 709 2628 schoenorum
755 2590 943 2639 sexaginta

295 2648 403 2684 trium
437 2646 511 2685 sive
537 2648 715 2694 378‚000
747 2651 941 2684 metrorum

297 2703 487 2749 (metres);
530 2702 566 2740 id
606 2702 706 2752 quod
733 2715 812 2740 cum
833 2703 945 2746 ,veris

296 2759 472 2798 mensuris
490 2758 654 2809 apprime
667 2760 857 2796 convenire
871 2763 945 2795 tra-

296 2816 400 2852 dunt.
455 2815 539 2851 Vid.
569 2813 749 2865 Descript.
770 2816 817 2852 de
848 2814 943 2863 l'Eg.

294 2871 444 2922 Antiqq.
466 2871 576 2909 Mem.
602 2870 619 2908 l
641 2884 678 2923 p.
692 2872 757 2912 88.
771 2873 850 2912 102
859 2871 942 2909 coll.

1016 1242 1172 1281 Iomard.
1191 1256 1227 1295 p.
1240 1242 1334 1285 508.
1354 1241 1435 1284 625
1458 1241 1543 1279 ibid.
1558 1241 1673 1291 (quae

1019 1313 1064 1338 ex
1082 1305 1187 1351 parte
1214 1299 1523 1349 transscripsimus
1554 1299 1603 1335 ad
1623 1297 1671 1344 H,

1018 1359 1066 1404 9,
1105 1356 1168 1394 ubi
1198 1356 1285 1393 alios
1317 1355 1492 1393 schoenos
1521 1353 1673 1403 intelligi

1019 1412 1094 1450 vult
1120 1412 1330 1459 Iomardus,
1358 1425 1438 1448 cum
1470 1411 1527 1449 vel
1556 1411 1673 1448 obiter

1019 1481 1191 1519 mappam
1232 1468 1436 1519 inspicienti
1482 1471 1672 1518 appareat,

1015 1525 1224 1562 distantiam
1240 1526 1285 1562 ab
1304 1522 1490 1574 Heliopoli
1508 1524 1555 1560 ad
1571 1523 1671 1560 The-

1013 1582 1079 1619 bas
1112 1581 1224 1618 multo
1255 1581 1427 1619 maiorem
1453 1592 1534 1618 esse
1560 1591 1671 1629 quam

1015 1638 1224 1675 distantiam
1253 1650 1276 1675 a
1302 1637 1393 1675 mari
1419 1638 1468 1674 ad
1494 1634 1670 1674 Moeridis

1017 1693 1167 1743 lacum).

1237 1833 1365 1885 Cap.
1404 1833 1450 1872 V.

1075 1919 1178 1969 δῆλα
1197 1915 1271 1970 γοῖρ
1304 1915 1354 1968 δη
1381 1915 1450 1956 καὶ
1473 1914 1527 1969 μὴ
1539 1931 1673 1984 προα

1017 1971 1226 2022 κούσαντι,
1268 1969 1396 2013 ἰδόντι
1425 1972 1497 2023 δὲ,
1538 1969 1584 2020 ός
1613 1973 1674 2019 τίς

1015 2045 1059 2082 γε
1083 2046 1118 2070 κ.
1144 2046 1177 2069 τ.
1195 2028 1254 2081 λ.]
1295 2030 1352 2067 Ex
1388 2030 1444 2067 his
1477 2030 1595 2069 verbis
1631 2029 1672 2066 fit

1015 2088 1266 2134 manifestum,
1295 2099 1371 2123 non
1402 2086 1518 2124 solum
1537 2098 1669 2137 perve-

1014 2144 1112 2181 nisse
1132 2143 1362 2180 Herodotum
1387 2143 1426 2180 in
1450 2142 1672 2193 Aegyptum,

1014 2199 1054 2236 id
1082 2200 1180 2249 quod
1214 2198 1274 2236 alii
1310 2212 1457 2248 quoque
1493 2202 1672 2238 testantur

1015 2255 1084 2293 loci
1104 2256 1150 2292 ab
1167 2255 1294 2304 Heyse
1315 2255 1353 2292 in
1366 2255 1517 2299 Quaest.
1528 2255 1669 2293 Herod.

1015 2311 1088 2361 Ip.
1115 2313 1194 2352 108
1221 2325 1323 2361 seqq.
1353 2311 1514 2358 collecti,
1544 2323 1670 2349 verum

1016 2368 1124 2406 etiam
1143 2381 1281 2406 summa
1302 2380 1380 2404 cum
1399 2369 1484 2405 cura
1497 2367 1669 2405 historiae

1013 2430 1154 2474 patrem
1183 2437 1392 2474 permeasse
1420 2424 1515 2462 hanc
1534 2428 1669 2462 terram

1015 2485 1254 2530 accurateque
1293 2481 1331 2517 in
1369 2480 1491 2519 omnia
1518 2479 1669 2531 inquisi-

1012 2549 1117 2574 visse.

1069 2643 1132 2688 ὅτι
1152 2646 1353 2700 Αἴγυπτος
1379 2663 1415 2688 κ.
1444 2662 1478 2688 τ.
1498 2647 1547 2699 λ.]
1587 2648 1667 2687 He-

1012 2704 1134 2741 rodoti
1173 2706 1388 2743 sententiam
1421 2718 1546 2744 veram
1585 2718 1667 2743 esse

1013 2765 1149 2798 etcum
1169 2761 1251 2811 ipsa
1280 2766 1400 2800 terrae
1426 2761 1548 2800 indole
1579 2774 1666 2798 con-

1011 2830 1142 2865 gruere
1169 2817 1207 2854 in
1232 2816 1382 2856 Excurs.
1401 2819 1450 2856 ad
1465 2818 1501 2856 h.
1520 2817 1544 2855 l.
1561 2829 1666 2855 mon-

1012 2873 1215 2911 stravimus.
