1759 3324
361 320 445 360 436

778 314 1251 356 HERODOTI

364 424 578 483 ρευόμενα
625 424 668 478 ἐς
714 425 794 482 τὴν
837 429 1106 482 Βαβυλῶνα,
1164 423 1290 469 ἐόντα
1336 422 1623 477 κυκλοτερέα,

332 506 504 550 3πάντα
533 504 725 549 σκύτινα.
755 505 885 549 ἐπεὰν
911 507 995 561 γὰρ
1027 505 1074 549 ἐν
1100 508 1213 548 τοῖσι
1234 503 1515 560 Ἀρμενίοισι,
1536 507 1627 546 τοῖ-

362 597 406 629 σι
434 582 681 638 κατύπερθε
707 583 945 639 Ἀσσυρίων
975 584 1263 640 οἰκημένοισι,
1311 583 1471 638 νομέας
1513 582 1626 638 ἰτέης

360 663 598 720 ταμόμενοι
627 662 918 718 ποιήσωνται,
949 666 1238 718 περιτείνουσι
1257 661 1452 705 τούτοισι
1475 659 1683 716 διφθέ-4Ο

362 759 442 797 ρας
480 743 782 797 στεγαστρίδας
823 742 1006 792 ἔξωθεν,
1062 740 1248 796 ἐδάφεος
1285 739 1472 794 τρόπον,
1525 738 1626 782 οὔτε

362 821 567 876 πρύμνην
599 816 932 873 ἀποκρίνοντες,
982 818 1082 862 οὕτε
1118 818 1302 875 πρώρην
1343 816 1626 872 συνάγοντες,

335 896 463 942 lum?
503 896 684 949 ἀσπίδος
725 897 890 952 τρόπον
925 898 1191 953 κυκλοτερέα
1227 895 1495 953 ποιήσαντες.

1554 895 1628 938 καὶ

362 976 557 1033 καλάμης
585 975 822 1032 πλήσαντες
850 981 940 1020 πᾶν
976 976 1026 1020 τὸ
1063 981 1222 1021 πλοῖον
1263 979 1422 1027 τοῦτο,
1473 972 1627 1018 ἆπιᾶσι

363 1055 473 1101 κατὰ
509 1054 586 1099 τὸν
624 1056 820 1113 ποταμὸν
855 1056 1093 1113 φέρεσθαι,
1135 1056 1331 1112 φορτίων
1368 1052 1682 1110 πλήσαντες·45

364 1135 548 1193 μάλιστα
585 1135 630 1179 δὲ
679 1137 832 1192 βίκους
889 1138 1167 1192 φοινικηΐους
1222 1133 1459 1189 κατάγουσι
1499 1134 1626 1177 οἴνου

363 1216 535 1266 πλέους.
566 1212 766 1258 ἰθύνεται
795 1217 840 1260 δὲ
869 1213 957 1259 ὑπό
987 1232 1030 1259 τε
1060 1214 1142 1258 δύο
1165 1214 1416 1269 πλήκτρων,
1447 1212 1521 1255 καὶ
1543 1211 1624 1256 δύο

367 1293 543 1348 ἀνδρῶν
574 1291 722 1348 ὀρθῶν
752 1293 989 1338 ἑστεώτων·
1041 1294 1115 1338 καὶ
1145 1292 1168 1337 ὁ
1205 1293 1283 1349 μὲν
1323 1291 1405 1335 ἔσω
1435 1291 1547 1336 ἕλκει
1573 1290 1624 1335 τὰ

339 1377 608 1430 5πλῆκτρον,
649 1372 673 1416 ὁ
706 1373 751 1417 δὲ
782 1373 859 1427 ἔξω
891 1373 1034 1419 ω’θέει.
1091 1372 1281 1418 ποιέεται
1311 1370 1358 1415 δὲ
1386 1371 1461 1415 καὶ
1487 1369 1628 1427 κάρτα

310 1558 396 1597 xilio
416 1571 525 1596 naves
551 1558 723 1595 ferantur.
769 1557 964 1605 „Plurima

311 1616 359 1653 de
377 1615 446 1652 hoc
466 1614 691 1663 navigiorum
709 1627 844 1663 genere
867 1620 962 1652 attu-

311 1671 353 1708 lit
373 1670 493 1708 vales.
527 1671 576 1707 ad
603 1669 782 1707 Ammian.
808 1670 963 1709 Marcel-

311 1727 373 1764 lin.
391 1726 528 1773 XXIV,
551 1727 573 1766 3
606 1725 643 1777 ἓ.
661 1730 709 1767 11
729 1739 814 1776 pag.
836 1731 888 1768 70
902 1728 960 1765 ed.

312 1783 488 1832 Wagner.
529 1782 626 1820 Nam
645 1782 825 1820 Ammiani
842 1788 962 1821 aetate

313 1841 431 1887 idem,
445 1838 506 1889 qui
526 1843 654 1886 antea,
672 1840 826 1876 obtlnuit
843 1841 961 1877 mos.“

315 1897 378 1934 Cr.
427 1892 572 1946 νομέας
601 1899 638 1933 et
670 1895 727 1932 hic
758 1900 795 1933 et
817 1896 875 1943 Il,
907 1899 961 1938 96

312 1955 427 1990 costas
443 1954 586 1989 navium
614 1950 752 1988 Noster
776 1951 961 1990 intellexit.

369 2008 444 2052 Qui
471 2009 633 2057 sequitur
648 2007 748 2044 locus
769 2008 816 2045 de
839 2008 962 2044 Arme-

312 2065 403 2110 niis,
463 2075 617 2112 quorum
665 2063 811 2100 omnino
846 2065 964 2114 prima

313 2120 412 2169 apud
431 2119 607 2156 Nostrum
629 2119 763 2156 mentio
776 2147 786 2165 ,
803 2119 849 2156 ab
862 2120 963 2157 Hee-

313 2175 416 2212 renio
439 2175 575 2222 (Ideen
593 2172 622 2221 Ι,
643 2178 662 2214 1
693 2188 729 2224 p.
753 2176 864 2223 189)
895 2176 963 2212 ad-

313 2230 476 2277 hibetur,
506 2243 578 2279 quo
598 2234 737 2267 mature
753 2231 823 2267 iam
836 2232 963 2269 Arme·

313 2287 394 2324 nios
428 2299 507 2323 cum
546 2285 666 2324 Persis
707 2285 961 2335 Babyloniisve

313 2343 564 2380 commercium
592 2342 789 2380 instituisse
819 2344 961 2394 probet.

371 2419 513 2464 οἷπιᾶσι
550 2421 650 2464 κατὰ
680 2422 751 2465 τόν
785 2423 961 2477 ποταμὸν

315 2479 532 2531 φέρεσθαι]
562 2494 610 2518 sc.
637 2478 680 2520 τό
698 2485 862 2521 πλοῖον;
892 2497 958 2521 τια-

314 2539 449 2586 vz'gz‘um
487 2537 564 2585 (ita
593 2539 859 2587 constructum)
887 2542 960 2577 iam

313 2596 495 2640 emittunt,
533 2597 574 2630 ut
602 2595 749 2630 secundo
778 2595 960 2645 deferatur

314 2651 467 2698 flumine.
525 2648 585 2686 De
603 2654 777 2687 structura
808 2652 898 2699 loci,
928 2652 959 2689 si

313 2719 424 2756 quem
450 2704 510 2741 illa
534 2705 720 2754 offendat,
748 2709 841 2744 conf.
860 2707 959 2745 Mat-

312 2762 411 2799 thiae
430 2761 495 2797 Gr.
523 2760 588 2798 Gr.
614 2774 700 2812 pag.
724 2763 842 2804 1040.
899 2764 959 2802 De

312 2819 430 2856 forma
440 2812 541 2855 offano?
543 2827 580 2855 σι
599 2818 640 2865 (a
650 2818 759 2856 verbo
775 2814 957 2869 ἀφιέναι)

313 2874 401 2911 ibid.
421 2885 507 2923 pag.
524 2873 620 2914 395.

369 2951 536 3010 μάλιστα
553 2953 596 2997 δὲ
620 2955 759 3010 βίκους
776 2973 958 3011 φοινικη-

1030 1558 1118 1606 ’ίους
1135 1554 1353 1610 κατάγουσι
1379 1556 1492 1597 οἴνου
1520 1553 1678 1606 πλέους]

1029 1614 1172 1652 Malunt
1210 1615 1314 1652 scribi
1352 1613 1605 1664 φοινικηΐου,
1642 1618 1683 1649 ut

1030 1672 1079 1709 ad
1101 1671 1214 1710 οἴνου
1235 1672 1432 1717 referatur,
1460 1670 1509 1707 de
1535 1682 1608 1718 quo
1628 1669 1683 1705 vi-

1029 1728 1067 1765 ni
1095 1740 1230 1777 genere
1257 1728 1328 1763 iam
1356 1726 1559 1763 monuimus
1584 1725 1682 1772 adl,

1032 1786 1123 1826 193.
1165 1784 1272 1820 Conf.
1292 1782 1511 1831 wesseling.
1540 1782 1588 1819 ad
1605 1781 1639 1818 h.
1657 1780 1681 1817 l.

1030 1844 1067 1877 et
1082 1840 1186 1877 Reiz.
1215 1840 1253 1876 in
1283 1839 1439 1876 Praefat.
1455 1851 1542 1889 pag.
1561 1837 1681 1875 XXII.

1028 1896 1104 1933 Sed
1133 1895 1316 1944 vulgatam
1335 1895 1526 1932 lectionem
1546 1907 1682 1943 φοινι-

1028 1952 1169 2001 κηΐους
1208 1952 1256 1988 ad
1289 1964 1399 1987 unum
1437 1963 1562 1988 omnes
1599 1949 1681 1986 libri

1029 2021 1109 2045 cum
1127 2008 1328 2054 retineant,
1347 2006 1434 2043 nihil
1452 2010 1592 2044 mutare
1615 2018 1682 2043 au-

1030 2077 1091 2100 sus
1112 2076 1201 2100 sum.
1239 2062 1320 2100 Nec
1336 2067 1461 2100 contra
1482 2075 1680 2100 manuscrr.

1028 2119 1277 2157 auctoritatem
1290 2120 1489 2168 quidquam
1502 2123 1680 2156 mutatum

1027 2175 1124 2222 vult,
1154 2179 1326 2212 monente
1357 2175 1450 2222 Cr.‚
1485 2175 1679 2213 Dobraeus

1028 2232 1077 2268 ad
1100 2231 1332 2282 Aristophan.
1360 2231 1454 2268 Plut.
1477 2233 1571 2273 718.
1629 2231 1680 2268 Et

1026 2288 1064 2324 in
1096 2292 1216 2335 terra,
1259 2287 1357 2324 omni
1390 2289 1467 2325 fere
1497 2287 1679 2336 lignorum

1028 2357 1163 2392 genere
1193 2344 1476 2393 arboribusque,
1507 2345 1537 2381 si
1559 2356 1580 2381 a
1596 2344 1678 2395 pal-

1026 2400 1094 2437 mis
1126 2400 1355 2447 discesseris,
1385 2404 1554 2447 carente,
1586 2412 1679 2449 qua-

1025 2455 1096 2493 lem
1117 2469 1195 2506 cap.
1209 2458 1289 2497 193
1305 2456 1545 2504 Babyloniam
1564 2456 1677 2494 fuisse

1026 2516 1063 2549 et
1088 2511 1241 2561 legimus
1269 2518 1306 2550 et
1342 2525 1473 2562 reapse
1498 2513 1677 2562 comperi-

1025 2581 1127 2614 mus,
1165 2569 1252 2617 quid
1278 2569 1453 2605 absonum
1471 2568 1674 2619 palmarum

1026 2637 1048 2661 e
1064 2623 1163 2672 ligno
1185 2624 1281 2660 dolia
1301 2623 1457 2661 confici?
1494 2624 1676 2674 Loquitur

1023 2679 1162 2718 Noster
1186 2679 1242 2716 hic
1267 2681 1314 2717 de
1332 2679 1502 2717 Armenia
1530 2681 1606 2718 sive
1625 2681 1674 2718 de

1023 2736 1066 2772 iis
1095 2735 1326 2783 regionibus,
1355 2748 1452 2784 quae
1475 2736 1675 2785 Babyloni-

1025 2805 1084 2829 am
1119 2791 1304 2842 planitiem
1355 2804 1377 2828 a
1424 2793 1674 2843 septentrione

1022 2848 1186 2898 proxime
1196 2847 1400 2894 includunt3
1422 2861 1574 2898 quarum
1585 2849 1674 2898 quin

1025 2904 1146 2941 similis
1172 2905 1248 2941 sere
1266 2904 1373 2942 fuerit
1390 2904 1566 2953 conditio,
1584 2905 1673 2955 quid

1023 2958 1288 2998 dubitandum?
