1759 3324
547 260 973 303 EUTERPE.
1022 260 1068 299 11.

1347 262 1432 302 703

164 381 292 433 χαῖον
323 375 508 431 ῥέεθρον
539 370 829 428 ἄποξηροέτάι,
860 370 938 414 τόν
968 370 1013 413 δὲ
1042 367 1241 426 ποταμὸν
1264 368 1434 426 ὀχετεῦ-

137 464 263 508 5σαι,
294 454 343 498 τὸ
371 453 507 509 μέσον
535 456 625 494 τῶν
654 449 822 504 οὐρέων
863 450 987 505 ῥέειν.

1050 451 1111 494 ἔτι
1150 451 1196 494 δὲ
1236 450 1309 493 καὶ
1348 454 1434 494 νῦν

164 533 250 578 ὑπὸ
282 532 490 585 Περσέων
519 530 542 574 ὁ
575 529 720 587 ἀγκών
750 524 879 580 οὗτος
908 534 988 572 τοῦ
1011 532 1200 583 Νείλου,
1229 529 1277 582 ὃς
1301 529 1433 585 οἷπερ-

164 613 320 668 γμένος
351 610 457 666 ῥέει,
504 611 551 654 ἐν
582 614 804 666 φυλακῇσι
842 610 1049 666 μεγάλῃσι
1080 611 1238 665 ἔχεται,
1290 622 1433 665 φρασ-

136 691 348 746 ὁσόμενος
379 689 463 733 dvo}
492 694 580 734 πᾶν
618 691 720 740 ἔτος.
756 691 790 732 εἰ
814 691 897 744 γάρ
924 683 1118 744 ἐθελήσει
1141 690 1271 745 ῥήξας
1300 689 1490 742 ὑπερ-55

165 773 293 826 βῆναι
324 770 346 812 ὁ
377 769 570 826 ποταμὸς
598 769 757 827 ταύτῃ,
789 772 995 820 κίνδυνος
1025 772 1143 826 πάσῃ
1166 769 1323 825 Μέμφι
1353 786 1433 812 κα-

135 852 466 904 7τακλυσθῆναί
496 850 597 894 ἐστι.
641 848 698 901 ὦς
730 849 775 892 δὲ
804 853 865 907 τῷ
895 853 1023 906 Μῆνι
1052 849 1194 906 τούτῳ
1224 852 1286 905 τῷ
1314 848 1433 903 πρώ-

164 946 222 986 τῳ
252 929 471 987 γενομένῳ
503 931 672 985 βασιλέϊ
707 929 864 985 χέρσον
887 929 1111 985 γεγονέναι
1140 929 1189 972 τό
1218 927 1434 985 ἀπεργμέ-

162 1025 266 1060 νον,
324 1012 454 1052 τοῦτο
494 1010 594 1064 μὲν,
655 1010 701 1053 ἓν
742 1007 861 1068 αὐτῷ
899 1007 1028 1052 πόλιν
1065 1010 1208 1053 κτίσαι
1247 1006 1434 1064 ταύτην,

136 1086 260 1143 8ἥτις
287 1092 369 1131 νῦν
399 1089 579 1146 Μέμφις
607 1089 823 1133 καλέεται·
855 1089 943 1133 ἔστι
976 1087 1059 1144 γὰρ
1090 1089 1163 1132 καὶ
1191 1087 1219 1146 ἡ
1250 1089 1435 1145 Μέμφις

163 1280 234 1322 τόν
269 1281 312 1322 δὲ
336 1280 514 1335 ποταμὸν
547 1279 759 1335 ὀχετεῦσαι,

106 1337 149 1379 τὸ
183 1338 304 1390 μέσον
335 1343 414 1379 τῶν
454 1337 607 1391 ου’ρέων
636 1340 758 1392 ῥέειν]

106 1398 128 1434 i.
149 1411 179 1434 e.
204 1398 352 1433 fiuvium
382 1411 466 1435 vere
500 1411 567 1447 per
599 1399 760 1435 canalem

107 1454 156 1501 (s.
176 1452 317 1491 alveum
338 1467 447 1490 manu
473 1455 626 1503 sactum)
649 1469 686 1491 eo
703 1455 762 1491 (Ie-

107 1510 275 1557 duxisoe,
306 1513 437 1547 utiam
467 1511 527 1547 ille
553 1512 684 1548 medius
706 1514 762 1548 in-

105 1571 158 1604 ter
174 1571 301 1603 montes
321 1567 515 1615 (Arabicos
537 1574 571 1605 et
583 1568 762 1617 Libycos)

105 1625 343 1674 interflueret,
376 1637 444 1661 nec
463 1625 509 1661 ad
530 1624 687 1674 Libycos
709 1626 763 1661 ni-

106 1681 174 1717 mis
197 1681 404 1717 declinaret.
417 1702 472 1707 —
494 1676 516 1720 0'
528 1697 548 1731 χ
563 1696 609 1719 ετ
621 1678 672 1719 εύ
689 1696 763 1720 ειν

107 1738 160 1774 sic
180 1738 359 1773 invenitur
386 1737 455 1784 HI,
487 1741 551 1778 60.
592 1738 764 1774 Infinitivi

106 1806 212 1830 usum
243 1791 523 1842 (τό-ῥέειν)
546 1795 681 1844 explico
705 1808 764 1831 se-

108 1850 263 1886 cundum
293 1863 357 1897 ea,
389 1863 483 1899 quae
508 1852 648 1888 monuit
666 1851 764 1888 Mat-

107 1907 205 1943 thiae
227 1907 292 1942 Gr.
314 1907 378 1943 Gr.
401 1920 436 1955 p.
458 1910 577 1948 1067.

166 1961 186 2001 ὁ
211 1958 343 2014 α’γκών
366 1958 483 2009 οὗτος
502 1966 577 2002 τοῦ
598 1963 761 2012 Νείλου,

109 2015 158 2075 ὃς
174 2014 419 2070 ἅπεργμένος
443 2019 546 2071 ῥέει]
586 2019 610 2059 ὅ
632 2016 764 2073 dynant

109 2077 224 2122 οὗτος
243 2081 298 2114 est
324 2090 450 2114 recens
470 2077 544 2114 Nili
563 2077 686 2114 alveus
700 2107 710 2124 ,
742 2091 764 2114 a

107 2137 232 2171 vetere
261 2133 331 2170 iam
360 2134 481 2171 Menis
507 2134 619 2184 opera
647 2135 764 2171 exsic-

108 2193 188 2226 cato
209 2191 408 2227 deflectens
432 2195 468 2227 et
484 2192 660 2227 orientem
683 2204 764 2228 ver-

108 2259 168 2282 sus
187 2247 376 2284 deductus.
407 2247 532 2291 Quare
548 2249 763 2284 Herodotus

109 2303 231 2340 addit:
263 2300 304 2349 ὃς
324 2299 570 2355 α’περγμένος
592 2303 669 2353 ῥέει
688 2305 710 2340 i.
730 2318 761 2342 e.

110 2360 171 2409 qui
190 2359 350 2397 exclusus
382 2374 403 2397 a
423 2361 535 2410 priori
566 2374 614 2397 sc.
647 2361 763 2409 alveo,

108 2416 181 2452 alio
200 2429 337 2454 cursum
366 2417 517 2466 dirigit,
558 2418 618 2466 qui
639 2418 764 2468 prohi-

108 2472 215 2510 betur
230 2487 334 2511 cursu
349 2475 459 2524 priori
488 2474 632 2523 alioque
649 2475 763 2512 fluere

111 2533 254 2566 coactus
274 2535 344 2567 est.
383 2530 582 2569 Rennelius
611 2531 659 2568 ad
678 2544 762 2568 sen-

112 2598 191 2621 sum
208 2585 305 2623 haud
325 2587 419 2624 male
447 2589 497 2625 sic
524 2588 665 2625 reddit:
690 2587 762 2624 die-

111 2653 164 2677 ser
185 2642 420 2691 abgegrabene
451 2644 589 2681 I'lecel
608 2644 666 2681 des
695 2643 763 2682 Nil

113 2697 155 2744 (l.
173 2696 195 2733 l.
218 2711 254 2748 p.
268 2702 381 2748 602).
426 2700 486 2739 De
508 2702 625 2738 forma
646 2697 762 2752 οἷπερ-

113 2751 256 2804 γμένος
282 2758 375 2793 conf.
394 2755 527 2795 Matth.
553 2771 640 2808 pag.
663 2757 758 2807 458,

113 2813 156 2872 et!
170 2822 278 2860 supra
294 2811 332 2859 Ι,
347 2815 436 2854 160.
453 2813 544 2854 174.
557 2818 622 2856 72.
638 2827 764 2867 φρασ-

115 2877 277 2916 σομενος
319 2869 449 2906 dicitur
494 2869 569 2907 Nili
615 2866 762 2922 ἀγκών,

115 2925 294 2971 quatenus
312 2927 508 2974 quotannis
524 2928 682 2965 munitur
704 2942 764 2966 se-

828 1288 894 1336 pto
921 1285 977 1322 vel
1006 1285 1127 1335 potius
1161 1288 1305 1336 septum
1334 1284 1489 1336 (agger)

830 1345 1053 1380 exstructum
1096 1344 1293 1391 quotannis
1326 1344 1491 1380 invisitur

831 1403 889 1445 et,
913 1400 940 1434 si
963 1400 1052 1447 quid
1073 1412 1185 1449 opus⁷
1206 1400 1378 1436 reficitur.
1409 1400 1492 1437 Un-

832 1456 879 1491 de
913 1455 1009 1491 idem
1034 1455 1254 1493 Rennelius:
1304 1469 1372 1504 „er
1401 1456 1492 1494 wird

826 1511 988 1559 jiilzrlz'cla
1010 1513 1286 1561 ausgebessert.“

891 1568 926 1607 εἰ
945 1566 1020 1620 γαρ
1045 1565 1231 1621 ἐθελήσει
1260 1565 1384 1620 ῥήξας
1402 1585 1437 1608 κ.
1457 1586 1489 1609 τ.

833 1623 883 1675 λ]
922 1625 980 1663 De
1004 1625 1060 1673 εἰ,
1101 1630 1278 1675 sequente
1306 1627 1491 1664 indicativi

832 1683 952 1718 futuro
976 1684 1070 1719 conf.
1092 1682 1225 1719 Matth.
1260 1697 1346 1733 pag.
1371 1687 1489 1725 1017.

833 1734 958 1788 ῥήξας
997 1738 1069 1775 scil.
1106 1752 1306 1788 aggerem,
1350 1753 1422 1789 quo
1452 1742 1491 1778 in

831 1795 940 1831 alium
960 1795 1099 1832 alveum
1115 1796 1243 1832 fluvius
1262 1798 1391 1834 ductus
1413 1801 1491 1835 erat

831 1864 950 1900 eoque
975 1853 1238 1890 continebatur.
1269 1849 1393 1908 ταύτῃ
1416 1854 1438 1891 i.
1458 1868 1489 1891 e.

834 1908 877 1945 ea
895 1912 1023 1957 parte,
1054 1909 1126 1958 qua
1147 1910 1248 1959 prius
1269 1911 1386 1947 undas
1414 1911 1492 1947 vol-

831 1965 963 2011 vebat,
1003 1978 1076 2014 quo
1121 1965 1157 2002 in
1186 1965 1266 2003 loco
1309 1968 1490 2005 exsiccato

830 2034 926 2057 nunc
958 2023 1044 2059 urbs
1084 2022 1268 2074 Memphis
1308 2028 1388 2061 erat
1429 2037 1491 2062 ex-

831 2081 978 2114 structa.

887 2132 1093 2186 γεγονέναι
1138 2131 1182 2175 τὸ
1225 2130 1489 2188 ἀπεργμένον]

830 2191 853 2227 i.
877 2204 908 2228 e.
937 2193 968 2228 is
986 2195 1123 2228 tractus
1144 2196 1277 2241 terrae,
1307 2194 1398 2230 unde
1411 2196 1491 2245 flu-

831 2250 912 2284 vius
931 2261 1062 2297 aggere
1084 2249 1259 2286 obstructo
1279 2252 1348 2287 iam
1365 2251 1489 2300 probi--

832 2305 927 2341 bitus
948 2309 1010 2352 est,
1033 2319 1131 2356 quem
1148 2308 1323 2357 perfluere
1339 2308 1491 2358 amplius

830 2374 897 2398 non
909 2365 1040 2411 potuit.
1062 2385 1118 2390 —
1136 2364 1197 2401 Ad
1218 2368 1431 2402 structuram
1446 2378 1490 2403 ex

831 2420 1023 2457 antecedd.
1063 2420 1182 2472 suppl.
1214 2420 1256 2460 οἱ
1282 2419 1383 2473 ἱρέες
1412 2421 1489 2461 ἕλε-

830 2490 916 2527 γον.

887 2527 1005 2572 πόλιν
1031 2531 1162 2572 κτίσαι
1189 2530 1360 2585 ταύτην,
1401 2530 1490 2586 ἥτις

831 2591 909 2628 νῦν
930 2588 1102 2640 Μέμφις
1117 2589 1310 2641 καλέεται]
1342 2591 1401 2630 De
1422 2592 1490 2629 hac

831 2646 923 2683 urbe
944 2646 1048 2683 multi
1067 2647 1190 2685 multa.
1234 2648 1316 2686 Nos
1342 2649 1389 2686 de
1408 2648 1488 2699 ipso

820 2703 930 2740 -urbis
963 2703 1042 2740 loco
1065 2707 1177 2753 atque
1199 2706 1349 2743 nomine
1372 2718 1489 2755 quae-

833 2759 918 2796 dam
939 2759 997 2797 hie
1016 2761 1235 2799 notabimus.
1265 2761 1362 2799 Nam
1381 2762 1489 2799 situm

832 2816 910 2854 eius
928 2818 1028 2854 vario
1056 2818 1166 2854 modo
1193 2818 1401 2855 indicarunt
1421 2819 1489 2855 viri

832 2873 952 2919 docti3
997 2887 1151 2923 quorum
1175 2875 1235 2924 qui
1254 2876 1352 2925 apud
1370 2874 1488 2911 Gizeh

832 2928 1029 2979 s.Djizah,
1069 2931 1169 2981 quod
1199 2943 1296 2968 nunc
1324 2934 1487 2976 vocatur,
