1768 3306
16 769 108 816 141

611 254 828 294 cLlo,
887 255 917 293 Ι.
1321 258 1407 298 327

140 366 353 425 θρώπου,
383 365 620 409 κτείνουσι·
650 363 725 408 καὶ
754 361 982 419 ἆγιόνισμα
1011 361 1122 419 μέγα
1149 365 1282 408 τοῦτο
1310 378 1406 409 ποι-

137 453 305 498 εῦνται,
348 445 587 494 κτείνοντες
622 441 784 499 ὁμοίως
822 439 1052 499 μύρμηκάς
1088 458 1132 485 τε
1161 442 1236 486 καὶ
1264 441 1404 499 ὄφεις,

108 527 212 572 ὁκαὶ
238 523 371 570 τᾶλλα
408 522 562 578 ἑρπετὰ
601 522 673 566 καὶ
713 521 899 566 πετεινά.
957 521 1032 566 καὶ
1071 518 1184 578 ἀμφὶ
1222 521 1302 580 μὲν
1340 525 1404 582 τῷ
1415 528 1459 564 55

133 603 254 664 νόμῳ
281 602 422 662 τούτῳ
453 601 578 658 ἐχέτω
608 599 668 653 ὥς
696 601 770 646 καὶ
800 600 937 659 ἀρχὴν
974 600 1199 659 ἐνομίσθη.
1258 599 1404 658 ἄνειμι

135 685 182 730 δὲ
209 683 278 727 ἐπὶ
307 681 384 726 τὸν
412 680 629 739 πρότερον
657 680 805 738 λόγον.

234 761 381 814 Ἴωνες
412 761 458 806 δὲ
497 762 570 806 καὶ
610 761 810 815 Αἰολέες,
858 759 919 813 ὥς
958 761 1003 806 οἱ
1041 761 1182 805 Λυδοὶ
1218 758 1397 816 τάχιστα
1453 762 1735 798 lones,metnbelli

1454 805 1473 827 a
1485 797 1565 833 Cyro
1576 818 1584 833 ,
1600 797 1649 834 qui
1662 798 1735 826 nolis

133 839 463 899 κατεστράφατο
493 839 579 885 ὑπὸ
624 841 848 898 Περσέων,
895 840 1086 896 ἔπεμπον
1117 838 1329 896 ἀγγέλους
1358 838 1401 892 ἐς
1458 849 1514 888 70

1454 909 1586 938 Milesiis
1608 909 1737 938 amiciti-

132 921 302 978 Σάρδις
331 919 450 976 παρὰ
488 923 664 976 Κῦρον,
723 920 944 972 ἐθέλοντες
981 920 1051 964 ἐπὶ
1086 924 1199 965 τοῖσι
1227 918 1398 964 αὐτοῖσι
1455 952 1503 971 m„
1522 943 1577 970 de„
1609 948 1654 971 ,et
1684 952 1735 971 ut,

1454 977 1506 1004 bes
1524 985 1589 1004 nium
1617 980 1678 1012 mt,
1703 979 1733 1005 et

103 1000 248 1047 Ξεῖναι
276 1006 390 1046 τοῖσι
419 999 492 1045 καὶ
509 1001 688 1060 Κροίσῳ
716 995 829 1057 ἦσαν
855 998 1079 1060 κατήκοοι.
1107 997 1133 1046 ὁ
1157 1000 1227 1054 δὲ,
1257 997 1395 1045 ἄκού-
1409 1007 1595 1046 eospanam
1617 1013 1735 1046 iegato·

76 1224 159 1259 sunt
188 1220 248 1259 dei
275 1220 492 1271 interpretes
519 1221 630 1269 atque
656 1218 731 1257 cul-

75 1282 172 1315 tores
185 1306 197 1325 ,
225 1289 314 1328 prae
331 1276 460 1314 ceteris
480 1288 549 1327 par
565 1280 641 1323 est,
667 1289 730 1314 ex-

76 1334 233 1385 stirpatis
253 1333 420 1370 omnibus
449 1332 569 1383 pravis
587 1332 728 1369 anima-

76 1391 167 1428 libus
181 1418 192 1438 ,
219 1400 313 1439 quae
335 1389 383 1426 ad
395 1387 594 1425 Ahrimanii
614 1389 728 1438 perti-

73 1450 188 1485 neant
206 1457 381 1494 regnum,
410 1445 507 1483 istud
522 1445 641 1495 ipsum
658 1458 726 1495 pro

72 1503 206 1541 viribus
245 1501 406 1540 minuere
432 1505 494 1539 aut
522 1501 570 1538 ad
599 1500 726 1540 melius

72 1562 324 1610 transponere.
383 1558 522 1596 Confer
550 1557 726 1596 Creuzeri

74 1615 259 1666 symbolic.
291 1615 308 1652 1
337 1628 375 1665 p.
396 1614 480 1656 714
508 1627 612 1664 seqq.
644 1617 727 1658 720

75 1685 152 1722 seq.
173 1672 260 1721 ibiq.
279 1670 415 1708 laudat.
445 1675 482 1709 et
498 1671 728 1722 potissimum

73 1728 255 1766 Plutarch.
274 1726 405 1765 Moral.
424 1727 497 1776 (ΙΙ)
526 1740 613 1777 pag.
632 1728 729 1774 369,

73 1784 117 1823 F.
148 1784 230 1826 537
243 1813 254 1832 ,
273 1783 317 1821 A.
374 1783 452 1831 Sic,
482 1785 533 1820 uti
551 1784 620 1821 hoc
635 1788 729 1831 utar,

73 1845 285 1891 serpentes,
322 1841 531 1891 scorpiones
544 1871 554 1888 ‚
591 1840 660 1878 alia
690 1841 729 1877 id

73 1910 190 1947 genus
220 1897 359 1934 insecta
385 1897 514 1934 nociva
542 1898 590 1933 ad
616 1896 726 1933 Ahri-

73 1953 182 1992 manii
209 1966 362 2002 regnum
397 1953 603 2004 pertinent,
632 1965 728 2002 quae

75 2011 160 2048 ideo
171 2010 368 2061 expressim
387 2010 446 2047 hic
466 2010 643 2047 nominari
657 2010 727 2046 mi-

74 2068 170 2106 nime
191 2067 330 2105 mirum.
388 2067 471 2105 Vid.
505 2067 677 2104 Creuzer.
703 2066 725 2105 l.

73 2124 98 2162 l.
117 2135 203 2175 pag.
234 2127 318 2166 722
354 2127 431 2161 not.
459 2126 526 2165 72.
585 2123 726 2160 Contra

73 2180 171 2219 canis
185 2181 232 2218 ad
249 2181 346 2218 bona
367 2180 537 2218 animalia
553 2180 724 2231 pertinet,

72 2238 298 2286 referturque
334 2237 382 2274 ad
416 2241 570 2275 mortem
613 2241 725 2286 atque

74 2293 378 2333 immortalitatem
391 2323 402 2342 ,
432 2307 480 2331 ne
498 2293 570 2331 alia
594 2293 726 2340 dicam,

74 2350 203 2400 quibus
222 2350 331 2389 hocce
349 2350 483 2389 animal
504 2350 649 2399 insigne
671 2363 729 2387 es-

77 2419 118 2444 se
133 2406 323 2444 voluerunt
340 2412 481 2446 veteres
502 2407 638 2445 Persae
648 2405 731 2444 Ma-

77 2463 179 2512 give3
207 2464 279 2501 vid.
309 2465 482 2503 Creuzer.
506 2463 529 2500 l.
552 2463 575 2501 l.
599 2466 733 2515 p.752

77 2522 152 2557 not.
172 2521 262 2561 102.

131 2573 199 2614 καὶ
239 2571 445 2629 ἀγώνισμα
480 2575 578 2630 μέγα
611 2577 728 2615 τοῦτο

79 2631 305 2684 ποιεῦνται]
326 2634 387 2671 Sic
407 2634 536 2671 iterum
559 2647 580 2671 e
602 2632 726 2670 Schel-

78 2686 310 2726 lershemiano
326 2690 492 2729 dedimus
509 2704 590 2727 cum
610 2690 727 2727 Gaisf.

80 2742 198 2792 Vulgo
237 2748 390 2786 τοῦτο
427 2745 564 2798 μέγα.
621 2747 725 2785 Idem

80 2799 224 2837 fecimus
247 2815 375 2853 supra,
404 2804 602 2842 scribentes
619 2801 727 2844 ποιέ-

84 2868 200 2902 οντας
220 2861 341 2897 ταῦτα
360 2873 427 2910 pro
437 2861 561 2899 ταῦτα
572 2858 728 2899 ποιέον-

85 2925 163 2958 τας.
221 2913 260 2950 ln
281 2928 383 2965 seqq.
415 2911 521 2967 ἀμφὶ
538 2918 594 2970 τῷ
615 2913 727 2970 νόμῳ

1455 1045 1589 1074 mittunt.

797 1213 928 1274 τούτῳ
947 1221 1020 1258 est:
1046 1217 1139 1269 quod
1156 1220 1286 1256 attinet
1300 1217 1349 1256 ad
1364 1217 1456 1256 hanc

798 1275 930 1325 legem,
953 1275 996 1313 de
1012 1274 1080 1312 hac
1101 1274 1186 1324 lege.
1219 1275 1329 1312 Plura
1348 1288 1457 1326 prae-

796 1332 987 1383 positionis
1011 1330 1134 1369 dativo
1166 1332 1309 1369 iunctae
1335 1344 1457 1369 exem-

794 1388 857 1439 pla
867 1388 1037 1437 leguntur
1048 1389 1147 1439 apud
1161 1387 1292 1426 Matth.
1307 1386 1345 1439 ἓ.
1359 1389 1455 1435 583,

796 1445 823 1497 β
849 1457 937 1497 pag.
962 1444 1082 1486 1158.

854 1500 908 1549 ὥς
925 1499 993 1541 καὶ
1018 1496 1145 1553 ἀρχήν
1174 1498 1397 1552 ἐνομίσθη]
1430 1499 1452 1537 i.

797 1571 829 1596 e.
852 1562 893 1596 ut
914 1557 1010 1608 apud
1035 1559 1121 1595 istos
1141 1558 1277 1595 omnino
1307 1557 1414 1606 (inde
1433 1569 1455 1593 a

796 1615 997 1666 principio)
1034 1626 1125 1652 more
1155 1617 1327 1665 receptum
1357 1613 1452 1664 fuit.

795 1671 952 1709 Videtur
985 1671 1197 1709 Herodotus
1241 1670 1297 1709 his
1334 1670 1454 1708 verbis

797 1728 958 1765 indicare
975 1726 1090 1776 velle,
1122 1741 1161 1766 se
1190 1727 1368 1764 rationem
1388 1727 1456 1763 hu-

797 1784 851 1822 ius
882 1784 1015 1832 moris,
1064 1785 1138 1833 quo
1174 1784 1367 1833 insigniter
1405 1783 1452 1820 ab

796 1839 987 1891 Aegyptiis
1010 1841 1260 1879 sacerdotibus
1281 1840 1453 1878 differant

795 1897 920 1947 Magi,
950 1897 1074 1947 utique
1102 1898 1264 1940 nescire,
1301 1909 1370 1934 nee
1399 1895 1455 1933 ul-

794 1954 866 1990 lam
888 1955 968 2004 ipse
997 1955 1164 2004 proferre
1191 1967 1301 2005 posse
1329 1952 1455 2000 talem,

794 2023 888 2060 quae
914 2011 1042 2048 merito
1075 2014 1112 2048 et
1135 2011 1205 2061 ipsi
1234 2014 1271 2048 et
1295 2009 1453 2059 reliquis,

794 2067 842 2104 ad
865 2080 957 2117 quos
986 2067 1129 2115 scribit,
1160 2066 1368 2104 satisfaciat.

985 2151 1016 2189 C
1033 2165 1102 2203 ap.
1132 2151 1267 2190 CXLI.

850 2234 904 2283 ὥς
925 2235 967 2277 οἱ
982 2234 1116 2275 Λυδοὶ
1134 2231 1297 2287 τάχιστα
1317 2250 1405 2274 κατ
1419 2248 1452 2273 ε-

801 2288 1103 2345 στροὲφατο]
1173 2293 1297 2342 Vulgo
1345 2305 1453 2331 κατε-

800 2349 994 2402 στρέψατο
1009 2380 1018 2397 ,
1048 2351 1166 2387 minus
1187 2351 1236 2388 ad
1254 2349 1383 2387 Ionum
1399 2348 1453 2385 lo-

800 2408 937 2456 quendi
967 2421 1118 2445 morem.
1178 2407 1286 2444 Conf.
1317 2406 1358 2454 I,
1385 2408 1452 2447 27.

803 2466 963 2505 166.—
981 2464 1023 2501 ln
1046 2476 1149 2513 seqq.
1175 2462 1240 2502 ἐπὶ
1261 2466 1364 2502 τοῖσι
1385 2457 1453 2500 αὗ-

801 2524 900 2559 τοῖσι
917 2524 991 2558 est:
1020 2520 1083 2558 sub
1101 2519 1224 2558 iisdem
1242 2519 1452 2557 conditioni-

796 2577 870 2614 bus.
929 2578 991 2614 Sic
1018 2575 1081 2616 ἐπὶ
1111 2589 1222 2628 supra
1242 2576 1282 2623 I,
1300 2578 1366 2618 22.
1395 2577 1451 2616 60

796 2637 834 2671 et
868 2632 906 2670 in
930 2634 1004 2671 fine
1032 2634 1136 2671 huius
1163 2633 1276 2685 ipsius
1303 2631 1452 2684 capitis:

796 2685 864 2729 ἐπ’
895 2705 914 2728 ο
929 2686 975 2729 ἷσ
988 2705 1012 2728 ι.

850 2750 952 2786 τοῖσι
961 2745 1028 2785 καὶ
1045 2746 1204 2800 Κροίσῳ
1213 2739 1320 2796 ἦσαν
1331 2739 1448 2794 κατή-

795 2802 908 2853 κοοι]
930 2803 1080 2841 Numani
1100 2798 1295 2852 κατήκοος
1314 2802 1371 2838 hic
1383 2801 1449 2837 da—

794 2860 904 2896 tivum
931 2860 1129 2907 adstruxit,
1156 2871 1241 2895 mox
1263 2857 1330 2905 (1,
1349 2856 1448 2901 143)

797 2916 1006 2965 genitivum.
1045 2915 1105 2954 De
1132 2928 1207 2964 quo
1236 2926 1302 2953 usu
1325 2913 1448 2950 confer
