1759 3324
297 274 382 316 452
701 266 1174 310 H’ERODOTI

302 384 376 441 ξης
402 382 598 440 ποταμὸς
630 381 716 438 ῥέει
746 382 824 439 μὲν
854 382 900 425 ἐκ
942 382 1206 437 Ματιηνῶν,

249 557 477 596 scribendum
499 570 580 595 esse
606 560 729 594 censet
747 555 902 593 wesse-

248 615 404 663 lingius·,
427 626 582 662 quocum
601 613 745 649 minime
770 625 902 649 couve-

250 673 350 718 nire,
395 669 494 718 quod
531 669 635 706 sedes
673 668 905 716 Massageta-

251 741 331 764 rum
377 731 487 774 atque
530 725 747 762 Issedonum
795 724 904 771 louge

254 788 356 821 extra
392 781 541 818 Mediae
575 781 665 817 fines
706 781 797 826 sint,
837 792 906 815 nec

254 839 399 876 omnino
416 836 525 873 ullum
549 837 586 873 in
609 835 735 873 Media
759 837 906 880 flumen,

254 894 354 944 quod
374 897 430 929 tot
448 893 548 929 ostiis
567 893 657 929 mari
671 892 806 941 Caspio
824 891 906 926 iun-

256 955 375 999 gatur.
434 949 591 997 Reliqua
618 961 817 996 congruere
834 946 909 983 vult

255 1006 365 1044 fluvio
396 1004 548 1054 Volgae,
578 1005 639 1054 qui
666 1004 787 1042 multis
806 1004 908 1040 ostiis

257 1064 295 1100 in
317 1061 492 1112 Caspium
511 1074 610 1099 mare
629 1075 709 1098 sese
727 1060 909 1106 infundat,

222 1160 231 1163 ,
257 1117 466 1167 insulasque
477 1118 535 1155 hic
552 1119 727 1168 praebeat
742 1129 908 1165 magnas.

259 1176 318 1214 De
339 1187 411 1223 quo
430 1175 559 1211 eodem
579 1175 687 1210 fluvio
707 1186 910 1211 sermonem

260 1244 342 1270 esse
361 1230 423 1277 IV,
443 1232 513 1278 11,
533 1231 595 1267 ubi
613 1231 769 1280 Scythae
789 1229 929 1266 Asiam·

262 1288 346 1325 olim
380 1287 598 1334 incolentes,
639 1300 660 1323 a
688 1286 909 1335 Massagetis

261 1344 374 1396 pulsi,
404 1344 553 1380 traiecto
575 1343 694 1380 Araxe
721 1343 843 1390 fluvio,
873 1343 911 1379 in

262 1402 353 1438 fines
386 1400 663 1437 Cimmeriorum
697 1400 829 1436 abiisse
857 1398 922 1435 di·‘

263 1460 410 1503 cuntur,
451 1456 813 1505 Schweighaeuserus
835 1455 913 1492 alii-

264 1526 338 1563 que
365 1512 557 1549 affirmant.
624 1513 758 1550 Verum
783 1513 913 1549 iisdem

263 1570 349 1606 viris
384 1569 498 1605 doctis
528 1570 750 1616 auctoribus,
790 1572 915 1605 nostro

264 1627 303 1663 in
329 1625 408 1662 loco
453 1625 556 1662 aliter
589 1626 819 1662 statuendum
849 1629 917 1671 est,

266 1695 346 1720 cum
371 1681 518 1719 minime
541 1681 730 1731 probabile
757 1682 824 1728 sit,
870 1681 918 1718 ad

266 1738 424 1788 Volgam
453 1750 568 1786 usque
607 1742 820 1788 penetrasse
841 1737 917 1786 Cy-

266 1808 357 1832 rum.
412 1793 560 1831 Laudat
587 1794 918 1843 Schweighaeuser.

266 1852 375 1889 trium
408 1849 705 1888 Academicorum
737 1850 920 1887 Parisien-

269 1909 360 1945 sium
378 1907 640 1957 disputationes
670 1907 735 1954 (in
752 1906 919 1944 Memoir.

269 1965 317 2002 de
343 1962 488 2000 l’Acad.
517 1964 552 1999 d.
582 1963 748 2013 Inscript.
787 1967 813 1999 t.
832 1962 920 1999 XVI

269 2032 356 2071 pag·
388 2020 612 2067 69—85),
642 2032 795 2068 quorum
814 2032 919 2066 unus,

271 2075 368 2113 dela
384 2074 535 2122 Nauze,
564 2075 747 2112 Herodoti
767 2074 921 2112 Araxem

270 2131 406 2169 nullum
441 2130 548 2166 alium
596 2144 677 2168 esse
709 2130 804 2179 vult,
851 2131 921 2167 nisi

271 2186 466 2225 Armeniae
513 2186 610 2223 illum
644 2187 809 2233 fluvium,
859 2187 923 2236 qui

271 2243 379 2292 vulgo
415 2242 480 2279 sub
517 2242 650 2279 Araxis
691 2243 837 2280 nomine
878 2243 923 2280 sit

273 2304 402 2346 notus,
431 2298 564 2347 quique
594 2299 640 2336 ab
671 2300 857 2336 occidente
885 2300 923 2336 in

274 2354 448 2406 Caspium
472 2367 572 2392 mare
588 2355 726 2391 influat.
785 2355 925 2392 Contra.

274 2423 382 2462 quem
399 2414 436 2448 et
450 2411 497 2447 de
508 2411 674 2460 Guignes
688 2410 744 2461 (p.
754 2413 808 2452 76
821 2412 922 2461 sqq.)

275 2472 313 2506 et
335 2465 502 2505 Danville
528 2466 594 2517 (p.
615 2470 668 2508 79
686 2468 816 2516 seqq.)
847 2472 923 2505 tum

275 2523 344 2561 alia
360 2527 595 2570 monuerunt,
623 2527 699 2559 tum
715 2523 800 2560 illud
816 2524 924 2561 etiam

276 2580 477 2625 evicerunt,
507 2579 601 2616 hunc
628 2579 809 2616 Herodoti
831 2579 924 2617 Ara-

275 2649 357 2674 xem
384 2635 433 2672 ad
459 2635 633 2672 orientem
663 2635 788 2685 Caspii
817 2637 924 2673 maris

275 2699 358 2730 esse
376 2691 634 2740 quaerendum.
667 2691 790 2734 Quare
807 2692 924 2730 Oxum

277 2761 360 2786 esse
385 2751 606 2793 statuerunt3
635 2747 672 2783 in
700 2759 772 2796 quo
802 2748 923 2798 plures

277 2804 344 2842 sibi
354 2803 591 2841 assentientes
610 2803 708 2840 nacti
728 2810 822 2850 sunt,
833 2817 926 2853 quo-

277 2873 356 2898 rum
399 2872 507 2897 unum
546 2863 685 2896 tantum
724 2873 925 2898 memorare

277 2918 393 2965 iuvat,
442 2915 654 2965 Breigerum
689 2915 922 2963 (Comment.

1272 377 1378 422 ὅθεν
1418 393 1497 434 περ
1540 375 1565 420 ὁ

971 554 1018 591 de
1036 554 1182 591 difficili.
1202 554 1417 604 quibusdam
1428 550 1536 589 Asiae
1546 550 1625 588 He-

971 611 1090 647 rodot.
1123 624 1209 660 pag.
1241 613 1294 651 58
1319 631 1366 637 --
1390 610 1472 657 66)
1513 607 1626 656 longa

973 667 1221 716 disputatione
1241 669 1338 704 idem
1368 667 1531 704 evincere
1550 670 1626 702 stu-

974 724 1132 760 dentem.
1187 724 1368 760 Assensus
1398 729 1454 760 est
1485 721 1533 758 illi
1558 734 1627 756 nu-

973 779 1128 828 perrime
1150 780 1225 828 He)
1235 794 1273 817 se
1300 781 1337 816 iu
1365 780 1531 823 Quaestt.
1549 777 1628 814 He-

973 835 1108 871 rodott.
1130 835 1144 871 Ι
1172 849 1256 885 pag.
1280 840 1371 877 102.
1429 833 1627 872 Rennelius

974 891 1208 940 (Geograph.
1234 892 1413 928 Herodot.
1439 904 1525 941 pag·
1545 890 1627 931 467

976 959 1080 995 seqq.
1116 948 1173 984 ed.
1201 947 1411 995 vernacul.)
1446 942 1630 984 Herodoti

976 1003 1222 1040 narrationem
1241 1005 1286 1040 de
1305 1004 1424 1041 Araxe
1441 1003 1630 1039 confusam

977 1059 1082 1104 dicit,
1129 1064 1168 1096 ut
1196 1060 1233 1095 in
1274 1072 1347 1108 qua
1369 1061 1455 1096 bina
1482 1059 1632 1095 flumina

978 1117 1134 1163 diversa,
1151 1116 1331 1154 Iaxartem
1348 1121 1384 1154 et
1394 1117 1526 1162 Oxum,
1544 1127 1632 1152 con-

978 1174 1060 1209 fusa
1081 1177 1116 1210 et
1137 1173 1316 1222 permixta
1343 1186 1423 1210 esse
1443 1175 1630 1223 appareat.

980 1230 1086 1272 Quae
1112 1229 1207 1266 enim
1235 1229 1375 1278 singula
1402 1231 1448 1267 de
1477 1234 1633 1278 utroque

978 1286 1176 1336 accepisset
1222 1286 1456 1333 Herodotus,
1506 1297 1551 1322 ea
1595 1284 1632 1321 in

979 1356 1089 1379 unum
1132 1355 1152 1379 a
1183 1343 1358 1392 scriptore
1393 1342 1569 1379 translata
1597 1346 1634 1378 et

981 1400 1127 1448 quidem
1148 1399 1184 1435 in
1204 1399 1241 1435 id
1259 1402 1392 1437 flumen
1407 1429 1417 1446 ,
1447 1399 1549 1448 quod
1568 1411 1636 1434 no-

979 1456 1159 1492 tissimum
1194 1460 1303 1504 atque
1351 1456 1636 1501 celeberrimum,

984 1512 1071 1560 Cyri
1116 1512 1306 1562 imperium
1347 1525 1368 1549 a
1410 1512 1633 1560 Massagetis

983 1569 1206 1606 seiunxisset.
1280 1569 1392 1607 Unde
1435 1568 1634 1615 concludit,

984 1626 1106 1662 Oxum
1125 1625 1271 1674 quidem
1298 1625 1533 1675 probabiliter
1557 1637 1636 1661 ma-

985 1695 1096 1731 gnum
1127 1695 1207 1718 esse
1244 1681 1343 1718 illum
1373 1682 1544 1729 fiuvium,
1574 1681 1637 1731 qui

985 1739 1022 1775 in
1048 1738 1222 1789 Caspium
1248 1751 1349 1776 mare
1380 1751 1419 1775 se
1446 1739 1638 1783 infundat3

986 1794 1143 1841 insulas,
1165 1794 1318 1844 paludes
1339 1807 1380 1832 ac
1406 1799 1537 1844 stagna
1563 1796 1638 1832 for-

987 1852 1079 1888 sitan
1099 1850 1225 1888 referri
1242 1864 1354 1900 posse
1371 1853 1419 1889 ad
1434 1851 1550 1888 lacum
1569 1851 1638 1888 ho-

988 1908 1047 1945 die
1064 1907 1129 1944 sub
1155 1908 1300 1945 nomine
1327 1908 1418 1945 Aral
1446 1912 1574 1944 notum
1602 1912 1638 1944 et

987 1964 1034 2001 ad
1054 1963 1200 1999 fiuvium
1227 1963 1365 2012 (quem
1391 1966 1544 2002 seriores
1573 1976 1639 2000 vo-

990 2020 1100 2067 cant)
1129 2018 1332 2067 Iaxartem,
1371 2034 1526 2070 quocum
1553 2020 1639 2057 olim

989 2075 1141 2113 forsitan
1185 2076 1286 2113 Oxus
1330 2077 1470 2115 iunctus
1515 2077 1639 2127 aliquo

989 2132 1099 2169 modo
1114 2132 1234 2168 fuerit.
1263 2133 1305 2169 In
1326 2147 1369 2171 eo
1387 2140 1510 2172 autem
1531 2146 1640 2183 aper-

990 2192 1026 2226 te
1050 2187 1172 2237 lapsus
1194 2188 1332 2227 Noster
1359 2191 1409 2238 (si
1421 2191 1640 2229 Rennelium

990 2244 1093 2282 audis
1116 2243 1138 2280 l.
1160 2244 1217 2292 l.)‚
1243 2248 1348 2295 ,quod
1367 2247 1495 2285 Araxis
1519 2248 1640 2284 fontes

990 2301 1027 2337 in
1044 2300 1215 2338 Matienis
1238 2302 1351 2351 (quae
1369 2305 1450 2353 ipsa
1472 2308 1527 2342 est
1543 2307 1641 2341 terra

991 2356 1208 2405 Kurdz'stan,
1238 2359 1330 2396 intra
1350 2360 1514 2398 Mediam
1530 2364 1642 2409 atque

989 2414 1215 2462 Armeniam)
1238 2416 1409 2464 collocat,
1435 2417 1541 2466 eique
1562 2429 1644 2453 cur-

991 2483 1070 2507 sum
1088 2471 1211 2507 tribuit
1229 2473 1451 2511 orientalem.
1484 2474 1642 2511 Araxem

991 2527 1087 2564 enim
1100 2526 1210 2575 illum,
1226 2529 1286 2579 qui
1305 2542 1348 2567 ex
1364 2529 1537 2568 Armenia
1553 2543 1642 2580 pro-

991 2582 1089 2620 venit
1108 2596 1149 2620 ac
1167 2585 1213 2622 de
1243 2599 1314 2634 quo
1331 2586 1483 2624 obscura
1500 2590 1643 2623 tantum

992 2640 1158 2688 scriptori
1178 2646 1304 2678 nostro
1319 2643 1447 2679 notitia
1459 2671 1470 2690 ,
1500 2656 1581 2680 cum
1596 2655 1641 2679 eo

991 2693 1122 2742 Araxi,
1164 2697 1225 2746 qui
1269 2699 1315 2736 ab
1359 2700 1499 2737 oriente
1533 2698 1642 2736 maris

993 2751 1120 2801 Caspii
1155 2754 1253 2802 fluit,
1298 2755 1473 2792 confudit.
1537 2754 1644 2792 Haec

991 2806 1207 2855 Rennelius‚
1239 2811 1412 2848 adversus
1437 2823 1546 2860 quem
1564 2811 1645 2850 He-

991 2863 1121 2900 rodoto
1145 2867 1393 2914 patrocinatur
1420 2867 1588 2904 Bredow.
1604 2867 1643 2904 iu

991 2918 1192 2971 Uranolog.
1227 2923 1407 2962 Herodot.
1445 2923 1642 2975 Specimin.
