1777 3324
478 299 564 338 AD
608 297 1206 348 HERODOT.11,123.
1522 303 1609 342 915

90 424 192 450 suam
220 411 439 462 probassent
472 413 509 448 in
536 410 718 449 Amenthe
736 440 748 460 ,
793 414 967 461 poterant
996 414 1138 449 mature
1165 411 1286 449 redire
1324 411 1373 449 ad
1406 414 1606 463 superiora,

90 484 128 517 et
155 492 283 528 regum
313 491 460 529 quoque
491 478 548 515 vel
574 477 747 515 nobilium
786 491 941 529 corpora
971 491 1097 516 recens
1137 482 1225 515 nata
1252 479 1409 527 ingredi.
1468 480 1608 518 Contra

89 548 159 599 ipsi
183 547 294 584 etiam
331 560 437 596 reges
475 546 622 597 superbi
655 549 692 584 et
720 546 820 596 impii
849 549 935 596 post
963 550 1119 583 mortem
1150 547 1241 583 divis
1280 547 1480 583 consecrati
1509 552 1606 596 sunt,

89 619 126 653 et
150 614 322 651 continuo
357 613 597 662 castigatione
633 614 808 663 exagitari
843 614 971 652 crediti
1006 627 1030 651 a
1067 614 1249 651 iudicibus
1286 614 1356 650 diis
1396 614 1605 652 inferorum.

87 682 265 719 Pindarus
306 683 404 718 certe
449 681 487 717 in
533 681 612 718 loco
657 683 705 719 ad
748 681 1000 731 Aegyptiacae
1044 681 1233 719 doctrinae
1271 681 1431 719 indolem
1470 683 1605 729 efficto,

88 750 234 800 Olymp.
258 748 314 796 ΙΙ,
342 749 445 795 121,
493 753 733 799 posteaquam
771 750 1026 786 defunctorum
1064 749 1243 786 bonorum
1284 753 1422 787 sortem
1456 751 1606 800 praedi-

85 818 197 864 cavit,
239 817 287 853 de
316 815 417 852 malis
447 815 613 854 universe
644 818 694 854 ita
730 818 960 868 pronuntiat:
997 837 1054 844 —
1074 816 1135 856 τοὶ
1165 813 1206 856 δ’
1235 812 1513 869 ἀπροσόρατον
1540 813 1604 858 ὅκ-

85 883 214 936 χέοντι
244 878 383 922 πόνον.
444 883 556 926 Quod
585 898 671 922 vero
701 885 1004 937 παλιγγενεσίαν
1037 885 1285 922 sacerdotibus
1312 886 1495 934 attribuo,
1524 887 1548 924 i.
1570 900 1602 924 e.

85 952 155 990 hoe
183 951 378 1002 placitum,
409 950 499 1001 quod
525 954 679 990 animum
703 953 890 990 humanum
919 952 1210 1000 determinatum,
1253 956 1286 990 et
1311 966 1336 990 a
1363 954 1504 991 bestiali
1532 956 1601 991 cir-

86 1022 185 1056 cuitu
216 1021 396 1056 immunem
429 1023 511 1069 post
546 1023 678 1070 tempus
704 1023 742 1057 in
767 1021 914 1058 hominis
945 1033 1090 1071 corpora
1119 1020 1314 1058 redeuntem
1330 1025 1492 1071 poneret,
1521 1035 1601 1058 mo-

85 1091 148 1125 vet
172 1100 231 1123 me
256 1087 374 1123 Servii
404 1088 597 1125 auctoritas
624 1088 702 1125 loco
736 1102 847 1139 supra
876 1088 1024 1126 laudato
1062 1089 1138 1135 (ad
1166 1089 1268 1137 Virg.
1300 1088 1393 1127 Aen.
1423 1088 1498 1137 ΙΙΙ,
1528 1092 1602 1137 68)

86 1168 166 1191 cum
194 1154 443 1203 Pythagoram
475 1156 563 1192 dicit
591 1155 701 1206 plane
731 1170 812 1194 eum
849 1158 887 1194 in
926 1158 1074 1193 modum
1114 1156 1301 1202 statuisse3
1347 1169 1454 1206 quem
1484 1157 1601 1208 philo—

85 1222 236 1273 sophum
274 1222 352 1272 ipse
392 1223 606 1260 Herodotus
646 1225 873 1263 sacerdotum
915 1223 1182 1276 Aegyptiorum
1229 1224 1445 1275 discipulum
1489 1226 1600 1264 fuisse

84 1290 285 1340 significat,
322 1293 362 1326 ut
389 1303 500 1341 supra
524 1291 784 1330 firmavimus-‘⁶
811 1313 866 1322 ——

1151 2982 1258 3026 58*
