1814 3315
377 251 460 292 178
768 234 1243 282 HERon‘oTl

376 357 537 403 τούτου
569 356 651 398 τοῦ
679 351 868 409 χρόνου,
899 350 1014 403 ὅκως
1042 350 1260 410 πειρῴατο
1290 350 1506 409 ἀλλήλων,
1535 355 1641 396 πολ-

376 442 436 495 λῷ
466 431 774 487 κατυπέρτεροι
813 435 874 489 τῷ
912 432 1086 487 πολέμῳ
1124 431 1320 487 ἐγίνοντο
1353 434 1396 476 οἱ
1427 433 1640 476 Λακεδαι-

375 517 544 572 μόνιοι·
576 510 661 568 ἤδη
693 510 739 555 δέ
770 523 850 567 σφι
877 512 951 556 καὶ
978 510 1007 569 ἡ
1037 511 1178 568 πολλή
1197 516 1272 568 τῆς
1295 510 1640 568 Πελοποννήσου

375 591 430 651 ἦν
459 590 824 647 κατεστραμμένη.

492 675 640 715 Ταῦτα
670 670 722 726 δὴ
755 664 819 714 ὦν
848 669 991 714 πάντα
1018 668 1355 726 πυνθανόμενος
1382 669 1405 713 ὁ
1431 673 1639 724 Κροῖσος,

249 670 315 715 69

42 735 160 764 Foedus
193 736 273 763 inter

43 770 187 798 Croesum
206 774 236 796 et
261 768 320 796 La-

40 803 247 831 cedaemonios
262 802 319 830 ini-

38 840 113 866 tum.

376 752 534 807 ἔπεμπε
574 749 619 802 ἐς
656 748 868 806 Σπάρτην
903 747 1115 806 ἀγγέλους
1155 748 1279 804 δῶρά
1327 764 1372 792 τε
1410 749 1696 805 φέροντας,20

313 926 426 971 Quod
472 924 616 963 Orestis
669 923 813 960 ossibus
866 935 970 961 recu-

312 982 486 1034 perandis
498 986 639 1018 tantam
658 993 806 1031 operam
829 981 969 1031 impen-

313 1040 436 1077 derint
464 1037 656 1088 Spartani,
693 1037 853 1074 declarat
874 1038 970 1074 Pau-

312 1096 439 1133 saniae
458 1094 558 1131 locus
577 1094 652 1140 lll,
688 1095 738 1134 16
771 1091 807 1144 ᾗ.
830 1097 878 1141 6,
906 1092 969 1130 ubi

311 1151 488 1201 legimus,
518 1151 690 1188 Orestem
708 1150 792 1186 olim
812 1151 969 1200 Spartae

311 1221 440 1258 regem
477 1208 604 1244 fuisse.
665 1207 784 1250 Quem
811 1208 967 1244 eundem

310 1265 349 1302 in
372 1264 527 1301 Arcadia
552 1266 732 1300 mortuum
752 1276 858 1310 esse,
887 1275 967 1300 cum

311 1320 490 1358 coloniam
514 1320 553 1356 in
583 1317 773 1357 Aeolidem
809 1320 968 1366 duceret,

314 1380 351 1415 et
382 1377 528 1426 quidem
556 1389 673 1426 prope
704 1375 893 1424 Tegeam,
923 1388 967 1412 eo

315 1431 415 1480 loco,
472 1433 529 1469 cui
575 1444 709 1469 nomen
750 1427 968 1483 Ὀρεστεῖον

314 1488 474 1537 (Herod.
502 1488 573 1535 IX,
606 1489 699 1536 11),
729 1488 787 1525 alii
819 1501 968 1538 quoque

310 1549 491 1583 testantur
513 1545 719 1595 scriptores·
759 1545 871 1583 Unde
890 1544 968 1582 Te-

311 1614 420 1651 geam
458 1614 544 1638 ossa
579 1601 756 1638 translata
799 1614 883 1639 esse
922 1613 966 1638 eo

307 1658 425 1706 magis
455 1661 739 1695 consentaneum
777 1661 855 1705 est,
894 1669 968 1706 quo

307 1713 476 1764 Aerope,
532 1714 676 1751 Orestis
714 1712 815 1761 avia,
867 1712 969 1762 Aga-

307 1770 585 1819 memnonisque
603 1774 730 1816 mater,
760 1783 877 1819 genus
901 1770 969 1807 du-

309 1827 415 1864 cebat
433 1839 455 1863 a
478 1825 647 1875 Tegeata
679 1838 746 1863 avo
760 1855 771 1874 ,
801 1827 863 1875 qui
887 1827 969 1877 ipse

310 1882 479 1932 Tegeam
518 1883 727 1920 condidisse
772 1883 967 1920 ferebatur.

308 1939 354 1976 cf.
393 1939 515 1975 Strab.
552 1938 640 1976 XIII
687 1952 724 1989 p.
764 1942 869 1985 872,
921 1938 967 1975 C.

307 1995 484 2044 Stephan.
520 1995 611 2043 Byz.
652 2009 681 2032 s.
708 2007 741 2031 v.
776 1991 967 2046 Ὀρέσται.

307 2049 465 2087 Pausan.
485 2050 591 2098 VIII,
623 2054 648 2093 3
679 2049 757 2088 coll.
780 2051 879 2099 Vlll,
899 2051 967 2099 54,

307 2107 345 2148 3.
366 2106 425 2144 De
444 2107 587 2144 Orestis
617 2106 766 2144 coloniis
783 2108 855 2144 vid.
875 2107 968 2145 Hel-

310 2162 415 2200 lanici
435 2164 602 2211 fragmm.
632 2177 669 2214 p.
690 2163 744 2204 46
766 2164 824 2202 ed.
845 2164 965 2201 Sturz.

310 2218 390 2256 coll.
413 2219 611 2268 Phereeyd.
629 2220 796 2268 fragmm.
818 2234 855 2271 p.
883 2222 964 2262 210

309 2275 430 2311 Sturz.
481 2275 534 2312 Ac
563 2276 719 2324 denique
755 2278 902 2314 omnino
933 2277 965 2314 si

309 2343 463 2380 quaeras
476 2360 486 2377 ‚
517 2344 590 2381 quo
609 2336 688 2368 tota
709 2332 780 2370 ista
806 2334 852 2371 de
869 2333 965 2370 Ore-

308 2387 374 2423 stis
409 2388 585 2426 cadavere
625 2390 784 2426 narratio
824 2393 965 2440 spectet

306 2444 427 2492 deque
461 2443 553 2480 illius
591 2444 625 2480 vi
660 2445 830 2492 mirifica,
866 2446 964 2484 unde

306 2499 569 2549 Spartanorum
620 2500 718 2537 salus
772 2515 963 2552 suspensa,

305 2555 377 2592 iam
398 2568 421 2592 a
444 2555 508 2593 Cr.
529 2556 703 2593 monitum
724 2561 781 2595 est
799 2558 961 2606 (comm.

305 2611 474 2649 Herodd.
508 2612 524 2649 I
569 2626 607 2663 p.
647 2615 764 2662 306),
795 2619 963 2665 spectare

306 2666 398 2705 haec
424 2669 473 2706 ad
493 2667 656 2706 Manium
679 2669 888 2719 Larumque
906 2684 964 2708 re-

306 2723 484 2772 ligiones,
521 2725 652 2774 quibus
682 2725 852 2765 Lacones
889 2739 964 2764 non

305 2780 445 2828 minus,
501 2793 612 2831 quam
665 2781 758 2819 aliae
805 2782 963 2821 Doricae

305 2841 460 2885 gentes,
499 2838 614 2875 dediti
650 2839 795 2876 fuerint.
845 2838 963 2876 Nam-

309 2905 381 2943 que
401 2896 586 2943 mortuos,
612 2894 818 2945 praeclaros
848 2895 963 2946 inpri-

1036 924 1106 960 mis
1126 923 1237 970 viros,
1266 935 1346 961 eam
1365 923 1506 973 ipsam,
1534 921 1603 959 sub
1622 920 1696 971 qua

1036 980 1190 1026 iaceant,
1220 983 1353 1017 terram
1375 973 1604 1026 conservare,
1633 991 1696 1015 cu-

1037 1037 1236 1084 stodesque
1264 1035 1450 1072 hominum
1486 1048 1529 1072 ac
1565 1034 1696 1084 depul-

1037 1106 1141 1130 sores
1166 1091 1345 1129 malorum
1364 1092 1466 1139 fieri,
1494 1095 1598 1129 vetus
1617 1094 1695 1129 erat

1035 1148 1257 1200 superstitio.

1093 1201 1197 1251 όκως
1217 1199 1429 1259 πειρῴατο]
1451 1201 1611 1252 Vulgo'
1593 1216 1696 1242 επει·

1036 1258 1184 1313 ρώατο,
1216 1262 1314 1311 quod
1345 1260 1512 1309 Schwgh.
1525 1235 1698 1297 e’mutavit

1035 1319 1072 1355 in
1082 1313 1376 1383 ἐπιπειρῴατο,
1407 1317 1523 1353 Gaisf.
1548 1316 1586 1353 in
1612 1329 1696 1356 πει.

1036 1370 1182 1428 ρῴατο;
1230 1375 1331 1423 quod
1357 1386 1468 1422 quum
1503 1372 1621 1422 magis
1652 1384 1697 1410 ex

1034 1444 1102 1468 usu
1138 1431 1353 1468 Herodoteo
1390 1443 1473 1467 esse
1499 1429 1697 1477 videretur,

1034 1488 1263 1525 adscivimus,
1292 1486 1489 1535 vulgatam
1505 1479 1697 1536 ἔπειρῶα-

1033 1558 1076 1583 το
1127 1548 1278 1595 propter
1334 1543 1494 1580 Ionicam
1539 1542 1696 1579 formam

1036 1600 1124 1651 (pro
1144 1599 1381 1651 ἐπειρωντο)
1412 1598 1537 1636 laudat
1562 1597 1695 1636 Matth.

1037 1655 1074 1708 ἓ-
1101 1657 1197 1704 204,
1221 1659 1260 1704 7,
1280 1656 1304 1692 b
1324 1669 1362 1707 p.
1379 1656 1474 1696 378-

1091 1709 1172 1763 ’ἤδη
1193 1711 1235 1751 δέ
1260 1724 1333 1762 σφι
1352 1710 1421 1751 καὶ
1439 1727 1466 1763 η
1484 1706 1612 1762 πολλη
1624 1711 1697 1763 τῆς

1037 1765 1353 1820 Πελοποννήσου
1382 1762 1436 1820 ἦν
1457 1778 1698 1819 κατεστραμ-

1038 1824 1154 1876 μένη]
1210 1825 1321 1870 Quod
1350 1825 1538 1863 verissime
1565 1825 1636 1861 diei
1671 1836 1697 1862 a

1035 1882 1174 1920 Nostro
1233 1883 1404 1920 observat
1460 1880 1696 1918 Schlosserus

1037 1939 1374 1988 (Universalgesch.
1401 1938 1441 1985 I,
1473 1939 1495 1978 1
1516 1951 1552 1988 p.
1577 1937 1694 1985 333)-

1034 1995 1134 2033 Nam
1164 1995 1327 2045 reliquae
1365 1993 1612 2045 Peloponnesi
1643 1993 1696 2030 ci-

1033 2052 1164 2090 w'tates
1186 2065 1230 2090 ea
1248 2056 1368 2090 aetate
1389 2064 1518 2102 parum
1535 2049 1694 2097 validae,

1034 2121 1101 2146 nec
1123 2108 1192 2145 ullo
1212 2109 1322 2145 modo
1337 2121 1469 2159 pares,
1500 2119 1596 2157 quae
1616 2105 1695 2146 La-

1034 2165 1279 2204 cedaemoniis
1309 2165 1535 2203 resisterent.

1219 2249 1251 2286 c
1264 2261 1330 2301 ap.
1359 2248 1498 2287 LX1x.

1090 2331 1236 2384 ἔπεμπε
1259 2332 1298 2379 ἐς
1318 2328 1514 2384 Σπάρτην
1534 2346 1572 2372 κ.
1592 2327 1691 2381 τ.λ.]

1030 2389 1204 2428 Laudant
1231 2389 1450 2426 Pausaniam
1470 2389 1535 2436 IV,
1564 2388 1604 2436 5,
1631 2388 1695 2426 ubi

1031 2446 1207 2484 Messenii
1237 2444 1538 2483 Lacedaemoniis
1563 2457 1697 2495 expro-

1033 2503 1151 2550 brant,
1182 2502 1283 2552 quod
1303 2502 1464 2538 omnium
1483 2502 1589 2551 primi
1610 2513 1693 2538 eum

1033 2559 1195 2596 barbaris
1226 2558 1358 2595 foedus
1386 2558 1531 2595 inierint
1559 2556 1692 2594 Croesi

1032 2616 1139 2652 donis
1161 2615 1280 2652 illecti.
1337 2613 1492 2651 Addunt
1531 2625 1694 2663 quoque,

1030 2671 1256 2720 Eurybatum
1301 2683 1324 2707 a
1362 2670 1504 2709 Croeso
1541 2670 1694 2707 missum

1030 2733 1118 2778 post
1143 2740 1222 2765 cum
1262 2726 1416 2777 pecunia
1460 2727 1509 2764 ad
1553 2726 1693 2776 Cyrum

1031 2785 1220 2821 transiisse
1240 2783 1436 2833 omniaque
1449 2782 1579 2820 Croesi
1604 2794 1693 2820 con-

1031 2840 1115 2877 silia
1150 2840 1292 2891 perfide
1325 2840 1359 2877 ei
1395 2839 1590 2878 detexisse.
1621 2838 1690 2876 Cr.

1030 2897 1116 2934 citat
1142 2896 1242 2934 locos
1275 2908 1298 2933 a
1316 2895 1461 2934 Marxio
1492 2899 1691 2945 congestos
