1759 3324
508 270 927 311 EUTERPE.
982 270 1028 309 ΙΙ.

1303 272 1389 312 509

129 391 234 430 σθαι
262 385 315 429 τοὶ
343 383 439 437 περὶ
469 383 714 437 Αἴγυπτον,
756 381 805 423 οἵ
832 391 941 436 φασι
966 378 1017 423 τὸ
1041 379 1186 423 Δέλτα
1216 383 1387 436 μοῦνον
1399 387 1443 423 35

127 463 240 507 εἶναι
268 465 514 518 Αἴγυπτον,
565 458 648 503 ἀπὸ
682 459 875 514 Περσέος
910 459 1177 515 καλεομένης
1206 464 1389 515 σκοπιῆς

128 544 320 597 λέγοντες
347 539 394 585 τό
425 538 542 594 παρα
573 537 804 582 θάλασσαν
833 535 943 582 εἶναι
977 536 1113 596 αὐτῆς
1141 538 1265 594 μέχρι,
1299 543 1384 582 Τα-

70 737 176 776 quam
204 727 305 775 sequi
330 725 510 772 debebat,
540 725 718 773 neglecta.

68 784 100 820 A
120 783 249 831 quibus
266 782 464 833 participiis
482 783 644 831 pendere
659 795 720 820 ae-

69 839 246 876 cusativos
272 853 350 876 cum
371 839 548 875 infinitivo
577 840 638 887 qui
660 852 718 876 se-

69 899 246 944 quantur,
285 896 342 932 vix
371 908 520 933 monere
562 895 629 932 erit
655 908 721 933 ne-

71 965 190 997 cesse,
228 953 279 988 ita
315 956 355 989 ut
391 952 588 1001 apodosis,
627 964 722 1000 quae

68 1009 290 1059 respondeat
314 1009 455 1046 verbis:
486 1007 521 1046 εἰ
541 1002 598 1046 οἷν
627 1008 719 1057 βου-

69 1061 226 1114 λόμεθα
253 1062 435 1118 γνώμῃσι
458 1066 548 1119 τῇσι
577 1059 720 1103 Ἱώνων

70 1123 268 1172 χρᾶσθαι,
324 1121 471 1171 incipiat
517 1121 662 1158 demum
697 1133 720 1158 a

71 1179 190 1215 verbis
211 1173 542 1228 ἀποδεικνύοιμεν
561 1173 634 1224 ἂν,
662 1190 721 1215 re·-

71 1234 176 1283 liquis
198 1235 314 1272 verbis
342 1235 506 1271 omnibus
527 1234 722 1284 interposi-

72 1291 117 1328 tis
146 1305 189 1328 eo
217 1304 289 1340 quo
316 1291 468 1327 diximus
495 1291 605 1327 modo
629 1291 723 1328 inter

73 1361 112 1384 se
138 1348 332 1396 iungendis
367 1359 408 1384 ac
450 1347 643 1384 struendis.
667 1368 723 1374 -

71 1406 246 1454 χρᾶσθαι
280 1400 344 1442 τα
383 1402 475 1455 περὶ
515 1403 722 1455 Αἴγυπτον

70 1461 283 1497 adscivimus
300 1473 381 1497 cum
414 1465 562 1498 recentt.
580 1460 680 1497 editt.
704 1473 724 1497 e

69 1516 167 1553 libris
192 1517 346 1567 scriptis.
404 1516 525 1566 Vulgo
555 1517 724 1553 omittunt

69 1569 129 1612 τά.

128 1625 207 1668 ἀπὸ
257 1627 433 1681 Περσέος
482 1627 723 1680 καλεομένης

73 1685 264 1736 σκοπιῆς]
326 1684 500 1737 Περσέος
520 1717 530 1734 ,
575 1687 723 1723 iubente

71 1755 218 1791 quoque
250 1742 419 1780 lVerfero
451 1743 487 1779 in
508 1742 603 1780 Aett.
623 1741 721 1792 phill.

71 1798 236 1836 Mouacc.
263 1798 302 1846 I,
334 1801 355 1839 1
390 1811 475 1849 pag.
499 1799 574 1845 85,
607 1799 723 1836 edidi-

71 1868 150 1893 mus
173 1869 254 1892 cum
267 1860 415 1893 recentt.
429 1856 528 1893 editt.
542 1868 610 1906 pro
625 1855 721 1903 vulg.

74 1910 292 1962 Περσέως.
360 1912 485 1949 Persei
522 1911 666 1962 specula
700 1924 722 1948 a

72 1968 254 2005 Strabone
282 1968 405 2016 (XVII
424 1981 510 2018 pag.
533 1968 653 2015 1153,
675 1967 718 2004 C.

73 2026 167 2072 801,
182 2024 237 2073 1))
259 2025 328 2061 sita
349 2038 428 2062 esse
444 2025 572 2062 dicitur
591 2037 612 2061 a
631 2024 720 2061 Bol-

72 2080 182 2118 bitino
214 2082 308 2118 ostio
333 2082 617 2131 septentrionem
639 2094 720 2118 ver-

71 2149 130 2174 sus
152 2141 188 2176 et
201 2138 347 2186 quidem
370 2138 406 2174 in
423 2151 579 2175 arenoso
596 2142 632 2175 et
649 2138 717 2174 hu-

73 2193 147 2230 mili
175 2195 445 2243 promontorio,
482 2195 582 2243 quod
608 2194 718 2243 longe

69 2250 273 2299 porrigatur
301 2255 338 2288 et
366 2247 411 2289 τό
437 2249 580 2302 Ἁγνοῧ
604 2249 721 2302 κέρας

70 2306 280 2356 appelletur.
337 2307 414 2344 Sed
458 2308 550 2345 bene
597 2311 722 2345 monet

71 2361 268 2401 Bennelius
289 2363 522 2414 (Geograph.
539 2365 720 2402 Herodot.

71 2431 108 2469 p.
120 2420 233 2468 613),
253 2433 327 2457 non
337 2420 557 2458 Bolbitinum
575 2422 719 2468 ostium,

75 2475 141 2511 sed
158 2476 400 2527 Canopicum,
431 2478 530 2525 quod
553 2479 601 2514 ad
625 2478 720 2515 occi-

76 2531 222 2568 dentem
241 2533 392 2570 maxime
409 2538 556 2582 vergat,
587 2535 623 2571 in
640 2535 720 2572 He·-

75 2586 205 2624 rodoto
224 2589 426 2626 necessario
446 2590 719 2640 intelligendum

77 2654 177 2690 esse,
201 2644 263 2692 qui
287 2657 430 2683 omnem
455 2659 540 2685 orae
559 2647 720 2684 latitudi-

76 2710 160 2736 nem
185 2700 230 2736 ab
256 2701 439 2739 occidente
466 2703 514 2740 ad
543 2705 720 2742 orientem

77 2766 191 2802 usque
207 2756 410 2796 describere
429 2758 591 2797 voluerit.
615 2761 720 2804 Quae

77 2822 159 2846 cum
199 2813 437 2862 quadraginta
483 2815 721 2854 schoenorum

79 2865 122 2912 (i.
143 2878 176 2903 e
207 2868 313 2909 1600
333 2870 552 2919 stadiorum,
581 2873 611 2910 si
640 2873 720 2922 qui-

78 2921 164 2959 dem
197 2924 435 2974 quadraginta
464 2928 582 2966 stadia
610 2941 721 2966 unum

789 726 983 764 sehoenum
1001 723 1202 775 complent)
1235 738 1317 763 esse
1343 724 1444 762 dica-

787 788 867 830 tur,
897 784 920 819 i.
949 796 979 820 e.
1010 782 1092 833 333
1122 781 1278 819 milliarr.
1301 794 1444 830 germa-

788 841 891 886 nice„
902 839 971 876 hoc
992 838 1041 876 sic
1061 838 1147 875 satis
1159 839 1352 876 convenire
1362 851 1443 875 cum

789 908 874 933 orae
892 895 1093 932 maritimae
1120 907 1291 932 mensura
1315 895 1400 931 inde
1421 907 1444 931 a

790 953 945 1002 Canopo
990 964 1109 1000 usque
1159 952 1207 988 ad
1246 950 1442 996 Pelusium,

788 1022 882 1058 quae
901 1010 1015 1046 ferme
1032 1008 1252 1045 existimetur
1269 1021 1349 1045 esse
1359 1007 1442 1058 342³:

786 1065 1029 1102 milliariorum
1042 1064 1379 1114 geographicorum.
1400 1064 1443 1099 lu

790 1134 919 1158 saxoso
940 1121 1083 1171 Canopi
1102 1121 1349 1171 promontorio
1369 1119 1440 1167 (A-

788 1178 927 1226 bukir),
957 1178 1018 1214 ubi
1047 1178 1092 1214 ab
1117 1177 1325 1214 recentioris
1343 1181 1444 1214 aeta-

789 1235 834 1271 tis
852 1235 1126 1285 peregrinatore
1139 1246 1202 1270 arx
1213 1234 1354 1271 detecta
1370 1234 1444 1270 fer-

791 1296 869 1337 tur,
901 1291 949 1327 ad
977 1290 1063 1326 illud
1092 1289 1167 1326 Nili
1193 1290 1345 1337 ostium,
1375 1301 1443 1340 per

792 1348 891 1397 quod
905 1360 1013 1383 unum
1035 1347 1163 1384 exteris
1181 1347 1315 1384 intrare
1334 1346 1443 1383 licue-

790 1405 837 1441 rit
874 1403 1080 1453 Aegyptum
1101 1432 1112 1449 ,
1156 1402 1268 1439 multo
1318 1402 1443 1451 utique

791 1460 970 1510 aptiorem
1013 1459 1182 1509 speculae
1215 1472 1296 1496 esse
1325 1459 1443 1496 locum

790 1517 885 1554 idem
898 1520 1020 1554 censet
1031 1515 1186 1553 Rennel.
1220 1515 1346 1559 Quare
1361 1528 1443 1553 cum

789 1573 973 1610 Larchero
992 1572 1169 1609 malumus
1186 1572 1244 1609 hic
1261 1572 1443 1622 speculam

789 1629 993 1678 intelligere
1023 1629 1059 1665 in
1081 1629 1331 1679 promontorio
1363 1642 1444 1666 ere-

790 1690 907 1732 ctam,
938 1685 1037 1734 quod
1055 1698 1149 1722 nunc
1176 1690 1325 1722 vocatur
1346 1686 1444 1722 Aba·

790 1742 866 1787 kz'r,
899 1742 1002 1779 clade
1030 1741 1092 1778 illa
1119 1741 1232 1778 Gallis
1263 1755 1443 1791 perquam

790 1798 889 1836 fatali
921 1798 1076 1846 insigne.
1145 1798 1336 1834 Strabonis
1377 1811 1443 1835 au-

790 1855 990 1892 ctoritatem
1025 1855 1186 1904 praefert
1224 1853 1443 1902 Danvillius,

790 1911 972 1961 speculam
988 1911 1146 1948 scribens
1178 1911 1287 1949 hodie
1315 1925 1443 1961 super·

790 1982 871 2006 esse
898 1968 1044 2005 nomine
1079 1966 1274 2016 Megaizel.
1333 1968 1442 2005 Conf.

788 2025 1057 2062 Schlichthorst.
1078 2024 1100 2060 l.
1121 2023 1143 2060 l.
1165 2037 1249 2073 pag.
1272 2026 1338 2065 67.

844 2080 1018 2147 λέγοντες
1034 2076 1077 2120 τό
1101 2077 1210 2131 παροῖ
1232 2076 1444 2120 θαλασσαν

790 2134 891 2177 εἶναι
917 2132 1039 2188 αὐτῆς
1072 2135 1184 2188 μέχρι
1220 2139 1443 2190 Ταριχηὶῶν

788 2198 868 2233 τῶν
906 2196 1201 2244 Πηλουσιακῶν
1244 2209 1279 2233 κ.
1315 2209 1347 2233 τ.
1384 2197 1415 2233 λ.
1426 2192 1441 2245 ]

789 2252 926 2301 Scripsi
948 2264 1026 2288 cum
1049 2255 1198 2288 recentt.
1220 2251 1303 2288 edd.
1328 2254 1363 2290 Τ
1359 2266 1444 2303 αρι-

789 2311 913 2359 χηϊῶν
934 2321 1000 2358 pro
1029 2308 1264 2358 ταριχηϊῶν,
1295 2312 1332 2345 et
1358 2308 1444 2345 dein

787 2366 838 2418 τῇ
859 2361 908 2416 δή
934 2377 1001 2415 pro
1022 2365 1117 2413 vulg.
1136 2364 1244 2418 τῇδε.
1271 2364 1340 2402 Est
1355 2377 1442 2402 vero

788 2421 878 2459 haec
901 2421 1082 2458 Herodoti
1109 2421 1308 2459 sententia:
1348 2421 1444 2469 „Io-

787 2491 854 2515 nes
898 2478 1042 2526 dicunt,
1092 2490 1192 2515 oram
1227 2478 1444 2515 maritimam

788 2535 863 2572 eius
885 2535 1063 2585 (Aegypti
1083 2548 1131 2571 sc.
1152 2547 1245 2583 quae
1262 2535 1336 2571 una
1356 2548 1444 2571 con-

790 2595 861 2628 stet
890 2591 1019 2639 Delta)
1050 2605 1131 2629 esse
1154 2604 1183 2627 s.
1208 2592 1392 2641 pertinere
1420 2603 1444 2628 a

787 2647 913 2685 Persei
942 2647 1088 2697 specula
1113 2661 1230 2697 usque
1257 2648 1306 2685 ad
1333 2647 1443 2685 Tari-

787 2704 893 2741 cheas
913 2704 1141 2752 Pelusiacas,
1171 2704 1243 2753 qua
1269 2704 1341 2741 sint
1370 2703 1442 2741 XL

786 2760 956 2806 schoeni,
986 2774 1007 2797 a
1028 2761 1119 2798 mari
1142 2773 1229 2797 vero
1249 2761 1299 2798 ad
1327 2761 1443 2798 medi-

785 2820 954 2854 terranea
1000 2817 1078 2854 loca
1124 2817 1307 2868 pertinere
1345 2816 1441 2853 illam

787 2872 1024 2924 (Aegyptum
1049 2873 1124 2911 scil.
1160 2873 1236 2910 sive
1266 2873 1443 2920 Deltam).

786 2942 903 2980 usque
923 2930 972 2967 ad
994 2929 1185 2967 Cercasori
1208 2930 1354 2976 urbem;
1381 2941 1442 2966 re-
