1759 3324
522 292 945 334 EUTERPE.
1003 292 1050 330 ΙΙ.

1335 293 1421 333 619

135 410 341 462 4ἴδρυται
378 404 424 450 δὲ
459 403 487 460 ἦ
525 403 652 454 πόλις
690 401 800 458 αὕτη
838 404 914 457 τῆς
953 400 1182 456 Αἰγύπτου
1219 399 1267 443 ἓν
1305 400 1421 460 μέσῳ

131 491 225 545 5τῷ
254 486 407 529 Δέλτα.
455 480 559 533 Ἶσις
589 482 634 524 δέ
664 480 753 524 ἐστι
781 480 889 524 κατὰ
923 479 1003 536 τήν
1035 478 1252 536 Ἑλλήνων
1280 483 1420 536 γλῶσ-

161 578 243 610 σαν
275 560 498 619 Δημήτηρ.
536 562 660 614 τρίτα
690 559 731 604 δ’
763 560 806 612 ἐς
836 559 950 603 Σάϊν
979 559 1109 602 πόλιν
1136 563 1189 614 τῇ
1215 557 1420 616 Ἀθηναίῃ
1432 565 1478 600 95

158 644 518 699 πανηγυρίζουσι·
538 640 716 694 τέταρτα
736 640 800 691 δὲ,
824 639 867 690 ἐς
889 637 1172 682 Ἡλιούπολιν
1189 641 1249 696 τῷ
1266 637 1418 695 “Ηλι’ῳ·

157 723 324 779 πέμπτα
354 719 422 773 δὲ,
468 720 511 771 ἐς
539 722 742 762 Βουτοῦν
775 717 905 762 πόλιν
942 723 993 776 τῇ
1028 723 1183 774 Λητοῖ·
1231 717 1332 760 ἕκτα
1363 717 1421 766 δὲ,

102 979 222 1014 entem
243 975 403 1014 societat.
426 978 452 1011 t.
471 973 503 1010 ΙΙ
523 987 608 1024 pag.
638 975 758 1015 118.“

110 1031 386 1080 lVesselz'ng.
443 1031 577 1067 verum
597 1031 664 1067 hae
684 1031 759 1066 rui-

101 1102 172 1126 nae
194 1117 205 1136 ,
254 1088 379 1137 utique
430 1087 756 1137 splendidissimae,

103 1157 196 1194 quae
217 1145 360 1181 minime
378 1145 550 1192 sugerunt
568 1144 756 1180 doctorum

104 1201 291 1239 Gallorum
329 1200 566 1245 industriam,
604 1212 678 1235 non
707 1200 754 1236 ad

102 1256 253 1294 Busirin
282 1257 465 1307 pertinere
504 1269 600 1292 nunc
632 1256 756 1292 dicun-

102 1318 180 1359 tur,
221 1314 286 1351 sed
316 1312 364 1349 ad
393 1311 502 1348 Isidis
534 1311 697 1361 oppidum
725 1325 754 1349 s.

104 1369 240 1417 Iseion,
270 1369 370 1418 quod
401 1367 508 1418 paulo
538 1368 685 1406 inferius
708 1368 756 1405 ad

105 1427 257 1463 eandem
285 1424 478 1461 Phatnitiei
517 1425 599 1460 ostii
638 1424 755 1473 ripam

106 1483 212 1519 situm
230 1481 340 1518 fuisse
357 1482 491 1526 fertur,
511 1493 606 1517 nune
628 1480 754 1529 cogni-

101 1542 177 1576 tum
195 1538 340 1575 nomine
358 1536 512 1574 Bakbeit
534 1550 562 1574 s.
582 1536 755 1584 Balebait,

105 1595 268 1643 Copticis
288 1593 325 1630 in
344 1593 443 1630 libris
463 1593 630 1643 seriptum
643 1592 757 1630 Naesz·

106 1664 135 1687 s.
155 1649 286 1697 Naisz',
319 1650 419 1698 quod
440 1651 578 1699 ipsum,
610 1662 755 1686 sensum

106 1707 136 1743 si
178 1710 319 1756 spectes
339 1734 350 1753 ‚
391 1706 526 1756 optime
563 1706 755 1744 convenire

105 1776 184 1800 cum
211 1763 354 1799 Graeca
380 1765 415 1799 et
441 1761 574 1799 Latina
593 1762 755 1811 appella-

103 1820 203 1856 tione
240 1818 429 1855 contendit
455 1818 659 1867 Champoll.
689 1818 712 1854 l.
733 1818 756 1855 l.

103 1887 188 1926 pag.
212 1877 291 1915 193
320 1886 397 1922 seq.
439 1874 518 1915 195
543 1887 646 1923 seqq.
678 1874 756 1912 coll.

104 1930 377 1967 Schlichthorst.
406 1929 428 1967 l.
449 1930 472 1967 l.
498 1943 582 1980 pag.
604 1934 658 1971 70
679 1944 755 1980 seq.

103 1986 256 2024 Rennel.
278 1986 299 2022 l.
321 1986 343 2022 l.
372 1999 409 2036 p,
431 1987 512 2027 593
531 2000 607 2035 seq.
628 1991 703 2023 not.
721 2000 752 2024 a.

105 2041 214 2081 Isidis
236 2047 356 2079 autem
375 2043 538 2092 oppidum
557 2043 756 2093 Champol-

102 2099 188 2136 lioni
216 2099 343 2136 eadem
371 2099 512 2137 videtur
541 2101 627 2136 urbs
659 2099 710 2147 (l.
731 2099 754 2136 l.

103 2155 138 2192 ll
165 2167 249 2205 pag.
269 2156 394 2202 200),
433 2168 529 2204 quae
561 2156 754 2194 Herodoto

103 2215 250 2249 vocatur
272 2212 402 2262 Anysis
431 2212 487 2259 Il,
527 2214 619 2253 137.
677 2212 755 2249 Sed

106 2268 151 2304 ab
181 2267 319 2305 illorum
354 2269 509 2305 virorum
541 2270 755 2306 auctoritate

106 2324 240 2361 recedit
262 2324 445 2362 Mannert.
468 2325 606 2374 Geogr.
629 2327 664 2362 d.
687 2326 753 2362 Gr.

106 2389 141 2415 u.
171 2379 275 2417 Rom.
302 2380 358 2428 X,
391 2384 413 2421 1
453 2394 540 2431 pag.
572 2382 653 2422 574
676 2394 752 2430 seq·

107 2433 205 2472 Nam
249 2435 397 2474 Busirin
429 2438 679 2475 Herodoteam
716 2441 755 2475 et

106 2490 211 2527 Isidis
237 2494 410 2542 oppidum
430 2507 502 2530 una
531 2508 611 2531 cum
633 2494 756 2544 splen-

108 2546 202 2583 didis
222 2547 289 2584 illis
307 2550 494 2587 ruderibus
517 2564 584 2601 pro
604 2564 675 2588 una
694 2563 756 2588 ea-

109 2601 264 2651 demque
294 2604 402 2642 habet
427 2607 535 2654 urbe,
566 2620 660 2657 quae
681 2608 756 2643 Bu-

110 2658 187 2694 siris
207 2664 307 2697 vetus
327 2661 374 2698 sit
403 2662 567 2700 dicenda.
624 2663 676 2701 Ac
698 2677 757 2700 re-

109 2713 333 2753 centissimus
392 2717 518 2756 harum
564 2720 754 2769 regionum

108 2771 379 2820 peregrinator,
399 2773 587 2823 Minutoli,
617 2780 654 2814 et
673 2777 754 2826 ipse

107 2825 228 2862 tulnas
246 2840 361 2878 prope
382 2829 539 2868 Bahbait
559 2832 608 2869 ad
626 2833 753 2869 urbem

106 2880 254 2918 Busirin
275 2885 408 2923 referre
423 2888 578 2934 mavult,
594 2889 755 2937 indeque

108 2938 310 2988 suspicatur
335 2938 450 2981 Iseion
476 2956 506 2982 s,
526 2942 636 2982 Isidis
655 2946 754 2996 oppi-

37 801 103 846 60
158 801 200 852 ἐς
241 801 476 857 Πάπρημιν
514 798 644 843 πόλιν
683 801 745 855 τῷ
773 796 907 854 ’Ἁρεῑζ
964 796 1030 850 Ἐς
1067 797 1147 853 μέν
1184 813 1269 841 νυν
1300 795 1419 840 Βού-
1474 789 1541 852 Βξὼ

825 973 906 1011 dum
928 973 1083 1011 fortasse
1097 972 1222 1022 templi
1240 971 1353 1022 ipsius
1365 970 1479 1009 fuisse

824 1031 1127 1080 appellationem3
1155 1030 1226 1066 vid.
1262 1028 1374 1066 Reise
1394 1041 1477 1065 zum

825 1087 861 1125 T
864 1086 980 1136 empel
1001 1091 1068 1123 etc.
1089 1099 1173 1135 pag.
1197 1087 1293 1126 301.

870 1140 966 1188 ’Ίσις
998 1142 1039 1181 δέ
1065 1141 1144 1181 ἐστι
1170 1162 1227 1169 -
1256 1135 1476 1192 Δημήτηρ]

824 1199 896 1236 Pro
921 1196 1022 1245 Ἴσις
1052 1198 1216 1236 Siebelis.
1241 1198 1291 1234 ad
1320 1197 1478 1234 Pausan.

822 1255 872 1302 X,
893 1259 947 1298 32
977 1255 1014 1306 ς.
1042 1257 1067 1296 9
1097 1254 1328 1292 scribendum
1356 1256 1480 1291 censet

814 1305 918 1358 Ἶσις.
978 1312 1086 1348 Conf.
1114 1311 1256 1348 Herod.
1285 1310 1343 1357 Il,
1385 1309 1476 1350 156.

822 1367 882 1405 Ad
920 1367 989 1405 loci
1027 1371 1281 1415 argumentum
1327 1366 1480 1413 faciunt,

824 1437 919 1474 quae
946 1425 995 1461 ad
1024 1423 1055 1460 ll
1070 1453 1081 1470 ,
1101 1426 1154 1465 50
1182 1424 1228 1460 de
1249 1423 1304 1459 his
1326 1423 1478 1459 deorum

822 1480 1130 1531 appellationibus
1153 1479 1364 1516 monuimus,
1403 1477 1479 1516 Ae-

823 1538 959 1587 gyptiis
980 1538 1076 1574 enim
1105 1550 1184 1574 cum
1212 1536 1280 1572 Isis
1313 1538 1412 1573 esset
1440 1538 1478 1572 et

822 1597 919 1631 terra
936 1597 972 1631 et
987 1593 1081 1630 alma
1092 1593 1251 1629 omnium
1261 1605 1381 1629 rerum
1399 1602 1478 1627 ma-

821 1654 878 1687 ter
897 1663 940 1686 ac
971 1650 1127 1698 genitrix
1165 1649 1286 1696 (conf.
1317 1652 1408 1684 nott.
1427 1648 1476 1684 ad

821 1706 878 1752 ΙΙ,
891 1705 977 1755 41),
993 1719 1071 1743 cum
1093 1707 1227 1742 Cerere
1246 1704 1370 1753 utique
1389 1716 1477 1740 con-

821 1763 940 1809 venit,
971 1775 1065 1812 quae
1087 1762 1238 1799 Graecis
1259 1765 1295 1798 et
1316 1761 1398 1811 ipsa
1416 1772 1478 1797 co-

822 1818 965 1856 lebatur
987 1823 1086 1855 terra
1105 1819 1336 1866 omniumque
1357 1829 1478 1853 rerum

822 1875 1050 1912 terrestrium
1088 1878 1206 1911 mater
1242 1887 1284 1910 ac
1331 1885 1478 1923 parens,

823 1932 922 1969 unde
963 1932 1082 1981 ipsum
1121 1931 1315 1968 deductum
1345 1942 1481 1966 nomen

822 1984 1041 2038 Δημήτηρ,
1073 1999 1095 2023 a
1118 1986 1301 2024 veteribus
1331 1986 1402 2022 iam
1423 1998 1482 2023 re-

823 2048 880 2082 cte
922 2045 972 2080 ita
1006 2043 1240 2092 explicatum,
1284 2046 1327 2079 ut
1366 2045 1481 2078 terrae

822 2104 965 2137 matrem
996 2100 1183 2137 indicaret.
1251 2098 1332 2136 Nec
1360 2099 1479 2135 minus

822 2157 912 2193 Isidi
946 2157 1107 2193 scribunt
1132 2168 1337 2204 cognomen
1366 2155 1480 2192 fuisse

824 2212 974 2260 Montio,
1006 2213 1108 2262 quod
1140 2216 1282 2249 matrem
1311 2211 1478 2259 (mundi)

823 2273 1021 2319 exponunt.
1071 2269 1155 2306 Vid.
1178 2270 1349 2306 Creuzer.
1369 2268 1480 2317 Sym-

822 2326 893 2363 bol.
923 2326 973 2363 lV
1002 2340 1038 2376 p.
1065 2327 1149 2367 303
1178 2338 1255 2374 seq.
1290 2329 1366 2361 not.
1379 2326 1476 2365 492.

821 2383 856 2419 ΙΙ
874 2396 960 2433 pag.
977 2386 1002 2423 7
1031 2395 1122 2431 seq.,
1153 2383 1215 2431 qui
1238 2382 1293 2418 hic
1315 2381 1479 2431 inprimis

822 2440 977 2477 conferri
1001 2438 1078 2475 vult
1105 2438 1273 2488 Apollod.
1306 2437 1362 2484 Il,
1386 2441 1432 2483 1,
1452 2438 1480 2477 3

823 2496 884 2532 fin.
904 2496 989 2544 ibiq.
1007 2495 1128 2545 Heyn.
1143 2496 1320 2532 Observv.
1333 2507 1369 2543 p.
1385 2495 1478 2534 104.

823 2553 1015 2589 Sufficiant
1035 2551 1124 2588 haec
1143 2552 1192 2588 ad
1202 2550 1383 2588 Herodoti
1396 2562 1480 2587 sen-

823 2609 974 2646 tentiam
994 2609 1179 2645 tuendam.

881 2664 990 2714 τρίτα
1023 2659 1064 2703 δ’
1098 2663 1138 2712 ἐς
1168 2659 1272 2702 Σάϊν
1295 2678 1329 2702 κ.
1358 2677 1389 2701 τ.
1428 2660 1479 2712 λ.]

823 2721 934 2758 Plura
963 2721 1010 2758 de
1039 2721 1093 2757 his
1131 2721 1204 2757 vid.
1233 2719 1287 2766 Il,
1332 2722 1399 2761 62.
1425 2720 1480 2760 63

821 2777 910 2828 ibiq.
936 2780 1032 2815 nott.

1036 2861 1145 2912 Cap.
1175 2859 1259 2898 LX.

880 2943 920 2992 ἒς
940 2941 1013 2997 μέν
1023 2959 1100 2985 νυν
1112 2939 1339 2996 Βούβαστιν
1357 2936 1479 2982 πόλιν

1516 797 1532 815 a

1537 798 1552 816 n
1557 797 1599 830 ae·
1611 789 1722 829 festum

1544 827 1702 851 astlticum.
