1759 3324
364 286 450 327 482

779 280 1249 322 HERODOTI

367 410 432 439 ων
464 395 643 439 εἵνεκεν·
687 391 923 450 Αἰγύπτιοι
952 394 998 437 δὲ
1028 391 1422 449 τριηκοντημέρους
1452 388 1628 446 ἄγοντες

366 473 470 525 τούς
500 471 696 517 δυώδεκα
727 479 885 528 μῆνας,
913 471 1123 528 ἐπάγουσι
1152 468 1238 513 οἷνά
1269 473 1357 513 πᾶν
1387 470 1482 520 ἔτος
1502 469 1628 513 πέντε

365 550 525 608 ἡμέρας
554 552 689 608 πάρεξ
717 555 797 594 τοῦ
823 550 1040 607 ἀριθμοῦ,
1081 551 1156 595 καί
1187 561 1267 605 σφι
1297 547 1320 592 ὁ
1352 548 1513 600 κύκλος
1541 552 1686 592 τῶν65

336 631 520 686 4ὠρέων
549 630 592 682 ἐς
621 628 761 674 τώυτό
794 628 976 684 περιϊών
1003 632 1299 686 παραγίνεται.
1344 626 1562 672 Δυώδεκά
1586 644 1630 671 τε

368 714 488 754 θεῶν
516 710 764 764 ἐπωνυμίας
793 708 941 763 ἔλεγον
981 707 1181 762 πρώτους
1210 710 1477 763 Αἰγυπτίους
1504 708 1628 762 νομί-

339 796 466 841 5σαι,
497 788 570 831 καὶ
587 787 797 842 ’Έλληνας
826 786 943 842 παρὰ
974 787 1122 843 σφέων
1151 785 1399 843 ἀναλαβεῖν.
1451 784 1630 844 βωμούς

313 1016 569 1068 appellabant,
603 1016 704 1066 quod
738 1014 846 1052 tertio
874 1026 967 1064 qno-

315 1086 387 1123 que
405 1085 500 1110 anno
517 1072 797 1110 intercalabatur
809 1100 819 1118 ,
840 1083 967 1120 quam-

314 1130 367 1166 vis
385 1129 520 1167 biennii
549 1130 712 1166 circuitus
725 1157 736 1174 ,
766 1133 803 1165 et
822 1140 861 1164 re
880 1140 966 1165 vera

316 1184 486 1236 διετηρὶς
513 1190 630 1231 esset3
660 1185 757 1222 unde
780 1185 966 1232 mysteria,

315 1255 411 1292 quae
426 1242 561 1279 Libero
586 1241 681 1292 patri
707 1240 853 1278 alternis
875 1240 967 1276 fiunt

316 1299 441 1346 annis,
469 1297 649 1335 trieterica
663 1310 685 1334 a
702 1297 821 1347 poetis
843 1296 967 1333 dicun-

315 1356 412 1392 tur.“
469 1353 658 1405 Adscripsi
684 1358 801 1390 totum
834 1353 965 1399 locum,

316 1424 360 1449 ex
380 1423 453 1460 quo
474 1410 627 1448 forsitan
647 1409 705 1447 lux
722 1409 894 1447 nonnulla
913 1410 967 1446 af-

315 1468 402 1506 ferri
430 1467 564 1517 poterit
593 1466 808 1512 Herodoto,
847 1478 967 1503 secum

316 1528 357 1560 ut
380 1523 505 1560 volunt
531 1522 630 1560 haud
656 1522 910 1569 concordanti,
939 1521 970 1569 I,

316 1581 392 1628 32,
423 1579 482 1616 ubi
500 1579 640 1616 scribit:
672 1578 708 1617 εἰ
734 1576 776 1617 δὲ
803 1576 853 1629 δή
884 1577 969 1618 ἐθε-

316 1632 429 1687 λήσει
448 1632 634 1687 τοῦτερον
653 1637 733 1674 τῶν
755 1634 872 1674 ἐτέων
896 1649 967 1685 μη-

316 1691 357 1732 νὶ
393 1687 632 1744 μακρότερον
664 1691 869 1743 γίνεσθαι.
900 1691 969 1730 ἵνα

318 1746 369 1800 δή
390 1748 433 1787 αἱ
447 1742 548 1799 ὧραι,
569 1748 814 1799 συμβαίνωσι
842 1763 967 1798 παρα-

317 1803 524 1859 γινόμεναι
557 1803 596 1851 ἔς
616 1802 658 1845 τὸ
684 1803 775 1844 δέον
801 1821 836 1844 κ.
859 1820 892 1843 τ.
913 1807 964 1853 AL,

317 1863 378 1899 ubi
395 1862 466 1898 vid.
486 1874 494 1898 ι

373 1914 563 1970 ε’πάγουυι
585 1914 660 1956 avo}
680 1918 762 1956 πᾶν
780 1915 864 1963 ἔτος
875 1914 966 1955 πέν-

317 1988 357 2013 τε
374 1973 523 2026 ἠμέρας
543 1970 666 2025 πάρεξ
678 1975 750 2012 τοῦ
769 1968 965 2024 ἀριθμοῦ]

318 2031 360 2068 In
382 2043 520 2067 summa
539 2031 615 2068 sere
633 2029 813 2067 consentit
824 2029 966 2066 Diodo-

318 2100 377 2123 rus
400 2086 541 2123 Siculus
570 2086 608 2133 Ι,
633 2088 688 2127 50
718 2084 796 2122 coll.
819 2085 965 2123 Gemin.

317 2142 432 2180 Elem.
466 2141 612 2178 Astron.
641 2141 689 2178 VI
721 2154 806 2191 pag.
827 2143 899 2188 19,
930 2145 966 2178 et

318 2199 489 2235 strabon.
511 2197 616 2234 XVlI
636 2210 673 2247 p.
694 2199 774 2238 806
796 2210 824 2234 ε.
845 2199 965 2244 1160,

318 2253 371 2301 A,
396 2254 456 2291 ubi
484 2265 616 2289 annum
646 2253 728 2294 365
749 2253 887 2290 dierum
919 2254 965 2290 ab

317 2309 507 2360 Aegyptiis
528 2309 772 2346 sacerdotibus
783 2310 965 2347 inventum

318 2379 399 2403 esse
417 2369 559 2411 narrat,
588 2377 610 2401 a
639 2365 769 2414 quibus
795 2370 881 2415 post
908 2378 967 2403 ac-

318 2422 478 2472 ceperint
503 2421 646 2458 Graeci.
706 2420 757 2458 Ac
782 2422 860 2460 dies
886 2422 965 2459 illos

318 2479 477 2527 quinque
520 2476 750 2514 intercalatus
792 2479 839 2515 ad
877 2479 965 2516 deos

319 2535 370 2571 ita
401 2533 508 2582 vulgo
547 2533 746 2572 retulerunt
782 2534 967 2586 Aegyptii,

318 2595 359 2627 ut
376 2603 499 2628 eorum
511 2602 731 2639 unoquoque
749 2590 866 2628 editus
887 2593 967 2630 fue-

319 2647 367 2684 rit
384 2646 473 2683 deus
495 2658 538 2683 ex
557 2645 642 2683 love
664 2650 700 2683 et
718 2645 856 2685 Iunone
876 2648 963 2695 sive,

319 2707 360 2740 ut
389 2702 447 2739 alii
486 2702 699 2748 tradebant,
746 2714 768 2739 a
806 2703 963 2742 Saturno

319 2763 430 2807 atque
445 2757 559 2794 Rhea.
617 2758 698 2794 vid.
729 2757 880 2796 Diodor.
905 2761 965 2798 Si-

320 2815 388 2852 cul.
409 2815 443 2861 l,
471 2815 520 2854 13
540 2814 625 2862 ibiq.
637 2813 854 2863 wesseling.
879 2816 964 2854 Plu-

318 2870 429 2907 tarch.
453 2870 551 2920 Opp.
577 2869 611 2906 ll
635 2882 720 2920 pag.
742 2873 844 2918 429,
864 2871 895 2908 F
927 2878 963 2911 et

319 2939 356 2978 p.
387 2927 494 2975 355,
526 2925 560 2963 D
591 2926 679 2977 ibiq.
711 2926 963 2977 Wfltenbach.

1033 1016 1070 1052 in
1093 1014 1361 1053 Animadverss.
1383 1027 1469 1065 pag.
1484 1016 1575 1056 186.
1601 1014 1686 1052 Plu-

1032 1085 1073 1109 ra
1101 1073 1149 1110 (le
1174 1072 1230 1109 his
1255 1072 1393 1109 monuit
1416 1072 1618 1109 Creuzerus
1649 1072 1686 1108 in

1033 1128 1195 1177 Symbol.
1216 1129 1230 1164 l
1250 1142 1286 1178 p.
1307 1129 1401 1169 259.
1415 1128 1498 1169 294
1519 1127 1686 1177 seq.coll.

1034 1187 1117 1226 266
1138 1198 1215 1234 seq.
1246 1184 1308 1221 Tu
1328 1186 1422 1222 conf.
1437 1189 1530 1221 nott.
1550 1185 1599 1221 ad
1608 1184 1688 1221 He-

1034 1242 1112 1278 rod.
1145 1241 1199 1288 Il,
1246 1244 1337 1282 122.
1394 1240 1448 1278 Ac
1486 1240 1688 1291 suspicatur

1033 1297 1236 1336 Larcherus
1263 1296 1442 1347 duplicem
1480 1297 1581 1348 apud
1613 1296 1690 1335 Ae·-

1035 1355 1182 1405 gyptios
1205 1354 1384 1391 exstitisse
1407 1366 1565 1401 annum,
1595 1352 1688 1392 alte-

1035 1424 1114 1448 rum
1141 1411 1278 1448 civilem
1314 1414 1555 1448 trecentorum
1583 1422 1689 1447 sexa-

1036 1468 1138 1516 ginta
1162 1468 1322 1516 quinque
1342 1466 1505 1513 dierum,
1535 1466 1686 1504 altenun

1034 1524 1312 1561 astronomicum
1333 1522 1418 1560 solis
1439 1522 1686 1560 sacerdotibus

1035 1581 1241 1629 cognitum,
1271 1592 1343 1628 quo
1371 1579 1420 1616 illi
1449 1579 1505 1616 usi
1538 1579 1610 1616 sint
1637 1580 1686 1616 ad

1034 1638 1148 1674 festos
1191 1636 1419 1674 definiendos
1451 1636 1687 1686 ipsorumque

1036 1693 1286 1730 auctoritatem
1320 1693 1505 1730 tuendam.
1565 1692 1686 1736 Quam

1035 1750 1072 1786 in
1089 1757 1165 1787 rem
1184 1749 1384 1786 accuratius
1411 1761 1508 1786 nunc
1536 1748 1689 1798 inquisi-

1034 1807 1084 1843 vit
1095 1806 1267 1844 Creuzer.
1276 1806 1314 1842 in
1324 1805 1487 1855 Symbol.
1509 1804 1525 1842 I
1540 1818 1578 1857 p.
1591 1807 1686 1847 268.

1090 1890 1159 1929 καί
1178 1902 1250 1939 σφι
1271 1887 1292 1928 ὁ
1312 1884 1458 1937 κύκλος
1484 1891 1566 1928 τῶν
1586 1887 1687 1940 αἶρέ-

1037 1960 1091 1985 ων
1113 1961 1147 1984 κ.
1167 1961 1198 1984 τ.
1216 1944 1264 1997 λ.]
1294 1946 1364 1983 Est
1389 1946 1480 1984 haec
1505 1946 1689 1984 Herodoti

1034 2003 1240 2049 sententia,
1277 2002 1355 2039 fieri
1385 2003 1453 2040 hoc
1485 2002 1620 2051 modo,
1647 2008 1688 2040 ut

1033 2059 1131 2095 orbis
1163 2063 1419 2109 tempestatum
1448 2071 1591 2096 annuus
1619 2059 1687 2098 rite

1032 2115 1256 2164 perficiatur,
1294 2128 1435 2165 suoque
1468 2115 1492 2153 i.
1523 2128 1555 2153 e.
1590 2115 1686 2153 iusto
1758 2131 1759 2157 5

1032 2175 1198 2220 tempore
1217 2172 1345 2210 eodem
1357 2171 1522 2221 singulae
1532 2172 1687 2210 redeant
1756 2180 1759 2221 ς

1346 2229 1455 2273 Quae
1482 2233 1626 2277 tamen,
1656 2229 1686 2266 si
1756 2233 1757 2239 ’

1031 2230 1279 2276 tempestates,

1033 2288 1276 2321 trecentorum
1305 2285 1495 2335 sexaginta
1524 2285 1686 2335 quinque

1034 2339 1172 2376 dierum
1200 2340 1315 2378 iustus
1345 2347 1400 2379 est
1427 2354 1565 2389 annuS,
1595 2342 1686 2379 mul-

1034 2400 1110 2432 tum
1130 2396 1236 2434 abest
1264 2402 1302 2435 ut
1321 2411 1386 2435 suo
1403 2402 1568 2448 tempore
1589 2412 1685 2436 sem·
1750 2441 1751 2450 ἵ

1034 2465 1101 2501 per
1125 2453 1303 2502 redeant,
1333 2459 1373 2491 ut
1401 2453 1540 2504 aliquot
1557 2467 1687 2493 saecu-

1033 2507 1075 2545 lis
1102 2509 1358 2561 praeterlapsis
1385 2523 1534 2561 prorsus
1555 2523 1687 2549 eamn-
1746 2558 1748 2560 v

1034 2565 1117 2602 dem
1145 2566 1310 2603 turbetur
1341 2568 1432 2604 ordo
1454 2580 1496 2605 ac
1514 2567 1610 2604 iusta
1627 2581 1687 2605 m-
1746 2561 1748 2576 ³

1031 2621 1107 2668 tio,
1153 2623 1351 2660 secundum
1383 2636 1493 2673 quam
1526 2623 1686 2662 incidere

1030 2677 1200 2715 debeant.

1087 2763 1199 2800 θεῶν
1230 2760 1484 2815 ἐπωνυμίας]
1531 2763 1685 2804 ἕπωνυ·
1740 2755 1742 2760 ¹

1031 2817 1128 2869 μίαν
1149 2819 1342 2856 Herodoto
1363 2822 1502 2871 passim
1513 2821 1610 2859 idem
1625 2835 1684 2859 es-

1030 2888 1072 2912 se
1093 2880 1203 2924 atque
1221 2872 1346 2928 ὄνομα
1359 2906 1370 2925 ,
1399 2878 1602 2916 monuimus
1634 2878 1683 2916 ad
1736 2875 1739 2922 Ῐ

1030 2931 1068 2978 Ι,
1103 2935 1166 2973 14.
