1759 3324
520 265 937 307 EUTERPE.
987 266 1035 305 11.

1309 268 1391 308 541

116 380 272 432 9πόλις
309 377 418 423 εἶναι
453 374 711 433 μητρόπολις
749 378 838 418 τῶν
876 375 1021 418 ἄλλων
1051 373 1292 419 Αἰθιόπων.
1349 377 1394 420 οἱ

151 460 195 504 δ’
226 460 271 503 ἐν
299 456 432 511 ταύτῃ
460 456 547 498 Δία
575 458 694 498 θεῶν
733 455 806 498 καὶ
837 453 1060 497 Διόνυσον
1097 453 1293 509 μούνους
1322 453 1391 498 σέ-
1403 462 1448 497 65

143 541 313 594 βονται,
351 532 534 585 τούτους
561 549 606 577 τε
633 530 826 590 μεγάλως
859 537 1035 590 τιμῶσι·
1075 535 1149 577 καί
1176 545 1255 590 σφι
1278 550 1391 590 μαν-

82 720 195 758 insula
211 720 350 765 dicitur,
380 718 426 756 de
438 731 509 767 qua
523 717 624 768 plura
635 718 727 757 Dio-

83 778 158 815 dor.
172 776 198 823 I,
210 778 274 816 33.
296 776 428 812 Strabo
440 775 543 811 XVII
554 788 589 825 p.
606 776 725 821 1134,

79 831 110 870 A
132 846 160 869 s.
179 834 271 873 786.
292 845 327 881 p.
343 833 463 878 1139,
492 830 524 867 A
545 845 572 868 s,
589 844 625 881 p.
643 833 725 871 790

79 888 154 925 coll.
177 888 261 924 XVI
282 901 318 937 p.
342 891 468 933 1116,
499 886 529 923 A
553 900 627 937 S·P·
642 890 721 927 771

78 943 225 982 etXVII
238 958 272 994 p.
291 943 448 990 1177‚A
459 957 485 979 s.
498 956 533 992 p.
549 945 643 989 821,
656 943 727 989 alii,

77 1001 122 1037 ab
142 1000 298 1037 Heeren.
319 1000 414 1036 citati
438 999 460 1035 l.
480 998 501 1036 l.
525 1012 609 1049 pag.
631 1001 727 1046 396,

77 1057 204 1105 quibus
221 1056 304 1092 add.
316 1055 508 1092 Chrestum
520 1055 726 1092 Romanum

76 1112 173 1162 apud
201 1111 311 1148 Laur.
342 1111 486 1160 Lydum
516 1112 562 1149 de
589 1125 722 1148 menss.

75 1181 160 1219 pag.
187 1170 269 1209 268
303 1169 360 1205 ed.
390 1167 523 1204 Roeth.
558 1172 594 1205 et
627 1180 722 1216 quae

74 1225 175 1275 plura
186 1224 354 1273 leguntur
365 1237 423 1274 ap.
441 1224 551 1261 Beck.
566 1224 720 1272 AIIgem.

76 1280 293 1330 I‘Veltgesch.
315 1281 328 1316 I
346 1293 430 1330 pag.
452 1283 545 1321 276.
587 1280 723 1318 Nostra

75 1341 193 1374 aetate
206 1338 252 1374 de
273 1336 523 1374 Meroef‘nemo
543 1337 722 1386 copiosius

75 1393 150 1441 egit
170 1393 351 1430 Heerenio
372 1392 394 1429 I.
416 1391 436 1429 l.
449 1422 460 1440 ‚
500 1406 519 1430 e
539 1394 636 1429 cuius
655 1392 721 1428 viri

74 1449 317 1499 disputatione
335 1461 378 1486 ea
397 1450 542 1498 quidem
567 1462 722 1485 summa—

73 1505 137 1542 tim
161 1506 419 1552 indicabimus,
450 1519 543 1555 quae
573 1506 620 1542 ad
642 1505 721 1542 He-

72 1561 191 1598 rodoti
216 1561 332 1598 locum
361 1562 428 1599 rite
449 1561 720 1609 intelligendum

71 1618 233 1667 proxime
247 1619 390 1655 faciunt.
419 1618 516 1655 Nam
528 1618 654 1655 Meroe
665 1618 721 1654 in-

74 1673 165 1720 sula,
195 1686 287 1722 quae
299 1686 371 1710 non
383 1674 498 1710 minus
511 1679 619 1722 atque
635 1675 719 1711 urbs

75 1729 237 1766 eiusdem
272 1730 425 1766 nominis
467 1730 586 1779 prisco
631 1742 720 1767 aevo

73 1785 176 1822 valde
197 1785 343 1824 celebris
361 1786 439 1832 fuit,
467 1786 648 1823 Heerenio
667 1786 720 1822 iu—

73 1841 152 1878 dice
182 1848 235 1879 est
270 1855 312 1879 ea
345 1843 464 1890 regio,
505 1855 597 1891 quae
625 1855 720 1879 nunc

71 1902 218 1934 vocatur
234 1898 347 1935 Atbar
368 1903 403 1936 et
415 1899 539 1938 maiori
558 1904 661 1947 parte
672 1899 720 1935 ad

71 1966 221 2001 regnum
243 1956 426 2001 Sennaar,
455 1954 582 1991 minori
604 1967 718 2003 eaque

71 2010 217 2047 australi
238 2012 285 2048 ad
302 2011 528 2059 Abyssiniam
549 2012 716 2061 pertinet,

70 2066 186 2103 fluviis
208 2080 286 2103 cum
307 2068 465 2116 undique
493 2069 568 2104 fere
592 2068 637 2104 sit
662 2068 718 2104 in-

71 2121 167 2159 clusa
187 2127 222 2159 et
241 2124 325 2160 satis
348 2123 487 2173 ampla,
518 2128 557 2160 ut
575 2137 618 2161 eo
640 2137 718 2161 ma-

70 2178 126 2227 gis
142 2179 259 2217 insula
280 2193 302 2217 a
323 2180 500 2217 veteribus
521 2180 719 2230 nuncupari

68 2236 242 2284 potuerit,
274 2249 345 2285 quo
373 2236 469 2274 hisce
498 2237 613 2273 fluviis
639 2236 719 2286 plu-

71 2290 205 2328 viarum
237 2297 355 2330 aetate
382 2293 493 2329 auctis
523 2297 559 2330 et
584 2297 714 2330 terram

70 2344 178 2395 longe
204 2347 347 2398 lateque
372 2349 629 2386 inundantibus
657 2349 717 2387 illa

72 2414 195 2440 revera
209 2405 344 2442 insulae
363 2406 544 2454 quandam
559 2407 714 2456 speciem

72 2459 244 2508 praebere
271 2462 443 2499 videatur.
504 2462 587 2506 Quo
616 2463 716 2499 haud

74 2515 146 2550 scio
169 2527 216 2553 an
234 2518 340 2554 faciat
368 2518 515 2555 Chresti
537 2519 714 2556 narratio:

72 2568 215 2619 Nilum,
260 2574 343 2611 dum
371 2573 534 2614 Meroen]
563 2576 715 2613 circum-

73 2626 182 2674 fluat,
208 2628 357 2667 insulam
387 2632 540 2669 efficere.
598 2632 641 2668 In
670 2644 714 2670 ea

0 2723 1 2727 Ἰ
72 2680 182 2729 igitur
197 2686 342 2732 regione
361 2686 488 2725 Meroe
507 2688 715 2725 collocanda

0 2778 1 2783 ¹
73 2737 144 2773 erit
164 2743 200 2776 et
222 2741 365 2789 quidem
384 2743 492 2794 paulo
512 2745 604 2781 infra
633 2757 715 2782 eum

70 2791 199 2840 locum,
209 2808 280 2844 quo
297 2810 392 2836 nunc
409 2800 587 2838 invenitur
598 2801 714 2838 Chan-

71 2847 121 2886 di.
163 2849 235 2888 Hic
252 2855 371 2891 omnia
388 2856 489 2894 vides
504 2869 716 2895 monumen-

71 2904 118 2941 tis
137 2905 283 2945 cuiusvis
307 2912 470 2961 generis,
497 2912 716 2964 templorum

793 718 1003 764 ruderibus,
1037 718 1282 756 aedificiorum
1322 718 1447 769 splen-

794 775 1064 811 didissimorum
1099 775 1258 824 reliquiis
1289 777 1444 823 referta3

792 832 889 868 unde
918 836 1053 880 quanta
1091 831 1175 868 olim
1212 831 1319 870 fuerit
1347 832 1445 880 urbs,

793 892 966 936 quantum
984 900 1147 936 regnum,
1162 889 1261 937 quod
1274 901 1357 926 vere
1375 901 1444 939 pro

793 943 952 993 Aegypti
973 948 1124 993 parente
1148 943 1282 982 habere
1315 945 1444 994 possit,

792 1000 869 1037 iure
886 1000 1044 1048 colligas.
1088 1000 1259 1049 Namque
1277 1002 1345 1037 ista
1366 1014 1444 1038 mo-

793 1061 986 1103 numenta,
1023 1057 1345 1093 recentissimorum
1377 1070 1444 1107 pe·-

793 1113 1056 1161 regrinatorum
1083 1113 1209 1149 studiis
1231 1114 1376 1162 cognita
1406 1117 1442 1150 et

791 1169 992 1218 descripta,
1035 1169 1196 1217 quamvis
1227 1169 1263 1205 in
1293 1169 1441 1218 singulis

790 1225 1004 1274 quibusdam
1023 1225 1067 1261 ab
1084 1225 1315 1274 Aegyptiacis
1336 1225 1442 1263 diffe-

790 1286 893 1328 rant,
922 1285 1045 1319 tamen
1064 1282 1100 1317 in
1121 1294 1260 1318 summa
1278 1295 1357 1318 cum
1369 1285 1442 1319 Ae-

789 1338 924 1387 gyptiis
943 1337 992 1373 ita
1016 1342 1237 1386 congruunt,
1267 1342 1306 1373 ut
1329 1338 1441 1375 altera

789 1407 832 1431 ex
855 1393 974 1431 alteris
987 1393 1108 1431 efficta
1127 1394 1238 1431 fuisse
1251 1397 1439 1443 appareat.

787 1450 960 1487 Heerenii
999 1450 1190 1500 disputatis
1230 1450 1314 1486 add.
1345 1463 1440 1499 quae

786 1506 948 1543 Ritterus
994 1506 1144 1556 protulit
1185 1506 1388 1544 Erdkunde
1421 1506 1440 1544 I

786 1575 823 1613 p.
843 1564 923 1603 564
954 1576 1056 1612 seqq.
1086 1562 1251 1599 Meroem
1281 1563 1337 1599 hic
1365 1566 1440 1600 sta-

787 1620 855 1655 tuit
871 1620 1022 1656 eandem
1046 1632 1128 1656 esse
1146 1623 1255 1668 atque
1272 1619 1439 1667 insulam,

788 1687 882 1723 quae
903 1675 985 1712 olim
1012 1675 1107 1712 dicta
1131 1676 1237 1712 suerit
1256 1674 1347 1712 AIva
1370 1676 1440 1713 Se-

787 1731 848 1767 lim
879 1731 912 1768 el
942 1731 1177 1780 Assouanys‚
1219 1743 1241 1768 a
1268 1731 1437 1768 Iacobitis

787 1787 998 1824 Christianis
1020 1787 1201 1834 habitata,
1238 1800 1333 1825 nunc
1352 1800 1438 1825 vero

786 1844 925 1880 dicatur
936 1844 1110 1880 Sennaar.
1142 1843 1249 1880 Urbis
1261 1844 1374 1893 ipsius
1390 1844 1439 1881 si-

783 1903 859 1936 tum
887 1905 1051 1937 accurate
1072 1899 1213 1938 definiri
1239 1912 1348 1949 posse
1373 1913 1439 1938 ne-

784 1960 857 2004 gat.
915 1956 975 1992 Tu
1002 1957 1095 1993 conf.
1125 1957 1232 1993 etiam
1255 1955 1437 1995 Mannert.

786 2013 922 2062 Geogr.
956 2013 991 2049 d.
1023 2012 1089 2049 Gr.
1117 2025 1150 2049 u.
1184 2013 1292 2050 Rom.
1322 2013 1380 2062 X,
1411 2014 1436 2054 1

783 2081 869 2118 pag.
888 2070 967 2110 182
985 2081 1088 2118 seqq.

839 2124 919 2164 Δία
929 2127 1039 2163 θεῶν
1053 2122 1120 2163 καὶ
1133 2120 1330 2164 Διόνυσον
1341 2121 1437 2176 μοῦ-

784 2195 880 2228 νους
917 2179 1123 2232 σέβονται]
1163 2181 1250 2218 Non
1286 2194 1435 2232 prorsus

784 2250 864 2274 cum
888 2238 941 2275 his
967 2238 1146 2275 consentit
1169 2238 1302 2275 Strabo
1330 2237 1437 2275 XVII

783 2307 820 2344 p.
835 2297 941 2335 1177
960 2295 1015 2341 D;
1044 2295 1100 2332 cui
1118 2299 1239 2332 tamen
1251 2294 1349 2331 haud
1360 2295 1434 2332 scio

784 2362 832 2387 an
851 2351 1031 2388 Herodoti
1051 2351 1096 2388 sit
1115 2351 1350 2389 anteferenda
1371 2364 1435 2388 au-

782 2408 941 2455 ctoritas,
961 2421 1114 2457 quocum
1133 2412 1302 2446 monente
1314 2407 1436 2445 Thor-

781 2462 873 2501 lacio
901 2464 938 2500 in
966 2464 1173 2514 prolusione
1199 2464 1247 2501 de
1273 2477 1361 2502 sacr.
1397 2468 1434 2502 et

781 2521 933 2571 sapient.
945 2520 1139 2570 Aethiopp.
1151 2520 1289 2568 (Havn.
1305 2522 1434 2570 1825)

779 2589 866 2626 pag.
888 2579 912 2617 6
930 2578 1016 2614 facit
1030 2577 1263 2625 Heliodorus,
1281 2578 1343 2627 qui
1361 2577 1434 2614 So-

780 2632 862 2681 lem,
892 2632 1052 2680 Lunam,
1081 2633 1278 2683 Dionysum
1297 2647 1435 2672 memo-

781 2693 838 2726 rat
853 2690 953 2728 deos.
984 2690 1095 2734 Quod
1111 2690 1207 2728 enim
1220 2690 1342 2728 Iovem
1353 2690 1434 2728 No-

782 2750 855 2783 ster
876 2746 1035 2797 appellat
1060 2750 1096 2784 et
1121 2746 1345 2795 Dionysum,
1377 2748 1434 2784 in-

778 2802 916 2840 tellexit
927 2803 1087 2852 (Iovem)
1099 2800 1218 2839 Amun
1229 2807 1338 2853 atque
1347 2803 1434 2841 Osi-

780 2859 896 2896 ridem
930 2859 1051 2907 (conf.
1079 2858 1132 2906 ΙΙ,
1172 2857 1274 2908 42)-,
1323 2872 1432 2908 quem

777 2918 970 2965 utrumque
996 2917 1105 2954 deum
1132 2914 1203 2953 iilic
1225 2914 1359 2953 cultum
1375 2916 1433 2952 fu-
