1759 3324
312 258 314 261 ’
350 262 436 303 688

747 260 1222 300 HERODOTI

322 372 435 425 4σφι
463 368 571 413 ἅλλα
601 369 835 426 ἐξεύρηται.
866 369 997 414 ἐπεάν
1025 369 1192 427 πλήρης
1219 369 1394 427 γένηται
1422 368 1447 414 ὁ
1477 386 1613 415 ποτα-

350 447 453 504 μὸς,
500 450 574 492 καὶ
604 449 656 491 τὰ
693 451 818 492 πεδία
848 452 1075 507 πελαγίσῃ,
1127 449 1282 505 φύεται
1322 449 1368 493 ἐν
1397 454 1458 507 τῷ
1487 450 1669 493 ὕδατι25

347 529 501 582 κρίνεα
529 527 688 579 πολλοὶ,
719 528 771 571 τά
799 527 1030 584 Αἰγύπτιοι
1060 529 1264 573 καλέουσι
1284 529 1443 572 λωτόν·
1474 534 1612 573 ταῦτα

349 605 481 649 ἐπεάν
519 606 729 661 δρέψωσι,
770 605 1007 652 αὐαίνουσι
1035 608 1144 662 πρὸς
1174 608 1319 665 ἥλιον·
1361 609 1434 651 καὶ
1469 609 1612 652 ἔπειτα

349 684 399 728 τὸ
432 685 478 728 ἐκ
507 688 589 728 τοῦ
615 686 748 740 μέσου
777 690 856 729 τοῦ
885 690 1027 730 λωτοῦ
1066 691 1118 744 τῇ
1158 687 1325 743 μήκωνι
1365 687 1437 731 ἐὸν
1479 687 1609 744 ἐμφε-

349 764 441 817 ρὲς,
471 765 720 814 πτίσαντες,
757 769 983 809 ποιεῦνται
1021 766 1063 817 ἐξ
1093 763 1229 808 αὐτοῦ
1260 765 1422 820 ἄρτους
1451 764 1611 818 ὀπτούς

321 843 467 896 5πυρί.
525 842 614 886 ἔστι
647 843 789 886 δὲκαὶ
817 842 843 900 ἡ
876 845 971 898 ῥίζα
1006 848 1088 887 τοῦ
1132 848 1273 887 λωτοῦ
1313 844 1474 887 τούτου
1505 845 1666 888 ἔδω-3ο

350 921 470 977 δίμη,
530 921 602 964 καὶ
642 922 864 979 ἐγγλύσσει
904 922 1140 975 ἐπιεικέως,
1198 922 1273 966 ἐὸν
1317 922 1608 979 στρογγύλον,

291 1119 357 1153 re,
394 1107 442 1144 de
475 1118 548 1155 quo
575 1104 756 1145 Matthiae
785 1107 876 1145 dixit
899 1108 948 1146 ad

290 1161 421 1199 Nostri
447 1162 502 1209 ΙΙ,
525 1164 590 1203 87.

348 1215 396 1256 vc}
417 1214 634 1270 Αἰγύπτιοι
655 1217 839 1259 καλέουσι
866 1223 946 1260 λωκ

291 1271 407 1325 τόν]
439 1275 497 1313 De
524 1275 594 1312 alio
617 1276 682 1312 lotz·
706 1290 841 1325 genere
871 1278 944 1315 vid.

291 1333 384 1369 infra
410 1332 469 1379 ΙΙ,
499 1334 551 1373 96
583 1337 619 1369 et
657 1333 724 1380 IV,
750 1336 848 1379 1773
887 1334 943 1371 hic

292 1389 459 1437 aquatilis
492 1388 703 1438 intelligitur
739 1389 865 1439 planta
895 1392 941 1428 de

290 1445 590 1495 Nymphaeorum
633 1459 767 1494 genere
790 1475 801 1493 ‚
849 1446 942 1483 lotus

291 1502 535 1551 Aegyptiam,
567 1503 613 1539 de
641 1515 711 1550 qua
732 1502 939 1541 Athenaeus

290 1558 343 1595 ΠΙ
368 1559 442 1594 init.
475 1562 513 1595 et
535 1558 621 1605 XV,
641 1561 693 1599 21
721 1572 757 1608 p.
777 1562 858 1600 677
882 1560 940 1597 ed.

293 1615 379 1651 Cas.
422 1614 572 1661 „Huius
594 1616 684 1652 duas
718 1616 855 1665 species
885 1616 941 1653 hic

291 1676 468 1708 memorat
502 1671 732 1709 Herodotus:
778 1671 940 1720 alteram,

291 1727 390 1764 cuius
438 1728 592 1764 fructum
638 1740 718 1764 cum
759 1741 942 1778 papavere

292 1785 432 1821 confert
454 1813 465 1830 ,
503 1797 598 1833 quae
641 1789 696 1820 est
730 1783 940 1834 Nymphaea

291 1840 384 1876 lotus
412 1839 585 1887 Lz'mzaez'‚
626 1842 716 1878 flore
743 1841 847 1888 albo,
883 1855 942 1878 ra-

292 1897 371 1934 dice
391 1897 596 1943 esculenta3
616 1897 766 1934 alteram
781 1900 871 1935 flore
883 1911 944 1934 ro-

293 1966 398 1990 saceo
411 1983 421 2000 ‚
453 1954 550 1990 cuius
574 1955 734 1990 orarium
746 1954 801 1991 vel
813 1967 944 2004 capsu-

291 2009 326 2046 la
344 2009 547 2056 seminalis,
576 2011 659 2046 favo
680 2023 871 2060 vesparum
895 2011 944 2047 si-

291 2066 403 2112 milis,
435 2066 580 2103 nucleos
604 2067 807 2103 esculentos
830 2068 944 2104 conti-

290 2126 379 2166 net‘,
399 2134 492 2170 quae
509 2127 563 2159 est
583 2121 791 2172 Nymphaea
812 2123 944 2160 uelum-

291 2177 332 2213 bo
344 2177 473 2224 Linn.‚
504 2179 601 2214 cuius
622 2178 768 2228 capsula
789 2180 946 2216 semina-

290 2234 334 2270 lis
353 2234 452 2283 apud
482 2239 646 2271 auctores
678 2235 723 2270 ab
754 2235 942 2273 Athenaeo

292 2290 419 2326 citatos
436 2290 611 2326 cibarium
632 2291 836 2327 nominatur
846 2305 855 2336 ;
867 2293 943 2327 fru-

291 2351 390 2393 ctus,
426 2346 511 2382 saba
537 2346 792 2395 Aegyptiac33
839 2347 942 2384 radix

292 2403 367 2439 sive
410 2401 539 2438 bulbus
581 2403 770 2451 utriusque
806 2403 940 2452 speciei

290 2458 382 2496 falso
409 2458 555 2495 nomine
587 2458 782 2495 colocasia:
826 2459 938 2508 ipsius

245 2512 250 2519 '
290 2515 355 2551 loti
371 2515 538 2560 nomine,
570 2515 638 2550 flos
659 2514 811 2552 maxime
831 2515 939 2552 intel-

289 2571 426 2620 ligitur.
492 2570 736 2608 Posteriorem
781 2572 939 2620 speciem

290 2631 418 2664 nostra
442 2631 563 2663 aetate
606 2640 679 2663 non
714 2627 865 2676 amplius
902 2628 938 2664 in

291 2683 460 2733 Aegypto
488 2683 656 2732 reperiri,
688 2683 754 2720 sed
780 2684 817 2719 in
837 2683 940 2721 India

291 2740 488 2777 etiamnum
505 2739 623 2786 nasci,
653 2740 854 2777 docuerunt
883 2741 939 2776 di-

290 2795 444 2845 ligentes
473 2799 624 2833 naturae
649 2796 941 2833 observatores.“

290 2851 396 2890 Haec
431 2851 794 2899 Schweighaeuserus
814 2879 824 2899 ,
862 2852 938 2888 lau·

293 2908 385 2945 dans
414 2908 507 2946 inter
524 2907 593 2945 alia
617 2907 847 2947 Raffeneau-
860 2907 939 2946 De-

1014 1108 1085 1146 lille
1099 1108 1135 1146 in
1157 1108 1407 1146 observations
1425 1120 1484 1144 sur
1500 1107 1534 1145 le
1547 1106 1665 1145 Lotus

1016 1166 1222 1216 d’Egypte‚
1254 1170 1290 1203 et
1318 1165 1462 1202 Silvest.
1491 1165 1538 1202 de
1569 1165 1666 1213 Sacy

1014 1223 1063 1259 ad
1080 1222 1259 1258 Abdallat.
1289 1235 1325 1271 p.
1349 1221 1403 1262 94
1433 1234 1510 1270 seq.
1568 1220 1664 1257 Add.

1014 1280 1185 1316 Creuzer.
1204 1279 1239 1315 in
1260 1277 1423 1326 Symbol.
1444 1277 1460 1313 I
1482 1289 1568 1327 pag.
1583 1278 1665 1318 508

1013 1339 1050 1372 et
1087 1335 1246 1372 Heeren.
1283 1334 1395 1371 ldeen
1431 1338 1499 1371 etc.
1540 1334 1573 1370 ll
1594 1363 1604 1380 ‚
1637 1337 1664 1374 2

1009 1405 1047 1442 p.
1072 1391 1288 1440 359-seqq.
1355 1390 1387 1426 E
1421 1391 1550 1439 quibus
1596 1390 1665 1426 hoc

1011 1449 1177 1496 equidem
1198 1448 1313 1484 addo:
1326 1447 1483 1497 priorem
1496 1445 1559 1482 loti
1579 1459 1665 1496 spe-

1010 1505 1098 1541 ciem
1132 1504 1316 1552 hodieque
1346 1503 1528 1552 copiosam
1561 1502 1661 1539 nasci

1009 1561 1046 1596 in
1063 1561 1271 1608 regionibus
1297 1558 1456 1608 Aegypti
1483 1559 1662 1596 inferioris

1008 1630 1124 1667 prope
1145 1616 1351 1661 Daxniette,
1386 1614 1584 1664 incolisque
1609 1615 1663 1650 vi-

1010 1678 1102 1710 ctum
1113 1673 1288 1722 praebere
1300 1685 1310 1716 3
1340 1671 1489 1708 alteram
1500 1684 1573 1707 non
1585 1683 1663 1707 am-

1009 1729 1103 1780 plius
1125 1742 1221 1765 nune
1239 1729 1275 1764 in
1296 1728 1377 1778 ipsa
1387 1727 1544 1778 Aegypti
1563 1731 1662 1764 terra

1009 1785 1160 1836 reperiri
1179 1814 1189 1832 ‚
1237 1785 1302 1822 sed
1342 1784 1379 1820 in
1419 1783 1661 1821 monumentis

1010 1841 1243 1892 Aegj‘ptiacis
1260 1870 1271 1888 ‚
1308 1841 1443 1890 cryptis
1467 1869 1478 1887 ,
1517 1840 1594 1877 aliis
1623 1841 1662 1877 id

1011 1911 1124 1947 genus
1154 1899 1325 1946 frequens
1365 1897 1544 1947 depictam
1575 1909 1662 1932 con-

1012 1955 1117 2004 spici,
1149 1955 1234 2003 quin
1264 1953 1350 1990 folia
1382 1952 1595 2001 calycesque
1619 1956 1661 1988 ut

1010 2011 1201 2061 plurimum
1220 2010 1258 2046 in
1276 2010 1449 2046 columnis
1467 2021 1660 2046 ornamen-

1011 2074 1129 2104 torum
1148 2067 1226 2102 loco
1253 2067 1368 2102 ubivis
1390 2065 1487 2103 addi.
1544 2064 1662 2102 Nam-

1013 2137 1084 2172 que
1102 2122 1409 2172 inAegyptiorum
1425 2121 1659 2169 religionibus

1011 2179 1075 2216 loti
1094 2179 1282 2228 plurimam
1304 2179 1479 2214 rationem
1496 2189 1577 2213 esse
1594 2176 1661 2213 ha-

1010 2236 1150 2281 bitam,
1195 2235 1282 2270 satis
1307 2238 1464 2271 constat.
1523 2234 1660 2270 Confer

1010 2293 1179 2328 Creuzer.
1198 2289 1359 2339 Symbol.
1379 2289 1393 2326 Ι
1411 2303 1447 2340 p.
1461 2291 1541 2330 286
1553 2301 1657 2338 seqq.

1064 2345 1132 2384 καὶ
1153 2345 1284 2384 ἔπειτα
1306 2343 1350 2384 το“
1377 2345 1419 2384 ἐκ
1439 2347 1511 2384 τοῦ
1537 2344 1658 2395 μέσου

1010 2404 1082 2441 τοῦ
1110 2404 1238 2440 λωτοῦ
1254 2424 1310 2429 -—-
1331 2400 1558 2452 πτίσαντες]
1596 2401 1657 2438 In-

1005 2459 1133 2507 telligit
1161 2471 1294 2506 grana,
1325 2471 1419 2507 quae
1443 2458 1564 2508 granis
1590 2470 1658 2507 pa-

1005 2516 1170 2566 pavereis
1193 2514 1319 2551 similia
1339 2515 1446 2561 dicit,
1476 2528 1496 2552 e
1514 2514 1578 2550 loti
1597 2526 1658 2550 ca-

1005 2571 1141 2621 pitibus
1158 2576 1319 2618 exemta,
1349 2584 1443 2620 quae
1470 2571 1555 2607 dein
1575 2569 1658 2619 pin-

1007 2631 1092 2664 sunt
1124 2632 1160 2665 et
1206 2640 1323 2677 panes
1362 2628 1450 2663 inde
1484 2630 1656 2676 coquunt.

1007 2683 1103 2720 Nam
1123 2683 1300 2722 πτίσσειν
1322 2687 1376 2720 est
1385 2685 1544 2733 pinsere,
1573 2685 1657 2718 tun·

1007 2739 1084 2776 dere
1099 2740 1335 2787 (zermalrnen
1347 2769 1358 2787 ,
1387 2738 1626 2785 zerstossen).

1062 2793 1262 2848 ἐγγλύσσει
1288 2793 1513 2845 ἐπιεικέως]
1553 2793 1655 2831 Male

1005 2852 1095 2890 haec
1112 2854 1158 2889 in
1185 2853 1401 2901 quibusdam
1422 2851 1507 2889 edd.
1535 2850 1655 2887 seiun-

1005 2912 1085 2957 cta,
1113 2922 1194 2947 cum
1214 2908 1395 2946 distinctio
1423 2910 1511 2959 post
1536 2904 1653 2946 ἐπιει·
