1759 3324
528 281 1051 322 EUTERPE.11.
1327 285 1411 324 615

144 399 192 442 ἐν
223 396 388 453 Θήβῃσι
419 393 517 447 [pov
546 390 676 443 Διός,
703 391 812 434 ἔνθα
840 389 1040 441 ἀπίκετο,
1081 389 1275 433 ἐνθαῦτα
1297 389 1408 447 μνή-

116 483 235 533 Ξμην
263 473 401 518 αὐτοῦ
430 473 550 528 ἔχειν.
600 471 647 514 ἐκ
672 470 719 514 δὲ
747 468 934 522 τούτου,
975 467 1243 525 χρηστήριον
1272 484 1406 525 κατη-

142 552 327 610 γήσατο,
384 551 476 595 ἐπεί
514 566 558 594 τε
599 550 808 606 συνέλαβε
851 547 932 605 τὴν
965 546 1150 591 Ἑλλάδα
1189 552 1463 604 γλῶσσαν.70

112 630 283 687 Βφοῖναι
321 628 367 674 δέ
409 631 453 673 οἱ
490 628 703 686 ἀδελφεὴν
743 630 789 673 ἐν
835 626 982 684 Λιβύῃ
1020 631 1271 683 πεπρῆσθαι
1317 626 1404 672 ὑπό
1758 669 1759 690 ¹

138 715 228 754 τῶν
259 707 407 753 αὐτῶν
449 710 690 760 Φοινίκων,
736 706 810 751 ὑπ’
852 702 915 750 c5v
954 706 1027 750 καὶ
1070 705 1179 761 αὐτή
1218 705 1403 763 ἐπρήθη.
1758 752 1759 767 ³

16 797 83 844 57
139 787 366 839 Πελειάδες
405 788 451 832 δέ
492 805 569 845 μοι
608 787 810 832 δοκέουσι
853 789 1071 842 κληθῆναι
1100 785 1206 839 πρὸς
1236 788 1401 829 Δωδω-
1460 785 1618 814 ⁰⁰¹¹¹¹¹¹b³⁸
1645 789 1740 815 ⁷¹0⁰·

1459 820 1583 846 ‹lonaeis
1599 821 1740 849 mulierns
1758 827 1759 833 ¹

137 869 276 912 ναίων
301 868 370 912 ἐπὶ
397 870 526 912 τοῦδε
557 869 603 910 αἱ
629 872 854 924 γυναῖκες,
885 865 998 910 διότι
1028 864 1246 922 βάρβαροι
1262 860 1397 922 ἦσαν·
1458 853 1604 915 {wlff
1644 855 1759 887 motam¹

79 1076 291 1115 narratione
339 1080 463 1114 essent
510 1075 730 1125 accipienda.

81 1129 213 1184 φηγὸς
231 1137 351 1170 autem
370 1133 429 1169 vix
444 1136 540 1169 recte
559 1131 733 1180 intelligi-

81 1193 143 1226 tur
165 1189 304 1239 fagus,
337 1202 415 1226 cum
442 1189 564 1239 potius
587 1201 732 1238 quercus

81 1246 218 1283 esculus
243 1247 311 1293 sit,
341 1245 439 1282 cuius
461 1246 595 1282 fructus
612 1249 650 1281 et
672 1244 731 1281 edi

80 1305 236 1353 possunt
265 1306 301 1340 et
325 1314 451 1339 revera
478 1300 644 1350 Pelasgis
671 1313 732 1336 ru-

80 1359 210 1404 dibus,
248 1358 309 1407 qui
330 1356 408 1394 illas
432 1358 599 1405 regiones
629 1358 732 1393 inco-

80 1413 224 1461 lebant,
252 1415 383 1451 victum
404 1414 661 1463 suppeditasse
677 1413 734 1449 di-

80 1475 219 1508 cuntur.
256 1469 354 1508 Hinc
376 1482 476 1506 sacra
497 1469 616 1517 arbor,
638 1481 733 1518 quae

77 1527 194 1578 prima
211 1526 298 1563 olim
331 1526 504 1563 alimenta
524 1526 731 1562 hominibus

77 1583 310 1633 praebuerit,
326 1582 408 1620 hinc
431 1583 553 1633 ipsum
573 1582 648 1620 eius
663 1594 731 1619 no-

79 1651 186 1686 men,
206 1639 306 1688 quod
325 1639 371 1676 ab
393 1639 537 1676 edendo
558 1639 600 1687 (a
617 1638 730 1676 verbo

80 1696 243 1746 φαγεῖν)
265 1695 411 1732 ductum
435 1695 491 1731 vix
510 1695 676 1732 dubitare
687 1694 731 1730 li-

78 1751 186 1797 cebit,
217 1751 299 1787 hinc
328 1763 371 1788 ex
403 1751 522 1788 sonitu
550 1751 728 1798 foliorum,

79 1820 123 1845 ex
143 1807 267 1844 avibus
284 1807 631 1854 circumvolantibus,
651 1807 728 1844 aliis

77 1864 256 1901 eiusmodi
287 1864 394 1900 rebus
425 1864 569 1901 oracula
596 1865 728 1914 petita,

77 1919 199 1968 qualia
216 1919 272 1956 vel
289 1920 388 1969 apud
408 1924 555 1957 nostros
566 1921 731 1963 ,maiores

77 1975 114 2012 in
134 1976 398 2013 Germanorum
417 1980 454 2014 et
472 1976 655 2014 Celtarum
673 1976 730 2012 lu-

76 2032 126 2069 cis
162 2035 361 2069 occurrunt.
419 2032 529 2070 Plura
559 2032 729 2070 Creuzer.

76 2088 238 2136 Symbol.
269 2087 301 2124 ΙΙ
331 2101 415 2138 pag.
445 2089 527 2130 476
546 2102 621 2138 seq.
647 2088 726 2125 coll.

75 2144 197 2182 Kruse
218 2143 342 2181 Hellas
362 2145 376 2180 Ι
400 2159 436 2195 p.
456 2145 548 2186 443.
581 2145 622 2182 ln
641 2158 726 2195 pro-

75 2201 236 2238 verbium
258 2201 351 2238 adeo
383 2202 493 2238 cessit
522 2201 616 2238 Iovis
647 2201 726 2238 Do-

76 2258 207 2294 donaei
238 2258 367 2302 arb0r3
395 2259 438 2294 cf.
461 2257 552 2295 Plat.
571 2257 727 2295 Phaedr.

75 2325 160 2363 pag.
181 2312 281 2360 275,
309 2314 341 2349 B
382 2314 506 2364 ibique
529 2315 727 2352 Heindorf.

75 2382 113 2420 p.
129 2368 223 2410 342.

132 2421 329 2475 ἀδελφεὴν
350 2425 392 2465 ἕν
417 2422 557 2481 Λιβύῃ
579 2428 729 2478 πεπρῆ-

77 2479 189 2531 σθαι]
208 2482 293 2518 Noli
312 2484 466 2521 scribere
487 2482 535 2530 ἐς
551 2479 728 2534 Λιβύην.

75 2536 238 2575 Indicare
254 2540 348 2576 enim
367 2539 479 2576 voluit
499 2540 646 2586 mulier,
667 2554 728 2577 so-

77 2605 194 2630 rorem
221 2606 242 2630 a
272 2595 511 2633 Phoenicibus
541 2598 727 2634 venditam

78 2662 160 2686 esse
187 2649 223 2685 in
249 2650 425 2699 Libyam,
455 2666 527 2702 qua
561 2654 597 2689 in
629 2658 727 2690 terra

77 2705 160 2742 dein
188 2713 477 2746 commoraretur.
534 2709 644 2746 Haud
671 2710 728 2746 in-

76 2761 246 2809 frequens
295 2763 445 2802 Graecis
493 2766 726 2815 scriptoribus

77 2815 166 2853 haec
204 2819 377 2857 orationis
428 2821 727 2870 breviloquentia,

78 2883 151 2920 qua
179 2878 323 2923 praeter
346 2880 464 2914 motus
493 2878 727 2926 significatio-

77 2939 162 2965 nem
182 2929 288 2969 etiam
299 2934 530 2971 commoratio
549 2934 588 2971 in
607 2933 728 2983 aliquo

800 1074 878 1111 loco
898 1074 1077 1112 indicatur
1102 1073 1378 1125 praepositione
1404 1071 1458 1112 ἐν.

806 1131 864 1167 Cf.
882 1130 1012 1168 Matth.
1036 1131 1102 1168 Gr.
1125 1131 1188 1167 Gr.
1203 1144 1240 1180 p.
1257 1129 1362 1171 1141
1380 1143 1458 1179 seq.

803 1209 851 1214 -
877 1187 918 1224 In
940 1188 1058 1225 verbis
1079 1182 1321 1237 χρηστήριον
1340 1201 1460 1236 κατη-

798 1239 946 1295 γήσατο
968 1244 1169 1290 (oraculum
1190 1245 1368 1291 instituit)
1395 1244 1462 1279 mi-

799 1300 896 1337 nime
926 1300 1156 1337 scribendum
1194 1299 1460 1350 χρηστηρίου.

798 1356 921 1406 Supra
959 1356 1055 1393 enim
1094 1356 1149 1403 ΙΙ,
1187 1359 1241 1396 49
1285 1356 1458 1404 legimus:

798 1409 888 1451 τόν
919 1409 1122 1461 φαλλόν
1143 1410 1299 1451 -ἐστὶ
1330 1409 1356 1452 ὅ
1383 1426 1460 1451 κα-

797 1463 1155 1521 τηγησάμενος
1176 1484 1214 1508 κ.
1233 1483 1266 1507 τ.
1285 1471 1321 1508 λ.

997 1552 1111 1604 Cap.
1141 1552 1255 1590 Lvu.

854 1633 1059 1683 πελειάδες
1081 1635 1125 1676 δέ
1146 1652 1277 1688 μοι-
1289 1635 1355 1676 ἐπὶ
1367 1639 1457 1677 τοῦ-

800 1693 843 1733 δε
863 1693 908 1732 αἱ
930 1695 1138 1746 γυναῖκες]
1169 1693 1228 1731 De
1253 1707 1320 1731 usu
1348 1707 1457 1744 prae-

797 1751 988 1800 positionis
1020 1748 1085 1789 ἐπὶ
1111 1751 1316 1786 monuimus
1345 1751 1394 1786 ad
1425 1749 1456 1798 I,

801 1806 864 1847 14.
891 1806 950 1843 Ad
972 1819 1047 1843 rem
1067 1807 1182 1856 ipsam
1195 1807 1294 1855 quod
1313 1808 1454 1853 attinet,

799 1867 883 1899 sunt
915 1863 977 1912 qui
1003 1863 1147 1900 fabulae
1175 1863 1338 1911 origines
1369 1863 1455 1900 inde

797 1919 914 1968 repeti
939 1919 1071 1966 velint,
1102 1920 1225 1968 quod,
1259 1932 1339 1955 cum
1352 1919 1452 1968 apud

796 1975 967 2025 Epirotas
992 1974 1174 2021 πελείους
1199 1975 1313 2012 dictos
1342 1975 1454 2013 fuisse

798 2045 903 2069 senes
929 2031 1130 2080 Hesychius
1154 2035 1298 2078 narret,
1322 2031 1454 2068 Dodo-

795 2101 970 2125 naeorum
998 2101 1145 2137 quoque
1170 2100 1354 2124 sacrorum
1388 2100 1455 2124 an-

795 2145 928 2182 tistites
966 2143 1110 2182 vetulae
1150 2144 1221 2180 dici
1267 2143 1454 2193 potuerint

797 2199 969 2245 πέλειαι,
1012 2201 1113 2250 quod
1143 2213 1333 2237 commune
1363 2200 1452 2237 alias

795 2258 862 2295 suit
883 2257 1128 2294 columbarum
1148 2256 1370 2293 vocabulum.
1402 2255 1453 2294 Et

795 2314 919 2351 scribit
936 2314 1082 2350 Servius
1109 2313 1158 2349 ad
1179 2313 1305 2361 Vix-gil.
1320 2312 1451 2361 Eelog.

795 2370 861 2418 IX,
887 2374 936 2412 13
958 2369 1171 2407 Thessalica
1199 2369 1322 2418 lingua
1336 2369 1452 2418 pelia-

796 2427 854 2464 des
870 2427 940 2464 dici
963 2431 999 2464 et
1017 2426 1200 2463 columbas
1219 2430 1254 2463 et
1276 2426 1450 2462 vaticina-

795 2484 904 2521 trices
925 2482 1106 2520 mulieres.
1164 2482 1247 2519 Nec
1262 2487 1385 2518 tamen
1408 2495 1451 2519 ea

796 2541 976 2577 sufficient
994 2540 1042 2576 ad
1060 2539 1206 2575 fabulae
1223 2552 1367 2575 sensum
1381 2538 1452 2575 rite

794 2596 1068 2645 intelligendum
1081 2624 1091 2642 ,
1102 2608 1211 2644 quem
1225 2608 1268 2631 ex
1288 2594 1451 2631 interiori

795 2654 924 2690 horum
957 2665 1141 2689 sacrorum
1170 2651 1291 2688 indole
1321 2664 1448 2687 eruere

794 2710 934 2747 studuit
957 2709 1129 2746 Creuzer.
1146 2708 1184 2743 in
1212 2707 1375 2756 Symbol.
1402 2707 1444 2742 [V

794 2768 925 2816 p-161
952 2766 1149 2813 seqq.163
1168 2777 1244 2812 seq.
1275 2764 1448 2811 Namque

794 2822 976 2860 Dodonae
992 2821 1028 2857 iu
1048 2820 1284 2868 religionibus
1298 2819 1370 2855 lovi
1384 2819 1450 2854 ad-

796 2879 876 2915 dita
896 2881 975 2915 erat
999 2876 1112 2913 Dione
1135 2876 1266 2921 Venus,
1305 2875 1360 2911 cui
1388 2887 1449 2910 co-

795 2934 918 2971 lumba
936 2937 1017 2970 erat
1034 2935 1246 2970 consecrata
1257 2959 1269 2977 ,
1298 2943 1393 2980 quae
1411 2930 1448 2966 in
