1805 3315
332 221 389 261 24
735 216 1206 255 HERODOTI

313 333 466 372 Ξναῖκα
504 326 666 370 πολλόν
714 325 889 369 πασέων
934 325 1180 381 καλλίστην.
1228 326 1286 378 ὥς
1322 342 1365 370 τε
1404 325 1450 369 δὲ
1487 329 1624 370 ταῦτα

335 409 539 462 νομίζων·
577 400 634 460 ἦν
671 402 754 459 γάρ
791 405 835 447 οἱ
870 406 961 447 τῶν
998 403 1282 460 αἰχμοφόρων
1310 403 1454 460 Γύγης
1484 402 1508 448 ὁ
1537 409 1624 448 Aa·
1669 401 1695 443 5

339 484 504 529 σκύλου
536 480 826 537 ἀρεσκόμενος
854 481 1058 538 μάλιστα·
1095 480 1238 541 τούτῳ
1282 487 1343 541 τῷ
1384 488 1426 527 Γ
1422 483 1506 540 ύγῃ
1549 484 1625 528 καὶ

339 565 390 607 τὰ
439 561 781 614 σπουδαιέστερα
827 565 916 605 τῶν
963 559 1225 618 πρηγμάτων
1271 560 1549 616 ὑπερετίθετο
1600 562 1670 608 620

339 640 613 697 Κανδαύλης,
643 641 718 684 καὶ
757 638 810 695 δὴ
840 639 912 683 καὶ
940 638 990 683 τὸ
1022 638 1137 691 εἶδος
1163 643 1237 696 τῆς
1264 640 1472 698 γυναικὸς
1497 639 1626 698 ὑπερ-

297 838 381 875 tatis
401 850 483 875 esse
501 850 646 882 nomen,
676 838 776 887 quod
796 849 857 875 rex
878 836 947 873 sibi

296 894 529 942 assumserit,
588 894 659 931 alia
701 893 950 931 huiuscemodi

297 951 396 1001 apud
440 950 528 987 alias
574 951 740 988 nationes
786 949 951 998 exempla

297 1006 492 1044 declarant.
562 1007 674 1050 Quod
718 1019 804 1043 vero
851 1005 951 1056 apud

298 1063 477 1101 'l'zetzem
509 1063 602 1100 Chil.
625 1063 676 1100 VI
702 1063 801 1099 Hist.
819 1061 872 1103 54
900 1061 952 1099 le-

298 1121 416 1169 gimus
452 1115 495 1158 τὸ
523 1117 566 1158 δὲ
598 1115 840 1168 Κανδαύλης
880 1115 951 1158 τόν

299 1175 589 1226 σκυλοπνίκτην
611 1176 731 1225 (quod
749 1175 858 1224 vulgo
872 1188 953 1212 ver-

298 1238 379 1271 tunt
402 1232 492 1283 pelle
508 1233 789 1283 praefocatum),
811 1232 849 1268 id
865 1231 958 1268 scite

300 1290 473 1328 emendat
492 1289 589 1326 idem
610 1289 664 1325 vir
681 1290 830 1326 doctus:
862 1300 953 1326 σκυ-

301 1344 518 1395 λοκλέπτην
544 1346 567 1382 i.
592 1359 623 1383 e.
653 1346 765 1395 spolia
786 1344 952 1394 auferen—

303 1407 372 1440 tem
402 1402 523 1451 (quod
551 1402 695 1451 utrique
730 1405 767 1441 et
805 1400 957 1438 Herculi

304 1464 342 1498 et
386 1458 567 1496 Mercurio
618 1459 707 1494 satis
754 1457 958 1504 conveniat,

303 1529 385 1553 cum
417 1515 508 1552 alter
544 1515 694 1562 virtute,
745 1514 833 1551 alter
872 1513 958 1550 dolo

303 1571 424 1622 spolia
454 1573 613 1619 auferat)
652 1575 715 1608 aut
752 1565 958 1609 σκυλοπύ-

302 1643 401 1678 κτην
427 1628 450 1664 i.
468 1641 499 1665 e.
517 1632 757 1677 pugnantem,
784 1627 872 1676 pelle
892 1627 960 1663 leo-

303 1687 389 1722 nina
409 1684 581 1721 indutum.
606 1679 841 1730 Κάνδαυλος
853 1696 960 1734 prae-

304 1747 404 1780 terea
440 1753 499 1790 ap.
537 1740 668 1778 Athen.
698 1740 768 1777 XII
798 1754 835 1791 p.
866 1741 961 1780 516.

305 1811 342 1848 p.
364 1797 445 1838 418
479 1797 538 1834 ed.
569 1797 772 1846 Schweigh.
807 1796 962 1834 occurrit

307 1853 526 1891 condimenti
571 1854 648 1891 sive
697 1853 807 1892 edulii
844 1865 963 1901 genus

307 1910 498 1959 Lydicum.
584 1909 645 1947 De
705 1924 779 1959 quo
838 1914 963 1946 tamen

307 1967 413 2016 plura
452 1978 528 2002 non
566 1970 746 2004 constant.
788 1966 871 2003 Vid.
906 1966 965 2003 Ia-

307 2023 450 2060 blonsk.
477 2022 501 2059 l.
520 2021 543 2058 l.
563 2036 598 2073 p.
624 2025 690 2064 86.

362 2131 417 2181 ὥς
445 2148 485 2173 τε
528 2131 570 2174 δὲ
609 2137 734 2174 ταῦτα
770 2134 959 2186 νομίζων]

305 2192 424 2230 Valde
462 2192 664 2228 notandum
699 2196 735 2230 et
771 2192 828 2229 hie
863 2197 899 2230 et
928 2193 965 2230 in

308 2248 543 2297 sequentibus
584 2248 737 2299 simplex
787 2253 824 2286 et
871 2249 965 2286 anti-

308 2318 418 2353 quiun
470 2305 614 2341 dicendi
667 2318 808 2353 genuS,
863 2306 964 2354 quod

309 2361 377 2397 sibi
402 2360 522 2411 placet
552 2362 698 2410 saepius
729 2362 825 2398 idem
856 2375 963 2412 repe-

310 2421 411 2464 tens,
457 2430 525 2454 nec
569 2431 734 2455 severam
789 2415 962 2455 orationis

310 2485 472 2509 normam
502 2486 641 2510 curanS.
708 2475 806 2511 Hinc
848 2475 963 2525 expli-

311 2529 427 2566 canda
444 2542 590 2578 quoque
617 2530 653 2566 iu
679 2543 762 2579 sqq.
787 2531 964 2580 particula

310 2581 408 2637 γὰρ,
438 2597 511 2633 qua
536 2586 712 2622 rationem
743 2589 962 2625 anteceden-

312 2642 400 2678 tium
407 2641 678 2690 quodammodo
693 2644 813 2680 reddit
825 2648 962 2691 auctor,

312 2698 429 2734 minus
467 2696 528 2733 illa
564 2698 710 2746 quidem
746 2701 962 2747 necessaria,

312 2755 379 2792 sed
408 2766 502 2802 quae
528 2766 602 2790 non
637 2754 714 2791 sine
750 2755 784 2790 vi
805 2757 963 2803 quadam

312 2810 362 2847 ad
386 2810 455 2847 loci
490 2814 741 2858 argumentiun
775 2811 964 2848 declaran-

314 2868 401 2904 dum
416 2867 586 2919 apposita
598 2871 665 2904 est.
695 2866 755 2904 Tu
771 2868 817 2904 cf.
832 2867 961 2905 Matth.

1017 837 1083 873 Gr.
1114 837 1179 873 Gr.
1212 834 1249 888 ἓ.
1286 838 1381 884 613,
1407 835 1475 875 VII
1508 849 1546 886 p.
1574 839 1671 878 906.

1016 892 1125 930 Plura
1157 894 1205 930 ad
1234 893 1374 930 Herod.
1406 893 1443 940 I,
1479 892 1544 934 24.
1590 892 1672 935 124

1017 948 1096 985 coll.
1134 949 1208 995 Ill,
1248 953 1340 990 121.
1380 950 1542 999 Egregie
1570 962 1672 997 vero,
1734 964 1738 968 ·

1017 1009 1057 1041 ut
1083 1009 1139 1041 tot
1167 1005 1259 1053 alia,
1288 1007 1382 1042 hunc
1407 1006 1526 1043 locum
1543 1019 1674 1044 verna-

1019 1061 1099 1098 culo
1125 1074 1292 1099 sermone
1324 1063 1503 1112 expressit
1521 1062 1674 1111 Lange3

1019 1118 1118 1155 cuius
1166 1119 1370 1156 versionem
1417 1119 1675 1166 adscriberem,

1019 1175 1089 1212 nisi
1117 1175 1285 1212 brevitati
1324 1174 1586 1213 consulendum
1617 1187 1677 1213 es-

1021 1235 1088 1268 set.

1081 1281 1212 1338 Γύγης
1260 1284 1283 1326 ό
1323 1283 1562 1338 Δασκύλου]
1615 1287 1676 1325 De

1020 1343 1172 1381 historia
1214 1345 1290 1382 eius
1336 1345 1455 1393 Gygis
1494 1345 1678 1393 variisque

1022 1405 1109 1437 vett.
1147 1401 1194 1437 de
1238 1414 1281 1438 eo
1311 1401 1568 1437 traditionibus
1602 1401 1676 1437 vid.

1023 1457 1119 1493 infra
1139 1457 1186 1493 ad
1206 1470 1235 1493 c.
1258 1460 1321 1498 12.
1350 1457 1410 1495 De
1431 1458 1512 1507 ipso
1532 1457 1679 1494 nomine

1028 1513 1092 1550 Cr.
1130 1513 1343 1563 adscripsit:
1402 1513 1596 1561 ‚‚Dracon.
1631 1513 1679 1551 de

1025 1570 1149 1607 metris
1180 1583 1218 1619 p.
1246 1572 1313 1611 33.
1342 1572 1422 1610 117
1458 1570 1515 1607 ed.
1551 1570 1680 1608 Herm.

1028 1631 1065 1663 et
1083 1625 1239 1664 Bentlei.
1262 1627 1311 1663 ad
1337 1626 1430 1663 Hor.
1453 1626 1612 1664 Carmm.
1632 1626 1681 1675 Π,

1008 1685 1082 1724 ,17
1095 1710 1106 1729 ,
1137 1681 1228 1723 14.“

1147 1734 1156 1746 ,
1270 1740 1288 1748 -
1354 1733 1364 1748 ,
1509 1736 1522 1751 ‹-

1085 1752 1211 1792 τούτῳ
1233 1754 1286 1788 τῳ
1307 1741 1515 1793 Γυγῃ--ο
1536 1736 1680 1789 Κανᾶ]

1029 1796 1052 1832 i.
1083 1807 1114 1832 e.
1143 1795 1224 1832 huic
1252 1793 1353 1846 Gygi
1377 1808 1431 1832 res
1460 1798 1566 1832 etiam
1591 1808 1682 1844 gra-

1028 1855 1192 1889 vis-simas
1223 1852 1446 1901 permittebat
1484 1851 1684 1889 Candaules

1032 1922 1062 1946 s.
1103 1921 1179 1946 cum
1212 1909 1313 1945 hocce
1351 1910 1455 1959 Gyge
1492 1922 1546 1945 res
1576 1911 1684 1946 etiam

1032 1967 1262 2014 gravissimas
1285 1966 1571 2003 communicabat.
1625 1962 1686 2003 ‘T-

1032 2022 1387 2074 περτίθεσθαί
1434 2023 1513 2062 τινί
1539 2037 1577 2060 τι
1607 2034 1686 2059 cum

1032 2078 1153 2130 aliquo
1169 2079 1294 2130 aliqua
1310 2079 1351 2116 «le
1366 2094 1400 2117 re
1422 2080 1684 2126 communicare,

1034 2136 1190 2187 conferre
1221 2135 1269 2173 ad
1298 2137 1473 2187 aliquem,
1513 2135 1686 2172 consulere

1033 2193 1208 2243 aliquem,
1250 2193 1429 2231 invenitur
1471 2205 1618 2243 quoque
1653 2192 1685 2240 Ι,

1034 2253 1127 2292 107.
1162 2251 1241 2290 108
1271 2249 1350 2287 aliis
1370 2250 1478 2298 locis,
1508 2262 1600 2299 quos
1631 2249 1687 2285 in-

1031 2306 1166 2344 dicabit
1193 2306 1284 2343 Lex.
1306 2307 1450 2345 Herod.
1479 2305 1684 2355 Schweigh.

1031 2385 1087 2390 —
1114 2364 1220 2406 Quae
1248 2367 1449 2413 sequuntur
1477 2363 1611 2410 verba,
1642 2374 1687 2399 ea

1030 2419 1150 2457 malim
1190 2427 1342 2470 propter
1378 2419 1608 2471 participium
1636 2418 1688 2455 sic

1031 2476 1228 2526 explicare:
1271 2480 1303 2513 et
1333 2489 1413 2513 vero
1449 2479 1556 2513 etiam
1580 2477 1620 2512 in
1649 2487 1687 2511 eo

1032 2534 1103 2580 (sc.
1127 2532 1276 2569 multum
1296 2533 1345 2570 illi
1363 2532 1576 2580 tribuebat),
1597 2529 1687 2581 quod

1029 2591 1152 2626 uxoris
1183 2601 1268 2625 suae
1292 2589 1450 2640 formam
1480 2600 1590 2638 supra
1611 2600 1685 2624 mo-

1030 2646 1111 2683 dum
1142 2646 1282 2682 attulit.
1321 2646 1380 2683 De
1409 2645 1464 2681 his
1495 2657 1545 2681 sc.
1575 2644 1686 2682 rebus

1030 2715 1109 2740 cum
1141 2715 1183 2739 eo
1205 2702 1315 2738 verba
1341 2702 1501 2748 faciens,
1531 2700 1579 2738 de
1604 2700 1685 2750 qui-

1030 2759 1100 2795 bus
1124 2758 1181 2795 vix
1203 2770 1283 2794 cum
1304 2757 1375 2794 alio
1401 2757 1587 2806 quopiam,
1614 2756 1685 2793 nisi

1031 2827 1112 2851 cum
1130 2814 1256 2850 intimo
1276 2818 1387 2863 atque
1402 2813 1685 2850 familiarissimo

1031 2870 1145 2907 amico
1171 2882 1294 2918 regem
1321 2869 1476 2919 colloqui
1498 2882 1566 2921 par
1594 2873 1684 2908 erat.
