<?xml version="1.0" encoding="UTF-8"?>
<!DOCTYPE html PUBLIC "-//W3C//DTD XHTML 1.0 Transitional//EN"
    "http://www.w3.org/TR/xhtml1/DTD/xhtml1-transitional.dtd">
<html xmlns="http://www.w3.org/1999/xhtml" xml:lang="en" lang="en">
 <head>
  <title>
</title>
<meta http-equiv="Content-Type" content="text/html;charset=utf-8" />
  <meta name='ocr-system' content='tesseract 3.04.00' />
  <meta name='ocr-capabilities' content='ocr_page ocr_carea ocr_par ocr_line ocrx_word'/>
</head>
<body>
  <div class='ocr_page' id='page_1' title='image "./musaeher01hero_0040.png"; bbox 0 0 1805 3315; ppageno 0'>
   <div class='ocr_carea' id='block_1_1' title="bbox 352 232 409 272">
    <p class='ocr_par' dir='ltr' id='par_1_1' title="bbox 352 232 409 272">
     <span class='ocr_line' id='line_1_1' title="bbox 352 232 409 272; baseline -0.018 0"><span class='ocrx_word' id='word_1_1' title='bbox 352 232 409 272; x_wconf 84' lang='lat'>26</span> 
     </span>
    </p>
   </div>
   <div class='ocr_carea' id='block_1_2' title="bbox 758 230 1222 268">
    <p class='ocr_par' dir='ltr' id='par_1_2' title="bbox 758 230 1222 268">
     <span class='ocr_line' id='line_1_2' title="bbox 758 230 1222 268; baseline -0.002 0"><span class='ocrx_word' id='word_1_2' title='bbox 758 230 1222 268; x_wconf 80' lang='lat' dir='ltr'>HERODOTI</span> 
     </span>
    </p>
   </div>
   <div class='ocr_carea' id='block_1_3' title="bbox 353 334 1688 396">
    <p class='ocr_par' dir='ltr' id='par_1_3' title="bbox 353 334 1688 396">
     <span class='ocr_line' id='line_1_3' title="bbox 353 334 1688 396; baseline -0.004 -12"><span class='ocrx_word' id='word_1_3' title='bbox 353 356 468 396; x_wconf 75' lang='grc' dir='ltr'>7,μοι</span> <span class='ocrx_word' id='word_1_4' title='bbox 506 338 675 396; x_wconf 84' lang='grc' dir='ltr'><em>λέγοντι</em></span> <span class='ocrx_word' id='word_1_5' title='bbox 715 340 815 393; x_wconf 82' lang='grc' dir='ltr'><em>περὶ</em></span> <span class='ocrx_word' id='word_1_6' title='bbox 849 341 932 381; x_wconf 83' lang='grc' dir='ltr'>τοῦ</span> <span class='ocrx_word' id='word_1_7' title='bbox 968 339 1105 388; x_wconf 80' lang='grc' dir='ltr'><em>εἴδεος</em></span> <span class='ocrx_word' id='word_1_8' title='bbox 1145 343 1221 395; x_wconf 85' lang='grc' dir='ltr'>τῆς</span> <span class='ocrx_word' id='word_1_9' title='bbox 1263 338 1493 394; x_wconf 83' lang='grc' dir='ltr'><em>γυναικός·</em></span> <span class='ocrx_word' id='word_1_10' title='bbox 1535 334 1688 394; x_wconf 73' lang='grc' dir='ltr'><em>(ὦταΞὸ</em></span> 
     </span>
    </p>
   </div>
   <div class='ocr_carea' id='block_1_4' title="bbox 353 415 1641 475">
    <p class='ocr_par' dir='ltr' id='par_1_4' title="bbox 353 415 1641 475">
     <span class='ocr_line' id='line_1_4' title="bbox 353 415 1641 475; baseline -0.001 -12"><span class='ocrx_word' id='word_1_11' title='bbox 353 419 473 475; x_wconf 81' lang='grc' dir='ltr'><em>,,γὰρ</em></span> <span class='ocrx_word' id='word_1_12' title='bbox 503 417 704 475; x_wconf 78' lang='grc' dir='ltr'><em>τυγχάνει</em></span> <span class='ocrx_word' id='word_1_13' title='bbox 730 416 1010 472; x_wconf 72' lang='grc' dir='ltr'><em>ἀνθρώποισι</em></span> <span class='ocrx_word' id='word_1_14' title='bbox 1038 416 1167 460; x_wconf 82' lang='grc' dir='ltr'><em>ἐόντα</em></span> <span class='ocrx_word' id='word_1_15' title='bbox 1195 415 1455 472; x_wconf 76' lang='grc' dir='ltr'><em>ἀπιστότερα</em></span> <span class='ocrx_word' id='word_1_16' title='bbox 1474 416 1641 474; x_wconf 83' lang='grc' dir='ltr'><em>ὀφθαλ-</em></span> 
     </span>
    </p>
   </div>
   <div class='ocr_carea' id='block_1_5' title="bbox 329 495 1642 554">
    <p class='ocr_par' dir='ltr' id='par_1_5' title="bbox 329 495 1642 554">
     <span class='ocr_line' id='line_1_5' title="bbox 329 495 1642 554; baseline 0.001 -14"><span class='ocrx_word' id='word_1_17' title='bbox 329 503 382 551; x_wconf 87' lang='lat'>4„</span> <span class='ocrx_word' id='word_1_18' title='bbox 393 502 491 554; x_wconf 77' lang='grc' dir='ltr'><em>μιόν</em></span> <span class='ocrx_word' id='word_1_19' title='bbox 504 501 532 554; x_wconf 90' lang='grc'>·)</span> <span class='ocrx_word' id='word_1_20' title='bbox 562 499 683 541; x_wconf 81' lang='grc' dir='ltr'><strong><em>ποίεε</em></strong></span> <span class='ocrx_word' id='word_1_21' title='bbox 714 496 826 548; x_wconf 83' lang='grc' dir='ltr'><em>ὅκως</em></span> <span class='ocrx_word' id='word_1_22' title='bbox 856 496 1025 553; x_wconf 81' lang='grc' dir='ltr'><em>ἐκείνην</em></span> <span class='ocrx_word' id='word_1_23' title='bbox 1053 495 1232 552; x_wconf 77' lang='grc' dir='ltr'><em>θεήσεαι</em></span> <span class='ocrx_word' id='word_1_24' title='bbox 1261 496 1473 553; x_wconf 81' lang='grc' dir='ltr'><em>γυμνήν.“</em></span> <span class='ocrx_word' id='word_1_25' title='bbox 1529 495 1578 540; x_wconf 88' lang='grc' dir='ltr'>Ὅ</span> <span class='ocrx_word' id='word_1_26' title='bbox 1596 497 1642 541; x_wconf 82' lang='grc' dir='ltr'>δὲ</span> 
     </span>
    </p>
   </div>
   <div class='ocr_carea' id='block_1_6' title="bbox 351 573 1639 634">
    <p class='ocr_par' dir='ltr' id='par_1_6' title="bbox 351 573 1639 634">
     <span class='ocr_line' id='line_1_6' title="bbox 351 573 1639 634; baseline -0.002 -13"><span class='ocrx_word' id='word_1_27' title='bbox 351 578 461 634; x_wconf 85' lang='grc' dir='ltr'><em>μέγα</em></span> <span class='ocrx_word' id='word_1_28' title='bbox 494 575 720 634; x_wconf 75' lang='grc' dir='ltr'><em>ἀμβώσας,</em></span> <span class='ocrx_word' id='word_1_29' title='bbox 763 573 874 619; x_wconf 83' lang='grc' dir='ltr'><em>εἶπε·</em></span> <span class='ocrx_word' id='word_1_30' title='bbox 916 575 1181 629; x_wconf 83' lang='grc' dir='ltr'><em>,,Δὲσποτα,</em></span> <span class='ocrx_word' id='word_1_31' title='bbox 1211 577 1310 618; x_wconf 86' lang='grc' dir='ltr'><em>τίνα</em></span> <span class='ocrx_word' id='word_1_32' title='bbox 1339 574 1473 631; x_wconf 82' lang='grc' dir='ltr'><em>λέγεις</em></span> <span class='ocrx_word' id='word_1_33' title='bbox 1503 578 1639 631; x_wconf 79' lang='grc' dir='ltr'><em>λόγον</em></span> 
     </span>
    </p>
   </div>
   <div class='ocr_carea' id='block_1_7' title="bbox 351 653 1639 712">
    <p class='ocr_par' dir='ltr' id='par_1_7' title="bbox 351 653 1639 712">
     <span class='ocr_line' id='line_1_7' title="bbox 351 653 1639 712; baseline -0.001 -13"><span class='ocrx_word' id='word_1_34' title='bbox 351 654 471 708; x_wconf 66' lang='lat' dir='ltr'>„mix</span> <span class='ocrx_word' id='word_1_35' title='bbox 499 653 646 711; x_wconf 80' lang='grc' dir='ltr'><em>ὑγιέα,</em></span> <span class='ocrx_word' id='word_1_36' title='bbox 689 654 879 699; x_wconf 83' lang='grc' dir='ltr'><em>κελεύων</em></span> <span class='ocrx_word' id='word_1_37' title='bbox 915 672 966 712; x_wconf 87' lang='grc' dir='ltr'><em>με</em></span> <span class='ocrx_word' id='word_1_38' title='bbox 1006 655 1243 699; x_wconf 81' lang='grc' dir='ltr'><em>δέσποιναν</em></span> <span class='ocrx_word' id='word_1_39' title='bbox 1278 653 1358 710; x_wconf 88' lang='grc' dir='ltr'>τὴν</span> <span class='ocrx_word' id='word_1_40' title='bbox 1403 654 1511 710; x_wconf 76' lang='grc' dir='ltr'><em>ἐμήν</em></span> <span class='ocrx_word' id='word_1_41' title='bbox 1538 653 1639 710; x_wconf 59' lang='lat' dir='ltr'>aer}-</span> 
     </span>
    </p>
   </div>
   <div class='ocr_carea' id='block_1_8' title="bbox 350 732 1639 793">
    <p class='ocr_par' dir='ltr' id='par_1_8' title="bbox 350 732 1639 793">
     <span class='ocr_line' id='line_1_8' title="bbox 350 732 1639 793; baseline -0.002 -15"><span class='ocrx_word' id='word_1_42' title='bbox 350 740 552 786; x_wconf 59' lang='lat' dir='ltr'>„60c63m</span> <span class='ocrx_word' id='word_1_43' title='bbox 591 733 787 793; x_wconf 72' lang='grc' dir='ltr'><em>γυμνήνς</em></span> <span class='ocrx_word' id='word_1_44' title='bbox 832 734 922 791; x_wconf 79' lang='grc' dir='ltr'><em>ἅμα</em></span> <span class='ocrx_word' id='word_1_45' title='bbox 969 734 1014 779; x_wconf 80' lang='grc' dir='ltr'>δὲ</span> <span class='ocrx_word' id='word_1_46' title='bbox 1055 738 1213 779; x_wconf 79' lang='grc' dir='ltr'><em>κιθῶνι</em></span> <span class='ocrx_word' id='word_1_47' title='bbox 1252 732 1500 790; x_wconf 79' lang='grc' dir='ltr'><em>ἐκδυομένῳ</em></span> <span class='ocrx_word' id='word_1_48' title='bbox 1540 744 1639 776; x_wconf 86' lang='grc' dir='ltr'><em>συν-</em></span> 
     </span>
    </p>
   </div>
   <div class='ocr_carea' id='block_1_9' title="bbox 306 846 575 852">
    <p class='ocr_par' dir='ltr' id='par_1_9' title="bbox 306 846 575 852">
     <span class='ocr_line' id='line_1_9' title="bbox 306 846 575 852; baseline 0 0"><span class='ocrx_word' id='word_1_49' title='bbox 306 846 575 852; x_wconf 95' lang='lat' dir='ltr'> </span> 
     </span>
    </p>
   </div>
   <div class='ocr_carea' id='block_1_10' title="bbox 300 908 965 2934">
    <p class='ocr_par' dir='ltr' id='par_1_10' title="bbox 300 908 965 2245">
     <span class='ocr_line' id='line_1_10' title="bbox 306 908 961 958; baseline 0.002 -14"><span class='ocrx_word' id='word_1_50' title='bbox 306 908 393 957; x_wconf 84' lang='lat' dir='ltr'>gula</span> <span class='ocrx_word' id='word_1_51' title='bbox 428 909 542 948; x_wconf 90' lang='lat' dir='ltr'>simile</span> <span class='ocrx_word' id='word_1_52' title='bbox 568 909 656 958; x_wconf 91' lang='lat' dir='ltr'>quid</span> <span class='ocrx_word' id='word_1_53' title='bbox 686 912 894 946; x_wconf 88' lang='lat' dir='ltr'>narrantem</span> <span class='ocrx_word' id='word_1_54' title='bbox 922 909 961 945; x_wconf 87' lang='lat' dir='ltr'>in</span> 
     </span>
     <span class='ocr_line' id='line_1_11' title="bbox 305 962 960 1017; baseline 0.002 -15"><span class='ocrx_word' id='word_1_55' title='bbox 305 965 382 1002; x_wconf 90' lang='lat' dir='ltr'>eius</span> <span class='ocrx_word' id='word_1_56' title='bbox 401 964 487 1004; x_wconf 82' lang='lat' dir='ltr'>Vita</span> <span class='ocrx_word' id='word_1_57' title='bbox 510 979 538 1004; x_wconf 91' lang='lat' dir='ltr'>c.</span> <span class='ocrx_word' id='word_1_58' title='bbox 566 966 631 1006; x_wconf 84' lang='lat'>25.</span> <span class='ocrx_word' id='word_1_59' title='bbox 663 964 843 1002; x_wconf 86' lang='lat' dir='ltr'>Particula</span> <span class='ocrx_word' id='word_1_60' title='bbox 870 962 960 1017; x_wconf 66' lang='grc' dir='ltr'><em>γάρ,</em></span> 
     </span>
     <span class='ocr_line' id='line_1_12' title="bbox 304 1022 962 1069; baseline 0 -12"><span class='ocrx_word' id='word_1_61' title='bbox 304 1033 401 1069; x_wconf 86' lang='lat' dir='ltr'>quae</span> <span class='ocrx_word' id='word_1_62' title='bbox 439 1022 638 1059; x_wconf 87' lang='lat' dir='ltr'>orationem</span> <span class='ocrx_word' id='word_1_63' title='bbox 681 1022 884 1069; x_wconf 80' lang='lat' dir='ltr'>exorditur,</span> <span class='ocrx_word' id='word_1_64' title='bbox 922 1025 962 1058; x_wconf 92' lang='lat' dir='ltr'>ut</span> 
     </span>
     <span class='ocr_line' id='line_1_13' title="bbox 303 1071 965 1125; baseline 0.005 -12"><span class='ocrx_word' id='word_1_65' title='bbox 303 1078 398 1114; x_wconf 86' lang='lat' dir='ltr'>infra</span> <span class='ocrx_word' id='word_1_66' title='bbox 427 1077 465 1125; x_wconf 95' lang='lat' dir='ltr'>I,</span> <span class='ocrx_word' id='word_1_67' title='bbox 504 1080 583 1120; x_wconf 90' lang='lat'>121</span> <span class='ocrx_word' id='word_1_68' title='bbox 617 1082 654 1115; x_wconf 88' lang='lat' dir='ltr'>et</span> <span class='ocrx_word' id='word_1_69' title='bbox 685 1078 785 1119; x_wconf 78' lang='lat'>124:</span> <span class='ocrx_word' id='word_1_70' title='bbox 828 1071 859 1116; x_wconf 73' lang='grc' dir='ltr'><em>ὦ</em></span> <span class='ocrx_word' id='word_1_71' title='bbox 886 1080 965 1116; x_wconf 86' lang='grc' dir='ltr'>παῖ</span> 
     </span>
     <span class='ocr_line' id='line_1_14' title="bbox 305 1129 956 1186; baseline 0 -14"><span class='ocrx_word' id='word_1_72' title='bbox 305 1129 554 1185; x_wconf 73' lang='grc' dir='ltr'><em>Καμβύσεω,</em></span> <span class='ocrx_word' id='word_1_73' title='bbox 582 1131 624 1172; x_wconf 80' lang='grc' dir='ltr'>σὲ</span> <span class='ocrx_word' id='word_1_74' title='bbox 648 1131 743 1186; x_wconf 78' lang='grc' dir='ltr'>γὰρ</span> <span class='ocrx_word' id='word_1_75' title='bbox 773 1138 841 1172; x_wconf 87' lang='lat' dir='ltr'>etc.</span> <span class='ocrx_word' id='word_1_76' title='bbox 874 1134 956 1172; x_wconf 90' lang='lat' dir='ltr'>coll.</span> 
     </span>
     <span class='ocr_line' id='line_1_15' title="bbox 303 1189 959 1242; baseline 0.002 -16"><span class='ocrx_word' id='word_1_77' title='bbox 303 1189 376 1237; x_wconf 84' lang='lat' dir='ltr'>Vl,</span> <span class='ocrx_word' id='word_1_78' title='bbox 429 1193 502 1238; x_wconf 82' lang='lat'>11,</span> <span class='ocrx_word' id='word_1_79' title='bbox 554 1191 699 1228; x_wconf 90' lang='lat' dir='ltr'>minime</span> <span class='ocrx_word' id='word_1_80' title='bbox 747 1191 959 1242; x_wconf 86' lang='lat' dir='ltr'>explicanda</span> 
     </span>
     <span class='ocr_line' id='line_1_16' title="bbox 303 1246 957 1296; baseline -0.002 -13"><span class='ocrx_word' id='word_1_81' title='bbox 303 1250 413 1292; x_wconf 82' lang='lat' dir='ltr'>certe,</span> <span class='ocrx_word' id='word_1_82' title='bbox 442 1251 483 1283; x_wconf 90' lang='lat' dir='ltr'>ut</span> <span class='ocrx_word' id='word_1_83' title='bbox 506 1246 619 1284; x_wconf 81' lang='lat' dir='ltr'>voluit</span> <span class='ocrx_word' id='word_1_84' title='bbox 645 1247 957 1296; x_wconf 67' lang='lat' dir='ltr'>W&#39;yttenbachius,</span> 
     </span>
     <span class='ocr_line' id='line_1_17' title="bbox 304 1302 956 1353; baseline 0 -14"><span class='ocrx_word' id='word_1_85' title='bbox 304 1304 372 1341; x_wconf 91' lang='lat' dir='ltr'>sed</span> <span class='ocrx_word' id='word_1_86' title='bbox 401 1302 474 1350; x_wconf 85' lang='lat' dir='ltr'>ita,</span> <span class='ocrx_word' id='word_1_87' title='bbox 503 1307 543 1340; x_wconf 91' lang='lat' dir='ltr'>ut</span> <span class='ocrx_word' id='word_1_88' title='bbox 568 1303 709 1341; x_wconf 87' lang='lat' dir='ltr'>ratione</span> <span class='ocrx_word' id='word_1_89' title='bbox 738 1303 862 1341; x_wconf 86' lang='lat' dir='ltr'>habita</span> <span class='ocrx_word' id='word_1_90' title='bbox 881 1303 956 1353; x_wconf 90' lang='lat' dir='ltr'>pri-</span> 
     </span>
     <span class='ocr_line' id='line_1_18' title="bbox 302 1359 957 1410; baseline 0 -15"><span class='ocrx_word' id='word_1_91' title='bbox 302 1360 448 1396; x_wconf 89' lang='lat' dir='ltr'>mitivae</span> <span class='ocrx_word' id='word_1_92' title='bbox 476 1359 580 1396; x_wconf 92' lang='lat' dir='ltr'>huius</span> <span class='ocrx_word' id='word_1_93' title='bbox 610 1359 806 1410; x_wconf 84' lang='lat' dir='ltr'>particulae</span> <span class='ocrx_word' id='word_1_94' title='bbox 838 1360 957 1396; x_wconf 87' lang='lat' dir='ltr'>notio-</span> 
     </span>
     <span class='ocr_line' id='line_1_19' title="bbox 303 1416 957 1466; baseline 0 -13"><span class='ocrx_word' id='word_1_95' title='bbox 303 1417 383 1462; x_wconf 85' lang='lat' dir='ltr'>nis,</span> <span class='ocrx_word' id='word_1_96' title='bbox 414 1420 478 1452; x_wconf 87' lang='lat' dir='ltr'>aut</span> <span class='ocrx_word' id='word_1_97' title='bbox 509 1416 645 1453; x_wconf 87' lang='lat' dir='ltr'>omissa</span> <span class='ocrx_word' id='word_1_98' title='bbox 671 1429 753 1454; x_wconf 90' lang='lat' dir='ltr'>esse</span> <span class='ocrx_word' id='word_1_99' title='bbox 776 1417 957 1466; x_wconf 80' lang='lat' dir='ltr'>quaedam</span> 
     </span>
     <span class='ocr_line' id='line_1_20' title="bbox 301 1472 957 1510; baseline 0 -1"><span class='ocrx_word' id='word_1_100' title='bbox 301 1473 413 1510; x_wconf 86' lang='lat' dir='ltr'>verba</span> <span class='ocrx_word' id='word_1_101' title='bbox 441 1485 561 1509; x_wconf 90' lang='lat' dir='ltr'>sumas</span> <span class='ocrx_word' id='word_1_102' title='bbox 601 1472 707 1510; x_wconf 83' lang='lat' dir='ltr'>facile</span> <span class='ocrx_word' id='word_1_103' title='bbox 736 1486 757 1510; x_wconf 91' lang='lat' dir='ltr'>e</span> <span class='ocrx_word' id='word_1_104' title='bbox 789 1477 957 1510; x_wconf 84' lang='lat' dir='ltr'>contextu</span> 
     </span>
     <span class='ocr_line' id='line_1_21' title="bbox 302 1528 957 1578; baseline 0 -13"><span class='ocrx_word' id='word_1_105' title='bbox 302 1528 531 1578; x_wconf 89' lang='lat' dir='ltr'>supplenda,</span> <span class='ocrx_word' id='word_1_106' title='bbox 561 1529 690 1578; x_wconf 88' lang='lat' dir='ltr'>quibus</span> <span class='ocrx_word' id='word_1_107' title='bbox 718 1529 957 1578; x_wconf 84' lang='lat' dir='ltr'>subiungatur</span> 
     </span>
     <span class='ocr_line' id='line_1_22' title="bbox 302 1582 956 1638; baseline -0.005 -14"><span class='ocrx_word' id='word_1_108' title='bbox 302 1582 377 1638; x_wconf 68' lang='grc' dir='ltr'>γάρ</span> <span class='ocrx_word' id='word_1_109' title='bbox 398 1597 544 1622; x_wconf 85' lang='lat' dir='ltr'>causam</span> <span class='ocrx_word' id='word_1_110' title='bbox 563 1586 744 1632; x_wconf 81' lang='lat' dir='ltr'>reddens3</span> <span class='ocrx_word' id='word_1_111' title='bbox 762 1589 835 1633; x_wconf 87' lang='lat' dir='ltr'>aut,</span> <span class='ocrx_word' id='word_1_112' title='bbox 856 1586 956 1634; x_wconf 93' lang='lat' dir='ltr'>quod</span> 
     </span>
     <span class='ocr_line' id='line_1_23' title="bbox 303 1638 956 1694; baseline -0.003 -15"><span class='ocrx_word' id='word_1_113' title='bbox 303 1641 444 1689; x_wconf 84' lang='lat' dir='ltr'>malim,</span> <span class='ocrx_word' id='word_1_114' title='bbox 472 1642 648 1692; x_wconf 88' lang='lat' dir='ltr'>particula</span> <span class='ocrx_word' id='word_1_115' title='bbox 673 1638 748 1694; x_wconf 65' lang='grc' dir='ltr'>γάρ</span> <span class='ocrx_word' id='word_1_116' title='bbox 780 1643 956 1679; x_wconf 88' lang='lat' dir='ltr'>referatur</span> 
     </span>
     <span class='ocr_line' id='line_1_24' title="bbox 302 1698 957 1748; baseline -0.003 -13"><span class='ocrx_word' id='word_1_117' title='bbox 302 1700 351 1735; x_wconf 92' lang='lat' dir='ltr'>ad</span> <span class='ocrx_word' id='word_1_118' title='bbox 388 1698 674 1736; x_wconf 82' lang='lat' dir='ltr'>enuntiationem</span> <span class='ocrx_word' id='word_1_119' title='bbox 712 1698 957 1748; x_wconf 79' lang='lat' dir='ltr'>postpositam</span> 
     </span>
     <span class='ocr_line' id='line_1_25' title="bbox 301 1755 954 1804; baseline -0.002 -13"><span class='ocrx_word' id='word_1_120' title='bbox 301 1766 397 1804; x_wconf 90' lang='lat' dir='ltr'>quae</span> <span class='ocrx_word' id='word_1_121' title='bbox 414 1755 562 1804; x_wconf 90' lang='lat' dir='ltr'>proprie</span> <span class='ocrx_word' id='word_1_122' title='bbox 583 1767 685 1802; x_wconf 87' lang='lat' dir='ltr'>eam,</span> <span class='ocrx_word' id='word_1_123' title='bbox 714 1755 751 1791; x_wconf 90' lang='lat' dir='ltr'>in</span> <span class='ocrx_word' id='word_1_124' title='bbox 776 1767 850 1804; x_wconf 86' lang='lat' dir='ltr'>qua</span> <span class='ocrx_word' id='word_1_125' title='bbox 868 1766 954 1804; x_wconf 84' lang='lat' dir='ltr'>par-</span> 
     </span>
     <span class='ocr_line' id='line_1_26' title="bbox 302 1807 957 1863; baseline 0 -15"><span class='ocrx_word' id='word_1_126' title='bbox 302 1810 410 1848; x_wconf 83' lang='lat' dir='ltr'>ticula</span> <span class='ocrx_word' id='word_1_127' title='bbox 446 1807 521 1863; x_wconf 73' lang='grc' dir='ltr'>γὰρ</span> <span class='ocrx_word' id='word_1_128' title='bbox 549 1816 688 1859; x_wconf 84' lang='lat' dir='ltr'>exstat,</span> <span class='ocrx_word' id='word_1_129' title='bbox 739 1811 957 1848; x_wconf 84' lang='lat' dir='ltr'>antecedere</span> 
     </span>
     <span class='ocr_line' id='line_1_27' title="bbox 302 1867 956 1914; baseline -0.002 -10"><span class='ocrx_word' id='word_1_130' title='bbox 302 1867 482 1914; x_wconf 83' lang='lat' dir='ltr'>debebat,</span> <span class='ocrx_word' id='word_1_131' title='bbox 531 1868 667 1904; x_wconf 89' lang='lat' dir='ltr'>causali</span> <span class='ocrx_word' id='word_1_132' title='bbox 703 1868 885 1905; x_wconf 88' lang='lat' dir='ltr'>sententia</span> <span class='ocrx_word' id='word_1_133' title='bbox 916 1870 956 1903; x_wconf 84' lang='lat' dir='ltr'>ut</span> 
     </span>
     <span class='ocr_line' id='line_1_28' title="bbox 305 1923 955 1974; baseline 0 -15"><span class='ocrx_word' id='word_1_134' title='bbox 305 1923 476 1974; x_wconf 82' lang='lat' dir='ltr'>primaria</span> <span class='ocrx_word' id='word_1_135' title='bbox 503 1925 718 1974; x_wconf 89' lang='lat' dir='ltr'>praemissa.</span> <span class='ocrx_word' id='word_1_136' title='bbox 751 1924 810 1962; x_wconf 89' lang='lat' dir='ltr'>Cf.</span> <span class='ocrx_word' id='word_1_137' title='bbox 845 1925 893 1960; x_wconf 90' lang='lat' dir='ltr'>ad</span> <span class='ocrx_word' id='word_1_138' title='bbox 925 1923 955 1970; x_wconf 87' lang='lat' dir='ltr'>I,</span> 
     </span>
     <span class='ocr_line' id='line_1_29' title="bbox 303 1979 956 2028; baseline 0 -12"><span class='ocrx_word' id='word_1_139' title='bbox 303 1979 371 2021; x_wconf 77' lang='lat'>24.</span> <span class='ocrx_word' id='word_1_140' title='bbox 427 1980 483 2016; x_wconf 85' lang='lat' dir='ltr'>lta</span> <span class='ocrx_word' id='word_1_141' title='bbox 509 1980 578 2017; x_wconf 89' lang='lat' dir='ltr'>hoc</span> <span class='ocrx_word' id='word_1_142' title='bbox 597 1980 676 2017; x_wconf 92' lang='lat' dir='ltr'>loco</span> <span class='ocrx_word' id='word_1_143' title='bbox 696 1981 816 2028; x_wconf 83' lang='lat' dir='ltr'>fingas</span> <span class='ocrx_word' id='word_1_144' title='bbox 833 1980 956 2017; x_wconf 89' lang='lat' dir='ltr'>Hero-</span> 
     </span>
     <span class='ocr_line' id='line_1_30' title="bbox 302 2036 953 2075; baseline -0.002 -2"><span class='ocrx_word' id='word_1_145' title='bbox 302 2037 429 2073; x_wconf 91' lang='lat' dir='ltr'>dotum</span> <span class='ocrx_word' id='word_1_146' title='bbox 469 2036 520 2073; x_wconf 85' lang='lat' dir='ltr'>ita</span> <span class='ocrx_word' id='word_1_147' title='bbox 564 2037 722 2075; x_wconf 90' lang='lat' dir='ltr'>scribere</span> <span class='ocrx_word' id='word_1_148' title='bbox 755 2037 793 2073; x_wconf 90' lang='lat' dir='ltr'>in</span> <span class='ocrx_word' id='word_1_149' title='bbox 831 2036 953 2074; x_wconf 86' lang='lat' dir='ltr'>animo</span> 
     </span>
     <span class='ocr_line' id='line_1_31' title="bbox 300 2088 954 2143; baseline 0.003 -14"><span class='ocrx_word' id='word_1_150' title='bbox 300 2092 489 2130; x_wconf 85' lang='lat' dir='ltr'>habuisse:</span> <span class='ocrx_word' id='word_1_151' title='bbox 528 2093 664 2141; x_wconf 86' lang='grc' dir='ltr'><em>ποίεε,</em></span> <span class='ocrx_word' id='word_1_152' title='bbox 703 2088 954 2143; x_wconf 80' lang='grc' dir='ltr'><em>ὅκως-θεή-</em></span> 
     </span>
     <span class='ocr_line' id='line_1_32' title="bbox 303 2145 954 2218; baseline 0.003 -31"><span class='ocrx_word' id='word_1_153' title='bbox 303 2160 388 2218; x_wconf 71' lang='grc' dir='ltr'><em>σεαι</em></span> <span class='ocrx_word' id='word_1_154' title='bbox 412 2145 595 2202; x_wconf 83' lang='grc' dir='ltr'><em>γυμνήν·</em></span> <span class='ocrx_word' id='word_1_155' title='bbox 626 2145 676 2190; x_wconf 82' lang='grc' dir='ltr'>ου’</span> <span class='ocrx_word' id='word_1_156' title='bbox 705 2145 763 2203; x_wconf 74' lang='grc' dir='ltr'>γά</span> <span class='ocrx_word' id='word_1_157' title='bbox 780 2165 801 2202; x_wconf 81' lang='grc' dir='ltr'><strong><em>ρ</em></strong></span> <span class='ocrx_word' id='word_1_158' title='bbox 823 2161 865 2189; x_wconf 87' lang='grc' dir='ltr'>σε</span> <span class='ocrx_word' id='word_1_159' title='bbox 890 2150 954 2189; x_wconf 84' lang='grc' dir='ltr'>δο-</span> 
     </span>
     <span class='ocr_line' id='line_1_33' title="bbox 301 2220 391 2245; baseline -0.033 0"><span class='ocrx_word' id='word_1_160' title='bbox 301 2220 391 2245; x_wconf 83' lang='grc' dir='ltr'>κεω.</span> 
     </span>
    </p>

    <p class='ocr_par' dir='ltr' id='par_1_11' title="bbox 301 2256 956 2934">
     <span class='ocr_line' id='line_1_34' title="bbox 359 2256 950 2316; baseline -0.002 -14"><span class='ocrx_word' id='word_1_161' title='bbox 359 2256 440 2302; x_wconf 67' lang='grc' dir='ltr'>ὦτα</span> <span class='ocrx_word' id='word_1_162' title='bbox 489 2260 564 2316; x_wconf 67' lang='lat' dir='ltr'>yolo</span> <span class='ocrx_word' id='word_1_163' title='bbox 614 2285 671 2292; x_wconf 93' lang='lat'>—</span> <span class='ocrx_word' id='word_1_164' title='bbox 707 2260 950 2314; x_wconf 77' lang='grc' dir='ltr'><em>ὀφθαλμῶν]</em></span> 
     </span>
     <span class='ocr_line' id='line_1_35' title="bbox 301 2318 952 2358; baseline 0.002 -3"><span class='ocrx_word' id='word_1_165' title='bbox 301 2318 451 2356; x_wconf 86' lang='lat' dir='ltr'>Plurimi</span> <span class='ocrx_word' id='word_1_166' title='bbox 476 2319 586 2358; x_wconf 91' lang='lat' dir='ltr'>hocce</span> <span class='ocrx_word' id='word_1_167' title='bbox 604 2321 785 2358; x_wconf 84' lang='lat' dir='ltr'>Herodoti</span> <span class='ocrx_word' id='word_1_168' title='bbox 818 2321 952 2357; x_wconf 88' lang='lat' dir='ltr'>dictum</span> 
     </span>
     <span class='ocr_line' id='line_1_36' title="bbox 302 2376 953 2427; baseline 0.002 -17"><span class='ocrx_word' id='word_1_169' title='bbox 302 2376 522 2425; x_wconf 90' lang='lat' dir='ltr'>repetierunt</span> <span class='ocrx_word' id='word_1_170' title='bbox 585 2382 758 2427; x_wconf 84' lang='lat' dir='ltr'>posterae</span> <span class='ocrx_word' id='word_1_171' title='bbox 825 2377 953 2414; x_wconf 87' lang='lat' dir='ltr'>aetatis</span> 
     </span>
     <span class='ocr_line' id='line_1_37' title="bbox 301 2432 954 2482; baseline 0.002 -15"><span class='ocrx_word' id='word_1_172' title='bbox 301 2432 516 2482; x_wconf 88' lang='lat' dir='ltr'>scriptores,</span> <span class='ocrx_word' id='word_1_173' title='bbox 546 2433 729 2472; x_wconf 87' lang='lat' dir='ltr'>indicante</span> <span class='ocrx_word' id='word_1_174' title='bbox 751 2432 954 2471; x_wconf 82' lang='lat' dir='ltr'>wesselin-</span> 
     </span>
     <span class='ocr_line' id='line_1_38' title="bbox 302 2488 954 2539; baseline 0.003 -16"><span class='ocrx_word' id='word_1_175' title='bbox 302 2488 363 2535; x_wconf 81' lang='lat' dir='ltr'>gio</span> <span class='ocrx_word' id='word_1_176' title='bbox 386 2489 435 2524; x_wconf 85' lang='lat' dir='ltr'>ad</span> <span class='ocrx_word' id='word_1_177' title='bbox 464 2489 499 2525; x_wconf 89' lang='lat' dir='ltr'>h.</span> <span class='ocrx_word' id='word_1_178' title='bbox 521 2488 543 2525; x_wconf 89' lang='lat' dir='ltr'>l.</span> <span class='ocrx_word' id='word_1_179' title='bbox 574 2493 611 2526; x_wconf 90' lang='lat' dir='ltr'>et</span> <span class='ocrx_word' id='word_1_180' title='bbox 633 2490 769 2539; x_wconf 88' lang='lat' dir='ltr'>Upton.</span> <span class='ocrx_word' id='word_1_181' title='bbox 790 2490 839 2527; x_wconf 87' lang='lat' dir='ltr'>ad</span> <span class='ocrx_word' id='word_1_182' title='bbox 862 2489 954 2526; x_wconf 90' lang='lat' dir='ltr'>Dio-</span> 
     </span>
     <span class='ocr_line' id='line_1_39' title="bbox 303 2544 952 2594; baseline 0.003 -15"><span class='ocrx_word' id='word_1_183' title='bbox 303 2556 381 2591; x_wconf 88' lang='lat' dir='ltr'>nys.</span> <span class='ocrx_word' id='word_1_184' title='bbox 410 2544 528 2580; x_wconf 92' lang='lat' dir='ltr'>Halic.</span> <span class='ocrx_word' id='word_1_185' title='bbox 566 2558 603 2594; x_wconf 90' lang='lat' dir='ltr'>p.</span> <span class='ocrx_word' id='word_1_186' title='bbox 636 2545 693 2586; x_wconf 81' lang='lat'>42</span> <span class='ocrx_word' id='word_1_187' title='bbox 718 2547 776 2584; x_wconf 82' lang='lat' dir='ltr'>ed.</span> <span class='ocrx_word' id='word_1_188' title='bbox 807 2545 952 2582; x_wconf 89' lang='lat' dir='ltr'>Schaef.</span> 
     </span>
     <span class='ocr_line' id='line_1_40' title="bbox 304 2600 956 2650; baseline 0.003 -15"><span class='ocrx_word' id='word_1_189' title='bbox 304 2600 446 2642; x_wconf 86' lang='lat' dir='ltr'>Quibus</span> <span class='ocrx_word' id='word_1_190' title='bbox 466 2600 535 2636; x_wconf 88' lang='lat' dir='ltr'>alia</span> <span class='ocrx_word' id='word_1_191' title='bbox 553 2613 670 2650; x_wconf 90' lang='lat' dir='ltr'>nuper</span> <span class='ocrx_word' id='word_1_192' title='bbox 688 2602 829 2638; x_wconf 88' lang='lat' dir='ltr'>addidit</span> <span class='ocrx_word' id='word_1_193' title='bbox 847 2602 890 2637; x_wconf 88' lang='lat' dir='ltr'>C.</span> <span class='ocrx_word' id='word_1_194' title='bbox 910 2600 956 2637; x_wconf 90' lang='lat' dir='ltr'>F.</span> 
     </span>
     <span class='ocr_line' id='line_1_41' title="bbox 301 2656 956 2699; baseline -0.002 -6"><span class='ocrx_word' id='word_1_195' title='bbox 301 2656 502 2694; x_wconf 88' lang='lat' dir='ltr'>Hermann.</span> <span class='ocrx_word' id='word_1_196' title='bbox 549 2657 597 2694; x_wconf 87' lang='lat' dir='ltr'>ad</span> <span class='ocrx_word' id='word_1_197' title='bbox 641 2656 792 2695; x_wconf 90' lang='lat' dir='ltr'>Lucian.</span> <span class='ocrx_word' id='word_1_198' title='bbox 851 2657 956 2699; x_wconf 88' lang='lat' dir='ltr'>Quo-</span> 
     </span>
     <span class='ocr_line' id='line_1_42' title="bbox 302 2712 952 2764; baseline -0.003 -13"><span class='ocrx_word' id='word_1_199' title='bbox 302 2713 400 2751; x_wconf 92' lang='lat' dir='ltr'>mod.</span> <span class='ocrx_word' id='word_1_200' title='bbox 423 2712 507 2750; x_wconf 91' lang='lat' dir='ltr'>hist.</span> <span class='ocrx_word' id='word_1_201' title='bbox 529 2726 666 2750; x_wconf 89' lang='lat' dir='ltr'>conscr.</span> <span class='ocrx_word' id='word_1_202' title='bbox 685 2727 721 2764; x_wconf 92' lang='lat' dir='ltr'>p.</span> <span class='ocrx_word' id='word_1_203' title='bbox 744 2715 837 2754; x_wconf 85' lang='grc'><strong>183.</strong></span> <span class='ocrx_word' id='word_1_204' title='bbox 858 2712 952 2753; x_wconf 86' lang='grc'><strong>184.</strong></span> 
     </span>
     <span class='ocr_line' id='line_1_43' title="bbox 301 2769 951 2820; baseline 0 -14"><span class='ocrx_word' id='word_1_205' title='bbox 301 2769 398 2820; x_wconf 88' lang='lat' dir='ltr'>Apte</span> <span class='ocrx_word' id='word_1_206' title='bbox 416 2769 637 2820; x_wconf 89' lang='lat' dir='ltr'>Sophoclem</span> <span class='ocrx_word' id='word_1_207' title='bbox 653 2770 723 2807; x_wconf 90' lang='lat' dir='ltr'>huc</span> <span class='ocrx_word' id='word_1_208' title='bbox 744 2771 856 2807; x_wconf 86' lang='lat' dir='ltr'>resert</span> <span class='ocrx_word' id='word_1_209' title='bbox 884 2770 914 2806; x_wconf 91' lang='lat' dir='ltr'><em>C</em></span> <span class='ocrx_word' id='word_1_210' title='bbox 922 2783 951 2806; x_wconf 85' lang='lat' dir='ltr'>r.</span> 
     </span>
     <span class='ocr_line' id='line_1_44' title="bbox 302 2825 952 2874; baseline 0.003 -11"><span class='ocrx_word' id='word_1_211' title='bbox 302 2827 339 2863; x_wconf 91' lang='lat' dir='ltr'>in</span> <span class='ocrx_word' id='word_1_212' title='bbox 365 2829 492 2874; x_wconf 81' lang='lat' dir='ltr'>fragm.</span> <span class='ocrx_word' id='word_1_213' title='bbox 521 2825 595 2864; x_wconf 90' lang='lat' dir='ltr'>No.</span> <span class='ocrx_word' id='word_1_214' title='bbox 624 2828 678 2867; x_wconf 91' lang='lat'>77</span> <span class='ocrx_word' id='word_1_215' title='bbox 710 2826 770 2864; x_wconf 83' lang='lat' dir='ltr'>ed.</span> <span class='ocrx_word' id='word_1_216' title='bbox 791 2827 952 2865; x_wconf 79' lang='lat' dir='ltr'>Brlmck.</span> 
     </span>
     <span class='ocr_line' id='line_1_45' title="bbox 303 2882 948 2934; baseline -0.002 -13"><span class='ocrx_word' id='word_1_217' title='bbox 303 2888 341 2921; x_wconf 89' lang='lat' dir='ltr'>et</span> <span class='ocrx_word' id='word_1_218' title='bbox 360 2884 490 2922; x_wconf 85' lang='lat' dir='ltr'>Senec.</span> <span class='ocrx_word' id='word_1_219' title='bbox 522 2882 639 2934; x_wconf 86' lang='lat' dir='ltr'>Epist.</span> <span class='ocrx_word' id='word_1_220' title='bbox 663 2882 712 2919; x_wconf 86' lang='lat' dir='ltr'>Vl</span> <span class='ocrx_word' id='word_1_221' title='bbox 740 2897 776 2934; x_wconf 84' lang='lat' dir='ltr'>p.</span> <span class='ocrx_word' id='word_1_222' title='bbox 811 2885 862 2923; x_wconf 89' lang='lat'>17</span> <span class='ocrx_word' id='word_1_223' title='bbox 891 2884 948 2922; x_wconf 88' lang='lat' dir='ltr'>ed.</span> 
     </span>
    </p>
   </div>
   <div class='ocr_carea' id='block_1_11' title="bbox 1019 906 1679 2874">
    <p class='ocr_par' dir='ltr' id='par_1_12' title="bbox 1022 906 1679 1183">
     <span class='ocr_line' id='line_1_46' title="bbox 1024 906 1679 956; baseline -0.003 -12"><span class='ocrx_word' id='word_1_224' title='bbox 1024 907 1182 946; x_wconf 81' lang='lat' dir='ltr'>Matth.:</span> <span class='ocrx_word' id='word_1_225' title='bbox 1209 928 1266 935; x_wconf 80' lang='lat'>—-</span> <span class='ocrx_word' id='word_1_226' title='bbox 1295 907 1494 954; x_wconf 86' lang='lat' dir='ltr'>„homines</span> <span class='ocrx_word' id='word_1_227' title='bbox 1524 906 1679 956; x_wconf 86' lang='lat' dir='ltr'>amplius</span> 
     </span>
     <span class='ocr_line' id='line_1_47' title="bbox 1024 964 1679 1013; baseline -0.003 -12"><span class='ocrx_word' id='word_1_228' title='bbox 1024 964 1158 1011; x_wconf 82' lang='lat' dir='ltr'>oculis,</span> <span class='ocrx_word' id='word_1_229' title='bbox 1189 976 1297 1013; x_wconf 90' lang='lat' dir='ltr'>quam</span> <span class='ocrx_word' id='word_1_230' title='bbox 1326 965 1472 1001; x_wconf 88' lang='lat' dir='ltr'>auribus</span> <span class='ocrx_word' id='word_1_231' title='bbox 1492 964 1679 1001; x_wconf 88' lang='lat' dir='ltr'>credunt.“</span> 
     </span>
     <span class='ocr_line' id='line_1_48' title="bbox 1022 1021 1677 1069; baseline -0.005 -11"><span class='ocrx_word' id='word_1_232' title='bbox 1022 1021 1065 1058; x_wconf 88' lang='lat' dir='ltr'>In</span> <span class='ocrx_word' id='word_1_233' title='bbox 1096 1033 1200 1069; x_wconf 83' lang='lat' dir='ltr'>seqq.</span> <span class='ocrx_word' id='word_1_234' title='bbox 1231 1021 1279 1056; x_wconf 89' lang='lat' dir='ltr'>de</span> <span class='ocrx_word' id='word_1_235' title='bbox 1317 1033 1387 1057; x_wconf 91' lang='lat' dir='ltr'>usu</span> <span class='ocrx_word' id='word_1_236' title='bbox 1425 1034 1468 1057; x_wconf 90' lang='lat' dir='ltr'>ac</span> <span class='ocrx_word' id='word_1_237' title='bbox 1498 1023 1677 1056; x_wconf 85' lang='lat' dir='ltr'>structura</span> 
     </span>
     <span class='ocr_line' id='line_1_49' title="bbox 1022 1072 1673 1127; baseline -0.002 -13"><span class='ocrx_word' id='word_1_238' title='bbox 1022 1077 1219 1127; x_wconf 87' lang='lat' dir='ltr'>particulae</span> <span class='ocrx_word' id='word_1_239' title='bbox 1243 1072 1344 1122; x_wconf 63' lang='grc' dir='ltr'>Γὁπως</span> <span class='ocrx_word' id='word_1_240' title='bbox 1375 1078 1420 1114; x_wconf 88' lang='lat' dir='ltr'>cf.</span> <span class='ocrx_word' id='word_1_241' title='bbox 1451 1076 1582 1112; x_wconf 76' lang='lat' dir='ltr'>Matth.</span> <span class='ocrx_word' id='word_1_242' title='bbox 1608 1076 1673 1113; x_wconf 92' lang='lat' dir='ltr'>Gr.</span> 
     </span>
     <span class='ocr_line' id='line_1_50' title="bbox 1024 1132 1674 1183; baseline 0.008 -15"><span class='ocrx_word' id='word_1_243' title='bbox 1024 1134 1089 1170; x_wconf 88' lang='lat' dir='ltr'>Gr.</span> <span class='ocrx_word' id='word_1_244' title='bbox 1112 1132 1150 1183; x_wconf 57' lang='grc' dir='ltr'>ᾗ.</span> <span class='ocrx_word' id='word_1_245' title='bbox 1177 1134 1257 1173; x_wconf 84' lang='grc'>531</span> <span class='ocrx_word' id='word_1_246' title='bbox 1289 1137 1366 1170; x_wconf 86' lang='lat' dir='ltr'>not.</span> <span class='ocrx_word' id='word_1_247' title='bbox 1386 1137 1413 1173; x_wconf 90' lang='lat'>2</span> <span class='ocrx_word' id='word_1_248' title='bbox 1436 1145 1523 1182; x_wconf 86' lang='lat' dir='ltr'>pag.</span> <span class='ocrx_word' id='word_1_249' title='bbox 1554 1133 1674 1172; x_wconf 86' lang='lat'>1037-</span> 
     </span>
    </p>

    <p class='ocr_par' dir='ltr' id='par_1_13' title="bbox 1023 1184 1677 1407">
     <span class='ocr_line' id='line_1_51' title="bbox 1082 1184 1677 1240; baseline -0.005 -13"><span class='ocrx_word' id='word_1_250' title='bbox 1082 1186 1174 1228; x_wconf 80' lang='grc' dir='ltr'>ὀδὲ</span> <span class='ocrx_word' id='word_1_251' title='bbox 1199 1187 1296 1240; x_wconf 84' lang='grc' dir='ltr'><em>μέγα</em></span> <span class='ocrx_word' id='word_1_252' title='bbox 1322 1184 1588 1240; x_wconf 69' lang='grc' dir='ltr'><em>ἀμβώσας]</em></span> <span class='ocrx_word' id='word_1_253' title='bbox 1616 1187 1677 1224; x_wconf 90' lang='lat' dir='ltr'>De</span> 
     </span>
     <span class='ocr_line' id='line_1_52' title="bbox 1023 1243 1677 1294; baseline -0.005 -12"><span class='ocrx_word' id='word_1_254' title='bbox 1023 1246 1161 1293; x_wconf 89' lang='lat' dir='ltr'>forma,</span> <span class='ocrx_word' id='word_1_255' title='bbox 1199 1258 1309 1294; x_wconf 91' lang='lat' dir='ltr'>quam</span> <span class='ocrx_word' id='word_1_256' title='bbox 1361 1245 1545 1283; x_wconf 88' lang='lat' dir='ltr'>Aeolicam</span> <span class='ocrx_word' id='word_1_257' title='bbox 1591 1243 1677 1280; x_wconf 89' lang='lat' dir='ltr'>dicit</span> 
     </span>
     <span class='ocr_line' id='line_1_53' title="bbox 1024 1299 1673 1352; baseline -0.002 -14"><span class='ocrx_word' id='word_1_258' title='bbox 1024 1302 1144 1339; x_wconf 92' lang='lat' dir='ltr'>Schol.</span> <span class='ocrx_word' id='word_1_259' title='bbox 1166 1302 1346 1351; x_wconf 81' lang='lat' dir='ltr'>Hermog.</span> <span class='ocrx_word' id='word_1_260' title='bbox 1378 1316 1416 1352; x_wconf 89' lang='lat' dir='ltr'>p.</span> <span class='ocrx_word' id='word_1_261' title='bbox 1437 1302 1518 1342; x_wconf 83' lang='lat'>407</span> <span class='ocrx_word' id='word_1_262' title='bbox 1550 1313 1573 1338; x_wconf 90' lang='lat' dir='ltr'>a</span> <span class='ocrx_word' id='word_1_263' title='bbox 1604 1299 1673 1338; x_wconf 83' lang='lat' dir='ltr'>Cr.</span> 
     </span>
     <span class='ocr_line' id='line_1_54' title="bbox 1023 1358 1476 1407; baseline 0.002 -12"><span class='ocrx_word' id='word_1_264' title='bbox 1023 1358 1216 1407; x_wconf 86' lang='lat' dir='ltr'>laudatus,</span> <span class='ocrx_word' id='word_1_265' title='bbox 1243 1359 1318 1396; x_wconf 83' lang='lat' dir='ltr'>vid.</span> <span class='ocrx_word' id='word_1_266' title='bbox 1347 1358 1376 1405; x_wconf 86' lang='grc' dir='ltr'>Ι,</span> <span class='ocrx_word' id='word_1_267' title='bbox 1410 1361 1476 1399; x_wconf 88' lang='grc'>10.</span> 
     </span>
    </p>

    <p class='ocr_par' dir='ltr' id='par_1_14' title="bbox 1021 1408 1676 2201">
     <span class='ocr_line' id='line_1_55' title="bbox 1078 1408 1676 1468; baseline -0.002 -15"><span class='ocrx_word' id='word_1_268' title='bbox 1078 1415 1169 1453; x_wconf 88' lang='grc' dir='ltr'><em>τίνα</em></span> <span class='ocrx_word' id='word_1_269' title='bbox 1225 1413 1349 1468; x_wconf 85' lang='grc' dir='ltr'><em>λέγεις</em></span> <span class='ocrx_word' id='word_1_270' title='bbox 1413 1409 1535 1466; x_wconf 83' lang='grc' dir='ltr'><em>λόγον</em></span> <span class='ocrx_word' id='word_1_271' title='bbox 1600 1408 1676 1453; x_wconf 78' lang='grc' dir='ltr'>οὐκ</span> 
     </span>
     <span class='ocr_line' id='line_1_56' title="bbox 1023 1468 1675 1524; baseline -0.005 -15"><span class='ocrx_word' id='word_1_272' title='bbox 1023 1468 1194 1524; x_wconf 70' lang='grc' dir='ltr'><em>ν’γιὲα]</em></span> <span class='ocrx_word' id='word_1_273' title='bbox 1237 1472 1261 1509; x_wconf 91' lang='lat' dir='ltr'>i.</span> <span class='ocrx_word' id='word_1_274' title='bbox 1296 1485 1330 1509; x_wconf 91' lang='lat' dir='ltr'>e.</span> <span class='ocrx_word' id='word_1_275' title='bbox 1365 1483 1462 1521; x_wconf 80' lang='lat' dir='ltr'>quem</span> <span class='ocrx_word' id='word_1_276' title='bbox 1491 1482 1675 1507; x_wconf 81' lang='lat' dir='ltr'>sermonem</span> 
     </span>
     <span class='ocr_line' id='line_1_57' title="bbox 1023 1527 1675 1579; baseline 0.002 -16"><span class='ocrx_word' id='word_1_277' title='bbox 1023 1530 1063 1564; x_wconf 79' lang='lat' dir='ltr'>tu</span> <span class='ocrx_word' id='word_1_278' title='bbox 1087 1528 1227 1579; x_wconf 82' lang='lat' dir='ltr'>profers</span> <span class='ocrx_word' id='word_1_279' title='bbox 1252 1531 1390 1565; x_wconf 77' lang='lat' dir='ltr'>minime</span> <span class='ocrx_word' id='word_1_280' title='bbox 1421 1540 1554 1564; x_wconf 81' lang='lat' dir='ltr'>sanum.</span> <span class='ocrx_word' id='word_1_281' title='bbox 1614 1527 1675 1564; x_wconf 88' lang='lat' dir='ltr'>Sic</span> 
     </span>
     <span class='ocr_line' id='line_1_58' title="bbox 1023 1581 1676 1636; baseline -0.005 -14"><span class='ocrx_word' id='word_1_282' title='bbox 1023 1581 1142 1636; x_wconf 65' lang='grc' dir='ltr'><em>’ὑγιὴς</em></span> <span class='ocrx_word' id='word_1_283' title='bbox 1165 1597 1277 1635; x_wconf 88' lang='lat' dir='ltr'>saepe</span> <span class='ocrx_word' id='word_1_284' title='bbox 1300 1585 1350 1621; x_wconf 87' lang='lat' dir='ltr'>ad</span> <span class='ocrx_word' id='word_1_285' title='bbox 1369 1585 1570 1621; x_wconf 90' lang='lat' dir='ltr'>orationem</span> <span class='ocrx_word' id='word_1_286' title='bbox 1590 1596 1676 1621; x_wconf 86' lang='lat' dir='ltr'>sen-</span> 
     </span>
     <span class='ocr_line' id='line_1_59' title="bbox 1023 1640 1674 1690; baseline -0.003 -12"><span class='ocrx_word' id='word_1_287' title='bbox 1023 1642 1228 1690; x_wconf 89' lang='lat' dir='ltr'>tentiasque</span> <span class='ocrx_word' id='word_1_288' title='bbox 1253 1642 1429 1688; x_wconf 85' lang='lat' dir='ltr'>refertur,</span> <span class='ocrx_word' id='word_1_289' title='bbox 1459 1653 1534 1678; x_wconf 90' lang='lat' dir='ltr'>non</span> <span class='ocrx_word' id='word_1_290' title='bbox 1557 1640 1674 1676; x_wconf 87' lang='lat' dir='ltr'>solum</span> 
     </span>
     <span class='ocr_line' id='line_1_60' title="bbox 1023 1696 1673 1747; baseline -0.002 -14"><span class='ocrx_word' id='word_1_291' title='bbox 1023 1698 1122 1747; x_wconf 89' lang='lat' dir='ltr'>apud</span> <span class='ocrx_word' id='word_1_292' title='bbox 1151 1701 1280 1747; x_wconf 90' lang='lat' dir='ltr'>poetas</span> <span class='ocrx_word' id='word_1_293' title='bbox 1311 1698 1364 1745; x_wconf 88' lang='lat' dir='ltr'>(v.</span> <span class='ocrx_word' id='word_1_294' title='bbox 1401 1710 1431 1734; x_wconf 96' lang='lat' dir='ltr'>c.</span> <span class='ocrx_word' id='word_1_295' title='bbox 1467 1696 1566 1747; x_wconf 91' lang='lat' dir='ltr'>apud</span> <span class='ocrx_word' id='word_1_296' title='bbox 1587 1696 1673 1733; x_wconf 91' lang='lat' dir='ltr'>Pin—</span> 
     </span>
     <span class='ocr_line' id='line_1_61' title="bbox 1023 1752 1672 1803; baseline 0 -13"><span class='ocrx_word' id='word_1_297' title='bbox 1023 1754 1172 1800; x_wconf 90' lang='lat' dir='ltr'>darum·‚</span> <span class='ocrx_word' id='word_1_298' title='bbox 1203 1754 1250 1791; x_wconf 89' lang='lat' dir='ltr'>de</span> <span class='ocrx_word' id='word_1_299' title='bbox 1278 1767 1351 1803; x_wconf 89' lang='lat' dir='ltr'>quo</span> <span class='ocrx_word' id='word_1_300' title='bbox 1382 1753 1448 1791; x_wconf 85' lang='lat' dir='ltr'>Cr.</span> <span class='ocrx_word' id='word_1_301' title='bbox 1477 1754 1563 1790; x_wconf 89' lang='lat' dir='ltr'>citat</span> <span class='ocrx_word' id='word_1_302' title='bbox 1592 1752 1672 1790; x_wconf 91' lang='lat' dir='ltr'>Ast.</span> 
     </span>
     <span class='ocr_line' id='line_1_62' title="bbox 1021 1808 1670 1860; baseline 0 -14"><span class='ocrx_word' id='word_1_303' title='bbox 1021 1810 1060 1846; x_wconf 91' lang='lat' dir='ltr'>in</span> <span class='ocrx_word' id='word_1_304' title='bbox 1079 1811 1300 1848; x_wconf 86' lang='lat' dir='ltr'>Commentt.</span> <span class='ocrx_word' id='word_1_305' title='bbox 1321 1811 1444 1848; x_wconf 84' lang='lat' dir='ltr'>societ.</span> <span class='ocrx_word' id='word_1_306' title='bbox 1467 1809 1553 1860; x_wconf 88' lang='lat' dir='ltr'>phil.</span> <span class='ocrx_word' id='word_1_307' title='bbox 1566 1808 1670 1859; x_wconf 77' lang='lat' dir='ltr'>LiPS.</span> 
     </span>
     <span class='ocr_line' id='line_1_63' title="bbox 1022 1866 1674 1917; baseline -0.011 -9"><span class='ocrx_word' id='word_1_308' title='bbox 1022 1866 1079 1914; x_wconf 85' lang='grc' dir='ltr'>Π,</span> <span class='ocrx_word' id='word_1_309' title='bbox 1104 1872 1122 1907; x_wconf 92' lang='grc'><strong>1</strong></span> <span class='ocrx_word' id='word_1_310' title='bbox 1156 1880 1195 1917; x_wconf 90' lang='lat' dir='ltr'>p.</span> <span class='ocrx_word' id='word_1_311' title='bbox 1227 1867 1300 1915; x_wconf 89' lang='lat'>21)</span> <span class='ocrx_word' id='word_1_312' title='bbox 1329 1880 1453 1905; x_wconf 80' lang='lat' dir='ltr'>verum</span> <span class='ocrx_word' id='word_1_313' title='bbox 1476 1866 1576 1916; x_wconf 91' lang='lat' dir='ltr'>apud</span> <span class='ocrx_word' id='word_1_314' title='bbox 1593 1866 1674 1914; x_wconf 90' lang='lat' dir='ltr'>phi-</span> 
     </span>
     <span class='ocr_line' id='line_1_64' title="bbox 1022 1922 1673 1973; baseline -0.002 -14"><span class='ocrx_word' id='word_1_315' title='bbox 1022 1922 1197 1973; x_wconf 88' lang='lat' dir='ltr'>losophos</span> <span class='ocrx_word' id='word_1_316' title='bbox 1232 1936 1391 1972; x_wconf 88' lang='lat' dir='ltr'>quoque.</span> <span class='ocrx_word' id='word_1_317' title='bbox 1449 1922 1535 1959; x_wconf 86' lang='lat' dir='ltr'>Vid.</span> <span class='ocrx_word' id='word_1_318' title='bbox 1566 1922 1673 1970; x_wconf 55' lang='lat' dir='ltr'>wyt-</span> 
     </span>
     <span class='ocr_line' id='line_1_65' title="bbox 1022 1979 1674 2028; baseline 0.006 -12"><span class='ocrx_word' id='word_1_319' title='bbox 1022 1980 1188 2017; x_wconf 85' lang='lat' dir='ltr'>tenbach.</span> <span class='ocrx_word' id='word_1_320' title='bbox 1222 1980 1270 2016; x_wconf 89' lang='lat' dir='ltr'>ad</span> <span class='ocrx_word' id='word_1_321' title='bbox 1299 1979 1486 2018; x_wconf 87' lang='lat' dir='ltr'>Phaedon.</span> <span class='ocrx_word' id='word_1_322' title='bbox 1520 1992 1557 2028; x_wconf 93' lang='lat' dir='ltr'>p.</span> <span class='ocrx_word' id='word_1_323' title='bbox 1591 1979 1674 2020; x_wconf 81' lang='lat'>238</span> 
     </span>
     <span class='ocr_line' id='line_1_66' title="bbox 1022 2034 1675 2085; baseline -0.003 -11"><span class='ocrx_word' id='word_1_324' title='bbox 1022 2041 1060 2074; x_wconf 90' lang='lat' dir='ltr'>et</span> <span class='ocrx_word' id='word_1_325' title='bbox 1087 2048 1181 2085; x_wconf 87' lang='lat' dir='ltr'>quae</span> <span class='ocrx_word' id='word_1_326' title='bbox 1206 2036 1316 2074; x_wconf 85' lang='lat' dir='ltr'>habet</span> <span class='ocrx_word' id='word_1_327' title='bbox 1346 2037 1376 2073; x_wconf 92' lang='lat' dir='ltr'><em>C</em></span> <span class='ocrx_word' id='word_1_328' title='bbox 1383 2050 1411 2074; x_wconf 82' lang='lat' dir='ltr'>r.</span> <span class='ocrx_word' id='word_1_329' title='bbox 1444 2036 1492 2073; x_wconf 85' lang='lat' dir='ltr'>ad</span> <span class='ocrx_word' id='word_1_330' title='bbox 1507 2034 1675 2072; x_wconf 83' lang='lat' dir='ltr'>Proclum</span> 
     </span>
     <span class='ocr_line' id='line_1_67' title="bbox 1023 2091 1676 2142; baseline 0 -13"><span class='ocrx_word' id='word_1_331' title='bbox 1023 2093 1091 2142; x_wconf 91' lang='lat' dir='ltr'>(ad</span> <span class='ocrx_word' id='word_1_332' title='bbox 1133 2092 1218 2130; x_wconf 88' lang='lat' dir='ltr'>calc.</span> <span class='ocrx_word' id='word_1_333' title='bbox 1256 2092 1389 2130; x_wconf 89' lang='lat' dir='ltr'>Plotin.</span> <span class='ocrx_word' id='word_1_334' title='bbox 1430 2094 1478 2130; x_wconf 91' lang='lat' dir='ltr'>de</span> <span class='ocrx_word' id='word_1_335' title='bbox 1516 2091 1676 2142; x_wconf 86' lang='lat' dir='ltr'>pulerit.)</span> 
     </span>
     <span class='ocr_line' id='line_1_68' title="bbox 1021 2149 1670 2201; baseline 0 -15"><span class='ocrx_word' id='word_1_336' title='bbox 1021 2163 1059 2201; x_wconf 89' lang='lat' dir='ltr'>p.</span> <span class='ocrx_word' id='word_1_337' title='bbox 1073 2150 1140 2190; x_wconf 84' lang='lat'>83.</span> <span class='ocrx_word' id='word_1_338' title='bbox 1153 2178 1164 2196; x_wconf 91' lang='lat'>‚</span> <span class='ocrx_word' id='word_1_339' title='bbox 1189 2149 1227 2185; x_wconf 88' lang='lat' dir='ltr'>in</span> <span class='ocrx_word' id='word_1_340' title='bbox 1242 2150 1410 2198; x_wconf 84' lang='lat' dir='ltr'>fragmm.</span> <span class='ocrx_word' id='word_1_341' title='bbox 1430 2150 1530 2187; x_wconf 89' lang='lat' dir='ltr'>histt.</span> <span class='ocrx_word' id='word_1_342' title='bbox 1549 2162 1587 2199; x_wconf 92' lang='lat' dir='ltr'>p.</span> <span class='ocrx_word' id='word_1_343' title='bbox 1603 2150 1670 2190; x_wconf 84' lang='lat'>25.</span> 
     </span>
    </p>

    <p class='ocr_par' dir='ltr' id='par_1_15' title="bbox 1019 2201 1674 2874">
     <span class='ocr_line' id='line_1_69' title="bbox 1079 2201 1672 2258; baseline -0.002 -14"><span class='ocrx_word' id='word_1_344' title='bbox 1079 2201 1160 2256; x_wconf 74' lang='grc' dir='ltr'><em>ἅμα</em></span> <span class='ocrx_word' id='word_1_345' title='bbox 1204 2203 1247 2244; x_wconf 83' lang='grc' dir='ltr'>δὲ</span> <span class='ocrx_word' id='word_1_346' title='bbox 1286 2209 1434 2246; x_wconf 77' lang='grc' dir='ltr'><em>κιθῶνι</em></span> <span class='ocrx_word' id='word_1_347' title='bbox 1455 2228 1511 2234; x_wconf 91' lang='lat'>—</span> <span class='ocrx_word' id='word_1_348' title='bbox 1538 2201 1672 2258; x_wconf 82' lang='grc' dir='ltr'><em>γυνή]</em></span> 
     </span>
     <span class='ocr_line' id='line_1_70' title="bbox 1022 2259 1674 2314; baseline 0.003 -16"><span class='ocrx_word' id='word_1_349' title='bbox 1022 2262 1257 2313; x_wconf 69' lang='grc' dir='ltr'>δεήρείωιιε,</span> <span class='ocrx_word' id='word_1_350' title='bbox 1300 2263 1411 2303; x_wconf 77' lang='grc' dir='ltr'><em>αἰδῶ</em></span> <span class='ocrx_word' id='word_1_351' title='bbox 1465 2276 1534 2314; x_wconf 89' lang='lat' dir='ltr'>pro</span> <span class='ocrx_word' id='word_1_352' title='bbox 1573 2259 1674 2301; x_wconf 73' lang='grc' dir='ltr'><em>αι’διό</em></span> 
     </span>
     <span class='ocr_line' id='line_1_71' title="bbox 1022 2319 1674 2359; baseline -0.003 -3"><span class='ocrx_word' id='word_1_353' title='bbox 1022 2332 1104 2356; x_wconf 88' lang='lat' dir='ltr'>cum</span> <span class='ocrx_word' id='word_1_354' title='bbox 1151 2324 1300 2359; x_wconf 89' lang='lat' dir='ltr'>recentt.</span> <span class='ocrx_word' id='word_1_355' title='bbox 1359 2322 1460 2358; x_wconf 91' lang='lat' dir='ltr'>editt.</span> <span class='ocrx_word' id='word_1_356' title='bbox 1505 2319 1674 2357; x_wconf 87' lang='lat' dir='ltr'>Conferri</span> 
     </span>
     <span class='ocr_line' id='line_1_72' title="bbox 1020 2375 1673 2415; baseline 0 -3"><span class='ocrx_word' id='word_1_357' title='bbox 1020 2375 1096 2412; x_wconf 89' lang='lat' dir='ltr'>vult</span> <span class='ocrx_word' id='word_1_358' title='bbox 1124 2376 1180 2413; x_wconf 81' lang='lat' dir='ltr'>Cr.</span> <span class='ocrx_word' id='word_1_359' title='bbox 1218 2377 1404 2415; x_wconf 89' lang='lat' dir='ltr'>Schaeferi</span> <span class='ocrx_word' id='word_1_360' title='bbox 1437 2376 1586 2414; x_wconf 87' lang='lat' dir='ltr'>laudata</span> <span class='ocrx_word' id='word_1_361' title='bbox 1625 2376 1673 2412; x_wconf 90' lang='lat' dir='ltr'>ad</span> 
     </span>
     <span class='ocr_line' id='line_1_73' title="bbox 1020 2431 1670 2484; baseline -0.002 -15"><span class='ocrx_word' id='word_1_362' title='bbox 1020 2431 1176 2481; x_wconf 73' lang='lat' dir='ltr'>Dionys.</span> <span class='ocrx_word' id='word_1_363' title='bbox 1196 2433 1314 2471; x_wconf 88' lang='lat' dir='ltr'>Halic.</span> <span class='ocrx_word' id='word_1_364' title='bbox 1335 2435 1383 2472; x_wconf 95' lang='lat' dir='ltr'>de</span> <span class='ocrx_word' id='word_1_365' title='bbox 1406 2446 1523 2484; x_wconf 92' lang='lat' dir='ltr'>comp.</span> <span class='ocrx_word' id='word_1_366' title='bbox 1544 2432 1670 2470; x_wconf 91' lang='lat' dir='ltr'>verbb.</span> 
     </span>
     <span class='ocr_line' id='line_1_74' title="bbox 1020 2487 1673 2540; baseline -0.005 -13"><span class='ocrx_word' id='word_1_367' title='bbox 1020 2501 1057 2538; x_wconf 86' lang='lat' dir='ltr'>p.</span> <span class='ocrx_word' id='word_1_368' title='bbox 1080 2487 1147 2529; x_wconf 83' lang='lat'>43.</span> <span class='ocrx_word' id='word_1_369' title='bbox 1178 2489 1403 2527; x_wconf 90' lang='lat' dir='ltr'>Sententiam</span> <span class='ocrx_word' id='word_1_370' title='bbox 1430 2491 1549 2540; x_wconf 89' lang='lat' dir='ltr'>ipsam</span> <span class='ocrx_word' id='word_1_371' title='bbox 1575 2488 1673 2525; x_wconf 88' lang='lat' dir='ltr'>haud</span> 
     </span>
     <span class='ocr_line' id='line_1_75' title="bbox 1020 2543 1673 2596; baseline 0 -16"><span class='ocrx_word' id='word_1_372' title='bbox 1020 2546 1125 2594; x_wconf 88' lang='lat' dir='ltr'>pauci</span> <span class='ocrx_word' id='word_1_373' title='bbox 1142 2547 1308 2594; x_wconf 86' lang='lat' dir='ltr'>fuerunt,</span> <span class='ocrx_word' id='word_1_374' title='bbox 1339 2548 1401 2596; x_wconf 89' lang='lat' dir='ltr'>qui</span> <span class='ocrx_word' id='word_1_375' title='bbox 1424 2559 1468 2584; x_wconf 84' lang='lat' dir='ltr'>ex</span> <span class='ocrx_word' id='word_1_376' title='bbox 1490 2543 1673 2583; x_wconf 89' lang='lat' dir='ltr'>Herodoti</span> 
     </span>
     <span class='ocr_line' id='line_1_76' title="bbox 1019 2600 1674 2651; baseline -0.002 -15"><span class='ocrx_word' id='word_1_377' title='bbox 1019 2613 1084 2637; x_wconf 91' lang='lat' dir='ltr'>ore</span> <span class='ocrx_word' id='word_1_378' title='bbox 1105 2605 1313 2651; x_wconf 88' lang='lat' dir='ltr'>repeterent</span> <span class='ocrx_word' id='word_1_379' title='bbox 1342 2606 1405 2640; x_wconf 90' lang='lat' dir='ltr'>aut</span> <span class='ocrx_word' id='word_1_380' title='bbox 1429 2606 1526 2639; x_wconf 89' lang='lat' dir='ltr'>certe</span> <span class='ocrx_word' id='word_1_381' title='bbox 1547 2600 1674 2637; x_wconf 91' lang='lat' dir='ltr'>similia</span> 
     </span>
     <span class='ocr_line' id='line_1_77' title="bbox 1019 2657 1668 2705; baseline -0.002 -12"><span class='ocrx_word' id='word_1_382' title='bbox 1019 2659 1235 2705; x_wconf 89' lang='lat' dir='ltr'>proferrent.</span> <span class='ocrx_word' id='word_1_383' title='bbox 1285 2658 1344 2695; x_wconf 91' lang='lat' dir='ltr'>Cf.</span> <span class='ocrx_word' id='word_1_384' title='bbox 1387 2657 1543 2695; x_wconf 88' lang='lat' dir='ltr'>Wessel.</span> <span class='ocrx_word' id='word_1_385' title='bbox 1579 2657 1668 2705; x_wconf 92' lang='lat' dir='ltr'>ibiq.</span> 
     </span>
     <span class='ocr_line' id='line_1_78' title="bbox 1019 2713 1671 2763; baseline -0.002 -14"><span class='ocrx_word' id='word_1_386' title='bbox 1019 2714 1150 2763; x_wconf 61' lang='lat' dir='ltr'>potis-⁴3.</span> <span class='ocrx_word' id='word_1_387' title='bbox 1192 2713 1377 2752; x_wconf 86' lang='lat' dir='ltr'>Plutarch.</span> <span class='ocrx_word' id='word_1_388' title='bbox 1418 2714 1465 2751; x_wconf 94' lang='lat' dir='ltr'>de</span> <span class='ocrx_word' id='word_1_389' title='bbox 1500 2713 1671 2751; x_wconf 85' lang='lat' dir='ltr'>audiend.</span> 
     </span>
     <span class='ocr_line' id='line_1_79' title="bbox 1020 2770 1673 2821; baseline -0.002 -15"><span class='ocrx_word' id='word_1_390' title='bbox 1020 2774 1086 2806; x_wconf 89' lang='lat' dir='ltr'>rat.</span> <span class='ocrx_word' id='word_1_391' title='bbox 1109 2785 1147 2821; x_wconf 92' lang='lat' dir='ltr'>p.</span> <span class='ocrx_word' id='word_1_392' title='bbox 1170 2771 1238 2818; x_wconf 83' lang='lat'>37,</span> <span class='ocrx_word' id='word_1_393' title='bbox 1266 2770 1314 2807; x_wconf 88' lang='lat' dir='ltr'>D.</span> <span class='ocrx_word' id='word_1_394' title='bbox 1344 2771 1392 2806; x_wconf 85' lang='lat' dir='ltr'>ad</span> <span class='ocrx_word' id='word_1_395' title='bbox 1413 2783 1520 2819; x_wconf 89' lang='lat' dir='ltr'>quem</span> <span class='ocrx_word' id='word_1_396' title='bbox 1552 2770 1673 2806; x_wconf 90' lang='lat' dir='ltr'>locum</span> 
     </span>
     <span class='ocr_line' id='line_1_80' title="bbox 1020 2826 1671 2874; baseline -0.002 -11"><span class='ocrx_word' id='word_1_397' title='bbox 1020 2840 1115 2863; x_wconf 88' lang='lat' dir='ltr'>nunc</span> <span class='ocrx_word' id='word_1_398' title='bbox 1135 2827 1272 2864; x_wconf 89' lang='lat' dir='ltr'>consul.</span> <span class='ocrx_word' id='word_1_399' title='bbox 1293 2827 1563 2874; x_wconf 58' lang='lat' dir='ltr'>W&#39;Jttenbachii</span> <span class='ocrx_word' id='word_1_400' title='bbox 1581 2826 1671 2863; x_wconf 90' lang='lat' dir='ltr'>Ani-</span> 
     </span>
    </p>
   </div>
   <div class='ocr_carea' id='block_1_12' title="bbox 1021 2883 1671 2934">
    <p class='ocr_par' dir='ltr' id='par_1_16' title="bbox 1021 2883 1671 2934">
     <span class='ocr_line' id='line_1_81' title="bbox 1021 2883 1671 2934; baseline -0.003 -13"><span class='ocrx_word' id='word_1_401' title='bbox 1021 2885 1159 2922; x_wconf 78' lang='lat' dir='ltr'>madvv,</span> <span class='ocrx_word' id='word_1_402' title='bbox 1191 2897 1229 2934; x_wconf 87' lang='lat' dir='ltr'>p.</span> <span class='ocrx_word' id='word_1_403' title='bbox 1261 2884 1344 2925; x_wconf 83' lang='lat'>308</span> <span class='ocrx_word' id='word_1_404' title='bbox 1374 2897 1452 2933; x_wconf 89' lang='lat' dir='ltr'>seq.</span> <span class='ocrx_word' id='word_1_405' title='bbox 1500 2883 1592 2930; x_wconf 83' lang='lat' dir='ltr'>Qui,</span> <span class='ocrx_word' id='word_1_406' title='bbox 1634 2888 1671 2919; x_wconf 88' lang='lat' dir='ltr'>ut</span> 
     </span>
    </p>
   </div>
   <div class='ocr_carea' id='block_1_13' title="bbox 1798 2035 1805 2587">
    <p class='ocr_par' dir='ltr' id='par_1_17' title="bbox 1798 2035 1805 2587">
     <span class='ocr_line' id='line_1_82' title="bbox 1798 2035 1805 2587; baseline 0 0"><span class='ocrx_word' id='word_1_407' title='bbox 1798 2035 1805 2587; x_wconf 95' lang='lat' dir='ltr'> </span> 
     </span>
    </p>
   </div>
  </div>
 </body>
</html>
