1768 3315
612 222 914 261 cL10.1.

1315 227 1398 267 207

135 335 369 389 ἑξακοσίων
405 336 538 387 τρεῖς·
593 331 794 389 Ἀργείων
831 333 932 389 μὲν,
977 330 1198 389 Ἀλκήνωρ
1238 348 1284 376 τε
1326 334 1402 377 καὶ

136 414 342 471 Χρόμιος·
393 414 755 469 Λακεδαιμονίων
794 412 862 464 δὲ,
917 411 1176 469 Ὀθρυάδης.
1234 411 1456 456 &aenei-90

107 499 316 550 ὄφθησαν
357 491 405 535 δὲ
441 487 566 536 οὗτοι
601 490 762 544 νυκτός
800 490 1081 548 ἐπελθούσης.
1141 494 1185 536 οἱ
1221 492 1302 549 μὲν
1344 491 1398 548 δή

134 572 213 616 δύο
242 573 327 614 τῶν
349 568 576 627 Ἀργείων,
611 568 672 623 ὥς
691 571 985 629 νενικηκότες,
1016 571 1145 615 ἔθεον
1164 571 1207 623 ές
1233 570 1397 626 τό”Αρ-

131 666 228 707 γος·
263 648 287 693 ὁ
318 650 364 693 δὲ
393 653 482 693 τῶν
511 653 875 710 Λακεδαιμονίων
898 649 1172 708 Ὀθρυάδης,
1220 649 1400 696 σκυλεύ-

134 741 213 782 σας
251 729 356 781 τούς
391 729 595 787 Ἀργείων
630 731 839 788 νεκρούς,
889 733 963 775 καὶ
999 730 1318 788 προσφορήσας
1347 730 1400 774 τοὶ

134 809 247 854 ὅπλα
286 809 398 866 πρὸς
436 810 485 855 τὸ
526 811 696 856 ἑωυτοῦ
736 811 1053 868 στρατόπεδον,
1109 811 1157 855 ἐν
1195 814 1249 868 τῇ
1283 809 1400 863 τάξει

105 888 220 947 δεῖχε
249 889 424 934 ἑωυτόν.
453 890 591 949 ἡμέρῃ
617 892 662 935 δὲ
692 892 871 949 δευτέρῃ
899 895 1102 947 παρῆσαν
1122 888 1398 946 πυνθανόμε-
1410 894 1456 931 95

133 986 206 1013 νοι
236 968 490 1026 ἀμφότεροι.
548 970 655 1022 τέως
692 971 771 1028 μὲν
809 971 863 1028 δή
903 968 1031 1014 αὐτοὶ
1069 969 1266 1027 ἑκάτεροι
1296 969 1401 1026 ἔφα-

136 1061 218 1093 σαν
246 1054 395 1094 νικᾶν·
428 1050 644 1106 λέγοντες,
684 1052 729 1094 οἱ
756 1050 861 1106 μὲν,
905 1049 964 1101 ὥς
1003 1049 1180 1093 ἑωυτῶν
1219 1053 1401 1102 πλεῦνες

134 1128 436 1186 περιγεγόνασι
450 1145 460 1155 ·
493 1131 537 1173 οἱ
568 1130 637 1182 δὲ,
666 1129 771 1182 τοὺς
790 1130 868 1187 μὲν
888 1128 1211 1186 ἀποφαίνοντες
1233 1143 1399 1185 πεφευ-

135 1208 288 1265 γότας,
316 1208 396 1252 τόν
424 1209 471 1254 δὲ
501 1210 712 1266 σφέτερον
739 1211 1090 1266 παραμείναντα,
1121 1208 1195 1252 καὶ
1219 1206 1400 1251 σκυλεύ-

136 1299 271 1332 σαντα
300 1287 403 1340 τούς
432 1289 608 1333 ἐκείνων
636 1288 832 1345 νεκρούς.
872 1289 995 1341 τέλος
1025 1288 1094 1341 δὲ,
1130 1286 1178 1331 ἐκ
1205 1290 1281 1343 τῆς
1311 1287 1396 1343 ἔρι-

78 1479 149 1512 tur.
177 1495 234 1502 —-
260 1474 302 1512 In
325 1487 429 1524 seqq.
461 1473 632 1512 librorum
652 1473 735 1526 plu-

80 1533 172 1569 rium
210 1532 460 1569 auctoritatem
498 1532 612 1569 secuti
651 1545 733 1569 cum

81 1588 199 1625 Gaisf.
217 1588 423 1638 scripsimus
444 1586 544 1627 ύπελ
557 1602 573 1628 ε
586 1588 734 1628 ίποντο

81 1657 148 1696 pro
166 1643 264 1692 vulg.
284 1643 554 1684 ὕπελίποντο.

135 1696 337 1753 Ἀλκήνωρ
355 1715 395 1740 τε
406 1700 471 1740 καὶ
492 1695 736 1753 Χρόμιος-

78 1751 331 1807 Ὀθρυάδης]
389 1757 448 1795 Ad
483 1762 736 1807 argumentum

80 1815 176 1851 conf.
203 1813 361 1851 Pausan.
384 1813 440 1862 Π,
470 1816 526 1855 20
553 1814 590 1866 §.
611 1818 648 1856 4.
679 1836 735 1843 —-

77 1865 276 1921 Ἀλκήνωρ
313 1870 476 1921 plerique
507 1871 588 1908 libri
628 1884 737 1922 prae-

81 1927 189 1974 bent,
218 1927 388 1976 idemque
410 1940 506 1965 nune
530 1928 735 1965 restitutum

82 1983 244 2021 Stobaeo
265 1983 352 2031 Vll,
376 1984 733 2034 67.—Othryadae

81 2040 223 2077 victoris
254 2040 394 2077 facinus
433 2041 536 2078 multi
561 2041 732 2092 deinceps

82 2096 329 2143 celebrarunt,
387 2110 496 2147 quem
543 2097 733 2136 Laconum

80 2156 269 2202 tropaeum
279 2166 346 2190 suo
354 2155 534 2203 sanguine
541 2155 735 2205 scripsisse

79 2210 280 2259 perhibent.
338 2211 504 2254 Quorum
529 2211 629 2248 locos
658 2210 736 2249 col-

81 2264 170 2314 legit
197 2265 282 2303 Tib.
306 2266 557 2308 Hemsterhus,
580 2269 629 2305 ad
656 2267 734 2305 Lu-

84 2321 174 2359 cian.
189 2322 458 2374 Contemplant.
479 2324 541 2361 fin.
558 2324 668 2362 Tom.
682 2324 735 2363 ΠΙ

81 2390 120 2428 P·
147 2378 229 2420 412
251 2392 329 2428 seq.
362 2381 420 2418 ed.
437 2381 521 2431 Bip.
578 2380 635 2418 Ex
655 2381 735 2420 He-

80 2435 240 2472 rodoteis
269 2436 389 2473 verbis
433 2438 491 2474 vix
516 2437 586 2474 hoc
616 2437 736 2487 colligi

81 2494 226 2540 potest,
273 2492 500 2542 Othryadem
541 2497 734 2544 tropaeum

84 2547 241 2585 erexisse
275 2549 443 2598 adeoque
484 2549 572 2587 illud
603 2551 734 2588 inscri-

84 2602 227 2651 psisse3
255 2606 353 2654 quod
372 2607 498 2643 forsan
517 2608 730 2658 posterioris

86 2659 216 2694 aetatis
243 2661 383 2698 ferebat
407 2676 508 2710 mos,
547 2664 615 2701 sed
642 2663 732 2701 illud

86 2725 217 2761 unum,
287 2717 513 2766 Othryadem
573 2720 730 2758 collectis

87 2767 242 2807 hostium
262 2773 391 2822 armis,
420 2787 515 2824 quae
545 2776 733 2814 cadaveri-

88 2823 156 2861 bus
179 2825 399 2876 detraxerat,
430 2831 479 2868 ad
504 2844 589 2868 suos
611 2845 734 2871 rever-

87 2879 200 2927 tisse,
236 2881 388 2922 hostium
411 2886 531 2937 spolia
557 2891 596 2925 ut
621 2889 733 2927 docu-

800 1477 963 1513 mentum
978 1473 1148 1512 victoriae
1167 1476 1376 1524 reportatae
1397 1486 1456 1510 se-

802 1544 883 1569 cum
913 1533 1101 1570 ferentem.
1159 1530 1200 1567 In
1228 1542 1301 1579 qua
1333 1529 1456 1567 Hero-

802 1589 913 1625 dotea
932 1589 1141 1625 narratione
1157 1586 1311 1636 simplici
1331 1586 1457 1635 utique

803 1657 870 1682 nec
897 1644 1127 1695 improbabili
1164 1643 1329 1680 nolumus
1366 1642 1457 1680 illud

802 1713 992 1752 premere,
1040 1700 1231 1739 verisimile
1260 1712 1335 1736 non
1360 1713 1457 1747 esse,

804 1757 905 1806 quod
923 1770 1015 1794 unus
1043 1757 1152 1794 homo
1182 1760 1239 1794 tot
1268 1768 1457 1793 caesorum

802 1814 960 1851 hostium
971 1815 1149 1851 cadavera
1164 1813 1329 1864 spoliarit
1340 1812 1457 1850 omni-

802 1883 937 1920 umque
955 1883 1056 1908 arma
1075 1874 1182 1908 exuta
1202 1871 1249 1908 ad
1265 1883 1352 1906 suos
1369 1882 1458 1906 con-

802 1927 938 1965 tulerit.
967 1946 973 1954 ,
999 1927 1094 1965 Tale
1114 1927 1210 1964 enim
1231 1926 1319 1976 quid
1335 1926 1458 1963 Hero-

803 1984 1015 2021 dotus0vix
1052 1984 1235 2032 cogitasse
1270 1983 1457 2034 putandus

800 2044 869 2078 est.
941 2039 993 2077 Et
1031 2041 1119 2089 quid
1160 2053 1253 2090 opus
1288 2039 1457 2076 omnibus

800 2097 959 2135 hostium
976 2109 1164 2135 caesorum
1182 2095 1320 2133 armis?
1350 2095 1457 2134 Non-

801 2167 848 2191 ne
867 2153 1119 2191 nonnullorum
1141 2153 1259 2203 spolia
1279 2153 1368 2190 satis
1385 2153 1458 2189 iam

800 2211 976 2248 victorem
1022 2214 1307 2248 commonstrare
1351 2213 1458 2259 pote-

802 2266 914 2304 rant?
970 2265 1051 2304 Nec
1083 2267 1152 2304 alio
1182 2266 1280 2303 ducit
1318 2265 1458 2303 Thesei

803 2324 903 2374 apud
925 2323 1125 2361 Stobaeum
1144 2323 1167 2362 l.
1188 2323 1210 2361 l.
1230 2323 1359 2370 oratio,
1371 2335 1458 2359 nar-

802 2380 980 2418 rationem
1001 2381 1110 2418 credo
1132 2380 1338 2430 ampliantis
1362 2380 1458 2416 adeo

804 2440 842 2474 et
861 2437 1090 2484 exornantis,
1111 2437 1172 2474 ubi
1194 2437 1303 2483 dicit,
1317 2435 1456 2484 Othry-

802 2494 909 2530 adem
937 2493 1057 2530 multz's
1100 2493 1267 2544 spoliatis
1297 2493 1459 2536 hostium

804 2554 995 2600 tropaeum
1021 2550 1192 2588 erexisse.

859 2604 914 2653 ὥς
934 2605 1093 2646 ἑωυτῶν
1112 2608 1280 2653 πλεῦνες
1306 2604 1457 2658 περὶφε-

799 2658 963 2715 γόνασι]
998 2665 1166 2710 πλεῦνες
1193 2663 1321 2700 Ionum
1354 2674 1458 2700 more

799 2732 867 2770 pro
902 2719 1101 2757 Atticorum
1146 2718 1312 2767 πλέονες
1346 2723 1457 2768 atque

802 2776 911 2813 etiam
960 2777 1139 2823 πλείους,
1183 2780 1286 2814 notat
1323 2775 1454 2812 Matth.

801 2830 839 2884 §.
863 2833 942 2874 135
960 2846 1045 2883 pag.
1063 2834 1158 2875 259.

861 2887 969 2936 τέλος
984 2888 1038 2937 δὲ,
1060 2888 1102 2929 ἐκ
1120 2891 1192 2941 τῆς
1213 2886 1344 2939 ἔριδος
1362 2896 1454 2936 συμ-
