1777 3315
640 266 944 308 CL10.1.

1335 268 1422 309 395

146 384 207 436 Ἲς
236 382 406 438 οὕνομα
441 377 564 435 αὐτῇ.
607 377 717 421 ἔνθα
747 376 836 420 ἐστὶ
864 373 1062 432 ποταμὸς
1089 372 1145 419 οὐ
1174 374 1329 431 μέγας·
1360 374 1420 427 ’Ὶς

154 464 226 508 καὶ
254 465 315 518 τῷ
343 461 524 517 ποταμῷ
561 456 610 502 τὸ
642 455 834 512 οὕνομα·
897 454 1095 512 ἐσβάλλει
1133 454 1179 498 δὲ
1219 448 1348 506 οὗτος
1376 455 1420 506 ἐς

124 541 234 586 7τὸν
272 537 511 595 Εὐφρήτην
550 534 750 592 ποταμόν
787 535 836 578 τὸ
880 535 1078 591 ῥέεθρον.
1138 528 1272 585 οὗτος
1300 529 1364 578 ὧν
1394 533 1474 578 655

144 619 199 672 Ἲς
225 616 444 674 ποταμός,
502 615 593 673 ἅμα
628 619 690 675 τῷ
733 615 863 660 ὕδατι
906 614 1138 672 θρόμβους
1189 611 1420 671 ἀσφάλτου

151 698 356 743 ἀναδιδοῖ
382 695 596 747 πολλούς·
628 695 757 740 ἔνθεν
790 693 818 753 ἡ
850 693 1073 752 ἄσφαλτος
1103 695 1146 746 ἐς
1172 692 1223 738 τὸ
1253 693 1301 737 ἐν
1331 697 1417 737 Βα-

29 782 127 827 180
149 780 311 835 βυλῶνι
340 780 477 832 τεῖχος
506 774 729 832 ἐκομίσθη.
784 777 1020 831 Τετείχιστο
1050 774 1130 830 μέν
1158 790 1245 818 νυν
1272 771 1299 831 ἦ
1331 777 1414 817 Βα-

146 855 291 915 βυλών
318 854 466 915 τρόπῳ
497 857 664 914 τοιῷδε.
721 855 809 898 ἔστι
836 855 882 898 δὲ
913 853 994 898 δύο
1025 852 1198 911 φάρσεα
1226 856 1302 910 τῆς
1331 851 1413 897 πό-

146 942 238 988 λιος
256 951 266 962 ·
295 934 344 980 τὸ
375 934 460 992 γὰρ
490 934 626 991 μέσον
657 933 790 992 αὐτῆς
819 933 1014 991 ποταμὸς
1043 931 1225 990 διέργει,
1253 936 1317 991 τῷ
1338 931 1416 977 οὔ·

136 1118 194 1170 Ἲς
213 1119 367 1173 οὕνομα
386 1116 513 1176 αὐτῇ]
546 1119 615 1157 Vix
640 1119 747 1157 dubi-

91 1193 155 1218 um
185 1192 266 1217 esse
298 1181 447 1230 potest,
486 1178 532 1215 ab
551 1177 746 1215 Herodoto

93 1249 174 1275 eam
201 1235 350 1273 indicari
384 1235 531 1282 urbem,
567 1234 624 1271 cui
650 1246 747 1270 nunc

92 1306 226 1331 nomen
246 1296 301 1330 est
320 1291 409 1339 Hit,
438 1291 499 1328 ubi
518 1290 636 1327 adhuc
660 1291 745 1327 fon-

92 1354 148 1388 tes
165 1349 224 1386 isti
241 1349 370 1387 fervidi
384 1360 427 1385 ac
448 1348 628 1385 fumantes
655 1359 744 1384 con-

93 1406 181 1457 spici
221 1406 407 1452 dicuntur,
447 1404 599 1454 ipsaque
632 1405 744 1451 fama,

93 1463 122 1500 si
139 1474 253 1513 penes
273 1460 460 1499 Herbelot.
478 1461 568 1498 fides
581 1489 592 1508 ,
622 1472 745 1498 serva—

91 1523 130 1557 ta
145 1522 221 1566 est,
241 1518 309 1556 hoc
325 1518 499 1556 bitumine
516 1517 743 1566 Babylonem

91 1575 178 1612 olim
202 1575 313 1613 fuisse
346 1577 574 1613 exstructam.
633 1574 744 1612 Conf.

91 1631 222 1670 Ritter.
251 1631 455 1669 Erdkunde
480 1630 514 1667 ΙΙ
540 1643 627 1681 pag.
649 1630 743 1671 148.

91 1686 247 1726 Rennel.
274 1686 296 1724 l.
315 1687 339 1724 l.
368 1700 454 1738 pag.
474 1688 558 1728 552
585 1691 623 1724 et
642 1687 745 1724 Hee-

93 1757 170 1782 ren.
187 1743 301 1782 Ideen
329 1743 365 1790 Ι,
392 1747 419 1785 2
446 1756 533 1794 pag.
555 1745 652 1791 148,
682 1743 746 1792 qui

95 1801 189 1839 bene
220 1800 346 1848 addit,
384 1800 494 1838 hosce
522 1801 642 1837 fontes
670 1811 746 1836 non

92 1857 216 1894 unicos
246 1857 284 1894 in
314 1856 384 1894 illis
412 1857 623 1905 regionibus
651 1868 746 1903 esse,

91 1925 217 1951 verum
252 1917 400 1964 praeter
436 1913 526 1950 alios
565 1913 604 1950 in
638 1911 746 1961 Tigri

91 1970 300 2019 frequentes
338 1970 501 2007 inveniri.
568 1969 627 2008 De
664 1970 746 2020 ipso

92 2027 223 2075 fluvio,
248 2026 311 2076 qui
330 2027 459 2063 dicitur
473 2024 532 2074 Is,
560 2038 667 2063 nemo
684 2038 749 2063 ve-

92 2085 209 2120 terum
219 2083 533 2132 recentiorumque
548 2083 747 2132 quidquam

94 2139 194 2178 dixit.
252 2140 358 2184 Quae
392 2140 486 2177 enim
520 2151 564 2177 ex
593 2139 748 2188 Etymo-

95 2194 181 2245 logo
225 2200 336 2245 atque
382 2195 575 2233 Eustathio
621 2195 748 2233 laudat

94 2251 377 2301 Wesselingius,
406 2252 456 2290 nil
483 2253 658 2290 adiuvant
677 2265 747 2290 nec

95 2307 242 2347 aliunde
269 2309 338 2346 nisi
366 2322 410 2347 ex
435 2309 516 2359 ipso
550 2309 745 2347 Herodoto

97 2365 312 2416 deprompta
358 2366 538 2404 videntur.
608 2365 748 2403 Nostra

97 2424 216 2460 aetate
226 2423 325 2460 urbis
343 2422 506 2459 nonnulli
522 2422 744 2460 mentionem

39 2512 43 2515 c
97 2477 238 2525 fecere,
264 2479 365 2515 fluvii
392 2491 522 2527 nem0,
551 2483 592 2516 ut
623 2479 670 2517 de
698 2492 742 2517 eo

99 2532 262 2571 dubitare
279 2535 418 2585 possis,
447 2536 515 2572 nisi
544 2548 641 2573 nunc
668 2537 745 2573 sor-

100 2600 166 2625 san
175 2590 387 2628 exsiccatum
402 2592 514 2630 fuisse
532 2593 679 2630 fluvium
695 2593 744 2629 ti-

100 2643 139 2680 bi
157 2647 374 2695 persuadere
399 2648 498 2686 velis.
555 2649 631 2687 Sed
654 2649 746 2687 haec

102 2700 248 2738 minime
265 2707 366 2740 tanta
385 2709 489 2752 sunt,
517 2708 558 2742 ut
574 2705 747 2743 Herodo-

103 2758 142 2791 to
157 2756 265 2794 fidem
285 2759 467 2809 denegare
484 2762 638 2811 possint,
653 2762 746 2800 bene

103 2814 252 2850 notante
270 2813 444 2865 Breigero
471 2817 509 2854 in
531 2818 745 2869 Geograph.

105 2865 282 2906 Herodot.
302 2871 460 2921 Specim.
477 2886 565 2923 pag.
586 2875 640 2916 54
654 2887 747 2924 seq.‚

107 2922 168 2960 ubi
183 2924 294 2963 multa
309 2927 357 2965 de
372 2927 441 2966 hoc
458 2930 569 2968 fluvio
587 2931 748 2982 quaerit3

813 1119 1031 1170 praesertim
1073 1119 1104 1156 si
1141 1131 1238 1168 quae
1275 1131 1386 1170 supra
1426 1132 1471 1158 ex

813 1175 987 1214 Heerenii
1008 1179 1119 1225 atque
1133 1176 1266 1213 Ritteri
1284 1176 1383 1214 libris
1403 1178 1471 1213 ad-

813 1234 1042 1284 scripsimus,
1080 1232 1334 1270 recentissimis
1362 1246 1472 1284 pere-

813 1290 1057 1339 grinatoribus
1096 1289 1335 1339 comprobata
1372 1294 1468 1328 sunt.

812 1369 869 1374 —
906 1343 1083 1398 θρόμβοι
1132 1342 1340 1394 ἀσφάλτου
1386 1351 1471 1384 sunt

811 1406 932 1452 grumi
959 1403 1141 1440 bituminis
1168 1402 1206 1439 in
1243 1403 1324 1452 ipso
1360 1404 1471 1440 fluvio

812 1461 910 1498 inter
943 1461 1018 1498 eius
1049 1460 1166 1496 undas
1196 1460 1304 1507 editi,
1341 1459 1468 1509 quales

812 1517 930 1554 adhuc
957 1516 996 1553 in
1022 1516 1100 1553 istis
1129 1516 1341 1565 regionibus
1370 1516 1470 1554 haud

809 1587 893 1612 raro
922 1577 1128 1612 cernuntur.

981 1658 1013 1696 C
1023 1671 1044 1696 a
1053 1671 1092 1709 p.
1122 1656 1313 1696 CLXXX.

868 1741 1076 1793 τετείχιστο
1097 1740 1170 1794 μέν
1192 1756 1269 1781 νυν
1288 1738 1319 1793 ἦ
1341 1741 1472 1792 Βαβυ-

814 1795 894 1839 λών
933 1794 1069 1853 τρόπῳ
1107 1797 1273 1854 τοιῷδε]
1345 1798 1468 1847 Vulgo

815 1855 1063 1907 ἐτετείχιστο,
1111 1869 1219 1906 quam
1256 1854 1472 1905 scripturam

814 1914 1028 1951 auctoritate
1055 1912 1391 1951 Schellershemiani
1427 1911 1471 1948 li-

816 1971 872 2007 bri
903 1970 1115 2017 reiecimus,
1161 1973 1202 2006 ut
1235 1968 1347 2019 paulo
1384 1972 1472 2019 post

817 2026 1002 2079 διείργει,
1033 2026 1133 2063 cuius
1154 2025 1235 2063 loco
1263 2037 1308 2063 ex
1338 2025 1470 2062 eodem

814 2083 908 2121 libro
946 2096 1044 2120 nunc
1089 2086 1275 2133 receptum
1311 2080 1467 2133 διέργει.
1516 2121 1518 2123 ,

814 2139 874 2178 De
891 2143 1088 2189 augmento
1117 2138 1342 2189 reduplicato
1367 2138 1473 2189 plus-

814 2196 1077 2248 quamperfecti
1114 2196 1283 2245 neglecto
1309 2197 1404 2233 conf.
1436 2194 1471 2242 I,

814 2253 869 2296 94
887 2254 950 2290 fin.
964 2275 1020 2281 —
1035 2249 1165 2307 τρόπῳ
1180 2252 1324 2307 τοιῷδε
1343 2252 1402 2289 hie
1419 2252 1470 2288 ad

813 2311 1066 2348 antecedentia
1088 2313 1251 2361 spectat,
1279 2321 1360 2347 cum
1379 2307 1470 2345 alias

814 2367 863 2404 ad
891 2380 955 2416 ea,
996 2380 1092 2416 quae
1119 2369 1343 2416 sequuntur,
1372 2366 1471 2403 refe-

812 2427 924 2461 ratur.
983 2423 1094 2462 Conf.
1128 2424 1262 2462 Matth.
1299 2423 1368 2460 Gr.
1401 2422 1470 2459 Gr.

810 2493 906 2548 Ρὲιςοἱ
921 2482 1016 2522 871.
1241 2531 1250 2547 ,

869 2552 912 2577 το
934 2534 1009 2590 γοὲρ
1039 2533 1160 2588 μέσον
1198 2537 1322 2586 αυτῆς
1348 2548 1469 2574 ποτα-

813 2590 888 2645 μὸς
905 2592 1050 2646 διέργει
1071 2608 1106 2632 κ.
1117 2608 1148 2632 τ.
1161 2592 1211 2644 λ.]
1243 2593 1359 2639 Haec,
1374 2591 1469 2629 mul-

811 2655 889 2688 tum
906 2650 993 2688 olim
1014 2651 1219 2702 disceptata
1241 2652 1305 2687 aut
1334 2648 1372 2685 in
1399 2649 1469 2685 du-

812 2707 911 2745 bium
940 2711 1095 2755 vocata,
1134 2719 1230 2744 nunc
1263 2718 1330 2757 pro
1371 2704 1469 2742 veris

813 2763 985 2802 habenda
1010 2776 1093 2802 esse
1111 2767 1237 2801 monet
1257 2763 1418 2800 Heeren.
1445 2759 1469 2797 l.

814 2819 838 2857 1.
869 2833 957 2871 pag.
990 2822 1071 2862 177
1098 2820 1339 2858 recentiorum
1364 2829 1473 2868 pere-

814 2876 1041 2925 grinatorum
1070 2875 1184 2913 libros
1216 2878 1380 2920 secutus,
1408 2884 1473 2921 qul

815 2932 854 2970 in
876 2936 1033 2983 utraque
1062 2932 1162 2970 fluvii
1178 2931 1259 2983 ripa
1277 2930 1405 2969 urbem
1421 2941 1473 2966 Sl-

1471 785 1645 821 Euphrates
1700 795 1750 814 ur-

1471 819 1538 847 bem
1556 820 1749 848 interfluens:

1471 854 1554 880 urbis
1584 854 1685 882 domus
1719 859 1751 883 et

1469 887 1551 916 viae.
