1814 3315
327 236 409 274 168

719 234 1190 277 HERODOTI

327 353 450 392 σονες
479 337 614 391 εἶναι,
645 341 1026 398 ἐχρηστηριάζοντο
1057 347 1103 390 ἐν
1123 352 1339 404 Δελφοῖσι
1370 348 1440 392 ἐπὶ
1470 347 1588 408 πάσῃ

325 424 378 475 τῇ
405 417 626 473 Ἀρκάδων
654 419 787 478 χώρῃ.
843 419 872 479 ἡ
903 423 949 467 δὲ
980 428 1128 482 Πυθίη
1167 438 1247 482 σφι
1274 432 1359 486 χρᾷ
1387 428 1512 473 τάδε·
1600 433 1646 472 45

292 498 315 533 3
405 497 596 545 Ἀρκαδίην
615 498 651 544 μ’
673 502 810 544 alten„
840 501 932 547 μέγα
951 500 986 548 μ’
1007 505 1141 547 αἰτεῖς·
1167 504 1214 542 οὕ
1231 520 1289 543 τοι
1309 506 1428 545 δώσω.

405 558 534 593 πολλοὶ
554 556 592 593 ἐν
610 556 783 605 Ἀρκαδίῃ
800 560 1057 607 βαλανηφάγοι
1075 561 1205 608 ἄνδρες
1226 564 1317 608 ἔασι,

407 615 450 651 οἵ
461 613 490 651 σ’
507 612 820 652 ἀποκωλύσουσιν.
844 616 911 662 ἐγώ
933 618 974 654 δέ
992 633 1051 656 τοι
1071 619 1118 656 οὕ
1137 635 1172 657 τι
1192 626 1352 668 μεγαίρω
1365 634 1373 642 ·

410 673 517 709 δώσω
538 686 595 709 τοι
616 672 749 719 Τεγέην
766 675 1010 719 ποσσίκροτον
1029 674 1272 724 ὀρχήσασθαι,

407 731 470 766 καὶ
484 730 599 767 καλὸν
618 732 748 768 πεδίον
768 733 899 778 σχοίνῳ
921 734 1252 783 διαμετρήσασθαι.
1605 740 1650 775 50

299 801 481 843 4Ταῦτα
512 797 570 851 ὠς
601 798 909 855 ἀπενειχθέντα
937 799 1134 858 ἤκουσαν
1163 807 1207 848 οἱ
1235 804 1589 862 Λακεδαιμόνιοι,

323 875 546 934 Ἀρκάδων
573 879 652 936 μὲν
680 882 770 923 τῶν
799 879 943 924 ἄλλων
973 880 1227 938 ἀπείχοντο·
1277 885 1320 927 οἱ
1353 885 1421 937 δὲ,
1461 885 1593 938 πέδας

273 1086 372 1125 notio
387 1099 463 1124 non
477 1097 629 1137 prorsus
653 1096 783 1125 vacare
799 1086 922 1124 videa-

273 1149 332 1181 tur
341 1147 527 1180 contemtus
539 1142 814 1191 signisscatione.
832 1143 923 1181 Pro-

274 1200 371 1238 xima
388 1200 499 1236 verba
518 1197 581 1238 ἐπὶ
593 1194 700 1250 πάσῃ
715 1193 923 1251 Ἀρκάδων

273 1251 382 1310 χώρῃ
392 1256 486 1293 bene
493 1255 640 1305 exponit
649 1254 779 1292 Matth.
792 1255 828 1307 ἓ.
842 1256 922 1299 585

275 1313 338 1350 fin.
371 1325 408 1362 p.
442 1314 560 1354 1166.
618 1310 688 1349 Est
722 1312 819 1349 enim
859 1312 926 1352 ἐπὶ

269 1371 433 1419 propter,
461 1368 525 1416 ob,
554 1367 617 1416 de,
646 1369 848 1405 accuratius
871 1374 928 1406 ta-

276 1437 362 1462 men
379 1424 496 1461 locum
521 1424 727 1474 inspicienti
755 1429 831 1462 est:
857 1428 930 1473 „in

275 1480 338 1519 der
361 1480 524 1529 Almam,
553 1492 647 1529 ganz
672 1479 853 1517 Art-adden
883 1495 931 1518 zu

276 1537 451 1575 crobern.“
495 1536 713 1585 Oraculum,
744 1538 843 1586 quod
871 1551 932 1575 se-

277 1594 422 1644 quitur,
460 1594 572 1631 citant
601 1593 804 1630 Pausanias
830 1593 929 1641 VIII,

279 1653 304 1691 1
333 1650 466 1698 aliique
495 1662 518 1687 a
542 1649 790 1697 wesselingio
820 1651 867 1687 ad
893 1650 928 1687 h.

278 1705 304 1742 l.
322 1705 477 1752 laudati3
507 1706 639 1755 quibus
658 1706 745 1742 add.
766 1705 875 1743 Diod.
892 1706 930 1742 in

278 1762 463 1811 Excerptt.
494 1760 532 1813 ὃ
565 1762 622 1803 32
658 1761 734 1809 (Τ.
754 1762 788 1799 ΙΙ
817 1776 854 1813 p.
875 1765 927 1805 27

278 1829 362 1857 nov.
384 1818 522 1869 scriptt.
546 1817 623 1855 coll.
643 1819 699 1856 ed.
718 1818 839 1867 Mai.)‚
868 1819 931 1856 ubi

281 1878 401 1912 exstat
425 1869 610 1928 Ἀρκαδίᾳ
641 1879 678 1912 et
701 1870 816 1914 δώσω
845 1886 868 1914 σ
883 1889 930 1914 οι

285 1928 474 1983 Τεγέαν
503 1931 591 1982 (pro
611 1945 671 1969 τοι
695 1930 873 1984 Τεγέην).

335 1985 476 2026 πολλοὶ
492 1986 534 2026 ἐν
552 1982 736 2042 Ἀρκαδίῃ
760 1988 931 2039 βαλανη-

281 2039 409 2094 φάγοι
441 2040 607 2093 ἅνδρες]
651 2039 931 2095 βαλανηφάγοι

282 2103 388 2146 sunt,
429 2100 492 2150 qui
518 2099 711 2148 glandibus
733 2104 929 2138 vescuntur.

283 2154 381 2193 Nam
427 2159 512 2193 ante
557 2156 740 2193 inventam
788 2158 932 2206 frugem

281 2211 402 2261 prisco
422 2222 512 2248 aevo
540 2211 706 2250 homines
739 2211 932 2261 glandibus

282 2267 389 2318 panis
408 2265 488 2303 loco
505 2267 615 2305 vitam
632 2272 857 2306 sustentasse
868 2282 933 2306 an-

284 2323 384 2372 tiqua
404 2323 477 2360 fert
503 2323 620 2370 fama·,
661 2325 760 2362 unde
789 2338 935 2374 quoque

283 2379 366 2429 ipsa
385 2391 558 2427 quercus,
587 2393 682 2429 quae
703 2382 834 2418 victum
869 2395 934 2420 ne-

285 2436 479 2472 cessarium
499 2437 729 2486 suppeditat,
758 2437 796 2473 in
823 2439 935 2476 sacris

285 2491 473 2528 arboribus
513 2496 570 2529 est
606 2491 751 2540 habita,
799 2494 937 2544 quippe

286 2546 390 2584 altrix
409 2559 452 2584 ac
475 2547 593 2584 nutrix
620 2549 724 2597 quasi
750 2549 936 2588 hominum

287 2601 508 2640 infirmorum
537 2604 774 2654 rudiumque,
819 2607 935 2643 omnis

289 2659 435 2707 generis
446 2660 570 2710 inopia
581 2659 828 2698 laborantium.
837 2662 935 2700 Hinc

288 2714 499 2752 vocabulum
515 2711 792 2768 βαλανηφάγοι
811 2719 858 2755 ad
869 2731 934 2755 an-

289 2770 428 2819 tiquum
447 2784 575 2809 aevum
596 2773 706 2810 debet
724 2775 848 2811 referri
860 2775 934 2825 pri-

288 2839 445 2876 scosque
484 2827 647 2866 homines
690 2830 820 2877 rudeS,
872 2832 934 2879 qui

289 2882 394 2933 primi
425 2884 584 2922 omnium
616 2885 793 2924 Graeciae
822 2884 935 2925 Arca-

991 1088 1088 1125 diam
1107 1091 1292 1128 tenuerint
1321 1091 1447 1141 ibique
1476 1105 1648 1142 perman-

989 1145 1114 1183 serint.
1145 1146 1209 1184 Cr.
1229 1147 1368 1185 confert
1393 1148 1592 1198 Boettiger.
1612 1151 1650 1187 in

990 1202 1086 1239 foliis
1105 1202 1172 1239 illis
1186 1233 1197 1251 ,
1226 1204 1357 1253 quibus
1383 1204 1480 1242 Iovis
1501 1206 1650 1255 Mytho-

992 1257 1129 1307 logiam
1152 1266 1366 1309 persecutus
1384 1266 1462 1310 est,
1492 1276 1578 1314 pag.
1593 1266 1649 1307 62

995 1315 1082 1364 ibiq.
1101 1315 1287 1353 laudatum
1299 1318 1454 1357 Gesner.
1476 1320 1525 1358 ad
1537 1319 1651 1358 Clau-

997 1372 1094 1408 dian.
1112 1385 1149 1422 p.
1172 1373 1266 1414 578.

1063 1430 1328 1480 ποσσίκροτον
1368 1426 1648 1482 ὀρχήσασθαι]

996 1484 1154 1533 „Rarius
1195 1486 1408 1524 vocabulum
1439 1490 1651 1541 ποσσίκρο-

996 1556 1066 1580 τον
1096 1542 1242 1578 Curetis
1260 1543 1427 1580 tribuitur
1443 1545 1481 1581 in
1499 1546 1649 1596 Orphic.

997 1596 1119 1647 hymn.
1140 1598 1267 1635 XXXI
1289 1599 1382 1649 (30)
1413 1613 1466 1638 VS.
1487 1603 1552 1643 2.“
1584 1602 1683 1662 Cr..

1056 1653 1098 1693 οἷ
1123 1652 1188 1702 δὲ,
1227 1654 1350 1701 πέδας
1379 1653 1590 1708 φερόμενοι
1616 1674 1651 1698 κ.

998 1725 1030 1750 τ.
1058 1711 1119 1756 L]
1179 1710 1239 1747 Ad
1277 1715 1546 1760 grammaticam
1583 1715 1654 1753 loci

997 1771 1214 1804 structuram
1242 1768 1281 1805 id
1306 1770 1527 1819 tenendum,
1563 1773 1652 1823 poni

999 1822 1057 1860 hic
1088 1822 1128 1861 οἷ
1150 1820 1213 1871 δὲ,
1244 1826 1345 1874 quod
1371 1839 1448 1863 non
1468 1827 1574 1865 aliam
1604 1829 1654 1866 ad

997 1892 1216 1930 personam,
1243 1886 1285 1918 ut
1313 1882 1442 1931 vulgo,
1482 1884 1529 1921 sit
1555 1886 1652 1923 refe-

997 1936 1174 1984 rendum,
1224 1938 1292 1974 sed
1325 1940 1374 1976 ad
1399 1939 1501 1989 ipsos
1533 1939 1652 1979 Lace-

999 1993 1222 2031 daemonios.
1262 1994 1344 2032 Vid.
1365 1995 1496 2033 Matth.
1519 1995 1556 2047 ᾗ.
1570 1999 1652 2040 289

999 2053 1075 2086 not.
1097 2051 1124 2090 9
1154 2063 1191 2099 p.
1214 2051 1310 2092 582.
1370 2052 1444 2090 Ubi
1473 2054 1570 2091 enim
1588 2049 1655 2092 οἷ).-

998 2102 1047 2143 tc}
1071 2109 1326 2156 exspectabas,
1355 2110 1501 2158 ponitur
1517 2123 1654 2161 prono-

998 2174 1082 2199 men
1108 2175 1187 2199 cum
1218 2165 1396 2213 particula
1423 2164 1479 2205 δέ.
1541 2167 1653 2210 Quod

998 2219 1170 2266 frequens
1212 2220 1402 2257 Herodoto
1440 2235 1524 2261 esse
1549 2223 1654 2261 multi

1000 2275 1197 2312 ostendunt
1221 2275 1290 2313 loci
1312 2289 1334 2313 a
1352 2278 1546 2328 Kmegtro
1565 2293 1653 2318 con-

1001 2331 1097 2378 gesti
1135 2331 1172 2366 in
1211 2332 1431 2371 Commentt.
1474 2336 1565 2373 critt.
1604 2337 1653 2374 de

1003 2385 1210 2434 Thucydid.
1228 2401 1263 2438 p.
1281 2389 1365 2430 264
1384 2390 1453 2438 (ad
1465 2392 1550 2429 calc.
1565 2393 1649 2431 edit.

1001 2440 1190 2490 Dionys),
1229 2456 1261 2481 v.
1287 2457 1317 2482 c.
1355 2446 1393 2493 I,
1425 2450 1518 2488 107.
1557 2451 1650 2490 123.

1003 2499 1084 2539 163
1107 2503 1173 2535 etc.
1193 2519 1248 2526 —-
1279 2500 1458 2550 Suscepta
1477 2504 1545 2540 fuit
1561 2504 1653 2542 haec

1003 2554 1184 2604 expeditio
1200 2567 1290 2604 rege
1311 2556 1471 2594 Charillo
1488 2572 1556 2597 nec
1565 2573 1652 2598 vero

1000 2622 1181 2661 prospero
1210 2624 1390 2650 successu.
1447 2614 1529 2653 Rex
1555 2617 1651 2654 enim

999 2666 1082 2715 ipse
1102 2666 1205 2705 clade
1225 2673 1373 2719 accepta
1393 2676 1543 2720 captus,
1571 2673 1652 2724 ple-

999 2722 1103 2771 rique
1120 2723 1383 2772 Spartanorum
1402 2727 1459 2763 vel
1477 2730 1574 2778 capti
1593 2729 1651 2767 vel

1000 2778 1082 2814 fusi.
1132 2778 1375 2818 Interfuerant
1393 2786 1576 2822 certamini
1594 2785 1652 2824 vel

1001 2833 1157 2872 feminae
1178 2835 1213 2872 T
1216 2842 1442 2884 egeataru1n3
1471 2842 1571 2878 cuius
1599 2842 1652 2879 rei

1001 2889 1039 2926 in
1065 2892 1276 2930 memoriam
1301 2893 1432 2932 Martis
1465 2901 1587 2936 statua
1613 2899 1651 2936 in
