1759 3324
619 255 837 294 CLlO.
894 254 922 292 1.
1319 254 1406 295 459

15 370 115 420 205

244 365 328 413 Ἦν
355 367 426 418 δὲ,
478 369 560 409 τοῦ
589 362 753 419 ἀνδρὸς
789 360 1123 415 ἀποθανόντος,
1168 360 1282 418 γυνὴ
1311 363 1401 404 τῶν
1414 366 1574 433 15εῇιὲιέξᾶ
1592 373 1735 435 affingat

1453 443 1536 473 tata,
1556 444 1644 471 parat
1662 442 1735 469 Ara-

787 442 980 499 Tdyvpt'g
1028 444 1072 486 Οἱ
1116 436 1171 499 ἦν
1210 439 1393 497 οὕνομα·
1453 481 1518 500 xem
1538 474 1689 503 traiicere.

137 446 456 503 Μασσαγετέων
503 445 722 500 βασίλεια·

137 527 298 584 ταύτην
324 527 502 581 πέμπων
531 523 555 567 ὁ
588 526 737 578 Κῦρος
775 521 933 578 ἐμνᾶτο
972 525 1032 580 τῷ
1075 520 1217 581 λόγῳ,
1262 519 1406 565 θέλων

109 611 326 663 Ξγυναῖκα
353 604 410 661 ἣν
438 604 558 659 ἔχειν.
618 601 646 659 ἡ
674 603 720 646 δὲ
754 601 946 659 Τόμυρις
984 606 1183 646 συνιεῖσα
1212 599 1296 645 οὐκ
1327 598 1405 644 αὔ-

132 685 212 742 τήν
240 701 315 741 μιν
343 682 599 741 μνώμενον,
654 680 764 726 ἄλλα
800 682 882 739 τήν
917 681 1244 738 Μασσαγετέων
1282 683 1405 738 βασι-

105 768 286 823 3ληῖῖην,
335 762 547 809 ἀπείπατο
592 762 673 820 τήν
716 761 953 818 πρόσοδον.
1010 764 1164 815 Κῦρος
1213 761 1259 804 δὲ
1294 759 1400 816 μετὰ

132 849 289 896 τοῦτο,
339 843 399 897 ὥς
428 847 473 889 οἱ
501 844 615 905 δόλῳ
646 842 701 889 οὐ
732 841 999 900 προεχώρεε,
1039 840 1194 890 ἐλάσας
1224 839 1293 883 ἐπὶ
1322 839 1457 883 τὸινέο

128 923 331 979 Ἀράξεα,
375 924 567 969 ἐποιέετο
601 926 647 970 ἐκ
675 928 754 969 τοῦ
792 922 1007 980 ἐμφανέος
1046 921 1113 964 ἐπὶ
1143 919 1247 971 τούς
1278 923 1402 962 Μασ-

136 1003 316 1062 σαγέτας
351 1008 606 1063 στρατηΐην,
664 1003 863 1061 γεφύρας
902 1019 946 1047 τε
977 999 1196 1057 ζευγνύων
1226 1000 1293 1043 ἐπὶ
1322 1002 1402 1042 τοῦ

79 1223 309 1261 Herodotum
339 1223 377 1260 in
409 1223 463 1261 his
493 1224 632 1262 variare
654 1236 738 1261 ora-

79 1280 188 1318 tionis
229 1283 375 1320 formaS.
442 1281 486 1317 Id
521 1282 622 1330 quod
651 1281 737 1317 satis

79 1340 284 1374 monstrant
314 1336 469 1387 plurima
516 1337 679 1387 exempla
715 1349 737 1374 a

81 1393 250 1431 ⁴Werfero
271 1398 448 1441 congesta
463 1394 500 1430 in
522 1393 616 1431 Actt.
636 1393 736 1446 phill.

80 1450 246 1487 Monacc.
272 1449 310 1497 I,
329 1453 354 1490 2
383 1463 470 1500 pag.
490 1449 586 1492 254.

276 1534 308 1572 c
322 1547 344 1572 a
358 1548 395 1585 p.
434 1534 549 1572 ccv.

143 1613 318 1670 Τόμυρίς
337 1618 380 1658 οἷ
403 1612 457 1670 ἦν
478 1616 661 1670 οὕνομα]
692 1619 736 1657 ln

80 1688 170 1713 voce
195 1671 364 1726 Τόμυρις
395 1676 585 1714 scribenda
614 1677 737 1714 Hero-

81 1732 181 1770 dotei
205 1731 284 1769 libri
315 1733 566 1781 consentiunt,
607 1745 737 1782 quam-

81 1801 191 1838 quam
212 1788 296 1825 alibi
328 1790 427 1839 apud
450 1789 540 1826 alios
572 1793 736 1826 auctores

80 1844 188 1882 valde
207 1845 358 1882 variant.
416 1846 494 1883 Sed
524 1846 592 1883 hae
624 1847 671 1884 de
695 1859 736 1883 re

79 1901 225 1939 uberius
255 1901 453 1952 disputavit
482 1902 733 1939 Hemsterhus.

81 1958 129 1995 ad
147 1957 298 1995 Lucian.
320 1958 530 2009 Contempl.
561 1957 599 2009 ἓ.
623 1961 675 2000 13
705 1973 734 1996 s.

80 2028 117 2066 p.
138 2014 221 2056 393
242 2027 319 2065 seq.
349 2019 375 2052 t.
394 2015 444 2052 ΙΙΙ
473 2016 530 2053 ed.
545 2015 628 2066 Bip.
657 2015 735 2053 coll.

81 2071 322 2122 Oudendorp.
340 2073 388 2109 ad
408 2072 575 2109 Frontin.
588 2072 633 2119 ΙΙ,
646 2072 736 2119 5,5.

81 2147 140 2156 -—
166 2127 335 2176 Ctesias,
365 2128 466 2178 quod
497 2128 584 2165 satis
608 2133 735 2166 notum

84 2188 161 2232 est,
179 2197 247 2222 nec
265 2183 559 2234 Massagetarum
580 2198 647 2223 nec
656 2184 738 2223 To-

84 2241 193 2290 myris
218 2243 370 2291 reginae
392 2241 501 2279 ullam
526 2242 609 2279 fecit
632 2255 737 2280 men-

83 2298 241 2346 tionem,
289 2304 466 2348 quantum
503 2299 650 2348 quidem
693 2311 739 2337 ex

85 2353 162 2392 eius
191 2355 406 2404 fragmentis
438 2355 609 2404 colligere
644 2355 739 2404 licet,

87 2410 154 2448 sed
178 2411 217 2447 in
245 2424 371 2461 pugna
409 2425 489 2449 cum
521 2411 738 2450 Derbicibus

87 2466 221 2514 Cyrum
237 2467 461 2506 vulneratum
480 2481 524 2505 ac
544 2469 628 2506 dein
641 2482 740 2505 mor-

87 2525 187 2559 tuum
219 2536 300 2562 esse
324 2526 435 2564 refert
465 2523 502 2576 §.
527 2527 565 2566 6.
585 2527 622 2566 8.
651 2525 743 2563 Per-

89 2578 195 2626 sicc.,
223 2580 284 2617 nbi
317 2581 389 2619 vid.
418 2594 513 2632 quae
539 2583 741 2619 notavimus

88 2646 175 2684 pag·
199 2637 277 2676 110
298 2650 400 2687 seqq.
459 2638 499 2675 In
529 2638 643 2689 priori
676 2651 742 2676 au-

90 2693 162 2727 tem
193 2693 348 2740 quadam
384 2694 473 2743 Cyri
509 2695 742 2746 expeditione

93 2745 264 2785 adversus
273 2749 384 2787 Sacas
396 2772 451 2778 --
464 2764 572 2800 quam
593 2756 742 2800 gentem

93 2801 280 2849 Scythicae
309 2805 428 2856 stirpis
449 2819 523 2844 non
544 2809 743 2845 admodum

94 2862 268 2897 remotam
313 2874 394 2899 esse
433 2863 480 2900 ab
520 2862 744 2914 Massagetis

96 2913 211 2962 quivis
223 2918 395 2956 concedet
402 2939 459 2946 —
467 2919 618 2958 similem
630 2933 746 2971 quan-

807 1222 891 1260 dam
918 1221 1106 1271 reginam,
1150 1223 1261 1270 atque
1289 1217 1459 1256 hocloco

807 1278 843 1316 T
846 1279 985 1327 omyrin
998 1307 1009 1324 ‚
1055 1281 1161 1314 vocat
1204 1276 1438 1326 Sparetliram
1448 1304 1460 1323 ‚

806 1348 900 1385 quae
932 1334 1128 1372 fortissime
1158 1347 1238 1370 cum
1267 1333 1366 1381 Cyro
1392 1345 1462 1382 pu-

806 1392 973 1440 gnaverit
1020 1391 1251 1439 eundemque
1312 1389 1462 1441 yicerit‚

807 1447 844 1499 ἓ.
868 1450 905 1489 3.
945 1448 1028 1491 Quo
1045 1447 1170 1484 itidem
1186 1446 1344 1492 faciunt,
1367 1446 1463 1494 qnae

808 1506 856 1542 de
892 1504 1059 1550 Zarina,
1095 1504 1294 1541 fortissima
1320 1502 1462 1550 regina,

809 1562 932 1599 scribit
970 1561 1179 1608 Diodorus,
1228 1560 1319 1607 alia,
1366 1571 1462 1609 quae

808 1619 856 1655 ad
877 1617 1020 1655 fabulas
1047 1618 1214 1654 traducta
1242 1616 1461 1654 narrationi-

802 1675 944 1724 busque
979 1673 1207 1711 Amazonum
1233 1674 1362 1711 addita
1399 1677 1462 1709 aut

803 1744 883 1768 cum
910 1731 952 1767 iis
982 1731 1173 1767 coniuncta
1200 1731 1312 1768 fuisse
1334 1730 1462 1767 viden-

802 1791 871 1825 tur.
929 1788 1007 1825 Sed
1040 1788 1086 1824 de
1112 1787 1154 1824 iis
1187 1801 1302 1838 penes
1332 1799 1461 1824 unum-

803 1857 987 1893 quemque
1017 1844 1188 1880 iudicium
1216 1849 1319 1890 est03
1359 1844 1462 1893 equi-

804 1901 888 1938 dem
918 1901 1154 1951 pronuntiare
1182 1902 1312 1947 nolim;
1344 1901 1462 1938 curio-

806 1971 868 1996 sos
899 1957 1026 1994 harum
1065 1971 1183 1995 rerum
1216 1958 1369 1996 lectores
1413 1957 1462 1994 ad

805 2014 966 2052 Ctesiam
988 2015 1146 2051 amando
1168 2019 1205 2052 et
1224 2016 1272 2051 ad
1291 2028 1347 2063 ea,
1367 2027 1463 2064 quae

803 2071 853 2108 ibi
874 2071 1046 2108 adnotavi
1064 2084 1151 2121 pag.
1171 2074 1226 2113 98
1248 2085 1326 2121 seq.

861 2126 1006 2178 ἐμνᾶτο
1027 2130 1082 2182 τῷ
1099 2125 1230 2182 λόγῳ]
1263 2131 1321 2181 τῷ
1344 2125 1466 2182 λόγῳ,

805 2184 861 2222 cui
908 2184 1122 2235 plerumque
1169 2187 1370 2236 opponitur
1410 2187 1469 2240 τῷ

807 2240 907 2294 ἔργῳ
945 2244 1012 2289 (re
1033 2254 1138 2290 vera,
1170 2255 1208 2279 re
1237 2243 1346 2293 ipsa)
1388 2247 1466 2281 est:

804 2298 906 2336 verbo
939 2298 1076 2348 quidem
1100 2299 1148 2347 (i.
1180 2313 1212 2337 e.
1238 2300 1359 2350 specie
1385 2304 1468 2337 tan-

805 2358 901 2402 tum,
932 2367 1000 2393 nec
1016 2355 1152 2404 serio),
1181 2356 1301 2394 missis
1323 2357 1469 2406 legatis,

808 2412 871 2461 qui
890 2413 987 2461 regis
1015 2412 1235 2451 voluntatem
1262 2414 1383 2452 verbis
1402 2414 1469 2451 de—

809 2468 999 2506 clararent.
1036 2490 1093 2497 —-
1122 2469 1162 2506 In
1196 2484 1300 2520 seqq.
1327 2467 1381 2519 ἢν
1410 2474 1469 2509 est

811 2537 914 2562 suam
935 2525 982 2562 ab
1015 2521 1059 2572 ὃς
1088 2526 1185 2577 (pro
1212 2525 1294 2574 ἕός,
1324 2527 1468 2565 Home-

810 2583 885 2619 rico
909 2595 953 2620 ex
974 2584 1089 2631 usu);
1118 2584 1214 2621 conf.
1243 2584 1375 2623 Matth.
1401 2585 1469 2622 Gr.

811 2639 880 2677 Gr.
902 2651 989 2690 pag.
1010 2642 1105 2681 279.

866 2694 1040 2735 ἐποιέετο
1053 2718 1109 2724 -
1125 2697 1363 2748 στρατηΐην]
1387 2696 1472 2734 Ma-

810 2750 873 2790 lim
906 2752 1128 2801 intelligere:
1165 2756 1315 2804 incoepit
1346 2754 1473 2804 facere

810 2807 1062 2859 expeditionem
1092 2822 1121 2847 s.
1153 2812 1336 2847 instituere
1360 2812 1472 2859 coepit

812 2864 1085 2916 expeditionem‚·
1137 2880 1211 2916 quo
1248 2867 1472 2916 exprimatur

813 2926 964 2960 conatus
993 2935 1023 2960 s.
1055 2922 1250 2961 voluntatis
1288 2923 1471 2972 significa-
