1759 3324
532 255 958 295 EUTERPE.
1005 256 1053 294 II.

1332 259 1415 299 741

149 365 288 411 αὐτοῦ
325 366 372 411 ἐν
409 364 650 422 Διομήδεος
689 362 913 421 ἀριστείῃ,
970 364 1081 420 λέγει
1121 364 1167 408 δὲ
1205 364 1258 409 τοὶ
1309 366 1414 411 ἔπεα

146 445 264 490 οὕτω
279 460 288 470 ·

216 521 323 558 ’Ἔνθ’
344 522 430 558 ἔσαν
452 522 489 557 οἱ
505 521 638 558 πέπλοι
658 522 921 566 παμποίκιλοι,
948 520 1036 567 ἔργα
1055 523 1241 567 γυναικοῖν

223 580 432 622 Σιδονίων,
463 578 531 618 τὰς
560 576 675 619 αὐτὸς
706 577 936 624 Ἀλέξανδρος
962 579 1138 624 θεοειδὴς

220 633 332 681 ἤγαγε
361 637 609 681 Σιδονίηθεν,
652 634 815 678 ἐπιπλὼς
844 635 957 682 εὐρέα
982 635 1136 680 πόντον,

219 693 290 738 τὴν
319 691 413 729 ὁδὸν
442 690 490 738 ἣν
514 690 660 739 Ἑλένην
687 706 755 739 περ
778 692 960 740 α’νήγαγεν
981 692 1233 740 εὐπατέρειαν.
1422 696 1468 733 40

82 880 266 927 Pherecli3
296 880 362 917 sed
384 878 453 915 hoc
481 877 567 915 nihil
596 879 644 915 ad
661 878 738 916 He-

81 937 239 974 rodotum
267 936 378 982 facit,
407 934 598 973 Homerum
629 936 738 973 etiam

83 994 169 1032 alibi
187 995 532 1031 commemorantem
543 1021 553 1039 ,
570 993 737 1042 nuspiam

82 1054 206 1088 tamen
222 1049 496 1099 appellatione5‚
516 1048 647 1097 quibus
656 1048 738 1085 Ho-

82 1107 173 1144 meri
198 1106 363 1143 carminis
393 1105 555 1142 diversas
584 1105 737 1153 insigni-

81 1176 166 1201 vere
183 1166 305 1212 partes
325 1161 559 1211 grammatici.
593 1160 735 1198 Primus

84 1220 180 1256 forte
224 1218 328 1256 Plato
367 1218 530 1255 meminit
559 1217 736 1264 Νεκυίας

82 1276 274 1324 Odysseae
299 1275 337 1311 in
357 1273 483 1311 Minoe
501 1275 644 1324 p.319‚
658 1273 734 1311 D.“

79 1331 151 1369 Vix
167 1336 288 1368 tamen
305 1343 429 1368 omnes
449 1331 651 1367 istiusmodi
668 1343 736 1380 ap·-

77 1388 293 1439 pellationes
313 1400 335 1423 a
355 1387 595 1435 grammaticis
618 1387 731 1423 serio-

77 1444 126 1481 ris
157 1445 284 1482 aetatis
315 1443 478 1480 inductas
520 1443 730 1491 credideris,

77 1501 107 1538 si
127 1500 309 1546 Platonis,
338 1498 565 1546 Aristotelis,
580 1500 730 1537 aliorum

77 1557 305 1603 testimonia,
327 1568 422 1606 quae
443 1555 649 1593 Nitzschius
669 1556 692 1593 l.
706 1555 728 1592 l.

77 1613 253 1662 collegit,
292 1613 506 1663 respexeris.
574 1613 731 1650 Gravius

77 1671 233 1707 fortasse
266 1668 352 1705 illud
385 1670 471 1716 erit,
510 1670 610 1717 quod
641 1669 732 1705 Dio-

77 1725 185 1762 medis
212 1725 349 1762 Aristz'a
369 1725 566 1762 vocabatur
588 1728 731 1775 quintus

77 1782 199 1819 Iliadis
221 1781 322 1828 liber,
343 1795 444 1828 cum,
467 1782 528 1830 qui
547 1782 731 1832 apudHe-

76 1839 247 1875 rodotum
289 1838 443 1875 citantur
487 1850 610 1875 versus
627 1867 637 1885 ‚
683 1838 731 1874 ad

77 1898 213 1932 sextum
243 1896 462 1945 pertineant.
536 1895 614 1931 Sed
642 1894 731 1943 quid

76 1951 252 2001 impedit,
293 1964 367 2000 quo
397 1950 514 1988 minus
541 1950 730 1988 Diomedis

76 2007 247 2044 Aristiam
277 2007 371 2043 ultra
405 2008 571 2056 quintum
600 2007 731 2045 librum

76 2063 160 2100 olim
189 2063 407 2113 pertinuisse
442 2069 654 2113 sextumque
687 2064 731 2100 li-

74 2120 178 2157 brum
190 2120 301 2157 etiam
320 2120 638 2170 comprehendisse
656 2124 730 2157 sta-

73 2179 215 2213 tuamus
227 2205 238 2224 ‚
258 2177 469 2227 praesertim
493 2190 572 2214 curn
592 2177 652 2214 illa
669 2189 729 2215 ae-

75 2235 150 2270 tate
179 2233 270 2270 fines
305 2232 526 2282 singulorum
553 2233 725 2270 librorum

75 2288 220 2326 vixdum
260 2289 311 2326 ita
349 2295 514 2327 accurate
558 2290 727 2327 constitui

75 2345 284 2393 videantur,
313 2347 618 2395 quemadmodum
635 2350 722 2396 post

75 2401 208 2438 sactum
230 2415 311 2439 esse
330 2402 519 2440 verisimile
540 2403 588 2440 fit.
614 2403 724 2440 Conf.

76 2456 207 2506 Heyne
227 2459 388 2496 observv.
420 2460 466 2496 ad
486 2459 637 2497 Homeri
659 2459 681 2496 l.
702 2459 725 2496 l.

79 2517 116 2550 et
134 2513 243 2550 Wolf.
265 2515 430 2566 prolegg.
456 2517 504 2552 ad
526 2516 726 2553 Homerum

77 2582 114 2618 p.
139 2569 274 2618 CVIII,
305 2576 497 2621 utrumque
516 2585 538 2609 a
559 2572 726 2622 Schwgh.

79 2623 232 2662 allatuin.
298 2627 392 2665 Sunt
428 2629 586 2678 denique
604 2658 616 2676 ,
663 2628 727 2678 qui

77 2679 263 2719 Diomedis
329 2697 472 2734 pugnas
546 2685 726 2735 peculiare

79 2737 262 2784 quoddam
299 2752 442 2778 carmen
480 2741 591 2778 fuisse
631 2742 728 2778 arbi-

78 2795 217 2829 trentur
235 2822 247 2841 ‚
283 2795 321 2831 in
365 2796 486 2834 Iliadis
521 2802 728 2836 contextum

79 2852 207 2897 postea
233 2850 378 2890 demum
401 2857 595 2903 receptum.
652 2854 729 2891 Sed

81 2908 335 2957 praeterquam
359 2909 460 2958 quod
485 2910 592 2948 certis
620 2922 730 2959 argu-

807 880 939 918 mentis
973 880 1146 919 destituta
1180 883 1235 918 est
1259 879 1350 919 haee
1381 893 1465 918 sen-

807 938 922 975 tentia
951 940 988 975 et
1014 937 1158 975 disertis
1185 936 1367 974 Herodoti
1384 951 1465 975 ver-

806 993 861 1030 bis
912 999 1093 1044 repugnat
1116 1023 1127 1042 ,
1170 996 1465 1031 commonstravit

804 1048 945 1098 Anglus
968 1050 1116 1097 doctus,
1157 1049 1247 1087 haec
1267 1051 1315 1087 ad
1336 1052 1463 1088 carmi-

804 1107 862 1142 nis
895 1111 1060 1144 tenorem
1088 1111 1125 1144 et
1155 1119 1287 1143 nexum
1318 1106 1368 1143 ita
1396 1120 1462 1145 ne-

805 1163 961 1199 cessaria
981 1176 1086 1210 esse,
1116 1168 1178 1208 ut,
1209 1162 1277 1199 illis
1298 1163 1461 1210 abiectis,

803 1218 944 1268 reliqua
971 1220 1089 1256 forent
1130 1231 1259 1255 manca
1296 1231 1364 1256 nec
1394 1221 1461 1257 sibi

804 1275 896 1312 bene
915 1275 1156 1313 cohaerentia.
1198 1275 1258 1312 Tu
1275 1275 1346 1313 vid.
1366 1275 1461 1325 Pay-

801 1343 849 1368 ne
861 1353 877 1358 -
888 1331 1042 1380 Knight.
1056 1332 1223 1382 prolegg.
1243 1331 1291 1368 ad
1307 1331 1458 1370 Homer.

801 1385 838 1439 ξ.
860 1388 982 1425 xxw
1009 1401 1047 1439 p.
1069 1389 1123 1430 24
1146 1389 1204 1427 ed.
1222 1387 1344 1425 Ruhk.

854 1496 956 1552 λέγει
977 1496 1020 1539 δὲ
1038 1496 1085 1538 τὰ
1113 1498 1208 1540 ἔπεα
1231 1495 1352 1550 οὕτω]
1386 1500 1459 1545 Qui

797 1561 1000 1606 sequuntur
1040 1570 1165 1594 versus
1188 1587 1201 1604 ,
1250 1561 1394 1595 exstant
1421 1558 1458 1594 in

797 1613 899 1650 Iliad.
920 1613 993 1661 VI,
1014 1615 1095 1655 289
1127 1626 1228 1663 seqq
1253 1619 1289 1651 et
1315 1626 1336 1650 a
1355 1614 1458 1650 Stra-

799 1670 896 1707 bone
938 1669 1094 1706 citantur
1132 1670 1147 1706 I
1181 1683 1266 1720 pag.
1297 1672 1371 1716 69,
1409 1669 1456 1716 E,

798 1726 860 1775 qui
881 1726 988 1763 etiam
1016 1725 1124 1773 (XVI
1143 1738 1228 1776 pag.
1252 1729 1373 1772 1097,
1394 1726 1457 1774 C)

798 1787 923 1819 monet
942 1810 953 1829 ‚
990 1784 1120 1832 poetas
1151 1782 1316 1819 Sidonem
1340 1783 1456 1830 magis

798 1851 907 1888 quam
933 1836 1066 1888 Tyrum
1088 1840 1344 1887 frequentare,
1373 1838 1455 1874 Ho-

797 1908 935 1932 merum
959 1907 1045 1931 vero
1073 1908 1119 1932 ne
1146 1907 1348 1933 memorare
1374 1895 1456 1943 qui-

798 1952 881 1988 dem
913 1950 949 1988 T
951 1964 1065 2000 yrum.
1124 1951 1201 1989 Sed
1229 1951 1454 2000 temporibus

798 2007 969 2044 Troianis
1005 2008 1165 2044 nondum
1209 2007 1245 2044 T
1247 2021 1331 2056 >Tus
1380 2012 1456 2044 tam

797 2063 891 2101 clara
910 2064 1022 2101 fuisse
1037 2063 1199 2110 videtur,
1221 2076 1330 2113 quam
1351 2068 1456 2113 post-

796 2119 864 2157 hac
883 2124 939 2158 est
960 2120 1068 2157 facta.
1127 2120 1211 2157 Vid.
1233 2120 1364 2168 Heyne
1388 2120 1455 2156 ob-

795 2189 910 2214 servv.
941 2176 990 2213 ad
1017 2176 1121 2214 Iliad.
1148 2175 1171 2213 l.
1203 2176 1226 2214 l.
1261 2189 1348 2228 pag.
1371 2176 1454 2218 254

794 2238 882 2271 tom.
899 2233 946 2271 V.

860 2341 1091 2392 ἐπιπλὼς
1130 2340 1247 2397 εὐρέα
1282 2340 1450 2396 πόντον]

792 2402 852 2441 De
902 2403 1082 2453 participii
1120 2403 1236 2440 forma
1277 2399 1452 2449 ἐπιπλώς

792 2460 866 2496 vid.
899 2460 1110 2497 Buttmann.
1143 2472 1294 2508 gramm.
1323 2459 1450 2496 maior.

793 2516 827 2554 Il
855 2528 941 2566 pag.
960 2511 991 2557 7¹
1014 2520 1089 2552 not.
1119 2529 1154 2566 p.
1172 2519 1265 2557 220.
1286 2538 1341 2543 -—
1360 2515 1451 2552 Mox

795 2567 994 2624 ἀνήγαγεν
1016 2573 1107 2609 dixit
1118 2573 1164 2609 ob
1181 2572 1450 2621 navigationem

795 2643 816 2667 e
844 2629 999 2666 Graecia
1032 2629 1069 2666 in
1103 2629 1258 2679 patriam
1287 2628 1450 2676 Troiam,

794 2686 857 2735 qui
879 2685 1013 2722 reditus
1034 2689 1101 2722 est.
1158 2685 1219 2722 Sic
1235 2690 1332 2723 certe
1349 2690 1451 2722 vete-

797 2755 855 2780 res
904 2741 1157 2791 grammatici3
1229 2754 1450 2791 quamquam

795 2799 942 2835 omnino
973 2799 1020 2836 de
1044 2798 1278 2846 navigatione
1300 2811 1320 2835 e
1341 2801 1450 2847 portu

795 2855 833 2891 in
864 2855 976 2891 altum
1016 2849 1180 2905 οἷνάγειν
1211 2854 1282 2891 dici
1323 2857 1449 2891 monet

795 2909 962 2961 Heynius
986 2910 1010 2947 l.
1031 2910 1054 2948 l.
1079 2922 1164 2962 pag.
1183 2909 1278 2952 255.
