<?xml version="1.0" encoding="UTF-8"?>
<!DOCTYPE html PUBLIC "-//W3C//DTD XHTML 1.0 Transitional//EN"
    "http://www.w3.org/TR/xhtml1/DTD/xhtml1-transitional.dtd">
<html xmlns="http://www.w3.org/1999/xhtml" xml:lang="en" lang="en">
 <head>
  <title>
</title>
<meta http-equiv="Content-Type" content="text/html;charset=utf-8" />
  <meta name='ocr-system' content='tesseract 3.04.00' />
  <meta name='ocr-capabilities' content='ocr_page ocr_carea ocr_par ocr_line ocrx_word'/>
</head>
<body>
  <div class='ocr_page' id='page_1' title='image "./musaeher01hero/musaeher01hero_0116.png"; bbox 0 0 1805 3315; ppageno 0'>
   <div class='ocr_carea' id='block_1_1' title="bbox 248 503 314 547">
    <p class='ocr_par' dir='ltr' id='par_1_1' title="bbox 248 503 314 547">
     <span class='ocr_line' id='line_1_1' title="bbox 248 503 314 547; baseline 0 0"><span class='ocrx_word' id='word_1_1' title='bbox 248 503 314 547; x_wconf 84' lang='lat'>42</span> 
     </span>
    </p>
   </div>
   <div class='ocr_carea' id='block_1_2' title="bbox 362 231 445 270">
    <p class='ocr_par' dir='ltr' id='par_1_2' title="bbox 362 231 445 270">
     <span class='ocr_line' id='line_1_2' title="bbox 362 231 445 270; baseline 0 0"><span class='ocrx_word' id='word_1_2' title='bbox 362 231 445 270; x_wconf 81' lang='lat'>102</span> 
     </span>
    </p>
   </div>
   <div class='ocr_carea' id='block_1_3' title="bbox 775 226 1244 266">
    <p class='ocr_par' dir='ltr' id='par_1_3' title="bbox 775 226 1244 266">
     <span class='ocr_line' id='line_1_3' title="bbox 775 226 1244 266; baseline -0.004 0"><span class='ocrx_word' id='word_1_3' title='bbox 775 226 1244 266; x_wconf 88' lang='lat' dir='ltr'>HERODOTI</span> 
     </span>
    </p>
   </div>
   <div class='ocr_carea' id='block_1_4' title="bbox 363 332 1653 393">
    <p class='ocr_par' dir='ltr' id='par_1_4' title="bbox 363 332 1653 393">
     <span class='ocr_line' id='line_1_4' title="bbox 363 332 1653 393; baseline -0.005 -10"><span class='ocrx_word' id='word_1_4' title='bbox 363 338 449 390; x_wconf 62' lang='grc' dir='ltr'>»δὲ</span> <span class='ocrx_word' id='word_1_5' title='bbox 474 335 640 393; x_wconf 82' lang='grc' dir='ltr'><strong><em>τούτῳ,</em></strong></span> <span class='ocrx_word' id='word_1_6' title='bbox 678 338 750 382; x_wconf 81' lang='grc' dir='ltr'>καὶ</span> <span class='ocrx_word' id='word_1_7' title='bbox 781 337 826 381; x_wconf 80' lang='grc' dir='ltr'>σε’</span> <span class='ocrx_word' id='word_1_8' title='bbox 860 354 929 382; x_wconf 90' lang='grc' dir='ltr'>τοι</span> <span class='ocrx_word' id='word_1_9' title='bbox 957 336 1097 393; x_wconf 76' lang='grc' dir='ltr'><strong><em>χρεών</em></strong></span> <span class='ocrx_word' id='word_1_10' title='bbox 1129 336 1217 379; x_wconf 81' lang='grc' dir='ltr'><strong><em>ἐστι</em></strong></span> <span class='ocrx_word' id='word_1_11' title='bbox 1258 334 1370 378; x_wconf 84' lang='grc' dir='ltr'><strong><em>ἰέναι</em></strong></span> <span class='ocrx_word' id='word_1_12' title='bbox 1399 334 1509 378; x_wconf 73' lang='grc' dir='ltr'><strong><em>ἔνθα</em></strong></span> <span class='ocrx_word' id='word_1_13' title='bbox 1542 332 1653 378; x_wconf 80' lang='grc' dir='ltr'><strong><em>ἀπο-</em></strong></span> 
     </span>
    </p>
   </div>
   <div class='ocr_carea' id='block_1_5' title="bbox 361 412 1701 474">
    <p class='ocr_par' dir='ltr' id='par_1_5' title="bbox 361 412 1701 474">
     <span class='ocr_line' id='line_1_5' title="bbox 361 412 1701 474; baseline -0.003 -13"><span class='ocrx_word' id='word_1_14' title='bbox 361 416 669 474; x_wconf 81' lang='grc' dir='ltr'><strong><em>,,λαμπρυ’νεαι</em></strong></span> <span class='ocrx_word' id='word_1_15' title='bbox 715 422 828 461; x_wconf 84' lang='grc' dir='ltr'><strong><em>τοῖσι</em></strong></span> <span class='ocrx_word' id='word_1_16' title='bbox 870 417 1056 472; x_wconf 77' lang='grc' dir='ltr'><strong><em>ἔργοισι·</em></strong></span> <span class='ocrx_word' id='word_1_17' title='bbox 1102 412 1327 471; x_wconf 79' lang='grc' dir='ltr'><strong><em>πατρώϊόν</em></strong></span> <span class='ocrx_word' id='word_1_18' title='bbox 1372 431 1416 458; x_wconf 85' lang='grc' dir='ltr'>τε</span> <span class='ocrx_word' id='word_1_19' title='bbox 1460 413 1544 470; x_wconf 73' lang='grc' dir='ltr'>γάρ</span> <span class='ocrx_word' id='word_1_20' title='bbox 1586 422 1701 458; x_wconf 68' lang='lat' dir='ltr'>vot-45</span> 
     </span>
    </p>
   </div>
   <div class='ocr_carea' id='block_1_6' title="bbox 363 493 1284 552">
    <p class='ocr_par' dir='ltr' id='par_1_6' title="bbox 363 493 1284 552">
     <span class='ocr_line' id='line_1_6' title="bbox 363 493 1284 552; baseline -0.003 -12"><span class='ocrx_word' id='word_1_21' title='bbox 363 497 510 548; x_wconf 76' lang='grc' dir='ltr'><strong><em>,,ἐστὶ,</em></strong></span> <span class='ocrx_word' id='word_1_22' title='bbox 556 498 630 540; x_wconf 82' lang='grc' dir='ltr'>καὶ</span> <span class='ocrx_word' id='word_1_23' title='bbox 676 496 855 551; x_wconf 80' lang='grc' dir='ltr'><strong><em>προσέτι</em></strong></span> <span class='ocrx_word' id='word_1_24' title='bbox 894 495 1018 552; x_wconf 80' lang='grc' dir='ltr'><strong><em>ῥώμη</em></strong></span> <span class='ocrx_word' id='word_1_25' title='bbox 1058 493 1284 550; x_wconf 69' lang='grc' dir='ltr'>ὑπάρχειόι</span> 
     </span>
    </p>
   </div>
   <div class='ocr_carea' id='block_1_7' title="bbox 1350 493 1654 550">
    <p class='ocr_par' dir='ltr' id='par_1_7' title="bbox 1350 493 1654 550">
     <span class='ocr_line' id='line_1_7' title="bbox 1350 493 1654 550; baseline 0 -13"><span class='ocrx_word' id='word_1_26' title='bbox 1350 493 1588 550; x_wconf 83' lang='grc' dir='ltr'><strong><em>Ἀμείβεται</em></strong></span> <span class='ocrx_word' id='word_1_27' title='bbox 1630 493 1654 536; x_wconf 87' lang='grc' dir='ltr'>ὁ</span> 
     </span>
    </p>
   </div>
   <div class='ocr_carea' id='block_1_8' title="bbox 350 570 1656 632">
    <p class='ocr_par' dir='ltr' id='par_1_8' title="bbox 350 570 1656 632">
     <span class='ocr_line' id='line_1_8' title="bbox 350 570 1656 632; baseline -0.002 -13"><span class='ocrx_word' id='word_1_28' title='bbox 350 575 609 632; x_wconf 66' lang='grc' dir='ltr'><strong><em>Ἄδρηστος·</em></strong></span> <span class='ocrx_word' id='word_1_29' title='bbox 646 570 730 627; x_wconf 66' lang='lat'>„³52</span> <span class='ocrx_word' id='word_1_30' title='bbox 767 579 971 632; x_wconf 82' lang='grc' dir='ltr'><strong><em>βασιλεῦ,</em></strong></span> <span class='ocrx_word' id='word_1_31' title='bbox 1011 574 1150 626; x_wconf 76' lang='grc' dir='ltr'><em>ἄλλως</em></span> <span class='ocrx_word' id='word_1_32' title='bbox 1189 575 1267 630; x_wconf 77' lang='grc' dir='ltr'>μὲν</span> <span class='ocrx_word' id='word_1_33' title='bbox 1306 574 1437 630; x_wconf 75' lang='grc' dir='ltr'><em>ἔγωγε</em></span> <span class='ocrx_word' id='word_1_34' title='bbox 1477 573 1532 618; x_wconf 76' lang='grc' dir='ltr'>ἂν</span> <span class='ocrx_word' id='word_1_35' title='bbox 1573 573 1656 618; x_wconf 83' lang='grc' dir='ltr'>οὐκ</span> 
     </span>
    </p>
   </div>
   <div class='ocr_carea' id='block_1_9' title="bbox 361 652 1657 712">
    <p class='ocr_par' dir='ltr' id='par_1_9' title="bbox 361 652 1657 712">
     <span class='ocr_line' id='line_1_9' title="bbox 361 652 1657 712; baseline -0.002 -13"><span class='ocrx_word' id='word_1_36' title='bbox 361 654 473 712; x_wconf 58' lang='grc' dir='ltr'>»ἤϊα</span> <span class='ocrx_word' id='word_1_37' title='bbox 503 655 545 706; x_wconf 75' lang='grc' dir='ltr'>ἐς</span> <span class='ocrx_word' id='word_1_38' title='bbox 573 652 735 699; x_wconf 79' lang='grc' dir='ltr'><strong><em>ἄεθλον</em></strong></span> <span class='ocrx_word' id='word_1_39' title='bbox 767 653 961 698; x_wconf 85' lang='grc' dir='ltr'><strong><em>τοιόνδε·</em></strong></span> <span class='ocrx_word' id='word_1_40' title='bbox 1008 653 1108 698; x_wconf 82' lang='grc' dir='ltr'><strong><em>οὔτε</em></strong></span> <span class='ocrx_word' id='word_1_41' title='bbox 1148 654 1232 709; x_wconf 79' lang='grc' dir='ltr'>γὰρ</span> <span class='ocrx_word' id='word_1_42' title='bbox 1274 658 1481 711; x_wconf 82' lang='grc' dir='ltr'><em>συμφορῇ</em></span> <span class='ocrx_word' id='word_1_43' title='bbox 1509 655 1657 710; x_wconf 78' lang='grc' dir='ltr'><em>τοιῇδε</em></span> 
     </span>
    </p>
   </div>
   <div class='ocr_carea' id='block_1_10' title="bbox 363 729 1654 790">
    <p class='ocr_par' dir='ltr' id='par_1_10' title="bbox 363 729 1654 790">
     <span class='ocr_line' id='line_1_10' title="bbox 363 729 1654 790; baseline 0 -13"><span class='ocrx_word' id='word_1_44' title='bbox 363 732 659 790; x_wconf 79' lang='grc' dir='ltr'><strong><em>,,κεχρημε’νον</em></strong></span> <span class='ocrx_word' id='word_1_45' title='bbox 699 732 818 784; x_wconf 81' lang='grc' dir='ltr'><strong><em>οἰκός</em></strong></span> <span class='ocrx_word' id='word_1_46' title='bbox 855 733 943 776; x_wconf 83' lang='grc' dir='ltr'><strong><em>ἐστι</em></strong></span> <span class='ocrx_word' id='word_1_47' title='bbox 987 733 1028 784; x_wconf 79' lang='grc' dir='ltr'>ἐς</span> <span class='ocrx_word' id='word_1_48' title='bbox 1058 731 1269 790; x_wconf 79' lang='grc' dir='ltr'><em>ὁμήλικας</em></span> <span class='ocrx_word' id='word_1_49' title='bbox 1300 729 1347 776; x_wconf 80' lang='grc' dir='ltr'>εὖ</span> <span class='ocrx_word' id='word_1_50' title='bbox 1378 733 1654 790; x_wconf 81' lang='grc' dir='ltr'><strong><em>πρήσσοντας</em></strong></span> 
     </span>
    </p>
   </div>
   <div class='ocr_carea' id='block_1_11' title="bbox 362 810 1702 870">
    <p class='ocr_par' dir='ltr' id='par_1_11' title="bbox 362 810 1702 870">
     <span class='ocr_line' id='line_1_11' title="bbox 362 810 1702 870; baseline 0 -14"><span class='ocrx_word' id='word_1_51' title='bbox 362 814 529 865; x_wconf 81' lang='grc' dir='ltr'><strong><em>,,ι’ἑναι,</em></strong></span> <span class='ocrx_word' id='word_1_52' title='bbox 580 811 678 855; x_wconf 82' lang='grc' dir='ltr'><strong><em>οὔτε</em></strong></span> <span class='ocrx_word' id='word_1_53' title='bbox 725 813 774 855; x_wconf 87' lang='grc' dir='ltr'>τὸ</span> <span class='ocrx_word' id='word_1_54' title='bbox 824 810 1060 867; x_wconf 76' lang='grc' dir='ltr'><strong><em>βούλεσθαι</em></strong></span> <span class='ocrx_word' id='word_1_55' title='bbox 1100 810 1242 866; x_wconf 79' lang='grc' dir='ltr'><em>πάρα·</em></span> <span class='ocrx_word' id='word_1_56' title='bbox 1283 816 1476 870; x_wconf 80' lang='grc' dir='ltr'><strong><em>πολλαχῆ</em></strong></span> <span class='ocrx_word' id='word_1_57' title='bbox 1515 831 1560 858; x_wconf 81' lang='grc' dir='ltr'>τε</span> <span class='ocrx_word' id='word_1_58' title='bbox 1601 811 1702 858; x_wconf 75' lang='grc' dir='ltr'>ἂνὸο</span> 
     </span>
    </p>
   </div>
   <div class='ocr_carea' id='block_1_12' title="bbox 321 936 590 944">
    <p class='ocr_par' dir='ltr' id='par_1_12' title="bbox 321 936 590 944">
     <span class='ocr_line' id='line_1_12' title="bbox 321 936 590 944; baseline 0 2371"><span class='ocrx_word' id='word_1_59' title='bbox 321 936 590 944; x_wconf 95' lang='lat' dir='ltr'> </span> 
     </span>
    </p>
   </div>
   <div class='ocr_carea' id='block_1_13' title="bbox 318 1007 978 2682">
    <p class='ocr_par' dir='ltr' id='par_1_13' title="bbox 318 1007 978 2682">
     <span class='ocr_line' id='line_1_13' title="bbox 319 1007 974 1063; baseline 0 -13"><span class='ocrx_word' id='word_1_60' title='bbox 319 1007 446 1063; x_wconf 71' lang='grc' dir='ltr'><strong><em>χρεών</em></strong></span> <span class='ocrx_word' id='word_1_61' title='bbox 465 1009 546 1050; x_wconf 81' lang='grc' dir='ltr'><strong><em>ἔστι</em></strong></span> <span class='ocrx_word' id='word_1_62' title='bbox 568 1009 695 1057; x_wconf 82' lang='grc' dir='ltr'><strong><em>ἰέναι]</em></strong></span> <span class='ocrx_word' id='word_1_63' title='bbox 718 1009 856 1060; x_wconf 83' lang='lat' dir='ltr'>Vulgo:</span> <span class='ocrx_word' id='word_1_64' title='bbox 878 1009 974 1063; x_wconf 79' lang='grc' dir='ltr'><em>πρὸς</em></span> 
     </span>
     <span class='ocr_line' id='line_1_14' title="bbox 320 1067 973 1117; baseline -0.002 -10"><span class='ocrx_word' id='word_1_65' title='bbox 320 1067 363 1108; x_wconf 72' lang='grc' dir='ltr'>δὲ</span> <span class='ocrx_word' id='word_1_66' title='bbox 393 1069 532 1117; x_wconf 84' lang='grc' dir='ltr'><strong><em>τοῦτο,</em></strong></span> <span class='ocrx_word' id='word_1_67' title='bbox 573 1068 672 1105; x_wconf 86' lang='lat' dir='ltr'>cuius</span> <span class='ocrx_word' id='word_1_68' title='bbox 701 1067 782 1104; x_wconf 89' lang='lat' dir='ltr'>loco</span> <span class='ocrx_word' id='word_1_69' title='bbox 814 1068 973 1106; x_wconf 85' lang='lat' dir='ltr'>Valcke-</span> 
     </span>
     <span class='ocr_line' id='line_1_15' title="bbox 320 1120 975 1176; baseline 0.003 -13"><span class='ocrx_word' id='word_1_70' title='bbox 320 1138 397 1163; x_wconf 83' lang='lat' dir='ltr'>nar.</span> <span class='ocrx_word' id='word_1_71' title='bbox 414 1126 627 1176; x_wconf 86' lang='lat' dir='ltr'>proposuit:</span> <span class='ocrx_word' id='word_1_72' title='bbox 658 1120 755 1176; x_wconf 83' lang='grc' dir='ltr'>πρὸ</span> <span class='ocrx_word' id='word_1_73' title='bbox 771 1139 790 1171; x_wconf 85' lang='grc' dir='ltr'><strong><em>ς</em></strong></span> <span class='ocrx_word' id='word_1_74' title='bbox 821 1122 896 1172; x_wconf 82' lang='grc' dir='ltr'>δὲ,</span> <span class='ocrx_word' id='word_1_75' title='bbox 929 1123 975 1171; x_wconf 77' lang='grc' dir='ltr'>ἐς</span> 
     </span>
     <span class='ocr_line' id='line_1_16' title="bbox 320 1179 973 1232; baseline -0.003 -12"><span class='ocrx_word' id='word_1_76' title='bbox 320 1183 471 1220; x_wconf 79' lang='grc' dir='ltr'><strong><em>τοῦτο</em></strong></span> <span class='ocrx_word' id='word_1_77' title='bbox 503 1179 572 1220; x_wconf 82' lang='grc' dir='ltr'>καὶ</span> <span class='ocrx_word' id='word_1_78' title='bbox 595 1179 637 1220; x_wconf 84' lang='grc' dir='ltr'>σε’</span> <span class='ocrx_word' id='word_1_79' title='bbox 661 1195 723 1220; x_wconf 86' lang='grc' dir='ltr'>τοι</span> <span class='ocrx_word' id='word_1_80' title='bbox 752 1195 809 1232; x_wconf 82' lang='grc' dir='ltr'>χρ.</span> <span class='ocrx_word' id='word_1_81' title='bbox 836 1179 865 1220; x_wconf 82' lang='grc' dir='ltr'>ἒ.</span> <span class='ocrx_word' id='word_1_82' title='bbox 889 1179 973 1230; x_wconf 83' lang='grc' dir='ltr'><strong><em>ἰέν.,</em></strong></span> 
     </span>
     <span class='ocr_line' id='line_1_17' title="bbox 321 1236 976 1286; baseline 0.002 -10"><span class='ocrx_word' id='word_1_83' title='bbox 321 1242 362 1276; x_wconf 90' lang='lat' dir='ltr'>ut</span> <span class='ocrx_word' id='word_1_84' title='bbox 385 1236 423 1283; x_wconf 82' lang='grc' dir='ltr'>ἒς</span> <span class='ocrx_word' id='word_1_85' title='bbox 444 1238 562 1276; x_wconf 78' lang='grc' dir='ltr'><strong><em>τοῦτο</em></strong></span> <span class='ocrx_word' id='word_1_86' title='bbox 574 1237 747 1286; x_wconf 88' lang='lat' dir='ltr'>iungatur</span> <span class='ocrx_word' id='word_1_87' title='bbox 769 1250 848 1275; x_wconf 92' lang='lat' dir='ltr'>cum</span> <span class='ocrx_word' id='word_1_88' title='bbox 872 1236 976 1277; x_wconf 82' lang='grc' dir='ltr'><strong><em>ἰέναι</em></strong></span> 
     </span>
     <span class='ocr_line' id='line_1_18' title="bbox 320 1291 976 1343; baseline 0.002 -13"><span class='ocrx_word' id='word_1_89' title='bbox 320 1294 427 1331; x_wconf 79' lang='lat' dir='ltr'>simili</span> <span class='ocrx_word' id='word_1_90' title='bbox 446 1295 523 1331; x_wconf 86' lang='lat' dir='ltr'>fere</span> <span class='ocrx_word' id='word_1_91' title='bbox 541 1294 756 1343; x_wconf 90' lang='lat' dir='ltr'>m0d0,quo</span> <span class='ocrx_word' id='word_1_92' title='bbox 778 1291 881 1333; x_wconf 84' lang='grc' dir='ltr'><strong><em>ἰέναι</em></strong></span> <span class='ocrx_word' id='word_1_93' title='bbox 896 1308 976 1332; x_wconf 90' lang='lat' dir='ltr'>cum</span> 
     </span>
     <span class='ocr_line' id='line_1_19' title="bbox 321 1349 977 1400; baseline -0.003 -10"><span class='ocrx_word' id='word_1_94' title='bbox 321 1349 362 1397; x_wconf 72' lang='grc' dir='ltr'>ἐς</span> <span class='ocrx_word' id='word_1_95' title='bbox 378 1351 537 1388; x_wconf 90' lang='lat' dir='ltr'>iunctum</span> <span class='ocrx_word' id='word_1_96' title='bbox 555 1350 756 1400; x_wconf 82' lang='lat' dir='ltr'>reperiatur</span> <span class='ocrx_word' id='word_1_97' title='bbox 774 1350 810 1397; x_wconf 88' lang='lat' dir='ltr'>I,</span> <span class='ocrx_word' id='word_1_98' title='bbox 831 1350 898 1392; x_wconf 80' lang='lat'>42.</span> <span class='ocrx_word' id='word_1_99' title='bbox 929 1351 977 1400; x_wconf 85' lang='lat' dir='ltr'>II,</span> 
     </span>
     <span class='ocr_line' id='line_1_20' title="bbox 321 1403 978 1459; baseline 0 -14"><span class='ocrx_word' id='word_1_100' title='bbox 321 1409 399 1452; x_wconf 86' lang='lat'>15,</span> <span class='ocrx_word' id='word_1_101' title='bbox 440 1411 478 1445; x_wconf 87' lang='lat' dir='ltr'>et</span> <span class='ocrx_word' id='word_1_102' title='bbox 505 1404 607 1459; x_wconf 79' lang='grc' dir='ltr'><strong><em>πρός</em></strong></span> <span class='ocrx_word' id='word_1_103' title='bbox 639 1403 681 1446; x_wconf 80' lang='grc' dir='ltr'>δὲ</span> <span class='ocrx_word' id='word_1_104' title='bbox 724 1406 906 1444; x_wconf 81' lang='lat' dir='ltr'>Herodoti</span> <span class='ocrx_word' id='word_1_105' title='bbox 935 1420 978 1445; x_wconf 85' lang='lat' dir='ltr'>ex</span> 
     </span>
     <span class='ocr_line' id='line_1_21' title="bbox 319 1463 975 1514; baseline 0 -13"><span class='ocrx_word' id='word_1_106' title='bbox 319 1477 388 1501; x_wconf 87' lang='lat' dir='ltr'>usu</span> <span class='ocrx_word' id='word_1_107' title='bbox 436 1463 632 1514; x_wconf 81' lang='lat' dir='ltr'>explicetur</span> <span class='ocrx_word' id='word_1_108' title='bbox 680 1467 874 1513; x_wconf 80' lang='lat' dir='ltr'>praeterea.</span> <span class='ocrx_word' id='word_1_109' title='bbox 933 1464 975 1501; x_wconf 92' lang='lat' dir='ltr'>In</span> 
     </span>
     <span class='ocr_line' id='line_1_22' title="bbox 318 1519 977 1570; baseline 0.002 -14"><span class='ocrx_word' id='word_1_110' title='bbox 318 1533 392 1570; x_wconf 91' lang='lat' dir='ltr'>quo</span> <span class='ocrx_word' id='word_1_111' title='bbox 434 1519 583 1558; x_wconf 89' lang='lat' dir='ltr'>Reizius</span> <span class='ocrx_word' id='word_1_112' title='bbox 621 1519 799 1557; x_wconf 85' lang='lat' dir='ltr'>Batavum</span> <span class='ocrx_word' id='word_1_113' title='bbox 830 1520 977 1557; x_wconf 88' lang='lat' dir='ltr'>doctum</span> 
     </span>
     <span class='ocr_line' id='line_1_23' title="bbox 320 1576 976 1624; baseline 0 -10"><span class='ocrx_word' id='word_1_114' title='bbox 320 1580 465 1614; x_wconf 88' lang='lat' dir='ltr'>secutus</span> <span class='ocrx_word' id='word_1_115' title='bbox 478 1580 556 1624; x_wconf 86' lang='lat' dir='ltr'>est,</span> <span class='ocrx_word' id='word_1_116' title='bbox 585 1576 828 1614; x_wconf 90' lang='lat' dir='ltr'>coniecturam</span> <span class='ocrx_word' id='word_1_117' title='bbox 840 1576 876 1613; x_wconf 89' lang='lat' dir='ltr'>in</span> <span class='ocrx_word' id='word_1_118' title='bbox 898 1581 976 1614; x_wconf 79' lang='lat' dir='ltr'>tex-</span> 
     </span>
     <span class='ocr_line' id='line_1_24' title="bbox 321 1632 976 1683; baseline 0 -13"><span class='ocrx_word' id='word_1_119' title='bbox 321 1637 398 1670; x_wconf 91' lang='lat' dir='ltr'>tum</span> <span class='ocrx_word' id='word_1_120' title='bbox 433 1633 553 1683; x_wconf 89' lang='lat' dir='ltr'>ipsum</span> <span class='ocrx_word' id='word_1_121' title='bbox 600 1632 799 1682; x_wconf 85' lang='lat' dir='ltr'>recipiens,</span> <span class='ocrx_word' id='word_1_122' title='bbox 837 1645 859 1669; x_wconf 94' lang='lat' dir='ltr'>a</span> <span class='ocrx_word' id='word_1_123' title='bbox 892 1633 976 1670; x_wconf 90' lang='lat' dir='ltr'>reli-</span> 
     </span>
     <span class='ocr_line' id='line_1_25' title="bbox 321 1688 976 1738; baseline 0.003 -14"><span class='ocrx_word' id='word_1_124' title='bbox 321 1690 403 1738; x_wconf 88' lang='lat' dir='ltr'>quis</span> <span class='ocrx_word' id='word_1_125' title='bbox 437 1689 520 1726; x_wconf 89' lang='lat' dir='ltr'>edd.</span> <span class='ocrx_word' id='word_1_126' title='bbox 560 1688 749 1735; x_wconf 87' lang='lat' dir='ltr'>reiectam,</span> <span class='ocrx_word' id='word_1_127' title='bbox 803 1702 883 1726; x_wconf 90' lang='lat' dir='ltr'>cum</span> <span class='ocrx_word' id='word_1_128' title='bbox 917 1689 976 1727; x_wconf 87' lang='lat' dir='ltr'>alii</span> 
     </span>
     <span class='ocr_line' id='line_1_26' title="bbox 319 1741 972 1799; baseline 0.003 -18"><span class='ocrx_word' id='word_1_129' title='bbox 319 1745 400 1782; x_wconf 84' lang='lat' dir='ltr'><strong>libri</strong></span> <span class='ocrx_word' id='word_1_130' title='bbox 421 1746 559 1782; x_wconf 84' lang='lat' dir='ltr'>ferrent</span> <span class='ocrx_word' id='word_1_131' title='bbox 579 1741 677 1796; x_wconf 81' lang='grc' dir='ltr'><em>πρὸς</em></span> <span class='ocrx_word' id='word_1_132' title='bbox 710 1742 752 1783; x_wconf 82' lang='grc' dir='ltr'>δὲ</span> <span class='ocrx_word' id='word_1_133' title='bbox 773 1741 899 1799; x_wconf 75' lang='grc' dir='ltr'><strong><em>τούτῳ</em></strong></span> <span class='ocrx_word' id='word_1_134' title='bbox 930 1746 972 1793; x_wconf 89' lang='lat' dir='ltr'>(i.</span> 
     </span>
     <span class='ocr_line' id='line_1_27' title="bbox 321 1801 973 1851; baseline 0 -12"><span class='ocrx_word' id='word_1_135' title='bbox 321 1815 353 1840; x_wconf 87' lang='lat' dir='ltr'>e.</span> <span class='ocrx_word' id='word_1_136' title='bbox 380 1804 583 1851; x_wconf 80' lang='lat' dir='ltr'>praeterea,</span> <span class='ocrx_word' id='word_1_137' title='bbox 622 1801 671 1838; x_wconf 83' lang='lat' dir='ltr'>ad</span> <span class='ocrx_word' id='word_1_138' title='bbox 697 1801 834 1850; x_wconf 78' lang='lat' dir='ltr'>haec),</span> <span class='ocrx_word' id='word_1_139' title='bbox 873 1802 973 1851; x_wconf 92' lang='lat' dir='ltr'>quod</span> 
     </span>
     <span class='ocr_line' id='line_1_28' title="bbox 318 1857 974 1896; baseline 0.003 -2"><span class='ocrx_word' id='word_1_140' title='bbox 318 1858 417 1895; x_wconf 84' lang='lat' dir='ltr'>idem</span> <span class='ocrx_word' id='word_1_141' title='bbox 445 1857 528 1896; x_wconf 90' lang='lat' dir='ltr'>olim</span> <span class='ocrx_word' id='word_1_142' title='bbox 557 1857 713 1895; x_wconf 86' lang='lat' dir='ltr'>Reiskio</span> <span class='ocrx_word' id='word_1_143' title='bbox 752 1858 790 1895; x_wconf 88' lang='lat' dir='ltr'>in</span> <span class='ocrx_word' id='word_1_144' title='bbox 815 1863 974 1896; x_wconf 86' lang='lat' dir='ltr'>mentem</span> 
     </span>
     <span class='ocr_line' id='line_1_29' title="bbox 319 1913 974 1952; baseline 0 -2"><span class='ocrx_word' id='word_1_145' title='bbox 319 1918 480 1952; x_wconf 75' lang='lat' dir='ltr'>venerat.</span> <span class='ocrx_word' id='word_1_146' title='bbox 536 1913 717 1951; x_wconf 90' lang='lat' dir='ltr'>Particula</span> <span class='ocrx_word' id='word_1_147' title='bbox 747 1928 807 1952; x_wconf 74' lang='grc' dir='ltr'>τοι,</span> <span class='ocrx_word' id='word_1_148' title='bbox 824 1927 899 1951; x_wconf 89' lang='lat' dir='ltr'>non</span> <span class='ocrx_word' id='word_1_149' title='bbox 924 1914 974 1950; x_wconf 88' lang='lat' dir='ltr'>si-</span> 
     </span>
     <span class='ocr_line' id='line_1_30' title="bbox 319 1969 975 2019; baseline 0 -11"><span class='ocrx_word' id='word_1_150' title='bbox 319 1983 368 2008; x_wconf 90' lang='lat' dir='ltr'>ne</span> <span class='ocrx_word' id='word_1_151' title='bbox 397 1969 433 2006; x_wconf 87' lang='lat' dir='ltr'>vi</span> <span class='ocrx_word' id='word_1_152' title='bbox 462 1970 620 2019; x_wconf 87' lang='lat' dir='ltr'>quadam</span> <span class='ocrx_word' id='word_1_153' title='bbox 650 1971 790 2007; x_wconf 88' lang='lat' dir='ltr'>adiecta</span> <span class='ocrx_word' id='word_1_154' title='bbox 821 1974 896 2018; x_wconf 84' lang='lat' dir='ltr'>est,</span> <span class='ocrx_word' id='word_1_155' title='bbox 934 1975 975 2008; x_wconf 91' lang='lat' dir='ltr'>ut</span> 
     </span>
     <span class='ocr_line' id='line_1_31' title="bbox 320 2026 973 2074; baseline 0 -11"><span class='ocrx_word' id='word_1_156' title='bbox 320 2026 511 2073; x_wconf 81' lang='lat' dir='ltr'>observat,</span> <span class='ocrx_word' id='word_1_157' title='bbox 542 2031 715 2063; x_wconf 88' lang='lat' dir='ltr'>monente</span> <span class='ocrx_word' id='word_1_158' title='bbox 736 2026 826 2074; x_wconf 84' lang='lat' dir='ltr'>Cr.,</span> <span class='ocrx_word' id='word_1_159' title='bbox 855 2026 973 2063; x_wconf 85' lang='lat' dir='ltr'>Hein-</span> 
     </span>
     <span class='ocr_line' id='line_1_32' title="bbox 320 2081 975 2131; baseline 0 -12"><span class='ocrx_word' id='word_1_160' title='bbox 320 2082 414 2119; x_wconf 89' lang='lat' dir='ltr'>dorf.</span> <span class='ocrx_word' id='word_1_161' title='bbox 472 2081 522 2118; x_wconf 85' lang='lat' dir='ltr'>ad</span> <span class='ocrx_word' id='word_1_162' title='bbox 578 2081 725 2119; x_wconf 83' lang='lat' dir='ltr'>Platon.</span> <span class='ocrx_word' id='word_1_163' title='bbox 784 2082 975 2131; x_wconf 84' lang='lat' dir='ltr'>Protagor.</span> 
     </span>
     <span class='ocr_line' id='line_1_33' title="bbox 318 2136 976 2190; baseline 0.002 -16"><span class='ocrx_word' id='word_1_164' title='bbox 318 2151 407 2190; x_wconf 85' lang='lat' dir='ltr'>pag.</span> <span class='ocrx_word' id='word_1_165' title='bbox 435 2136 518 2180; x_wconf 83' lang='lat'>486</span> <span class='ocrx_word' id='word_1_166' title='bbox 541 2150 619 2187; x_wconf 86' lang='lat' dir='ltr'>seq.</span> <span class='ocrx_word' id='word_1_167' title='bbox 648 2159 705 2166; x_wconf 92' lang='lat'>-—</span> <span class='ocrx_word' id='word_1_168' title='bbox 733 2137 820 2175; x_wconf 87' lang='lat' dir='ltr'>Mox</span> <span class='ocrx_word' id='word_1_169' title='bbox 850 2138 976 2176; x_wconf 90' lang='lat' dir='ltr'>melio-</span> 
     </span>
     <span class='ocr_line' id='line_1_34' title="bbox 320 2193 974 2243; baseline 0.002 -12"><span class='ocrx_word' id='word_1_170' title='bbox 320 2207 380 2231; x_wconf 89' lang='lat' dir='ltr'>res</span> <span class='ocrx_word' id='word_1_171' title='bbox 418 2193 520 2241; x_wconf 87' lang='lat' dir='ltr'><strong>libri,</strong></span> <span class='ocrx_word' id='word_1_172' title='bbox 557 2206 649 2243; x_wconf 84' lang='lat' dir='ltr'>quos</span> <span class='ocrx_word' id='word_1_173' title='bbox 679 2195 794 2231; x_wconf 86' lang='lat' dir='ltr'>secuti</span> <span class='ocrx_word' id='word_1_174' title='bbox 831 2207 974 2232; x_wconf 85' lang='lat' dir='ltr'>sumus:</span> 
     </span>
     <span class='ocr_line' id='line_1_35' title="bbox 321 2245 977 2302; baseline 0.002 -14"><span class='ocrx_word' id='word_1_175' title='bbox 321 2245 654 2302; x_wconf 74' lang='grc' dir='ltr'><strong><em>α’πολαμπρύνεαι</em></strong></span> <span class='ocrx_word' id='word_1_176' title='bbox 673 2263 740 2300; x_wconf 89' lang='lat' dir='ltr'>pro</span> <span class='ocrx_word' id='word_1_177' title='bbox 760 2251 855 2299; x_wconf 79' lang='lat' dir='ltr'>vulg.</span> <span class='ocrx_word' id='word_1_178' title='bbox 879 2247 977 2289; x_wconf 82' lang='grc' dir='ltr'><strong><em>α’πο-</em></strong></span> 
     </span>
     <span class='ocr_line' id='line_1_36' title="bbox 320 2302 977 2357; baseline -0.002 -12"><span class='ocrx_word' id='word_1_179' title='bbox 320 2302 603 2357; x_wconf 79' lang='grc' dir='ltr'><strong><em>λαμπρύνεται.</em></strong></span> <span class='ocrx_word' id='word_1_180' title='bbox 671 2306 856 2344; x_wconf 80' lang='lat' dir='ltr'>Invenitur</span> <span class='ocrx_word' id='word_1_181' title='bbox 884 2308 977 2344; x_wconf 86' lang='lat' dir='ltr'>infra</span> 
     </span>
     <span class='ocr_line' id='line_1_37' title="bbox 320 2357 975 2414; baseline 0.002 -14"><span class='ocrx_word' id='word_1_182' title='bbox 320 2362 392 2410; x_wconf 82' lang='lat' dir='ltr'>Vl,</span> <span class='ocrx_word' id='word_1_183' title='bbox 419 2365 474 2404; x_wconf 89' lang='lat'>70</span> <span class='ocrx_word' id='word_1_184' title='bbox 505 2357 895 2414; x_wconf 73' lang='grc' dir='ltr'><strong><em>ἅπολαμπρύνεσθαι</em></strong></span> <span class='ocrx_word' id='word_1_185' title='bbox 918 2361 975 2414; x_wconf 76' lang='grc' dir='ltr'>ἕρ-</span> 
     </span>
     <span class='ocr_line' id='line_1_38' title="bbox 319 2418 976 2471; baseline -0.003 -13"><span class='ocrx_word' id='word_1_186' title='bbox 319 2432 428 2471; x_wconf 74' lang='grc' dir='ltr'><strong><em>γοις,</em></strong></span> <span class='ocrx_word' id='word_1_187' title='bbox 459 2420 559 2468; x_wconf 91' lang='lat' dir='ltr'>quod</span> <span class='ocrx_word' id='word_1_188' title='bbox 578 2418 820 2456; x_wconf 84' lang='lat' dir='ltr'>Valckenario</span> <span class='ocrx_word' id='word_1_189' title='bbox 845 2420 976 2466; x_wconf 88' lang='lat' dir='ltr'>iudice,</span> 
     </span>
     <span class='ocr_line' id='line_1_39' title="bbox 320 2475 977 2524; baseline 0 -12"><span class='ocrx_word' id='word_1_190' title='bbox 320 2475 508 2512; x_wconf 90' lang='lat' dir='ltr'>minimum</span> <span class='ocrx_word' id='word_1_191' title='bbox 545 2475 658 2512; x_wconf 86' lang='lat' dir='ltr'>distat</span> <span class='ocrx_word' id='word_1_192' title='bbox 693 2476 740 2512; x_wconf 86' lang='lat' dir='ltr'>ab</span> <span class='ocrx_word' id='word_1_193' title='bbox 767 2489 835 2522; x_wconf 89' lang='lat' dir='ltr'>eo,</span> <span class='ocrx_word' id='word_1_194' title='bbox 878 2476 977 2524; x_wconf 89' lang='lat' dir='ltr'>quod</span> 
     </span>
     <span class='ocr_line' id='line_1_40' title="bbox 319 2531 977 2581; baseline 0.003 -12"><span class='ocrx_word' id='word_1_195' title='bbox 319 2532 393 2579; x_wconf 83' lang='lat'>111,</span> <span class='ocrx_word' id='word_1_196' title='bbox 417 2531 498 2573; x_wconf 85' lang='lat'>134</span> <span class='ocrx_word' id='word_1_197' title='bbox 523 2531 657 2580; x_wconf 82' lang='lat' dir='ltr'>legitur</span> <span class='ocrx_word' id='word_1_198' title='bbox 688 2531 910 2581; x_wconf 81' lang='grc' dir='ltr'><strong><em>φαίνεσθαί</em></strong></span> <span class='ocrx_word' id='word_1_199' title='bbox 939 2546 977 2570; x_wconf 87' lang='grc' dir='ltr'>τι</span> 
     </span>
     <span class='ocr_line' id='line_1_41' title="bbox 319 2582 976 2639; baseline -0.005 -12"><span class='ocrx_word' id='word_1_200' title='bbox 319 2582 678 2639; x_wconf 73' lang='grc' dir='ltr'><strong><em>εἷποὸεικνύμενον.</em></strong></span> <span class='ocrx_word' id='word_1_201' title='bbox 764 2588 824 2625; x_wconf 91' lang='lat' dir='ltr'>Ad</span> <span class='ocrx_word' id='word_1_202' title='bbox 866 2600 976 2637; x_wconf 86' lang='lat' dir='ltr'>argu-</span> 
     </span>
     <span class='ocr_line' id='line_1_42' title="bbox 321 2644 977 2682; baseline -0.002 0"><span class='ocrx_word' id='word_1_203' title='bbox 321 2648 483 2682; x_wconf 86' lang='lat' dir='ltr'>mentum</span> <span class='ocrx_word' id='word_1_204' title='bbox 507 2645 574 2682; x_wconf 82' lang='lat' dir='ltr'>Cr.</span> <span class='ocrx_word' id='word_1_205' title='bbox 592 2644 733 2682; x_wconf 89' lang='lat' dir='ltr'>confert</span> <span class='ocrx_word' id='word_1_206' title='bbox 750 2644 916 2681; x_wconf 88' lang='lat' dir='ltr'>Eustath.</span> <span class='ocrx_word' id='word_1_207' title='bbox 929 2645 977 2681; x_wconf 90' lang='lat' dir='ltr'>ad</span> 
     </span>
    </p>
   </div>
   <div class='ocr_carea' id='block_1_14' title="bbox 322 2700 979 2753">
    <p class='ocr_par' dir='ltr' id='par_1_14' title="bbox 322 2700 979 2753">
     <span class='ocr_line' id='line_1_43' title="bbox 322 2700 979 2753; baseline 0.002 -17"><span class='ocrx_word' id='word_1_208' title='bbox 322 2701 461 2749; x_wconf 73' lang='lat' dir='ltr'>Odyss.</span> <span class='ocrx_word' id='word_1_209' title='bbox 481 2701 595 2748; x_wconf 88' lang='lat' dir='ltr'>XIX,</span> <span class='ocrx_word' id='word_1_210' title='bbox 626 2700 707 2742; x_wconf 83' lang='lat'>429</span> <span class='ocrx_word' id='word_1_211' title='bbox 737 2714 772 2753; x_wconf 89' lang='lat' dir='ltr'>p.</span> <span class='ocrx_word' id='word_1_212' title='bbox 799 2701 880 2742; x_wconf 88' lang='grc'>703</span> <span class='ocrx_word' id='word_1_213' title='bbox 922 2701 979 2738; x_wconf 91' lang='lat' dir='ltr'>ed.</span> 
     </span>
    </p>
   </div>
   <div class='ocr_carea' id='block_1_15' title="bbox 320 2756 981 2807">
    <p class='ocr_par' dir='ltr' id='par_1_15' title="bbox 320 2756 981 2807">
     <span class='ocr_line' id='line_1_44' title="bbox 320 2756 981 2807; baseline 0.003 -15"><span class='ocrx_word' id='word_1_214' title='bbox 320 2756 431 2795; x_wconf 85' lang='lat' dir='ltr'>Basil.</span> <span class='ocrx_word' id='word_1_215' title='bbox 465 2763 502 2795; x_wconf 90' lang='lat' dir='ltr'>et</span> <span class='ocrx_word' id='word_1_216' title='bbox 539 2758 721 2805; x_wconf 86' lang='lat' dir='ltr'>Carmen,</span> <span class='ocrx_word' id='word_1_217' title='bbox 760 2757 859 2807; x_wconf 90' lang='lat' dir='ltr'>quod</span> <span class='ocrx_word' id='word_1_218' title='bbox 889 2756 981 2794; x_wconf 90' lang='lat' dir='ltr'>Nie-</span> 
     </span>
    </p>
   </div>
   <div class='ocr_carea' id='block_1_16' title="bbox 317 2812 979 2922">
    <p class='ocr_par' dir='ltr' id='par_1_16' title="bbox 317 2812 979 2922">
     <span class='ocr_line' id='line_1_45' title="bbox 320 2812 979 2861; baseline 0.009 -12"><span class='ocrx_word' id='word_1_219' title='bbox 320 2812 503 2861; x_wconf 86' lang='lat' dir='ltr'>belungen</span> <span class='ocrx_word' id='word_1_220' title='bbox 525 2814 752 2861; x_wconf 85' lang='lat' dir='ltr'>inscribitur,</span> <span class='ocrx_word' id='word_1_221' title='bbox 789 2827 842 2850; x_wconf 83' lang='lat' dir='ltr'>vs.</span> <span class='ocrx_word' id='word_1_222' title='bbox 867 2813 979 2855; x_wconf 84' lang='lat'>3605</span> 
     </span>
     <span class='ocr_line' id='line_1_46' title="bbox 317 2869 837 2922; baseline 0.008 -13"><span class='ocrx_word' id='word_1_223' title='bbox 317 2870 494 2912; x_wconf 85' lang='lat'>—3616</span> <span class='ocrx_word' id='word_1_224' title='bbox 515 2883 569 2908; x_wconf 86' lang='lat' dir='ltr'>nr.</span> <span class='ocrx_word' id='word_1_225' title='bbox 586 2871 637 2912; x_wconf 90' lang='lat'>15</span> <span class='ocrx_word' id='word_1_226' title='bbox 659 2883 745 2922; x_wconf 85' lang='lat' dir='ltr'>pag.</span> <span class='ocrx_word' id='word_1_227' title='bbox 768 2869 837 2912; x_wconf 86' lang='lat'>94-</span> 
     </span>
    </p>
   </div>
   <div class='ocr_carea' id='block_1_17' title="bbox 1241 1011 1502 1062">
    <p class='ocr_par' dir='ltr' id='par_1_17' title="bbox 1241 1011 1502 1062">
     <span class='ocr_line' id='line_1_47' title="bbox 1241 1011 1502 1062; baseline 0.008 -14"><span class='ocrx_word' id='word_1_228' title='bbox 1241 1011 1273 1048; x_wconf 90' lang='lat' dir='ltr'>C</span> <span class='ocrx_word' id='word_1_229' title='bbox 1286 1024 1307 1048; x_wconf 90' lang='lat' dir='ltr'>a</span> <span class='ocrx_word' id='word_1_230' title='bbox 1317 1025 1353 1062; x_wconf 87' lang='lat' dir='ltr'>p.</span> <span class='ocrx_word' id='word_1_231' title='bbox 1385 1012 1502 1050; x_wconf 83' lang='lat' dir='ltr'>XLII.</span> 
     </span>
    </p>
   </div>
   <div class='ocr_carea' id='block_1_18' title="bbox 1042 1093 1702 1882">
    <p class='ocr_par' dir='ltr' id='par_1_18' title="bbox 1042 1093 1702 1882">
     <span class='ocr_line' id='line_1_48' title="bbox 1100 1093 1700 1153; baseline 0.003 -18"><span class='ocrx_word' id='word_1_232' title='bbox 1100 1110 1192 1135; x_wconf 85' lang='grc' dir='ltr'><strong><em>οντε</em></strong></span> <span class='ocrx_word' id='word_1_233' title='bbox 1221 1093 1295 1149; x_wconf 74' lang='grc' dir='ltr'>γᾰρ</span> <span class='ocrx_word' id='word_1_234' title='bbox 1331 1099 1524 1151; x_wconf 79' lang='grc' dir='ltr'><strong><em>συμφορῇ</em></strong></span> <span class='ocrx_word' id='word_1_235' title='bbox 1565 1099 1700 1153; x_wconf 78' lang='grc' dir='ltr'><strong><em>τοιῇδε</em></strong></span> 
     </span>
     <span class='ocr_line' id='line_1_49' title="bbox 1042 1151 1701 1205; baseline 0 -14"><span class='ocrx_word' id='word_1_236' title='bbox 1042 1151 1285 1204; x_wconf 79' lang='grc' dir='ltr'><strong><em>κεχρημένον</em></strong></span> <span class='ocrx_word' id='word_1_237' title='bbox 1326 1152 1439 1201; x_wconf 80' lang='grc' dir='ltr'><strong><em>οἰκός</em></strong></span> <span class='ocrx_word' id='word_1_238' title='bbox 1490 1153 1595 1205; x_wconf 81' lang='grc' dir='ltr'><strong><em>ἐστι]</em></strong></span> <span class='ocrx_word' id='word_1_239' title='bbox 1641 1154 1701 1192; x_wconf 88' lang='lat' dir='ltr'>Ad</span> 
     </span>
     <span class='ocr_line' id='line_1_50' title="bbox 1043 1210 1700 1265; baseline 0.002 -19"><span class='ocrx_word' id='word_1_240' title='bbox 1043 1210 1154 1247; x_wconf 77' lang='lat' dir='ltr'>verba</span> <span class='ocrx_word' id='word_1_241' title='bbox 1178 1213 1370 1265; x_wconf 81' lang='grc' dir='ltr'><strong><em>συμφοοῇ</em></strong></span> <span class='ocrx_word' id='word_1_242' title='bbox 1398 1214 1575 1262; x_wconf 82' lang='grc' dir='ltr'><strong><em>χοησθαι</em></strong></span> <span class='ocrx_word' id='word_1_243' title='bbox 1605 1213 1700 1249; x_wconf 88' lang='lat' dir='ltr'>conf.</span> 
     </span>
     <span class='ocr_line' id='line_1_51' title="bbox 1044 1265 1701 1317; baseline 0.008 -16"><span class='ocrx_word' id='word_1_244' title='bbox 1044 1267 1219 1317; x_wconf 86' lang='lat' dir='ltr'>supral‚</span> <span class='ocrx_word' id='word_1_245' title='bbox 1252 1268 1316 1308; x_wconf 83' lang='lat'>35.</span> <span class='ocrx_word' id='word_1_246' title='bbox 1345 1267 1406 1306; x_wconf 68' lang='grc' dir='ltr'>οἰν</span> <span class='ocrx_word' id='word_1_247' title='bbox 1399 1265 1451 1314; x_wconf 75' lang='grc' dir='ltr'>ὃς</span> <span class='ocrx_word' id='word_1_248' title='bbox 1480 1282 1500 1306; x_wconf 93' lang='lat' dir='ltr'>e</span> <span class='ocrx_word' id='word_1_249' title='bbox 1532 1266 1701 1306; x_wconf 88' lang='lat' dir='ltr'>Mediceo</span> 
     </span>
     <span class='ocr_line' id='line_1_52' title="bbox 1045 1322 1698 1380; baseline 0.006 -20"><span class='ocrx_word' id='word_1_250' title='bbox 1045 1322 1138 1360; x_wconf 92' lang='lat' dir='ltr'>libro</span> <span class='ocrx_word' id='word_1_251' title='bbox 1163 1323 1314 1373; x_wconf 85' lang='lat' dir='ltr'>aliisque</span> <span class='ocrx_word' id='word_1_252' title='bbox 1331 1326 1531 1380; x_wconf 82' lang='lat' dir='ltr'>repositum</span> <span class='ocrx_word' id='word_1_253' title='bbox 1559 1338 1627 1374; x_wconf 90' lang='lat' dir='ltr'>pro</span> <span class='ocrx_word' id='word_1_254' title='bbox 1647 1325 1698 1364; x_wconf 81' lang='grc' dir='ltr'>εἰ-</span> 
     </span>
     <span class='ocr_line' id='line_1_53' title="bbox 1043 1374 1701 1432; baseline 0.003 -14"><span class='ocrx_word' id='word_1_255' title='bbox 1043 1374 1128 1425; x_wconf 76' lang='grc' dir='ltr'><strong><em>κός.</em></strong></span> <span class='ocrx_word' id='word_1_256' title='bbox 1185 1379 1245 1417; x_wconf 89' lang='lat' dir='ltr'>Ad</span> <span class='ocrx_word' id='word_1_257' title='bbox 1287 1393 1390 1417; x_wconf 84' lang='lat' dir='ltr'>accus</span> <span class='ocrx_word' id='word_1_258' title='bbox 1375 1382 1528 1418; x_wconf 69' lang='lat' dir='ltr'>sativum</span> <span class='ocrx_word' id='word_1_259' title='bbox 1566 1395 1701 1432; x_wconf 79' lang='grc' dir='ltr'><strong><em>κεχρη-</em></strong></span> 
     </span>
     <span class='ocr_line' id='line_1_54' title="bbox 1046 1433 1699 1488; baseline -0.002 -14"><span class='ocrx_word' id='word_1_260' title='bbox 1046 1434 1168 1488; x_wconf 82' lang='grc' dir='ltr'><strong><em>μένον</em></strong></span> <span class='ocrx_word' id='word_1_261' title='bbox 1188 1436 1296 1485; x_wconf 72' lang='lat' dir='ltr'>vulgo</span> <span class='ocrx_word' id='word_1_262' title='bbox 1309 1437 1480 1488; x_wconf 87' lang='lat' dir='ltr'>supplent</span> <span class='ocrx_word' id='word_1_263' title='bbox 1498 1433 1599 1475; x_wconf 77' lang='grc' dir='ltr'><strong><em>τινά.</em></strong></span> <span class='ocrx_word' id='word_1_264' title='bbox 1614 1438 1699 1474; x_wconf 88' lang='grc' dir='ltr'>Μο-</span> 
     </span>
     <span class='ocr_line' id='line_1_55' title="bbox 1044 1492 1699 1545; baseline 0.002 -15"><span class='ocrx_word' id='word_1_265' title='bbox 1044 1497 1109 1530; x_wconf 90' lang='lat' dir='ltr'>net</span> <span class='ocrx_word' id='word_1_266' title='bbox 1124 1492 1254 1530; x_wconf 81' lang='lat' dir='ltr'>Matth.</span> <span class='ocrx_word' id='word_1_267' title='bbox 1279 1493 1344 1533; x_wconf 85' lang='lat' dir='ltr'>Gr.</span> <span class='ocrx_word' id='word_1_268' title='bbox 1367 1494 1436 1530; x_wconf 84' lang='lat' dir='ltr'>Gr.</span> <span class='ocrx_word' id='word_1_269' title='bbox 1466 1492 1502 1545; x_wconf 60' lang='grc' dir='ltr'>ἓ.</span> <span class='ocrx_word' id='word_1_270' title='bbox 1527 1495 1611 1535; x_wconf 87' lang='grc'>556</span> <span class='ocrx_word' id='word_1_271' title='bbox 1639 1495 1699 1532; x_wconf 89' lang='lat' dir='ltr'>fin.</span> 
     </span>
     <span class='ocr_line' id='line_1_56' title="bbox 1044 1550 1701 1601; baseline 0.005 -16"><span class='ocrx_word' id='word_1_272' title='bbox 1044 1561 1130 1600; x_wconf 86' lang='lat' dir='ltr'>pag.</span> <span class='ocrx_word' id='word_1_273' title='bbox 1158 1551 1266 1591; x_wconf 88' lang='lat'>1100</span> <span class='ocrx_word' id='word_1_274' title='bbox 1288 1550 1335 1587; x_wconf 89' lang='lat' dir='ltr'>de</span> <span class='ocrx_word' id='word_1_275' title='bbox 1354 1550 1560 1601; x_wconf 87' lang='lat' dir='ltr'>participio,</span> <span class='ocrx_word' id='word_1_276' title='bbox 1583 1563 1701 1599; x_wconf 91' lang='lat' dir='ltr'>quan-</span> 
     </span>
     <span class='ocr_line' id='line_1_57' title="bbox 1044 1606 1701 1644; baseline 0.002 -2"><span class='ocrx_word' id='word_1_277' title='bbox 1044 1606 1092 1642; x_wconf 91' lang='lat' dir='ltr'>do</span> <span class='ocrx_word' id='word_1_278' title='bbox 1112 1606 1277 1643; x_wconf 79' lang='lat' dir='ltr'>absolute</span> <span class='ocrx_word' id='word_1_279' title='bbox 1306 1606 1385 1643; x_wconf 89' lang='lat' dir='ltr'>sine</span> <span class='ocrx_word' id='word_1_280' title='bbox 1413 1607 1639 1643; x_wconf 77' lang='lat' dir='ltr'>substantivo</span> <span class='ocrx_word' id='word_1_281' title='bbox 1660 1621 1701 1644; x_wconf 88' lang='lat' dir='ltr'>u-</span> 
     </span>
     <span class='ocr_line' id='line_1_58' title="bbox 1042 1662 1702 1712; baseline 0.006 -15"><span class='ocrx_word' id='word_1_282' title='bbox 1042 1665 1235 1710; x_wconf 86' lang='lat' dir='ltr'>surpatur,</span> <span class='ocrx_word' id='word_1_283' title='bbox 1256 1666 1493 1712; x_wconf 88' lang='lat' dir='ltr'>nostrumque</span> <span class='ocrx_word' id='word_1_284' title='bbox 1513 1662 1631 1700; x_wconf 91' lang='lat' dir='ltr'>locum</span> <span class='ocrx_word' id='word_1_285' title='bbox 1650 1664 1702 1701; x_wconf 90' lang='lat' dir='ltr'>sic</span> 
     </span>
     <span class='ocr_line' id='line_1_59' title="bbox 1042 1717 1701 1767; baseline 0.003 -12"><span class='ocrx_word' id='word_1_286' title='bbox 1042 1717 1183 1755; x_wconf 88' lang='lat' dir='ltr'>reddit:</span> <span class='ocrx_word' id='word_1_287' title='bbox 1235 1747 1258 1766; x_wconf 80' lang='lat'>,‚</span> <span class='ocrx_word' id='word_1_288' title='bbox 1270 1721 1383 1767; x_wconf 78' lang='lat' dir='ltr'>einer,</span> <span class='ocrx_word' id='word_1_289' title='bbox 1425 1719 1485 1756; x_wconf 81' lang='lat' dir='ltr'>der</span> <span class='ocrx_word' id='word_1_290' title='bbox 1516 1721 1556 1757; x_wconf 81' lang='lat' dir='ltr'>in</span> <span class='ocrx_word' id='word_1_291' title='bbox 1593 1723 1701 1757; x_wconf 81' lang='lat' dir='ltr'>ez&#39;nem</span> 
     </span>
     <span class='ocr_line' id='line_1_60' title="bbox 1042 1773 1700 1824; baseline 0.005 -14"><span class='ocrx_word' id='word_1_292' title='bbox 1042 1774 1177 1811; x_wconf 74' lang='lat' dir='ltr'>solchen</span> <span class='ocrx_word' id='word_1_293' title='bbox 1192 1773 1357 1824; x_wconf 73' lang='lat' dir='ltr'>Unglic&#39;ck</span> <span class='ocrx_word' id='word_1_294' title='bbox 1381 1777 1468 1813; x_wconf 82' lang='lat' dir='ltr'>ist.“</span> <span class='ocrx_word' id='word_1_295' title='bbox 1496 1775 1578 1813; x_wconf 89' lang='lat' dir='ltr'>Alio</span> <span class='ocrx_word' id='word_1_296' title='bbox 1590 1777 1700 1814; x_wconf 92' lang='lat' dir='ltr'>modo</span> 
     </span>
     <span class='ocr_line' id='line_1_61' title="bbox 1044 1831 1701 1882; baseline 0.002 -14"><span class='ocrx_word' id='word_1_297' title='bbox 1044 1831 1263 1869; x_wconf 82' lang='lat' dir='ltr'>locutionem</span> <span class='ocrx_word' id='word_1_298' title='bbox 1329 1833 1504 1882; x_wconf 87' lang='lat' dir='ltr'>expedire</span> <span class='ocrx_word' id='word_1_299' title='bbox 1562 1833 1701 1870; x_wconf 85' lang='lat' dir='ltr'>studuit</span> 
     </span>
    </p>
   </div>
   <div class='ocr_carea' id='block_1_19' title="bbox 1040 1886 1697 1940">
    <p class='ocr_par' dir='ltr' id='par_1_19' title="bbox 1040 1886 1697 1940">
     <span class='ocr_line' id='line_1_62' title="bbox 1040 1886 1697 1940; baseline 0.011 -16"><span class='ocrx_word' id='word_1_300' title='bbox 1040 1886 1121 1925; x_wconf 59' lang='lat' dir='ltr'>Ast„</span> <span class='ocrx_word' id='word_1_301' title='bbox 1146 1888 1195 1924; x_wconf 88' lang='lat' dir='ltr'>ad</span> <span class='ocrx_word' id='word_1_302' title='bbox 1212 1887 1355 1926; x_wconf 86' lang='lat' dir='ltr'>Platon.</span> <span class='ocrx_word' id='word_1_303' title='bbox 1372 1888 1479 1926; x_wconf 87' lang='lat' dir='ltr'>Polit.</span> <span class='ocrx_word' id='word_1_304' title='bbox 1503 1901 1591 1940; x_wconf 83' lang='lat' dir='ltr'>pag.</span> <span class='ocrx_word' id='word_1_305' title='bbox 1603 1889 1697 1931; x_wconf 83' lang='lat'>430</span> 
     </span>
    </p>
   </div>
   <div class='ocr_carea' id='block_1_20' title="bbox 1041 1968 1701 2869">
    <p class='ocr_par' dir='ltr' id='par_1_20' title="bbox 1041 1968 1701 2869">
     <span class='ocr_line' id='line_1_63' title="bbox 1099 1968 1701 2038; baseline 0.005 -28"><span class='ocrx_word' id='word_1_306' title='bbox 1099 1974 1280 2038; x_wconf 79' lang='grc' dir='ltr'><strong><em>πολλαχῇ</em></strong></span> <span class='ocrx_word' id='word_1_307' title='bbox 1290 1987 1330 2012; x_wconf 87' lang='grc' dir='ltr'>τε</span> <span class='ocrx_word' id='word_1_308' title='bbox 1353 1968 1404 2011; x_wconf 76' lang='grc' dir='ltr'>ὂῖν</span> <span class='ocrx_word' id='word_1_309' title='bbox 1422 1971 1536 2024; x_wconf 75' lang='grc' dir='ltr'><strong><em>ἴσχον</em></strong></span> <span class='ocrx_word' id='word_1_310' title='bbox 1556 1973 1701 2024; x_wconf 79' lang='grc' dir='ltr'><strong><em>ἐμεωυ-</em></strong></span> 
     </span>
     <span class='ocr_line' id='line_1_64' title="bbox 1041 2022 1700 2080; baseline 0.002 -13"><span class='ocrx_word' id='word_1_311' title='bbox 1041 2022 1129 2078; x_wconf 81' lang='grc' dir='ltr'>τὸν]</span> <span class='ocrx_word' id='word_1_312' title='bbox 1173 2025 1224 2068; x_wconf 79' lang='grc' dir='ltr'>ἀν</span> <span class='ocrx_word' id='word_1_313' title='bbox 1246 2030 1356 2080; x_wconf 77' lang='grc' dir='ltr'><strong><em>ἰ’σχον</em></strong></span> <span class='ocrx_word' id='word_1_314' title='bbox 1388 2029 1430 2077; x_wconf 87' lang='lat' dir='ltr'>(i.</span> <span class='ocrx_word' id='word_1_315' title='bbox 1453 2044 1485 2068; x_wconf 90' lang='lat' dir='ltr'>e.</span> <span class='ocrx_word' id='word_1_316' title='bbox 1506 2031 1628 2068; x_wconf 81' lang='lat' dir='ltr'>multis</span> <span class='ocrx_word' id='word_1_317' title='bbox 1648 2043 1700 2068; x_wconf 83' lang='lat' dir='ltr'>me</span> 
     </span>
     <span class='ocr_line' id='line_1_65' title="bbox 1042 2085 1701 2135; baseline 0.005 -13"><span class='ocrx_word' id='word_1_318' title='bbox 1042 2085 1152 2122; x_wconf 72' lang='lat' dir='ltr'>modes</span> <span class='ocrx_word' id='word_1_319' title='bbox 1161 2086 1422 2135; x_wconf 74' lang='lat' dir='ltr'>continuzssem)</span> <span class='ocrx_word' id='word_1_320' title='bbox 1434 2087 1536 2123; x_wconf 87' lang='lat' dir='ltr'>dedit</span> <span class='ocrx_word' id='word_1_321' title='bbox 1547 2087 1701 2125; x_wconf 81' lang='lat' dir='ltr'>Wesse-</span> 
     </span>
     <span class='ocr_line' id='line_1_66' title="bbox 1042 2141 1701 2193; baseline 0.003 -14"><span class='ocrx_word' id='word_1_322' title='bbox 1042 2141 1177 2190; x_wconf 83' lang='lat' dir='ltr'>lingius</span> <span class='ocrx_word' id='word_1_323' title='bbox 1190 2172 1200 2189; x_wconf 92' lang='lat'>,</span> <span class='ocrx_word' id='word_1_324' title='bbox 1219 2142 1467 2193; x_wconf 85' lang='lat' dir='ltr'>adstipulante</span> <span class='ocrx_word' id='word_1_325' title='bbox 1483 2143 1701 2193; x_wconf 84' lang='lat' dir='ltr'>Schweigh.,</span> 
     </span>
     <span class='ocr_line' id='line_1_67' title="bbox 1044 2195 1699 2250; baseline 0.009 -16"><span class='ocrx_word' id='word_1_326' title='bbox 1044 2199 1107 2247; x_wconf 90' lang='lat' dir='ltr'>qui</span> <span class='ocrx_word' id='word_1_327' title='bbox 1149 2205 1258 2237; x_wconf 82' lang='lat' dir='ltr'>antea</span> <span class='ocrx_word' id='word_1_328' title='bbox 1297 2198 1483 2247; x_wconf 66' lang='lat' dir='ltr'>vulgatum</span> <span class='ocrx_word' id='word_1_329' title='bbox 1520 2195 1699 2250; x_wconf 75' lang='grc' dir='ltr'><strong><em>ἅνίσχον,</em></strong></span> 
     </span>
     <span class='ocr_line' id='line_1_68' title="bbox 1042 2254 1701 2304; baseline 0.002 -12"><span class='ocrx_word' id='word_1_330' title='bbox 1042 2267 1111 2292; x_wconf 85' lang='lat' dir='ltr'>nec</span> <span class='ocrx_word' id='word_1_331' title='bbox 1134 2254 1254 2303; x_wconf 83' lang='lat' dir='ltr'>ipsum</span> <span class='ocrx_word' id='word_1_332' title='bbox 1279 2256 1452 2292; x_wconf 86' lang='lat' dir='ltr'>librorum</span> <span class='ocrx_word' id='word_1_333' title='bbox 1471 2257 1701 2304; x_wconf 84' lang='lat' dir='ltr'>quorundam</span> 
     </span>
     <span class='ocr_line' id='line_1_69' title="bbox 1042 2312 1699 2361; baseline 0.006 -15"><span class='ocrx_word' id='word_1_334' title='bbox 1042 2312 1256 2349; x_wconf 82' lang='lat' dir='ltr'>auctoritate</span> <span class='ocrx_word' id='word_1_335' title='bbox 1278 2313 1490 2349; x_wconf 87' lang='lat' dir='ltr'>destitutum</span> <span class='ocrx_word' id='word_1_336' title='bbox 1502 2342 1514 2361; x_wconf 91' lang='lat'>,</span> <span class='ocrx_word' id='word_1_337' title='bbox 1534 2319 1612 2352; x_wconf 89' lang='lat' dir='ltr'>erat</span> <span class='ocrx_word' id='word_1_338' title='bbox 1623 2326 1699 2350; x_wconf 91' lang='lat' dir='ltr'>am-</span> 
     </span>
     <span class='ocr_line' id='line_1_70' title="bbox 1042 2365 1701 2420; baseline 0.008 -19"><span class='ocrx_word' id='word_1_339' title='bbox 1042 2365 1170 2417; x_wconf 71' lang='lat' dir='ltr'>plexus</span> <span class='ocrx_word' id='word_1_340' title='bbox 1192 2368 1262 2405; x_wconf 92' lang='lat' dir='ltr'>hoc</span> <span class='ocrx_word' id='word_1_341' title='bbox 1293 2370 1371 2405; x_wconf 86' lang='lat' dir='ltr'>fere</span> <span class='ocrx_word' id='word_1_342' title='bbox 1400 2381 1531 2406; x_wconf 88' lang='lat' dir='ltr'>sensu:</span> <span class='ocrx_word' id='word_1_343' title='bbox 1562 2382 1701 2420; x_wconf 82' lang='lat' dir='ltr'>„saepe</span> 
     </span>
     <span class='ocr_line' id='line_1_71' title="bbox 1043 2422 1700 2469; baseline 0.008 -11"><span class='ocrx_word' id='word_1_344' title='bbox 1043 2434 1095 2458; x_wconf 84' lang='lat' dir='ltr'>me</span> <span class='ocrx_word' id='word_1_345' title='bbox 1125 2422 1192 2469; x_wconf 87' lang='lat' dir='ltr'>(sc.</span> <span class='ocrx_word' id='word_1_346' title='bbox 1210 2425 1250 2460; x_wconf 89' lang='lat' dir='ltr'>in</span> <span class='ocrx_word' id='word_1_347' title='bbox 1269 2424 1477 2462; x_wconf 88' lang='lat' dir='ltr'>huiusmodi</span> <span class='ocrx_word' id='word_1_348' title='bbox 1500 2427 1700 2463; x_wconf 88' lang='lat' dir='ltr'>occasioni-</span> 
     </span>
     <span class='ocr_line' id='line_1_72' title="bbox 1043 2478 1700 2526; baseline 0.006 -11"><span class='ocrx_word' id='word_1_349' title='bbox 1043 2478 1131 2526; x_wconf 86' lang='lat' dir='ltr'>bus)</span> <span class='ocrx_word' id='word_1_350' title='bbox 1163 2480 1353 2516; x_wconf 68' lang='lat' dir='ltr'>continuif‘</span> <span class='ocrx_word' id='word_1_351' title='bbox 1382 2479 1465 2517; x_wconf 89' lang='lat' dir='ltr'>Nos</span> <span class='ocrx_word' id='word_1_352' title='bbox 1482 2494 1562 2518; x_wconf 90' lang='lat' dir='ltr'>cum</span> <span class='ocrx_word' id='word_1_353' title='bbox 1581 2482 1700 2520; x_wconf 83' lang='lat' dir='ltr'>Gaisf.</span> 
     </span>
     <span class='ocr_line' id='line_1_73' title="bbox 1044 2531 1698 2586; baseline 0.003 -15"><span class='ocrx_word' id='word_1_354' title='bbox 1044 2534 1213 2572; x_wconf 82' lang='lat' dir='ltr'>dedimus</span> <span class='ocrx_word' id='word_1_355' title='bbox 1243 2531 1293 2574; x_wconf 69' lang='grc' dir='ltr'>ἂν</span> <span class='ocrx_word' id='word_1_356' title='bbox 1318 2534 1451 2586; x_wconf 70' lang='grc' dir='ltr'><strong><em>ἴσχον,</em></strong></span> <span class='ocrx_word' id='word_1_357' title='bbox 1481 2538 1581 2586; x_wconf 91' lang='lat' dir='ltr'>quod</span> <span class='ocrx_word' id='word_1_358' title='bbox 1607 2537 1698 2575; x_wconf 89' lang='lat' dir='ltr'>satis</span> 
     </span>
     <span class='ocr_line' id='line_1_74' title="bbox 1044 2592 1699 2632; baseline 0.008 -5"><span class='ocrx_word' id='word_1_359' title='bbox 1044 2593 1275 2629; x_wconf 85' lang='lat' dir='ltr'>commendat</span> <span class='ocrx_word' id='word_1_360' title='bbox 1303 2592 1473 2629; x_wconf 82' lang='lat' dir='ltr'>universa</span> <span class='ocrx_word' id='word_1_361' title='bbox 1507 2593 1575 2631; x_wconf 91' lang='lat' dir='ltr'>loci</span> <span class='ocrx_word' id='word_1_362' title='bbox 1614 2606 1699 2632; x_wconf 84' lang='lat' dir='ltr'>sen-</span> 
     </span>
     <span class='ocr_line' id='line_1_75' title="bbox 1044 2647 1699 2688; baseline 0.008 -5"><span class='ocrx_word' id='word_1_363' title='bbox 1044 2647 1169 2686; x_wconf 83' lang='lat' dir='ltr'>tentia.</span> <span class='ocrx_word' id='word_1_364' title='bbox 1228 2648 1278 2684; x_wconf 92' lang='lat' dir='ltr'>Et</span> <span class='ocrx_word' id='word_1_365' title='bbox 1307 2652 1428 2685; x_wconf 89' lang='lat' dir='ltr'>tuetur</span> <span class='ocrx_word' id='word_1_366' title='bbox 1455 2649 1549 2686; x_wconf 91' lang='lat' dir='ltr'>hanc</span> <span class='ocrx_word' id='word_1_367' title='bbox 1575 2649 1699 2688; x_wconf 79' lang='lat' dir='ltr'>lectio-</span> 
     </span>
     <span class='ocr_line' id='line_1_76' title="bbox 1049 2704 1699 2752; baseline 0.008 -13"><span class='ocrx_word' id='word_1_368' title='bbox 1049 2715 1154 2750; x_wconf 88' lang='lat' dir='ltr'>nem,</span> <span class='ocrx_word' id='word_1_369' title='bbox 1183 2709 1354 2741; x_wconf 84' lang='lat' dir='ltr'>monente</span> <span class='ocrx_word' id='word_1_370' title='bbox 1388 2704 1476 2752; x_wconf 62' lang='lat' dir='ltr'>Cn,</span> <span class='ocrx_word' id='word_1_371' title='bbox 1513 2705 1699 2744; x_wconf 83' lang='lat' dir='ltr'>Schaefer.</span> 
     </span>
     <span class='ocr_line' id='line_1_77' title="bbox 1048 2758 1697 2812; baseline 0.008 -17"><span class='ocrx_word' id='word_1_372' title='bbox 1048 2759 1087 2795; x_wconf 88' lang='lat' dir='ltr'>in</span> <span class='ocrx_word' id='word_1_373' title='bbox 1107 2758 1246 2798; x_wconf 90' lang='lat' dir='ltr'>Melett.</span> <span class='ocrx_word' id='word_1_374' title='bbox 1270 2761 1363 2797; x_wconf 89' lang='lat' dir='ltr'>critt.</span> <span class='ocrx_word' id='word_1_375' title='bbox 1380 2760 1398 2798; x_wconf 85' lang='lat' dir='ltr'>l</span> <span class='ocrx_word' id='word_1_376' title='bbox 1415 2774 1501 2812; x_wconf 85' lang='lat' dir='ltr'>pag.</span> <span class='ocrx_word' id='word_1_377' title='bbox 1519 2765 1597 2804; x_wconf 82' lang='lat'>133</span> <span class='ocrx_word' id='word_1_378' title='bbox 1620 2762 1697 2800; x_wconf 88' lang='lat' dir='ltr'>coll.</span> 
     </span>
     <span class='ocr_line' id='line_1_78' title="bbox 1047 2814 1693 2869; baseline 0.008 -17"><span class='ocrx_word' id='word_1_379' title='bbox 1047 2814 1226 2855; x_wconf 87' lang='lat' dir='ltr'>Matthiae</span> <span class='ocrx_word' id='word_1_380' title='bbox 1255 2816 1407 2854; x_wconf 85' lang='lat' dir='ltr'>Miscell.</span> <span class='ocrx_word' id='word_1_381' title='bbox 1432 2818 1570 2869; x_wconf 79' lang='lat' dir='ltr'>philon.</span> <span class='ocrx_word' id='word_1_382' title='bbox 1585 2819 1642 2866; x_wconf 88' lang='lat' dir='ltr'>II,</span> <span class='ocrx_word' id='word_1_383' title='bbox 1675 2822 1693 2860; x_wconf 89' lang='lat'><strong>1</strong></span> 
     </span>
    </p>
   </div>
   <div class='ocr_carea' id='block_1_21' title="bbox 1047 2872 1698 2933">
    <p class='ocr_par' dir='ltr' id='par_1_21' title="bbox 1047 2872 1698 2933">
     <span class='ocr_line' id='line_1_79' title="bbox 1047 2872 1698 2933; baseline 0.009 -25"><span class='ocrx_word' id='word_1_384' title='bbox 1047 2884 1085 2924; x_wconf 82' lang='lat' dir='ltr'>p.</span> <span class='ocrx_word' id='word_1_385' title='bbox 1107 2875 1173 2914; x_wconf 86' lang='lat'>47.</span> <span class='ocrx_word' id='word_1_386' title='bbox 1230 2872 1293 2933; x_wconf 22' lang='lat' dir='ltr'>‘Tu</span> <span class='ocrx_word' id='word_1_387' title='bbox 1329 2873 1411 2912; x_wconf 82' lang='lat' dir='ltr'>vide</span> <span class='ocrx_word' id='word_1_388' title='bbox 1446 2874 1496 2912; x_wconf 83' lang='lat' dir='ltr'>sis</span> <span class='ocrx_word' id='word_1_389' title='bbox 1536 2876 1698 2914; x_wconf 82' lang='lat' dir='ltr'>eiusdem</span> 
     </span>
    </p>
   </div>
  </div>
 </body>
</html>
