1805 3315
26 847 91 892 28

632 252 940 292 cL10.1.

1382 261 1438 298 69

148 397 170 415 „
185 381 255 408 νοι
278 363 451 413 Λυδούς
477 362 524 404 έν
543 360 761 419 θαλάσσῃ,
792 362 865 405 ἵνα
880 358 990 418 ὑπὲρ
1007 367 1096 406 τῶν
1123 362 1171 406 έν
1196 366 1249 421 τῇ
1271 361 1433 423 ἠπείρῳ

144 476 169 494 „
184 444 424 499 οἰκημένων
453 439 671 497 Ἑλλήνων
702 443 908 486 τίσωνταί
937 453 1004 494 σε,
1034 440 1139 493 τούς
1173 441 1226 485 σύ
1270 444 1434 487 δουλώ-

121 530 172 574 5,,
185 535 261 574 σας
283 523 436 578 έ’χεις,·“
468 518 621 576 Κάρτα
649 537 693 564 τε
712 519 906 578 ἡσθῆναι
926 523 1122 576 Κροῖσον
1142 525 1202 579 τῷ
1219 521 1405 581 ἐπιλόγῳ
1418 538 1427 547 ·
1481 536 1531 576 13

142 604 218 646 καί
259 603 303 645 οἱ
338 599 632 656 (προσφυέως
658 599 742 656 γὰρ
778 599 902 652 δόξαι
938 599 1100 656 λέγειν)
1149 600 1453 658 πειθόμενον,6

119 679 394 728 σπαύσασθαι
417 684 494 736 τῆς
513 681 770 736 ναυπηγίης.
802 680 876 723 καὶ
898 678 1012 723 οὕτω
1033 684 1147 724 τοῖσι
1165 680 1240 733 τοὶς
1263 679 1429 737 νήσους

141 759 406 818 οἰκημένοισι
421 759 542 802 Ἴωσι
562 760 722 817 ξεινίην
746 757 1036 817 συνεθήκατο.

250 838 430 894 Χρόνου
462 838 509 882 δὲ
547 838 876 895 ἐπιγινομένου,
920 841 1308 897 κατεστραμμένων
1336 851 1426 898 σχε-

137 918 217 963 δὸν
250 916 427 962 πάντων
459 920 551 961 τῶν
579 916 703 970 ἐντός
732 918 892 971 Ἅλυος
925 923 1128 976 ποταμοῦ
1159 919 1402 978 οἰκημένων
1415 930 1473 965 ’10

135 998 252 1056 πλήν
270 998 354 1054 γὰρ
384 997 578 1040 Κιλίκων
606 998 681 1042 καὶ
709 1000 913 1054 Λυκίων,
949 1000 1053 1051 τοὺς
1076 999 1235 1052 ἄλλους
1256 999 1426 1053 πάντας

134 1077 206 1123 ὑπ’
235 1077 384 1136 ἑωυτῷ
413 1074 496 1134 εἶχε
525 1076 932 1134 καταστρεψάμενος
964 1077 989 1123 ὁ
1026 1082 1235 1135 Κροῖσος·
1267 1080 1348 1124 εἰσὶ
1375 1080 1423 1124 δὲ

134 1159 251 1210 οἵδε,
298 1157 463 1210 Λυδοὶ,
506 1155 699 1214 Φρύγες,
741 1158 915 1213 Μυσοὶ,
954 1159 1288 1214 Μαριανδυνοὶ,
1329 1159 1422 1204 Χά-

84 1325 225 1362 finitum
243 1327 320 1362 erat
340 1321 497 1373 positum
510 1350 521 1370 ‚
549 1326 612 1359 aut
641 1328 742 1363 certe
807 1324 949 1363 Croeso
971 1326 1002 1362 vi
1024 1326 1200 1363 subactas·
1214 1324 1343 1375 Lydos
1364 1339 1464 1364 com-

84 1380 230 1430 cognati
258 1379 358 1417 verbi
381 1379 621 1430 participium.
681 1380 737 1418 Ita

81 1434 282 1488 αρώμενοι
312 1436 409 1473 idem
439 1448 521 1473 esse
551 1436 652 1485 quod
672 1432 734 1474 εὖ,

79 1489 240 1546 χόμενοι
270 1492 339 1540 (sc.
364 1486 644 1543 εὖχομένους);
673 1492 732 1530 illo

78 1555 202 1588 tamen
212 1550 323 1586 verbo
334 1562 438 1586 usum
450 1562 534 1586 esse
540 1548 730 1598 Nostrum,

78 1620 151 1658 quo
171 1606 323 1644 evitaret
341 1606 608 1656 repetitionem.

134 1663 203 1702 ἵνα
221 1659 322 1713 ὑπὲρ
345 1664 426 1701 τῶν
447 1661 488 1701 ἐν
507 1664 556 1714 τῇ
578 1656 732 1716 η’πείρῳ

80 1718 308 1771 οἰκημένων
325 1713 524 1767 Ἑλλήνων
545 1718 733 1758 τίσωνταί

77 1776 147 1827 σε]
175 1773 385 1826 οἰκημένος
405 1775 463 1812 hic
484 1775 554 1812 dici
575 1788 642 1825 pro
664 1791 686 1814 0
700 1775 731 1814 ἰ.

75 1848 100 1872 κ
113 1836 144 1871 ὦ
157 1848 177 1871 ν
207 1836 310 1869 notat
330 1831 464 1869 Matth.
489 1831 728 1870 Gramm.Gr.

76 1888 114 1941 §.
133 1889 236 1936 496,
258 1891 283 1929 6
304 1902 341 1940 p.
362 1887 456 1929 935.
487 1888 595 1926 Conf.
616 1888 645 1936 Ι,
660 1891 725 1930 96.

76 1949 169 1988 127·
201 1948 295 1987 172.
323 1945 428 1992 VIII,
451 1944 542 1985 115.
563 1944 610 1991 II,
633 1947 725 1987 102.

73 2023 130 2030 —-
162 2003 222 2041 De
246 2001 427 2039 locutione
457 1997 660 2048 δουλώσας
691 2000 724 2040 ἔ-

72 2073 176 2110 χεις,
205 2071 300 2109 quae
320 2058 491 2096 continuo
520 2056 557 2104 I,
587 2059 640 2099 28
665 2072 723 2096 re-

73 2116 200 2163 currit,
247 2114 319 2152 vid„
350 2115 437 2153 ibid.
475 2112 514 2165 ἓ.
551 2114 657 2163 559»,
697 2115 723 2153 b

71 2185 109 2223 p.
132 2172 257 2214 1105.

246 2256 279 2294 C
288 2270 358 2308 ap.
383 2255 555 2293 XXVIII.

128 2340 203 2382 εἶσὶ
222 2339 264 2381 δὲ
285 2341 395 2389 οἵδε,
425 2339 578 2387 Λυδοὶ,
613 2336 719 2392 Φρύ-

69 2412 134 2450 γες
151 2413 189 2437 κ.
210 2412 243 2437 τ.
264 2397 313 2448 λ.]
339 2397 514 2435 Voculam
526 2396 657 2436 Λυδοὶ
671 2398 719 2434 ab

67 2453 136 2492 hoc
163 2454 243 2492 loco
268 2455 423 2492 alienam
455 2467 538 2492 esse
568 2458 718 2491 conten-

69 2512 178 2559 dunt,
215 2512 430 2562 praesertim
451 2523 532 2548 cum
552 2511 719 2561 proximo

68 2568 184 2618 capite
219 2568 381 2617 legatur:
419 2566 487 2606 καὶ
521 2578 716 2618 προσεπι-

69 2622 271 2673 κτωμένου
308 2625 486 2677 Κροίσου
529 2624 713 2663 Λυδοῖσι.

0 2674 1 2698 ³
68 2676 193 2726 Lydos
227 2681 321 2719 enim
359 2694 435 2718 non
473 2693 655 2718 armorum
680 2682 715 2718 vi

70 2733 139 2770 sibi
168 2737 311 2786 subegit
341 2739 527 2784 Croesus,
559 2738 627 2775 sed
652 2752 715 2775 eo-

69 2802 149 2827 rum
169 2803 318 2840 regnum
341 2795 456 2832 tenuit
485 2795 592 2844 quasi
610 2794 715 2833 here-

71 2846 237 2884 ditarium
256 2853 364 2899 atque
383 2863 406 2888 a
425 2851 620 2887 maioribus
640 2855 715 2889 tra-

72 2902 209 2951 ditunr,
256 2904 306 2943 ita
341 2910 383 2944 ut
409 2907 502 2946 inter
532 2912 661 2958 gentes
692 2921 717 2947 a

804 1384 997 1419 memorari
1022 1383 1169 1421 minime
1197 1383 1243 1419 sit
1268 1387 1463 1420 consenta-

802 1451 921 1476 neum.
978 1438 1185 1477 Larcherus
1207 1452 1251 1477 eo
1282 1440 1459 1489 confugit,

801 1500 840 1531 ut
879 1495 1006 1544 Lydos
1055 1494 1284 1545 Lydiamque
1322 1500 1464 1534 terram»

798 1552 972 1601 distingui
991 1552 1100 1589 vellet
1119 1565 1140 1589 a
1159 1552 1345 1600 Maeonia,
1361 1566 1461 1602 quae

801 1610 968 1658 superior
989 1609 1096 1646 fuerit
1115 1621 1201 1660 pars
1224 1610 1300 1647 eius
1321 1614 1461 1657 terrae,

800 1677 895 1713 quae
928 1665 1097 1702 universa
1126 1666 1279 1716 posthac
1308 1665 1457 1714 Lydiae

798 1722 976 1771 acceperit
1023 1735 1158 1759 nomen
1205 1723 1250 1758 ab
1290 1722 1459 1759 inferiori?

796 1781 900 1827 parte
912 1807 922 1825 ,
953 1790 1061 1827 quam
1081 1779 1241 1815 Croesus
1260 1779 1368 1814 armis
1386 1791 1448 1816 oc·-

796 1835 1000 1883 cupaverit,
1034 1847 1113 1871 cum
1145 1838 1253 1871 antea
1281 1835 1445 1884 superio—

793 1902 870 1927 rem
890 1892 999 1928 modo
1017 1896 1156 1941 partem
1185 1891 1236 1938 (i.
1255 1904 1287 1928 e.
1313 1890 1443 1928 Maeo-

792 1947 902 1995 niam,
924 1949 1019 1984 conf.
1042 1960 1152 1997 supra
1171 1960 1248 1997 cap.
1269 1948 1315 1996 7)
1332 1960 1442 1984 ama-

790 2003 926 2040 ioribus
948 2004 1117 2041 traditam
1134 2003 1350 2041 hereditario
1363 2004 1441 2041 iure

788 2061 975 2098 tenuisset.
1015 2060 1096 2097 Nos
1116 2059 1292 2097 malumus
1309 2060 1355 2097 ab
1376 2073 1440 2097 eo-

788 2129 869 2153 rum
915 2118 1078 2167 partibus
1117 2121 1214 2154 stare
1228 2146 1238 2164 ‚
1289 2117 1351 2166 qui
1380 2116 1439 2154 hic

789 2185 939 2220 omnes,
987 2187 1079 2222 quos
1113 2173 1244 2211 Croesi
1281 2186 1438 2222 regnum

788 2229 1094 2279 complectebatur
1109 2230 1265 2280 populos
1278 2258 1289 2277 ‚
1310 2243 1437 2267 recen-

787 2287 860 2323 seri
870 2287 1020 2324 credunt
1032 2316 1042 2334 ,
1052 2287 1242 2336 primoque
1252 2286 1331 2323 loco
1342 2286 1437 2323 hanc

786 2342 904 2392 ipsam
928 2344 975 2379 ob
1005 2355 1151 2380 causam
1174 2342 1340 2380 collocari
1357 2342 1434 2391 Ly-

785 2399 877 2446 dos,
908 2399 1045 2449 quippe
1066 2413 1162 2448 quos>
1189 2398 1436 2449 primitus—ille

785 2456 900 2493 tenuit
928 2456 1134 2505 quibusque
1155 2460 1320 2493 caeterae
1341 2469 1433 2504 gen-

783 2516 839 2549 tes
863 2513 967 2561 quasi
984 2513 1149 2550 adiectae
1157 2513 1314 2550 fuerunt.
1330 2511 1432 2550 Libri

784 2569 832 2605 ad
851 2582 961 2606 unum
977 2581 1103 2605 omnes
1129 2569 1288 2606 retinent
1306 2581 1430 2606 vocem

783 2624 936 2673 Λυδοὶ,
986 2638 1095 2674 quam
1127 2625 1250 2672 uncis,
1299 2625 1433 2674 quibus

783 2682 964 2719 editorum
1000 2681 1162 2718 nonnulli
1202 2681 1441 2727 incluserant,

781 2738 1004 2776 liberandam
1021 2739 1238 2776 censuimus.
1298 2737 1329 2775 C
1335 2751 1366 2774 r.
1386 2738 1434 2774 ad

782 2795 817 2832 h.
845 2794 869 2833 l.
915 2796 1086 2833 admonet
1114 2795 1301 2833 Benedict.
1329 2793 1435 2832 Noti.

782 2850 875 2889 critt.
899 2851 1125 2890 inHerodot.
1145 2852 1184 2888 in
1201 2849 1433 2888 BeckiiActt.²

783 2908 917 2948 Semin.
947 2908 1126 2958 Philolog.
1154 2907 1257 2959 Lips.
1290 2905 1370 2943 Vol..
1399 2905 1433 2942 Π

1509 833 1609 862 Asiam
1632 842 1748 862 onmem

1473 868 1511 896 nd
1533 868 1632 903 Halyn
1653 876 1748 904 unque

1473 902 1582 932 domat.
