1759 3324
377 261 463 301 496

772 256 1244 299 HERODOTI

350 372 494 420 Ξλιοι,
531 368 717 424 σχοίνων
756 368 856 420 ἑνός
893 368 968 413 καὶ
1001 365 1254 424 ὀγδώκοντα
1283 366 1460 411 ἐόντων.
1519 361 1643 411 οὗτοι

369 447 685 504 ’συντιθέμενοι
721 449 765 491 οἱ
803 447 972 491 στάδιοι
1008 444 1261 502 Αἰγύπτου,
1318 445 1367 490 τό
1409 447 1487 502 μὲν
1522 447 1643 501 παρα

377 526 630 581 θάλασσαν,
687 526 771 583 ἤδη
812 544 888 582 μοι
935 527 1009 571 καὶ
1050 525 1262 582 πρότερον
1301 526 1538 582 δεδήλωται
1575 526 1644 570 ὅτι

380 607 617 659 ἑξακοσίων
647 605 692 647 τέ
723 605 810 648 ἐστι
841 607 1029 649 σταδίων
1060 606 1134 649 καὶ
1162 607 1428 661 τρισχιλίων“
1461 605 1569 650 ὅσον
1597 605 1644 650 δέ

378 704 420 729 τι
450 684 536 728 ἀπὸ
566 682 790 738 θαλάσσης
820 684 863 734 ἐς
891 684 1128 740 μεσόγαιαν
1165 684 1285 740 μέχρι
1322 685 1501 742 Θηβέων
1532 685 1701 736 ἐστὶ,40

350 772 373 806 3
385 763 599 820 σημανέω.

658 763 826 806 στάδιοι
854 761 937 818 γάρ
971 764 1053 805 εἰσι
1096 765 1232 806 εἴκοσι
1273 764 1346 807 καὶ
1387 764 1541 808 ἑκατὸν
1570 765 1645 808 καὶ

380 843 667 898 ἑξακισχίλιοι.
724 840 774 884 τὸ
815 841 861 884 δὲ
901 839 986 885 ἀπὸ
1035 841 1216 897 Θηβέων
1255 842 1298 893 ἐς
1332 840 1644 901 Ἐλεφαντίνην

379 921 647 978 καλεομένην
679 919 834 975 πόλιν,
892 919 1062 965 στάδιοι
1095 922 1226 977 χίλιοι
1275 921 1350 966 καὶ
1395 920 1646 968 ὀκτακόσιοι

380 1001 478 1045 εἶσί.

381 1157 495 1204 οὗτοι
522 1159 800 1213 συντιθέμενοι
828 1161 871 1203 οἷ
897 1157 987 1203 στοῖ-

325 1221 425 1267 διοι]
463 1219 556 1256 Cum
588 1224 738 1257 recentt.
777 1221 986 1271 scripsimus

327 1274 610 1326 συντιθέμενοι
640 1289 707 1326 pro
738 1274 987 1327 συντεθειμέ-

326 1349 390 1373 νοι
412 1338 449 1371 et
469 1332 521 1379 οἷ,
551 1333 651 1381 quod
670 1332 779 1381 vulgo
793 1333 909 1381 abest,
921 1333 989 1370 ad—

323 1391 481 1429 iecimus.
511 1389 578 1425 Est
595 1393 716 1426 autem
726 1389 817 1428 haec
829 1391 904 1428 fere
921 1389 991 1427 loci

326 1446 506 1485 sententia
518 1459 526 1482 z
558 1446 696 1496 quando
706 1446 790 1483 haec
800 1446 919 1484 stadia
933 1458 987 1482 se-

326 1517 402 1541 cum
422 1507 521 1539 erant
537 1504 661 1540 iuncta
681 1516 708 1540 s.
722 1507 982 1553 computata—

325 1563 451 1598 existet
464 1558 545 1596 inde
563 1571 697 1596 summa
717 1572 778 1596 sex
795 1559 889 1597 mille
908 1572 986 1596 cen-

325 1621 401 1654 tum
421 1618 556 1664 viginti
573 1615 785 1663 stadiorum,
823 1628 910 1667 qaae
937 1619 988 1652 est

325 1675 567 1724 Aegyptiacae
588 1676 700 1709 terrae
718 1672 899 1721 longitudo
908 1672 988 1710 inde

327 1745 351 1768 a
370 1732 463 1767 mari
479 1741 588 1779 usque
605 1728 652 1766 ad
671 1728 819 1777 Thebas,
832 1732 905 1767 iam
922 1731 989 1766 mi-

327 1788 366 1825 la·
390 1786 603 1834 indicanda,
645 1790 853 1836 postquam,
900 1798 988 1836 quae

327 1857 406 1882 orae
421 1845 618 1880 maritimae
636 1845 684 1879 sit
703 1842 899 1892 longitudo,
928 1855 989 1880 su-

320 1914 391 1952 pra
429 1899 600 1937 indicavi.
657 1900 734 1937 Iam
783 1899 988 1950 apparebit,

326 1957 438 1995 verba
476 1950 588 1995 οὗτοι
631 1955 910 2005 συντιθέμενοι
950 1953 992 1994 οἷ

327 2009 481 2052 στάδιοι
503 2016 669 2062 spectare
690 2013 739 2049 ad
762 2012 874 2049 verba
900 2007 988 2050 στοί-

328 2070 408 2109 διοι
436 2064 513 2120 γάρ
536 2068 612 2107 εἰσι
636 2067 780 2116 εἴκοσι,
810 2066 877 2106 καὶ
905 2066 991 2106 ἕκα-

326 2123 397 2165 τόν
415 2124 481 2163 καὶ
505 2123 771 2174 ἑξακισχίλιοι,
799 2124 860 2160 ubi
878 2124 992 2174 parti—

327 2181 407 2219 cula
433 2177 509 2232 γάρ
537 2181 716 2218 neminem
744 2181 993 2226 remorabitur,

327 2239 389 2287 qui
407 2237 623 2283 meminerit,
654 2237 796 2286 quoties
807 2236 896 2273 haec
907 2248 994 2287 par-

327 2293 435 2331 ticula
447 2294 496 2330 ita
513 2298 682 2343 ponatur,
711 2298 752 2329 ut
770 2293 818 2330 ad
828 2305 884 2340 ea,
898 2305 993 2341 quae

327 2363 396 2402 per
413 2349 647 2400 parenthesin
669 2350 773 2398 quasi
801 2349 992 2386 interiecta

328 2407 492 2458 proxime
511 2405 743 2451 antecedunt,
774 2409 992 2455 spectet.—

328 2464 371 2501 In
399 2463 488 2513 ipsis
519 2461 676 2499 numeris
714 2462 812 2499 haud
841 2474 991 2511 prorsus

328 2523 499 2558 constans
517 2519 585 2556 sibi
604 2518 746 2556 videtur
766 2518 993 2564 Herodotus,

330 2577 392 2625 qui
402 2576 459 2613 hic
472 2587 646 2612 summam
664 2575 861 2612 stadiorum
873 2574 994 2612 amari

329 2645 447 2681 usque
475 2632 524 2668 ad
545 2631 754 2681 Heliopolin
782 2636 817 2669 et
840 2630 992 2668 Thebas

329 2690 418 2726 facit
447 2690 578 2735 6120,
603 2701 683 2725 cum
711 2693 819 2725 antea
848 2687 922 2736 (ΙΙ,
947 2687 992 2735 7)

331 2746 442 2786 1500
455 2744 573 2781 stadia
592 2745 774 2794 posuisset
791 2757 813 2781 a
828 2743 918 2780 mari
930 2756 992 2781 us-

331 2814 404 2850 que
423 2801 472 2838 ad
494 2800 704 2850 Heliopolin
732 2805 767 2838 et
797 2801 842 2838 ab
862 2800 992 2837 Helio-

330 2857 404 2907 poli
435 2869 550 2905 usque
580 2856 629 2893 ad
667 2856 816 2894 Thebas
856 2858 989 2903 48603

331 2914 430 2951 unde
464 2925 604 2951 summa
635 2913 755 2951 existit
786 2914 990 2951 stadiorum

1044 1165 1167 1206 6360.
1207 1161 1341 1212 Fuere,
1367 1165 1429 1214 qui
1446 1163 1599 1202 librariis
1622 1163 1702 1202 He-

1042 1223 1164 1258 rodoti
1206 1224 1346 1258 textum
1386 1221 1702 1272 corrumpentibus

1042 1279 1113 1316 hoc
1136 1278 1358 1326 tribuerent,
1387 1278 1551 1327 quamvis
1580 1277 1705 1315 mendi

1044 1348 1093 1373 ne
1117 1334 1188 1372 ulla
1212 1335 1358 1383 quidem
1386 1335 1564 1385 adpareat
1585 1335 1704 1384 suspi-

1045 1393 1112 1430 cio.
1154 1391 1194 1427 Si
1219 1403 1307 1428 sana
1329 1395 1415 1428 sunt
1434 1390 1564 1428 Nostri
1580 1391 1703 1438 verba,

1042 1449 1101 1486 vix
1117 1461 1161 1486 ea
1179 1447 1249 1484 alio
1265 1448 1377 1484 modo
1393 1460 1514 1485 secum
1534 1447 1704 1497 componi

1042 1518 1154 1556 posse
1180 1505 1358 1542 existimat
1384 1503 1651 1541 Schlichthorst.
1678 1502 1703 1540 l.

1042 1561 1065 1599 l.
1087 1574 1173 1612 pag.
1192 1563 1264 1608 30,
1294 1560 1362 1597 nisi
1379 1561 1537 1610 priorem
1553 1572 1706 1610 compu-

1042 1619 1221 1655 tationem
1249 1617 1297 1654 de
1323 1616 1486 1654 terrestri
1510 1616 1640 1654 itinere
1673 1615 1704 1652 si

1042 1672 1243 1723 intelligas,
1273 1673 1425 1710 alteram
1449 1684 1602 1721 eamque
1626 1683 1705 1709 ma-

1042 1732 1155 1768 iorem
1175 1731 1222 1768 de
1244 1729 1390 1777 itinere,
1420 1729 1521 1778 quod
1539 1730 1577 1765 in
1592 1728 1704 1765 fluvio

1043 1788 1110 1825 fiat
1126 1790 1237 1836 atque
1253 1790 1455 1823 tortuosum
1465 1785 1512 1822 ob
1531 1785 1607 1823 eius
1623 1797 1704 1822 cur-

1044 1857 1122 1881 sum
1135 1843 1276 1892 longius
1288 1843 1345 1879 sit.
1376 1842 1453 1879 Sed
1467 1845 1616 1879 monent
1626 1841 1706 1879 edi-

1043 1904 1143 1937 tores
1161 1900 1280 1950 operis
1298 1898 1481 1948 Descript.
1500 1898 1548 1936 de
1564 1897 1658 1946 l’Eg.
1678 1896 1702 1934 l.

1046 1956 1069 1993 l.
1098 1956 1206 1993 hasce
1240 1955 1432 1992 distantias
1461 1966 1586 1992 omnes
1616 1966 1705 1991 con-

1049 2025 1158 2061 gruas
1183 2013 1284 2059 fore,
1329 2011 1360 2047 si
1387 2015 1485 2048 recta
1515 2009 1612 2047 linea
1641 2022 1704 2048 eas

1049 2069 1177 2105 ductas
1199 2080 1282 2106 esse
1300 2067 1366 2104 tibi
1386 2067 1621 2117 persuaseris.
1642 2066 1704 2103 Sic

1048 2124 1144 2162 mille
1162 2124 1381 2172 octingentis
1396 2123 1522 2160 stadiis
1533 2122 1705 2161 Herodo-
1758 2137 1759 2143 ¹

1048 2181 1117 2218 teis
1140 2185 1263 2218 exacte
1282 2180 1507 2229 respondere
1528 2191 1704 2216 summam

1052 2239 1230 2284 180‚000
1258 2236 1410 2283 metres,
1449 2248 1544 2285 quae
1575 2236 1704 2274 eadem
1755 2250 1758 2283 3

1049 2306 1135 2331 vera
1168 2293 1371 2331 inveniatur
1398 2292 1478 2330 viae
1512 2291 1703 2341 longitudo
1754 2323 1757 2342 5

1047 2362 1220 2400 mappam
1241 2349 1455 2400 inspicienti.
1483 2348 1705 2387 Distantiam
1754 2364 1755 2370 ¹

1049 2405 1261 2444 Thebarum
1290 2406 1335 2442 ab
1365 2405 1447 2455 ipso
1475 2405 1567 2443 mari
1585 2404 1702 2441 minus
1752 2416 1753 2434 2

1048 2463 1143 2500 bene
1158 2461 1308 2500 indicari
1318 2474 1442 2511 posse,
1470 2472 1704 2498 cumnonsa-
1750 2467 1752 2482 ¹

1050 2519 1095 2556 tis
1108 2523 1274 2555 accurate
1282 2517 1495 2556 Herodotus
1511 2516 1628 2554 locum
1637 2517 1704 2554 de-
1748 2541 1750 2550 ,

1050 2575 1206 2622 finierit,
1236 2575 1336 2612 unde
1367 2573 1541 2611 distantia
1569 2574 1615 2610 sit
1638 2573 1705 2610 de-

1049 2631 1257 2677 metienda,
1286 2643 1354 2668 nec
1378 2634 1500 2667 tamen
1527 2630 1703 2667 absonam

1048 2687 1184 2733 videri,
1224 2687 1254 2723 si
1279 2699 1301 2724 a
1327 2685 1417 2723 mari
1438 2686 1703 2724 mediterraneo

1046 2756 1164 2794 prope
1178 2742 1365 2780 Pelusium
1383 2742 1557 2793 incipiens
1567 2745 1704 2779 rectam

1046 2800 1178 2837 lineam
1204 2799 1253 2835 ad
1272 2799 1419 2836 Thebas
1448 2810 1565 2847 usque
1591 2798 1704 2835 duxe-
1742 2831 1743 2834 ,

1045 2856 1105 2893 ris.
1135 2855 1195 2893 Tu
1218 2856 1312 2892 conf.
1331 2856 1438 2894 etiam
1458 2853 1614 2893 Iomard.
1635 2853 1660 2891 l.
1679 2852 1702 2890 1.
1740 2856 1742 2896 ξ

1043 2924 1130 2965 pag.
1150 2912 1233 2954 508
1255 2910 1278 2949 1.
1304 2910 1330 2949 1.

1743 2727 1745 2762 l
