1832 3315
371 242 399 282 4
785 239 1254 281 HERODOTI

294 349 322 393 l
484 352 690 409 Περσέων
727 350 808 407 μέν
844 367 929 395 νυν
973 351 1018 395 οἱ
1053 349 1195 408 λόγιοι
1238 351 1447 403 Φοίνικας
1486 351 1653 405 αἰτίους
1697 363 1724 403 2

81 409 308 452 {inimicitiarum

47 451 160 472 causae
226 450 308 474 iuter

49 477 184 505 Graecos
211 483 243 506 et
268 482 306 507 Α-

47 510 113 537 siae
136 544 143 551 ·
172 512 310 548 populos,

49 548 144 571 mutui
208 551 312 581 raptus

47 577 221 607 mulierum.

47 609 215 639 Phoenices
244 620 306 639 ma—

48 643 113 692 tis..
127 643 544 705 menitegra-sscriptores,
589 653 681 689 quos
721 641 829 678 simili
871 643 981 678 modo

46 683 313 739 xffilsscfftg‘bffff
326 697 496 747 operibus
516 697 590 732 suis
608 698 792 746 praefatos
817 711 897 735 esse
921 711 980 735 ac—

48 748 130 803 {233¹
200 749 302 772 natum

156 778 186 806 10
217 783 303 814 rapta

49 811 127 840 1687.

330 528 413 566 lium
446 531 570 579 paucis
607 528 782 566 declarat.

324 590 446 622 mento
497 590 581 621 sunt
626 585 685 620 alii
733 585 826 621 illius
854 586 982 622 aetatis

322 753 492 803 cepimus.
550 752 696 790 Mittam
714 766 810 791 nunc
831 754 978 803 Thucy-

324 809 420 847 didis
463 810 672 855 exorditun3
720 811 870 860 propius
910 811 979 848 huc

323 865 501 916 pertinet,
559 870 729 903 monente
784 868 979 913 Creuzero,

322 921 566 969 „Hecataeus
598 921 658 959 ille
687 921 875 969 Milesius,
917 923 979 970 qui

321 982 417 1014 teste
450 977 638 1014 Demetrio
674 979 720 1015 de
745 977 885 1015 Elocut.
927 981 979 1019 12

324 1034 374 1070 ita
402 1034 574 1071 historiae
603 1047 691 1071 suae
720 1035 821 1070 initio
846 1047 981 1084 posue-

324 1094 399 1126 rat:
427 1087 633 1136 Ἑκαταῖος
666 1085 869 1140 Μιλήσιος
902 1084 980 1129 ὦδε

326 1144 526 1197 μυθέεται.
586 1146 731 1184 Ocellus
786 1146 978 1183 Lucanus:

323 1199 417 1241 τάδε
461 1201 684 1252 συνέγραψε
717 1199 908 1249 ’Ώκελλος
959 1200 980 1242 ὅ

325 1256 538 1305 Λουκανός
567 1258 660 1309 περὶ
688 1262 760 1309 τῆς
787 1262 860 1299 τοῦ
880 1274 978 1298 παν-

324 1312 386 1361 τὸς
412 1312 581 1364 φύσεως.
613 1315 788 1353 Timaeus
816 1315 976 1353 Locrus:

331 1372 495 1422 Τίμαιος
530 1369 550 1411 ὅ
575 1369 731 1423 Λοκρὸς
756 1367 850 1411 τάδε
887 1370 976 1422 ἔφα.

325 1428 408 1464 Vid.
431 1428 556 1464 Valck.
579 1429 627 1464 ad
653 1428 688 1464 Τ
690 1429 834 1466 heocrit.
853 1429 881 1476 l,
911 1430 978 1470 65.

327 1484 399 1521 Th.
420 1484 513 1521 Gale
532 1485 668 1534 Opusc.
685 1484 837 1533 Mythol.
858 1499 894 1535 p.
913 1485 979 1525 7.“

327 1540 435 1583 Quae
467 1554 547 1577 cum
578 1541 629 1577 ita
667 1542 761 1588 sint,
805 1542 979 1578 mittimus

327 1609 433 1644 eum,
465 1597 525 1646 qui
553 1601 670 1634 totum
694 1598 902 1644 exordium,
933 1598 978 1634 ab

324 1654 539 1702 antiquitate
591 1653 658 1701 (ut
703 1653 773 1690 alia
811 1653 979 1701 taceam)

325 1709 414 1745 satis
445 1710 756 1756 cmmnendatum,
787 1710 832 1746 ab
858 1709 980 1746 Hero-

326 1765 414 1800 doto
468 1766 670 1815 profectum
720 1779 803 1803 esse
855 1770 980 1814 negat,

325 1821 560 1870 eiusdemque
581 1821 718 1858 amasio
737 1826 773 1859 et
800 1821 979 1858 bonorum

324 1877 473 1914 haeredi
528 1877 733 1914 Plesirrhoo
794 1878 977 1914 adscribit.

326 1934 435 1970 Conf.
482 1932 709 1970 Ptolemaeus
751 1933 979 1983 Hephaestio

325 1988 377 2026 1ss
404 2002 440 2038 p.
463 1988 546 2029 314
566 1990 621 2026 ed.
654 1989 736 2026 Gal.
759 1989 872 2025 Cuius
894 2003 978 2027 sen-

325 2045 460 2082 tentiae
486 2045 622 2081 lubrica
652 2042 848 2083 adinodum
870 2059 979 2095 argu-

329 2105 453 2139 menta
530 2101 604 2137 iam
668 2102 759 2138 satis
826 2103 981 2139 excussit

330 2156 547 2205 Schweigh„
568 2156 623 2194 cui
647 2158 743 2195 adde
760 2158 978 2195 Dahhnann.

330 2213 469 2250 Herod.
508 2226 544 2262 p.
580 2214 675 2254 231.
745 2214 819 2257 Qui
859 2220 981 2252 autem

331 2269 543 2306 Herodotus
563 2268 644 2305 libri
671 2270 811 2307 initium
842 2283 981 2320 ponere

331 2325 512 2375 potuisset
528 2325 668 2362 verbis:
700 2324 887 2378 Περσέων
908 2325 981 2378 μέν

333 2395 410 2419 νυν
432 2380 473 2419 οἷ
491 2377 617 2431 λόγιοι
633 2395 669 2419 κ.
693 2396 726 2420 τ.
743 2383 802 2421 A?
832 2383 892 2420 Tu
911 2384 983 2420 vid.

334 2437 482 2473 omnino
519 2437 691 2474 Creuzer.
742 2438 814 2476 Die
856 2439 982 2476 histor.

334 2493 458 2529 Kunst
495 2506 531 2542 p.
567 2496 657 2534 199.
691 2497 793 2541 200,
829 2508 874 2532 ex
910 2509 983 2544 quo

333 2548 405 2585 huc
430 2549 632 2586 adscribam
672 2551 802 2598 verba,
851 2552 983 2600 quibus

335 2610 438 2641 vetus
467 2605 686 2642 Germaniae
715 2607 888 2656 scriptor,
926 2607 984 2644 Ia-

336 2661 447 2697 cobus
483 2660 676 2698 Unrestius
725 2663 762 2698 in
804 2664 984 2700 Chronico

337 2716 566 2753 Carinthiaco
593 2722 630 2754 et
661 2716 849 2755 Austriaco
891 2733 984 2769 opus

337 2785 442 2809 suum
461 2774 602 2822 incipit:
632 2774 710 2819 „So
728 2775 788 2812 die
802 2775 886 2812 Zeit
905 2789 985 2813 ver-

337 2829 454 2865 fliesst
473 2828 526 2865 als
543 2830 610 2865 das
624 2829 797 2876 wasser,
821 2832 896 2867 und
917 2833 983 2868 des

333 2883 534 2924 Menschen
559 2885 803 2924 Gedechtniss
827 2900 984 2938 vergeen

861 527 986 566 Docu-

1039 528 1106 566 mit
1146 530 1211 568 der
1245 527 1413 566 Glocken
1449 528 1582 575 Donn,
1618 529 1690 567 hab

1039 585 1094 621 ich
1116 586 1230 623 Jacob
1243 586 1380 622 Unrest
1398 587 1434 621 in
1453 587 1590 624 meiner
1598 586 1689 622 Ein-

1037 641 1101 677 salt
1133 642 1307 691 gedacht:
1360 642 1449 677 was
1481 643 1517 678 in
1553 643 1688 679 Schrift

1035 696 1154 745 kumt,
1216 698 1327 735 bleibt
1378 697 1562 745 laenger“
1620 703 1687 734 etc.

1036 753 1174 801 (Hahn.
1187 754 1335 791 Collect.
1354 753 1577 791 Montunent.
1587 753 1688 790 Vett.

1036 809 1082 846 T.
1104 809 1120 846 I
1154 811 1272 848 Praef.
1297 823 1332 860 p.
1361 813 1444 858 12).
1502 810 1622 858 Atque
1637 810 1688 845 si-

1034 866 1132 902 milia
1149 867 1316 915 equidem
1335 879 1394 902 me
1421 866 1544 914 legere
1559 865 1689 902 memi-

1035 923 1070 957 ni
1094 922 1195 958 initio
1219 922 1464 959 chronicorum
1492 922 1689 958 Rhaetico-

1034 990 1135 1024 rum,
1165 991 1258 1026 quae
1291 983 1436 1015 auctore
1466 977 1603 1015 Gulero
1639 978 1688 1015 de

1034 1032 1189 1070 VVineck
1215 1035 1428 1083 prodierunt
1454 1034 1578 1071 'surici
1596 1033 1688 1071 Hel-

1035 1093 1104 1126 vet.
1139 1092 1258 1131 1616.

1093 1144 1279 1197 Περσέων
1301 1144 1373 1196 μέν
1390 1160 1466 1184 νυν
1483 1146 1526 1185 οἷ
1547 1141 1685 1198 λόγιοι]

1033 1196 1154 1253 λόγιοι
1184 1202 1241 1239 hic
1266 1208 1369 1250 sunt,
1410 1203 1558 1252 antiqua
1580 1214 1688 1239 voca-

1033 1258 1107 1294 buli
1127 1259 1403 1306 significatione,
1428 1272 1542 1296 rerum
1568 1261 1687 1307 gesta-

1033 1327 1110 1350 rum
1143 1314 1222 1350 bene
1252 1318 1375 1362 gnari,
1416 1317 1545 1364 periti,
1594 1315 1691 1351 docti

1035 1370 1113 1418 (die
1134 1371 1535 1420 Geschichtskundigen
1561 1383 1590 1407 5.
1617 1371 1688 1407 Sa-

1034 1427 1294 1476 genkundigen
1304 1427 1334 1475 ).
1407 1427 1579 1465 Refertur
1619 1426 1688 1463 hoc

1035 1484 1083 1520 ad
1100 1484 1317 1532 primitivam
1349 1485 1446 1520 vocis
1477 1479 1588 1535 λόγος
1618 1495 1687 1519 no-

1033 1540 1189 1587 tionem,
1215 1541 1262 1577 de
1284 1553 1356 1589 qua
1374 1540 1505 1577 Creuz.
1527 1540 1687 1588 (Histor.

1037 1595 1172 1632 Kunst.
1207 1609 1243 1645 p.
1276 1598 1355 1637 173
1389 1610 1443 1645 sq.
1485 1599 1565 1637 176
1597 1596 1689 1644 sq),

1036 1652 1134 1689 unde
1154 1653 1306 1701 posthac
1324 1665 1366 1689 ea
1385 1653 1491 1689 fluxit
1504 1652 1687 1701 significa-

1035 1708 1106 1754 tio,
1137 1721 1209 1756 qua
1233 1704 1367 1759 λόγιος
1396 1708 1609 1758 plerumque
1631 1707 1688 1744 ‹Ii-

1036 1767 1163 1800 sertum
1215 1764 1350 1801 indicat
1397 1769 1434 1802 et
1481 1765 1689 1815 eloquentem

1035 1820 1211 1857 hominem.
1241 1821 1299 1857 Ad
1318 1826 1482 1858 nostrum
1497 1821 1616 1858 locum
1631 1821 1687 1857 fa-

1036 1877 1084 1913 cit
1105 1877 1265 1925 Hesych.
1286 1877 1317 1913 H
1346 1892 1382 1928 p.
1407 1877 1512 1919 493:
1535 1873 1687 1928 λόγιος·

1035 1930 1056 1972 ὁ
1079 1935 1150 1983 τῆς
1183 1930 1356 1984 ἱστορίας
1374 1932 1566 1986 ἔμπειρος.
1594 1933 1688 1970 Inde

1033 1990 1129 2026 infra
1141 1989 1187 2036 Π,
1203 1991 1229 2030 3
1248 1987 1540 2029 Ἠλιουπολῖται
1556 1987 1687 2042 λέγον-

1033 2060 1096 2084 ται
1114 2045 1347 2097 Αἰγυπτίων
1375 2043 1478 2086 εἶναι
1493 2042 1688 2099 λογιώτα-

1035 2117 1106 2149 τοι,
1117 2103 1139 2138 i.
1155 2115 1185 2139 e.
1195 2115 1306 2139 rerum
1312 2106 1529 2152 peritissimi,
1538 2103 1598 2140 ubi
1607 2101 1687 2152 plu-

1035 2171 1076 2195 ra
1094 2158 1162 2195 Iac.
1176 2159 1386 2196 Gronovius
1409 2165 1446 2198 et
1461 2159 1615 2197 Wessel.
1638 2160 1686 2196 ad

1033 2214 1185 2252 Diodor.
1202 2215 1247 2262 II,
1259 2215 1295 2256 4.
1314 2216 1530 2253 Dahlmann.
1546 2215 1689 2252 Herod.

1035 2284 1071 2320 p.
1098 2273 1196 2318 108,
1227 2273 1289 2320 qui
1320 2273 1396 2311 iure
1421 2273 1468 2309 ad
1487 2273 1525 2309 id
1549 2270 1688 2309 attendi

1036 2327 1155 2375 iubet,
1184 2329 1285 2376 quod
1314 2328 1373 2366 hic
1391 2329 1547 2379 primum
1565 2329 1688 2365 fontes

1039 2388 1163 2420 auctor
1191 2385 1347 2432 indicat,
1384 2386 1482 2423 unde
1506 2397 1573 2421 sua
1598 2384 1689 2421 hau-

1039 2441 1137 2477 serit.
1166 2439 1220 2477 Ac
1236 2442 1372 2478 scimus
1395 2442 1521 2491 utique
1544 2445 1581 2478 et
1600 2440 1690 2477 alias

1038 2501 1153 2533 terras
1181 2501 1218 2534 et
1245 2498 1363 2547 ipsam
1395 2498 1588 2535 Persarum
1616 2501 1690 2534 ter-

1039 2565 1116 2589 ram
1172 2553 1218 2589 ab
1269 2554 1462 2590 Herodoto
1508 2554 1691 2589 visitatam

1038 2609 1172 2655 fuisse,
1214 2610 1276 2657 qui
1311 2610 1395 2647 inde
1426 2622 1470 2647 ex
1502 2610 1691 2646 doctomm

1040 2665 1132 2701 illius
1163 2666 1283 2712 gentis
1316 2667 1525 2702 narratione
1550 2669 1587 2702 et
1616 2664 1692 2701 col-

1039 2720 1161 2769 loquio
1180 2722 1269 2759 haec
1287 2721 1458 2758 retulerit.
1488 2721 1545 2758 Cf.
1575 2720 1690 2758 Dahl-

1040 2789 1161 2814 mann.
1182 2777 1205 2814 l.
1225 2778 1246 2814 l.
1277 2791 1313 2827 p.
1335 2779 1401 2818 76.
1421 2780 1486 2818 77.
1515 2782 1552 2814 et
1568 2777 1694 2826 Heyse

1040 2833 1062 2869 l.
1082 2833 1103 2869 l.
1124 2847 1160 2883 p.
1183 2835 1236 2875 98
1255 2846 1336 2883 sqq.
1361 2855 1416 2860 —
1432 2832 1474 2870 In
1492 2846 1594 2882 seqq.
1614 2846 1695 2870 cum

1040 2889 1243 2939 Schweigh.
1277 2895 1314 2929 et
1349 2889 1467 2928 Gaisf.
1493 2890 1697 2928 edidimus:
