1759 3324
337 260 422 301 52⁰

727 256 1201 298 HERODOTI

339 371 428 412 τῶν
455 366 667 423 θερινέων
696 364 958 423 ἀρξάμενος,
989 366 1057 410 ἐπὶ
1078 365 1232 411 ἑκατὸν
1249 363 1433 423 ἡμέρας·
1465 363 1596 410 πελά-

341 458 421 498 σας
448 443 490 490 δ’
518 446 560 497 ἐς
586 446 664 489 τὸν
693 443 883 502 α’ριθμόν
911 445 1097 490 τουτέων
1127 450 1216 489 τῶν
1245 443 1461 502 ἡμερέων,
1496 442 1593 487 ὀπί-

341 537 402 569 σω
432 523 658 581 ἀπέρχεται
686 523 934 568 ἀπολείπων
963 524 1012 569 τὸ
1043 525 1246 580 ῥέεθρον·
1297 522 1404 568 ὥστε
1433 521 1598 580 βραχύς

286 713 362 748 tate
386 710 423 746 in
448 707 535 746 haec
552 706 834 756 inquisiverunt,
862 707 934 744 vid.

285 765 416 804 Ritter.
431 764 634 801 Erdkunde
659 762 675 799 I
695 775 731 811 p.
752 763 833 803 837
858 762 936 800 coll.

286 821 441 858 Salmas.
461 819 633 856 Exercitt.
661 817 779 855 Plinn.
796 831 834 868 p.
853 817 935 859 804

287 890 364 926 seq.
390 875 520 913 Verbis
549 869 626 913 ἀπὸ
648 872 825 924 τροπέων
854 876 936 912 τῶν

286 929 482 983 θερινέων
503 930 693 967 solstitium
710 930 859 967 indicari
875 942 938 968 ae-

286 989 441 1035 stivum,
478 987 537 1024 vix
562 998 763 1024 memorare
799 986 938 1024 attinet.

286 1043 341 1084 Ac
358 1043 429 1081 dici
454 1043 511 1080 vix
529 1046 672 1094 potest,
701 1046 790 1092 quot
809 1041 939 1092 imagi-

287 1100 392 1138 nibus
409 1098 479 1136 hoc
494 1100 612 1150 ipsum
623 1103 764 1148 tempus
782 1099 939 1148 indeque

287 1157 454 1208 pendens
469 1154 628 1205 Aegypti
643 1154 796 1193 felicitas
820 1155 940 1193 decla-

287 1216 387 1251 retur
412 1211 448 1248 in
474 1211 687 1262 anaglyphis
724 1211 941 1262 templorum

288 1272 533 1316 vetustorum,
571 1280 665 1317 quae
690 1267 941 1317 frequentissi-

288 1336 349 1363 ma
377 1336 444 1376 per
468 1322 677 1374 Aegyptum
701 1325 941 1374 reperiuntur.

288 1379 477 1421 Nonnulla
508 1380 630 1428 attigit
663 1378 866 1418 Creuzerus
904 1380 942 1417 in

289 1434 483 1486 Symbol.I
504 1449 540 1487 p.
557 1438 654 1482 269,
667 1434 736 1472 alia
754 1436 851 1475 idem
862 1449 942 1473 mo-

290 1497 354 1531 net
373 1493 411 1530 in
427 1491 606 1530 Philarum
629 1496 665 1529 et
680 1491 940 1542 Elephantines

291 1548 413 1587 insulis
438 1549 586 1598 reperiri
611 1548 658 1586 de
689 1549 820 1597 quibus
843 1548 941 1586 Galli

290 1605 330 1642 in
347 1604 526 1655 Descript.
545 1605 591 1643 de
606 1604 627 1641 l'
636 1604 772 1655 Egypt.
789 1604 939 1654 Antiqq.

291 1661 362 1698 vol.
388 1661 405 1697 Ι
430 1673 467 1710 p.
489 1660 543 1701 57
571 1674 648 1710 seq.
687 1661 767 1698 coll.
805 1674 884 1711 cap.
913 1663 939 1701 3

292 1715 427 1769 §U4p
450 1719 513 1757 13
532 1729 590 1784 cp3
609 1714 939 1784 8§-4P·14seq.

348 1768 523 1818 πελασας
552 1767 590 1811 δ’
609 1771 648 1818 ἐς
673 1769 739 1812 τὸν
767 1768 944 1837 ἅριθμὸν

293 1827 464 1869 τουτέων
492 1830 570 1867 τῶν
592 1827 791 1880 ἡμερέων]
825 1825 945 1869 πελα-

295 1897 368 1932 σας
386 1889 482 1922 recte
500 1898 595 1922 nunc
612 1886 748 1932 editur,
775 1899 855 1923 cum
877 1899 944 1923 an-

295 1946 355 1980 tea
372 1954 393 1979 e
411 1939 579 1978 Mediceo
596 1941 800 1978 Gronovius
813 1942 946 1979 substi-

294 2001 412 2035 tutum
430 1996 602 2034 voluisset
619 1995 750 2042 πέλας.
789 1998 866 2035 Sed
885 2011 944 2035 re-

296 2056 354 2091 cte
390 2053 463 2089 iam
499 2056 622 2090 monet
659 2052 947 2102 Y’Vesselingius,

296 2102 468 2154 πελάσας
495 2108 553 2144 hic
583 2107 692 2159 paulo
717 2109 833 2145 minus
866 2122 947 2147 esse

298 2177 342 2202 ac
370 2159 583 2214 πληρώσας
612 2162 651 2209 ἐς
673 2161 743 2203 τόν
769 2160 946 2216 ἀριθμὸν

297 2219 345 2268 ll,
364 2222 390 2261 7
402 2232 411 2256 ε
442 2219 608 2269 „quando
625 2220 840 2270 compleverit
861 2234 946 2272 pro-

238 2287 261 2303 v
293 2275 474 2327 pemodum
504 2275 632 2312 huncce
665 2276 797 2314 dierum
831 2290 949 2315 nume-

297 2344 375 2369 rum
396 2345 425 2368 s.
438 2332 552 2379 magis
571 2332 619 2368 ad
635 2334 801 2370 verbum:
833 2347 945 2384 quan-

298 2387 343 2425 do
359 2387 536 2424 crescendo
561 2391 742 2425 accesserit
768 2389 816 2426 ad
840 2392 946 2428 istum

299 2443 433 2482 dierum
449 2446 664 2481 numerum.“
701 2446 840 2483 Contra
854 2446 947 2484 Lar-

300 2499 426 2539 cherus
443 2495 614 2545 πελάσας
641 2501 688 2538 de
714 2514 853 2539 accessu
871 2504 893 2540 i.
913 2515 945 2540 e.

300 2557 348 2594 de
358 2557 576 2594 incremento
590 2556 688 2593 fluvii
701 2557 851 2607 intelligi
862 2558 947 2607 vult,

301 2611 357 2650 cui
383 2624 467 2650 mox
485 2617 689 2662 opponatur
713 2610 757 2652 τό
787 2609 946 2666 ἀπέρχε-

303 2671 401 2708 σθαι
418 2681 447 2705 s.
468 2679 617 2705 recessus
629 2670 765 2719 fluvii,
794 2670 950 2722 desectus

303 2724 411 2772 fluvii
420 2724 670 2762 decrescentis.
692 2724 824 2764 Verum
840 2727 949 2765 talem

301 2781 663 2831 interpretationem
654 2794 772 2832 ipsum
790 2783 950 2832 verbum,

303 2848 377 2886 quo
396 2835 533 2873 Noster
551 2837 678 2885 utitur,
705 2840 853 2888 respuit.
883 2839 949 2877 Vi-

305 2892 376 2930 deo
394 2895 516 2930 tamen
535 2905 616 2932 eam
632 2894 702 2932 iam
714 2895 848 2932 dudum
865 2908 951 2946 pro-

1003 709 1113 746 latam
1124 709 1236 746 fuisse
1257 721 1279 746 a
1296 708 1501 746 Salmasio
1492 721 1528 745 m
1539 707 1656 746 Exer-

1003 765 1076 802 citt.
1096 765 1214 802 Plinn.
1218 777 1270 830 p.
1282 765 1425 811 310,Α

1059 816 1185 859 οπίσω
1204 815 1346 872 οἷπέρχε
1331 835 1410 858 ται
1431 815 1657 859 απολείπων

1003 890 1047 915 το
1078 874 1269 927 ῥέεθρον]
1311 875 1506 913 Molestam
1546 876 1657 913 inter-

1002 932 1235 983 punctionem
1256 931 1366 981 vulgo
1386 935 1471 982 post
1491 926 1658 982 απέρχε-

1003 1003 1067 1027 ται
1088 988 1245 1039 positam
1263 1001 1342 1024 cum
1361 988 1571 1025 Gaisfordio
1597 1000 1658 1024 su-

1006 1044 1108 1092 stuli,
1136 1044 1312 1082 iubente'
1303 1058 1375 1082 iam
1395 1044 1532 1081 dudum
1550 1043 1659 1081 VVer-

1006 1102 1085 1139 sero
1113 1101 1150 1138 in
1167 1100 1266 1138 Actis
1296 1100 1397 1164 phill.
1424 1099 1658 1138 Monacenss.

1005 1157 1036 1205 Ι,
1058 1160 1081 1198 1
1103 1171 1140 1208 p.
1160 1157 1228 1204 85,
1246 1157 1307 1205 qui
1324 1156 1550 1207 participium
1562 1170 1660 1195 απο-

1007 1213 1153 1252 λείπων
1175 1225 1254 1251 cum
1276 1207 1482 1263 α’πέρχεται
1503 1213 1554 1250 ita
1571 1225 1660 1250 con-

1006 1270 1108 1319 iungi
1126 1269 1215 1317 vult,
1244 1273 1284 1306 ut
1302 1269 1431 1306 huius
1422 1269 1535 1319 ipsius
1553 1273 1660 1319 pote-

1007 1331 1082 1364 stas
1107 1326 1175 1364 hoc
1195 1326 1306 1363 modo
1323 1330 1428 1363 aucta
1447 1325 1660 1376 reperiatur,

1007 1383 1319 1431 accusativumque
1345 1379 1389 1421 το“
1411 1380 1582 1433 ῥέεθρον
1599 1394 1660 1419 ac-

1006 1443 1129 1477 curate
1147 1438 1196 1475 sic
1211 1439 1465 1488 exponendum
1486 1438 1604 1485 docet,
1618 1440 1660 1474 ut

1007 1495 1155 1546 proprie
1175 1493 1311 1532 valeat:
1343 1494 1460 1544 „quod
1476 1493 1524 1531 ad
1538 1495 1660 1544 fluen-

1008 1555 1082 1588 tum
1102 1553 1228 1588 attinet
1238 1552 1276 1598 ,“
1307 1550 1384 1588 aliis
1404 1563 1551 1600 quoque
1571 1550 1658 1587 locis

1007 1607 1130 1645 similis
1145 1611 1342 1645 structurae
1352 1612 1389 1645 et
1399 1611 1577 1656 cognatae
1593 1619 1662 1643 no-

1007 1664 1116 1701 tionis
1135 1664 1173 1700 in
1192 1663 1350 1700 medium
1368 1663 1529 1714 prolatis.
1544 1662 1661 1699 Recte

1008 1725 1132 1757 tamen
1175 1719 1536 1768 Schweighaeuserus
1574 1718 1662 1755 mihi

1009 1788 1158 1814 monere
1174 1775 1316 1813 videtur
1327 1805 1337 1823 ,
1377 1777 1526 1814 verbum
1543 1769 1662 1826 οἷπέρ-

1009 1836 1151 1884 χεσθαι
1173 1832 1310 1882 opponi
1338 1832 1392 1880 ei,
1422 1833 1522 1883 quod
1551 1843 1663 1881 supra

1010 1893 1128 1926 exstat
1169 1885 1412 1938 κατέρχεται,
1459 1887 1663 1936 eodemque

1010 1944 1119 1982 modo
1132 1938 1357 1982 απολείπων
1366 1944 1555 1994 participio
1565 1946 1663 1993 πλη-

1010 1995 1142 2039 θύων.
1172 1999 1342 2062 Namque
1363 1996 1593 2039 ἀπολείπειν
1617 2014 1661 2038 το

1012 2054 1181 2120 ρέεθρον
1198 2056 1256 2092 vix
1273 2055 1375 2093 aliter
1393 2061 1502 2106 atque
1524 2056 1572 2094 de
1581 2056 1662 2106 flu-

1011 2114 1069 2149 vio
1097 2112 1305 2149 decrescente
1330 2112 1479 2162 intelligi
1507 2113 1664 2163 poterit;

1013 2181 1130 2217 eoque
1168 2169 1248 2218 ipso
1285 2168 1428 2206 adiecto
1465 2169 1662 2206 accuratius

1012 2224 1214 2262 declaratur
1233 2228 1269 2261 et
1285 2225 1476 2275 ampliatur
1489 2224 1542 2273 id,
1562 2225 1664 2274 quod

1013 2281 1051 2317 in
1069 2281 1271 2318 universum
1291 2282 1436 2330 quidem
1457 2281 1528 2318 iam
1549 2280 1664 2330 signi-

1011 2337 1156 2374 ficatum
1186 2340 1264 2374 erat
1300 2338 1410 2375 verbo
1444 2333 1662 2388 ἀπέρχεται.

1012 2391 1072 2430 De
1103 2393 1232 2430 eodem
1266 2394 1376 2431 fluvio
1417 2394 1594 2431 diminuto
1621 2405 1665 2430 ac

1012 2449 1142 2486 minori
1158 2461 1332 2498 aquarum
1344 2450 1448 2516 copia
1459 2449 1617 2488 fluente
1608 2462 1666 2486 m-

1012 2505 1247 2553 telligendum
1267 2501 1442 2557 βραχύς
1433 2519 1471 2544 m
1492 2506 1665 2543 continuo

1012 2562 1256 2610 sequentibus.
1298 2583 1346 2589 —
1387 2561 1446 2599 Ad
1472 2560 1583 2615 μέχρι
1613 2555 1665 2601 οὗ

1015 2618 1110 2654 conf
1130 2616 1160 2663 Ι
1181 2618 1273 2658 181
1313 2616 1561 2670 ἱστορεῖν,
1589 2630 1664 2669 quo

1014 2673 1072 2710 bis
1097 2672 1135 2709 in
1160 2685 1262 2722 seqq.
1291 2673 1429 2711 Noster
1446 2674 1580 2722 utitur,
1609 2677 1668 2713 est

1015 2730 1204 2775 sciscitari,
1235 2742 1414 2779 quaerere;
1445 2731 1665 2779 conf.1‚56.

1015 2786 1240 2826 61-123.
1269 2806 1326 2814 --
1353 2785 1467 2824 Paulo
1494 2787 1590 2824 infra
1616 2783 1666 2825 τοὶ

1016 2839 1245 2893 λελεγμένα,
1282 2842 1384 2891 quod
1412 2846 1486 2880 tres
1520 2843 1665 2893 probati

1016 2897 1174 2936 offerunt
1191 2896 1293 2945 libri,
1322 2902 1470 2936 recentt.
1496 2899 1581 2937 edd.
1607 2911 1666 2937 re-
