1759 3324
311 253 396 294 376

703 247 1173 289 HERODOTI

314 377 360 406 τε
400 359 779 418 κατεστραμμένου
814 363 898 417 γῆν
934 356 1122 414 πολλὴν,
1179 356 1254 402 καὶ
1295 353 1574 412 εὐτυχέοντος

312 443 375 500 τῷ
401 441 600 498 πολέμῳ,
629 439 678 484 τὸ
709 437 908 495 Καρικὸν
932 433 989 494 ἦν
1018 437 1148 488 ἔθνος
1165 433 1464 493 λογιμώτατον
1480 438 1572 479 τῶν

312 516 479 563 ἐθνέων
508 517 713 563 ἁπάντων
750 517 860 562 κατὰ
895 520 1056 561 τοῦτον
1088 515 1177 572 ἅμα
1205 515 1283 561 τὸν
1308 513 1469 571 χρόνον
1497 530 1575 570 μα-

285 600 408 657 4κρῷ
441 598 640 654 μάλιστα.
697 598 771 641 καί
807 607 888 651 σφι
923 595 1046 650 τριξὰ
1084 594 1350 651 ἐξευρήματα
1379 593 1632 649 ἐγένετο,10

283 681 427 720 5τοῖσι
455 677 500 719 οἰ
514 675 718 731 Ἕλληνες
737 672 984 730 ἐχρήσαντο.
1014 674 1088 718 καὶ
1115 673 1200 730 γάρ
1229 672 1299 717 ἐπὶ
1326 672 1380 716 τὰ
1408 671 1572 728 κράνεα

313 752 481 810 λόφους
507 753 754 798 ἐπιδέεσθαι
782 751 928 806 Κᾶρὲς
956 754 1038 796 εἶσι
1067 753 1111 796 οἱ
1137 751 1469 804 καταδέξαντες,
1498 752 1573 795 καὶ

287 833 390 876 sinz
419 830 496 883 τὰς
526 829 709 883 ἀσπίδας
748 832 800 875 τοὶ
840 830 1002 888 σημήϊα
1035 829 1270 875 ποιέεσθαι.
1327 831 1402 875 καὶ
1440 828 1578 887 ὄχανα

315 909 465 954 ἀσπίσι
494 903 618 954 οὗτοί
647 911 730 955 εἰσι
767 910 811 953 οἷ
849 909 1138 966 ποιησάμενοι
1166 912 1352 964 πρῶτοι·
1393 909 1498 961 τέως
1527 910 1575 954 δὲ
1644 921 1699 963 81
1738 939 1740 943 ι

314 987 422 1033 ἄνευ
464 985 635 1044 ὀχάνων
675 984 862 1044 ἐφόρεον
907 987 983 1040 τὰς
1032 986 1218 1038 ἀσπίδας
1261 986 1419 1038 πάντες
1458 989 1579 1044 οἵπερ
1593 996 1637 1031 15

315 1065 511 1112 ἐώθεσαν
533 1064 685 1111 οἷσπίσι
712 1066 916 1123 χρέεσθαι

931 1101 947 1120 ,
977 1070 1192 1123 τελαμῶσι
1220 1066 1464 1110 σκυτίνοισι
1494 1067 1582 1125 οἰη-

315 1147 529 1200 κίζοντες,
559 1146 658 1202 περὶ
685 1150 800 1191 τοῖσι
829 1143 978 1204 αὐχέσι
1005 1162 1051 1191 τε
1079 1145 1154 1190 καὶ
1180 1149 1296 1191 τοῖσι
1315 1143 1583 1204 ἀριστεροῖσι

261 1325 304 1360 ut
334 1320 377 1362 οἱ
394 1317 438 1362 δὲ
458 1333 534 1359 non
562 1321 611 1359 ad
632 1321 812 1359 diversam
831 1333 916 1372 per-

263 1390 390 1416 sonam
411 1392 440 1416 s.
462 1377 662 1416 subiectum
682 1377 729 1415 sit
750 1379 916 1416 referen-

263 1435 350 1472 dum
361 1463 373 1484 ,
389 1447 514 1472 verum
532 1434 582 1471 ad
599 1434 698 1471 idem
717 1433 828 1482 istud,
839 1446 913 1483 quo

263 1491 537 1538 antecedentia,
558 1490 688 1540 quibus
710 1486 782 1540 μὲν
799 1490 916 1541 parti-

264 1546 343 1584 cula
357 1547 498 1584 adiecta
513 1550 580 1593 est,
599 1550 776 1595 spectant.
805 1546 916 1583 Conf.

263 1602 397 1640 Matth.
426 1603 492 1639 Gr.
521 1603 586 1639 Gr.
607 1600 644 1652 ὃ.
666 1603 748 1644 289
778 1607 856 1639 not.
892 1604 918 1643 9

264 1673 301 1710 p.
323 1659 417 1700 582.
438 1679 494 1687 —-
519 1658 633 1695 Paulo
650 1662 737 1708 post
758 1656 918 1695 eSchel-

264 1715 372 1753 lersh.
386 1715 589 1766 scripsimus
610 1727 691 1752 cum
710 1714 828 1751 Gaisf.
850 1709 917 1753 ἅτε

268 1769 324 1811 δὲ
358 1767 417 1822 δη
450 1770 575 1810 ,Μίνω
603 1785 679 1820 τε,
719 1771 782 1808 ubi
807 1769 917 1820 vulgo

268 1827 438 1866 omittunt
458 1825 511 1867 δ’
493 1842 511 1866 ε
540 1830 577 1865 et
607 1841 664 1867 τε.
689 1847 747 1859 -ι-
773 1825 836 1864 Ad
861 1826 918 1863 lo·-

267 1884 447 1923 cutionem
473 1885 622 1949 μακρῷ
641 1878 827 1935 μαλιστα,
859 1895 921 1920 su-

267 1940 444 1992 perlativo
473 1936 741 1992 λογιμώτατον
762 1943 922 1990 postpo-

269 1997 374 2034 sitam
390 1997 435 2033 cf.
455 1996 586 2033 Matth.
608 1994 646 2047 ἓ.
664 1997 747 2037 461
767 2008 805 2045 p-
824 1997 920 2036 860

323 2049 393 2090 καὶ
411 2066 486 2103 γαρ
516 2050 582 2091 ε’ττι
610 2048 658 2090 τοὶ
677 2064 827 2103 κρανεα
856 2046 921 2089 λό-

271 2122 376 2157 φους
402 2105 680 2147 ἐπιδέεσθαικ.
697 2121 730 2146 τ.
750 2104 800 2157 λ.]
831 2106 922 2144 Tn’a

271 2164 362 2201 haec
381 2163 527 2201 inventa
534 2164 666 2200 Strabo
691 2175 837 2213 quoque
849 2163 923 2200 Ca-

271 2220 369 2257 ribus
393 2219 565 2256 adscribit
593 2219 681 2256 XIV
710 2232 747 2269 p.
767 2221 869 2266 976,
891 2218 923 2256 B

272 2289 372 2322 usus,
394 2276 494 2325 quod
515 2275 564 2312 ad
583 2275 706 2313 cristas
726 2275 840 2323 galeis
857 2275 923 2312 im-

273 2332 412 2384 positas
433 2332 582 2379 attinet,
611 2331 734 2369 Alcaei
761 2331 926 2369 testimo-

274 2388 347 2426 nio.
385 2386 466 2424 Nec
486 2388 654 2424 dissentit
677 2386 819 2426 Aelian.
837 2387 927 2424 Ani-

275 2443 358 2482 mal.
387 2442 482 2480 Hist.
514 2443 605 2490 XII,
633 2445 712 2492 30,
750 2444 806 2481 cui
840 2444 926 2481 add.

274 2499 458 2537 Plutarchi
497 2499 613 2536 locum
658 2500 695 2536 in
738 2499 928 2538 Artaxerx.

276 2568 357 2607 cap.
378 2557 430 2596 10
453 2568 539 2606 pag.
563 2557 692 2603 1016,
713 2555 757 2592 Β.
788 2577 837 2583 -
869 2555 930 2594 Ad

277 2611 557 2658 καταδέξαντες
578 2613 672 2648 conf.
694 2612 735 2659 Ι,
760 2613 851 2652 163.
872 2632 929 2640 -

275 2665 399 2718 ὄχανα
427 2671 510 2704 sunt
536 2679 666 2714 ansae,
704 2668 827 2717 quibus
851 2667 928 2719 cly-

275 2737 363 2775 peus
375 2723 582 2772 gestabatur
600 2727 632 2761 et
648 2724 842 2773 regebatur,
854 2737 931 2761 ma-

279 2780 417 2819 vmbria.
474 2779 643 2828 Namque
659 2784 768 2817 antea
789 2781 837 2816 ad
853 2780 929 2828 cly-

279 2847 370 2887 peos
393 2837 595 2886 portandos
635 2836 718 2873 loris
742 2836 822 2872 latis
850 2842 930 2873 ute-

279 2892 434 2940 bantur,
461 2893 589 2942 quibus
610 2904 741 2930 nomen
765 2894 932 2944 τελαμῶ-

982 1335 1062 1368 νες.
1099 1320 1225 1359 Testis
1243 1322 1299 1358 est
1315 1318 1521 1371 Homerus,
1538 1321 1640 1373 apud

982 1390 1093 1427 quem
1119 1377 1412 1426 frequentissime
1436 1378 1640 1416 istiusmodi

980 1434 1060 1472 lora
1088 1437 1355 1482 memorantur,
1395 1434 1513 1482 11.11,
1542 1436 1639 1476 388.

981 1489 1054 1538 IV,
1081 1492 1177 1532 796.
1205 1490 1301 1531 798.
1337 1490 1412 1538 ΧΙ,
1449 1492 1516 1532 38.
1553 1490 1639 1537 XII,

984 1546 1066 1588 401
1098 1550 1165 1585 etc.
1206 1545 1419 1584 Herodotus
1452 1547 1548 1584 infra
1576 1559 1640 1585 eos

983 1607 1088 1640 vocat
1133 1603 1361 1653 τελαμῶνας
1406 1603 1642 1652 σκυτίνους,

984 1658 1064 1697 lora
1090 1672 1113 1697 e
1142 1659 1241 1697 corio
1269 1659 1376 1697 facta.

1045 1741 1159 1795 οἵπερ
1181 1737 1366 1782 ἐώθεσαν
1386 1737 1526 1783 οἶσπίσι
1550 1740 1645 1796 χρέ-

988 1798 1131 1850 εσθαι]
1161 1798 1261 1837 Male
1289 1799 1375 1837 olim
1401 1796 1642 1848 ἒώθεισαν,

988 1857 1090 1906 quod
1121 1869 1202 1893 cum
1235 1861 1386 1894 recentt.
1417 1856 1645 1894 mutavimus.

990 1913 1100 1950 Conf.
1120 1911 1300 1950 Matthiae
1323 1912 1389 1950 Gr.
1411 1912 1478 1949 Gr.
1501 1910 1538 1962 §.
1563 1914 1645 1954 198

989 1973 1067 2006 not.
1089 1967 1115 2008 5
1154 1979 1241 2018 pag.
1270 1969 1352 2010 360
1384 1968 1464 2006 coll.
1495 1967 1536 2019 ἓ.
1565 1971 1644 2011 191,

988 2028 1065 2062 not.
1088 2025 1126 2064 3.
1147 2043 1203 2050 -—
1227 2022 1270 2060 In
1298 2037 1377 2074 seq.
1406 2024 1648 2075 οἰηκίζοντες

990 2085 1046 2118 est
1060 2080 1309 2129 gubernantes,
1334 2085 1499 2129 regentes.
1528 2081 1648 2120 Nam—

989 2149 1063 2187 que
1079 2135 1285 2185 οἰακίζειν,
1304 2138 1405 2186 quod
1425 2139 1574 2189 proprie
1592 2141 1649 2177 est

992 2205 1116 2230 navem
1140 2193 1352 2242 gubernare,
1382 2195 1486 2232 navis
1510 2206 1648 2233 cursum

992 2249 1228 2298 gubernaculo
1264 2263 1404 2299 regere,
1444 2263 1520 2288 non
1546 2251 1649 2289 aliter

993 2310 1104 2354 atque
1135 2305 1223 2354 οἴαξ
1251 2307 1564 2356 (gubernaculum)
1598 2307 1648 2344 ad

993 2362 1122 2399 multas
1142 2362 1229 2399 alias
1245 2376 1302 2401 res
1320 2364 1406 2402 dein
1417 2356 1648 2410 transfertur,

995 2419 1125 2468 quibus
1146 2420 1292 2456 omnino
1305 2420 1526 2469 gubernandi
1541 2424 1578 2458 et
1595 2432 1650 2456 re-

995 2474 1103 2524 gendi
1123 2475 1222 2512 notio
1246 2476 1422 2514 declarari
1440 2477 1560 2515 debet.
1588 2475 1649 2513 Cf.

998 2527 1289 2582 οἰακοστρόφος
1335 2532 1437 2582 apud
1480 2531 1651 2580 Aeschyl.

997 2587 1037 2623 S.
1059 2600 1089 2624 c.
1109 2587 1228 2625 Theb.
1247 2590 1314 2629 62.
1354 2588 1538 2626 Prometh.
1554 2587 1650 2629 524.

997 2642 1099 2680 Pers.
1112 2645 1206 2684 773.
1225 2640 1433 2694 οἰκονόμος
1450 2645 1550 2695 apud
1563 2657 1652 2682 eun-

998 2698 1083 2791 sshm
1091 2698 1139 2795 ἐι]
1160 2699 1344 2737 Prometh.
1364 2701 1443 2743 153
1465 2700 1545 2740 coll.
1565 2700 1605 2738 S.
1621 2713 1652 2738 c.

1056 2836 1147 2888 περὶ
1167 2841 1271 2877 τοῖσι
1298 2834 1434 2889 αὐχέσι
1463 2862 1519 2869 —
1545 2854 1653 2890 περι-

1004 2894 1200 2946 κεέμενοι]
1235 2896 1258 2931 i.
1280 2910 1312 2934 c.
1342 2897 1408 2934 z'ua
1428 2899 1560 2935 circum
1579 2910 1653 2935 cer-
