1759 3324
365 261 448 303 524

775 260 1240 301 HERODOTI

364 369 444 416 λὸν
480 368 769 427 ἐπιεικεστάτη
809 370 963 421 ἐοῦσα,
1010 369 1194 426 μάλιστα
1234 370 1451 422 ἔψευσται.
1509 371 1676 426 λέγει45

364 449 448 506 γᾶρ
479 449 531 506 δὴ
563 447 659 493 οὐδ’
691 450 799 506 αὕτη
829 448 980 500 οὐδὲν,
1012 448 1182 505 φαμένη
1211 449 1288 492 τὸν
1314 452 1478 492 Νεῖλον
1507 449 1620 504 ῥέειν

366 526 453 573 ἀπὸ
482 529 717 586 τηκομένης
745 527 910 583 χιόνος·

963 526 1010 579 ὃς
1041 527 1127 582 ῥέει
1156 528 1234 584 μὲν
1270 528 1317 571 ἐκ
1346 527 1513 584 Λιβύης
1549 528 1620 571 διὰ

335 608 506 664 Ξμέσων
534 605 784 657 Αἰθιόπων,
825 607 989 650 ἐκδιδοῖ
1016 606 1062 649 δὲ
1091 605 1134 657 ές
1163 609 1397 662 Αἴγυπτον.
1446 609 1533 657 κῶς
1563 600 1623 648 ὧν

366 688 474 742 δῆτα
517 685 610 740 ῥέοι
650 683 704 727 ἄν
742 682 826 727 ἀπὸ
875 683 1043 740 χιόνος,
1088 682 1172 728 ἀπό
1212 689 1301 728 τῶν
1343 684 1624 740 θερμοτάτων

368 763 544 819 [τόπων]
577 763 686 817 ῥέων
716 763 758 813 ές
786 762 839 805 τά
867 761 1115 817 ψυχρότερα
1124 782 1138 813 ,·
1168 767 1256 806 τῶν
1283 763 1336 806 τοὶ
1367 762 1505 807 πολλοὶ
1537 763 1624 807 ἐστι

367 841 497 897 α’νδρί
531 857 580 897 γε
615 842 858 897 λογίζεσθαι
895 840 1108 886 τοιούτων
1153 840 1251 895 πέρι
1291 842 1370 898 οἴῳ
1408 857 1453 885 τε
1491 840 1679 895 ἐόντι,50

309 1049 383 1088 lum
403 1049 548 1087 minime
567 1049 618 1087 sic
627 1049 752 1099 augeri
769 1053 961 1087 consenta-

310 1119 418 1145 neum
435 1119 529 1154 esse,
556 1106 725 1155 quoniam
740 1107 883 1154 fluvius,
901 1106 963 1156 qui

309 1163 379 1202 hoc
394 1163 503 1200 modo
520 1163 683 1209 creverit,
694 1167 821 1201 ventos
836 1163 963 1201 excitet

310 1219 463 1268 frigidos
492 1231 685 1268 aeremque
711 1219 842 1258 reddat
865 1232 963 1257 cras-

311 1276 453 1314 siorem.
484 1275 647 1319 Quorum
666 1281 830 1314 neutrum
849 1276 887 1313 in
897 1275 966 1312 Ni-

311 1331 385 1370 lum
401 1332 604 1370 convenire.
634 1332 710 1370 Sed
729 1332 861 1379 nivem,
891 1344 964 1381 qua

302 1392 465 1439 ‚uterque
486 1388 639 1438 scriptor
656 1388 886 1439 Aethiopiam
897 1388 965 1425 ob-

292 1438 298 1448 ’
311 1444 389 1493 tegi
400 1457 511 1495 posse
520 1449 646 1494 negat,
662 1445 816 1482 subinde
827 1448 964 1492 tamen,

312 1513 533 1551 quamquam
568 1501 703 1549 rarius,
746 1501 898 1539 inveniri
925 1501 963 1537 in

312 1557 493 1596 montibus
510 1556 726 1608 Aethiopiae
742 1558 812 1594 iam
824 1556 965 1594 Ludol-

311 1615 370 1651 fus
388 1618 579 1651 monuerat
597 1613 634 1650 in
651 1613 851 1664 Aethiopic.
865 1613 963 1650 Hist.

312 1669 343 1718 I,
356 1669 393 1711 5.
422 1669 662 1718 Anaxagorae
681 1669 895 1708 sententiam
909 1671 966 1713 afi-

311 1727 385 1764 fert
410 1738 555 1775 quoque
574 1725 701 1774 Lydus
729 1726 751 1763 l.
774 1725 796 1763 l.
819 1739 856 1777 p.
883 1727 965 1768 260

312 1782 474 1831 itemque
513 1781 658 1820 Chresti
689 1782 865 1830 Romani,
905 1781 966 1831 qui

314 1842 441 1878 contra
456 1837 533 1875 aliis
558 1840 780 1887 argumentis
809 1839 965 1889 probare

315 1895 552 1941 studuerunt,
579 1893 704 1932 Nilum
725 1909 746 1933 e
765 1894 964 1945 liquefactis

313 1950 454 1988 nivibus
474 1950 599 1998 augeri
618 1962 692 1987 non
715 1964 838 2001 posse,
868 1950 967 1999 quod

313 2007 466 2055 frigidus
483 2019 557 2043 non
569 2006 615 2042 sit
632 2007 698 2044 sed
710 2007 868 2058 tepidus.
890 2006 967 2044 Sed

315 2075 360 2102 ex
385 2062 497 2099 Iubae
529 2062 627 2111 regis
659 2063 800 2113 scriptis
828 2061 965 2099 Plinius

315 2117 384 2168 (H.
409 2116 457 2155 N.
483 2117 538 2163 II,
559 2120 585 2159 9
616 2131 644 2154 s.
662 2117 707 2154 al.
735 2120 814 2167 10)
840 2118 970 2165 tradit,

314 2178 424 2226 prout
449 2173 486 2210 in
515 2171 734 2211 Mauritania
769 2175 870 2212 nives
899 2174 968 2210 im-

316 2231 447 2267 bresve
487 2229 722 2278 satiaverint,
760 2231 814 2268 ita
841 2229 968 2268 Nilum

316 2297 488 2323 crescere.

371 2338 473 2393 λέγει
490 2337 564 2393 γὰρ
587 2338 638 2392 δή
667 2336 760 2381 οὐδ’
779 2337 882 2393 αὐτή
905 2337 970 2381 ου’-

317 2394 408 2447 δὲν]
436 2398 457 2434 i.
477 2411 508 2434 e.
527 2411 675 2448 namque
688 2411 730 2435 ne
748 2398 815 2436 illa
836 2399 968 2448 quidem

319 2453 509 2504 quidquam
543 2453 631 2491 dicit
661 2455 684 2492 i.
715 2468 746 2493 e.
781 2455 968 2506 quidquam

317 2512 395 2548 veri
413 2509 501 2547 dicit
524 2524 553 2547 s.
580 2513 739 2548 continet.
780 2512 822 2548 In
849 2512 968 2549 verbis

319 2579 422 2615 seqq.
469 2561 549 2606 ἀπό
593 2569 674 2606 τῶν
711 2563 970 2618 θερμοτάτων

320 2619 486 2675 [τόπων]
510 2620 611 2673 ῥέων
625 2622 665 2670 ές
682 2620 731 2662 τοὶ
746 2620 970 2676 ψυχρότερα

319 2678 701 2727 Schweighaeuserum
713 2681 825 2717 secuti
838 2694 971 2728 sumus,

319 2734 422 2772 uncis
442 2734 665 2773 includentes
684 2736 893 2773 vocabulum
912 2731 968 2776 τό-

321 2804 422 2838 πων,
450 2791 549 2840 qnod
564 2791 688 2841 utique
707 2792 743 2828 in
755 2793 970 2841 quibusdam

319 2846 420 2884 libris
437 2858 512 2883 non
538 2846 687 2897 legitur,
715 2861 795 2885 cum
823 2848 859 2885 in
877 2849 968 2896 aliis,

323 2901 384 2940 ubi
414 2901 562 2952 legitur,
601 2904 769 2942 omissam
810 2905 969 2943 invenias

1027 1060 1155 1087 vocum
1179 1045 1302 1100 ῥέων,
1345 1061 1439 1099 quae
1467 1047 1517 1087 ad
1539 1047 1683 1086 univer-

1031 1118 1109 1143 sam
1128 1106 1345 1143 sententiam
1369 1118 1518 1156 prorsus
1539 1110 1595 1142 est
1615 1117 1681 1141 ne-

1029 1163 1197 1200 cessaria.
1243 1161 1303 1199 Ad
1335 1161 1404 1199 loci
1431 1174 1576 1199 sensum
1609 1160 1682 1197 vid.

1030 1217 1208 1255 Aristides
1227 1222 1315 1255 tom.
1338 1217 1373 1254 Π
1390 1230 1428 1268 p.
1447 1217 1541 1259 334.

1087 1275 1166 1313 τῶν
1183 1270 1232 1313 τοὶ
1255 1268 1382 1314 πολλά
1405 1273 1485 1314 ἔστι
1501 1269 1623 1326 οἷνδρί
1640 1286 1684 1325 γε

1030 1331 1256 1395 λογίζεσθαι
1283 1325 1478 1370 τοιούτων
1499 1328 1589 1382 πέρι
1610 1343 1683 1382 οιῳ

1030 1401 1070 1425 τε
1090 1383 1194 1427 ἐόντι
1213 1402 1246 1425 κ.
1266 1401 1298 1426 τ.
1316 1389 1349 1426 λ.
1360 1385 1374 1437 ]
1404 1386 1569 1424 Liberius
1589 1385 1685 1422 hunc

1030 1443 1149 1481 locum
1159 1444 1208 1480 ita
1219 1443 1397 1494 expressit
1405 1442 1684 1491 Schweighaeu-

1032 1513 1152 1537 serus:
1181 1500 1261 1547 „Ac
1285 1503 1366 1537 sunt
1390 1511 1472 1536 sane
1492 1497 1684 1548 permulta,

1031 1569 1074 1594 ex
1095 1556 1218 1606 quibus
1239 1556 1334 1593 homo
1348 1586 1358 1603 ‚
1390 1558 1453 1605 qui
1470 1555 1605 1605 quidem
1624 1556 1681 1591 iu-

1030 1612 1149 1650 dicare
1165 1612 1205 1649 de
1224 1612 1353 1649 talibus
1369 1612 1469 1648 rebus
1489 1611 1584 1648 valet
1606 1612 1685 1656 [va-

1031 1667 1155 1719 leat]‚
1185 1668 1346 1717 colligat,
1375 1667 1472 1705 nullo
1489 1667 1586 1704 modo
1599 1679 1685 1716 pro-
1719 1714 1725 1715 ἶ

1031 1725 1144 1762 babile
1154 1737 1243 1773 esse,
1255 1729 1294 1761 ut
1308 1738 1324 1762 e
1335 1726 1414 1761 nive
1423 1722 1533 1761 Nilus
1543 1722 1684 1775 fluat.“

1034 1781 1230 1826 Quaeritur
1248 1782 1342 1819 enim
1354 1809 1365 1828 ,
1388 1793 1555 1846 quonam
1570 1778 1686 1831 perti-

1032 1842 1117 1875 neat
1146 1837 1324 1886 genitivus
1348 1851 1448 1884 των,
1487 1837 1584 1874 cuius
1605 1835 1686 1872 loco

1032 1894 1204 1932 Reiskius
1224 1893 1308 1930 olim
1327 1893 1526 1943 repositum
1542 1891 1687 1929 volebat

1033 1946 1081 1988 τοὲ
1112 1951 1168 1988 ὠν
1201 1963 1394 2000 τεκμηρια
1431 1945 1556 1988 πολλα
1591 1947 1685 1994 ἔστι,

1031 2006 1249 2057 repudiante
1270 2004 1531 2054 WVesselingio,
1559 2003 1622 2054 qui
1639 2003 1687 2040 ad

1032 2062 1143 2100 verba
1157 2063 1236 2100 τῶν
1255 2076 1302 2100 τα
1320 2059 1444 2100 πολλοὶ
1465 2059 1686 2108 subintelligi

1033 2117 1107 2155 vult
1143 2114 1332 2168 τεκμήρια
1360 2118 1435 2156 sive
1467 2111 1686 2170 μαρτύριαε

1035 2186 1177 2225 quorum
1205 2174 1333 2225 (paulo
1350 2178 1435 2211 ante
1452 2172 1685 2225 scriptorum)

1032 2230 1168 2268 indicia
1197 2230 1307 2267 multa
1348 2230 1476 2268 adsunt
1512 2232 1589 2267 viro
1618 2233 1686 2267 etc.

1035 2286 1379 2335 Schweighaeusero
1421 2286 1590 2324 articulus
1637 2280 1686 2323 toi

1033 2344 1237 2380 orationem
1254 2344 1401 2381 turbare
1429 2343 1593 2390 videtur,
1623 2340 1686 2391 qui
1744 2369 1745 2374 ,

1035 2399 1124 2449 quid
1141 2400 1208 2437 huc
1225 2399 1352 2447 faciat,
1381 2399 1480 2436 haud
1497 2413 1536 2436 se
1554 2397 1685 2436 intelli-

1035 2469 1123 2505 gere
1144 2456 1345 2506 profitetur.
1374 2455 1619 2493 Infelicissime
1646 2454 1684 2490 in

1037 2511 1106 2549 hoc
1131 2511 1209 2549 loco
1244 2511 1473 2550 emendando
1503 2515 1539 2549 et
1570 2509 1686 2561 expli-
1742 2506 1743 2519 ³

1037 2568 1154 2605 cando
1173 2572 1335 2606 versatus
1357 2572 1415 2605 est
1432 2569 1621 2617 Stegerus,
1646 2566 1686 2603 in

1037 2624 1197 2662 Praefat.
1218 2624 1402 2661 Herodot.
1423 2637 1509 2676 pag.
1528 2623 1594 2670 XI,
1612 2622 1686 2670 ubi,

1038 2680 1138 2729 quod
1176 2679 1281 2717 scribi
1316 2681 1432 2717 iubet:
1479 2681 1560 2719 τῶν
1590 2672 1686 2717 τοιδε
1739 2715 1741 2731 ξ

1037 2729 1164 2775 πολλά
1194 2734 1294 2784 ἐστι,
1323 2734 1410 2772 illud
1436 2736 1486 2773 sic
1513 2733 1686 2786 explicat:

1038 2794 1136 2829 cuius
1152 2804 1214 2839 ret,
1244 2793 1362 2838 (των)
1383 2804 1527 2843 nempe,
1546 2804 1589 2828 ne
1602 2803 1687 2841 pro-
1758 2810 1759 2817 κ

1037 2848 1150 2886 babile
1173 2847 1309 2898 quidem
1341 2860 1431 2896 esse,
1462 2860 1538 2885 eum
1565 2859 1583 2884 e
1609 2849 1688 2885 nive
1737 2849 1739 2868 ³

1030 2905 1145 2956 fluere
1152 2934 1163 2953 ,
1175 2904 1258 2942 haec
1268 2904 1379 2942 multa
1387 2908 1469 2942 mat
1478 2906 1688 2953 argumenta
