<?xml version="1.0" encoding="UTF-8"?>
<!DOCTYPE html PUBLIC "-//W3C//DTD XHTML 1.0 Transitional//EN"
    "http://www.w3.org/TR/xhtml1/DTD/xhtml1-transitional.dtd">
<html xmlns="http://www.w3.org/1999/xhtml" xml:lang="en" lang="en">
 <head>
  <title>
</title>
<meta http-equiv="Content-Type" content="text/html;charset=utf-8" />
  <meta name='ocr-system' content='tesseract 3.04.00' />
  <meta name='ocr-capabilities' content='ocr_page ocr_carea ocr_par ocr_line ocrx_word'/>
</head>
<body>
  <div class='ocr_page' id='page_1' title='image "./musaeher01hero/musaeher01hero_0301.png"; bbox 0 0 1786 3324; ppageno 0'>
   <div class='ocr_carea' id='block_1_1' title="bbox 627 250 1406 292">
    <p class='ocr_par' dir='ltr' id='par_1_1' title="bbox 627 250 1406 292">
     <span class='ocr_line' id='line_1_1' title="bbox 627 250 1406 292; baseline -0.015 1"><span class='ocrx_word' id='word_1_1' title='bbox 627 250 930 292; x_wconf 87' lang='lat' dir='ltr'>cL10.1.</span> <span class='ocrx_word' id='word_1_2' title='bbox 1321 250 1406 290; x_wconf 72' lang='lat'>287</span> 
     </span>
    </p>
   </div>
   <div class='ocr_carea' id='block_1_2' title="bbox 1452 366 1736 605">
    <p class='ocr_par' dir='ltr' id='par_1_2' title="bbox 1452 366 1736 605">
     <span class='ocr_line' id='line_1_2' title="bbox 1456 366 1736 408; baseline 0.015 -14"><span class='ocrx_word' id='word_1_3' title='bbox 1456 366 1637 408; x_wconf 66' lang='lat' dir='ltr'>Harpagus</span> <span class='ocrx_word' id='word_1_4' title='bbox 1627 378 1658 397; x_wconf 77' lang='lat' dir='ltr'>in</span> <span class='ocrx_word' id='word_1_5' title='bbox 1668 378 1736 398; x_wconf 78' lang='lat' dir='ltr'>con-</span> 
     </span>
     <span class='ocr_line' id='line_1_3' title="bbox 1456 401 1734 437; baseline 0.015 -10"><span class='ocrx_word' id='word_1_6' title='bbox 1456 401 1538 428; x_wconf 78' lang='lat' dir='ltr'>vivio</span> <span class='ocrx_word' id='word_1_7' title='bbox 1573 403 1652 437; x_wconf 79' lang='lat' dir='ltr'>apud</span> <span class='ocrx_word' id='word_1_8' title='bbox 1686 412 1734 431; x_wconf 80' lang='lat' dir='ltr'>re-</span> 
     </span>
     <span class='ocr_line' id='line_1_4' title="bbox 1455 437 1735 475; baseline 0.011 -14"><span class='ocrx_word' id='word_1_9' title='bbox 1455 442 1525 475; x_wconf 67' lang='lat' dir='ltr'>geni</span> <span class='ocrx_word' id='word_1_10' title='bbox 1550 441 1654 470; x_wconf 80' lang='lat' dir='ltr'>pastus</span> <span class='ocrx_word' id='word_1_11' title='bbox 1680 437 1735 464; x_wconf 82' lang='lat' dir='ltr'>filii</span> 
     </span>
     <span class='ocr_line' id='line_1_5' title="bbox 1455 469 1736 506; baseline 0.012 -12"><span class='ocrx_word' id='word_1_12' title='bbox 1455 469 1502 495; x_wconf 74' lang='lat' dir='ltr'>eui</span> <span class='ocrx_word' id='word_1_13' title='bbox 1519 470 1667 503; x_wconf 71' lang='lat' dir='ltr'>carnibus,</span> <span class='ocrx_word' id='word_1_14' title='bbox 1685 479 1736 506; x_wconf 87' lang='lat' dir='ltr'>pn-</span> 
     </span>
     <span class='ocr_line' id='line_1_6' title="bbox 1456 491 1736 531; baseline 0.011 -3"><span class='ocrx_word' id='word_1_15' title='bbox 1456 503 1515 529; x_wconf 83' lang='lat' dir='ltr'>tuit</span> <span class='ocrx_word' id='word_1_16' title='bbox 1565 491 1736 531; x_wconf 71' lang='lat' dir='ltr'>caianuitate</span> 
     </span>
     <span class='ocr_line' id='line_1_7' title="bbox 1454 536 1735 565; baseline 0.011 -3"><span class='ocrx_word' id='word_1_17' title='bbox 1454 544 1509 563; x_wconf 82' lang='lat' dir='ltr'>sua</span> <span class='ocrx_word' id='word_1_18' title='bbox 1520 537 1583 563; x_wconf 75' lang='lat' dir='ltr'>iuu-</span> <span class='ocrx_word' id='word_1_19' title='bbox 1576 536 1677 564; x_wconf 61' lang='grc' dir='ltr'>Ἥκω</span> <span class='ocrx_word' id='word_1_20' title='bbox 1688 546 1735 565; x_wconf 80' lang='lat' dir='ltr'>re-</span> 
     </span>
     <span class='ocr_line' id='line_1_8' title="bbox 1452 570 1667 605; baseline 0.014 -9"><span class='ocrx_word' id='word_1_21' title='bbox 1452 578 1520 605; x_wconf 80' lang='lat' dir='ltr'>gem</span> <span class='ocrx_word' id='word_1_22' title='bbox 1539 570 1667 600; x_wconf 80' lang='lat' dir='ltr'>adulari.</span> 
     </span>
    </p>
   </div>
   <div class='ocr_carea' id='block_1_3' title="bbox 15 359 1399 585">
    <p class='ocr_par' dir='ltr' id='par_1_3' title="bbox 15 359 1399 585">
     <span class='ocr_line' id='line_1_9' title="bbox 15 359 1399 425; baseline -0.017 -5"><span class='ocrx_word' id='word_1_23' title='bbox 15 375 116 421; x_wconf 82' lang='lat'>119</span> <span class='ocrx_word' id='word_1_24' title='bbox 139 369 357 425; x_wconf 70' lang='grc' dir='ltr'><strong><em>,,κὲεται,)</em></strong></span> <span class='ocrx_word' id='word_1_25' title='bbox 386 363 573 421; x_wconf 76' lang='grc' dir='ltr'><strong><em>πάρισθί</em></strong></span> <span class='ocrx_word' id='word_1_26' title='bbox 600 378 676 419; x_wconf 88' lang='grc' dir='ltr'><strong><em>μοι</em></strong></span> <span class='ocrx_word' id='word_1_27' title='bbox 704 360 775 405; x_wconf 72' lang='grc' dir='ltr'><strong><em>ἐπὶ</em></strong></span> <span class='ocrx_word' id='word_1_28' title='bbox 802 362 1025 405; x_wconf 84' lang='grc' dir='ltr'><strong><em>δεῖπνον.“</em></strong></span> <span class='ocrx_word' id='word_1_29' title='bbox 1058 360 1280 416; x_wconf 72' lang='grc' dir='ltr'><strong><em>’Ἅρπαγος</em></strong></span> <span class='ocrx_word' id='word_1_30' title='bbox 1308 359 1399 415; x_wconf 74' lang='grc' dir='ltr'>μὲν,</span> 
     </span>
     <span class='ocr_line' id='line_1_10' title="bbox 138 439 1398 506; baseline -0.019 -10"><span class='ocrx_word' id='word_1_31' title='bbox 138 452 197 502; x_wconf 75' lang='grc' dir='ltr'><strong><em>ὣς</em></strong></span> <span class='ocrx_word' id='word_1_32' title='bbox 223 450 383 506; x_wconf 81' lang='grc' dir='ltr'><strong><em>ἤκουσε</em></strong></span> <span class='ocrx_word' id='word_1_33' title='bbox 409 448 567 494; x_wconf 85' lang='grc' dir='ltr'><strong><em>ταῦτα,</em></strong></span> <span class='ocrx_word' id='word_1_34' title='bbox 597 441 932 497; x_wconf 77' lang='grc' dir='ltr'><strong><em>προσκυνήσας,</em></strong></span> <span class='ocrx_word' id='word_1_35' title='bbox 972 441 1048 484; x_wconf 85' lang='grc' dir='ltr'>καὶ</span> <span class='ocrx_word' id='word_1_36' title='bbox 1074 439 1239 497; x_wconf 76' lang='grc' dir='ltr'><strong><em>μεγάλα</em></strong></span> <span class='ocrx_word' id='word_1_37' title='bbox 1267 456 1398 498; x_wconf 65' lang='grc' dir='ltr'><strong><em>ποιη-</em></strong></span> 
     </span>
     <span class='ocr_line' id='line_1_11' title="bbox 135 518 1396 585; baseline -0.01 -13"><span class='ocrx_word' id='word_1_38' title='bbox 135 528 324 585; x_wconf 79' lang='grc' dir='ltr'><strong><em>σάμενος</em></strong></span> <span class='ocrx_word' id='word_1_39' title='bbox 351 524 418 568; x_wconf 84' lang='grc' dir='ltr'>ὅτι</span> <span class='ocrx_word' id='word_1_40' title='bbox 447 539 491 566; x_wconf 88' lang='grc' dir='ltr'>τε</span> <span class='ocrx_word' id='word_1_41' title='bbox 519 520 546 578; x_wconf 74' lang='grc' dir='ltr'><strong><em>ἡ</em></strong></span> <span class='ocrx_word' id='word_1_42' title='bbox 577 518 773 577; x_wconf 75' lang='grc' dir='ltr'><strong><em>ἆμαρτάς</em></strong></span> <span class='ocrx_word' id='word_1_43' title='bbox 803 522 847 564; x_wconf 81' lang='grc' dir='ltr'>οἱ</span> <span class='ocrx_word' id='word_1_44' title='bbox 874 520 918 571; x_wconf 83' lang='grc' dir='ltr'><strong><em>ές</em></strong></span> <span class='ocrx_word' id='word_1_45' title='bbox 947 520 1050 564; x_wconf 81' lang='grc' dir='ltr'><strong><em>δέον</em></strong></span> <span class='ocrx_word' id='word_1_46' title='bbox 1076 518 1292 576; x_wconf 78' lang='grc' dir='ltr'><em>ἐγεγόνεε,</em></span> <span class='ocrx_word' id='word_1_47' title='bbox 1323 522 1396 564; x_wconf 84' lang='grc' dir='ltr'>καὶ</span> 
     </span>
    </p>
   </div>
   <div class='ocr_carea' id='block_1_4' title="bbox 135 598 1401 659">
    <p class='ocr_par' dir='ltr' id='par_1_4' title="bbox 135 598 1401 659">
     <span class='ocr_line' id='line_1_12' title="bbox 135 598 1401 659; baseline -0.007 -6"><span class='ocrx_word' id='word_1_48' title='bbox 135 608 200 653; x_wconf 81' lang='grc' dir='ltr'>ὅτι</span> <span class='ocrx_word' id='word_1_49' title='bbox 237 605 307 650; x_wconf 76' lang='grc' dir='ltr'><strong><em>ἐπὶ</em></strong></span> <span class='ocrx_word' id='word_1_50' title='bbox 343 602 496 659; x_wconf 83' lang='grc' dir='ltr'><strong><em>τύχῃσι</em></strong></span> <span class='ocrx_word' id='word_1_51' title='bbox 533 605 741 658; x_wconf 78' lang='grc' dir='ltr'><strong><em>χρηστῇσι</em></strong></span> <span class='ocrx_word' id='word_1_52' title='bbox 777 600 848 643; x_wconf 78' lang='grc' dir='ltr'><strong><em>ἐπὶ</em></strong></span> <span class='ocrx_word' id='word_1_53' title='bbox 887 602 1065 643; x_wconf 84' lang='grc' dir='ltr'><strong><em>δεῖπνον</em></strong></span> <span class='ocrx_word' id='word_1_54' title='bbox 1103 600 1303 656; x_wconf 79' lang='grc' dir='ltr'><strong><em>κέκλητο,</em></strong></span> <span class='ocrx_word' id='word_1_55' title='bbox 1332 598 1401 657; x_wconf 76' lang='grc' dir='ltr'><strong><em>ἤϊε</em></strong></span> 
     </span>
    </p>
   </div>
   <div class='ocr_carea' id='block_1_5' title="bbox 104 684 415 739">
    <p class='ocr_par' dir='ltr' id='par_1_5' title="bbox 104 684 415 739">
     <span class='ocr_line' id='line_1_13' title="bbox 104 684 415 739; baseline -0.019 -10"><span class='ocrx_word' id='word_1_56' title='bbox 104 688 179 739; x_wconf 72' lang='grc' dir='ltr'><strong><em>Ξές</em></strong></span> <span class='ocrx_word' id='word_1_57' title='bbox 205 685 258 730; x_wconf 75' lang='grc' dir='ltr'><strong><em>τὰ</em></strong></span> <span class='ocrx_word' id='word_1_58' title='bbox 286 684 415 728; x_wconf 82' lang='grc' dir='ltr'><strong><em>οἰκία.</em></strong></span> 
     </span>
    </p>
   </div>
   <div class='ocr_carea' id='block_1_6' title="bbox 474 679 1116 736">
    <p class='ocr_par' dir='ltr' id='par_1_6' title="bbox 474 679 1116 736">
     <span class='ocr_line' id='line_1_14' title="bbox 474 679 1116 736; baseline -0.006 -11"><span class='ocrx_word' id='word_1_59' title='bbox 474 681 666 725; x_wconf 76' lang='grc' dir='ltr'><strong><em>ἐσελθών</em></strong></span> <span class='ocrx_word' id='word_1_60' title='bbox 695 681 741 724; x_wconf 79' lang='grc' dir='ltr'>δὲ</span> <span class='ocrx_word' id='word_1_61' title='bbox 782 679 861 736; x_wconf 82' lang='grc' dir='ltr'><strong><em>τὴν</em></strong></span> <span class='ocrx_word' id='word_1_62' title='bbox 889 681 1116 736; x_wconf 79' lang='grc' dir='ltr'><strong><em>ταχίστην,</em></strong></span> 
     </span>
    </p>
   </div>
   <div class='ocr_carea' id='block_1_7' title="bbox 1155 674 1457 736">
    <p class='ocr_par' dir='ltr' id='par_1_7' title="bbox 1155 674 1457 736">
     <span class='ocr_line' id='line_1_15' title="bbox 1155 674 1457 736; baseline 0.003 -15"><span class='ocrx_word' id='word_1_63' title='bbox 1155 674 1210 736; x_wconf 80' lang='grc' dir='ltr'>ἦν</span> <span class='ocrx_word' id='word_1_64' title='bbox 1239 678 1323 735; x_wconf 77' lang='grc' dir='ltr'>γάρ</span> <span class='ocrx_word' id='word_1_65' title='bbox 1355 682 1400 724; x_wconf 84' lang='grc' dir='ltr'>οἰ</span> <span class='ocrx_word' id='word_1_66' title='bbox 1412 688 1457 722; x_wconf 88' lang='grc'>95</span> 
     </span>
    </p>
   </div>
   <div class='ocr_carea' id='block_1_8' title="bbox 129 758 1397 819">
    <p class='ocr_par' dir='ltr' id='par_1_8' title="bbox 129 758 1397 819">
     <span class='ocr_line' id='line_1_16' title="bbox 129 758 1397 819; baseline -0.005 -10"><span class='ocrx_word' id='word_1_67' title='bbox 129 769 228 817; x_wconf 85' lang='grc' dir='ltr'><strong><em>παῖς</em></strong></span> <span class='ocrx_word' id='word_1_68' title='bbox 258 761 317 815; x_wconf 82' lang='grc' dir='ltr'>εἷς</span> <span class='ocrx_word' id='word_1_69' title='bbox 344 766 534 819; x_wconf 80' lang='grc' dir='ltr'><strong><em>μοῦνος,</em></strong></span> <span class='ocrx_word' id='word_1_70' title='bbox 584 761 678 804; x_wconf 77' lang='grc' dir='ltr'><strong><em>ἔτεα</em></strong></span> <span class='ocrx_word' id='word_1_71' title='bbox 706 760 806 815; x_wconf 79' lang='grc' dir='ltr'><strong><em>τρία</em></strong></span> <span class='ocrx_word' id='word_1_72' title='bbox 836 759 905 803; x_wconf 85' lang='grc' dir='ltr'>καὶ</span> <span class='ocrx_word' id='word_1_73' title='bbox 945 759 1051 803; x_wconf 86' lang='grc' dir='ltr'><strong><em>δέκα</em></strong></span> <span class='ocrx_word' id='word_1_74' title='bbox 1089 775 1174 802; x_wconf 88' lang='grc' dir='ltr'>κου</span> <span class='ocrx_word' id='word_1_75' title='bbox 1209 758 1397 815; x_wconf 79' lang='grc' dir='ltr'><strong><em>μάλιστα</em></strong></span> 
     </span>
    </p>
   </div>
   <div class='ocr_carea' id='block_1_9' title="bbox 126 840 820 902">
    <p class='ocr_par' dir='ltr' id='par_1_9' title="bbox 126 840 820 902">
     <span class='ocr_line' id='line_1_17' title="bbox 126 840 820 902; baseline -0.01 -13"><span class='ocrx_word' id='word_1_76' title='bbox 126 843 330 902; x_wconf 77' lang='grc' dir='ltr'><strong><em>γεγονώς,</em></strong></span> <span class='ocrx_word' id='word_1_77' title='bbox 390 845 550 886; x_wconf 86' lang='grc' dir='ltr'><strong><em>τοῦτον</em></strong></span> <span class='ocrx_word' id='word_1_78' title='bbox 596 840 820 896; x_wconf 76' lang='grc' dir='ltr'><strong><em>ἐκπέμπει,</em></strong></span> 
     </span>
    </p>
   </div>
   <div class='ocr_carea' id='block_1_10' title="bbox 882 838 1398 891">
    <p class='ocr_par' dir='ltr' id='par_1_10' title="bbox 882 838 1398 891">
     <span class='ocr_line' id='line_1_18' title="bbox 882 838 1398 891; baseline -0.002 -8"><span class='ocrx_word' id='word_1_79' title='bbox 882 840 992 883; x_wconf 83' lang='grc' dir='ltr'><strong><em>ἰέναι</em></strong></span> <span class='ocrx_word' id='word_1_80' title='bbox 1041 855 1087 883; x_wconf 84' lang='grc' dir='ltr'>τε</span> <span class='ocrx_word' id='word_1_81' title='bbox 1125 838 1314 883; x_wconf 81' lang='grc' dir='ltr'><strong><em>κελεύων</em></strong></span> <span class='ocrx_word' id='word_1_82' title='bbox 1354 839 1398 891; x_wconf 78' lang='grc' dir='ltr'><strong><em>ἐς</em></strong></span> 
     </span>
    </p>
   </div>
   <div class='ocr_carea' id='block_1_11' title="bbox 122 917 1397 980">
    <p class='ocr_par' dir='ltr' id='par_1_11' title="bbox 122 917 1397 980">
     <span class='ocr_line' id='line_1_19' title="bbox 122 917 1397 980; baseline -0.005 -11"><span class='ocrx_word' id='word_1_83' title='bbox 122 921 399 980; x_wconf 75' lang='grc' dir='ltr'><strong><em>Ἀστυάγεος,</em></strong></span> <span class='ocrx_word' id='word_1_84' title='bbox 429 922 503 966; x_wconf 85' lang='grc' dir='ltr'>καὶ</span> <span class='ocrx_word' id='word_1_85' title='bbox 528 920 692 965; x_wconf 85' lang='grc' dir='ltr'><strong><em>ποιέειν</em></strong></span> <span class='ocrx_word' id='word_1_86' title='bbox 723 920 747 963; x_wconf 83' lang='grc' dir='ltr'>ὅ</span> <span class='ocrx_word' id='word_1_87' title='bbox 776 937 815 963; x_wconf 90' lang='grc' dir='ltr'>τι</span> <span class='ocrx_word' id='word_1_88' title='bbox 848 918 902 963; x_wconf 73' lang='grc' dir='ltr'>ἄν</span> <span class='ocrx_word' id='word_1_89' title='bbox 931 919 1096 970; x_wconf 75' lang='grc' dir='ltr'><strong><em>ἐκεῖνος</em></strong></span> <span class='ocrx_word' id='word_1_90' title='bbox 1124 917 1289 976; x_wconf 81' lang='grc' dir='ltr'><strong><em>κελεύῃ.</em></strong></span> <span class='ocrx_word' id='word_1_91' title='bbox 1322 919 1397 963; x_wconf 85' lang='grc' dir='ltr'>αὐ-</span> 
     </span>
    </p>
   </div>
   <div class='ocr_carea' id='block_1_12' title="bbox 97 1000 672 1140">
    <p class='ocr_par' dir='ltr' id='par_1_12' title="bbox 97 1000 672 1140">
     <span class='ocr_line' id='line_1_20' title="bbox 126 1000 672 1058; baseline -0.009 -10"><span class='ocrx_word' id='word_1_92' title='bbox 126 1003 200 1056; x_wconf 84' lang='grc' dir='ltr'>τὸς</span> <span class='ocrx_word' id='word_1_93' title='bbox 231 1004 278 1047; x_wconf 78' lang='grc' dir='ltr'>δὲ</span> <span class='ocrx_word' id='word_1_94' title='bbox 307 1001 540 1058; x_wconf 76' lang='grc' dir='ltr'><strong><em>περιχαρής</em></strong></span> <span class='ocrx_word' id='word_1_95' title='bbox 569 1000 672 1050; x_wconf 80' lang='grc' dir='ltr'><strong><em>έών,</em></strong></span> 
     </span>
     <span class='ocr_line' id='line_1_21' title="bbox 97 1082 394 1140; baseline -0.003 -15"><span class='ocrx_word' id='word_1_96' title='bbox 97 1082 394 1140; x_wconf 81' lang='grc' dir='ltr'><strong><em>3κυρήσαντα.</em></strong></span> 
     </span>
    </p>
   </div>
   <div class='ocr_carea' id='block_1_13' title="bbox 450 998 1394 1136">
    <p class='ocr_par' dir='ltr' id='par_1_13' title="bbox 450 998 1394 1136">
     <span class='ocr_line' id='line_1_22' title="bbox 720 998 1394 1057; baseline -0.001 -14"><span class='ocrx_word' id='word_1_97' title='bbox 720 998 876 1056; x_wconf 78' lang='grc' dir='ltr'><strong><em>φράζει</em></strong></span> <span class='ocrx_word' id='word_1_98' title='bbox 904 1003 958 1057; x_wconf 86' lang='grc' dir='ltr'><strong><em>τῇ</em></strong></span> <span class='ocrx_word' id='word_1_99' title='bbox 994 998 1172 1055; x_wconf 79' lang='grc' dir='ltr'><strong><em>γυναικὶ</em></strong></span> <span class='ocrx_word' id='word_1_100' title='bbox 1214 999 1267 1043; x_wconf 80' lang='grc' dir='ltr'><strong><em>τὰ</em></strong></span> <span class='ocrx_word' id='word_1_101' title='bbox 1294 1010 1394 1056; x_wconf 84' lang='grc' dir='ltr'><strong><em>συγ-</em></strong></span> 
     </span>
     <span class='ocr_line' id='line_1_23' title="bbox 450 1076 1394 1136; baseline 0 -12"><span class='ocrx_word' id='word_1_102' title='bbox 450 1079 686 1136; x_wconf 65' lang='grc' dir='ltr'><strong><em>Ἀστυάγης</em></strong></span> <span class='ocrx_word' id='word_1_103' title='bbox 717 1079 784 1133; x_wconf 79' lang='grc' dir='ltr'>δὲ,</span> <span class='ocrx_word' id='word_1_104' title='bbox 815 1078 874 1131; x_wconf 73' lang='grc' dir='ltr'><strong><em>ὥς</em></strong></span> <span class='ocrx_word' id='word_1_105' title='bbox 904 1080 949 1123; x_wconf 80' lang='grc' dir='ltr'>οἱ</span> <span class='ocrx_word' id='word_1_106' title='bbox 978 1077 1154 1123; x_wconf 75' lang='grc' dir='ltr'><strong><em>ἀπίκετο</em></strong></span> <span class='ocrx_word' id='word_1_107' title='bbox 1192 1076 1216 1122; x_wconf 87' lang='grc' dir='ltr'>ὁ</span> <span class='ocrx_word' id='word_1_108' title='bbox 1243 1076 1394 1134; x_wconf 76' lang='grc' dir='ltr'><strong><em>Ἁρπά-</em></strong></span> 
     </span>
    </p>
   </div>
   <div class='ocr_carea' id='block_1_14' title="bbox 94 1158 1417 1539">
    <p class='ocr_par' dir='ltr' id='par_1_14' title="bbox 94 1158 1417 1539">
     <span class='ocr_line' id='line_1_24' title="bbox 124 1158 1392 1220; baseline -0.003 -13"><span class='ocrx_word' id='word_1_109' title='bbox 124 1180 208 1220; x_wconf 77' lang='grc' dir='ltr'>γου</span> <span class='ocrx_word' id='word_1_110' title='bbox 238 1168 362 1215; x_wconf 87' lang='grc' dir='ltr'><strong><em>παῖς,</em></strong></span> <span class='ocrx_word' id='word_1_111' title='bbox 399 1159 567 1218; x_wconf 80' lang='grc' dir='ltr'><strong><em>σφάξας</em></strong></span> <span class='ocrx_word' id='word_1_112' title='bbox 597 1158 756 1212; x_wconf 81' lang='grc' dir='ltr'><strong><em>αὐτόν,</em></strong></span> <span class='ocrx_word' id='word_1_113' title='bbox 800 1159 875 1203; x_wconf 88' lang='grc' dir='ltr'>καὶ</span> <span class='ocrx_word' id='word_1_114' title='bbox 914 1158 1024 1203; x_wconf 79' lang='grc' dir='ltr'><strong><em>κατὰ</em></strong></span> <span class='ocrx_word' id='word_1_115' title='bbox 1062 1159 1192 1214; x_wconf 83' lang='grc' dir='ltr'><strong><em>μέλεα</em></strong></span> <span class='ocrx_word' id='word_1_116' title='bbox 1222 1158 1392 1211; x_wconf 76' lang='grc' dir='ltr'><strong><em>διελών,</em></strong></span> 
     </span>
     <span class='ocr_line' id='line_1_25' title="bbox 123 1237 1417 1299; baseline -0.005 -12"><span class='ocrx_word' id='word_1_117' title='bbox 123 1242 177 1287; x_wconf 77' lang='grc' dir='ltr'><strong><em>τὰ</em></strong></span> <span class='ocrx_word' id='word_1_118' title='bbox 206 1242 286 1299; x_wconf 75' lang='grc' dir='ltr'>μὲν</span> <span class='ocrx_word' id='word_1_119' title='bbox 314 1239 503 1297; x_wconf 73' lang='grc' dir='ltr'><strong><em>ὤπτησε,</em></strong></span> <span class='ocrx_word' id='word_1_120' title='bbox 541 1238 594 1283; x_wconf 85' lang='grc' dir='ltr'><strong><em>τὰ</em></strong></span> <span class='ocrx_word' id='word_1_121' title='bbox 626 1240 672 1283; x_wconf 82' lang='grc' dir='ltr'>δὲ</span> <span class='ocrx_word' id='word_1_122' title='bbox 701 1239 833 1295; x_wconf 77' lang='grc' dir='ltr'><strong><em>ἔψησε</em></strong></span> <span class='ocrx_word' id='word_1_123' title='bbox 871 1242 961 1282; x_wconf 77' lang='grc' dir='ltr'><strong><em>τῶν</em></strong></span> <span class='ocrx_word' id='word_1_124' title='bbox 996 1242 1149 1294; x_wconf 78' lang='grc' dir='ltr'><strong><em>κρεῶν.</em></strong></span> <span class='ocrx_word' id='word_1_125' title='bbox 1197 1237 1417 1283; x_wconf 83' lang='grc' dir='ltr'><strong><em>εὕτυκτα1</em></strong></span> 
     </span>
     <span class='ocr_line' id='line_1_26' title="bbox 94 1317 1393 1378; baseline -0.002 -14"><span class='ocrx_word' id='word_1_126' title='bbox 94 1322 173 1367; x_wconf 78' lang='grc' dir='ltr'>4δὲ</span> <span class='ocrx_word' id='word_1_127' title='bbox 201 1320 524 1378; x_wconf 80' lang='grc' dir='ltr'><strong><em>ποιησάμενος,</em></strong></span> <span class='ocrx_word' id='word_1_128' title='bbox 564 1317 649 1376; x_wconf 80' lang='grc' dir='ltr'><strong><em>εἶχε</em></strong></span> <span class='ocrx_word' id='word_1_129' title='bbox 678 1319 839 1376; x_wconf 80' lang='grc' dir='ltr'><strong><em>ἑτοῖμα.</em></strong></span> <span class='ocrx_word' id='word_1_130' title='bbox 870 1317 963 1362; x_wconf 78' lang='grc' dir='ltr'><strong><em>ἐπεί</em></strong></span> <span class='ocrx_word' id='word_1_131' title='bbox 992 1334 1036 1362; x_wconf 88' lang='grc' dir='ltr'>τε</span> <span class='ocrx_word' id='word_1_132' title='bbox 1067 1318 1135 1370; x_wconf 79' lang='grc' dir='ltr'><strong><em>δὲ,</em></strong></span> <span class='ocrx_word' id='word_1_133' title='bbox 1164 1322 1242 1376; x_wconf 85' lang='grc' dir='ltr'>τῆς</span> <span class='ocrx_word' id='word_1_134' title='bbox 1272 1318 1393 1376; x_wconf 76' lang='grc' dir='ltr'><strong><em>ὥρης</em></strong></span> 
     </span>
     <span class='ocr_line' id='line_1_27' title="bbox 119 1396 1392 1458; baseline -0.002 -12"><span class='ocrx_word' id='word_1_135' title='bbox 119 1401 350 1458; x_wconf 77' lang='grc' dir='ltr'><strong><em>γινομένης</em></strong></span> <span class='ocrx_word' id='word_1_136' title='bbox 373 1403 453 1444; x_wconf 86' lang='grc' dir='ltr'><strong><em>τοῦ</em></strong></span> <span class='ocrx_word' id='word_1_137' title='bbox 483 1400 686 1451; x_wconf 86' lang='grc' dir='ltr'><strong><em>δείπνου,</em></strong></span> <span class='ocrx_word' id='word_1_138' title='bbox 716 1401 919 1455; x_wconf 78' lang='grc' dir='ltr'><strong><em>παρῆσαν</em></strong></span> <span class='ocrx_word' id='word_1_139' title='bbox 947 1399 995 1442; x_wconf 81' lang='grc' dir='ltr'>οἵ</span> <span class='ocrx_word' id='word_1_140' title='bbox 1019 1414 1063 1442; x_wconf 90' lang='grc' dir='ltr'>τε</span> <span class='ocrx_word' id='word_1_141' title='bbox 1089 1396 1215 1442; x_wconf 73' lang='grc' dir='ltr'><strong><em>ἄλλοι</em></strong></span> <span class='ocrx_word' id='word_1_142' title='bbox 1247 1400 1392 1443; x_wconf 87' lang='grc' dir='ltr'><strong><em>δαιτυ-</em></strong></span> 
     </span>
     <span class='ocr_line' id='line_1_28' title="bbox 118 1476 1386 1539; baseline -0.002 -13"><span class='ocrx_word' id='word_1_143' title='bbox 118 1482 249 1539; x_wconf 84' lang='grc' dir='ltr'><strong><em>μόνες</em></strong></span> <span class='ocrx_word' id='word_1_144' title='bbox 276 1481 349 1525; x_wconf 78' lang='grc' dir='ltr'>καὶ</span> <span class='ocrx_word' id='word_1_145' title='bbox 378 1478 667 1537; x_wconf 79' lang='grc' dir='ltr'><strong><em>ὁ“”Αρπαγος,</em></strong></span> <span class='ocrx_word' id='word_1_146' title='bbox 710 1482 823 1523; x_wconf 87' lang='grc' dir='ltr'><strong><em>τοῖσι</em></strong></span> <span class='ocrx_word' id='word_1_147' title='bbox 851 1476 931 1535; x_wconf 81' lang='grc' dir='ltr'>μὲν</span> <span class='ocrx_word' id='word_1_148' title='bbox 960 1476 1130 1523; x_wconf 79' lang='grc' dir='ltr'><strong><em>ἄλλοισι</em></strong></span> <span class='ocrx_word' id='word_1_149' title='bbox 1159 1479 1235 1524; x_wconf 87' lang='grc' dir='ltr'>καὶ</span> <span class='ocrx_word' id='word_1_150' title='bbox 1266 1478 1386 1538; x_wconf 78' lang='grc' dir='ltr'><strong><em>αὐτῷ</em></strong></span> 
     </span>
    </p>
   </div>
   <div class='ocr_carea' id='block_1_15' title="bbox 59 1675 717 2013">
    <p class='ocr_par' dir='ltr' id='par_1_15' title="bbox 59 1675 717 2013">
     <span class='ocr_line' id='line_1_29' title="bbox 61 1675 717 1728; baseline -0.005 -12"><span class='ocrx_word' id='word_1_151' title='bbox 61 1682 146 1716; x_wconf 85' lang='lat' dir='ltr'>sunt</span> <span class='ocrx_word' id='word_1_152' title='bbox 169 1691 295 1726; x_wconf 88' lang='lat' dir='ltr'>sacra,</span> <span class='ocrx_word' id='word_1_153' title='bbox 326 1689 419 1728; x_wconf 85' lang='lat' dir='ltr'>quae</span> <span class='ocrx_word' id='word_1_154' title='bbox 442 1689 510 1727; x_wconf 89' lang='lat' dir='ltr'>pro</span> <span class='ocrx_word' id='word_1_155' title='bbox 533 1688 573 1714; x_wconf 87' lang='lat' dir='ltr'>re</span> <span class='ocrx_word' id='word_1_156' title='bbox 594 1675 717 1726; x_wconf 85' lang='lat' dir='ltr'>aliqua</span> 
     </span>
     <span class='ocr_line' id='line_1_30' title="bbox 61 1733 715 1780; baseline -0.003 -8"><span class='ocrx_word' id='word_1_157' title='bbox 61 1738 205 1773; x_wconf 86' lang='lat' dir='ltr'>servata</span> <span class='ocrx_word' id='word_1_158' title='bbox 231 1735 300 1772; x_wconf 88' lang='lat' dir='ltr'>diis</span> <span class='ocrx_word' id='word_1_159' title='bbox 323 1735 415 1771; x_wconf 88' lang='lat' dir='ltr'>fiunt</span> <span class='ocrx_word' id='word_1_160' title='bbox 432 1733 478 1770; x_wconf 87' lang='lat' dir='ltr'>ab</span> <span class='ocrx_word' id='word_1_161' title='bbox 497 1733 715 1780; x_wconf 87' lang='lat' dir='ltr'>hominibus,</span> 
     </span>
     <span class='ocr_line' id='line_1_31' title="bbox 60 1790 716 1841; baseline -0.005 -12"><span class='ocrx_word' id='word_1_162' title='bbox 60 1792 216 1841; x_wconf 84' lang='lat' dir='ltr'>gratiam</span> <span class='ocrx_word' id='word_1_163' title='bbox 242 1791 346 1828; x_wconf 84' lang='lat' dir='ltr'>huius</span> <span class='ocrx_word' id='word_1_164' title='bbox 377 1790 428 1828; x_wconf 88' lang='lat' dir='ltr'>rei</span> <span class='ocrx_word' id='word_1_165' title='bbox 455 1793 492 1827; x_wconf 86' lang='lat' dir='ltr'>et</span> <span class='ocrx_word' id='word_1_166' title='bbox 521 1790 716 1838; x_wconf 82' lang='lat' dir='ltr'>agentibus</span> 
     </span>
     <span class='ocr_line' id='line_1_32' title="bbox 61 1846 715 1897; baseline -0.005 -11"><span class='ocrx_word' id='word_1_167' title='bbox 61 1852 99 1886; x_wconf 84' lang='lat' dir='ltr'>et</span> <span class='ocrx_word' id='word_1_168' title='bbox 118 1847 222 1897; x_wconf 85' lang='lat' dir='ltr'>quasi</span> <span class='ocrx_word' id='word_1_169' title='bbox 238 1847 491 1885; x_wconf 80' lang='lat' dir='ltr'>referentibus.</span> <span class='ocrx_word' id='word_1_170' title='bbox 513 1866 570 1874; x_wconf 95' lang='lat'>—</span> <span class='ocrx_word' id='word_1_171' title='bbox 598 1846 715 1883; x_wconf 89' lang='lat' dir='ltr'>Paulo</span> 
     </span>
     <span class='ocr_line' id='line_1_33' title="bbox 59 1897 715 1955; baseline -0.003 -13"><span class='ocrx_word' id='word_1_172' title='bbox 59 1908 146 1955; x_wconf 89' lang='lat' dir='ltr'>post</span> <span class='ocrx_word' id='word_1_173' title='bbox 176 1903 344 1942; x_wconf 81' lang='lat' dir='ltr'>meliores</span> <span class='ocrx_word' id='word_1_174' title='bbox 376 1897 573 1955; x_wconf 77' lang='grc' dir='ltr'><strong><em>πάρισθι,</em></strong></span> <span class='ocrx_word' id='word_1_175' title='bbox 613 1903 715 1953; x_wconf 91' lang='lat' dir='ltr'>quod</span> 
     </span>
     <span class='ocr_line' id='line_1_34' title="bbox 59 1960 438 2013; baseline -0.005 -15"><span class='ocrx_word' id='word_1_176' title='bbox 59 1973 135 1998; x_wconf 86' lang='lat' dir='ltr'>non</span> <span class='ocrx_word' id='word_1_177' title='bbox 154 1960 438 2013; x_wconf 82' lang='lat' dir='ltr'>repudiavimuS.</span> 
     </span>
    </p>
   </div>
   <div class='ocr_carea' id='block_1_16' title="bbox 248 2070 526 2125">
    <p class='ocr_par' dir='ltr' id='par_1_16' title="bbox 248 2070 526 2125">
     <span class='ocr_line' id='line_1_35' title="bbox 248 2070 526 2125; baseline -0.011 -13"><span class='ocrx_word' id='word_1_178' title='bbox 248 2073 282 2112; x_wconf 86' lang='lat' dir='ltr'>C</span> <span class='ocrx_word' id='word_1_179' title='bbox 290 2085 313 2111; x_wconf 92' lang='lat' dir='ltr'>a</span> <span class='ocrx_word' id='word_1_180' title='bbox 321 2085 360 2125; x_wconf 86' lang='lat' dir='ltr'>p.</span> <span class='ocrx_word' id='word_1_181' title='bbox 390 2070 526 2110; x_wconf 88' lang='lat' dir='ltr'><strong>CXIX.</strong></span> 
     </span>
    </p>
   </div>
   <div class='ocr_carea' id='block_1_17' title="bbox 50 2152 715 2760">
    <p class='ocr_par' dir='ltr' id='par_1_17' title="bbox 50 2152 715 2759">
     <span class='ocr_line' id='line_1_36' title="bbox 113 2152 715 2209; baseline -0.002 -11"><span class='ocrx_word' id='word_1_182' title='bbox 113 2153 174 2199; x_wconf 71' lang='grc' dir='ltr'>ὅτι</span> <span class='ocrx_word' id='word_1_183' title='bbox 214 2172 256 2198; x_wconf 88' lang='grc' dir='ltr'>τε</span> <span class='ocrx_word' id='word_1_184' title='bbox 285 2155 315 2209; x_wconf 78' lang='grc' dir='ltr'><em>ἦ</em></span> <span class='ocrx_word' id='word_1_185' title='bbox 359 2152 538 2208; x_wconf 77' lang='grc' dir='ltr'><strong><em>ἇμαρτοὲς</em></strong></span> <span class='ocrx_word' id='word_1_186' title='bbox 580 2155 623 2197; x_wconf 82' lang='grc' dir='ltr'>οἴ</span> <span class='ocrx_word' id='word_1_187' title='bbox 663 2155 682 2197; x_wconf 83' lang='grc' dir='ltr'><em>ἕ</em></span> <span class='ocrx_word' id='word_1_188' title='bbox 695 2172 715 2205; x_wconf 88' lang='grc' dir='ltr'><strong><em>ς</em></strong></span> 
     </span>
     <span class='ocr_line' id='line_1_37' title="bbox 57 2211 708 2268; baseline -0.003 -14"><span class='ocrx_word' id='word_1_189' title='bbox 57 2212 176 2255; x_wconf 82' lang='grc' dir='ltr'><strong><em>δέον</em></strong></span> <span class='ocrx_word' id='word_1_190' title='bbox 198 2211 400 2268; x_wconf 78' lang='grc' dir='ltr'><strong><em>ἐγεγόνεε]</em></strong></span> <span class='ocrx_word' id='word_1_191' title='bbox 434 2215 456 2251; x_wconf 93' lang='lat' dir='ltr'>i.</span> <span class='ocrx_word' id='word_1_192' title='bbox 469 2227 499 2252; x_wconf 87' lang='lat' dir='ltr'>e.</span> <span class='ocrx_word' id='word_1_193' title='bbox 518 2214 610 2264; x_wconf 84' lang='lat' dir='ltr'>quod</span> <span class='ocrx_word' id='word_1_194' title='bbox 623 2227 708 2266; x_wconf 81' lang='lat' dir='ltr'>pec-</span> 
     </span>
     <span class='ocr_line' id='line_1_38' title="bbox 56 2271 710 2320; baseline -0.002 -11"><span class='ocrx_word' id='word_1_195' title='bbox 56 2275 174 2310; x_wconf 84' lang='lat' dir='ltr'>catum</span> <span class='ocrx_word' id='word_1_196' title='bbox 209 2274 242 2310; x_wconf 86' lang='lat' dir='ltr'>ei</span> <span class='ocrx_word' id='word_1_197' title='bbox 268 2272 372 2309; x_wconf 85' lang='lat' dir='ltr'>bene</span> <span class='ocrx_word' id='word_1_198' title='bbox 400 2275 523 2309; x_wconf 78' lang='lat' dir='ltr'>recte</span> <span class='ocrx_word' id='word_1_199' title='bbox 555 2271 596 2320; x_wconf 89' lang='lat' dir='ltr'>(i.</span> <span class='ocrx_word' id='word_1_200' title='bbox 620 2285 650 2309; x_wconf 84' lang='lat' dir='ltr'>e.</span> <span class='ocrx_word' id='word_1_201' title='bbox 672 2271 710 2308; x_wconf 93' lang='lat' dir='ltr'>in</span> 
     </span>
     <span class='ocr_line' id='line_1_39' title="bbox 55 2327 708 2379; baseline -0.002 -14"><span class='ocrx_word' id='word_1_202' title='bbox 55 2327 114 2377; x_wconf 84' lang='lat' dir='ltr'>id,</span> <span class='ocrx_word' id='word_1_203' title='bbox 133 2330 233 2379; x_wconf 90' lang='lat' dir='ltr'>quod</span> <span class='ocrx_word' id='word_1_204' title='bbox 250 2329 394 2378; x_wconf 85' lang='lat' dir='ltr'>debuit)</span> <span class='ocrx_word' id='word_1_205' title='bbox 426 2331 585 2365; x_wconf 83' lang='lat' dir='ltr'><strong><em>cesserat.</em></strong></span> <span class='ocrx_word' id='word_1_206' title='bbox 631 2327 708 2365; x_wconf 94' lang='lat' dir='ltr'>Lo-</span> 
     </span>
     <span class='ocr_line' id='line_1_40' title="bbox 54 2383 710 2435; baseline -0.002 -13"><span class='ocrx_word' id='word_1_207' title='bbox 54 2385 150 2422; x_wconf 81' lang='lat' dir='ltr'>cutio</span> <span class='ocrx_word' id='word_1_208' title='bbox 181 2383 230 2434; x_wconf 82' lang='grc' dir='ltr'><strong><em>ἕς</em></strong></span> <span class='ocrx_word' id='word_1_209' title='bbox 259 2383 380 2425; x_wconf 80' lang='grc' dir='ltr'><strong><em>δέον</em></strong></span> <span class='ocrx_word' id='word_1_210' title='bbox 414 2397 526 2435; x_wconf 87' lang='lat' dir='ltr'>supra</span> <span class='ocrx_word' id='word_1_211' title='bbox 555 2385 710 2422; x_wconf 85' lang='lat' dir='ltr'>occurrit</span> 
     </span>
     <span class='ocr_line' id='line_1_41' title="bbox 53 2439 705 2490; baseline 0.002 -12"><span class='ocrx_word' id='word_1_212' title='bbox 53 2439 92 2488; x_wconf 91' lang='lat' dir='ltr'>I,</span> <span class='ocrx_word' id='word_1_213' title='bbox 109 2442 186 2490; x_wconf 82' lang='lat'>32,</span> <span class='ocrx_word' id='word_1_214' title='bbox 213 2442 274 2480; x_wconf 87' lang='lat' dir='ltr'>ubi</span> <span class='ocrx_word' id='word_1_215' title='bbox 295 2443 390 2480; x_wconf 89' lang='lat' dir='ltr'>conf.</span> <span class='ocrx_word' id='word_1_216' title='bbox 427 2441 524 2479; x_wconf 92' lang='lat' dir='ltr'><strong>Add.</strong></span> <span class='ocrx_word' id='word_1_217' title='bbox 544 2441 582 2490; x_wconf 89' lang='grc' dir='ltr'>Ι,</span> <span class='ocrx_word' id='word_1_218' title='bbox 613 2443 705 2483; x_wconf 90' lang='grc'><strong>186.</strong></span> 
     </span>
     <span class='ocr_line' id='line_1_42' title="bbox 51 2494 705 2552; baseline 0.003 -18"><span class='ocrx_word' id='word_1_219' title='bbox 51 2495 94 2535; x_wconf 92' lang='lat' dir='ltr'>In</span> <span class='ocrx_word' id='word_1_220' title='bbox 111 2511 214 2548; x_wconf 86' lang='lat' dir='ltr'><strong>seqq.</strong></span> <span class='ocrx_word' id='word_1_221' title='bbox 229 2497 294 2538; x_wconf 77' lang='grc' dir='ltr'><strong><em>ἐπὶ</em></strong></span> <span class='ocrx_word' id='word_1_222' title='bbox 322 2494 465 2552; x_wconf 81' lang='grc' dir='ltr'><strong><em>τύχῃσι</em></strong></span> <span class='ocrx_word' id='word_1_223' title='bbox 492 2513 582 2551; x_wconf 86' lang='grc' dir='ltr'>χρη</span> <span class='ocrx_word' id='word_1_224' title='bbox 596 2500 705 2552; x_wconf 81' lang='grc' dir='ltr'><strong><em>στῇ-</em></strong></span> 
     </span>
     <span class='ocr_line' id='line_1_43' title="bbox 52 2554 705 2605; baseline 0 -13"><span class='ocrx_word' id='word_1_225' title='bbox 52 2563 104 2592; x_wconf 84' lang='grc' dir='ltr'><strong><em>σι</em></strong></span> <span class='ocrx_word' id='word_1_226' title='bbox 132 2558 207 2592; x_wconf 86' lang='lat' dir='ltr'>est:</span> <span class='ocrx_word' id='word_1_227' title='bbox 236 2555 332 2593; x_wconf 77' lang='lat' dir='ltr'>bonis</span> <span class='ocrx_word' id='word_1_228' title='bbox 359 2555 508 2602; x_wconf 75' lang='lat' dir='ltr'>avibus,</span> <span class='ocrx_word' id='word_1_229' title='bbox 532 2554 705 2605; x_wconf 76' lang='lat' dir='ltr'>felicibus</span> 
     </span>
     <span class='ocr_line' id='line_1_44' title="bbox 50 2612 702 2662; baseline 0.005 -16"><span class='ocrx_word' id='word_1_230' title='bbox 50 2612 239 2660; x_wconf 46' lang='lat' dir='ltr'>auspicii&amp;</span> <span class='ocrx_word' id='word_1_231' title='bbox 275 2613 375 2662; x_wconf 87' lang='lat' dir='ltr'>quod</span> <span class='ocrx_word' id='word_1_232' title='bbox 405 2612 550 2650; x_wconf 87' lang='lat' dir='ltr'>dicendi</span> <span class='ocrx_word' id='word_1_233' title='bbox 585 2625 702 2662; x_wconf 83' lang='lat' dir='ltr'>genus</span> 
     </span>
     <span class='ocr_line' id='line_1_45' title="bbox 50 2664 702 2720; baseline 0.014 -18"><span class='ocrx_word' id='word_1_234' title='bbox 50 2664 109 2703; x_wconf 87' lang='lat' dir='ltr'>vel</span> <span class='ocrx_word' id='word_1_235' title='bbox 124 2665 178 2704; x_wconf 81' lang='lat' dir='ltr'>&#39;ex</span> <span class='ocrx_word' id='word_1_236' title='bbox 205 2667 330 2719; x_wconf 88' lang='lat' dir='ltr'>Vigeri</span> <span class='ocrx_word' id='word_1_237' title='bbox 354 2669 531 2707; x_wconf 88' lang='lat' dir='ltr'>Idiotism.</span> <span class='ocrx_word' id='word_1_238' title='bbox 557 2682 596 2720; x_wconf 83' lang='lat' dir='ltr'>p.</span> <span class='ocrx_word' id='word_1_239' title='bbox 619 2671 702 2711; x_wconf 83' lang='lat'>620</span> 
     </span>
     <span class='ocr_line' id='line_1_46' title="bbox 50 2724 188 2760; baseline 0.016 -2"><span class='ocrx_word' id='word_1_240' title='bbox 50 2724 188 2760; x_wconf 86' lang='lat' dir='ltr'>notum.</span> 
     </span>
    </p>
   </div>
   <div class='ocr_carea' id='block_1_18' title="bbox 50 2801 702 2916">
    <p class='ocr_par' dir='ltr' id='par_1_18' title="bbox 50 2801 702 2912">
     <span class='ocr_line' id='line_1_47' title="bbox 108 2801 702 2865; baseline 0.012 -22"><span class='ocrx_word' id='word_1_241' title='bbox 108 2819 131 2844; x_wconf 91' lang='grc' dir='ltr'><strong><em>ο</em></strong></span> <span class='ocrx_word' id='word_1_242' title='bbox 155 2819 193 2845; x_wconf 87' lang='grc' dir='ltr'>τι</span> <span class='ocrx_word' id='word_1_243' title='bbox 216 2801 267 2846; x_wconf 76' lang='grc' dir='ltr'>ὂῖν</span> <span class='ocrx_word' id='word_1_244' title='bbox 287 2805 438 2857; x_wconf 78' lang='grc' dir='ltr'><strong><em>ἐκεῖνος</em></strong></span> <span class='ocrx_word' id='word_1_245' title='bbox 454 2805 623 2865; x_wconf 78' lang='grc' dir='ltr'><strong><em>κελεύῃ]</em></strong></span> <span class='ocrx_word' id='word_1_246' title='bbox 641 2824 702 2850; x_wconf 86' lang='grc' dir='ltr'><strong><em>κε-</em></strong></span> 
     </span>
     <span class='ocr_line' id='line_1_48' title="bbox 50 2855 702 2916; baseline 0.008 -16"><span class='ocrx_word' id='word_1_247' title='bbox 50 2855 172 2916; x_wconf 85' lang='grc' dir='ltr'><strong><em>λεύῃ,</em></strong></span> <span class='ocrx_word' id='word_1_248' title='bbox 202 2864 301 2912; x_wconf 88' lang='lat' dir='ltr'>quod</span> <span class='ocrx_word' id='word_1_249' title='bbox 321 2878 403 2903; x_wconf 78' lang='lat' dir='ltr'>cuni</span> <span class='ocrx_word' id='word_1_250' title='bbox 423 2870 575 2905; x_wconf 84' lang='lat' dir='ltr'>recentt.</span> <span class='ocrx_word' id='word_1_251' title='bbox 597 2868 702 2905; x_wconf 83' lang='lat' dir='ltr'>dedi-</span> 
     </span>
    </p>
   </div>
   <div class='ocr_carea' id='block_1_19' title="bbox 51 2920 703 2974">
    <p class='ocr_par' dir='ltr' id='par_1_19' title="bbox 51 2920 703 2974">
     <span class='ocr_line' id='line_1_49' title="bbox 51 2920 703 2974; baseline 0.011 -18"><span class='ocrx_word' id='word_1_252' title='bbox 51 2929 157 2967; x_wconf 74' lang='lat' dir='ltr'>mus,</span> <span class='ocrx_word' id='word_1_253' title='bbox 184 2920 272 2958; x_wconf 76' lang='lat' dir='ltr'>satis</span> <span class='ocrx_word' id='word_1_254' title='bbox 297 2923 448 2961; x_wconf 84' lang='lat' dir='ltr'>tuentur</span> <span class='ocrx_word' id='word_1_255' title='bbox 474 2922 623 2974; x_wconf 84' lang='lat' dir='ltr'>linguae</span> <span class='ocrx_word' id='word_1_256' title='bbox 649 2923 703 2963; x_wconf 89' lang='lat' dir='ltr'>le·</span> 
     </span>
    </p>
   </div>
   <div class='ocr_carea' id='block_1_20' title="bbox 767 1677 1446 2917">
    <p class='ocr_par' dir='ltr' id='par_1_20' title="bbox 782 1677 1446 1895">
     <span class='ocr_line' id='line_1_50' title="bbox 785 1677 1446 1727; baseline 0.003 -13"><span class='ocrx_word' id='word_1_257' title='bbox 785 1688 874 1726; x_wconf 84' lang='lat' dir='ltr'>ges,</span> <span class='ocrx_word' id='word_1_258' title='bbox 913 1689 1008 1727; x_wconf 71' lang='lat' dir='ltr'>quae</span> <span class='ocrx_word' id='word_1_259' title='bbox 1037 1687 1112 1714; x_wconf 89' lang='lat' dir='ltr'>non</span> <span class='ocrx_word' id='word_1_260' title='bbox 1145 1677 1347 1727; x_wconf 80' lang='lat' dir='ltr'>optativum</span> <span class='ocrx_word' id='word_1_261' title='bbox 1377 1677 1446 1726; x_wconf 90' lang='lat' dir='ltr'>(ut</span> 
     </span>
     <span class='ocr_line' id='line_1_51' title="bbox 782 1729 1442 1782; baseline 0.003 -13"><span class='ocrx_word' id='word_1_262' title='bbox 782 1733 916 1782; x_wconf 82' lang='lat' dir='ltr'>vulgo,</span> <span class='ocrx_word' id='word_1_263' title='bbox 937 1729 1162 1782; x_wconf 83' lang='grc' dir='ltr'><strong><em>κελεύοι),</em></strong></span> <span class='ocrx_word' id='word_1_264' title='bbox 1195 1734 1264 1771; x_wconf 83' lang='lat' dir='ltr'>sed</span> <span class='ocrx_word' id='word_1_265' title='bbox 1290 1734 1442 1771; x_wconf 83' lang='lat' dir='ltr'>coniun-</span> 
     </span>
     <span class='ocr_line' id='line_1_52' title="bbox 783 1790 1441 1828; baseline 0.002 -1"><span class='ocrx_word' id='word_1_266' title='bbox 783 1791 914 1827; x_wconf 86' lang='lat' dir='ltr'>ctivum</span> <span class='ocrx_word' id='word_1_267' title='bbox 934 1790 970 1826; x_wconf 90' lang='lat' dir='ltr'>in</span> <span class='ocrx_word' id='word_1_268' title='bbox 986 1790 1041 1827; x_wconf 83' lang='lat' dir='ltr'>his</span> <span class='ocrx_word' id='word_1_269' title='bbox 1053 1790 1359 1828; x_wconf 85' lang='lat' dir='ltr'>enuntiationibus</span> <span class='ocrx_word' id='word_1_270' title='bbox 1373 1793 1441 1828; x_wconf 87' lang='lat' dir='ltr'>fla—</span> 
     </span>
     <span class='ocr_line' id='line_1_53' title="bbox 784 1846 915 1895; baseline 0.008 -13"><span class='ocrx_word' id='word_1_271' title='bbox 784 1846 915 1895; x_wconf 84' lang='lat' dir='ltr'>gitant.</span> 
     </span>
    </p>

    <p class='ocr_par' dir='ltr' id='par_1_21' title="bbox 767 1897 1442 2917">
     <span class='ocr_line' id='line_1_54' title="bbox 843 1897 1442 1955; baseline 0.005 -15"><span class='ocrx_word' id='word_1_272' title='bbox 843 1899 1009 1941; x_wconf 74' lang='grc' dir='ltr'><strong><em>εἴτυκτα</em></strong></span> <span class='ocrx_word' id='word_1_273' title='bbox 1064 1899 1107 1941; x_wconf 82' lang='grc' dir='ltr'>δὲ</span> <span class='ocrx_word' id='word_1_274' title='bbox 1152 1897 1442 1955; x_wconf 70' lang='grc' dir='ltr'><strong><em>ποιησόμενος,</em></strong></span> 
     </span>
     <span class='ocr_line' id='line_1_55' title="bbox 785 1954 1441 2010; baseline 0 -12"><span class='ocrx_word' id='word_1_275' title='bbox 785 1954 864 2010; x_wconf 79' lang='grc' dir='ltr'><strong><em>εἶχε</em></strong></span> <span class='ocrx_word' id='word_1_276' title='bbox 892 1957 1049 2010; x_wconf 78' lang='grc' dir='ltr'><strong><em>ἑτοῖμα]</em></strong></span> <span class='ocrx_word' id='word_1_277' title='bbox 1082 1958 1241 2010; x_wconf 79' lang='grc' dir='ltr'><strong><em>ἑτοῖμα,</em></strong></span> <span class='ocrx_word' id='word_1_278' title='bbox 1273 1961 1374 2010; x_wconf 86' lang='lat' dir='ltr'>quod</span> <span class='ocrx_word' id='word_1_279' title='bbox 1403 1962 1441 1998; x_wconf 93' lang='lat' dir='ltr'>in</span> 
     </span>
     <span class='ocr_line' id='line_1_56' title="bbox 782 2016 1439 2066; baseline 0.003 -12"><span class='ocrx_word' id='word_1_280' title='bbox 782 2017 967 2054; x_wconf 80' lang='lat' dir='ltr'>Sancrosti</span> <span class='ocrx_word' id='word_1_281' title='bbox 984 2016 1076 2053; x_wconf 86' lang='lat' dir='ltr'>libro</span> <span class='ocrx_word' id='word_1_282' title='bbox 1097 2029 1173 2054; x_wconf 86' lang='lat' dir='ltr'>non</span> <span class='ocrx_word' id='word_1_283' title='bbox 1190 2016 1341 2066; x_wconf 87' lang='lat' dir='ltr'>legitur,</span> <span class='ocrx_word' id='word_1_284' title='bbox 1372 2018 1439 2056; x_wconf 92' lang='lat' dir='ltr'>ab-</span> 
     </span>
     <span class='ocr_line' id='line_1_57' title="bbox 784 2073 1440 2124; baseline 0.002 -13"><span class='ocrx_word' id='word_1_285' title='bbox 784 2086 866 2111; x_wconf 82' lang='lat' dir='ltr'>esse</span> <span class='ocrx_word' id='word_1_286' title='bbox 900 2073 976 2110; x_wconf 89' lang='lat' dir='ltr'>vult</span> <span class='ocrx_word' id='word_1_287' title='bbox 1011 2073 1301 2123; x_wconf 42' lang='lat' dir='ltr'>W‘Vesselingiuffi</span> <span class='ocrx_word' id='word_1_288' title='bbox 1328 2087 1440 2124; x_wconf 93' lang='lat' dir='ltr'>quum</span> 
     </span>
     <span class='ocr_line' id='line_1_58' title="bbox 783 2127 1438 2180; baseline 0.005 -14"><span class='ocrx_word' id='word_1_289' title='bbox 783 2129 878 2167; x_wconf 84' lang='lat' dir='ltr'>idem</span> <span class='ocrx_word' id='word_1_290' title='bbox 891 2133 994 2167; x_wconf 85' lang='lat' dir='ltr'>notet</span> <span class='ocrx_word' id='word_1_291' title='bbox 1005 2133 1115 2179; x_wconf 80' lang='lat' dir='ltr'>atque</span> <span class='ocrx_word' id='word_1_292' title='bbox 1135 2127 1321 2178; x_wconf 79' lang='grc' dir='ltr'><strong><em>εὔτυκτα,</em></strong></span> <span class='ocrx_word' id='word_1_293' title='bbox 1337 2132 1438 2180; x_wconf 89' lang='lat' dir='ltr'>quod</span> 
     </span>
     <span class='ocr_line' id='line_1_59' title="bbox 781 2187 1441 2238; baseline 0.003 -15"><span class='ocrx_word' id='word_1_294' title='bbox 781 2187 899 2236; x_wconf 86' lang='lat' dir='ltr'>ipsum</span> <span class='ocrx_word' id='word_1_295' title='bbox 927 2199 949 2223; x_wconf 88' lang='lat' dir='ltr'>a</span> <span class='ocrx_word' id='word_1_296' title='bbox 967 2187 1222 2224; x_wconf 83' lang='lat' dir='ltr'>Grammaticis</span> <span class='ocrx_word' id='word_1_297' title='bbox 1247 2188 1441 2238; x_wconf 81' lang='lat' dir='ltr'>exponitur</span> 
     </span>
     <span class='ocr_line' id='line_1_60' title="bbox 777 2242 1437 2294; baseline 0.006 -15"><span class='ocrx_word' id='word_1_298' title='bbox 777 2243 953 2280; x_wconf 84' lang='lat' dir='ltr'>vocabulo</span> <span class='ocrx_word' id='word_1_299' title='bbox 982 2242 1132 2294; x_wconf 78' lang='grc' dir='ltr'><strong><em>ἑτοῖμα.</em></strong></span> <span class='ocrx_word' id='word_1_300' title='bbox 1197 2244 1279 2282; x_wconf 88' lang='lat' dir='ltr'>Nec</span> <span class='ocrx_word' id='word_1_301' title='bbox 1313 2249 1437 2283; x_wconf 87' lang='lat' dir='ltr'>tamen</span> 
     </span>
     <span class='ocr_line' id='line_1_61' title="bbox 777 2300 1436 2350; baseline 0.005 -14"><span class='ocrx_word' id='word_1_302' title='bbox 777 2300 861 2337; x_wconf 84' lang='lat' dir='ltr'>talis</span> <span class='ocrx_word' id='word_1_303' title='bbox 892 2300 996 2350; x_wconf 89' lang='lat' dir='ltr'>copia</span> <span class='ocrx_word' id='word_1_304' title='bbox 1019 2300 1197 2338; x_wconf 85' lang='lat' dir='ltr'>sermonis</span> <span class='ocrx_word' id='word_1_305' title='bbox 1213 2301 1249 2337; x_wconf 91' lang='lat' dir='ltr'>in</span> <span class='ocrx_word' id='word_1_306' title='bbox 1261 2301 1436 2339; x_wconf 85' lang='lat' dir='ltr'>Herodo-</span> 
     </span>
     <span class='ocr_line' id='line_1_62' title="bbox 777 2357 1436 2405; baseline 0.005 -12"><span class='ocrx_word' id='word_1_307' title='bbox 777 2360 816 2394; x_wconf 84' lang='lat' dir='ltr'>to</span> <span class='ocrx_word' id='word_1_308' title='bbox 843 2369 912 2393; x_wconf 86' lang='lat' dir='ltr'>nos</span> <span class='ocrx_word' id='word_1_309' title='bbox 936 2357 1127 2395; x_wconf 83' lang='lat' dir='ltr'>offendere</span> <span class='ocrx_word' id='word_1_310' title='bbox 1155 2358 1311 2405; x_wconf 87' lang='lat' dir='ltr'>debere,</span> <span class='ocrx_word' id='word_1_311' title='bbox 1340 2358 1436 2396; x_wconf 84' lang='lat' dir='ltr'>bene</span> 
     </span>
     <span class='ocr_line' id='line_1_63' title="bbox 776 2413 1435 2463; baseline 0.002 -12"><span class='ocrx_word' id='word_1_312' title='bbox 776 2413 917 2451; x_wconf 85' lang='lat' dir='ltr'>monuit</span> <span class='ocrx_word' id='word_1_313' title='bbox 925 2413 1129 2463; x_wconf 80' lang='lat' dir='ltr'>Schweigh.</span> <span class='ocrx_word' id='word_1_314' title='bbox 1141 2413 1296 2452; x_wconf 88' lang='lat' dir='ltr'>laudans</span> <span class='ocrx_word' id='word_1_315' title='bbox 1304 2414 1435 2452; x_wconf 87' lang='lat' dir='ltr'>Nostri</span> 
     </span>
     <span class='ocr_line' id='line_1_64' title="bbox 774 2469 1435 2535; baseline 0.006 -28"><span class='ocrx_word' id='word_1_316' title='bbox 774 2469 952 2518; x_wconf 79' lang='lat'>1‚123:</span> <span class='ocrx_word' id='word_1_317' title='bbox 1011 2470 1346 2535; x_wconf 83' lang='grc' dir='ltr'><strong><em>κατειργασμένου</em></strong></span> <span class='ocrx_word' id='word_1_318' title='bbox 1390 2469 1435 2511; x_wconf 83' lang='grc' dir='ltr'>δὲ</span> 
     </span>
     <span class='ocr_line' id='line_1_65' title="bbox 772 2522 1432 2579; baseline 0.005 -14"><span class='ocrx_word' id='word_1_319' title='bbox 772 2522 918 2566; x_wconf 89' lang='grc' dir='ltr'><strong><em>τούτου</em></strong></span> <span class='ocrx_word' id='word_1_320' title='bbox 963 2525 1031 2566; x_wconf 84' lang='grc' dir='ltr'>καὶ</span> <span class='ocrx_word' id='word_1_321' title='bbox 1073 2523 1208 2575; x_wconf 77' lang='grc' dir='ltr'><strong><em>ἐόντος</em></strong></span> <span class='ocrx_word' id='word_1_322' title='bbox 1258 2526 1432 2579; x_wconf 81' lang='grc' dir='ltr'><strong><em>ἑτοίμου.</em></strong></span> 
     </span>
     <span class='ocr_line' id='line_1_66' title="bbox 772 2584 1435 2633; baseline 0.005 -12"><span class='ocrx_word' id='word_1_323' title='bbox 772 2584 863 2621; x_wconf 86' lang='lat' dir='ltr'>Inde</span> <span class='ocrx_word' id='word_1_324' title='bbox 883 2587 980 2622; x_wconf 85' lang='lat' dir='ltr'>recte</span> <span class='ocrx_word' id='word_1_325' title='bbox 1007 2585 1177 2622; x_wconf 84' lang='lat' dir='ltr'>verteris.</span> <span class='ocrx_word' id='word_1_326' title='bbox 1207 2614 1232 2633; x_wconf 85' lang='lat'>„</span> <span class='ocrx_word' id='word_1_327' title='bbox 1246 2585 1350 2628; x_wconf 76' lang='lat' dir='ltr'>Quae</span> <span class='ocrx_word' id='word_1_328' title='bbox 1369 2585 1435 2624; x_wconf 80' lang='lat' dir='ltr'>ubi</span> 
     </span>
     <span class='ocr_line' id='line_1_67' title="bbox 771 2641 1430 2692; baseline 0.005 -15"><span class='ocrx_word' id='word_1_329' title='bbox 771 2641 851 2678; x_wconf 84' lang='lat' dir='ltr'>bene</span> <span class='ocrx_word' id='word_1_330' title='bbox 863 2645 1083 2691; x_wconf 78' lang='lat' dir='ltr'>praeparata</span> <span class='ocrx_word' id='word_1_331' title='bbox 1102 2646 1231 2689; x_wconf 67' lang='lat' dir='ltr'>essent,</span> <span class='ocrx_word' id='word_1_332' title='bbox 1260 2655 1299 2679; x_wconf 82' lang='lat' dir='ltr'>m</span> <span class='ocrx_word' id='word_1_333' title='bbox 1309 2655 1430 2692; x_wconf 81' lang='lat' dir='ltr'>prom-</span> 
     </span>
     <span class='ocr_line' id='line_1_68' title="bbox 767 2698 1431 2748; baseline 0.008 -14"><span class='ocrx_word' id='word_1_334' title='bbox 767 2702 834 2748; x_wconf 83' lang='lat' dir='ltr'>ptu</span> <span class='ocrx_word' id='word_1_335' title='bbox 861 2698 922 2735; x_wconf 76' lang='lat' dir='ltr'>ille</span> <span class='ocrx_word' id='word_1_336' title='bbox 954 2698 1117 2736; x_wconf 76' lang='lat' dir='ltr'>habuit.“</span> <span class='ocrx_word' id='word_1_337' title='bbox 1174 2699 1234 2737; x_wconf 89' lang='lat' dir='ltr'>De</span> <span class='ocrx_word' id='word_1_338' title='bbox 1267 2698 1353 2739; x_wconf 82' lang='grc' dir='ltr'><strong><em>ἐπεί</em></strong></span> <span class='ocrx_word' id='word_1_339' title='bbox 1389 2714 1431 2739; x_wconf 87' lang='grc' dir='ltr'>τε</span> 
     </span>
     <span class='ocr_line' id='line_1_69' title="bbox 771 2755 1430 2806; baseline 0.003 -15"><span class='ocrx_word' id='word_1_340' title='bbox 771 2755 808 2792; x_wconf 89' lang='lat' dir='ltr'>in</span> <span class='ocrx_word' id='word_1_341' title='bbox 841 2768 971 2805; x_wconf 84' lang='lat' dir='ltr'>seqq.,</span> <span class='ocrx_word' id='word_1_342' title='bbox 1021 2755 1125 2804; x_wconf 88' lang='lat' dir='ltr'>quod</span> <span class='ocrx_word' id='word_1_343' title='bbox 1151 2755 1259 2793; x_wconf 88' lang='lat' dir='ltr'>Iones</span> <span class='ocrx_word' id='word_1_344' title='bbox 1290 2769 1430 2806; x_wconf 87' lang='lat' dir='ltr'>ponere</span> 
     </span>
     <span class='ocr_line' id='line_1_70' title="bbox 772 2811 1429 2863; baseline 0.005 -16"><span class='ocrx_word' id='word_1_345' title='bbox 772 2811 892 2849; x_wconf 85' lang='lat' dir='ltr'>solent</span> <span class='ocrx_word' id='word_1_346' title='bbox 912 2811 991 2848; x_wconf 91' lang='lat' dir='ltr'>loco</span> <span class='ocrx_word' id='word_1_347' title='bbox 1022 2811 1194 2862; x_wconf 83' lang='lat' dir='ltr'>simplicis</span> <span class='ocrx_word' id='word_1_348' title='bbox 1225 2811 1429 2863; x_wconf 84' lang='lat' dir='ltr'>particulae</span> 
     </span>
     <span class='ocr_line' id='line_1_71' title="bbox 771 2866 1426 2917; baseline 0 -11"><span class='ocrx_word' id='word_1_349' title='bbox 771 2866 878 2915; x_wconf 74' lang='grc' dir='ltr'><strong><em>ἐπεὶ,</em></strong></span> <span class='ocrx_word' id='word_1_350' title='bbox 906 2867 1059 2905; x_wconf 84' lang='lat' dir='ltr'>laudant</span> <span class='ocrx_word' id='word_1_351' title='bbox 1079 2869 1237 2917; x_wconf 83' lang='lat' dir='ltr'>Gregor.</span> <span class='ocrx_word' id='word_1_352' title='bbox 1260 2868 1426 2906; x_wconf 81' lang='lat' dir='ltr'>Corinth.</span> 
     </span>
    </p>
   </div>
   <div class='ocr_carea' id='block_1_21' title="bbox 771 2922 1378 2977">
    <p class='ocr_par' dir='ltr' id='par_1_22' title="bbox 771 2922 1378 2977">
     <span class='ocr_line' id='line_1_72' title="bbox 771 2922 1378 2977; baseline -0.002 -14"><span class='ocrx_word' id='word_1_353' title='bbox 771 2922 867 2963; x_wconf 84' lang='lat' dir='ltr'>Dial.</span> <span class='ocrx_word' id='word_1_354' title='bbox 889 2923 967 2962; x_wconf 86' lang='lat' dir='ltr'>Ion.</span> <span class='ocrx_word' id='word_1_355' title='bbox 988 2922 1025 2977; x_wconf 62' lang='grc' dir='ltr'>ἓ.</span> <span class='ocrx_word' id='word_1_356' title='bbox 1044 2927 1099 2967; x_wconf 83' lang='grc'>26</span> <span class='ocrx_word' id='word_1_357' title='bbox 1120 2925 1244 2976; x_wconf 89' lang='lat' dir='ltr'>ibique</span> <span class='ocrx_word' id='word_1_358' title='bbox 1258 2925 1378 2963; x_wconf 88' lang='lat' dir='ltr'>Koen.</span> 
     </span>
    </p>
   </div>
  </div>
 </body>
</html>
