1814 3315
653 244 962 285 cL10.1.

1366 248 1450 289 175

178 356 391 416 9,μηδοιμοὲ
419 356 600 412 μέζονας
629 353 900 411 ἀνθρώπους
926 356 1017 399 τῶν
1045 358 1154 407 νῦν,
1197 354 1344 416 οἷνῷξα
1372 354 1448 399 αὗ-

177 438 313 496 ,,τὴν,
356 435 430 480 καὶ
467 434 585 479 εἶδον
621 434 700 479 τόν
737 433 900 489 νεκρὸν
938 433 1069 492 μήκεϊ
1106 433 1206 478 ἴσον
1235 436 1364 480 ἐόντα
1394 439 1450 493 τῇ

142 520 165 558 4
175 550 201 570 ,,
213 519 342 574 σορῷ.

115 703 242 754 στίης)
282 707 407 740 monet
436 700 569 739 Matth.
606 699 643 753 ἓ.
677 700 773 750 534,

112 762 159 807 4,
191 763 216 801 6
244 773 281 810 p.
305 759 424 800 1048.

169 813 333 868 μηδαμοὶ
368 815 497 867 scripsi
532 827 612 853 cum
654 815 773 853 Gaisf.

111 887 178 925 pro
207 873 356 921 vulgato
392 873 569 923 μηόημᾶ.
599 871 711 909 Conf.
740 873 771 920 I,

112 932 178 972 56.
219 929 310 966 Mox
343 925 481 984 ἆνῷξα
508 929 670 966 Ionicum
702 933 772 977 est,

112 1000 192 1024 cum
220 987 257 1023 in
287 988 466 1024 communi
490 986 643 1024 dialecto
667 990 774 1024 sonet

637 1041 770 1080 Matth.

113 1040 270 1097 ἆνέῳξα
286 1071 297 1090 ,
367 1043 584 1081 observante

113 1098 151 1151 ἓ,
176 1102 256 1141 168
276 1103 350 1158 not.
374 1102 396 1140 1
419 1113 456 1150 p.
478 1101 572 1142 305.

166 1156 234 1195 καὶ
262 1156 369 1195 εἶδον
391 1154 462 1196 τὸν
494 1152 632 1206 νεκρὸν
653 1151 776 1207 μήκεϊ

111 1209 199 1253 ἴσον
228 1210 338 1253 ἐόντα
363 1215 414 1267 τῇ
442 1212 563 1268 σορῷ]
593 1213 696 1250 Idem
724 1213 772 1249 de

113 1270 256 1308 Orestis
282 1270 457 1308 cadavere
486 1275 628 1320 septem
669 1269 770 1306 cubi-

109 1331 227 1364 torum
262 1327 423 1364 referunt
449 1326 595 1363 Solinus
621 1325 769 1374 Polyhi-

107 1388 195 1420 stor.
216 1382 255 1429 I,
278 1385 304 1423 7
330 1396 367 1433 p.
388 1384 441 1424 31
473 1383 566 1433 (qui
586 1395 659 1432 quo
679 1395 767 1432 pro-

108 1440 191 1487 bet,
229 1440 302 1476 duo
330 1439 494 1489 exempla
526 1442 668 1490 profert
698 1438 766 1475 ho-

105 1496 242 1533 minum
287 1496 478 1534 duodecim
522 1497 689 1547 pedum)
728 1499 765 1534 et

104 1551 311 1590 Philostrat.
358 1553 395 1590 in
443 1551 612 1591 Heroicc.
652 1553 691 1602 I,
738 1556 765 1594 2

103 1622 140 1660 p.
173 1611 254 1650 668
290 1608 348 1646 Ol.
382 1624 420 1661 p.
465 1612 519 1651 28
546 1611 669 1648 Boiss.
705 1609 765 1647 hic

105 1666 213 1703 etiam
227 1666 368 1703 addens
387 1665 507 1704 Aiacis
525 1668 681 1705 cadaver
697 1679 766 1703 un-

103 1722 220 1760 decim
241 1723 450 1760 cubitorum.
491 1723 574 1761 Nec
596 1723 666 1761 alia
698 1724 764 1760 de-

100 1782 186 1816 sunt
214 1779 400 1829 exempla,
448 1781 581 1830 quibus
620 1784 764 1818 veteres

100 1835 231 1873 heroas
261 1835 417 1874 maiores
435 1836 617 1887 perhiberi
644 1840 763 1874 statu-

99 1892 140 1929 ra
161 1904 203 1929 ac
220 1892 376 1931 vastiore
400 1888 553 1943 corpoffi
572 1894 762 1944 praeditos

100 1949 330 1986 manifestum
361 1950 413 1986 fit.
445 1949 527 1987 vid.
550 1951 662 1988 modo
691 1949 760 1986 Ar-

101 2005 185 2042 nob.
214 2006 314 2043 advs.
346 2009 446 2056 gent.
466 2006 513 2054 II,
538 2007 592 2048 75
617 2021 654 2058 p.
678 2006 758 2049 105

99 2061 185 2111 ibiq.
215 2063 338 2100 adnot.
370 2062 452 2100 Vol.
480 2063 575 2113 Hp.
611 2066 691 2105 113
723 2066 761 2101 et

99 2130 195 2168 quae
223 2119 271 2156 ad
297 2119 508 2157 Philostrati
536 2119 655 2158 locum
673 2134 760 2171 pro-

97 2174 255 2212 tulerunt
271 2176 337 2212 viri
358 2176 453 2214 docti
466 2206 477 2225 ‚
505 2176 681 2215 laudante
695 2177 758 2214 Cr.

98 2231 137 2268 in
167 2231 388 2272 Commentt.
414 2233 557 2271 Herod.
599 2248 636 2285 p.
662 2236 758 2275 301.

98 2286 219 2338 Atque
303 2302 531 2328 communem
596 2295 760 2329 veterum

99 2344 323 2384 Graecorum
369 2347 485 2385 fuisse
530 2347 760 2398 superstitio-

97 2412 203 2449 nem,
233 2415 305 2452 qua
327 2403 458 2454 prioris
485 2404 565 2442 aevi
592 2404 757 2442 homines

97 2458 226 2495 maiori
280 2463 317 2497 et
362 2460 557 2498 robustiori
603 2474 758 2512 corpore

96 2514 210 2552 fuisse
231 2517 443 2564 crederent,
478 2530 522 2555 ex
548 2517 616 2555 hac
636 2518 759 2556 Hero-

98 2569 208 2608 dotea
262 2574 470 2611 narratione
526 2575 756 2624 potissimum

99 2624 242 2675 collegit
259 2627 448 2667 Bredowa
468 2629 757 2681 Untersuchung

98 2680 188 2719 hbet
214 2683 375 2723 einzelne
399 2687 665 2735 Gegenst³in‹le
690 2689 757 2726 der

98 2735 197 2774 alten
223 2739 426 2780 Geschicht.
468 2756 504 2780 u.
540 2744 754 2795 Geograph.

97 2805 135 2842 p
173 2792 238 2834 64.
282 2795 511 2836 Herodotum
545 2803 668 2839 tamen
696 2800 755 2838 vix

98 2848 184 2895 erit,
225 2852 322 2899 quod
359 2867 439 2892 cum
467 2855 586 2893 Gellio
626 2856 752 2894 Noctt.

98 2901 174 2942 Ast·
198 2905 269 2955 ῙΠ,
310 2909 362 2950 10
397 2911 531 2950 idcirco
569 2912 753 2952 hominem

399 514 613 572 μετρήσας
656 514 725 570 δὲ,
773 513 998 572 συνέχωσα
1038 514 1221 561 ὀπίσω.“
1275 514 1326 559 Ὅ
1364 514 1444 572 μὲν

841 700 941 738 dicas
962 700 1272 740 confabulatorem
1285 729 1296 748 ‚
1333 713 1504 752 praeser-

839 758 905 795 tim
933 758 994 806 qui
1020 758 1182 796 retulerit
1201 772 1268 806 ea,
1303 770 1399 807 quae
1422 758 1502 808 ipse

840 814 893 851 sic
910 814 1045 851 tradita
1062 815 1253 853 invenerat
1276 819 1339 851 aut
1356 815 1403 852 ab
1423 814 1502 852 aliis

840 875 1041 921 acceperat.
1106 870 1161 909 Ac
1208 871 1265 910 vel
1310 871 1502 909 recentiori

840 932 961 965 aetate
982 928 1154 978 reperiri,
1171 940 1266 977 quae
1285 928 1397 966 fidem
1415 941 1503 965 con-

840 984 951 1022 ciliari
976 989 1113 1034 queant
1137 985 1359 1022 Herodoteis
1383 985 1501 1033 dictis,

839 1041 969 1079 merito
991 1042 1163 1079 admonet
1175 1041 1392 1079 Larcherus.
1414 1041 1503 1078 Plu-

839 1099 938 1135 ribus
979 1111 1127 1148 quoque
1166 1099 1214 1135 ad
1254 1098 1350 1135 hunc
1382 1097 1501 1135 locum

840 1155 1004 1205 disputat
1037 1155 1147 1192 Italus
1184 1154 1368 1192 Herodoti
1387 1154 1501 1192 inter-

838 1225 946 1262 preS,
982 1215 1059 1248 tum
1090 1223 1316 1248 communem
1342 1211 1501 1260 antiqui-

835 1269 921 1305 tatis
949 1269 1157 1317 opinionem
1194 1271 1500 1304 commonstrata-

834 1337 918 1372 rus,
949 1326 1022 1373 qua
1049 1329 1192 1362 veteres
1228 1325 1361 1361 heroas
1387 1337 1500 1362 vene-

832 1385 954 1428 retur,
1005 1381 1181 1418 maiorem
1220 1393 1330 1430 quam
1371 1381 1501 1418 huma-

833 1451 921 1475 nam
967 1437 1036 1474 illis
1073 1438 1268 1476 tribuendo
1308 1441 1499 1485 staturam,

833 1500 910 1532 tum
930 1494 1166 1532 Herodotum
1193 1495 1242 1532 ab
1270 1495 1369 1531 omni
1393 1507 1499 1532 accu-

833 1553 976 1589 satione
999 1551 1238 1598 liberaturus,
1277 1551 1416 1602 quippe
1436 1552 1499 1601 qui

833 1609 989 1659 scriptor
1026 1607 1186 1646 fabulam
1211 1608 1366 1645 multum
1392 1609 1499 1646 abest

835 1670 875 1702 ut
895 1666 976 1716 ipse
1002 1665 1201 1712 invenerit,
1230 1669 1271 1702 ut
1306 1664 1499 1703 Lacedae-

832 1722 1036 1759 moniorum
1055 1722 1301 1759 narrationem
1321 1721 1496 1768 retulerit,

831 1779 951 1829 ipsum
971 1779 1160 1817 ferrarium
1179 1780 1217 1815 in
1239 1791 1385 1816 scenam
1404 1791 1498 1827 qua-

831 1836 863 1872 si
884 1835 1095 1885 loquentem
1117 1835 1308 1883 inducens,
1331 1847 1498 1872 omnem-

830 1905 902 1942 que
920 1892 1141 1929 narrationis
1171 1896 1314 1943 partem
1346 1892 1497 1929 mirifice

830 1949 935 1998 quasi
989 1949 1163 1998 mitigans
1218 1949 1340 1986 verbis
1397 1948 1497 1986 hisce

829 2005 983 2044 ferrario
1015 2006 1180 2043 tributis.
1220 2002 1301 2045 υπὸ
1331 2002 1374 2044 δὲ
1403 2000 1496 2043 ἄπι-

831 2063 941 2113 στίης
982 2078 1036 2114 μη
1082 2060 1154 2114 μὲν
1194 2061 1384 2114 γενέσθαι
1423 2077 1496 2113 μη-

830 2116 937 2170 δαμοέ
962 2118 1127 2169 μέζονας
1151 2114 1397 2171 ἀνθρώπους
1415 2120 1495 2158 τῶν

829 2179 919 2215 νῦν.
947 2176 1017 2213 His
1039 2177 1209 2226 equidem
1239 2176 1327 2213 nihil
1356 2176 1496 2214 addere

828 2233 961 2280 habeo,
993 2234 1062 2270 nisi
1084 2233 1186 2280 illud,
1217 2233 1255 2270 in
1268 2233 1494 2279 narratione,

829 2303 923 2339 quae
953 2291 1053 2341 apud
1085 2289 1207 2327 Schol.
1238 2289 1391 2326 Aristid.
1422 2289 1445 2326 l.
1469 2289 1494 2327 l.

826 2347 983 2396 legitur,
1021 2360 1154 2385 novem
1190 2347 1313 2384 cubita
1349 2347 1494 2384 Orestis

826 2405 934 2441 tribui
963 2404 1144 2442 cadaveri.
1201 2403 1302 2440 Infra
1334 2402 1396 2450 II,
1438 2404 1493 2444 91

827 2460 944 2498 simile
961 2461 1148 2510 quoddam
1172 2461 1219 2498 de
1240 2460 1366 2498 Persei
1382 2459 1495 2497 vesti-

825 2518 887 2567 gio
917 2518 1023 2568 pedis
1053 2517 1165 2554 nimio
1201 2530 1293 2567 prae
1333 2517 1494 2554 humana

826 2578 966 2611 statura
995 2573 1162 2624 legimus.
1223 2573 1397 2621 „Similia
1445 2574 1494 2611 de

824 2631 1047 2681 „Sigurdo,
1090 2631 1300 2680 Siegefrido
1336 2630 1493 2679 aliisque

823 2688 897 2736 „in
944 2688 1213 2725 Germanorum
1265 2687 1492 2736 aliorumque

824 2744 1081 2792 „carminibus
1150 2743 1281 2795 priscis
1340 2744 1492 2793 prodita

823 2805 1049 2853 „comparat
1078 2815 1161 2838 cum
1191 2800 1291 2838 hisce
1317 2799 1492 2836 Herodo-

823 2857 929 2904 „teis
968 2857 1101 2895 Editor
1147 2869 1266 2894 novae
1316 2855 1488 2893 editionis

822 2913 998 2966 „operis:
1039 2913 1123 2953 The
1163 2913 1305 2962 history
1348 2912 1393 2949 of
1425 2910 1488 2948 the
