1759 3324
363 229 447 269 842

779 228 1246 267 HERODOTI

361 353 464 391 γας,
494 337 565 380 καὶ
601 337 653 380 τὰ
683 339 933 391 προπύλαια
964 338 1045 393 ἔχει
1077 337 1117 388 ἐς
1138 337 1250 388 ὕψος
1269 337 1371 381 δέκα
1394 336 1620 392 ὀργυιέων.

361 415 409 459 τό
441 415 485 459 δέ
516 434 591 472 μοι
620 421 707 459 τῶν
746 422 952 472 φανερῶν
996 421 1157 472 θῶυμα
1196 417 1399 472 μέγιστον
1438 416 1678 472 παρεχό-ὃο

330 503 350 536 5
361 512 495 551 μενον
509 528 519 547 ,
553 498 721 551 φράσω.

781 497 868 539 ἔστι
899 497 945 539 ἐν
974 500 1033 552 τῷ
1081 498 1244 551 τεμένεϊ
1280 495 1419 550 τούτῳ
1453 502 1622 552 Λητοῦς

358 575 462 630 νηὸς
493 575 533 625 ἐξ
564 574 660 625 ένὸς
689 577 819 618 λίθου
849 574 1161 630 πεποιημένος,
1209 575 1251 626 ἔς
1280 591 1322 618 τε
1353 574 1465 626 ὕψος
1485 609 1495 628 ,
1548 577 1622 619 καὶ

358 653 400 704 ἐς
428 657 587 709 μῆκος·
620 654 692 695 καὶ
722 659 865 708 τοῖχος
895 653 1072 704 ἕκαστος
1105 653 1299 697 τούτοισι
1330 657 1442 706 ἰ’σος·
1476 667 1618 698 τεσσε-

330 731 552 786 6ράκοντα
583 731 751 787 πηχέων
781 732 948 774 τούτων
979 730 1162 775 ἕκαστόν
1192 733 1291 776 ἐστι.
1330 734 1378 776 ‘co'
1413 733 1457 776 δὲ
1486 751 1619 776 κατα-

358 809 570 865 στέγασμα
601 815 674 865 τῆς
704 808 894 866 ὀροφῆς,
933 807 1062 860 ἄλλος
1092 809 1301 854 ἐπικέεται
1330 813 1482 863 λίθος,
1513 812 1619 868 ἔχων

300 1018 408 1054 etiam
432 1016 497 1053 sub
528 1016 589 1053 dio
619 1020 704 1054 ante
725 1016 860 1066 templa
890 1017 955 1054 ob—

299 1074 434 1111 viarum
493 1073 642 1121 eiusque
692 1074 953 1122 magnitudinis

299 1131 414 1166 causis
437 1129 541 1179 plura
563 1130 746 1179 disputat,
773 1130 955 1166 Herodoti

299 1187 407 1224 etiam
429 1191 596 1236 respectu
614 1186 759 1232 habito,
782 1186 954 1233 Ioma1·d.‚

300 1244 358 1279 ubi
402 1243 448 1280 de
480 1256 614 1291 magno
644 1242 782 1291 templo
805 1272 815 1289 ‚
853 1244 954 1292 quod

297 1298 543 1349 Apollinopoli
563 1311 696 1347 magna
708 1299 870 1347 (Edfou)
887 1304 954 1348 est,

298 1357 374 1404 agit
393 1356 429 1391 in
451 1356 620 1405 descript.
642 1356 688 1393 de
706 1355 799 1405 l'Eg.
812 1357 952 1405 antiqq.

297 1416 383 1448 tom.
406 1412 495 1461 Icp.
520 1412 544 1452 5
575 1425 660 1462 pag.
688 1413 750 1452 13.
808 1413 875 1449 Est
896 1413 953 1449 hic

296 1468 394 1505 locus
421 1470 578 1505 universe
612 1469 792 1505 tenendus
822 1470 870 1505 ad
896 1470 952 1505 in-

296 1523 531 1573 telligendam
568 1525 748 1562 rationem
798 1525 953 1575 templo-

295 1594 374 1617 rum
403 1581 667 1631 Aegyptiorum
681 1610 692 1628 ,
722 1582 769 1618 de
790 1594 861 1630 qua
883 1582 952 1618 ibi-

296 1638 380 1674 dem
420 1638 566 1675 disserit
597 1637 754 1675 Iomard.
789 1650 875 1688 pag.
899 1637 951 1679 14

296 1695 427 1743 seqq.“
458 1694 522 1732 Cr.
579 1730 581 1733 ,

351 1749 420 1788 καὶ
456 1747 504 1789 τὰ
539 1745 840 1801 προπύλαια
876 1748 950 1801 ἔχει

295 1805 335 1853 ές
355 1804 464 1856 ὕψος
488 1805 586 1846 δέκα
604 1801 821 1858 ὀργυιέων]
854 1822 949 1857 προ-

294 1860 443 1902 πύλαια
463 1877 558 1913 quae
586 1868 689 1910 sunt,
721 1864 872 1900 diximus
901 1864 950 1900 ad

294 1920 328 1956 ll
343 1950 354 1968 ‚
375 1923 440 1961 91.
460 1941 516 1947 -
537 1919 576 1966 ἐς
597 1915 706 1969 ὕψος
731 1920 824 1957 utin
845 1933 946 1969 seqq.

295 1975 342 2022 ἔς
376 1991 415 2014 τε
433 1972 544 2025 ὕψος
569 1975 636 2014 καὶ
665 1975 710 2022 ές
732 1979 882 2027 μῆκοςς
911 1982 951 2014 tu

295 2034 390 2069 conf.
411 2033 542 2070 Matth.
565 2033 630 2069 Gr.
651 2033 717 2069 Gr.
749 2046 834 2083 pag.
855 2033 948 2074 785.

294 2111 348 2116 -
379 2089 555 2126 Ulnarum
591 2103 618 2125 s.
649 2084 823 2140 ὀργυιῶν
849 2103 952 2126 men-

295 2158 413 2181 suram
432 2146 512 2195 ipse
534 2146 704 2183 indicaxit
733 2145 872 2183 Noster
901 2146 950 2193 ΙΙ,

297 2201 389 2241 149.

349 2254 393 2296 τό
441 2254 485 2294 δέ
523 2271 590 2306 μοι
627 2259 707 2295 τῶν
756 2259 947 2307 φανερῶν

293 2315 443 2362 θῶυμα
466 2311 661 2363 μέγιστον]
684 2313 797 2349 Haud
819 2314 948 2363 displi-

294 2382 376 2406 cere
398 2369 540 2405 videtur
560 2369 679 2404 Struv.
695 2382 790 2417 spec.
805 2374 945 2417 quaest.

274 2426 342 2462 ·de
359 2425 442 2461 dial.
464 2425 603 2462 Herod.
626 2427 725 2474 p.29
736 2429 824 2471 not„
848 2425 946 2473 quod

293 2486 438 2532 praeter
466 2485 551 2518 vett.
571 2481 750 2517 editiones
772 2481 844 2517 duo
867 2481 946 2518 libri

293 2537 472 2588 praebent
495 2537 637 2593 scripti:
662 2534 705 2575 τό
724 2535 765 2575 δέ
781 2551 848 2586 μοι
865 2551 946 2575 των

295 2595 481 2644 φανερῶν
500 2594 525 2642 ἡ
540 2607 563 2630 ν
585 2595 734 2641 θωυμα
753 2591 833 2644 μέγ.
838 2622 848 2640 ,
866 2606 946 2630 cum

293 2650 364 2687 hoc
384 2650 527 2687 dicendi
543 2662 658 2697 genus
670 2648 807 2686 Nostro
820 2650 946 2685 admo-

295 2707 382 2743 dum
403 2706 448 2743 sit
464 2707 648 2755 frequens.
707 2705 790 2742 Vid.
815 2705 864 2741 ibi
895 2705 949 2742 al-

295 2762 379 2799 lata.

351 2815 509 2868 πηχέων
526 2812 704 2867 τούτων]
745 2816 799 2853 Ita
821 2816 946 2866 scripsi

297 2874 482 2912 Gaisford.
504 2878 658 2913 secutus.
694 2872 812 2921 Vulgo
832 2872 946 2911 male:

1024 1013 1183 1067 πηχέων
1205 1015 1410 1056 τουτέων.
1429 1039 1484 1046 —
1512 1017 1572 1056 Ne
1590 1017 1675 1058 ἕκα-

1025 1085 1141 1120 στον,
1172 1074 1273 1123 quod
1301 1075 1471 1111 continuo
1501 1077 1674 1124 sequitur,

1023 1130 1060 1166 in
1089 1128 1250 1176 ἕκαστος
1279 1136 1437 1168 mutetur
1455 1160 1466 1178 ,
1504 1133 1675 1181 quoniam

1023 1187 1072 1223 ad
1090 1190 1219 1237 τοῖχος
1237 1191 1381 1237 spectat
1393 1216 1403 1232 ‚
1421 1189 1566 1225 obstant
1587 1201 1675 1226 sane

1022 1242 1101 1279 libri
1123 1243 1269 1293 scripti,
1301 1257 1453 1292 quorum
1481 1245 1674 1282 auctoritas

1021 1300 1273 1349 praeferenda.
1332 1300 1473 1337 Mavult
1491 1301 1676 1350 Schweig-

1021 1356 1215 1394 haeuserus
1242 1357 1376 1393 referre
1405 1357 1453 1393 ad
1480 1359 1610 1407 μῆκος
1639 1362 1676 1395 et

1022 1408 1153 1461 ὕψοςς
1183 1417 1220 1450 et
1244 1414 1377 1462 poterit
1403 1414 1526 1462 utique
1551 1414 1674 1450 subin-

1021 1468 1138 1517 telligi
1157 1471 1302 1515 κῶλον,
1327 1470 1425 1517 quod
1443 1471 1674 1507 antecedenti

1019 1528 1150 1575 τοῖχος
1181 1526 1453 1574 quodammodo
1488 1527 1674 1563 continea-

1021 1585 1091 1618 tur.

1076 1634 1120 1676 τὸ
1141 1634 1183 1676 δέ
1200 1634 1495 1688 καταστέγασμα
1505 1639 1576 1687 τῆς
1588 1632 1671 1689 ὄρο-

1020 1695 1124 1744 φῆς,
1167 1690 1284 1740 ἄλλος
1313 1692 1505 1732 ἐπικέεται
1533 1693 1671 1744 λίθος]

1019 1750 1077 1788 De
1095 1755 1275 1787 structura
1301 1754 1426 1787 monet
1452 1749 1582 1787 Matth.
1606 1751 1672 1788 Gr.

1019 1808 1085 1844 Gr.
1106 1820 1192 1857 pag.
1213 1809 1307 1847 791.
1365 1806 1448 1844 Dici
1479 1807 1574 1843 enim
1603 1807 1673 1844 hoc

1017 1877 1107 1914 pro:
1136 1860 1179 1902 τὸ
1202 1860 1243 1901 δὲ
1259 1859 1554 1914 καταστέγασμα
1567 1862 1671 1902 ἐστιν

1020 1917 1136 1966 α’λλος
1156 1920 1273 1965 λίθος
1298 1918 1423 1958 ε’πικει
1412 1920 1557 1970 ι’.μενος

1077 1975 1175 2026 ε’χων
1216 1991 1292 2026 την
1322 1976 1587 2028 παρωροφίδα
1613 1989 1668 2014 τε-

1018 2029 1236 2084 τράπηχυν]
1269 2031 1507 2083 παρωροφὶς
1533 2032 1670 2069 Polluci

1018 2090 1058 2137 I,
1076 2092 1128 2130 81
1157 2094 1213 2127 est
1240 2086 1282 2128 τὸ
1311 2086 1454 2139 μεταξυ
1477 2091 1550 2128 τοῦ
1581 2084 1670 2138 ὄρθ’-

1020 2161 1100 2194 φου
1118 2144 1185 2184 καὶ
1206 2148 1278 2184 τοῦ
1298 2157 1361 2184 στε
1345 2144 1469 2196 ’.γους
1520 2146 1669 2182 wesse-

1018 2202 1149 2250 lingius
1181 2203 1266 2239 inde
1296 2202 1444 2251 exponit
1470 2203 1667 2250 prominen-

1017 2261 1105 2295 tiam
1124 2260 1199 2296 τοῦ
1214 2253 1580 2308 καταστεγάσματος
1593 2258 1668 2294 sive

1015 2315 1115 2363 quod
1145 2311 1252 2364 παραὶ
1278 2310 1348 2352 τόν
1378 2310 1528 2361 ὄροφον
1551 2314 1668 2363 porri-

1015 2370 1179 2418 gebatur.
1200 2371 1317 2413 Quem
1329 2375 1470 2406 secutus
1483 2370 1668 2419 Schweig-

1015 2426 1211 2463 haeuserus
1242 2427 1278 2462 in
1314 2425 1382 2463 lex.
1411 2426 1551 2464 Herod.
1582 2440 1610 2463 s.
1631 2438 1667 2463 V.

1014 2481 1137 2519 reddit
1167 2494 1261 2518 oram
1289 2484 1373 2518 tecti
1411 2496 1438 2518 s.
1471 2495 1546 2519 eam
1582 2484 1668 2519 tecti

1008 2541 1158 2587 partem,
1181 2551 1268 2587 quae
1282 2543 1421 2587 praeter
1437 2551 1571 2575 murum
1582 2551 1666 2588 pro-

1014 2596 1129 2630 minet.
1203 2594 1390 2631 Letronne
1426 2595 1663 2642 (recherches

1015 2663 1107 2699 pour
1125 2651 1235 2687 servir
1253 2652 1275 2687 a
1304 2651 1474 2688 l'histoire
1501 2651 1547 2688 de
1566 2650 1662 2699 l’Eg.

1015 2718 1100 2756 pag.
1113 2709 1186 2754 80)
1207 2708 1483 2756 interpretatur:
1504 2706 1566 2753 „la
1589 2719 1664 2743 cor-

1014 2762 1114 2799 m'clae
1133 2790 1144 2808 ‚
1195 2764 1256 2811 qui
1286 2764 1377 2800 dans
1407 2762 1664 2800 l'architecture

1014 2818 1255 2867 egyptienue‚
1292 2819 1490 2868 comprend
1519 2818 1555 2855 la
1579 2831 1662 2868 par-

1015 2874 1088 2911 tiee
1115 2874 1238 2925 placee
1267 2875 1479 2913 au-dessus
1514 2875 1563 2911 du
1583 2879 1663 2913 tore
