1759 3324
501 278 923 320 EUTERPE.
982 279 1027 315 II.

1315 279 1400 320 853

138 396 220 451 βίῳ
258 394 405 449 κόλπῳ
444 391 510 434 ἐπὶ
548 393 601 445 τῇ
635 387 832 445 Ἐρυθρῇ
868 386 1089 444 θαλάσσῃ·
1148 390 1237 430 τῶν
1266 387 1327 430 ἔτι
1357 389 1401 431 οἱ

107 472 260 517 Ξὸλκοὶ
285 472 490 527 ἐπίδηλοι.
523 468 594 512 καὶ
624 466 806 524 ταύτῃσί
841 483 886 510 τε
925 467 1078 523 ἐχρᾶτο
1103 466 1151 510 ἐν
1180 470 1242 523 τῷ
1272 467 1398 510 δέον-

133 568 194 595 τι·
224 550 297 594 καὶ
316 548 508 605 Σύροισι
535 550 641 604 πεζῇ
672 545 695 591 ὁ
716 545 869 597 Νεκῶς
891 545 1127 602 συμβαλών
1147 546 1194 589 ἓν
1211 544 1398 602 Μαγδό-

133 635 194 687 λῳ
223 628 412 684 ἐνίκησε·
445 625 550 683 μετά
581 626 627 670 δὲ
656 625 734 682 τὴν
764 625 927 682 μάχην,
957 623 1156 669 Κάδυτιν
1174 622 1304 668 πόλιν
1321 628 1396 681 τῆς
1409 632 1454 666 50

101 709 298 764 3Συρίης
327 707 488 752 ἐοῦσαν
516 704 709 762 μεγάλην
739 702 835 749 εἷλε.
879 705 927 748 ἐν
958 708 1011 762 τῇ
1042 704 1088 748 δὲ
1118 704 1270 761 ἐσθῆτι
1299 704 1406 747 ἔτυ-

128 804 173 844 χε
202 791 340 831 ταῦτα
375 784 772 842 κατεργασάμενος,
823 782 1010 841 ἀνέθηκε
1045 787 1107 842 τῷ
1141 782 1394 835 Ἀπόλλωνι,

100 866 301 923 4πέμψας
338 865 382 918 ἐς
409 867 656 923 Βραγχίδας
692 864 769 915 τὰς
797 865 1041 920 Μιλησίων.
1087 864 1194 920 μετὰ
1224 863 1290 917 δὲ,
1323 863 1393 907 ἕκ-

69 1075 184 1113 Recte
209 1076 414 1124 intelligunt
439 1077 591 1111 triremes
609 1077 647 1112 in
669 1088 722 1112 se-

63 1132 296 1182 ptentrionale
311 1137 342 1169 et
360 1131 518 1168 australe
530 1145 622 1169 mare
639 1134 722 1169 mit-

68 1189 200 1225 tendas.
261 1189 369 1225 Conf.
395 1189 446 1234 ll,
472 1192 552 1230 162
572 1187 636 1226 ἐπὶ
654 1189 722 1239 βα-

70 1246 214 1297 σιληίῃ.
252 1245 312 1282 De
339 1244 474 1282 boreali
496 1245 584 1281 mari
604 1249 642 1282 et
659 1259 721 1281 rn-

68 1303 132 1338 bro
154 1302 222 1336 xid.
247 1307 321 1338 not.
339 1302 386 1338 ad
416 1302 468 1348 ΙΙ,
496 1303 575 1341 158
607 1306 644 1338 et
675 1302 722 1339 de

66 1359 162 1406 regis
187 1359 307 1394 studio
328 1358 523 1406 navigandi
542 1359 638 1395 conf.
657 1357 721 1404 IV,

66 1415 132 1455 42.
163 1437 217 1441 —
255 1414 315 1450 Ad
341 1412 449 1453 ὁλκοί
476 1414 611 1452 consul.
644 1419 720 1452 not.

66 1472 114 1508 ad
145 1471 199 1520 ΙΙ,
225 1470 303 1512 154
323 1471 386 1509 fin.

121 1581 189 1622 καὶ
209 1580 496 1635 Σύροισι-ἕν
510 1578 719 1637 Μαγδόλῳ

65 1639 245 1691 ἐνίκησε]
281 1640 391 1691 Syros
406 1640 440 1676 h.
459 1640 480 1676 l.
499 1640 618 1677 latiori
637 1653 721 1678 sen-

65 1710 127 1743 su,
158 1710 229 1745 quo
248 1696 351 1733 simul
371 1696 528 1746 Assyrii,
559 1696 719 1745 Babylo-

65 1754 137 1799 nii,
156 1753 300 1800 Iudaei,
328 1753 386 1789 alii
406 1753 718 1802 comprehendan-

65 1815 144 1856 tur,
182 1810 410 1858 accipiendos
441 1822 524 1847 esse
555 1810 612 1846 vix
640 1822 719 1846 mo-

64 1879 150 1903 nere
168 1866 310 1903 attinet.
368 1866 462 1902 Sunt
480 1879 565 1902 vero
594 1878 719 1903 sacrae

62 1921 211 1969 literae,
240 1935 260 1959 e
287 1922 415 1971 quibus
443 1922 606 1958 nonnihil
637 1922 718 1958 illu-

64 1979 168 2015 strari
213 1979 349 2028 poterit
388 1978 622 2016 Herodotus:
666 1978 717 2015 IV

63 2035 150 2083 (II)
187 2047 291 2084 regg.
330 2034 479 2082 XXIII,
520 2038 574 2076 29
613 2047 716 2084 seqq.

62 2090 96 2127 II
125 2091 280 2128 chronic.
327 2091 489 2138 XXXV,
526 2094 579 2132 20
610 2104 712 2140 seqq.

62 2147 244 2194 XXXVI,
273 2149 299 2187 3
329 2161 431 2196 seqq.
492 2148 581 2185 Inde
618 2149 713 2185 enim

60 2204 312 2252 intelligimus,
342 2203 561 2254 Aegyptium
592 2217 717 2253 regem

61 2260 327 2310 expeditionem
374 2265 500 2297 contra
546 2261 715 2309 Assyrios

61 2316 258 2354 instituisse
308 2317 533 2367 Euphratem
576 2331 712 2354 versus.

64 2372 147 2415 Quo
185 2386 265 2410 cum
300 2374 371 2410 iter
402 2386 469 2424 per
496 2374 712 2410 Iudaeorum

63 2432 195 2466 terram
215 2430 383 2477 duceret,
414 2429 549 2476 Iosias,
580 2431 711 2468 Iudae-

62 2497 164 2521 orum
188 2498 269 2534 rex,
306 2486 496 2536 Aegyptiis
521 2488 711 2524 transitum

62 2553 245 2579 recusasse
271 2543 434 2589 videtur,
456 2555 478 2579 a
505 2543 634 2591 quibus
655 2548 712 2580 ta-

62 2609 146 2633 men
178 2598 291 2635 victus
318 2600 365 2635 ad
390 2599 568 2648 Megiddo
593 2613 711 2650 prope

62 2657 222 2691 montem
245 2655 451 2692 Carmelum
482 2655 627 2693 vulnere
651 2669 711 2693 ac-

65 2713 171 2757 cepto
201 2711 279 2760 ipse
301 2712 401 2748 obiit.
459 2712 501 2748 ln
528 2713 626 2749 cuius
656 2712 711 2749 lo-

63 2777 143 2800 cum
161 2765 307 2803 Ioachas
326 2767 417 2804 filius
437 2780 458 2804 a
474 2767 611 2818 populo
624 2782 711 2805 con—

62 2820 206 2858 stitutus
242 2835 329 2870 rex,
375 2824 489 2861 tribus
528 2825 711 2862 mensibus

62 2877 312 2928 praeterlapsis
360 2880 406 2916 ab
446 2879 710 2930 Aegyptiorum

64 2944 151 2981 rege
167 2933 204 2970 in
228 2934 438 2986 Aegyptum
459 2936 636 2974 abductus
655 2942 711 2975 est

790 1087 1015 1123 regnumque
1033 1074 1138 1111 fratri
1162 1073 1316 1110 Ioiakim
1332 1072 1447 1109 tradi-

790 1136 876 1168 tum.
944 1131 1050 1174 Quae
1077 1131 1129 1167 ita
1159 1131 1301 1180 peregit
1330 1129 1448 1177 Neco,

790 1187 1053 1236 Aegyptiorum
1072 1199 1146 1233 rex,
1163 1190 1203 1223 ut
1224 1199 1368 1223 omnem
1390 1186 1448 1222 Iu-

791 1244 930 1281 daicam
961 1248 1095 1281 terram
1115 1272 1126 1290 ,
1165 1256 1211 1280 ne
1234 1242 1448 1290 Hierosoly-

791 1301 857 1337 mis
881 1301 1029 1348 quidem
1047 1299 1222 1349 exceptis,
1241 1300 1276 1335 in
1297 1312 1361 1335 sna
1379 1313 1447 1348 po·-

789 1361 925 1394 testate
952 1356 1050 1393 illum
1086 1356 1258 1392 habuisse
1291 1356 1447 1392 dubitari

788 1418 959 1462 nequeat.
1019 1413 1130 1457 Quod
1153 1413 1248 1449 enim
1270 1413 1446 1449 Hieroso-

788 1470 964 1518 lyinorum
985 1470 1123 1515 urbem,
1154 1469 1251 1506 cuius
1274 1480 1445 1519 expressa

789 1527 935 1575 quidem
965 1525 987 1562 l.
1021 1526 1043 1563 l.
1074 1524 1173 1562 nulla
1202 1525 1269 1562 fiat
1295 1525 1445 1572 mentio,

788 1596 810 1620 a
826 1583 978 1620 Necone
1010 1586 1154 1632 captam
1182 1586 1296 1630 negat
1319 1582 1445 1631 Heyse

787 1644 929 1688 quaest.
947 1639 1087 1676 Herod.
1109 1652 1193 1688 pag.
1207 1639 1274 1684 95,
1295 1639 1332 1674 id
1352 1651 1444 1687 quo-

785 1697 896 1732 modo
927 1709 1007 1732 cum
1032 1695 1172 1743 reliqua
1199 1707 1380 1731 sacrorum
1398 1694 1443 1730 li-

785 1753 933 1788 brorum
991 1752 1198 1789 narratione
1262 1750 1442 1788 conciliari

786 1814 918 1858 queat,
948 1808 1117 1856 equidem
1144 1808 1243 1844 haud
1268 1807 1441 1856 intelligo.

785 1865 941 1914 Reliqua
958 1864 1128 1914 Aegyptii
1158 1865 1257 1913 regis
1283 1865 1358 1900 fata
1375 1864 1442 1901 hac

785 1922 821 1958 in
841 1921 1074 1971 expeditione
1095 1921 1140 1957 ab
1161 1921 1354 1958 Herodoto
1366 1933 1440 1957 non

785 1979 998 2016 indicantur.
1059 1978 1135 2014 Sed
1163 1990 1205 2014 ex
1226 1977 1353 2014 iisdem
1381 1990 1440 2014 sa-

785 2034 852 2071 cris
872 2034 970 2070 libris
995 2034 1180 2080 novimus,
1209 2032 1397 2071 Neconem
1418 2046 1439 2070 a

782 2091 1148 2128 Nabuchodonosoro
1171 2090 1219 2127 ad
1241 2091 1438 2127 Circesium

783 2148 884 2183 iuxta
919 2147 1144 2196 Euphratem
1182 2148 1301 2183 susum
1334 2160 1439 2184 occu-

783 2205 919 2242 buisse.
979 2203 1060 2240 Vid.
1090 2203 1215 2240 Ierem.
1236 2203 1380 2250 XLVI,
1400 2207 1436 2245 2.

838 2281 880 2322 ἐν
903 2278 1158 2335 Μαγδόλῳ
1179 2280 1349 2332 ἐνίκησε]
1369 2283 1390 2319 i.
1405 2295 1436 2319 e.

781 2339 831 2376 ad
850 2338 1065 2387 Magdolam
1100 2340 1190 2376 vicit.
1250 2339 1358 2375 Conf.
1390 2338 1437 2386 II,

783 2399 861 2437 163
894 2396 980 2444 ibiq.
1006 2400 1082 2432 not.
1149 2395 1209 2433 De
1238 2396 1317 2445 ipsa
1347 2395 1437 2433 urbe

778 2453 882 2503 plura
916 2453 1180 2504 disputavimus
1218 2452 1255 2489 in
1285 2465 1437 2490 excursu

778 2510 826 2546 ad
856 2509 891 2546 h.
918 2509 941 2546 l.

836 2583 1074 2626 Κάδυτιν
1110 2584 1229 2627 πόλιν
1255 2589 1326 2637 τῆς
1355 2590 1436 2625 Συ-

780 2644 895 2696 ρίης]
929 2643 1176 2694 Hierosolyma
1197 2645 1436 2692 intelligenda

779 2715 860 2739 esse
879 2703 915 2738 in
932 2714 1082 2739 excursu
1102 2702 1149 2738 ad
1167 2701 1203 2739 h.
1215 2701 1236 2737 l.
1253 2705 1434 2738 monstra-

777 2759 905 2795 vimus.

834 2824 874 2872 ἐς
904 2824 1124 2878 Βραγχίδας
1156 2821 1226 2871 ‘1:025-
1260 2822 1433 2873 Iffillqoz'-

779 2881 852 2931 ων]
884 2882 967 2919 Vid.
996 2882 1136 2920 Herod.
1166 2881 1206 2928 l,
1225 2884 1280 2922 92
1311 2881 1434 2929 ibique

778 2943 855 2976 not.
