1805 3315
0 2941 2 3003 ι

591 231 812 270 CLIO.
870 232 897 269 I.
1343 237 1396 275 17

103 344 323 400 τύραννος
357 343 403 386 δὲ
431 338 597 386 ἐθνέων
629 344 718 385 τῶν
750 341 873 393 ἐντὸς
890 339 1051 392 Ἅλυος
1084 344 1307 397 ποταμοῦ·
1349 339 1444 393 ὂς9ο

109 425 218 481 ῥέων
242 420 326 465 οἷπὸ
363 421 631 477 μεσαμβρίης
664 420 824 477 μεταξὺ
856 420 1025 475 Σύρων
1057 421 1131 465 καὶ
1163 421 1400 478 Παφλαγό-

109 518 221 554 νων,
261 501 360 553 ἐξίει
388 498 500 556 πρὸς
528 502 665 556 βορῆν
700 498 863 556 ἄνεμον
895 500 938 550 ἐς
973 500 1051 544 τὸν
1081 499 1300 553 Εὔξεινον
1321 517 1401 544 κα·-

67 686 197 725 antichi
218 698 306 738 pag.
325 688 389 727 18.
434 685 538 723 Idem
564 685 723 735 denique

69 747 214 791 monet,
243 742 432 792 antiquum
452 741 641 791 Lydorum
659 757 722 781 τυ-

71 795 223 850 ράννου
242 812 378 837 nomen
409 799 523 837 fuisse
552 800 722 848 Λαίλας,

70 860 166 894 teste
191 855 378 906 Hesychio
412 869 441 892 s.
473 869 506 892 v.
539 860 576 894 et
608 857 724 893 Suida

71 927 100 950 s.
131 925 164 949 v.
205 913 287 950 coll.
319 912 507 950 Iablonski
545 912 645 951 Diss,
678 914 725 950 de

70 970 195 1018 lingua
222 968 383 1018 Lycaon.
411 969 449 1005 in
485 970 642 1020 Opuscc.
673 968 726 1005 ΙΙΙ

70 1040 108 1078 p.
129 1027 194 1066 88.
223 1025 406 1075 Equidem
431 1039 528 1062 nune
553 1026 726 1064 lectorem

71 1082 203 1131 ablego
224 1083 274 1120 ad
299 1084 486 1133 copiosam
515 1083 562 1120 de
583 1083 729 1133 tyranni

72 1152 161 1176 voce
192 1139 342 1187 eiusque
379 1140 527 1176 notione
562 1140 728 1189 disputa-

71 1195 209 1233 tionem
237 1195 364 1233 Eberti
395 1196 433 1232 in
467 1195 567 1233 Diss.
605 1194 728 1232 Sicull.

73 1265 110 1303 p·
133 1251 186 1294 55
208 1265 264 1301 sq

131 1330 186 1336 -—
205 1310 286 1346 τῶν
307 1304 419 1354 ἐντὸς
430 1302 581 1355 'Alvos
612 1322 730 1347 ποτα-

77 1377 177 1417 μου·
234 1361 280 1411 ὃς
322 1363 424 1413 ῥέων
462 1361 541 1404 οἷπὸ
581 1377 729 1416 μεσαμ-

77 1421 194 1473 βρίης
210 1418 355 1471 μεταξυ
376 1417 524 1473 Σύρων
552 1420 620 1460 καὶ
643 1424 729 1460 Ha-

77 1473 303 1530 φλαγόνων]
341 1478 453 1528 Apud
476 1479 618 1516 Arrian.
638 1479 731 1527 (Pe-

76 1534 157 1585 ripl.
183 1534 291 1572 Pont.
320 1535 450 1573 Euxin.
478 1549 515 1586 p.
548 1537 620 1585 17)
651 1549 733 1573 cum

77 1591 262 1640 legamus,
292 1591 414 1640 Halyn
439 1605 515 1629 non
536 1605 558 1629 a
578 1594 729 1631 meridie

77 1649 136 1696 (ut
171 1648 384 1685 Herodotus
422 1650 577 1697 tradit),
614 1650 681 1686 sed
710 1662 732 1686 a

77 1704 164 1742 solis
184 1709 265 1741 ortu
288 1704 382 1752 labi,
412 1706 505 1743 duos
536 1707 650 1744 fuisse
669 1719 731 1744 co-

77 1762 268 1810 gnomines
297 1761 449 1810 fluvios,
487 1762 638 1800 alterum
675 1763 731 1800 in-

75 1820 248 1856 fluentem
286 1818 324 1855 in
364 1818 537 1867 alter-mn,
577 1819 731 1857 alterum

76 1875 122 1912 ab
156 1875 297 1913 oriente
327 1875 599 1923 decurrentem,
640 1876 730 1913 alte-

76 1944 155 1968 rum
187 1944 210 1969 a
241 1932 416 1980 meridie,
454 1937 542 1983 post
579 1932 731 1969 Danvil-

75 1988 160 2025 lium
181 1988 306 2026 statuit
322 1988 495 2027 Larcher.
536 1990 643 2033 Quae
674 1994 730 2026 ta-

75 2058 160 2082 men
197 2045 300 2082 iustis
347 2046 547 2083 rationibus
591 2059 729 2094 carere,

76 2114 156 2139 cum
180 2115 272 2139 unus
302 2103 414 2139 modo
440 2104 488 2140 sit
516 2102 633 2151 Halys
662 2105 732 2140 flu-

74 2159 154 2195 vius
175 2171 197 2196 a
210 2159 374 2207 meridie,
401 2164 442 2197 ut
462 2160 604 2197 Herod.
625 2173 732 2197 enar-

74 2219 154 2263 rat,
193 2215 392 2264 delabens,
429 2217 555 2267 posuit
580 2217 732 2254 Benne-

75 2271 144 2308 lius
164 2272 322 2321 System.
353 2274 389 2310 d.
420 2274 560 2322 Geogr.
587 2274 729 2310 Herod.

74 2341 112 2378 p-
137 2327 220 2370 467
258 2330 318 2368 ed.
351 2343 495 2368 vernae.
525 2330 630 2367 Facit
660 2330 732 2366 hnc

74 2385 236 2435 inprimis
273 2386 403 2424 Nostri
442 2387 544 2424 locus
584 2387 623 2435 Ι,
661 2390 730 2434 72,

77 2441 139 2478 ubi
169 2443 290 2491 fluvii,
341 2444 405 2493 qui
440 2457 538 2481 nunc
582 2448 732 2480 vocatur

78 2497 207 2535 Hisil-
217 2498 359 2548 Irmal·‚
391 2514 517 2538 cursus
538 2500 731 2537 indicatur.

77 2554 155 2591 lam
176 2567 269 2604 quae
288 2557 360 2594 illic
379 2562 465 2595 sunt
475 2553 524 2596 τὰ
543 2572 650 2596 κατω
660 2559 734 2608 τῆς

75 2605 232 2661 Ἀσίη,ς
269 2615 398 2651 eadem
438 2614 474 2651 h.
504 2614 527 2651 l.
566 2615 733 2652 dicuntur

79 2664 126 2705 τοὶ
149 2665 259 2715 ἐντος
277 2666 423 2718 Ἀλυος
450 2671 472 2708 i.
499 2685 531 2710 e.
560 2684 604 2709 ea
623 2671 735 2707 Asiae

78 2723 226 2761 minoris
254 2737 363 2776 pars,
410 2740 506 2777 quae
536 2728 582 2765 ab
613 2726 736 2775 Halye

79 2779 303 2819 occidentem
319 2796 445 2822 versus
465 2785 537 2821 sita
558 2788 627 2831 est,
654 2784 736 2820 He-

78 2837 233 2884 rodoto,
271 2838 413 2877 Graeco
449 2840 587 2878 homini
626 2840 734 2888 eique

77 2892 391 2933 Halicarnassensi
447 2897 574 2948 utique
637 2900 735 2935 intra

133 2949 340 2990 Hnaonor.
372 2952 402 2989 l.

790 685 918 734 Halyn
944 685 1044 734 visa,
1087 691 1189 725 extra
1218 699 1328 737 quem
1362 685 1452 724 Asia

790 742 916 793 incipit
961 743 1138 792 superior.
1200 744 1312 795 Syros
1353 756 1448 794 quos

791 798 953 850 appellat
1001 799 1161 848 Noster,
1210 802 1299 838 alias
1338 801 1449 849 vulgo
1512 794 1532 811 ”

793 857 959 893 dicuntur
982 856 1224 906 Cappadoces,
1254 861 1349 895 teste
1368 857 1451 908 ipso

791 912 932 950 Herod.
954 912 992 960 I,
1023 916 1048 954 7
1052 917 1098 960 2,
1130 914 1192 950 ubi
1212 918 1335 951 tamen
1358 913 1451 963 legi-

790 973 850 1005 tur
870 964 1026 1019 Σύριοι.
1057 970 1153 1007 vide
1173 971 1220 1007 ad
1241 970 1276 1007 h.
1291 970 1313 1008 l.
1334 974 1451 1008 notat.

795 1025 826 1062 C
838 1039 866 1062 r.
893 1026 1050 1063 conferri
1064 1027 1163 1065 iubet
1182 1026 1341 1065 WVessel.
1359 1027 1453 1064 Pro-

793 1082 877 1119 bab.
897 1095 927 1118 c.
946 1085 984 1124 9.

849 1137 945 1185 ἐξίει
996 1135 1095 1189 πρὸς
1143 1138 1272 1190 βορῆν
1312 1134 1451 1188 niven]

797 1193 950 1232 Variant
967 1194 1069 1242 libri,
1098 1207 1252 1243 quorum
1272 1193 1332 1230 alii
1354 1193 1456 1245 ἐξίη-

801 1263 840 1290 σι
870 1251 939 1301 (ad
970 1251 1159 1300 vulgarem
1194 1251 1340 1288 dicendi
1365 1264 1455 1287 nor-

797 1309 937 1357 mam),
978 1307 1038 1344 alii
1076 1302 1185 1362 ἐξῄει
1221 1307 1320 1345 unde
1357 1307 1457 1359 apud

798 1365 1033 1402 Schaeseruin
1065 1363 1169 1412 ἐξιεῖ.
1213 1364 1324 1408 Quod
1350 1377 1452 1401 rece-

797 1422 918 1473 pimus
940 1420 1054 1470 ἐξὶει,
1085 1434 1129 1459 ex
1153 1419 1265 1468 ἐξιὲει
1286 1433 1352 1471 per
1370 1434 1458 1469 syn-

799 1492 918 1529 copen
938 1480 1132 1516 formatum
1159 1477 1235 1514 vult
1255 1477 1458 1526 Schweigh.

799 1536 837 1572 in
865 1539 941 1572 not.
959 1536 1008 1572 ad
1036 1534 1073 1582 l,
1103 1536 1196 1575 180.
1226 1534 1311 1571 Var.
1337 1533 1459 1572 Lectt.

798 1605 835 1642 p.
869 1595 962 1634 127.
999 1592 1212 1629 Buttmann.
1260 1590 1460 1638 (Gramm.

798 1648 882 1686 mai.
911 1649 929 1686 I
962 1662 999 1699 p.
1032 1648 1114 1690 557
1145 1651 1224 1685 not.
1250 1646 1329 1684 coll.
1353 1647 1458 1695 543)

799 1704 894 1753 ἐξίει
933 1706 1078 1742 tertiam
1126 1705 1213 1742 dicit
1253 1703 1459 1755 praesentis

797 1774 995 1813 personam
1023 1774 1045 1798 a
1066 1762 1178 1800 verbo
1203 1759 1335 1811 ἐξίημι
1370 1761 1459 1811 (pro

798 1818 964 1869 ἐξίησι).
1006 1817 1087 1856 Nec
1122 1817 1226 1855 aliter
1255 1817 1390 1854 Krebs.
1421 1816 1459 1853 in

796 1875 1024 1924 Programm.
1100 1873 1302 1922 Weilburg.
1373 1885 1459 1910 ann.

801 1934 909 1973 1826
933 1945 1006 1980 quo
1028 1931 1257 1968 continentur
1277 1930 1459 1979 quaedam

799 2001 843 2026 ex
864 1988 1031 2025 familiari
1048 1986 1351 2037 interpretatione
1377 1986 1459 2023 He·-

798 2046 879 2083 rod.
910 2058 948 2095 p.
980 2047 1043 2086 16.
1064 2043 1320 2094 Supplendum
1347 2055 1458 2080 vero:

798 2098 842 2141 τὸ
869 2097 980 2154 ὕδωρ
1000 2101 1057 2139 vel
1079 2100 1195 2138 simile
1214 2100 1326 2149 quid,
1356 2099 1459 2148 quod

798 2159 965 2196 additum
982 2158 1146 2196 videmus
1169 2158 1207 2193 in
1227 2155 1356 2193 Nostri
1375 2154 1457 2203 VII,

803 2218 903 2257 109:
932 2237 990 2243 —-
1019 2214 1059 2262 ἐς
1089 2211 1163 2264 τήν
1185 2211 1358 2263 ποταμοὶ
1380 2207 1458 2251 δύο

800 2272 1009 2311 εἰσιεῖσι
1036 2268 1079 2310 τὸ
1107 2268 1258 2322 ὕδωρ.
1277 2267 1459 2307 Cf.Lam-

800 2329 890 2366 bert.
924 2329 1013 2382 ῌοε.
1050 2329 1098 2366 de
1134 2327 1250 2377 ellip5.
1296 2339 1333 2376 p.
1362 2325 1458 2367 504.

798 2384 914 2423 Addit
972 2385 1002 2423 C
1019 2398 1047 2422 r.
1107 2382 1292 2435 Apollonii
1333 2382 1457 2419 Rhod.

799 2442 991 2479 Scholiast.
1025 2441 1140 2479 Paris.
1177 2441 1226 2477 ad
1262 2439 1326 2486 IV,
1355 2438 1459 2480 248:

796 2497 1004 2545 Ἑκαταῖος
1026 2495 1069 2537 δὲ
1088 2497 1238 2559 ἱστορεῖ
1255 2492 1309 2547 μὴ
1332 2493 1458 2534 ἔκδι-

801 2551 859 2595 δ
837 2569 954 2595 οναι
981 2555 1037 2602 εἰς
1055 2569 1130 2605 την
1159 2548 1372 2593 θάλασσαν
1386 2549 1459 2591 τόν

805 2613 949 2651 Φᾶσιν.
992 2616 1030 2650 et
1066 2611 1216 2660 Fragm.
1255 2609 1371 2660 Soph.
1419 2621 1458 2671 p.

803 2669 886 2710 650
908 2670 965 2707 ed.
985 2667 1146 2705 Brunck.
1174 2666 1281 2704 Sed
1272 2679 1310 2702 m
1335 2665 1459 2732 proxi-

801 2726 869 2763 mis
898 2726 1018 2764 verbis
1049 2720 1147 2775 πρὸς
1184 2723 1314 2776 βορῆν
1352 2735 1411 2760 αν
1425 2734 1462 2760 ε·

803 2798 830 2834 μ
843 2797 897 2821 ον
956 2781 1217 2819 abundantiam
1272 2778 1458 2828 quandam

800 2839 975 2876 orationis
1018 2838 1154 2875 vidisse
1195 2836 1282 2873 mihi
1323 2834 1461 2878 videor,

801 2897 849 2933 de
871 2908 944 2947 qua
964 2895 1062 2932 idem
1085 2893 1306 2932 Lambertus
1326 2891 1459 2928 Bosius
