1759 3324
624 261 918 302 cL10.1.

1321 263 1403 303 461

140 383 259 431 „2029
297 373 543 432 προθυμέαι
587 369 909 427 Μασσαγετέων
946 372 1233 428 πειρηθῆναι,
1283 372 1403 426 φέρε,

138 458 344 513 ,,μόχθον
368 453 468 510 μὲν,
499 453 578 496 τόν
599 452 704 508 ἔχεις
731 450 909 507 ζευγνύς
925 449 1003 494 τὸν
1022 449 1242 506 ποταμὸν,
1265 449 1374 506 ἄφες
1388 465 1398 474 ·

139 536 226 589 »σὺ
257 535 322 586 δὲ,
373 529 518 589 ἡμέων
557 529 938 587 ἀναχωρησάντων
978 528 1065 573 «ind
1094 533 1174 573 τοῦ
1201 533 1404 586 ποταμοῦ

139 616 304 668 ,,τριῶν
337 609 534 669 ἡμερέων
572 608 704 663 ὁδόν,
750 609 950 666 διάβαινε
991 609 1033 666 ξς
1061 608 1142 666 τήν
1179 609 1461 667 ἡμετέρην.35

110 694 215 745 4,,εἰ
254 689 298 735 δ’
335 690 469 748 ἡμέας
514 690 695 747 βούλεαι
742 691 998 744 ἐσδέξασθαι
1033 693 1202 746 μᾶλλον
1243 689 1287 740 ἐς
1324 688 1406 747 τὴν

110 780 130 814 5
142 805 166 824 ,,
178 770 388 828 ὑμετέρην
400 805 411 823 ,

471 770 524 814 σύ
569 768 710 814 τώυτό
763 774 894 814 τοῦτο
935 771 1098 813 ποίεε.“

1170 773 1318 813 Ταῦτα
1357 769 1404 813 δὲ

138 849 331 902 οἰκούσας
362 848 385 893 ὁ
418 853 585 905 Κῦρος,
619 847 876 894 συνεκάλεσε
905 850 1111 905 Περσέων
1139 849 1244 901 τούς
1272 848 1402 903 πρώ-

135 947 260 982 τους’
310 931 569 986 συναγείρας
601 930 647 972 δὲ
676 928 882 982 τούτους,
923 929 965 981 ές
994 930 1129 986 μέσον
1159 941 1238 986 σφι
1267 945 1405 985 προε-

137 1013 252 1055 τίθεε
281 1009 328 1054 τὸ
359 1014 558 1067 πρῆγμα,
604 1008 1013 1067 συμβουλευόμενος
1051 1008 1233 1065 ὁκότερα
1264 1008 1404 1066 ποιέῃ.

111 1095 229 1135 ὅτῶν
260 1091 305 1134 δὲ
334 1089 444 1133 κατά
484 1087 622 1133 τώυτὸ
664 1091 711 1134 αἱ
747 1094 918 1146 γνῶμαι
959 1089 1287 1142 συνεξέπιπτον,
1339 1091 1463 1133 ace-40

139 1171 357 1215 λευόντων
397 1170 649 1213 ἐσδέκεσθαι
692 1168 887 1225 Τόμυρίν
923 1186 967 1213 τε
1001 1169 1075 1213 καὶ
1112 1167 1190 1212 τὸν
1221 1167 1407 1223 στρατὸν

17 1255 116 1300 207
143 1250 276 1307 αὐτῆς
306 1250 347 1300 ἐς
376 1248 456 1305 τὴν
491 1248 646 1306 χώρην.
706 1248 890 1304 Παρεών
931 1249 976 1292 δὲ
1015 1248 1090 1292 καὶ
1131 1248 1408 1304 μεμφόμενος
1464 1253 1540 1287 0¹¹³¹¹
1576 1255 1707 1282 suaserit

1464 1291 1607 1317 Croesus.

138 1331 218 1386 τὴν
244 1329 423 1385 γνώμην
451 1328 613 1385 ταύτην
643 1331 834 1384 Κροῖσος
863 1327 887 1371 ὁ
918 1327 1086 1380 Λυδὸς,
1119 1326 1404 1371 ἀπεδείκνυτο

139 1410 339 1465 ἐναντίην
367 1412 420 1466 τῇ
449 1408 714 1464 προκειμένῃ
751 1407 927 1466 γνώμῃ,
973 1407 1111 1464 λέγων
1145 1406 1269 1451 τάδε·
1322 1402 1405 1459 „³52

140 1491 381 1544 ,,βασιλεῦ,
414 1485 540 1531 εἶπον
569 1487 648 1544 μὲν
678 1487 751 1530 καὶ
781 1486 994 1544 πρότερόν
1022 1504 1113 1541 τοι,
1144 1487 1212 1531 ὅτι
1240 1485 1330 1530 ἐπεί
1353 1503 1404 1544 με
1419 1489 1463 1528 45

141 1601 165 1620 ,,
178 1568 289 1619 Ζεύς
319 1567 449 1611 ἔδωκέ
476 1584 565 1619 τοι,
611 1566 661 1611 τό
689 1567 744 1610 ἂν
774 1565 866 1621 ὁρῶ
903 1565 1082 1623 σφάλμα
1111 1567 1184 1611 ἐὸν
1213 1568 1318 1627 οἴκῳ
1347 1571 1409 1625 τῷ
1466 1576 1521 1616 98

113 1651 266 1706 2,,σς5,
297 1646 405 1691 κατὰ
436 1646 623 1702 δύναμιν
653 1644 931 1701 ἀποτρέψειν·
989 1646 1041 1690 τά
1074 1645 1118 1690 δέ
1157 1664 1233 1703 μοι
1261 1647 1408 1704 παθή-

114 1733 313 1783 3,,ματα,
344 1726 472 1771 ἐόντα
501 1724 706 1783 ἀχάριτα,
736 1724 974 1784 μαθήματα
1002 1725 1185 1782 γεγόνεε.
1244 1728 1302 1770 Εἰ
1326 1727 1405 1784 μὲν

145 1911 261 1965 φέρε,
289 1908 447 1963 μόχθον
464 1935 520 1939 -
544 1908 668 1962 ἔφες·
692 1908 741 1951 σύ

88 1966 130 2009 δὲ
147 1992 202 1997 —
223 1967 431 2020 διάβαινε]
459 1970 667 2007 Pronomen
693 1966 742 2008 συ“

88 2027 126 2063 in
149 2027 335 2064 bimembri
353 2028 516 2064 oratione
536 2026 647 2064 semel
659 2031 742 2063 tan-

88 2087 162 2120 tum
198 2084 379 2133 positum,
418 2084 475 2120 hic
499 2096 615 2133 aeque
646 2085 741 2120 refe-

89 2140 240 2177 rendum
263 2141 311 2177 ad
332 2137 433 2190 ἄφες
453 2153 562 2189 quam
586 2141 634 2177 ad
655 2135 740 2178 διά-

91 2196 202 2245 βαινε
230 2202 355 2234 monet
385 2197 563 2234 Matthiae
584 2197 649 2234 Gr.
674 2197 740 2234 Gr.

89 2265 175 2303 pag.
195 2253 288 2294 865.
310 2276 366 2280 ——
381 2253 441 2290 Ad
467 2254 674 2303 προετίθεε
704 2254 742 2291 in

90 2321 193 2358 seqq.
213 2311 307 2347 conf·
329 2310 414 2347 ibid.
447 2322 532 2360 pag.
551 2311 645 2352 401.

147 2362 306 2417 ὁκότερα
326 2365 464 2420 ποιέῃ]
478 2366 598 2415 Vulgo
616 2364 743 2406 ποιέει

93 2423 132 2459 et
156 2420 303 2471 ποιέοι,
333 2427 526 2473 utrumque
554 2425 742 2461 mendose.

93 2476 191 2514 Nam
210 2478 276 2516 loci
290 2481 468 2518 sententia
478 2480 743 2518 coniunctivum

95 2533 257 2582 flagitat,
294 2549 402 2586 quem
427 2537 744 2575 Schellershemia-

96 2600 165 2625 nus
182 2589 270 2627 liber
287 2605 366 2630 cum
393 2594 484 2630 binis
509 2593 587 2631 aliis
607 2593 743 2644 optime

99 2646 270 2694 suggerit.
337 2649 444 2686 conf.
477 2663 589 2700 snpra
628 2651 676 2687 ad
713 2650 743 2698 I,

99 2700 165 2741 53.
223 2701 282 2740 Tu
299 2710 417 2743 verte:
448 2707 614 2755 quidnam
638 2706 744 2756 faci-

98 2755 230 2848 ·anum
247 2761 293 2796 sit
320 2774 349 2798 s.
370 2762 534 2812 quidnam
542 2763 668 2814 facere
683 2763 744 2802 de-

121 2815 188 2849 eat.

266 2871 297 2908 C
314 2884 335 2909 a
351 2885 387 2924 p.
428 2874 576 2914 CCVII.

165 2922 417 2979 μεμφόμενος
460 2929 534 2984 τήν
581 2927 747 2985 γνώμην

809 1907 985 1963 ταύτην]
1032 1911 1091 1951 De
1123 1917 1304 1951 structura
1341 1916 1466 1953 confer

809 1969 940 2006 Matth.
971 1970 1035 2006 Gr.
1071 1970 1137 2007 Gr.
1168 1983 1253 2020 pag.
1269 1972 1374 2019 705,
1404 1972 1466 2021 qui

809 2026 906 2064 idem
931 2039 1018 2077 pag.
1042 2028 1121 2068 231
1153 2027 1200 2064 de
1230 2029 1347 2064 forma
1371 2023 1464 2078 α’χά-

809 2098 916 2134 ριτα,
958 2084 1005 2120 ad
1032 2095 1141 2132 quam
1176 2084 1331 2122 conserti
1364 2085 1467 2123 iube-

809 2153 888 2176 mus
927 2139 966 2187 Ι,
1000 2139 1066 2181 41.
1129 2139 1211 2177 Alia
1244 2141 1466 2191 IVesseling.

809 2200 886 2233 tum
911 2197 958 2233 ad
995 2196 1030 2233 h.
1063 2195 1086 2233 l.
1124 2202 1200 2234 tum
1231 2197 1277 2234 ad
1311 2198 1467 2236 Diodor.

809 2252 919 2290 Sicul.
961 2252 1104 2300 XVIII,
1153 2257 1220 2295 28.
1289 2253 1469 2292 Nonnulli

810 2310 908 2347 enim
935 2309 1015 2346 libri
1050 2305 1243 2361 α’χάριστα
1273 2311 1325 2360 (ἰ.
1345 2325 1376 2349 e.
1398 2307 1469 2362 αἠ-

811 2368 872 2416 θῆ
894 2366 1083 2414 ,utSch01.
1103 2368 1148 2403 ad
1161 2368 1314 2405 Homer.
1328 2369 1464 2418 Odyss.

810 2423 918 2469 VIII,
939 2424 1019 2464 236
1038 2423 1330 2473 interpretatur).
1389 2426 1467 2463 Sed

811 2482 905 2517 conf.
923 2480 1063 2518 Herod.
1085 2480 1173 2527 Vll,
1194 2482 1286 2522 156.
1312 2481 1466 2520 Lucian.

810 2536 974 2574 Merced.
995 2537 1175 2574 Conduct.
1200 2539 1267 2579 30.
1306 2537 1388 2576 Nec
1409 2543 1468 2576 ta-

811 2606 894 2631 men
926 2605 970 2630 ea
1007 2594 1231 2643 persuadere
1270 2598 1468 2645 potuerunt

811 2649 1093 2698 wyttenbachio
1123 2651 1172 2688 ad
1201 2650 1300 2688 Plut.
1332 2650 1466 2689 Moral.

810 2706 828 2744 I
853 2719 940 2757 pag.
960 2705 1055 2748 285.

869 2760 917 2801 τοὶ
934 2761 976 2801 δέ
995 2777 1063 2813 μοι
1085 2757 1468 2814 παθήματα,’ἒόντα

813 2815 1002 2871 άχάριτα,
1045 2816 1263 2870 μαθήματα
1289 2816 1467 2871 γεγόνεε]

812 2876 914 2913 Inest
941 2876 978 2912 in
1009 2875 1064 2912 his
1097 2877 1288 2914 verborum
1317 2877 1468 2925 quidam

812 2932 911 2970 lusus
924 2960 936 2981 ,
954 2932 1015 2982 qui
1032 2931 1295 2983 proverbialem
1306 2932 1467 2970 indicare
