1814 3315
54 982 221 1011 merim-um
244 988 294 1007 ur-

54 1017 136 1049 bem,
166 1020 196 1042 et
221 1014 296 1041 alias

53 1059 129 1084 quae
139 1050 215 1075 circa
233 1048 330 1081 erant,

55 1086 238 1119 expugnatas
259 1080 330 1107 diri-

54 1118 108 1152 pit.
133 1115 281 1143 Praelium
299 1113 331 1140 iu

52 1158 125 1184 agro
134 1148 235 1177 Pterio
252 1155 330 1175 com-

53 1185 174 1211 missum
200 1188 295 1216 aequo

55 1217 156 1244 Marte
188 1215 268 1242 inter

57 1250 200 1277 Croesum
225 1252 256 1276 et
275 1246 334 1283 Cy-

58 1291 122 1311 rum
142 1291 170 1312 a.
187 1283 246 1311 5⁴6.

375 259 456 301 194

785 251 1255 291 HERODOTI

375 369 454 411 δον
483 362 716 420 ἱδρυμένον
745 360 854 405 κατα
888 360 1034 406 νώτου
1063 361 1214 418 λάβοι,
1253 360 1392 417 ταύτῃ
1422 360 1532 404 κατὰ
1562 361 1638 418 τὴν

376 444 568 499 διώρυχα
618 440 944 497 ἐκτραπόμενος
981 441 1028 486 έκ
1065 445 1154 485 τῶν
1201 439 1394 498 ἀρχαίων
1431 440 1640 497 ῥεέθρων,

379 523 453 566 καὶ
482 515 604 572 αὖτις
632 519 1012 577 παραμειβόμενος
1047 521 1098 565 τὸ
1137 519 1454 576 στρατόπεδον,
1507 519 1551 571 ές
1586 518 1641 563 τοὶ

351 600 537 657 δᾶρχαῖα
567 600 782 656 ἐσβάλλοι.
817 599 938 653 ὥστε,
970 600 1062 643 ἐπεί
1091 616 1135 644 τε
1164 600 1238 644 καὶ
1268 591 1444 656 ἐσχίσθη
1465 597 1643 655 τάχιστα

381 678 405 723 ὁ
434 680 644 736 ποταμὸς,
690 679 916 736 α’μφοτέρῃ
951 680 1155 735 διαβατὸς
1185 679 1363 736 ἐγένετο.

1423 679 1468 722 οἱ
1496 679 1542 722 δὲ
1570 678 1643 722 καὶ
1655 686 1700 720 60

379 758 428 802 τὸ
457 756 665 814 παράπαν
693 759 869 814 λέγουσι
897 759 970 802 καὶ
1007 757 1056 801 τό
1097 757 1279 814 ἀρχαῖον
1319 759 1504 815 ῥέεθρον
1533 757 1646 802 ἄπο-

381 839 661 895 ξηρανθῆναι.
721 836 831 881 ἄλλα
860 840 991 881 τοῦτο
1027 837 1105 893 μὲν
1149 835 1205 881 οὐ
1243 839 1499 893 προσίεμαι·
1553 841 1643 889 κῶς
1714 837 1767 877 38

259 914 325 960 76
382 918 464 974 γὰρ
495 915 635 963 ὀπίσω
664 916 954 974 πορευόμενοι
983 915 1194 972 διέβησαν
1233 914 1396 971 αὕτόν;
1454 918 1647 971 Κροῖσος

385 996 451 1048 δὲ,
507 995 599 1040 ἐπεί
645 1012 691 1041 τε
730 996 885 1054 διαβάς
929 995 1013 1039 σύν
1059 999 1121 1052 τῷ
1159 999 1328 1054 στρατῷ
1369 993 1543 1039 ιῖπίκετο
1571 998 1649 1051 τῆς

386 1077 702 1133 Καππαδοκίης
740 1075 784 1128 ἐς
820 1075 901 1133 τήν
951 1076 1142 1132 Πτερίην
1186 1074 1476 1131 καλεομένην·

1539 1072 1650 1130 ἡδὲ

387 1157 548 1212 Πτερίη
578 1156 667 1199 ἐστὶ
694 1160 770 1212 τῆς
797 1155 941 1213 χώρης
967 1154 1129 1212 ταύτης
1157 1153 1207 1199 τό
1239 1153 1550 1210 ἰσχυρότατον,
1578 1169 1650 1196 κα-
1661 1160 1706 1194 65

334 1442 425 1480 liber
454 1440 512 1478 hic
549 1436 668 1495 λάβῃ.
723 1440 836 1480 Male.
893 1442 986 1480 Cum

335 1499 431 1537 enim
451 1498 489 1534 in
514 1497 582 1535 hac
605 1502 785 1536 structura
803 1498 986 1547 legitimus

336 1555 384 1591 sit
417 1554 600 1604 optativus
643 1559 731 1605 post
773 1555 988 1605 particulam

337 1607 440 1656 ὅκως
454 1640 465 1658 ,
476 1610 612 1647 omissa
621 1611 798 1660 particula
812 1607 875 1658 ἂν,
891 1611 989 1648 haud

337 1680 419 1704 raro
439 1671 561 1703 tamen
583 1668 681 1716 apud
697 1666 874 1704 Nostrum
895 1667 990 1705 hanc

336 1722 549 1774 particulam
573 1723 611 1759 in
637 1723 704 1760 hac
727 1727 906 1760 structura
924 1723 991 1760 ad-

339 1779 452 1815 ditam
469 1778 653 1825 videmus,
684 1792 727 1816 eo
748 1780 878 1829 opinor
903 1792 991 1817 con-

340 1835 444 1882 silio,
473 1839 514 1871 ut
548 1848 607 1873 res
634 1835 716 1885 ipsa
737 1836 855 1885 magis
873 1836 991 1874 incer-

340 1895 400 1938 ta,
430 1895 471 1927 ut
493 1903 587 1940 quae
605 1892 683 1929 fieri
702 1896 842 1929 tantum
858 1896 990 1942 posset,

340 1947 614 1996 significaretur.
678 1948 769 1986 Inde
803 1944 906 1995 ὅκως
937 1945 990 1988 ἂν

341 1998 525 2054 -λάβοι
542 2004 627 2040 mihi
642 2003 677 2041 h.
700 2004 723 2042 l.
740 2009 817 2042 est:
845 2010 988 2053 „ut—-

343 2072 475 2096 sumere
500 2061 654 2109 posset.“
711 2061 819 2098 Conf.
858 2061 991 2099 Matth.

337 2114 383 2166 §.
410 2115 491 2157 520
527 2115 615 2154 Not.
636 2120 663 2158 2
699 2130 737 2168 p.
766 2120 875 2160 1002
902 2118 938 2156 h.
968 2117 993 2155 l.

347 2172 440 2209 bene
461 2171 688 2221 laudantem,
718 2177 756 2212 et
765 2174 860 2212 infra
879 2174 910 2223 Ι,
928 2177 996 2216 91.

401 2285 480 2329 κῶς
499 2280 573 2337 γὰρ
594 2281 720 2325 ὄπίσω
737 2283 999 2339 πορευόμενοι

346 2337 537 2390 διέβησαν
570 2337 713 2394 αὐτόν]
762 2343 884 2394 Vulgo
917 2357 999 2382 ver-

346 2399 446 2433 tunt:
490 2411 590 2446 „quo
620 2402 709 2436 enim
735 2401 854 2449 modo,
895 2412 998 2451 quum

351 2453 479 2489 reversi
487 2458 580 2500 sunt,
586 2456 622 2504 fl
625 2469 720 2493 umen
732 2460 943 2495 transierunt
953 2457 999 2494 2⁴⁴

350 2520 431 2546 cum
478 2512 689 2548 vertendum
726 2518 839 2552 esset:
897 2526 1000 2564 „Quo

350 2566 440 2601 enim
485 2565 582 2602 modo
626 2573 827 2606 revertentes
865 2571 1001 2620 flumen

351 2623 502 2658 transire
533 2625 764 2670 potuz‘ssent.“
823 2626 907 2670 Qua
946 2630 1002 2664 ta-

351 2689 437 2714 men
457 2678 493 2713 in
514 2681 691 2717 sententia
708 2694 786 2718 cum
802 2695 913 2731 aegre
933 2683 1002 2719 mi-

352 2732 389 2770 hi
410 2733 540 2771 deesse
559 2735 741 2773 videretur
755 2739 927 2788 particula
948 2736 1000 2778 cliv

352 2789 464 2827 verbo
484 2787 671 2840 διέβησαν
688 2793 910 2840 adiicienda,
935 2795 999 2833 be-

350 2857 399 2882 ne
425 2851 631 2884 monentem
669 2849 787 2885 inveni
821 2850 998 2889 Matthiae

353 2899 391 2952 ς.
410 2902 492 2944 508
510 2906 584 2940 not.
611 2916 647 2955 p.
671 2906 763 2946 968.
822 2906 917 2944 Nam
949 2908 995 2945 de

389 1233 445 1278 τα
477 1233 689 1292 Σινώπην
716 1234 846 1280 πόλιν
876 1234 956 1293 τὴν
984 1235 1032 1279 ἐν
1059 1233 1257 1291 Εὐξείνῳ
1288 1233 1435 1293 πόντῳ
1463 1230 1650 1291 μάλιστα

1053 1441 1205 1481 consilio
1231 1440 1446 1493 particulam
1468 1441 1638 1479 omisisse
1656 1440 1709 1477 vi-

1054 1500 1162 1537 detur
1187 1498 1348 1545 Noster,
1396 1511 1470 1548 quo
1500 1497 1558 1536 vel
1590 1497 1711 1546 magis

1054 1556 1230 1593 indicaret
1256 1555 1457 1604 fortiusque
1483 1555 1520 1592 in
1548 1567 1593 1592 eo
1622 1554 1711 1590 insi-

1057 1616 1192 1659 steret,
1221 1612 1290 1648 hoc
1309 1612 1434 1660 utique
1454 1611 1534 1648 fieri
1554 1623 1630 1647 non
1642 1623 1711 1660 po-

1056 1668 1182 1705 tuisse.
1240 1667 1290 1704 Et
1315 1667 1386 1704 alia
1414 1680 1562 1716 quoque
1588 1679 1611 1704 a
1634 1667 1713 1703 viro

1058 1724 1168 1761 docto
1187 1723 1294 1760 allata
1316 1723 1482 1774 exempla
1509 1726 1714 1760 monstrant

1060 1775 1111 1819 ὂῖν
1132 1779 1200 1817 hae
1231 1780 1269 1816 in
1290 1780 1468 1817 structura
1483 1779 1622 1827 omitti,
1650 1779 1714 1817 ubi

1058 1840 1196 1874 certum
1226 1836 1338 1886 quid,
1374 1836 1474 1874 nulla
1504 1837 1550 1874 ab
1573 1835 1645 1873 alia
1672 1848 1714 1873 re

1058 1894 1135 1930 sive
1158 1893 1379 1942 cogitatione
1404 1893 1573 1945 pendens
1592 1891 1715 1930 decla-

1057 1950 1212 1987 randum
1232 1952 1300 1988 est.

1227 2033 1259 2071 c
1275 2046 1298 2071 a
1311 2021 1348 2085 ᾗ.
1373 2033 1545 2072 LXXVI.

1115 2115 1145 2169 of
1167 2115 1210 2158 δὲ
1232 2117 1384 2171 Πτερίη
1404 2140 1461 2147 -
1483 2115 1610 2158 κατοῖ
1642 2119 1714 2157 Σι-

1062 2171 1204 2226 νώπην
1220 2196 1277 2204 --
1296 2173 1482 2227 κειμένη]
1513 2173 1674 2227 κειμένη
1693 2188 1716 2213 e

1064 2232 1302 2281 VVesselingii
1339 2233 1595 2270 emendatione
1634 2244 1716 2269 cum

1067 2289 1169 2326 editt.
1188 2293 1339 2327 reeentt.
1355 2289 1520 2326 dedimus
1532 2302 1601 2340 pro
1616 2288 1715 2337 vulg.

1066 2342 1249 2395 κεομένη.
1306 2346 1448 2384 Dicitur
1464 2344 1718 2383 autemPteria

1066 2414 1083 2438 e
1109 2404 1248 2449 regione
1281 2402 1460 2452 Sinopes,
1503 2414 1600 2451 quae
1634 2401 1718 2452 ipsa

1066 2458 1115 2495 ad
1140 2457 1299 2494 Pontum
1324 2458 1504 2495 Euxinum
1532 2461 1589 2495 est
1615 2458 1718 2505 urbs,

1065 2515 1147 2550 sita.
1204 2513 1322 2551 Notat
1341 2515 1434 2551 enim
1457 2513 1514 2551 hic
1529 2509 1651 2552 κατοὲ
1673 2525 1719 2551 ex

1066 2571 1220 2608 adverso
1233 2599 1243 2617 ‚
1274 2583 1316 2606 ez·
1332 2572 1486 2620 opposito
1515 2583 1544 2606 s.
1567 2583 1585 2606 e
1601 2571 1719 2618 regio-

1067 2639 1118 2663 ne.
1178 2626 1287 2663 conf.
1306 2625 1466 2674 Π,·148.
1495 2625 1719 2663 Fischer.ad

1067 2682 1216 2720 lVeller.
1234 2682 1305 2729 ΠΙ,
1331 2683 1354 2720 b
1384 2695 1471 2733 pag.
1497 2684 1590 2723 177.
1619 2682 1718 2719 Pau-

1067 2752 1146 2776 san.
1165 2738 1213 2786 X,
1229 2738 1284 2780 34
1305 2737 1342 2789 §.
1362 2741 1383 2779 1
1413 2739 1534 2787 ibique
1550 2737 1718 2776 Siebelis.

1065 2795 1124 2832 Ad
1133 2795 1252 2845 ipsum
1263 2799 1514 2843 argumentum
1534 2799 1718 2843 notamus,

1066 2852 1165 2900 quod
1195 2851 1231 2887 in
1265 2850 1420 2888 Diodori
1453 2851 1639 2901 Excerptt.
1669 2851 1717 2888 ab

1063 2906 1160 2957 Ang.
1174 2906 1273 2944 Maio
1291 2920 1406 2957 nuper
1419 2907 1570 2947 detectis
1588 2905 1626 2958 §.
1646 2910 1715 2954 29,
