1759 3324
531 247 953 288 EUTERPE.
1005 247 1050 286 11.

1327 251 1411 291 495

122 355 355 415 ὒἏραβίου
386 357 541 413 οὔρεος
569 358 612 409 ἐς
639 357 689 400 τό
720 356 917 413 Λιβυκὸν
944 357 1227 414 καλεύμενον.
1284 357 1333 402 τὸ
1362 358 1408 402 δὲ

149 437 352 482 ἐνθεῦτεν
392 433 513 488 αὖτις
552 435 681 491 εὐρέα
711 435 934 492 Αἴγυπτός
962 438 1061 481 ἐστι.
1122 435 1299 492 Πέφυκε
1327 437 1408 493 μέν

58 513 91 557 9
147 532 231 559 νυν
266 515 293 573 ἡ
322 515 440 573 χώρη
481 514 591 571 αὕτη
624 513 752 558 οὕτω.

152 594 322 651 Θήβας,
371 596 458 639 ἔστι
488 593 706 646 ἀνάπλοος
743 594 868 638 ἐννέα
895 594 1107 652 ἡμερέων·
1158 594 1328 639 στάδιοι
1358 595 1436 639 δὲὸ

145 677 221 729 τῆς
248 672 378 728 ὁδοῦ,
410 673 618 731 ἑξήκοντα
652 675 725 718 καὶ
756 673 1007 719 ὀκτακόσιοι
1035 675 1108 719 καὶ
1137 676 1401 732 τετρακισχί-

86 927 216 976 fragm.
233 941 319 978 pag.
344 930 422 970 163
443 942 519 979 seq.
541 933 577 968 et
592 930 640 967 ad
660 929 746 967 Plu-

87 984 197 1021 tarch.
217 984 440 1035 Philopoem.
460 998 546 1036 pag.
567 990 603 1028 8.
621 988 658 1028 9.

306 1125 426 1177 Cap.
455 1126 526 1164 IX.

144 1206 222 1247 ἔστι
260 1205 461 1256 ἀνάπλοος
500 1207 614 1249 ἐννέα
652 1207 745 1260 ἦμε-

84 1263 210 1317 ρέων]
240 1266 581 1315 Schweighaeusero
602 1264 658 1302 hic
675 1279 743 1302 11¹1-

82 1334 201 1358 merus
218 1322 312 1358 iusto
331 1323 447 1359 minor
460 1323 615 1368 videtur,
631 1335 742 1371 quum

83 1377 152 1415 hoc
169 1381 276 1427 pacto
294 1378 376 1419 540
396 1379 513 1414 stadia
537 1378 742 1426 naviganti-

83 1434 149 1471 bus
168 1434 328 1482 quotidie
348 1434 420 1471 sint
442 1435 665 1472 conficienda
679 1448 741 1472 ea-

82 1503 154 1539 que
164 1490 317 1527 adverso
332 1490 502 1536 flumine,
524 1491 561 1527 id
575 1492 674 1540 quod
683 1490 740 1529 vel

83 1547 113 1583 si
131 1546 306 1584 minorem
326 1547 432 1584 stadii
456 1560 660 1585 mensuram
684 1547 740 1584 in-

6 1599 9 1638 ἑ
80 1601 246 1651 telligas,
274 1603 422 1640 nimium
439 1604 616 1650 videatur,
631 1617 740 1654 prae-

81 1658 205 1696 sertim
228 1659 257 1695 si
275 1659 431 1708 cogites,
460 1672 571 1697 naves
586 1673 659 1696 non
672 1661 738 1697 nisi

80 1714 227 1752 funibus
238 1716 394 1753 adverso
403 1716 550 1754 flumine
559 1716 643 1754 ferri
652 1730 739 1767 pos-

7 1782 10 1808 3
82 1784 143 1818 se,
172 1776 266 1809 teste
291 1772 371 1822 ipso
393 1772 585 1809 Herodoto
606 1773 651 1820 11,
673 1775 738 1814 96.

81 1827 220 1864 Contra
238 1829 334 1865 docti
358 1828 455 1866 Galli
472 1833 622 1866 monent
644 1828 739 1876 (De-

80 1883 200 1934 script.
221 1884 267 1922 de
286 1884 385 1933 l’Eg.
408 1885 557 1934 Antiqq.
577 1885 593 1922 l
618 1885 693 1922 livr.
712 1889 739 1927 2

79 1952 166 1991 pag.
185 1939 287 1990 417)
306 1941 460 1978 stadium
475 1941 740 1992 Aegyptiacum

80 2000 249 2035 constare
270 2009 314 2035 ex
335 2001 476 2035 eentum
498 1998 622 2035 metris
640 1998 738 2046 (me-

76 2057 171 2099 tres3
204 2054 299 2091 conf.
321 2058 397 2090 not.
412 2054 460 2091 ad
475 2054 520 2101 ΙΙ,
541 2055 607 2102 6),
627 2054 680 2091 ita
700 2059 739 2092 ut

77 2113 234 2158 quatuor
244 2109 337 2147 mille
352 2111 561 2159 octingenta
569 2111 739 2160 sexagin-

79 2169 116 2202 ta
146 2166 286 2213 stadia,
324 2167 435 2203 modo
470 2166 737 2216 longitudinem

78 2226 176 2259 recta
204 2221 299 2260 linea
320 2223 471 2260 indicari
497 2223 562 2260 tibi
586 2236 738 2274 persua-

78 2277 187 2326 deas,
216 2292 295 2315 cum
313 2292 400 2317 vera
425 2292 613 2327 mensura,
643 2293 738 2329 quae

79 2345 101 2370 e
120 2335 260 2385 mappis
283 2336 537 2386 geographicis
557 2336 738 2385 intelliga-

76 2392 156 2437 tur,
202 2396 369 2429 accurate
405 2393 606 2429 conveniat.
664 2393 737 2436 Qui

77 2445 186 2483 iidem
212 2448 403 2495 adiiciunt,
442 2461 631 2487 numerum
663 2454 737 2486 sta-

79 2501 242 2550 diorum,
273 2505 332 2553 qui
351 2517 423 2541 uno
444 2505 504 2542 die
523 2505 646 2556 perfici
671 2506 738 2543 de-

79 2555 184 2604 beat,
213 2559 357 2598 minime
368 2574 449 2599 esse
461 2566 738 2611 exaggeratum,

81 2623 162 2649 cum
176 2613 255 2663 ipsi,
274 2616 373 2654 coelo
383 2622 419 2657 ‚et
429 2622 645 2668 tempestate
657 2619 737 2668 qui—

82 2667 166 2704 dem
180 2670 335 2720 favente,
364 2673 420 2711 vel
429 2673 574 2723 longius
583 2674 653 2712 iter
661 2688 734 2713 uno

81 2722 142 2760 die
169 2727 394 2767 confecerint.
453 2729 550 2768 Add.
577 2730 735 2769 Iomard.

83 2778 196 2826 (ibid.
218 2780 294 2820 livr.
316 2787 341 2825 3
369 2798 453 2836 pag.
488 2787 582 2829 508.
611 2789 734 2837 625),

83 2833 144 2870 ubi
173 2834 241 2873 hoc
257 2841 364 2878 modo
391 2846 527 2880 sumtas
547 2856 734 2882 mensuras

83 2892 121 2926 et
140 2890 325 2933 distantias
344 2898 534 2937 convenire
544 2900 658 2938 ferme
668 2913 736 2938 no-

807 513 909 560 Ἀπὸ
951 517 996 560 δὲ
1030 515 1336 567 Ἡλιουπόλιος
1365 516 1408 567 ἐς
1463 521 1737 587 ,Ιίιέῑῑίξιιξᾶοωῗᾯῆε-

1438 565 1525 650 51Ξὲ
1546 571 1738 660 ‘afflati

1459 664 1539 686 nem·

800 932 873 976 tat,
921 941 1000 965 cum
1037 927 1149 970 4860
1184 929 1303 966 stadia
1346 929 1396 977 (i.
1426 942 1460 967 e.

801 985 980 1033 486,000
998 987 1122 1033 metr.)
1139 998 1213 1021 non
1233 986 1340 1022 valde
1359 999 1459 1023 rece-

802 1042 890 1078 dant
910 1054 932 1078 a
951 1054 1036 1079 vera
1057 1043 1246 1086 distantia,
1278 1055 1373 1090 quae
1402 1055 1460 1080 re-

803 1098 859 1134 cta
875 1097 969 1134 linea
988 1098 1032 1134 sit
1046 1097 1224 1142 490,4OO
1243 1099 1343 1135 metr.
1368 1099 1460 1142 Qui-

802 1153 868 1190 bus
886 1153 975 1191 haec
994 1154 1097 1190 addit
1115 1158 1169 1203 (p.
1185 1156 1302 1203 625):
1324 1155 1461 1202 „Cette

801 1209 983 1256 distance,
1018 1211 1115 1259 prise
1137 1210 1246 1247 d'une
1271 1215 1369 1249 carte
1398 1224 1460 1249 ex-

800 1269 899 1313 acte,
927 1265 975 1302 lui
998 1265 1092 1313 (scil.
1113 1265 1310 1315 Herodoto)
1334 1279 1356 1304 a
1374 1280 1458 1305 sans

799 1322 912 1359 doute
929 1323 988 1359 ete
1009 1323 1153 1359 donnee
1162 1322 1289 1372 parles
1302 1324 1458 1373 pretres,

798 1381 837 1414 et
856 1377 881 1414 il
899 1391 920 1415 a
942 1391 1003 1416 cru
1019 1391 1091 1427 que
1110 1378 1231 1416 c'etoit
1241 1378 1276 1416 la
1294 1379 1459 1418 distance

795 1435 960 1472 mesuree
977 1447 1038 1471 sur
1052 1434 1085 1472 le
1104 1436 1242 1481 fleuve;
1274 1439 1461 1484 ayantna-

795 1490 903 1540 vigue
930 1490 979 1527 lui
1000 1512 1017 1518 -
1033 1492 1153 1529 meme
1181 1493 1348 1542 pendant
1373 1493 1467 1530 neuf

790 1548 892 1596 jours
912 1548 999 1584 d'un
1016 1546 1087 1585 lieu
1099 1548 1122 1585 a
1139 1547 1279 1596 l'autre,
1298 1548 1322 1585 il
1341 1561 1460 1586 acon-

796 1603 849 1640 clu
867 1603 1169 1655 mal-a-propos
1190 1604 1332 1654 qu'une
1356 1606 1461 1654 jour-

794 1660 863 1697 nee
892 1661 939 1698 de
964 1661 1176 1709 navigation
1212 1662 1301 1698 etoit
1339 1663 1387 1699 de
1430 1664 1457 1703 9

795 1716 970 1754 schoenes
992 1717 1039 1755 de
1058 1721 1152 1755 cette
1172 1718 1313 1768 espeee.
1341 1717 1458 1755 D‘ail-

795 1773 902 1819 leurs,
932 1785 1072 1811 comme
1083 1773 1108 1810 il
1124 1787 1148 1823 y
1163 1774 1261 1811 avoit
1271 1774 1366 1811 deux
1386 1775 1458 1811 dif-

795 1829 915 1866 ferens
943 1829 1140 1877 schoenes,
1170 1833 1252 1867 tous
1284 1831 1379 1867 deux
1408 1831 1457 1869 de

795 1887 849 1926 60
869 1885 991 1923 stades
1011 1887 1106 1923 aussi
1125 1886 1310 1934 differens,
1331 1891 1370 1923 et
1384 1899 1457 1936 que

794 1942 828 1979 le
846 1941 980 1978 dromos
999 1942 1098 1980 avoit
1118 1945 1143 1983 9
1166 1944 1213 1981 de
1233 1957 1293 1981 ces
1315 1944 1455 1992 grands

794 1998 983 2046 schoenes,
1013 1999 1070 2036 ila
1082 1999 1157 2049 pris
1178 2003 1457 2049 apparemment

793 2053 867 2091 l’un
890 2067 982 2104 pour
998 2054 1164 2092 l’autre.“
1211 2054 1456 2104 11Ιαὶ011111ςί-

793 2115 851 2148 tur
869 2110 937 2148 hoc
953 2110 1031 2148 loco
1050 2111 1226 2149 schoenos
1245 2112 1310 2160 (cf.
1322 2126 1356 2162 p.
1372 2112 1453 2153 651

793 2166 900 2216 seq.)
930 2168 1146 2206 intellexisse
1174 2169 1358 2218 putandus
1387 2169 1455 2206 erit

792 2223 1016 2271 Herodotus,
1032 2224 1158 2274 quill,
1171 2224 1197 2266 4
1208 2225 1366 2262 minores
1385 2224 1454 2276 ipsi

792 2280 880 2318 alias
896 2281 1047 2318 usitatos
1069 2281 1293 2319 intellexerit.
1339 2281 1455 2331 Equi-

793 2337 877 2374 dem
893 2336 941 2373 nil
958 2338 1168 2384 decernam3
1198 2338 1346 2376 videant
1357 2338 1455 2389 peri-

792 2394 913 2431 tiores.
932 2413 989 2421 —
1016 2393 1198 2432 Mannert.
1219 2389 1454 2445 (Geograph.

793 2449 840 2497 Χ,
856 2452 874 2490 1
897 2462 983 2500 pag.
997 2451 1099 2499 481)
1114 2451 1197 2488 hinc
1211 2451 1330 2500 colligi
1343 2463 1454 2502 posse

791 2510 908 2557 putat,
936 2506 1147 2558 Heliopolin
1163 2507 1278 2544 canali
1295 2508 1453 2544 adsitam

790 2563 921 2610 fuisse,
951 2564 1013 2612 qui
1033 2564 1106 2601 iam
1128 2563 1240 2601 multo
1260 2568 1345 2601 ante
1363 2565 1454 2601 Pto-

790 2618 1010 2656 lemaeorum
1025 2625 1181 2658 aetatem
1199 2620 1315 2658 aNilo
1334 2620 1454 2658 orien-

790 2679 865 2713 tem
890 2688 1016 2713 versus
1043 2677 1092 2714 ad
1116 2677 1233 2714 sinum
1258 2676 1453 2714 Arabicum

791 2745 906 2781 usque
928 2733 1036 2770 fuerit
1059 2733 1246 2771 deductus.
1302 2733 1358 2770 Ex
1378 2746 1452 2782 quo

791 2787 905 2826 canali
929 2789 990 2837 qui
1009 2789 1055 2826 ab
1074 2789 1258 2840 Heliopoli
1276 2789 1313 2826 in
1327 2788 1450 2826 Nilum

792 2845 910 2894 ipsum
929 2845 1075 2893 naviget
1093 2845 1316 2894 Thebasque
1336 2849 1450 2895 petat,

790 2901 824 2938 ei
844 2913 975 2938 novem
994 2914 1074 2939 esse
1093 2902 1232 2939 dierum
1249 2901 1328 2938 iter.
