1777 3324
149 245 235 288 920
439 241 715 283 EXCURSUS
742 241 778 282 Χ
807 242 876 282 ΑΙ)
906 240 1178 282 HERODOT.
1207 240 1263 290 ΙΙ,
1295 240 1388 283 148.

150 366 238 406 pag·
262 355 344 396 810
368 368 446 407 seq.
478 359 517 394 et
535 354 582 394 L.
609 355 658 395 de
678 353 852 395 Laborde
880 357 917 394 in
945 369 1056 395 revue
1080 356 1259 406 francaise
1280 356 1388 397 1829
1415 354 1513 404 janv-
1543 367 1582 406 p-
1599 357 1667 396 70.

150 421 415 474 Labyrinthum
437 437 483 462 eo
505 425 628 475 potius
654 424 734 463 loco
763 425 876 462 fuisse
904 425 1131 472 existimant,
1169 424 1232 461 ubi
1262 422 1396 461 canalis
1424 422 1463 459 in
1491 420 1668 459 Moeridis

151 489 267 529 lacum
291 504 332 530 se
371 492 540 530 infundat
580 497 618 531 et
655 492 816 543 pyramis
865 492 986 530 adhuc
1020 491 1264 543 conspiciatur
1309 494 1468 541 quatuor
1499 488 1667 527 laterum.

151 557 312 608 Magnos
352 560 523 598 ruderum
556 559 794 610 lapidumque
821 559 981 597 cumulos
1008 560 1079 597 illic
1110 563 1340 598 coacervatos
1376 570 1480 606 esse,
1520 556 1668 606 conspi-

152 638 240 664 cuos
265 626 365 664 haud
382 627 493 677 longe
512 639 533 664 a
551 627 630 664 vico
652 625 881 674 Haoudralz,
920 631 961 665 ut
989 627 1026 664 in
1055 627 1188 677 quibus
1212 626 1269 665 vel
1296 626 1461 675 singulae
1486 625 1667 675 quaedam

152 698 278 744 partes
297 695 419 744 operis
439 695 549 746 plane
574 694 749 732 destructi
777 693 935 732 discerni
959 699 1106 743 queant.
1162 693 1305 731 Arabes
1328 698 1475 740 autem,
1504 692 1567 742 qui
1586 691 1669 729 the-

153 773 281 798 sauros
312 763 570 800 subterraneos.
603 762 641 801 in
672 761 743 798 hoe
772 761 941 799 aedificio
963 760 1077 799 latere
1109 762 1348 812 putaverint,
1385 760 1474 797 illud
1498 763 1668 797 vastasse

153 828 263 866 iidem
287 829 353 866 viri
381 830 479 867 docti
504 829 742 880 suspicantur.
799 827 883 866 vid.
906 828 1079 879 descript.
1100 829 1147 866 de
1165 828 1260 877 l’Eg.
1280 828 1304 865 l.
1328 827 1351 864 l.
1381 839 1466 877 pag.
1488 829 1544 868 32
1562 840 1667 877 seqq.

153 895 283 935 Ritter.
305 895 327 933 l.
343 895 366 933 l.
395 895 413 934 Ι
441 909 478 947 p.
502 899 584 938 798
604 907 682 945 seq.
727 893 914 932 Mamerti
942 894 965 932 l.
984 894 1007 932 l.
1034 908 1121 947 pag.
1148 895 1232 937 443
1259 908 1336 945 seq.
1393 895 1608 933 Belzonium
1637 895 1669 932 si

153 963 302 1011 audias,
334 962 375 1000 in
401 963 614 1001 occidentali
640 963 738 1001 lacus
757 967 863 1014 parte
887 961 986 1000 haud
1011 962 1123 1012 longe
1145 975 1167 1000 a
1191 963 1271 1001 loco
1292 962 1328 1000 T
1330 963 1424 1011 irsa,
1452 962 1513 1000 ubi
1533 961 1669 1000 multae

154 1034 239 1067 sunt
260 1029 503 1069 columnarum
521 1031 719 1081 reliquiae,
750 1029 977 1079 labyrinthus
1001 1022 1206 1069 exstructus
1234 1043 1316 1069 esse
1344 1031 1500 1068 videtur.
1557 1029 1667 1068 Conf.

155 1097 184 1135 Ι.
204 1099 252 1137 de
274 1098 463 1138 Hammer.
491 1099 529 1137 in
555 1098 689 1138 annall.
718 1099 936 1137 Viennenss.
961 1097 1033 1137 vol.
1050 1097 1155 1137 XLV
1174 1099 1324 1148 (1829)
1349 1111 1434 1151 pag.
1458 1099 1528 1140 31.
