1759 3324
184 1035 284 1080 193

13 1103 95 1138 Ager
110 1099 294 1135 Babylonius

13 1135 159 1170 quomodo
185 1134 295 1168 irrige—

142 1167 292 1195 fertilissi-

13 1175 82 1197 tur:

13 1211 79 1231 mus
91 1203 223 1237 frugum,
242 1209 291 1240 ar-

12 1237 117 1264 borum
159 1235 292 1264 sterilis:

14 1271 112 1298 oleum
147 1278 182 1297 ex
208 1276 292 1296 sesa-

193 1303 292 1338 palma

13 1346 107 1374 panes
133 1341 163 1365 et
190 1337 292 1364 vinum

13 1313 61 1332 mn
71 1313 79 1330 ἓ
124 1312 159 1331 el

14 1375 46 1400 et
63 1370 133 1400 mel.

346 291 431 332 430

746 290 1222 330 HERODOTI

343 403 432 443 τῶν
458 401 823 457 πολεμιστηρίων,
868 402 911 444 οἱ
945 400 1026 456 μὲν
1067 397 1383 456 ἀναβαίνοντες
1425 397 1502 450 τοὶς
1532 405 1611 456 θη-

345 479 443 531 λέας
454 512 465 532 ,
503 478 775 524 ὀκτακόσιοι·

837 482 884 523 αἱ
921 481 967 523 δὲ
1006 478 1284 535 βαινόμεναι,
1335 479 1612 535 ἑξακισχίλιαι

343 558 417 603 καὶ
445 556 613 614 μύριαι.
637 558 838 615 ἀνέβαινε
867 558 952 614 γαρ
984 560 1161 610 ἕκαστος
1189 563 1276 602 τῶν
1300 558 1489 614 ἐρσένων
1511 558 1613 602 τού-

319 645 439 682 5των
468 640 605 682 εἴκοσι
629 639 804 689 ἵππους.
851 642 999 681 κυνῶν
1036 639 1081 682 δὲ
1113 637 1310 681 Ἰνδικῶν
1339 642 1525 682 τοσοῦτο
1557 636 1612 695 δὴ

348 734 389 761 τι
420 720 591 772 πλῆθος
619 715 845 772 ἐτρέφετο,
897 716 1002 760 ὥστε
1030 717 1221 770 τέσσερες
1248 721 1337 760 τῶν
1376 717 1424 761 ἐν
1454 722 1515 774 τῷ
1543 733 1614 761 πε-

348 797 428 849 δίῳ
477 799 623 851 κῶμαι
669 795 876 850 μεγάλαι,
934 799 1023 839 τῶν
1060 794 1204 838 ἄλλων
1243 796 1395 841 ἐοῦσαι
1434 794 1611 849 ἀτελέες,

345 878 460 918 τοῖσι
496 874 597 917 κυσὶ
637 873 974 930 προσετετάχατο
1004 875 1119 916 σιτία
1158 875 1369 930 παρέχειν.
1427 880 1640 920 τοιαῦταΙ

347 954 427 1009 μὲν
483 956 544 1011 τῷ
605 951 783 1009 ἄρχοντι
835 957 912 1010 τῆς
952 955 1218 1007 Βαβυλῶνος
1268 952 1433 1010 ὑπῆρχε
1473 954 1614 999 ἐόντα.

338 1032 395 1075 ‘H
420 1031 467 1076 δὲ
494 1036 550 1089 γῆ
589 1036 679 1075 τῶν
712 1030 955 1086 Ἀσσυρίων
991 1030 1113 1075 ὕεται
1150 1031 1228 1087 μὲν
1260 1031 1416 1093 ὀλίγῳ,
1462 1034 1537 1077 καὶ
1564 1032 1615 1078 τό

347 1536 419 1587 τοὶς
444 1537 618 1591 θηλέας]
663 1537 764 1576 Male
802 1537 949 1587 quidam

291 1596 482 1648 ’θηλείαςς
515 1596 583 1634 sed
613 1595 684 1632 vid.
713 1595 896 1632 Herodot.
923 1593 952 1642 Ι,

294 1657 374 1696 178
396 1654 484 1703 ibiq.
503 1657 583 1691 not.
603 1651 675 1699 ΙΙΙ,
696 1651 762 1692 85.

347 1739 485 1777 κυνῶν
507 1735 550 1777 δὲ
576 1733 779 1781 Ἰνδικῶν]
810 1734 870 1773 De
890 1747 952 1772 ca·-

291 1794 394 1833 nibus
426 1793 563 1832 Indicis
604 1794 772 1832 classicus
804 1792 952 1829 Ctesiae

290 1851 392 1889 locus
421 1852 459 1888 in
480 1852 613 1888 Indice.
632 1850 818 1900 Excerptt.
846 1847 883 1899 ἓ.
911 1847 951 1896 5,

291 1909 353 1945 ubi
372 1908 444 1945 vid.
472 1921 569 1958 quae
600 1906 771 1945 adnotavi
804 1918 840 1955 p.
865 1908 950 1946 272

293 1978 371 2014 seq.
400 1964 478 2001 coll.
500 1967 595 2007 296.
653 1964 747 2000 Sunt
764 1961 812 1998 illi
839 1973 950 2010 gran-

294 2022 418 2059 diores
453 2022 571 2058 sorma
613 2032 656 2057 ac
697 2018 875 2056 structura
913 2020 949 2054 et

292 2076 436 2114 leonem
453 2077 488 2113 vi
506 2088 664 2126 aequare
692 2075 880 2119 dicuntur,
911 2073 948 2109 in

294 2137 394 2170 terra
420 2145 516 2181 quae
542 2145 638 2169 nunc
667 2131 796 2168 dicitur
820 2128 952 2175 Kahat,

291 2188 354 2225 ubi
377 2188 559 2237 hodieque
580 2187 821 2225 inveniuntur.
879 2184 954 2228 Qui

297 2257 378 2282 cum
400 2245 447 2281 ad
473 2245 678 2282 venandum
701 2246 821 2281 essent
841 2241 955 2278 maxi-

294 2314 353 2339 me
371 2301 513 2348 idonei,
543 2300 684 2348 Persis,
723 2311 814 2349 quos
840 2309 952 2335 vena-

295 2357 348 2395 tui
376 2357 484 2394 valde
511 2357 656 2394 deditos
688 2356 853 2392 novimus
871 2382 881 2401 ‚
912 2353 950 2390 in

296 2413 432 2451 deliciis
460 2414 627 2460 suerunt,
658 2417 697 2450 ut
719 2424 853 2460 magno
881 2422 950 2446 nu·-

295 2483 397 2507 mero
418 2482 481 2507 eos
512 2469 651 2507 alerent
677 2473 713 2506 et
743 2481 863 2506 secum
883 2466 949 2502 du-

294 2531 441 2574 cerent,
478 2526 676 2575 magnique
707 2525 853 2561 omnino
879 2522 948 2560 hoc

295 2596 424 2620 canum
443 2595 557 2631 genus
575 2583 817 2620 aestimarent.
840 2580 949 2617 Conf.

295 2639 456 2678 Hceren.
481 2638 594 2677 Ideen
612 2639 649 2686 I,
672 2641 699 2680 2
715 2650 803 2689 pag.
827 2637 920 2678 214-

474 2750 584 2802 Cap.
615 2749 783 2788 CXCIII.

355 2834 385 2888 ἦ
396 2833 438 2876 δὲ
459 2837 511 2889 γῆ
526 2830 743 2885 Ἀσσυρίων
754 2829 866 2872 ὕεται
880 2829 953 2883 μὲν

302 2888 421 2946 ὀλίγῳ
452 2907 487 2931 κ.
513 2906 547 2930 τ.
568 2892 624 2936 λ.]
659 2890 845 2939 Assyriam
879 2893 953 2927 ter-

299 2963 377 2988 ram
392 2950 491 2987 haud
519 2948 627 2987 aliam
659 2951 770 2997 atque
794 2946 955 2994 Babylo-

351 1111 564 1168 ἐκτρέφον
593 1110 673 1167 τὴν
703 1111 824 1167 ῥίζαν
861 1114 944 1155 τοῦ
972 1112 1096 1155 σίτου
1126 1109 1214 1154 ἐστὶ
1243 1115 1389 1155 τοῦτο.
1436 1111 1616 1169 ἀρδόμε-

347 1207 430 1235 νον
459 1190 609 1246 μέντοι
636 1190 683 1234 ἐκ
712 1195 792 1235 τοῦ
822 1194 1022 1248 ποταμοῦ
1052 1188 1287 1245 ἁδρύνεταί
1319 1207 1364 1235 τε
1392 1189 1442 1236 τὸ
1471 1190 1645 1248 λήϊον,5

348 1272 422 1315 καὶ
451 1272 738 1326 παραγίνεται
768 1270 791 1314 ὁ
815 1275 952 1322 σῖτος·
984 1268 1061 1323 οὐ,
1092 1269 1284 1325 κατάπερ
1317 1272 1363 1315 ἐν
1392 1269 1614 1329 Αἰγύπτῳ,

351 1349 493 1395 αὐτοῦ
522 1354 602 1394 τοῦ
631 1354 834 1408 ποταμοῦ
871 1348 1192 1407 ἀναβαίνοντος
1230 1349 1273 1402 ἐς
1300 1349 1377 1403 τὰς
1406 1349 1616 1408 ἀρούρας,

1018 1535 1115 1574 niam
1135 1548 1216 1573 esse
1235 1536 1440 1573 monuimus
1462 1535 1511 1573 ad
1525 1535 1555 1583 I,
1579 1537 1673 1578 192.

1020 1594 1217 1631 Caeterum
1236 1593 1416 1630 consentit
1429 1593 1465 1629 in
1478 1604 1674 1641 argumen-

1018 1654 1057 1686 to
1077 1650 1157 1699 ipso
1179 1649 1314 1686 Strabo
1333 1649 1403 1686 XV
1424 1661 1512 1698 pag.
1531 1651 1614 1689 739
1643 1661 1673 1685 s.

1018 1719 1056 1757 p.
1083 1704 1204 1752 1074,
1224 1705 1257 1741 A
1281 1705 1358 1742 coll.
1378 1704 1559 1742 Rauwolf.
1578 1703 1614 1741 T
1617 1717 1676 1741 ra-

1019 1763 1095 1800 vels
1117 1776 1153 1813 p.
1188 1763 1290 1810 152,
1320 1774 1429 1811 quem
1450 1760 1536 1797 citat
1553 1760 1675 1798 Palm-

1018 1819 1116 1857 blad.
1144 1817 1166 1856 l.
1193 1817 1215 1855 l.
1244 1831 1331 1869 pag.
1355 1818 1392 1859 5.
1422 1838 1479 1844 —-
1514 1817 1576 1855 De
1607 1830 1675 1854 usu

1018 1876 1118 1914 verbi
1147 1870 1236 1913 ὕειν
1262 1874 1479 1912 Valckenar.
1510 1873 1600 1910 dixit
1626 1873 1676 1911 ad

1017 1932 1079 1979 11,
1112 1934 1175 1972 13.
1233 1931 1419 1968 Invenitur
1437 1929 1582 1979 passiva
1600 1930 1678 1966 for-

1017 2001 1076 2026 ma
1106 1987 1164 2034 ΙΙ,
1197 1988 1260 2028 13.
1300 1986 1364 2028 14.
1397 1989 1463 2026 22.
1501 1985 1573 2033 III,
1611 1988 1675 2027 10.

1017 2043 1082 2091 IV,
1104 2045 1171 2084 50-
1196 2044 1286 2084 198.
1307 2064 1364 2069 --
1394 2036 1509 2096 ὀλίγῳ
1532 2042 1675 2079 dativus

1022 2105 1078 2138 est
1102 2099 1350 2146 instrumenti,
1390 2098 1452 2134 ubi
1488 2098 1518 2134 si
1544 2097 1677 2150 placet,

1022 2155 1286 2194 substantivum
1336 2153 1517 2203 intelligas
1572 2154 1675 2200 licet3

1021 2225 1105 2249 nam
1122 2213 1250 2262 paucis
1277 2211 1428 2262 (pluviis
1448 2211 1517 2259 sc.)
1534 2210 1677 2260 irrigari

1020 2268 1206 2318 Assyriam
1232 2267 1413 2305 Herodoti
1442 2271 1499 2305 est
1527 2272 1676 2305 senten-

1021 2325 1096 2373 tia,
1136 2325 1201 2362 has
1240 2337 1326 2362 vero
1361 2324 1510 2373 exiguas
1534 2323 1675 2374 pluvias

1019 2395 1121 2427 esse,
1173 2381 1301 2430 quibus
1351 2380 1520 2418 frumenti
1571 2379 1676 2416 radix

1018 2438 1218 2483 nutriatur3
1256 2438 1305 2474 ad
1334 2437 1577 2474 maturitatem
1616 2449 1675 2474 se-

1018 2499 1121 2543 getes
1151 2493 1301 2544 perduci
1330 2493 1429 2530 fluvii
1454 2492 1571 2541 aqua,
1598 2504 1675 2529 non

1019 2550 1227 2588 inundantis
1262 2550 1410 2599 quidem
1450 2560 1556 2595 arva,
1607 2548 1674 2585 sed

1017 2607 1203 2644 hominum
1236 2607 1350 2656 opera
1380 2605 1429 2642 ad
1456 2617 1603 2655 campos
1625 2604 1676 2641 ir-
1744 2622 1746 2626 ¹

1018 2663 1194 2712 rigandos
1216 2661 1372 2699 deducti.
1429 2661 1572 2699 Eodem
1593 2673 1675 2698 mo-
1742 2702 1743 2705 Ἰ

1021 2720 1068 2756 do
1099 2718 1329 2755 Herodotum
1365 2717 1507 2754 imitans
1536 2717 1676 2755 Pausa·
1741 2734 1743 2768 ἢ

1020 2776 1100 2813 nias
1119 2775 1262 2825 scripsit
1281 2773 1343 2821 IV,
1370 2776 1424 2815 20
1452 2772 1489 2824 §.
1511 2776 1555 2815 3:
1583 2770 1675 2812 ὕειν
1741 2770 1743 2786 ²

1021 2852 1078 2861 -
1099 2847 1128 2870 π
1140 2846 1160 2869 ο
1173 2833 1193 2869 λ
1206 2833 1227 2869 λ
1237 2832 1271 2868 ῶ
1281 2859 1292 2879 ,
1326 2830 1389 2867 ubi
1407 2829 1502 2867 male
1517 2829 1673 2867 Clavier.
1738 2874 1739 2879 ¹

1020 2888 1212 2939 proposuit
1231 2881 1348 2925 πολύ.
1405 2886 1482 2923 Sed
1500 2885 1572 2923 vid.
1593 2886 1676 2924 Sie-
1737 2888 1739 2912 ἕ

1021 2945 1125 2983 belis.
1149 2944 1198 2982 ad
1214 2943 1249 2981 h.
1271 2942 1294 2980 l.
1309 2955 1396 2994 pag.
1422 2940 1515 2984 134.
1736 2937 1738 2944 ’
