1805 3315
353 233 410 273 40

760 229 1229 269 HERODOTI

360 356 438 384 τον
466 340 539 384 καὶ
567 339 611 390 ἐς
636 339 878 396 Σμύρνην,
918 339 990 382 καὶ
1022 342 1299 395 Κολοφῶνος
1329 340 1375 384 τὸ
1403 338 1512 383 ἄστυ
1547 336 1645 383 εἷλε.

339 419 457 466 9ἀλλ’
492 418 623 463 οὐδὲν
655 418 739 476 γὰρ
769 419 877 476 μέγα
908 419 1040 473 ἔργον
1070 416 1145 460 ἀπ’
1179 417 1317 462 αὐτοῦ
1346 418 1451 462 ἄλλο
1481 418 1647 475 ἐγένετο

364 498 702 556 βασιλεύσαντος
723 501 844 543 δυῶν
871 498 1025 542 δέοντα
1053 496 1370 551 τεσσεράκοντα
1400 499 1516 552 ἔτεα,
1545 504 1693 546 τοῦ-30

318 690 402 724 runt
449 698 517 723 nec
565 689 651 724 ante
686 696 893 723 recessuros
932 696 973 720 se

318 743 598 790 denuntiarunt,
636 755 746 791 quam
783 740 974 790 Smyrnaei

320 813 472 836 uxorum
517 811 663 836 suarum
703 798 845 848 copiam
884 797 974 847 ipsis

319 857 506 894 fecissent.
563 855 675 898 Quod
706 854 765 890 isti
794 855 846 890 ita
871 866 975 890 exse-

321 913 394 950 cuti
411 916 515 958 sunt,
543 915 584 947 ut
611 923 655 948 ex
677 909 828 947 ancillae
855 909 976 945 cuius-

320 970 408 1006 dam
430 967 580 1004 consilio
608 978 732 1004 servas
750 965 846 1002 laute
863 965 975 1002 vesti-

319 1029 376 1062 tas
403 1028 625 1073 ornatasque
654 1022 870 1060 feminarum
895 1020 975 1057 loco

319 1081 509 1118 Sardianis
527 1080 791 1130 permitterent,
814 1078 876 1127 qui
896 1090 976 1114 cum

321 1139 369 1175 ab
401 1138 458 1175 his
487 1136 679 1185 defatigati
705 1139 849 1179 essent,
891 1146 976 1171 mox

322 1207 346 1231 a
364 1193 574 1243 Smyrnaeis
589 1192 766 1242 occupati,
796 1191 867 1241 ipsi
880 1190 976 1240 capti

321 1255 418 1288 sunt.
479 1249 515 1286 T
517 1250 612 1286 radit
634 1253 756 1285 autem
776 1247 977 1284 Pausanias

321 1307 389 1354 IX,
416 1310 469 1348 29
491 1304 528 1356 §.
555 1309 582 1347 2
609 1305 867 1342 Mimnermum
884 1305 974 1353 poe-

317 1369 395 1401 tam
422 1363 509 1412 (qui
539 1363 588 1399 ad
612 1362 761 1412 Olymp.
796 1359 977 1397 XXXVII

319 1419 431 1468 vulgo
473 1419 657 1467 refertur)
695 1417 860 1455 versibus
899 1416 975 1454 ele-

319 1476 434 1526 giacis
479 1476 763 1524 Smjrnaeorum
812 1485 976 1524 pugnam

324 1546 406 1570 cum
437 1532 548 1580 Gyge
580 1531 841 1581 descripsisse3
888 1542 982 1578 quae

326 1590 360 1625 si
379 1601 422 1625 ea
434 1589 523 1635 fuit,
553 1587 600 1625 de
629 1600 702 1637 qua
728 1586 849 1624 retulit
870 1585 984 1623 Dosi-

327 1646 452 1692 theus,
494 1644 592 1680 haud
622 1644 795 1680 miramur
823 1644 984 1692 poetam,

327 1702 437 1738 rebus
463 1701 650 1736 amatoriis
681 1699 854 1736 canendis
881 1698 986 1735 dedi-

328 1763 419 1804 tum,
445 1755 519 1793 tale
535 1760 789 1805 argumentum
802 1755 870 1791 sibi
887 1767 986 1791 sum—

330 1815 425 1851 sisse
471 1814 686 1850 canendum.
745 1812 823 1848 Sed
867 1810 987 1862 potuit

329 1870 590 1917 Mimnermus,
634 1869 696 1918 qui
745 1869 826 1917 ipse
874 1867 987 1904 Colo-

330 1927 467 1978 phone,
484 1930 559 1972 aut,
577 1930 616 1962 ut
634 1925 692 1962 alii
709 1925 846 1971 volunt,
861 1925 988 1972 Smyr-

332 1996 382 2020 na
400 1982 573 2019 oriundus
595 1986 692 2029 erat,
722 1981 809 2018 alias
841 1993 987 2029 quoque

333 2040 382 2076 ob
408 2051 534 2075 causas
556 2039 603 2075 ad
620 2038 707 2074 talia
723 2038 885 2075 canenda
901 2049 987 2086 per-

334 2094 480 2133 moveri.
526 2094 710 2143 Equidem
733 2093 782 2130 nil
809 2095 988 2130 discerno.

335 2153 397 2190 De
431 2150 651 2188 Mimnermo
681 2150 815 2187 consul.
844 2150 988 2187 Fabric.

336 2207 432 2245 Bibl.
464 2207 594 2245 Graec.
623 2207 642 2243 I
670 2220 707 2257 p.
730 2208 813 2248 733
844 2219 899 2255 sq.
930 2207 987 2243 ed.

338 2263 483 2300 Harles.
527 2267 564 2301 et
598 2263 659 2312 qui
695 2276 812 2312 nuper
845 2262 992 2310 collegit

338 2322 545 2368 fragmenta
575 2324 686 2368 atque
716 2319 905 2357 illustravit
940 2317 990 2356 N.

341 2375 452 2413 Bach.
468 2375 618 2425 Lipsiae
637 2377 757 2417 1827.

402 2433 651 2481 Κολοφῶνος
686 2428 732 2471 τό
777 2428 876 2470 ἄστυ
901 2427 993 2478 εἷλε]

346 2487 601 2538 Colophonem
629 2500 709 2524 arce
729 2492 873 2538 excepta
898 2488 996 2526 illum

346 2545 489 2593 cepisse
517 2544 626 2592 uilgo
649 2544 864 2592 intelligimt.
920 2545 997 2582 Sed

348 2603 474 2636 monet
495 2612 624 2637 censor
643 2599 681 2635 in
700 2599 914 2649 Ephemerr.
941 2600 999 2636 Ie-

349 2668 471 2692 nenss.
504 2657 612 2696 1817
647 2668 701 2692 nr.
733 2654 814 2696 164
845 2669 881 2705 p.
913 2656 998 2696 372

349 2707 449 2749 ἄστυ
476 2712 614 2762 opponi
648 2711 707 2748 hic
740 2711 838 2747 urbis
866 2711 998 2748 finibus

349 2767 521 2815 agrisque
547 2781 576 2804 S.
603 2767 750 2814 ditioni,
786 2780 880 2816 quae
916 2767 999 2817 ipsa

351 2824 389 2859 in
409 2822 535 2859 Mileto
557 2836 599 2859 ac
623 2824 780 2870 Smyrna
805 2824 854 2860 sit
870 2823 999 2860 intelli-

351 2879 482 2928 genda.
512 2878 681 2929 Alioquin
698 2879 895 2918 accuratius
918 2879 999 2920 No-

1039 686 1154 719 strum
1189 683 1304 720 fuisse
1322 681 1480 720 locutum
1508 682 1568 721 ille
1597 684 1693 722 arbi-

1039 743 1165 776 tratur.

1099 791 1180 834 ἀλλ’
1202 790 1320 835 ου’δέν
1354 811 1428 864 γαρ
1457 793 1555 848 μέγα
1581 793 1695 848 ἔργον

1043 847 1124 891 εἶπ’
1182 847 1308 892 αυτοῦ
1363 850 1457 892 ἄλλο
1515 849 1692 904 ἐγένετο]

1043 908 1259 946 Schaeferus
1283 909 1378 946 hunc
1402 910 1519 947 locum
1542 909 1696 945 laudans

1044 965 1082 1001 in
1118 965 1259 1002 Melett.
1291 967 1421 1003 critice.
1461 980 1497 1016 p.
1534 965 1589 1006 75
1622 965 1696 1014 legi

1044 1020 1119 1057 vult
1145 1017 1230 1059 ὑπ’
1258 1017 1402 1070 αὐτοῦς
1433 1023 1552 1059 invitis
1581 1022 1699 1058 omni-

1045 1078 1112 1115 bus
1129 1077 1229 1114 libris
1241 1107 1252 1125 ,
1279 1091 1434 1127 quorum
1449 1079 1698 1115 auctoritatem

1046 1135 1135 1170 satis
1156 1138 1277 1172 tuetur
1300 1148 1387 1170 usus
1416 1135 1587 1183 linguae,
1619 1148 1699 1172 cum

1045 1190 1143 1227 haud
1169 1204 1251 1227 raro
1277 1191 1336 1238 id,
1368 1192 1468 1240 quod
1489 1191 1636 1228 omnino
1655 1203 1699 1229 ex

1048 1247 1167 1296 aliquo
1194 1249 1398 1297 profectum
1428 1252 1503 1296 est,
1540 1260 1700 1298 praepo-

1044 1304 1176 1341 sitione
1194 1299 1273 1343 οἷπό
1289 1305 1490 1351 indicetur,
1521 1309 1559 1340 ut
1574 1304 1622 1352 II,
1646 1303 1701 1345 54

1045 1364 1112 1398 etc.
1169 1359 1224 1397 Ac
1259 1361 1436 1410 probatur
1479 1361 1590 1398 etiam
1632 1361 1702 1397 iste

1043 1430 1129 1452 usus
1162 1416 1367 1454 Pausaniae
1402 1417 1622 1464 imitatione,
1655 1417 1703 1453 de

1048 1485 1119 1522 qua
1139 1473 1229 1510 dixit
1256 1473 1409 1511 Siebelis
1430 1474 1479 1510 ad
1495 1473 1531 1520 I,
1561 1477 1587 1514 7
1618 1471 1643 1523 ᾖ
1662 1474 1701 1513 3.

1047 1528 1180 1566 Melius
1225 1530 1457 1567 distinetione
1506 1529 1586 1566 loco
1636 1542 1704 1565 no-

1050 1590 1126 1622 stro
1147 1587 1337 1636 prospexit
1353 1585 1592 1633 Schaeferus,
1622 1598 1703 1622 cum

1050 1646 1184 1692 puncto
1211 1643 1366 1689 maiori,
1391 1643 1491 1691 quod
1513 1646 1598 1679 ante
1616 1643 1706 1680 τοῦ-

1051 1712 1122 1736 τον
1153 1696 1225 1749 μὲν
1249 1694 1481 1750 παρήσομεν
1510 1698 1618 1748 vulgo
1648 1699 1706 1734 in-

1052 1755 1281 1802 veniebatur,
1322 1755 1487 1803 sublato,
1528 1756 1706 1792 minorem

1052 1810 1110 1848 hic
1128 1812 1396 1849 distinctionem
1409 1816 1574 1861 poneret.
1605 1812 1707 1855 Qua-

1052 1880 1095 1905 re
1125 1869 1237 1905 secuti
1266 1881 1348 1905 eum
1382 1881 1506 1904 sumus
1534 1881 1615 1905 cum
1647 1880 1707 1904 re-

1053 1928 1161 1962 centt.
1192 1925 1293 1961 editt.
1318 1946 1374 1950 ——
1407 1925 1517 1968 Quod
1550 1925 1599 1961 ad
1630 1936 1708 1962 rem

1053 1981 1201 2027 attinet,
1249 1980 1381 2017 bellum
1425 1982 1550 2029 utique
1587 1980 1708 2029 Gygis

1053 2050 1135 2074 cum
1161 2036 1365 2085 Magnesiis
1395 2041 1617 2074 memoratur
1639 2036 1709 2073 Ni-

1054 2094 1155 2130 colao
1205 2093 1436 2130 Damascene
1494 2093 1558 2144 (p.
1597 2092 1708 2142 453)

1054 2163 1091 2201 p.
1114 2150 1179 2191 51.
1199 2150 1254 2191 52
1280 2149 1411 2198 Orell.,
1438 2150 1500 2199 qui
1523 2163 1543 2187 e
1560 2149 1710 2186 Xantho

1055 2206 1293 2257 probabiliter
1316 2219 1383 2243 sua
1404 2207 1601 2252 desumsit,
1629 2218 1710 2242 mo-

1057 2267 1168 2301 nente
1193 2263 1378 2300 Creuzero
1407 2263 1446 2299 in
1467 2264 1634 2311 fragmm.
1654 2261 1710 2298 hi-

1059 2323 1166 2356 storr.
1186 2334 1222 2370 p.
1251 2322 1345 2360 202.
1401 2318 1482 2356 Nec
1514 2319 1713 2368 quidquam

1061 2376 1162 2426 apud
1196 2376 1429 2413 Herodotum
1467 2375 1516 2413 de
1546 2373 1714 2412 fabulosa

1061 2444 1187 2483 pugna
1202 2431 1391 2485 Lydorum
1411 2445 1493 2468 cum
1517 2429 1714 2468 Amazoni-

1062 2490 1142 2526 bus.
1167 2488 1227 2524 Cf.
1252 2488 1339 2525 ibid.
1364 2491 1402 2525 et
1424 2501 1461 2538 p.
1480 2488 1572 2528 183

1119 2544 1254 2583 δυῶν
1287 2542 1427 2582 δέοντα
1461 2538 1713 2595 τεσσεράκον-

1064 2614 1112 2638 τα
1138 2598 1243 2645 ἔτεα]
1276 2600 1386 2638 δυῶν
1410 2599 1539 2635 Ionum
1565 2611 1609 2636 ex
1634 2599 1714 2635 dia-

1063 2655 1176 2702 lecto,
1206 2660 1247 2692 ut
1262 2655 1292 2702 I,
1321 2655 1386 2696 94.
1409 2657 1498 2695 130.
1516 2654 1590 2702 ΙΙΙ,
1621 2656 1714 2696 131·

1064 2711 1128 2758 lv,
1161 2714 1195 2752 1.
1226 2712 1291 2752 89.
1321 2713 1386 2752 90.
1416 2711 1546 2748 Matth.
1563 2711 1630 2748 Gr.
1649 2711 1715 2748 Gr.

1067 2765 1104 2818 ἓ.
1124 2769 1203 2808 138
1222 2780 1258 2817 p.
1275 2770 1369 2808 262.
1398 2768 1498 2805 Hinc
1515 2767 1611 2805 male
1633 2767 1716 2804 Sui-

1067 2824 1135 2860 das
1160 2823 1194 2860 h.
1214 2823 1236 2860 l.
1256 2825 1370 2860 citans
1396 2828 1437 2861 et
1467 2824 1650 2860 Sancrosti
1673 2823 1716 2859 li-

1066 2880 1132 2918 ber
1174 2879 1359 2930 vulgarem
1403 2880 1461 2918 hic
1497 2880 1717 2919 substituunt
