1805 3315
282 259 284 261 -
353 228 483 269 104·

763 223 1224 263 HERODOT1

347 339 522 391 ονείρου
546 335 624 392 τὴν
646 335 805 391 φήμην.
835 334 928 377 ἐίθεε
961 333 1006 376 δέ
1035 350 1098 385 τις
1126 331 1339 388 ἀγγελέων
1370 334 1429 386 τῷ
1454 330 1634 382 Κροίσῳ

324 416 396 466 3τό
415 414 612 472 γεγονός·
645 413 906 468 ἀπικόμενος
932 411 977 455 δὲ
1008 411 1050 462 ἐς
1067 411 1143 462 τας
1166 411 1355 465 Σάρδις,
1387 407 1465 464 τήν
1489 424 1533 450 τε
1558 406 1635 462 μά-

231 506 298 551 44
345 513 425 554 χην
443 496 516 540 καὶ
537 495 615 538 τόν
630 498 712 536 τοῦ
729 491 884 542 παιδός
905 490 1045 546 μόρον
1072 490 1256 547 ἐσήμηνέ
1280 491 1332 533 οἱ.
1369 488 1418 531 Ὁ
1437 488 1481 532 δὲ
1504 490 1680 540 Κροῖ-65

24 565 135 595 Luctus
158 567 271 598 eroeni.

345 588 442 629 σος,
480 579 540 632 τῷ
569 572 749 628 θανάτῳ
780 573 859 614 τοῦ
892 569 1050 621 παιδὸς
1079 568 1501 624 συντεταραγμένος,
1531 570 1636 621 μᾶλ-

346 655 424 699 λόν
453 672 494 697 τι
527 651 862 705 ἐδεινολογέετο,
911 647 978 692 ὅτι
1019 666 1093 703 μιν
1131 647 1350 692 ἀπέκτεινε
1397 645 1473 690 τὸν
1503 644 1638 696 αὐτὸς

322 735 492 791 Ξφόνου
515 731 715 786 ἐκάθηρε.
745 728 1061 782 περιημεκτέων
1091 728 1136 771 δὲ
1159 731 1211 784 τῇ
1237 730 1443 782 συμφορῇ
1469 727 1636 776 δεινῶς,

347 811 492 857 ἐκάλεε
513 810 591 866 μὲν
610 811 697 852 Δία
715 805 992 861 Καθάρσιον,
1029 806 1357 862 μαρτυρόμενος
1379 805 1430 847 τὰ
1451 803 1534 848 ὑπὸ
1555 808 1638 848 τοῦ

302 993 444 1048 φήμη,
478 995 544 1043 (V,
568 997 623 1035 72
653 994 764 1041 eto),
796 992 858 1028 ubi
878 992 960 1029 nul-

303 1055 339 1090 la
360 1067 380 1090 e
401 1052 500 1089 libris
524 1056 670 1087 notatur
693 1049 858 1086 lectionis
881 1052 960 1086 dis-

305 1109 515 1160 crepantia,
552 1107 736 1156 sulgatam
766 1105 824 1141 hic
859 1105 960 1143 lecti-

304 1179 413 1203 onem
432 1166 605 1201 intactam
613 1137 835 1211 Drelinquere
854 1175 962 1212 prae-

306 1227 391 1260 stat.
448 1220 519 1257 Est
555 1224 676 1257 autem
717 1213 833 1268 φήμη
876 1218 962 1255 nihil

306 1279 406 1316 aliud
432 1278 489 1314 nis
493 1278 503 1313 i
536 1276 707 1325 effatum,
738 1275 776 1311 id
800 1275 889 1325 quod
908 1277 963 1311 in-

307 1335 486 1381 dtcatum,
517 1333 690 1371 traditum
710 1335 796 1368 erat.
854 1331 965 1368 Plura

308 1393 358 1429 de
375 1391 478 1428 huius
511 1391 610 1426 vocis
641 1388 966 1436 significationibus

308 1447 611 1497 wyttenbachius
638 1446 676 1482 in
695 1444 868 1482 Biblioth.
899 1445 966 1481 eri-

311 1506 370 1542 tic.
390 1503 464 1550 ΙΙΙ,
489 1506 506 1543 1
532 1517 570 1553 p.
592 1504 645 1544 59
671 1500 738 1549 (ad
756 1501 885 1538 Iulian.
901 1501 967 1538 Or.

311 1560 330 1598 I
351 1574 388 1610 p.
412 1561 488 1606 10,
510 1558 553 1596 Α.
583 1572 621 1609 p.
649 1558 728 1599 156
750 1558 806 1595 ed.
832 1558 968 1594 Sebae-

313 1617 400 1665 ser.)
420 1616 499 1653 coll.
523 1615 795 1651 Animadverss.
818 1615 866 1651 ad
884 1613 970 1650 Plu-

314 1673 427 1711 tarch.
453 1671 597 1709 Morall.
620 1670 637 1707 I
656 1683 743 1721 pag.
765 1669 857 1711 643.

502 1767 534 1803 C
546 1779 567 1803 a
576 1779 613 1817 p.
640 1765 773 1803 XLIV.

376 1849 667 1904 περιημεκτέων
709 1847 752 1889 δὲ
794 1852 846 1905 τῇ
880 1859 974 1900 συμ-

321 1910 433 1962 φορῇ
480 1906 646 1957 δεινῶς]
702 1910 976 1957 περιημεκτεῑν

321 1965 438 2001 rarius
489 1968 546 2002 est
582 1963 817 2011 vocabulum,
875 1963 975 2011 quod

321 2020 456 2057 suidas
477 2020 603 2056 laudat
623 2033 651 2055 S.
674 2031 706 2054 v.
729 2020 901 2067 quodque
919 2019 975 2054 in-

321 2076 464 2113 venitur
481 2076 532 2112 ΙΙΙ
545 2104 555 2122 ,
575 2075 639 2115 64.
669 2074 772 2121 Vm,
799 2078 889 2115 109.
909 2075 975 2122 IX,

323 2134 390 2173 41.
447 2132 532 2169 Hoc
554 2131 632 2167 loco
652 2130 775 2167 Gloss.
795 2131 974 2180 Herodot.

325 2188 475 2238 exponit
509 2187 736 2237 δυσφορῶν.
794 2187 869 2224 L‘bi
910 2187 978 2224 Cr.

325 2245 468 2281 confert
488 2244 642 2291 Gregor.
664 2243 828 2278 Corinth.
844 2256 883 2292 p.
899 2243 979 2284 501

326 2301 387 2338 ed.
409 2299 554 2338 Schaef.
580 2303 615 2335 et
631 2298 767 2336 Zonar.
795 2301 979 2347 pag.993

326 2356 414 2403 ibiq.
469 2355 673 2392 Tittmann.
743 2353 885 2391 Latinis
927 2358 983 2391 est

329 2411 469 2449 moleste
485 2410 605 2461 ferre,
634 2410 832 2458 indignare.
890 2410 982 2446 Cum

331 2480 418 2505 vero
459 2468 558 2516 apud
592 2467 744 2503 suidam
785 2466 984 2503 inveniatur

336 2524 445 2561 etiam
464 2520 489 2561 οἷ
503 2521 646 2573 μεκτέω
657 2551 666 2570 ,
697 2522 906 2559 Schneider.
927 2522 984 2569 (in

336 2578 461 2618 Lexic.
472 2580 602 2616 Graec.
614 2593 643 2616 s.
652 2590 685 2614 v.
696 2576 980 2629 περιημεκτέω)

335 2647 380 2673 eo
407 2636 608 2682 inducitur,
657 2638 697 2670 ut
724 2634 813 2670 illud
837 2635 984 2671 verbum

337 2692 384 2728 ab
404 2687 586 2741 αἱμάσσω
599 2691 793 2728 deductum
812 2690 919 2737 velit,
945 2703 987 2726 ac

332 2748 387 2784 de
423 2747 625 2785 vehementi
662 2746 787 2784 dolore
823 2746 987 2797 explicet,

337 2803 400 2852 qui
411 2816 454 2842 ex
464 2803 610 2840 vulnere
629 2803 868 2840 contrahatur.
887 2802 988 2840 Idem

334 2859 409 2898 iota
427 2859 669 2912 subscriptum
689 2859 755 2898 sub
775 2864 802 2911 ἡ
823 2859 905 2900 hine
922 2859 987 2897 ad-

1028 993 1066 1028 di
1082 992 1182 1037 vult,
1212 991 1311 1040 quod
1343 995 1467 1027 tamen
1496 991 1533 1027 in
1562 990 1683 1028 Hero-

1029 1050 1116 1085 doto
1147 1061 1264 1096 aeque
1294 1051 1404 1095 atque
1430 1047 1470 1083 in
1491 1048 1556 1094 iis,
1590 1060 1685 1097 quae

1030 1104 1266 1142 Grammatici
1289 1103 1470 1149 afferunt,
1501 1104 1618 1150 abest,
1651 1108 1688 1140 et

1029 1174 1155 1200 revera
1190 1161 1227 1196 in
1255 1160 1355 1196 hisce
1395 1159 1540 1196 omnino
1575 1159 1689 1196 omitti

1029 1218 1157 1255 soleat.
1216 1216 1400 1252 Amandat
1432 1215 1461 1252 C
1472 1228 1500 1253 r.
1520 1217 1568 1252 ad
1587 1215 1690 1253 Pier-

1028 1288 1108 1312 son.
1126 1279 1218 1312 nott.
1243 1274 1282 1309 in
1315 1271 1432 1309 Moer.
1463 1285 1549 1323 pag.
1590 1274 1686 1314 300.

1031 1353 1087 1360 —-
1114 1330 1175 1368 Ad
1204 1330 1450 1366 narrationem
1481 1330 1606 1367 confer
1639 1330 1690 1365 sis

1033 1401 1114 1426 cum
1150 1386 1375 1424 Herodoteis
1415 1398 1479 1433 ea,
1531 1387 1690 1434 quaein

1033 1445 1220 1494 Excerptt.
1242 1442 1395 1479 Diodor.
1419 1454 1503 1493 pag.
1519 1443 1603 1484 553
1632 1443 1689 1480 ed.

1035 1499 1193 1538 wessel.
1226 1499 1420 1547 leguntur,
1449 1499 1513 1536 ubi
1532 1499 1691 1536 Croesus

1037 1559 1090 1594 ira
1109 1562 1235 1606 captus
1257 1555 1461 1604 hospitem,
1505 1569 1527 1592 a
1554 1569 1626 1605 quo
1648 1556 1691 1593 fi-

1038 1615 1106 1650 lius
1145 1625 1272 1649 caesus
1314 1612 1454 1659 suerat,
1493 1613 1613 1649 vivum
1653 1626 1694 1649 se

1039 1669 1194 1708 fiammis
1213 1668 1428 1705 tradstmum
1444 1669 1610 1706 minatur.

1098 1732 1232 1777 ἐκάλεε
1255 1732 1326 1786 μὲν
1339 1735 1418 1773 Δία
1440 1731 1694 1787 Καθαρσιον,

1043 1788 1342 1858 μαρτυρόμενος
1362 1807 1410 1831 τα
1430 1789 1511 1832 ὑπὸ
1529 1795 1601 1832 τοῦ
1620 1793 1693 1840 ξεί-

1043 1866 1116 1890 νου
1143 1865 1191 1888 πε
1179 1845 1362 1894 πονθως
1392 1848 1481 1901 εἴη]
1522 1850 1628 1894 Quae
1648 1850 1695 1887 sit

1042 1908 1200 1957 expiatzo
1233 1919 1264 1944 S.
1290 1900 1510 1970 κάθαρσις,
1539 1906 1695 1943 vidimus

1043 1965 1091 2001 ad
1118 1963 1156 2010 Ι,
1193 1962 1260 2004 35.
1318 1961 1394 2000 Iam
1427 1964 1489 2012 qui
1519 1963 1610 2000 deus
1640 1963 1695 2000 lu-

1043 2020 1183 2057 strandi
1201 2019 1351 2068 negotio
1379 2024 1548 2069 praeest,
1577 2020 1609 2055 is
1642 2021 1698 2057 di-

1044 2077 1134 2114 citur
1164 2073 1265 2122 Ζεύς
1305 2071 1550 2127 καθάρσιος,
1595 2077 1695 2113 cuius

1045 2145 1149 2169 sacra
1177 2133 1329 2183 propius
1357 2133 1534 2170 accedunt
1562 2133 1612 2169 ad
1640 2145 1696 2180 ea,

1047 2201 1142 2238 quae
1168 2190 1208 2225 in
1235 2189 1331 2226 Iovis
1361 2190 1551 2240 μειλιχίου
1584 2189 1697 2226 sacris

1047 2247 1318 2295 spectabantur.
1383 2246 1479 2284 Vide
1508 2246 1608 2282 locos
1636 2258 1698 2283 ve-

1048 2306 1166 2337 terum
1199 2314 1221 2338 a
1249 2302 1434 2339 Creuzero
1455 2303 1630 2339 excitatos
1660 2302 1698 2338 in

1047 2356 1190 2394 Melett.
1231 2357 1324 2394 critt.
1365 2358 1383 2395 I
1423 2371 1509 2408 pag.
1551 2361 1616 2399 17.
1647 2359 1698 2398 18

1049 2415 1125 2449 not.
1141 2415 1178 2453 9.
1224 2413 1332 2450 Hunc
1356 2427 1441 2451 vero
1468 2416 1576 2451 deum
1595 2415 1700 2463 quasi

1050 2472 1180 2505 testem
1215 2469 1368 2506 advocat
1409 2483 1556 2517 eorum,
1605 2482 1699 2518 quae

1050 2525 1130 2573 ipse
1152 2525 1189 2559 'm
1207 2525 1390 2574 hospitem
1415 2526 1524 2562 officii
1556 2538 1599 2562 ac
1622 2526 1699 2575 pie-

1051 2580 1136 2616 tatis
1171 2580 1410 2627 documenta,
1450 2582 1503 2617 uti
1526 2582 1582 2618 fas
1611 2586 1700 2627 e1at,

1052 2636 1292 2686 praestiterit,
1322 2649 1416 2686 quae
1447 2636 1505 2674 ille
1533 2605 1745 2686 neglectas

1053 2691 1249 2740 religione,
1278 2697 1351 2729 tam
1369 2705 1480 2742 prave
1500 2693 1569 2743 ipsi
1582 2707 1700 2731 remu-

1054 2752 1202 2785 neratus
1230 2762 1311 2786 esse
1336 2749 1529 2787 oderetur.
1564 2744 1700 2788 Ἰστέον

1056 2801 1098 2842 δὲ
1135 2803 1249 2851 (sunt
1285 2804 1467 2841 Eustathji
1506 2806 1615 2843 verba
1653 2807 1701 2842 ad

1056 2859 1203 2900 Homer.
1216 2861 1353 2910 Odyss.
1362 2861 1461 2911 XVI,
1470 2864 1551 2904 429
1568 2876 1606 2914 p-
1618 2865 1700 2905 612
