1759 3324
367 226 452 266 538

759 224 1226 264 HERODOTI

369 333 658 390 διαδήσαντας
685 332 1016 390 ἀμφοτέρωθεν,
1057 334 1246 388 κατάπερ
1283 337 1417 390 βοῦν,
1459 332 1617 387 πορεύ-

369 418 516 457 εσθαι·
559 413 615 470 ἢν
645 414 689 457 δὲ
718 412 966 470 ἀπορραγῇ,
1011 412 1059 456 τό
1099 419 1254 457 πλοῖον
1296 416 1453 468 οἴχεται
1484 411 1674 467 φερό-45

337 497 504 547 3μενον
539 490 626 536 ὑπὸ
667 491 812 547 ἰσχύος
840 496 921 534 τοῦ
961 491 1084 546 ῥόου.

1142 492 1191 536 τὸ
1225 492 1269 535 δὲ
1298 494 1460 547 χωρίον
1489 495 1617 534 τοῦτο

366 571 454 614 ἔστι
483 572 550 615 ἐπὶ
575 570 739 626 ἡμέρας
768 569 969 623 τέσσερας
995 570 1147 620 πλόος·
1199 571 1370 621 σκολιός
1394 570 1438 614 δὲ
1468 568 1617 626 ταύτῃ,

363 648 552 702 κατάπερ
591 646 614 691 ὁ
655 649 932 700 Μαίανδρος,
979 647 1068 691 ἔστι
1097 647 1120 691 ὁ
1151 652 1320 699 Νεῖλος.
1378 653 1542 704 σχοῖνοι
1572 647 1618 690 δὲ

367 725 564 773 δυώδεκά
592 727 672 768 εἰσι
702 719 845 775 οὗτοι,
874 724 979 775 τούς
1009 728 1076 768 δεῖ
1090 726 1230 783 τούτῳ
1254 731 1314 782 τῷ
1337 725 1481 784 τρόπῳ
1505 728 1617 769 διεκ-

336 810 546 850 4πλῶσαι.
576 804 649 848 καὶ
678 803 820 846 ἔπειτα
849 799 1019 853 ἀπίξεαι
1049 803 1090 853 ἐς
1119 806 1270 847 πεδίον
1298 809 1435 856 λεῖον,
1479 805 1526 847 ἐν
1553 809 1615 860 τῷ
1662 810 1741 848 116

364 889 501 941 νῆσον
528 867 744 938 περιρξέει
773 878 795 925 ὁ
828 883 1003 932 Νεῖλος·
1058 883 1271 939 Ταχομψώ
1303 882 1473 938 οὕνομα
1505 881 1618 938 αὐτῇ
1631 888 1672 924 51

500 953 519 971 Ἰ

307 1070 323 1109 I
342 1082 428 1121 pag.
449 1067 504 1109 34
524 1080 599 1117 seq.
626 1071 663 1105 et
688 1067 735 1104 de
759 1065 834 1104 Nili
855 1079 960 1104 cursu

307 1127 429 1163 Strab.
448 1124 551 1161 XVII
581 1125 658 1160 init.
680 1136 715 1174 p.
736 1124 829 1164 786.
851 1124 960 1164 1133

307 1187 345 1220 et
366 1195 403 1232 p.
419 1180 659 1228 1177‚B.-
686 1179 746 1216 Ad
765 1174 960 1229 verbam'iv

307 1236 351 1278 δὲ
372 1233 583 1291 ἆποῤῥαγῇ
605 1236 721 1287 suppl.
745 1232 876 1281 κάλως
902 1235 960 1273 vel

307 1295 422 1334 simile
443 1293 543 1344 quid.

364 1377 445 1418 ἔστι
486 1376 550 1416 ἐπὶ
592 1375 741 1428 ἡμέρας
776 1375 960 1430 τέσσερας

305 1431 447 1484 πλόος]
468 1434 635 1471 Indicant
651 1435 742 1472 haec
761 1435 875 1472 verba
892 1448 958 1471 mz-

305 1493 521 1541 vz‘gationem
545 1490 746 1540 quatrz'duz'‚·
789 1492 883 1527 conf.
912 1491 958 1537 Π,

308 1551 361 1590 19
390 1552 427 1585 et
449 1547 580 1584 Matth.
610 1548 675 1584 Gr.
704 1548 768 1584 Gr.
800 1560 836 1597 p.
863 1547 956 1587 794.

307 1606 392 1649 Quo
411 1605 491 1653 ipso
513 1604 666 1654 spatium
688 1604 733 1640 ab
749 1603 960 1652 Elephanti-

306 1674 353 1699 ne
370 1660 488 1697 insula
508 1672 624 1708 usque
650 1660 699 1696 ad
725 1659 959 1709 Taehompso

304 1716 456 1754 indicari
495 1719 580 1766 post
614 1715 797 1753 Hemslck.
837 1717 961 1753 statuit

305 1773 520 1819 Larcherus,
530 1785 614 1808 mox
625 1776 746 1809 tamen
758 1772 849 1820 (vid.
862 1772 898 1809 T
901 1772 958 1810 ab.

306 1830 445 1877 Geogr.
461 1841 547 1878 pag.
566 1829 690 1875 531),
722 1829 789 1865 hac
814 1832 959 1866 senten-

303 1886 356 1923 tia
371 1886 518 1931 reiecta,
549 1885 731 1933 quatridui
750 1885 878 1922 itinere
894 1885 959 1922 de-

304 1942 432 1979 clarari
447 1940 524 1977 vult
537 1941 799 1988 longitudinem
812 1941 858 1977 ab
874 1940 960 1977 Ele-

303 1998 480 2048 phantine
506 2008 622 2044 usque
651 1997 699 2033 ad
720 2009 800 2033 eum
826 1996 956 2043 locum,

304 2053 367 2089 ubi
395 2051 503 2089 Nilus
532 2065 607 2088 non
634 2051 786 2100 amplius
819 2053 863 2087 sit
882 2055 957 2087 tor-

304 2113 452 2153 tuosus3
482 2108 581 2144 unde
592 2108 660 2144 alio
671 2108 779 2143 tridui
793 2111 856 2143 aut
867 2119 958 2155 qua-

305 2164 415 2201 tridui
443 2164 574 2200 itinere
603 2164 740 2200 distare
775 2162 957 2199 Tachom-

304 2233 392 2271 pso3
421 2220 473 2256 ita
491 2223 531 2255 ut
552 2219 600 2255 ad
621 2219 713 2255 hanc
736 2219 889 2255 insulam
911 2220 955 2256 ab

304 2275 550 2326 Elephantine
559 2275 803 2324 proficiscenti
819 2280 956 2324 septem

306 2346 335 2370 s.
355 2335 436 2368 octo
448 2331 524 2368 dies
547 2332 617 2367 sint
632 2331 846 2367 insumendi.
866 2331 957 2367 Mihi

304 2387 489 2425 Herodoti
509 2387 622 2424 verba
641 2387 699 2423 vix
721 2387 823 2423 aliter
843 2387 956 2437 expli-

305 2444 379 2481 cari
399 2456 509 2492 posse
526 2444 693 2479 videntur
714 2447 826 2491 atque
839 2443 885 2480 de
901 2444 957 2480 via

305 2500 353 2537 ab
373 2499 610 2548 Elephantine
628 2500 799 2547 usquead
811 2512 891 2535 eum
904 2499 957 2534 lo-

307 2568 406 2602 cum,
433 2555 494 2591 ubi
512 2554 616 2592 Nilus
637 2567 710 2591 non
729 2555 878 2604 amplius
901 2561 958 2592 est

306 2615 503 2648 tortuosus.
533 2611 652 2654 Quam
673 2611 766 2646 viam
783 2624 957 2648 commer-

307 2668 362 2704 cio
373 2667 599 2715 frequentem
612 2679 693 2703 esse
712 2668 848 2702 monuit
860 2668 958 2705 Hee-

306 2734 384 2760 ren.
399 2722 511 2760 Ideen
522 2727 588 2760 etc.
606 2722 651 2770 ll,
671 2725 697 2763 2
714 2735 798 2772 pag.
818 2722 910 2764 440.

370 2802 567 2857 Ταχομψώ
581 2801 734 2855 οὕνομα
747 2800 847 2859 αὐτῇ
864 2805 956 2858 ἐστι’]

312 2860 524 2913 Tachempso
551 2876 573 2900 a
598 2862 785 2912 Stephano
805 2863 958 2911 Byzant.

1028 1079 1056 1104 s.
1076 1080 1110 1104 v.
1139 1080 1254 1117 prope
1277 1066 1398 1105 Philas
1428 1079 1510 1105 esse
1537 1066 1678 1112 dicitur,

1027 1136 1122 1173 quae
1145 1123 1354 1161 Ptolemaeo
1383 1127 1534 1161 auctore
1559 1123 1676 1171 magis

1028 1180 1077 1217 ad
1098 1179 1281 1217 meridiem
1309 1193 1331 1217 a
1357 1180 1466 1217 Philis
1490 1179 1560 1217 sita
1585 1182 1675 1216 erat.

1027 1236 1140 1283 Sunt,
1181 1237 1243 1284 qui
1278 1236 1431 1273 insulam
1471 1235 1677 1286 appellent3

1030 1296 1113 1329 sunt
1140 1293 1201 1341 qui
1238 1293 1364 1330 urbem
1388 1297 1543 1339 vocent,
1583 1304 1678 1340 quae

1026 1348 1272 1385 Romanorum
1289 1354 1407 1387 aetate
1427 1349 1476 1386 ad
1493 1348 1678 1397 regionem

1027 1405 1172 1441 nomine
1209 1405 1509 1442 Dodecaschoeni
1553 1408 1676 1441 notam

1025 1461 1246 1511 pertinuerit.
1276 1461 1352 1498 Sed
1383 1463 1462 1511 ipsa
1483 1461 1570 1497 urbs
1592 1463 1678 1509 post

1027 1517 1192 1563 deserta,
1223 1530 1332 1567 quam
1349 1517 1547 1566 Aethiopes
1571 1516 1677 1553 aliam

1027 1586 1071 1610 ex
1107 1572 1197 1609 illius
1238 1575 1386 1622 regione
1426 1573 1677 1610 condiderant.

1025 1628 1135 1666 Nune
1172 1629 1250 1666 loco
1281 1642 1414 1666 nomen
1451 1642 1532 1666 esse
1563 1627 1678 1664 Derar

1026 1684 1208 1722 Mannert.
1226 1687 1329 1734 ponit
1348 1686 1369 1722 l.
1389 1685 1410 1721 l.
1433 1685 1480 1731 X,
1502 1687 1521 1725 1
1535 1698 1570 1734 p.
1585 1686 1677 1725 231.

1027 1742 1104 1778 Sed
1130 1741 1289 1779 Heeren.
1319 1742 1450 1789 (ldeen
1479 1746 1546 1779 etc.
1575 1740 1621 1788 ΙΙ,
1653 1742 1677 1781 1

1025 1810 1110 1848 pag.
1134 1797 1236 1846 359)
1264 1798 1415 1846 intelligi
1443 1811 1553 1848 posse
1580 1797 1677 1833 arbi-

1024 1859 1142 1890 tratur
1177 1854 1330 1891 insulam
1365 1853 1591 1904 Calaptschcf,
1620 1853 1676 1890 vel

1024 1910 1131 1946 aliam
1156 1911 1359 1959 quandam,
1402 1923 1496 1959 quae
1523 1913 1677 1958 quatuor

1024 1965 1184 2002 milliaria
1210 1966 1355 2003 ulterius
1386 1979 1406 2004 e
1429 1966 1579 2014 regione
1607 1966 1676 2002 vici

1026 2021 1202 2058 Girscheh
1223 2023 1290 2058 sita
1308 2023 1375 2068 sit3
1405 2023 1537 2058 namin
1549 2021 1608 2058 illa
1621 2022 1678 2058 in-

1025 2077 1101 2113 sula
1121 2078 1412 2127 splendidissima
1433 2083 1470 2114 et
1497 2078 1676 2128 amplissi-

1024 2146 1083 2170 ma
1109 2135 1322 2183 templorum
1347 2135 1478 2171 rudera
1497 2135 1675 2171 recentio-

1023 2190 1072 2225 ris
1099 2191 1226 2227 aetatis
1253 2192 1541 2240 peregrinatores
1573 2191 1676 2227 dete-

1024 2252 1171 2293 xerunt,
1219 2260 1311 2295 quos
1345 2247 1496 2284 eosdem
1534 2251 1674 2283 secutus

1023 2301 1152 2339 Ritter.
1174 2302 1364 2339 Erdkund.
1387 2303 1402 2339 I
1422 2316 1456 2352 p.
1473 2301 1552 2343 645
1571 2316 1672 2352 seqq.

1023 2357 1127 2408 plura
1143 2359 1313 2408 disputat.
1362 2360 1404 2396 In
1418 2359 1600 2408 Aegyptio
1620 2360 1674 2395 in-

1026 2414 1124 2451 sulae
1146 2416 1289 2452 nomine
1304 2414 1542 2463 Tachempsalz
1556 2428 1583 2451 s.
1600 2414 1674 2451 Τα-

1024 2470 1176 2507 cln'msah
1198 2471 1334 2508 invenit
1359 2471 1559 2521 Champoll.
1582 2471 1675 2518 (l’E-

1024 2531 1127 2575 gypt.
1151 2540 1234 2563 sous
1254 2528 1274 2563 l.
1294 2528 1393 2576 phar.
1407 2528 1467 2576 lp.
1485 2527 1561 2568 152
1576 2529 1674 2576 seq.)

1023 2582 1280 2619 indica:i‹›ne111
1298 2583 1376 2628 loci,
1394 2584 1455 2619 uhi
1469 2586 1551 2619 sunt
1571 2584 1677 2620 multi

1024 2639 1198 2675 crocodili.
1230 2639 1340 2682 Quod
1365 2639 1462 2676 idem
1479 2644 1586 2676 antea
1607 2653 1674 2689 po-

1025 2699 1146 2731 suerat
1172 2694 1357 2730 lomardus
1386 2695 1535 2732 Recueil
1564 2699 1629 2733 etc.
1657 2695 1673 2732 I

1024 2762 1108 2801 pag.
1131 2753 1198 2796 92,
1221 2751 1281 2786 ubi
1310 2751 1409 2786 varia
1426 2752 1572 2788 nomina
1589 2752 1674 2788 atti-

1026 2807 1098 2855 git,
1127 2807 1258 2855 quibus
1290 2807 1388 2855 apud
1419 2811 1558 2845 veteres
1583 2807 1673 2845 haec

1025 2862 1138 2900 insula
1158 2861 1379 2911 designatur.
