1759 3324
494 272 917 313 EUTERPE.
974 273 1020 310 II.

1296 275 1378 314 717

117 384 242 430 αὐτοὶ
299 383 582 440 ὁμολογέουσι
629 381 728 437 παρ’
770 381 1019 436 Αἰγυπτίων
1058 381 1378 437 μεμαθηκέναι·

115 464 275 518 Σύριοι
305 464 350 506 δὲ
380 465 423 506 οἱ
450 462 547 515 περὶ
581 459 870 515 Θερμώδοντα
909 461 982 503 καὶ
1015 461 1269 514 Παρθένιον
1298 468 1435 503 :tto—35

115 542 272 598 ταμὸν,
303 542 374 584 καὶ
397 539 642 595 Μάκρωνες
673 542 717 584 οἵ
745 539 940 583 τούτοισι
963 537 1263 594 ἀστυγείτονες
1282 538 1376 583 ἐόνα

87 630 201 672 ττες,
233 619 317 663 davd
350 619 532 676 Κόλχων
564 620 673 676 φασὶ
710 619 864 663 νεωστὶ
894 618 1207 674 μεμαθηκέναι.
1256 614 1380 663 οὗτοι

112 700 195 756 γάρ
225 702 305 743 εἰσι
336 701 378 742 οἷ
408 699 772 755 περιταμνόμενοι
802 697 1053 754 ἀνθρώπων
1082 703 1263 755 μοῦνοι·
1303 700 1378 742 καὶ

115 774 236 823 οὗτοι
266 781 540 835 Αἰγυπτίοισι
569 780 804 835 φαίνονται
831 783 1053 845 ποιεῦντες
1082 779 1193 823 κατὰ
1220 778 1273 821 τὰ
1295 777 1377 822 αὐ-

114 858 178 902 τά.
210 858 356 902 αὐτῶν
387 860 433 902 δὲ
464 860 712 913 Αἰγυπτίων
742 858 815 900 καὶ
845 857 1074 901 Αἰθιόπων
1104 858 1187 902 οὐκ
1218 859 1296 914 ἔχω
1319 861 1377 902 εἰ-

113 945 209 983 πεῖν
238 938 437 993 ὁκότεροι
465 937 583 993 παρὰ
615 942 702 980 τῶν
739 937 895 991 ἑτέρων
925 938 1154 993 ἐξέμαθον·
1194 935 1376 993 ἀρχαῖον
1390 942 1435 977 40

88 1019 203 1074 Syrio
236 1018 288 1074 δή
318 1036 358 1061 τι
390 1020 590 1074 φαίνεται
625 1015 709 1060 έόν.

769 1015 828 1068 ὦς
859 1015 899 1060 δ’
943 1016 1266 1073 ἐπιμισγόμενοι
1295 1019 1375 1060 Αἰ·-

115 1096 264 1155 γύπτῳ
297 1097 526 1153 ἐξέμαθον,
568 1096 677 1153 μέγα
706 1113 781 1153 μοι
819 1097 892 1140 καὶ
921 1096 1020 1141 τόδε
1047 1095 1281 1153 τεκμήριον
1310 1099 1376 1153 γί-

59 1299 181 1331 tamen
217 1293 362 1330 omnino
395 1294 617 1331 accuratiora
652 1293 712 1330 vix

60 1351 230 1387 habuisse
250 1351 393 1387 videtur
411 1350 556 1387 Nos-ter.
598 1351 710 1387 Oram

60 1407 275 1443 maritimam
296 1406 517 1443 Phoenicum
544 1419 631 1443 sane
652 1406 711 1444 ille

59 1463 275 1511 cognovisse
304 1462 468 1509 videtur3
501 1464 537 1499 in
562 1464 711 1500 interio-

60 1533 135 1557 rem
151 1518 309 1568 regionis
340 1524 494 1556 tractum
524 1532 544 1556 a
565 1520 709 1556 Iudaeis

60 1575 259 1613 habitatum
294 1576 351 1611 vix
378 1577 587 1625 pervenisse
611 1576 711 1612 illum

61 1632 284 1669 crediderim.
343 1632 449 1668 Conf.
489 1645 582 1682 quae
618 1633 713 1669 infra

63 1689 221 1725 dicemus
251 1689 297 1724 ad
324 1688 379 1735 Π,
405 1688 494 1730 159.
527 1688 597 1735 HI,
620 1689 644 1729 5
676 1692 712 1725 et

63 1745 132 1781 vid.
157 1744 308 1781 chnel.
330 1745 351 1780 l.
373 1743 393 1780 l.
414 1758 449 1794 p.
472 1745 564 1785 488.
585 1745 712 1793 Heyse

63 1805 201 1850 quaest.
223 1801 362 1838 Herod.
393 1814 478 1849 pag.
497 1803 550 1842 93
570 1814 644 1850 seq.
677 1804 713 1838 et

62 1857 278 1894 Dahlmann.
307 1858 444 1894 Herod.
474 1871 509 1907 p.
534 1859 610 1903 75,
650 1858 711 1906 qui

62 1917 181 1950 tamen
205 1914 306 1950 aliter
325 1918 497 1950 statuunt.

120 1965 264 2021 Σύριοι
291 1967 333 2008 δὲ
367 1969 407 2007 οἵ
434 1968 523 2022 περὶ
554 1965 712 2021 Θερμώ-

63 2027 181 2066 δοντα
219 2024 286 2064 καὶ
321 2025 555 2076 Παρθένιον
594 2042 712 2065 ποτα-

63 2081 159 2134 μόν]
197 2082 426 2131 Intelligendi
463 2087 548 2120 sunt
575 2083 713 2134 Cappa-

61 2140 178 2184 doces;
206 2140 277 2175 vid.
300 2139 454 2176 Rennel.
483 2140 505 2176 l.
531 2140 552 2176 l.
570 2154 607 2190 p.
630 2140 712 2181 484

63 2200 100 2234 et
120 2196 333 2234 Billerbeck.
365 2195 386 2232 l.
414 2195 435 2232 l.
493 2196 543 2232 Et
578 2198 712 2234 confer.

63 2265 207 2302 quoqne
231 2253 269 2300 Ι,
290 2255 325 2293 6.
346 2255 411 2293 72.
433 2255 486 2293 76
515 2253 603 2302 ibiq.
622 2258 714 2290 nott.

64 2309 286 2359 Conspirant
301 2309 357 2345 hic
377 2308 455 2345 libri
471 2310 508 2346 in
520 2311 714 2359 scriptione

65 2360 226 2416 Zziozoc3
255 2365 364 2415 paulo
382 2369 504 2402 tamen
531 2372 617 2403 ante
644 2380 711 2416 pro

67 2418 214 2471 Σύροι,
245 2423 343 2470 qnod
360 2423 484 2470 optimi
503 2423 638 2472 quique
657 2424 712 2460 of-

65 2478 204 2525 ferunt,
239 2477 398 2514 nonnulli
430 2479 600 2516 exhibent
624 2475 712 2518 Σύ-

68 2547 156 2583 ριοι.
190 2555 235 2560 -
270 2533 481 2571 Parthenius
498 2536 626 2573 fluvius
647 2537 713 2572 Bi-

66 2589 228 2637 thyniam
274 2594 385 2639 atque
424 2591 712 2642 Paphlagoniam

70 2658 236 2694 separare
253 2646 361 2695 vulgo
380 2648 527 2695 dicitur3
556 2661 577 2685 a
595 2650 713 2687 Grae-

69 2701 119 2737 cis
156 2714 250 2738 nunc
284 2707 431 2740 vocatur
472 2703 626 2742 Parthia
644 2735 654 2753 ,
693 2719 715 2743 a

71 2756 200 2793 Turcis
221 2757 345 2808 Dolap.
386 2759 417 2796 V
420 2760 468 2797 id.
489 2760 646 2810 Kriiger.
667 2763 715 2798 ad

71 2813 239 2863 Xenoph.
272 2814 429 2853 Anabas.
469 2816 524 2861 V,
556 2821 580 2858 6
613 2816 649 2868 ἓ.
676 2821 715 2865 9,

71 2869 130 2904 ubi
151 2882 295 2919 quoque
314 2871 360 2908 de
378 2871 623 2910 leermoslonte
646 2876 714 2910 flu·

71 2924 129 2960 vio
146 2953 156 2971 ,
199 2938 306 2974 quam
330 2926 439 2966 hodie
466 2933 598 2966 vocant
625 2929 713 2967 Per-

780 1292 864 1330 meh.
936 1292 994 1331 De
1036 1291 1249 1330 Macronum
1286 1295 1433 1331 sedibus

779 1350 876 1387 idem
904 1351 958 1386 vir
988 1351 1115 1387 doctus
1140 1354 1264 1387 monet
1294 1352 1342 1387 ad
1370 1351 1434 1397 lv,

781 1409 818 1453 8,
844 1409 878 1445 1.
910 1406 968 1443 Ad
982 1405 1162 1443 Absarum
1184 1406 1277 1444 enim
1291 1420 1434 1444 amnem

779 1463 907 1511 (hodic
922 1462 1100 1512 Sclwral.)
1119 1464 1156 1500 in
1175 1464 1266 1501 valle
1283 1464 1434 1501 Ba‹·l›01·t

780 1520 927 1569 quidam
947 1519 989 1556 iis
1014 1521 1119 1557 sedes
1141 1521 1344 1569 assignant,
1376 1534 1434 1558 re-

779 1580 968 1628 pugnante
995 1575 1171 1623 Arriano,
1200 1577 1260 1626 qui
1286 1591 1349 1614 cos
1371 1590 1436 1613 sna

780 1637 904 1670 aetate
936 1632 1075 1670 Sannos
1107 1647 1188 1671 esse
1231 1634 1432 1684 appellatos

779 1691 910 1733 refert3
940 1702 1031 1738 qnos
1053 1691 1202 1727 eosdem
1228 1703 1308 1727 esse
1326 1695 1436 1738 atque

818 1759 924 1782 zanos
946 1746 1089 1783 serioris
1110 1747 1238 1783 aetatis
1250 1747 1434 1782 Mannerti

781 1806 836 1840 est
870 1803 1058 1839 sententia.
1129 1803 1205 1840 Sed
1236 1803 1435 1840 Rennelins

779 1872 854 1895 non
892 1859 1054 1896 diversos
1103 1873 1184 1897 esse
1232 1860 1436 1910 suspicatur

780 1914 923 1952 Arriani
957 1913 1205 1966 Μαχέλονας.

840 1967 1004 2022 α’ρχαῖον
1026 1969 1100 2023 γὰρ
1126 1968 1176 2022 δή
1197 1987 1233 2010 τι
1251 1971 1436 2021 φαίνεται

781 2023 862 2078 ἐόν]
895 2027 1005 2078 Apud
1025 2028 1224 2079 Aethiopes
1244 2043 1325 2066 esse
1339 2028 1435 2065 Tro-

782 2085 947 2134 glodytas
961 2114 972 2132 ,
1002 2085 1062 2133 qni
1085 2086 1280 2122 circumcisi
1302 2086 1436 2122 suerint

781 2145 874 2178 teste
908 2141 1074 2178 Diodoro
1104 2142 1179 2189 ΙΙΙ,
1206 2144 1283 2187 32,
1315 2143 1437 2179 scribit

782 2197 1001 2247 VVesseling.
1025 2199 1195 2248 idemque
1219 2198 1323 2235 addit
1344 2197 1436 2235 Ara—

782 2255 880 2291 bicas
908 2255 1086 2303 quasdam
1115 2269 1197 2293 esse
1229 2259 1357 2304 gentes
1374 2285 1384 2302 ‚
1414 2269 1436 2292 a

784 2311 936 2360 quibus,
977 2313 1038 2361 qui
1066 2312 1177 2349 hodie
1204 2311 1436 2361 Aethiopiam

782 2367 940 2404 incolant
961 2396 972 2414 ‚
1029 2368 1125 2405 hunc
1158 2368 1435 2406 circumcisionis

778 2437 915 2461 morem
938 2425 1151 2474 receperint.
1191 2425 1252 2461 Tu
1272 2426 1434 2462 conferas

780 2493 874 2529 quae
897 2482 943 2517 ad
971 2481 1024 2528 ΙΙ,
1043 2484 1095 2522 29
1112 2482 1160 2519 de
1179 2482 1318 2531 origine
1329 2482 1435 2519 huius

778 2537 888 2574 moris
916 2538 1130 2575 notavimus.

838 2591 891 2640 ὥς
917 2589 958 2632 δ’
987 2590 1285 2646 ἐπιμισγόμενοι
1310 2591 1436 2646 Αἰγύ-

781 2665 864 2703 πτῳ
889 2665 922 2688 κ.
933 2666 964 2689 τ.
977 2649 1025 2700 λ.]
1057 2650 1229 2700 Intelligit
1252 2664 1313 2689 eas
1335 2652 1434 2702 ipsas

782 2711 936 2755 genteS,
964 2720 1053 2756 quas
1078 2720 1188 2758 supra
1212 2721 1436 2745 memorave-

781 2767 859 2809 rat⁷
878 2763 1077 2801 Phoenices
1092 2793 1102 2811 ,
1124 2765 1237 2812 Syros
1258 2765 1436 2802 Palaesti-

781 2832 912 2857 nenses
932 2849 942 2867 ‚
981 2821 1221 2870 Cappadoces
1240 2848 1250 2866 ‚
1290 2821 1436 2858 minime

783 2889 867 2913 vero
888 2875 1096 2926 Aethiopes.
1155 2875 1435 2927 ἐπιμίσγεσθαι

783 2933 832 2969 ad
855 2935 1088 2970 commercium
1110 2937 1267 2970 mutuum
1286 2933 1434 2970 istarum
