1832 3315
681 238 982 278 cL10.1.

1381 241 1463 281 183

201 357 342 408 ἔθνος.
387 351 460 397 καὶ
493 349 542 394 τὸ
571 348 673 405 μὲν,
713 347 886 404 οὐδαμῆ
927 363 990 392 κω
1021 344 1277 404 ἐξεχώρησε·
1317 344 1367 389 τὸ
1402 344 1517 398 δὲ,45

144 534 199 567 est
237 540 315 565 cum
350 538 414 571 eo,
472 522 572 572 quod
610 521 790 571 Pelasgos

139 595 322 631 nunquam
347 580 461 617 solum
488 581 671 626 mutasse,
700 578 791 616 Hel-

144 640 242 676 lenes
274 650 359 675 vero
389 636 539 674 multum
568 639 789 685 pervagatos

139 707 222 733 esse
249 694 420 739 tradunt3
446 692 547 741 quod
576 691 695 740 ipsum
716 692 789 730 iam

137 750 188 788 ad
209 750 413 787 universam
428 748 523 785 illam
546 748 593 785 de
611 747 788 797 Pelasgo-

136 819 215 844 rum
235 810 346 855 atque
373 805 568 843 Hellenum
587 805 789 853 originibus

135 862 390 913 quaestionem
414 861 592 912 pertinet,
644 861 691 899 de
718 874 791 910 qua

135 920 271 957 referre
295 919 446 967 longum
478 921 555 965 est,
586 918 673 956 certi
701 918 790 967 quid

134 975 288 1013 definire
328 974 588 1013 difficillimum.
665 974 790 1017 Quare

133 1044 229 1082 quae
248 1031 297 1068 ad
314 1031 500 1081 scriptoris
520 1030 636 1067 nostri
658 1030 790 1068 intelli-

133 1088 297 1137 gentiam
316 1087 478 1125 nonnihil
495 1088 614 1125 facere
632 1087 788 1137 possint,

134 1157 179 1182 ea
198 1157 315 1195 pauca
334 1144 392 1181 hic
410 1144 676 1181 adnotabimus.
714 1143 788 1186 Qui

133 1201 290 1252 primum
311 1200 446 1238 diserte
478 1203 624 1247 monet,
653 1199 787 1237 diversi

134 1258 280 1306 generis
293 1270 376 1294 esse
387 1256 564 1305 Pelasgos
575 1260 685 1305 atque
694 1254 784 1292 Hel-

133 1314 256 1360 lenes3
283 1313 322 1350 in
349 1326 421 1362 quo
450 1316 583 1363 postea
610 1313 785 1349 adversa-

135 1374 194 1408 tus
221 1374 277 1407 est
312 1369 359 1405 illi
391 1369 591 1417 Dionysius
618 1368 784 1405 Halicar-

131 1439 230 1464 nass.
276 1424 427 1474 Antiqq.
472 1425 618 1462 Romm.
655 1424 694 1473 Ι,
733 1426 785 1465 17

131 1497 169 1540 p.
191 1481 244 1524 45
269 1482 328 1520 ed.
345 1481 473 1519 Reisk.
493 1482 583 1519 11300
602 1481 784 1519 scribens:

131 1540 185 1591 ἦν
204 1553 278 1591 γαρ
297 1534 347 1588 δὴ
370 1536 437 1578 καὶ
468 1553 511 1577 το
543 1553 625 1576 των
659 1539 784 1577 Πελα-

131 1597 238 1648 σγῶν
290 1593 404 1660 γένος
450 1590 701 1644 Ἑλληνικὸν,
743 1592 784 1633 ἐκ

133 1647 450 1703 Πελοποννησον
470 1667 513 1691 το
533 1647 711 1703 ἀρχαῖον.
732 1649 786 1688 Αο

133 1708 258 1760 plures
285 1708 351 1744 viri
386 1708 484 1746 docti
520 1708 589 1745 hoc
618 1706 786 1756 Dion)sii

132 1765 378 1804 testimonium
397 1765 511 1802 secuti
530 1768 633 1811 sunt,
655 1765 692 1800 in
705 1764 784 1812 qui-

131 1822 201 1860 bus
218 1822 417 1872 praecipue
445 1821 567 1858 Vater.
603 1821 651 1857 ad
683 1819 783 1857 Ade-

133 1877 233 1927 lung.
258 1877 459 1914 Mithridat.
478 1878 513 1915 Π
530 1891 567 1927 p.
585 1879 669 1918 382
679 1890 782 1926 seqq.

131 1935 216 1976 392
235 1947 313 1984 seq.
332 1934 473 1971 consuli
497 1933 573 1971 wilt
605 1932 697 1980 Cn,
728 1938 782 1969 at—

132 2004 204 2040 que
238 1990 409 2029 Herbert.
443 1990 562 2027 Marh.
599 1990 637 2026 in
673 1989 782 2026 Horr.

130 2047 303 2096 Pelasgg.
318 2047 551 2096 (Cantabrig.
567 2046 708 2094 1815),
720 2045 782 2095 qui

131 2104 258 2142 itidem
273 2103 452 2153 Pelasgos
473 2108 509 2141 et
526 2103 700 2141 Hellenes
712 2115 779 2152 pro

130 2173 204 2198 una
245 2160 449 2210 eademque
495 2160 609 2210 stirpe
656 2159 781 2196 haberi

130 2217 327 2255 contendit.
357 2217 498 2261 Quibus
510 2215 781 2266 quodammodo

131 2273 313 2312 accenseri
322 2274 457 2325 poterit
464 2272 783 2310 Raoul-Roehette

133 2329 304 2378 (Histoir.
323 2331 371 2368 de
387 2329 586 2367 l’Etabliss.
607 2330 642 2366 d.
665 2328 780 2366 colon.

135 2386 268 2436 Grecq.
289 2386 306 2424 I
324 2400 363 2437 p.
393 2388 479 2435 11),
509 2387 570 2424 ubi
588 2385 783 2423 discrimen

133 2442 227 2481 inter
247 2447 438 2492 utramque
456 2446 604 2492 gentem
625 2454 699 2478 non
709 2441 784 2478 tale

134 2512 218 2538 esse
254 2504 399 2547 monet,
444 2499 551 2549 quale
599 2498 783 2549 plerisque

134 2554 308 2594 videatur.
363 2555 415 2592 Et
441 2556 511 2594 alio
539 2555 618 2593 loco
640 2555 745 2603 (ibid.
766 2554 782 2591 Ι

135 2623 172 2661 P·
203 2610 278 2652 141
297 2613 404 2662 seq.)
449 2612 627 2662 Pelasgos
657 2610 783 2647 statuit

135 2667 346 2716 indigenam
403 2669 580 2707 Graeciae
634 2671 781 2717 gentem

137 2735 221 2760 esse
246 2724 301 2761 vel
326 2728 423 2763 certe
447 2738 550 2772 eam,
581 2725 680 2761 0111115
706 2724 783 2774 pri-

139 2790 221 2816 mae
254 2779 293 2816 in
318 2780 494 2829 Graecia,
532 2781 782 2830 antiquissimo

140 2837 236 2871 certe
259 2847 371 2884 aevo,
399 2838 464 2874 fiat
491 2839 638 2875 mentio.
698 2837 783 2880 Quo

140 2889 277 2927 cautius
293 2891 339 2930 de
355 2893 412 2930 his
430 2893 593 2945 disputat
616 2893 728 2932 Beck.
748 2893 786 2930 in

859 520 1076 571 Allgemein.
1094 517 1319 570 Weltgeseh.
1338 517 1354 555 1
1373 531 1409 569 p.
1421 517 1514 560 348.

861 579 942 620 807
961 579 1019 616 ed.
1039 577 1187 615 secund.
1246 575 1320 619 Qui
1348 575 1514 626 primitus

858 635 1008 684 quidem
1034 633 1169 671 diversi
1200 632 1347 681 generis
1378 635 1515 668 utram-

857 703 930 741 que
950 691 1092 728 fuisse
1084 693 1230 738 gentem
1241 688 1405 725 concedit
1415 687 1515 725 Titt-

859 760 980 785 mann.
1001 747 1068 795 (de
1086 744 1365 795 Amphictyonn.
1382 757 1419 794 p.
1432 745 1512 784 113

860 804 998 853 50(1(1.,)
1039 806 1172 853 postea
1207 805 1330 840 tamen
1366 804 1513 838 mutuae

859 860 1089 909 cognationis
1108 858 1207 895 haud
1223 869 1340 908 pauca
1356 857 1513 905 vestigia

858 916 1009 966 reperiri
1033 915 1230 953 contendit.
1270 913 1392 957 Quum
1415 913 1511 950 enim

858 973 958 1023 prius
980 971 1219 1020 Pelasgorum
1231 970 1328 1020 'gens
1343 981 1433 1020 prae
1453 982 1511 1007 re-

857 1029 966 1078 liquis
1015 1028 1222 1066 excelluerit
1270 1026 1507 1074 eiusdemque

856 1098 992 1123 nomen
1018 1085 1203 1135 plerisque
1230 1084 1309 1121 fere
1331 1082 1510 1120 Graeciae

856 1142 1027 1191 gentibus
1041 1140 1149 1178 fuerit
1159 1152 1349 1177 commune
1357 1168 1368 1186 ,
1378 1143 1509 1189 postea

854 1198 1048 1236 Hellenum
1066 1210 1201 1234 nomen
1218 1194 1412 1233 invaluisse
1423 1207 1507 1232 cen-

854 1263 913 1292 set
938 1267 1013 1291 non
1049 1254 1169 1290 miuus
1201 1252 1236 1289 vi
1260 1256 1370 1302 atque
1398 1251 1507 1288 armis

855 1323 965 1360 quam
994 1308 1258 1347 consuetudine
1309 1311 1508 1356 mutuoque

854 1367 1088 1412 00111111οτ01ος
1125 1366 1162 1403 111
1189 1378 1261 1414 (1110
1287 1364 1368 1414 ipso
1396 1364 1507 1401 vesti—

855 1424 954 1473 gium
971 1435 1149 1474 apparere
1174 1421 1323 1470 linguae
1342 1419 1507 1468 Pelasgi-

855 1493 918 1518 cae
936 1484 1046 1529 atque
1064 1478 1275 1516 Hellenicae
1304 1490 1379 1514 non
1400 1476 1507 1514 valde

855 1537 1032 1574 diversae.
1079 1535 1173 1573 Utut
1194 1538 1273 1582 est,
1302 1533 1389 1572 mihi
1406 1536 1504 1571 certe

853 1593 974 1644 potior
991 1593 1133 1630 videtur
1150 1591 1333 1629 Herodoti
1349 1590 1505 1627 auctori-

853 1654 910 1687 tas
948 1662 1037 1700 prae
1073 1648 1264 1696 Dionysii,
1301 1647 1362 1696 qui
1388 1646 1503 1683 multo

852 1710 939 1757 post
955 1706 1061 1751 vixit,
1084 1704 1294 1742 testimonio
1313 1703 1506 1741 Hellenes-

853 1775 925 1812 que
942 1762 1028 1800 inde
1055 1765 1091 1798 et
1111 1761 1289 1810 Pelasgos
1310 1760 1426 1810 probe
1447 1759 1504 1796 (11-

850 1818 1090 1867 stinguendos
1131 1830 1213 1855 esse
1243 1828 1386 1854 censeo.
1442 1814 1503 1853 Tu

851 1876 922 1912 vid.
971 1874 1176 1923 Thucydid.
1218 1873 1256 1920 I,
1285 1874 1323 1913 3.
1371 1871 1502 1910 Kruse.

849 1931 979 1968 Hellas
1014 1931 1030 1967 I
1057 1943 1144 1981 pag.
1162 1929 1256 1971 403.
1285 1928 1367 1970 414
1396 1941 1502 1978 seqq.

852 1987 945 2029 416.
968 1987 1062 2028 453.
1084 1986 1166 2028 461
1184 1999 1266 2036 sqq.
1294 1998 1337 2023 30
1365 1985 1412 2022 (10
1432 1985 1503 2022 Ρο-

851 2044 1037 2094 lasgorum
1056 2043 1204 2080 nomine
1221 2042 1310 2080 ibid.
1330 2055 1367 2092 p.
1379 2040 1474 2083 437.

904 2099 972 2140 καὶ
996 2096 1040 2139 τό
1062 2096 1147 2151 μὲν,
1165 2094 1324 2150 ου’δαμῆ
1349 2110 1406 2136 κω
1427 2096 1502 2145 ἔξε-

849 2152 1026 2210 χώρησε]
1066 2156 1170 2194 Η300
1205 2156 1317 2193 verba
1357 2155 1404 2192 de
1431 2154 1504 2192 Pe·

848 2214 963 2264 lasgis
1001 2212 1260 2261 intelligenda,
1305 2211 1502 2249 admodum

853 2274 1088 2309 exercuerunt
1106 2270 1203 2307 viros
1233 2269 1381 2315 doctos,
1422 2281 1502 2305 cum

852 2327 966 2366 multa
987 2326 1086 2377 apud
1111 2329 1252 2363 veteres
1281 2324 1416 2362 tradita
1442 2337 1501 2362 re-

851 2384 1036 2435 periamus
1061 2383 1108 2420 (Ῑο
1138 2381 1377 2431 Pelasgorum
1404 2393 1503 2418 com-

851 2439 1128 2490 migrationibus
1141 2467 1151 2486 ,
1171 2451 1266 2488 quae
1285 2437 1405 2475 omnia
1416 2450 1503 2486 pro—

851 2499 947 2535 ferre
974 2496 1140 2546 putidum
1162 2498 1228 2533 est.
1285 2493 1412 2531 Unum
1440 2506 1503 2530 011-

852 2553 970 2591 citabo
982 2553 1222 2598 Strabonem,
1239 2551 1301 2600 qui
1320 2549 1502 2598 Pelasgos

851 2614 957 2647 vocat
985 2603 1243 2647 πολύπλανοι)
1276 2605 1398 2653 ἕθνος
1434 2604 1504 2644 καὶ

851 2662 947 2717 ταχὺ
978 2661 1079 2717 πρός
1113 2659 1349 2710 ἀναστάσεις
1385 2662 1503 2711 (ΧΙΠ

851 2737 888 2774 p-
919 2725 997 2764 621
1031 2736 1060 2758 S·
1089 2724 1186 2767 922,
1207 2720 1290 2769 C)·‚
1327 2720 1383 2757 cui
1400 2719 1504 2756 addit

854 2779 917 2817 Cr.
956 2777 1139 2815 Eustathii
1170 2776 1289 2814 locum
1322 2776 1503 2825 insignem

853 2837 901 2873 ad
915 2835 1068 2872 Homeri
1084 2834 1221 2882 Odrs.
1242 2832 1333 2870 XIX
1351 2846 1387 2883 p.
1406 2834 1502 2875 690,

854 2894 908 2934 30
937 2892 994 2930 ed.
1022 2890 1134 2930 Basil.
1173 2884 1427 2943 περιώνυμον
1460 2883 1502 2925 δὲ
