1814 3315
651 239 954 281 cL10.1.

1355 246 1435 286 181

167 355 246 412 τὴν
274 352 517 411 συμμαχίην
547 349 764 403 ἐδέξαντο,
807 349 881 394 καὶ
910 349 978 395 ὅτι
1008 349 1056 395 ἐκ
1084 348 1264 395 πάντων
1293 350 1433 407 σφέας

137 434 407 489 Ξπροκρίνας
441 428 684 486 Ἑλλήνων,
740 429 907 485 αἱρέετο
947 431 1122 485 φίλους.
1181 431 1257 474 καὶ
1297 433 1431 475 τοῦτο

164 513 266 569 μὲν,
307 509 434 554 αὐτοὶ
473 503 587 565 ἦσαν
624 508 790 565 ἑτοῖμοι
820 508 1140 567 ἐπαγγείλαντι·
1198 513 1331 553 τοῦτο
1370 511 1489 563 δὲ,40

162 588 445 646 ποιησάμενοι
485 592 683 645 κρητῆρα
719 586 929 644 χάλκεον,
990 591 1156 643 ζωδίων
1195 604 1240 632 τε
1270 588 1430 641 ἔξωθεν

159 668 400 725 πλήσαντες
428 668 525 723 περὶ
553 666 603 711 τὸ
633 672 793 724 χεῖλος,
836 667 911 712 καὶ
940 666 1125 724 μεγάθεϊ
1151 669 1430 726 τριηκοσίους

159 747 383 804 ἀμφορέας
411 748 630 804 χωρέοντα
659 743 794 804 ἦγον,
836 749 984 803 δῶρον
1022 746 1285 805 βουλόμενοι
1315 746 1430 791 άντι-

127 829 317 872 3δοῦναι
352 828 542 885 Κροίσῳ.
602 821 733 879 οὗτος
776 825 800 871 ὁ
841 826 1004 883 κρητὴρ
1047 825 1131 871 οὐκ
1175 825 1353 872 ἀπίκετο
1384 827 1427 879 ἐς

155 905 346 963 Σάρδις,
376 905 428 952 δι’
459 908 598 958 αἰτίας
618 906 824 962 διφασίας
841 904 1075 962 λεγομένας
1093 906 1245 951 τάσδε·
1279 908 1323 951 οἱ
1342 906 1423 963 μὲν
1436 909 1482 949 45

154 986 496 1043 Λακεδαιμόνιοι
525 984 722 1043 λέγουσι,
753 986 812 1037 ὥς
841 986 932 1030 ἐπεί
959 1002 1005 1030 τε
1034 983 1248 1042 ἀγόμενος
1276 985 1319 1038 ἐς
1346 986 1424 1038 τὰς

156 1066 327 1122 Σάρδις
361 1065 385 1111 ὁ
414 1065 579 1123 κρητὴρ
609 1066 772 1122 ἐγίνετο
801 1064 912 1110 κατὰ
940 1064 1020 1123 τήν
1051 1067 1247 1122 Σαμίην,
1285 1064 1426 1109 πυθό-

157 1163 283 1204 μενοι
311 1143 475 1202 Σάμιοι
504 1144 736 1190 ἀπελοίατο
768 1144 925 1199 αὐτὸν,
955 1145 1084 1201 νηυσὶ
1113 1148 1305 1202 μακρῇσι
1334 1144 1422 1188 ἐπι-

126 1225 418 1277 4πλώσαντες.

482 1223 609 1269 αὐτοὶ
646 1225 693 1269 δὲ
730 1223 892 1281 Σάμιοι
929 1223 1129 1281 λέγουσι,
1168 1240 1229 1275 ως
1258 1223 1349 1268 ἐπεί
1376 1240 1421 1268 τε

154 1304 402 1362 ὑστέρησαν
432 1305 476 1348 οἷ
503 1303 684 1360 ἄγοντες
711 1308 801 1347 τῶν
820 1305 1182 1360 Λακεδαιμονίων
1209 1300 1289 1346 τόν
1317 1319 1421 1359 κρη-

152 1388 284 1441 τῆρα,
325 1382 629 1428 ἐπυνθάνοντο
669 1382 715 1427 δὲ
743 1381 914 1437 Σάρδις
950 1399 994 1427 τε
1033 1382 1107 1426 καὶ
1144 1384 1344 1438 Κροῖσον
1373 1380 1476 1439 ἡ-5ο

149 1463 357 1516 λωκὲναι,
387 1461 602 1507 άπέδοντο
631 1462 711 1506 τὸν
739 1466 935 1519 κρητῆρα
964 1462 1012 1506 ἐν
1040 1461 1204 1522 Σάμῳ,
1240 1459 1418 1512 ἰδιώτας

151 1543 199 1588 δὲ
227 1542 394 1597 ἄνδρας
421 1542 688 1598 πριαμένους
713 1539 946 1586 ἀναθεῖναί
973 1558 1049 1599 μιν
1078 1541 1122 1594 ἐς
1142 1539 1192 1585 τὸ
1218 1538 1413 1596 Ἡραῖον·

144 1621 254 1679 τάχα
283 1622 330 1666 δὲ
360 1620 416 1666 ὂὲν
443 1622 517 1666 καὶ
555 1623 600 1666 οἱ
632 1619 898 1678 ἀποδόμενοι
927 1622 1115 1678 λέγοιεν,
1156 1618 1415 1677 ἀπικόμενοι

148 1701 192 1754 ἐς
225 1700 456 1758 Σπάρτην,
489 1699 548 1753 ὥς
578 1698 919 1758 ἀπαιρεθείησαν
952 1699 1040 1747 ὑπὸ
1071 1702 1271 1759 Σαμίων.
1303 1700 1414 1745 κατὰ

147 1779 228 1839 μέν
255 1797 340 1825 νυν
367 1780 446 1826 τόν
474 1785 670 1839 κρητῆρα
700 1780 840 1833 οὕτως
870 1781 975 1838 ἔσχε.
1422 1785 1468 1820 55

87 1996 178 2035 satis
224 1996 295 2034 sibi
338 1999 482 2034 constet
525 1995 739 2034 Herodotus

88 2052 225 2103 (qualis
248 2056 345 2091 certe
374 2053 423 2090 ad
451 2066 519 2089 nos
539 2049 738 2104 pervenit),

87 2110 245 2161 optimos
268 2122 432 2159 quosque
454 2109 565 2147 libros
583 2110 738 2160 scriptos

86 2166 201 2203 secuti
237 2179 371 2204 sumuS.
419 2166 528 2203 Conf.
557 2169 739 2205 caeterum

85 2220 216 2260 matth.
237 2222 303 2260 Gr.
322 2223 388 2261 Gr.
411 2235 499 2274 pag.
521 2225 615 2265 292.

142 2334 294 2382 ζῳδίων
313 2349 354 2375 τε
381 2333 531 2383 ἔξωθεν
556 2329 737 2385 πλήσαν-

84 2393 170 2438 τες]
207 2388 347 2441 ζιόδια,
384 2396 424 2428 ut
474 2393 566 2429 bene
614 2395 740 2429 monet

85 2447 300 2497 Schweigh.,
324 2460 398 2485 non
415 2448 583 2485 animalia
609 2449 738 2485 dicun-

85 2507 164 2551 tur,
199 2517 323 2542 verum
365 2504 553 2543 cuiuslibet
593 2503 739 2553 generis

83 2559 244 2609 figurae,
299 2561 525 2608 animalium,
578 2562 738 2610 frugum,

85 2615 237 2663 florum,
273 2622 340 2655 etc.
397 2618 482 2655 Hoc
517 2631 631 2656 sensu
660 2619 738 2665 ζῶα

84 2669 363 2721 inveniuntur1‚
389 2675 483 2715 203.
517 2674 574 2722 11,
602 2673 642 2722 4,
676 2673 737 2710 uhi

85 2725 160 2763 vid.
183 2731 273 2765 nott.
297 2728 357 2766 Ad
382 2729 659 2768 meliorem-loci
681 2730 737 2767 in-

86 2780 336 2832 telligentiam,
365 2786 418 2822 sie
432 2787 497 2823 tibi
518 2787 637 2835 fingas
656 2786 736 2824 No-

85 2841 201 2874 strum
218 2840 423 2890 scripsisse:
458 2843 608 2889 ζωδίων
624 2857 737 2882 τε-

88 2888 309 2945 πλήσαντες
342 2895 425 2936 καὶ
458 2919 515 2926 -
540 2897 737 2951 χωρέοντα

809 1996 1007 2048 (κρητῆρα
1039 1988 1333 2048 ποιησάμενοι)
1363 1988 1466 2049 ἦγον

809 2054 885 2107 (τῷ
908 2051 1103 2107 Κροίσῳ).

865 2105 1082 2149 ἀναθεῖναί
1091 2124 1159 2160 μιν
1171 2108 1211 2156 ἔς
1229 2105 1272 2149 τὸ
1283 2107 1461 2160 Ἡραῖον]

807 2166 867 2206 De
886 2167 955 2204 hoc
985 2166 1123 2217 templo
1153 2166 1304 2203 laudant
1318 2166 1462 2203 Herod.

805 2223 877 2271 IV,
911 2225 974 2264 19.
1000 2222 1074 2270 VI,
1105 2224 1170 2263 81.
1202 2223 1272 2270 IX,
1304 2223 1371 2269 52,
1400 2222 1463 2259 ubi

805 2280 878 2318 vid.
900 2284 937 2317 et
954 2278 1098 2329 Apulei.
1109 2279 1245 2316 Florid.
1265 2291 1351 2329 pag.
1365 2280 1460 2320 350.

806 2358 862 2365 —-
882 2336 956 2379 Qui
984 2336 1022 2372 in
1054 2336 1109 2372 his
1139 2336 1259 2374 verbis
1283 2336 1462 2386 reperitur

805 2393 946 2430 subitus
986 2393 1160 2429 orationis
1200 2393 1373 2430 transitus
1422 2391 1461 2428 in

804 2449 969 2486 infinitivi
991 2453 1219 2496 structuram,
1247 2462 1327 2485 cum
1357 2452 1461 2485 ante-

805 2505 957 2544 cesserit
990 2502 1043 2550 ὦς
1071 2518 1152 2543 cum
1190 2505 1302 2543 verbo
1342 2504 1458 2551 finito,

806 2563 853 2599 ab
891 2562 1112 2611 optimorum
1144 2562 1358 2611 scriptorum
1390 2574 1459 2597 usu

804 2618 901 2655 haud
925 2618 1105 2655 abhorret.
1138 2619 1248 2654 Conf.
1269 2630 1364 2666 quae
1385 2617 1459 2654 dixi

803 2674 841 2711 in
857 2675 1031 2712 Crcuzeri
1044 2673 1186 2712 Melett.
1207 2674 1253 2711 ΙΙΙ
1265 2687 1300 2724 p.
1317 2676 1370 2715 12
1379 2686 1458 2723 seq.

859 2725 957 2782 τάχα
985 2728 1028 2770 δὲ
1067 2727 1117 2769 (ἲν
1141 2729 1210 2769 καὶ
1244 2730 1285 2769 οἱ
1310 2724 1458 2769 άποδό-

804 2800 918 2838 μενοι
937 2801 972 2825 κ.
994 2801 1027 2826 τ.
1048 2789 1096 2834 λ.]
1127 2788 1222 2824 Sunt
1247 2786 1363 2837 ipsius
1380 2786 1458 2823 He-

801 2844 923 2880 rodoti
940 2844 1063 2892 verba,
1083 2844 1254 2880 iudicium
1270 2856 1374 2880 suum
1392 2842 1457 2879 ad-

803 2900 978 2948 iicientis,
1019 2912 1094 2950 quo
1127 2900 1292 2938 diversas
1328 2899 1456 2937 eadem
