1759 3324
8 2759 11 2794 Ι

602 279 908 318 CL10.1.

1310 280 1397 321 325

136 391 458 443 ἀποθανόντος·
478 388 537 441 ὥς
558 388 614 433 ου’
633 388 848 444 πρότερον
865 385 1079 432 θάπτεται
1099 385 1262 443 ἀνδρὸς
1283 388 1395 443 Πέρ-

137 486 219 517 σεω
248 470 272 515 ὁ
304 471 451 521 νέκυς,
501 468 605 522 πρὶν
634 467 690 511 ἂν
718 465 793 512 ὑπ’
823 467 1005 524 ὄρνιθος
1042 466 1070 522 ἢ
1097 465 1232 518 κυνός
1270 465 1450 510 {lxv-45

106 555 307 608 Ξσθῆναι.
364 547 532 605 μάγους
560 547 639 603 μὲν
666 547 750 603 γὰρ
780 546 992 602 ἀτρεκέως
1033 544 1134 590 οἶδα
1162 545 1395 598 ποιέοντας

132 633 286 674 ταῦτα·
324 626 550 685 ἐμφανέως
578 627 661 683 γὰρ
693 626 747 684 δὴ
776 630 964 671 ποιεῦσι.
1006 624 1393 682 κατακηρώσαντες

128 846 225 900 πρὶν
243 843 295 888 ὃῖν
326 841 395 887 ὕπ’
417 842 585 899 ὄρνιθος
607 841 636 898 ἢ
657 861 726 886 κυ-

75 901 141 951 νὸς
171 902 442 956 ἑλκυσθῆναι]
480 902 726 954 ἑλκυσθῆναι

74 962 239 1000 dedimus
269 974 348 999 cum
368 963 517 997 recentt.
539 973 606 1010 pro
626 959 724 1009 vulg.

74 1017 253 1072 ἑλκυσθῇ
257 1047 264 1055 .
276 1018 381 1054 -Ιῐι
396 1017 477 1067 ipsa
496 1029 536 1054 re
555 1029 636 1053 cum
645 1016 724 1054 He-

73 1075 203 1112 rodoto
256 1074 364 1124 plane
398 1073 628 1110 consentiunt
661 1072 723 1109 alii

74 1132 285 1181 scriptores,
333 1129 528 1178 Agathias‚
576 1129 725 1177 Strabo,

75 1188 225 1233 Cicero3
246 1199 399 1236 quorum
419 1185 625 1223 testimonia
638 1199 726 1236 sup-

73 1244 252 1294 peditabit
275 1243 435 1280 Brisson.
456 1242 503 1279 de
523 1255 603 1290 reg.
622 1241 724 1279 Pers.

74 1300 225 1349 princip.
259 1299 293 1336 ΙΙ
325 1298 470 1349 §.152
509 1298 588 1335 coll.
612 1298 724 1347 Hyde

75 1357 123 1394 de
142 1355 242 1404 relig.
268 1355 410 1393 Persar.
441 1368 497 1404 cp.
517 1353 584 1395 34.
642 1353 723 1392 Nec

73 1415 197 1450 nostra
213 1415 333 1450 aetate
352 1411 447 1448 hunc
461 1423 599 1448 morem
616 1411 722 1460 peni-

72 1472 129 1506 tus
150 1468 328 1505 interiisse
350 1471 530 1505 testantur
550 1480 604 1514 ea,
626 1479 722 1515 quae

72 1537 116 1563 ex
125 1524 298 1562 Chardin.
314 1524 432 1561 itiner.
446 1522 557 1571 (T.II
569 1537 605 1574 p.
618 1525 719 1572 186)

70 1581 211 1632 profert
237 1580 439 1618 Larcherus
471 1580 518 1617 de
537 1580 721 1618 cimeterio

71 1637 231 1687 quodam
246 1650 362 1687 prope
380 1636 534 1687 Ispahan
545 1665 556 1683 ‚
576 1637 638 1673 ubi
655 1637 722 1673 ho·-

72 1694 210 1730 minum
232 1694 408 1731 cadavera
438 1693 634 1730 secundum
662 1706 722 1729 or-

73 1751 195 1787 dinem
215 1762 257 1786 ac
283 1750 411 1787 seriem
439 1749 616 1798 disposita
634 1762 721 1786 con-

73 1806 290 1856 spiciantur,
329 1810 369 1843 ut
395 1806 441 1842 ab
477 1805 599 1842 avibus
636 1807 721 1844 dein

71 1862 300 1899 dilanientur.
360 1863 444 1906 Qua
476 1862 524 1900 de
550 1875 590 1899 re
617 1862 722 1912 plura

70 1919 242 1969 deinceps
272 1932 316 1957 ex
338 1918 489 1966 Zoegae
513 1918 605 1955 libro
628 1920 721 1956 affe-

70 1988 200 2013 remus,
260 1976 372 2020 Quod
393 1976 440 2011 ad
458 1978 616 2012 veterem
640 1989 720 2012 mo-

70 2044 147 2069 rem
167 2032 314 2080 attinet,
343 2044 417 2068 non
434 2031 556 2080 Magis
576 2036 719 2069 tantum

70 2088 249 2136 attribuit,
277 2101 401 2126 verum
421 2089 554 2125 ermetis
582 2088 718 2137 Persis,

69 2144 179 2194 idque
207 2158 228 2183 e
258 2146 364 2182 sacris
399 2145 592 2183 Persarum
619 2145 718 2182 libris

68 2201 259 2250 probatum
280 2202 307 2238 it
334 2202 489 2239 Rhode:
528 2193 634 2239 Uber
654 2201 719 2238 Al-

1 2251 2 2255 *
68 2255 129 2295 ter*
141 2270 175 2294 u.
193 2258 322 2296 Werth
339 2259 448 2307 einig.
462 2257 717 2306 Morgenland.

2 2360 4 2370 .
68 2312 236 2351 Urkund.
267 2327 354 2365 pag.
385 2316 477 2356 132.
527 2316 718 2353 Cadavera

3 2406 5 2419 ⁴
69 2368 127 2406 hic
152 2371 275 2408 statuit
296 2372 341 2408 ab
370 2372 493 2408 avibus
522 2371 717 2409 dilacerata

3 2422 5 2438 *
71 2438 152 2463 esse
164 2455 175 2474 ,
193 2439 276 2464 ossa
294 2427 433 2476 reliqua
451 2428 608 2465 humata.
638 2428 715 2466 Sed

71 2482 238 2530 quoniam
257 2485 303 2521 de
313 2484 505 2521 Persarum
520 2497 623 2523 more
641 2498 716 2522 non

71 2539 215 2575 omnino
235 2540 443 2591 conspirant
461 2545 601 2579 veteres
628 2542 716 2579 scri-

7 2631 9 2648 3
71 2597 193 2643 ptores
205 2623 216 2642 ‚
242 2596 394 2646 ipseque
414 2597 626 2635 Herodotus
645 2599 715 2635 du·-

73 2649 226 2688 bitanter
239 2653 346 2690 modo
362 2655 620 2703 pronuntiavit,
640 2655 715 2692 dis-

8 2702 9 2748 ]
74 2717 180 2742 sonas
232 2711 452 2748 narrationes
498 2711 568 2748 hoc
603 2713 715 2748 modo

73 2761 249 2799 conciliari
282 2778 390 2814 posse
426 2766 561 2804 iudicat
587 2768 716 2816 Zo'ega

74 2819 121 2854 de
140 2818 300 2857 obelis-cc.
331 2835 416 2872 pag.
434 2822 536 2871 249,
565 2828 606 2861 ut
624 2823 715 2861 Per-

75 2874 124 2909 sis
145 2875 266 2923 utique
294 2879 448 2927 patrium
479 2880 589 2918 fuisse
608 2884 714 2930 pute-

73 2943 152 2967 mus
173 2943 323 2981 corpora
350 2934 518 2984 humare,
545 2941 630 2988 post
658 2950 716 2974 re-

793 850 918 897 ceptos
963 845 1159 896 Magorum
1194 846 1306 894 ritus,
1345 845 1446 883 initio

793 901 904 950 ὁσίας
924 899 1040 956 χάριν
1050 903 1243 942 laceranda
1263 903 1444 941 curavisse

793 960 986 1009 statimque
1031 960 1240 1010 sepelivisse
1262 973 1272 1006 3
1312 960 1446 997 deinde

791 1029 877 1054 vero
897 1021 1003 1054 aucta
1030 1016 1288 1066 superstitione
1311 1028 1354 1053 ae
1383 1028 1447 1053 ve-

791 1076 869 1110 tere
890 1085 990 1111 more
1004 1076 1129 1123 spreto
1141 1102 1152 1121 ‚
1174 1073 1260 1111 seris
1280 1073 1318 1109 in
1336 1084 1447 1122 prae-

793 1129 877 1166 dam
907 1130 1139 1167 concessisse.
1186 1128 1320 1166 Adiicit
1347 1128 1445 1166 idem

792 1185 846 1221 vir
882 1186 1131 1233 doctissimus,
1169 1198 1253 1233 eos,
1293 1185 1356 1234 qui
1398 1185 1446 1223 de

791 1241 938 1279 Persica
957 1244 1067 1291 gente
1087 1242 1221 1279 residui
1243 1241 1314 1278 sint
1332 1241 1368 1277 in
1380 1240 1442 1277 ln-

792 1299 875 1336 diae
890 1298 1076 1348 provincia
1096 1298 1284 1335 Guznrate
1313 1296 1443 1346 (vulgo

790 1354 896 1391 Parsi
913 1354 1113 1403 dicuntur),
1145 1354 1341 1392 etiamnum
1359 1366 1445 1390 suo-

789 1424 868 1447 rum
888 1411 1066 1449 cadavera
1092 1411 1220 1448 avibus
1245 1422 1444 1460 exponere,

788 1467 875 1505 inde
908 1468 1008 1504 nuda
1043 1480 1128 1504 ossa
1167 1467 1264 1504 terra
1302 1470 1441 1515 tegere.

787 1523 953 1573 Itemque
973 1524 1073 1575 apud
1091 1523 1294 1562 Tibetanos
1316 1526 1353 1560 et
1361 1523 1443 1559 Sia-

788 1593 931 1617 menses
955 1580 1216 1618 nobilissimum
1235 1579 1444 1631 sepulturae

789 1649 906 1686 genus
946 1650 1026 1676 esse
1061 1637 1343 1683 cremationem3
1384 1649 1443 1673 se-

790 1694 969 1742 cundum,
995 1693 1191 1730 vulturibus
1212 1693 1358 1744 proiici3
1386 1693 1442 1729 in-

789 1750 911 1786 fimum
923 1778 934 1797 ,
958 1751 1053 1799 aqua
1076 1750 1193 1798 mergi
1211 1753 1274 1787 aut
1289 1749 1441 1786 humari.

787 1806 842 1843 Ac
870 1806 1029 1856 denique
1044 1806 1256 1843 Calmuccos
1279 1805 1327 1843 ad
1352 1804 1442 1843 Vol-

789 1875 875 1911 gam
912 1863 1117 1900 habitantes
1153 1863 1441 1913 propinquorum

789 1920 967 1956 cadavera
987 1919 1135 1956 canibus
1164 1920 1311 1957 tradere
1334 1922 1371 1956 et
1392 1919 1442 1955 si-

788 1976 824 2012 bi
846 1975 977 2012 honori
1006 1976 1162 2023 ducere,
1191 1975 1254 2013 ubi
1276 1988 1298 2012 a
1322 1975 1440 2012 multis

786 2044 859 2068 una
876 2031 1065 2069 lanientur.
1123 2032 1229 2069 Haec
1257 2031 1327 2069 ille.
1362 2031 1440 2068 Iam

787 2089 888 2138 quod
909 2089 957 2126 ad
975 2089 1108 2126 Persas
1130 2088 1284 2136 attinet,
1313 2088 1440 2125 viden-

788 2149 846 2181 tur
858 2145 908 2181 illi
928 2144 1029 2182 haud
1046 2145 1168 2182 omnia
1187 2145 1336 2194 quidem
1355 2144 1440 2181 Ma-

785 2214 916 2250 gorum
942 2202 1107 2239 instituta
1133 2214 1176 2239 ac
1202 2215 1321 2239 mores
1340 2214 1440 2239 reee-

784 2259 905 2309 pisse,
946 2259 1012 2296 sed
1038 2259 1229 2296 retinuisse
1256 2258 1438 2308 quaedam

785 2315 833 2352 de
856 2315 1016 2353 moribus
1044 2316 1117 2352 suis
1141 2315 1327 2366 pristinis,
1357 2314 1439 2364 qui-

784 2372 852 2409 bus
873 2375 958 2409 ante
986 2371 1120 2410 Medos
1155 2372 1268 2409 victos
1304 2371 1440 2420 Mago-

784 2441 938 2478 rumque
959 2429 1159 2466 doctrinam
1170 2433 1353 2479 receptam
1373 2429 1438 2466 de-

784 2485 849 2521 diti
883 2486 1038 2523 fuerant.
1105 2485 1251 2522 Monuit
1276 2485 1436 2523 Heeren.

782 2541 896 2579 Ideen
917 2542 955 2589 I,
973 2544 995 2582 1
1015 2555 1102 2592 pag.
1121 2541 1217 2583 456-

837 2596 1047 2645 ποιέοντας
1063 2596 1201 2648 ταῦτα]
1211 2597 1332 2648 Vulgo
1348 2596 1438 2634 haec

783 2655 952 2703 leguntur
974 2656 1118 2693 inverso
1151 2655 1291 2692 ordine.
1355 2653 1437 2692 Nos

783 2711 1031 2748 Gaist‘ordium
1051 2712 1163 2750 secuti
1181 2724 1314 2748 sumus.

838 2764 1188 2821 κατακηρώσαντες
1218 2762 1269 2817 δή
1293 2761 1351 2806 οἷν
1369 2762 1438 2805 τὸν

781 2822 904 2863 νέκυν
920 2825 1074 2877 Πέρσαι
1089 2856 1099 2873 ,
1128 2827 1182 2878 γῇ
1199 2819 1434 2874 κρύπτουσι]

781 2881 883 2919 Idem
895 2886 1073 2919 testantur
1083 2882 1217 2918 Strabo
1227 2880 1295 2917 XV
1305 2893 1340 2928 p.
1353 2880 1435 2919 735

781 2951 867 2988 pag.
909 2941 1040 2985 1068,

1100 2938 1229 2974 Cicero
1272 2936 1308 2973 T
1311 2933 1433 2972 useull.
