1759 3324
207 336 273 382 37

334 225 417 267 561

729 222 1201 263 HERODOTI

444 333 672 389 Θεοσεβέες
701 333 747 377 δὲ
773 336 988 388 περισσῶς
1023 329 1166 383 ἐόντες
1203 330 1390 388 μάλιστα
1417 331 1595 380 πάντων

302 410 607 468 Ξάνθριόπων,
647 411 825 467 νόμοισι
864 414 1072 456 τοιοίσιδε
1103 411 1324 466 χρέωνται.

331 490 444 535 κέων
482 491 703 546 ποτηρίων
749 491 926 535 πίνουσι
937 525 949 544 ,

1389 409 1461 453 ’Ex
1489 398 1591 466 καλῆ-

1005 490 1288 547 διασμέωντες
1324 487 1408 533 ἀνὰ
1447 494 1594 533 πᾶσαν

303 568 525 626 3ήμέρην·
558 566 640 612 οὐκ
672 566 695 612 ὁ
726 568 828 624 μὲν,
857 567 882 613 ὁ
913 568 957 613 δ’
989 568 1065 622 οὔ,
1096 568 1205 613 ἄλλα
1236 567 1409 620 πάντες.
1441 570 1592 624 εἵματα

333 649 381 693 δὲ
416 650 536 691 λίνεα
573 647 806 703 φορέουσι,
854 647 936 690 αιέὶ
973 646 1208 691 νεόπλυτα·

332 730 464 770 τοῦτο
493 724 692 782 μάλιστα.
741 723 794 767 τά
823 741 867 768 τε
902 727 1048 769 αἰδοῖα
1086 723 1422 782 περιτάμνονται
1450 731 1591 770 mea-2

444 955 476 992 C
487 968 509 992 a
516 968 553 1006 p.
583 953 769 992 XXXVII.

341 1038 384 1079 ἐκ
419 1037 593 1091 χαλκέων
627 1038 830 1090 ποτηρίων
864 1037 927 1078 πί-

277 1095 416 1146 νουσι]
454 1096 513 1134 De
540 1095 679 1146 poculis
706 1095 828 1133 aeneis
856 1095 928 1132 Ae-

276 1154 482 1204 gyptiorum
501 1153 571 1190 iam
594 1158 678 1188 ante
694 1151 927 1189 Herodotum

274 1209 446 1247 retuierat
458 1207 680 1255 Hellanicus,
692 1212 787 1245 teste
797 1208 926 1245 Athen.

276 1266 343 1314 XI,
359 1269 430 1316 6p.
453 1264 549 1311 470,
570 1264 617 1302 D.
629 1286 686 1293 —
703 1265 762 1301 Ad
774 1263 929 1315 διασμέ-

277 1336 396 1368 ωντες
422 1321 508 1372 (pro
529 1321 793 1371 διασμῶντες,
815 1321 926 1358 ‹leter-

274 1382 415 1427 gentes‚
445 1377 592 1414 eluentes
621 1391 738 1426 eoque
761 1391 925 1427 purgan-

274 1435 343 1483 tes)
372 1435 466 1471 conf.
495 1433 673 1471 Matthiae
701 1434 766 1471 Gr.
791 1434 924 1471 Graec.

272 1504 359 1542 pag.
381 1489 476 1532 489.
505 1511 562 1518 ——
590 1489 703 1527 Paulo
720 1494 816 1558 ‘post
843 1503 924 1528 cum

273 1550 422 1585 recentt
449 1546 576 1597 scripsi
605 1542 682 1585 οὐκ
710 1543 730 1586 ὁ
748 1543 822 1598 μὲν
854 1560 922 1597 pro

275 1618 348 1654 ουχ
369 1618 389 1642 ο
410 1600 492 1654 μέν.

329 1682 378 1726 τά
397 1701 438 1726 τε
459 1685 593 1725 αἰδοῖα
615 1680 926 1738 περιτάμνονται

273 1739 560 1796 καθαριότητος
599 1741 767 1794 εἵνεκεν]
820 1744 925 1787 Quae

272 1800 534 1849 WVesselingius
546 1812 589 1837 ex
601 1799 750 1837 aliorum
767 1800 926 1836 virorum

273 1858 461 1895 doctorum
472 1856 782 1893 observationibus
792 1856 849 1893 hic
858 1856 926 1892 ad-

272 1914 424 1959 notavit,
443 1926 486 1951 eo
502 1914 578 1950 fere
593 1913 761 1959 redeunt,
787 1917 825 1948 ut
841 1911 923 1948 No-

274 1969 338 2006 stri
358 1970 469 2006 verba
494 1969 544 2005 ad
568 1969 774 2005 sacerdotes
798 1968 924 2005 referri

273 2025 431 2063 debeant
448 2037 568 2073 neque
588 2024 636 2060 ad
654 2037 779 2061 omnes
798 2023 924 2072 Aegy-

270 2081 386 2130 pti053
416 2081 552 2129 quippe
578 2079 727 2128 quibus,
756 2080 823 2116 nisi
843 2093 923 2128 my-

273 2136 391 2173 steriis
417 2135 550 2172 initiari
571 2141 607 2172 et
631 2136 679 2173 ad
710 2148 829 2173 sacras
856 2136 921 2172 ad-

269 2192 362 2229 mitti
399 2192 564 2229 scientias
594 2191 812 2237 voluissent,
854 2191 921 2228 cir-

269 2248 438 2289 cumcisio
452 2247 599 2286 minime
617 2247 821 2285 necessaria
841 2250 920 2286 fue-

268 2305 324 2340 rit.
357 2304 477 2347 Quam
488 2303 764 2342 circumcisionis
776 2316 919 2341 causam

268 2360 477 2397 Herodotus
514 2359 644 2406 affert,
685 2373 764 2397 eam
801 2360 918 2410 ipsam

268 2416 392 2466 prodit
409 2415 524 2461 Philo,
553 2414 710 2452 Iudaeus
730 2415 851 2462 homo,
872 2416 920 2454 de

269 2472 463 2509 circumcis.
474 2484 559 2522 pag.
574 2473 668 2517 810,
693 2473 723 2509 C
741 2472 808 2509 hoc
828 2485 920 2520 quo-

270 2541 341 2577 que
358 2528 521 2573 addens,
550 2540 623 2564 non
642 2527 748 2565 aliam
769 2529 816 2565 ob
835 2540 919 2565 cau-

268 2596 344 2621 sam
362 2596 502 2634 -corpus
531 2595 678 2633 quoque
712 2585 918 2621 sacerdotes

266 2639 532 2681 accuratissime
546 2640 685 2677 radere.
716 2641 820 2684 Quae
831 2652 917 2677 con-

267 2696 403 2736 firmari
424 2696 590 2735 dicuntur
609 2696 672 2743 iis,
701 2708 796 2745 quae
823 2696 916 2734 Nie-

269 2752 415 2795 buhrius
441 2752 478 2789 in
497 2751 551 2791 his
572 2751 660 2802 ipsis
687 2751 835 2790 orientis
857 2765 909 2790 re-

269 2809 436 2858 gionibus
465 2808 622 2854 audivit,
661 2820 828 2857 quaeque
856 2808 915 2845 alii

268 2864 348 2902 aliis
366 2865 404 2902 in
423 2865 541 2913 terris,
567 2863 772 2903 Australiae
787 2865 916 2916 opinor

994 954 1032 992 in
1049 954 1185 1003 insulis,
1199 955 1447 994 observarunt.
1464 954 1546 993 Vid.
1557 955 1650 993 Lar-

996 1011 1091 1049 cher.
1117 1017 1192 1049 not.
1221 1013 1269 1049 ad
1289 1012 1323 1049 h.
1351 1012 1400 1060 l.‚
1448 1012 1510 1061 qui
1550 1012 1650 1050 idem

994 1068 1221 1106 sacerdotum
1260 1068 1563 1106 circumcisionem
1600 1069 1649 1106 ad

993 1124 1225 1174 praecipuam
1263 1124 1479 1162 valetudinis
1514 1137 1648 1172 curam,

994 1181 1168 1218 munditie
1193 1182 1419 1231 potissimum
1449 1181 1650 1219 servandae

993 1241 1069 1274 tam
1094 1237 1210 1274 calido
1239 1238 1304 1275 sul)
1330 1237 1452 1284 coelo,
1489 1240 1648 1275 revocat.

993 1292 1061 1330 Est
1072 1293 1215 1342 quidem
1229 1307 1270 1331 ea
1283 1307 1340 1331 res
1350 1294 1533 1343 hodieque
1543 1293 1648 1330 valde

994 1350 1196 1399 disceptata
1216 1350 1312 1387 inter
1322 1351 1417 1387 viros
1433 1351 1573 1396 doctos,
1584 1348 1648 1399 qui

993 1406 1153 1443 certatim
1168 1406 1203 1442 in
1222 1407 1330 1443 moris
1343 1407 1520 1455 originem
1535 1411 1648 1455 atque

993 1474 1118 1499 causas
1135 1462 1406 1511 inquisiverunt.
1435 1462 1495 1499 De
1507 1462 1647 1511 origine

991 1518 1099 1554 moris
1110 1519 1346 1568 opportunius
1358 1519 1562 1556 instituetur
1573 1518 1648 1554 dis-

990 1574 1130 1624 putatio
1148 1575 1196 1611 ad
1213 1574 1266 1621 11,
1292 1575 1383 1615 104.
1440 1574 1500 1612 De
1529 1573 1645 1612 causis

991 1630 1048 1667 hic
1075 1629 1247 1668 nonnulla
1281 1631 1510 1678 adiiciemus,
1550 1642 1647 1680 quae

991 1687 1040 1723 ad
1068 1686 1249 1724 Herodoti
1289 1688 1505 1725 sententiam
1533 1687 1646 1737 perti-

992 1747 1093 1789 nent,
1113 1744 1186 1792 qua
1203 1743 1391 1781 munditiei
1407 1755 1514 1781 causa
1527 1755 1646 1781 sacer-

993 1799 1098 1836 dotes
1126 1799 1330 1836 circumcidi
1354 1799 1490 1837 statuit.

991 1854 1147 1893 Iudaeos
1176 1856 1261 1892 satis
1290 1860 1450 1904 constat,
1487 1856 1645 1893 eundem

990 1924 1128 1950 morem
1156 1911 1355 1962 lecepisse‚
1393 1925 1437 1950 ex
1458 1910 1644 1962 Aegypto,

990 1971 1030 2003 ut
1071 1969 1285 2016 quibusdam
1324 1968 1476 2006 videtur.
1533 1968 1643 2005 Conf.

993 2024 1165 2072 Spencer.
1205 2025 1252 2061 de
1281 2015 1584 2071 1itt.Heb1-r.l',
1615 2022 1642 2066 5

991 2083 1077 2116 sect.
1099 2079 1148 2116 lv
1172 2093 1208 2129 p.
1232 2080 1285 2121 55
1310 2093 1386 2129 seq.
1419 2094 1447 2118 5.
1470 2081 1548 2126 58,
1579 2080 1642 2117 ubi

989 2135 1108 2172 variae
1144 2139 1254 2184 atque
1290 2136 1455 2173 diversae
1482 2137 1642 2172 virorum

989 2191 1176 2227 doctorum
1196 2192 1242 2228 de
1266 2192 1419 2228 instituti
1437 2192 1541 2228 huius
1570 2191 1642 2228 ori-

987 2247 1072 2295 giue
1089 2251 1198 2296 atque
1217 2247 1364 2284 consilio
1381 2261 1452 2284 uno
1470 2247 1535 2284 sub
1553 2260 1643 2285 con-

987 2307 1113 2352 spectu
1131 2308 1323 2354 ponuntur.
1352 2303 1443 2341 Post
1457 2317 1564 2352 quem
1582 2303 1642 2341 alii

986 2359 1083 2396 idem
1127 2364 1380 2408 argumentum
1424 2364 1640 2408 tractarunt,

985 2415 1181 2465 praecipua
1200 2419 1323 2453 tamen
1353 2416 1438 2454 cura
1469 2429 1640 2466 persecu-

986 2474 1043 2507 tus
1075 2476 1132 2508 est
1161 2471 1333 2509 Meiners.
1358 2472 1396 2509 in
1419 2470 1647 2510 Commentt.

987 2528 1110 2565 societ.
1143 2540 1218 2576 reg.
1251 2528 1418 2577 Gotting.
1448 2528 1518 2566 vol.
1550 2527 1640 2566 XIV

983 2596 1071 2634 pag.
1091 2586 1172 2625 207
1193 2597 1296 2634 seqq.
1313 2585 1477 2634 inprimis
1494 2598 1531 2636 p.
1554 2585 1651 2626 211.

985 2652 1061 2688 seq.
1072 2669 1083 2687 ‚
1112 2641 1173 2676 ubi
1184 2641 1298 2678 varias
1311 2646 1476 2679 recenset
1484 2645 1559 2678 tum
1571 2653 1639 2678 an-

982 2696 1174 2744 tiquiorum
1185 2700 1259 2734 tum
1270 2697 1507 2735 recentiorum
1518 2698 1566 2736 de
1581 2697 1638 2734 in-

983 2753 1095 2790 stituti
1112 2753 1211 2789 istius
1230 2766 1314 2790 vera
1327 2766 1436 2791 causa
1447 2758 1559 2804 atque
1578 2765 1638 2790 ra-

982 2809 1094 2847 tione.
1122 2808 1244 2858 Atque
1272 2809 1492 2847 Herodotea.
1515 2822 1636 2856 causa,

982 2866 1020 2903 in
1040 2866 1114 2917 qua
1138 2865 1340 2906 refellenda
1363 2865 1561 2918 plurimum
1581 2867 1635 2905 vir

1269 646 1592 703 ἐπιτηδεύοντες
1603 654 1649 688 20
1674 645 1683 652 “

1547 1795 1653 1837 Nam*
