1759 3324
613 263 917 304 cL1o.1.

1321 264 1407 304 335

141 381 216 425 nal.
253 379 398 436 σφέων
436 373 583 421 αὐτῶν
623 373 730 426 τούς
758 372 857 429 περὶ
886 370 936 416 τό
967 369 1067 427 ἱρόν
1098 369 1405 428 ἀνομήσαντας

114 457 387 514 Ξέξεκλήϊσαν
414 458 487 510 τῆς
515 456 710 510 μετοχῆς.
743 453 790 497 ἐν
817 451 900 508 γὰρ
930 455 992 509 τῷ
1015 449 1154 507 ἀγῶνι
1175 454 1256 495 τοῦ
1280 454 1405 508 Τριοψ

138 540 244 582 πίου
276 533 546 585 Ἀπόλλωνος
583 533 784 577 ἐτίθεσαν
820 531 871 577 τό
910 530 1044 575 πάλαι
1073 531 1281 585 τρίποδας
1307 534 1405 588 χαλ-

135 616 263 667 κέους
289 619 402 658 τοῖσι
429 617 608 657 νικῶσι·
643 613 716 656 καὶ
744 609 930 663 τούτους
969 613 1079 667 χρῆν
1107 608 1214 661 τούς
1241 609 1405 667 λαμβά-

135 710 292 745 νοντας
323 693 369 739 ἐκ
397 697 479 736 τοῦ
517 693 622 748 ἱροῦ
649 690 708 749 μὴ
737 690 955 747 ἐκφέρειν,
997 688 1095 734 ἀλλ’
1128 686 1269 733 αὐτοῦ
1298 688 1403 734 ἆνα-
1415 698 1461 733 25

106 774 307 818 ὅτιθέναι
335 777 396 833 τῷ
425 776 532 832 θεῷ.

594 771 703 830 ἀνὴρ
735 766 799 815 ὦν
824 769 1207 828 Ἁλικαρνησσεύς,
1238 773 1300 828 τῷ
1329 768 1405 814 οὔ·

132 870 247 909 νομα
275 850 331 910 ἦν
355 851 648 909 Ἀγασικλέης,
691 850 896 907 νικήσας,
943 849 1022 895 τὸν
1051 847 1193 906 νόμον
1221 848 1404 907 κατηλό-

130 946 234 990 γησε
250 948 258 957 '

313 932 464 990 φέρων
494 933 539 976 δὲ
566 931 675 988 πρὸς
704 929 757 974 τοὶ
798 929 965 974 ἑωυτοῦ
1003 931 1120 974 οἰκία
1149 941 1402 986 προσεπασ-

101 1017 123 1054 4
136 1012 315 1058 σάλευσε
345 1012 424 1056 τόν
441 1013 640 1067 τρίποδα.
671 1009 744 1055 διὰ
762 1010 926 1068 ταύτην
948 1009 1028 1067 τὴν
1051 1011 1194 1067 αἰτίην
1214 1010 1261 1053 αἱ
1277 1009 1404 1054 πέντε

130 1092 300 1146 πόλιες,
329 1094 515 1147 Λίνδος,
545 1092 620 1136 καὶ
646 1089 866 1149 Ἰήλυσσός
894 1106 939 1134 τε
968 1090 1043 1135 καὶ
1060 1088 1304 1147 Κάμειρος,
1328 1089 1404 1135 καὶ

75 1290 390 1330 Gouvernements
401 1288 586 1326 se'de'ratifs
598 1303 635 1341 p.
650 1289 731 1331 154

73 1352 111 1384 et
138 1347 330 1385 Miillerum
351 1348 373 1384 l.
396 1345 420 1382 l.
450 1345 584 1395 Apollo
609 1351 729 1384 autem

72 1404 159 1441 inde
193 1403 229 1440 Τ
226 1406 352 1455 rz'opz'cz'
388 1415 592 1451 cognomen
625 1415 729 1441 acce-

70 1461 135 1510 pit.
192 1460 252 1499 De
274 1459 467 1510 tripodz'bas
499 1459 652 1496 diximus
680 1460 729 1497 ad

69 1516 109 1564 I,
130 1519 198 1558 92.
256 1517 445 1555 Solemnes
466 1515 511 1552 illi
529 1516 565 1552 in
584 1515 728 1554 Dorum

70 1573 182 1610 sacris
213 1571 467 1625 Apollinisque
497 1572 613 1610 festis.
658 1572 727 1610 Cr.

68 1631 210 1668 confert
259 1630 304 1669 C.
352 1631 400 1668 Ο.
449 1628 642 1667 Miillerum
690 1629 728 1666 in

67 1683 225 1724 Amalth.
265 1686 488 1736 Bottigeril
521 1698 608 1736 pag.
647 1685 727 1727 125

68 1755 163 1792 seq.,
193 1741 298 1793 plura
320 1742 367 1781 de
392 1756 493 1780 more
513 1755 557 1779 eo
574 1755 730 1780 monen-

69 1801 165 1845 tem,
197 1811 270 1848 quo
297 1799 336 1836 in
368 1798 590 1837 solemnibus
611 1803 729 1836 certa-

69 1855 225 1893 minibus
252 1856 406 1893 victores
441 1856 607 1906 tripodes
636 1856 730 1893 acci-

69 1915 222 1963 perent,
262 1912 299 1949 in
326 1911 463 1962 templa
503 1912 727 1949 dedicandos

68 1972 219 2020 propter
254 1974 469 2019 perpetuam
508 1968 560 2006 rei
588 1981 728 2006 memo-

68 2024 170 2062 riam.
226 2023 275 2062 Et
304 2025 412 2062 valde
449 2024 613 2075 amplOS,
648 2038 728 2063 ma-

69 2092 238 2131 gnosque
257 2082 347 2119 istos
367 2082 482 2120 fuisse
500 2086 618 2129 notat,
631 2095 725 2132 quos

69 2137 118 2175 ad
162 2138 319 2189 parietes
360 2139 506 2176 aedium
545 2138 726 2186 collocari,

68 2192 249 2244 clavisque
265 2194 344 2232 solo
354 2195 458 2244 infigi
467 2208 618 2234 necesse
635 2200 724 2233 erat.

67 2249 179 2289 Unde
194 2252 423 2303 perspicitur,
437 2265 501 2289 cur
517 2251 626 2303 paulo
637 2255 723 2303 post

68 2303 251 2356 legamus:
280 2304 377 2360 πρὸς
409 2305 459 2348 τοὶ
484 2307 636 2349 ἑωυτοῦ
667 2307 723 2348 οἰ-

68 2362 136 2401 κία
170 2361 541 2415 προσεπασσάλευσε
581 2365 725 2415 (clavis

69 2417 218 2487 adfixit)
239 2418 310 2461 τὸν
334 2422 515 2474 τρίποδα

124 2470 228 2529 αἰνηρ
248 2471 306 2518 ὠν
324 2474 655 2531 Ἁλικαρνησσεὺς
683 2493 720 2518 κ.

69 2544 103 2571 τ.
122 2530 176 2600 L]
209 2534 428 2586 Scripsimus
452 2534 720 2587 Ἁλικαρνησ-

70 2583 173 2635 σευς
196 2602 275 2628 cum
305 2591 438 2643 duplici
468 2592 576 2631 litera
605 2605 649 2640 σ,
679 2596 722 2631 ut

69 2655 156 2681 mox
170 2642 373 2699 Ἀλικαρνη
385 2643 501 2688 σσόν
523 2650 561 2686 in
576 2649 649 2687 fine
660 2662 722 2687 ca-

68 2699 155 2750 pitis
170 2702 298 2741 eodem
315 2705 426 2743 modo
453 2718 527 2755 quo
556 2705 593 2743 in
617 2706 721 2756 prin-

68 2754 165 2805 οἰρίο
192 2760 311 2808 operis
336 2760 551 2800 Herodotei.
608 2763 722 2801 Conf.

69 2809 204 2850 wasse
226 2815 275 2852 ad
297 2815 502 2866 Thucydid.
522 2818 631 2867 VIII,
651 2822 718 2861 42.

68 2886 127 2894 —
147 2867 190 2905 In
209 2871 327 2909 verbis
358 2869 429 2912 τὸν
450 2870 578 2925 νόμον
600 2889 719 2925 κατη-

68 2917 213 2976 λόγησε
237 2927 324 2964 nihil
351 2929 492 2967 variant
519 2930 617 2979 libri,
647 2931 718 2968 nisi

800 1289 900 1339 quod
911 1301 1004 1325 unus
1017 1287 1206 1325 Parisinus
1218 1285 1363 1324 exhibet
1374 1289 1434 1325 ταῖ
1436 1302 1458 1326 ν

799 1342 938 1396 νόμων
951 1376 961 1394 ,
1004 1344 1313 1394 quemadmodum
1349 1344 1458 1381 etiam

798 1397 976 1455 ἆλογεῖν,
1031 1403 1322 1453 καταφρονεῖν,
1386 1400 1458 1437 alia

797 1460 874 1497 eius
903 1458 1048 1509 generis
1071 1459 1182 1496 verba
1214 1456 1458 1507 reperiuntur,

796 1517 927 1566 quibus
941 1515 1141 1553 secundum
1155 1526 1279 1552 casum
1297 1513 1458 1564 pierum-

796 1586 868 1623 que
891 1574 1086 1610 adstruunt
1106 1572 1317 1622 scriptores.
1375 1570 1458 1609 Nec

795 1634 920 1667 tamen
940 1634 1089 1678 quartus
1119 1641 1227 1665 casus
1253 1640 1328 1664 non
1349 1640 1459 1678 repe-

797 1687 897 1723 ritur.
955 1685 1039 1722 Vid.
1079 1684 1261 1722 Matthiae
1286 1684 1353 1722 Gr.
1387 1684 1455 1722 Gr.

798 1741 836 1794 ἓ
856 1744 939 1783 378
967 1747 1043 1779 not.
1061 1745 1088 1784 2
1116 1754 1203 1793 pag.
1227 1743 1322 1782 696.

854 1795 921 1837 δια
946 1793 1097 1849 ταύτην
1135 1795 1211 1850 τήν
1248 1797 1381 1848 αἰτίην
1410 1796 1456 1836 αἵ

796 1853 912 1895 πέντε
931 1850 1045 1894 πόλιε
1049 1871 1068 1901 ς
1093 1870 1128 1895 κ.
1148 1870 1180 1894 τ.
1203 1856 1252 1901 λ.]
1283 1854 1456 1893 Tresur-

798 1912 883 1960 bes,
915 1925 1010 1961 quae
1042 1913 1099 1949 hic
1131 1912 1250 1963 primo
1278 1911 1358 1949 loco
1387 1924 1456 1948 no-

795 1969 998 2016 minantur,
1028 1968 1066 2006 in
1084 1969 1219 2006 Rhodo
1236 1967 1355 2005 insula
1374 1969 1456 2006 sue-

793 2039 853 2074 re,
895 2030 933 2063 ut
961 2026 1050 2063 satis
1081 2029 1245 2071 constat3
1275 2038 1372 2074 quae
1398 2029 1455 2062 ta-

792 2095 877 2121 men
897 2082 956 2120 vix
982 2095 1004 2119 a
1024 2081 1185 2120 Doribus
1213 2082 1455 2131 immigranti-

792 2139 861 2177 bus
882 2139 1052 2190 primitus
1072 2143 1277 2177 exstructae
1298 2151 1381 2176 esse
1400 2138 1454 2176 vi-

792 2196 948 2244 dentur,
971 2197 1039 2234 sed
1058 2195 1132 2233 iam
1151 2199 1238 2234 ante
1249 2195 1453 2233 Troianam

792 2253 1061 2304 expeditionem
1083 2253 1278 2292 exstitisse,
1327 2252 1454 2296 Quare

790 2308 1047 2358 Althemenes,
1067 2310 1129 2360 qui
1143 2310 1254 2359 vulgo
1272 2309 1452 2348 coloniam

789 2365 930 2404 Dorum
942 2396 952 2414 ‚
981 2366 1115 2405 oraculi
1136 2366 1237 2404 iussu
1251 2396 1262 2416 ,
1277 2366 1452 2404 Rhodum

791 2423 990 2462 deduxisse
1008 2425 1146 2472 fertur,
1164 2423 1243 2461 illas
1262 2423 1371 2461 urbes
1394 2423 1452 2460 in-

790 2481 935 2518 venisse
963 2480 1138 2530 quidem,
1187 2480 1255 2518 sed
1294 2478 1450 2518 multum

789 2536 992 2575 excoluisse
1009 2541 1046 2575 et
1074 2536 1272 2588 ampliasse
1294 2548 1452 2575 censen-

789 2593 858 2630 dus
879 2594 966 2641 erit,
995 2593 1046 2630 ita
1070 2597 1111 2630 ut
1141 2594 1190 2631 ad
1207 2593 1351 2631 Dorum
1370 2594 1451 2631 foe-

789 2650 882 2698 dus,
924 2650 1027 2701 quod
1057 2653 1144 2688 tunc
1172 2649 1300 2688 initum
1334 2649 1450 2688 fuisse

787 2707 954 2754 videtur,
1003 2707 1245 2755 accesserint,
1299 2709 1449 2744 auctore

788 2762 1128 2802 Raoul—Rochette
1147 2764 1245 2801 Hist.
1266 2764 1314 2801 de
1332 2763 1449 2800 l'Eta-

788 2819 888 2857 bliss.
911 2821 946 2858 d.
967 2820 1085 2858 colon.
1106 2820 1160 2858 111
1174 2832 1261 2871 pag.
1276 2822 1328 2861 71
1339 2831 1445 2868 seqq.

787 2874 884 2913 Nam
898 2877 1029 2915 eodem
1050 2878 1166 2915 ferme
1185 2880 1350 2927 tempore
1368 2876 1446 2911 Cos

787 2931 907 2970 insula
922 2932 1065 2971 Dorum
1083 2932 1264 2970 coloniam
1282 2932 1446 2970 eiusdem
