1805 3315
619 231 918 270 CLIO.I.
1363 238 1411 276 4]

1465 341 1672 376 Arydsaba.
1693 345 1742 371 578

22 345 86 391 15
134 363 210 391 mv
232 345 310 401 μὲν
336 340 613 397 παρήσομεν,
642 344 833 384 τοσαῦτα
851 340 1198 397 ἐπιμνησθέντες.
1227 340 1416 397 ’Ἄρδυος
1463 352 1572 433 auo-29.
1592 377 1649 403 me
1659 378 1743 404 Pte

135 428 183 471 δὲ
213 427 293 469 τοῦ
325 419 476 475 Γύγεω
514 418 620 475 W&
667 423 709 462 Γ
704 420 818 477 ''W’'
863 418 1204 476 βασιλεύσαντος
1244 421 1420 478 μνήμην
1466 414 1744 501 111ἳῃὶ1υ1ἷ3Ξὲ1ἑ1111ἧ1

112 503 376 558 ρποιήσομαι.
418 494 546 550 οὗτος
579 498 624 542 δὲ
662 499 883 556 Πριηνέας
919 516 963 543 τε
996 497 1099 552 εἷλε,
1137 501 1181 552 ἐς
1215 501 1420 558 Μίλητόν
1466 476 1615 575 Εξέἑζτίιέηέ
1562 484 1586 501 ιε
1600 479 1743 578 εῗλῑέῃε

132 600 174 627 τε
204 582 388 637 ἐσέβαλε.
431 579 500 622 ἐπὶ
527 577 690 623 τούτου
729 595 773 622 τε
807 578 1157 636 τυραννεύοντος
1196 583 1418 637 Σαρδίων,
1467 575 1534 642 ¹[’i¹¹
1537 576 1744 645 ,10864οῃῗό

1465 650 1497 668 sc
1490 642 1544 676 q.]
1566 631 1678 672 Sardes
1695 655 1743 675 σε,

1465 683 1562 710 peruu
1545 680 1589 704 ut.

82 803 236 840 formam
264 800 390 840 δυοῖν.
448 799 508 838 De
537 800 618 851 ipsa
649 803 742 838 tem-

83 872 212 909 porum
233 859 375 895 ratione
396 861 563 894 tenemus
593 859 741 906 Gygem

84 916 149 965 (cf.
176 919 250 951 not.
278 915 326 951 ad
352 928 380 951 c.
411 916 483 961 12)
513 915 561 950 ad
584 928 741 963 regnum

84 976 248 1011 evectum
290 971 404 1008 videri
454 970 601 1020 Olymp.
638 970 740 1018 XVI,

83 1032 146 1066 aut
177 1028 378 1076 (monente
415 1027 594 1064 Niebuhr.
630 1027 738 1064 Rom.

85 1085 218 1123 Gesch.
242 1084 312 1135 lp.
337 1085 388 1125 59
409 1085 466 1121 ed.
485 1085 578 1132 sec.)
592 1084 738 1133 Olymp.

83 1142 166 1189 XV,
199 1142 247 1188 3,
284 1153 512 1189 regnumque
551 1141 636 1177 inde
683 1144 739 1177 te-

82 1199 208 1236 nuisse
233 1211 350 1246 usque
384 1197 433 1233 ad
463 1196 522 1233 Ol.
552 1196 670 1243 XXV,
701 1198 738 1243 1,

83 1256 114 1292 si
137 1254 273 1292 scilicet
295 1254 431 1290 Sardes
457 1256 586 1301 captae
603 1253 739 1289 fuerint

83 1311 142 1349 Ol.
169 1309 300 1347 LVIII.
338 1310 415 1346 Sed
450 1308 543 1345 falso
574 1309 644 1344 hoc
663 1313 738 1345 sta-

81 1368 134 1405 tui
168 1366 379 1404 docebimus
420 1365 468 1401 ad
504 1365 540 1412 I,
578 1366 631 1405 86
667 1365 737 1412 in.‚

80 1423 286 1472 rectiusque
325 1422 414 1472 poni
459 1421 517 1458 Ol.
560 1420 653 1468 LV,
701 1422 737 1474 ᾖ.

81 1480 193 1518 Unde
218 1491 365 1529 quoque
396 1477 457 1514 illa
488 1481 594 1515 erunt
622 1483 739 1516 retra-

81 1537 227 1584 ctanda,
241 1548 337 1585 quae
357 1535 405 1573 de
427 1535 545 1584 Gygis
568 1538 740 1586 tempore

79 1593 188 1643 vulgo
210 1596 407 1644 ponuntur.

300 1676 332 1713 C
345 1689 412 1728 ap.
438 1675 522 1714 XV.

137 1758 204 1801 ἐπὶ
228 1755 373 1800 τούτου
401 1775 442 1800 τε
475 1755 740 1812 τυραννεύον-

81 1833 148 1865 τος
184 1817 397 1869 Σαρδίων,
437 1816 652 1869 Κιμμέριοι
701 1817 741 1866 ἐξ

79 1870 219 1940 η’θὲων
239 1871 319 1914 ’ὑπὸ
342 1873 540 1914 Σκυθέων
558 1877 638 1913 τῶν
660 1876 741 1913 Νο-

85 1927 227 1983 μάδων
254 1926 536 1979 ἐξαναστάντες
560 1946 594 1969 κ.
627 1946 660 1969 τ.
690 1933 738 1976 λ.]

82 1987 252 2026 Meminit
267 1989 371 2025 huius
393 1988 444 2025 rei
457 1988 672 2025 Eustathius
692 1989 740 2024 ad

82 2045 235 2082 Homeri
253 2045 392 2094 Odyss.
413 2045 480 2092 XI,
501 2044 553 2085 14
581 2058 619 2095 p.
644 2044 740 2092 416,

85 2100 138 2142 14
167 2102 224 2139 ed.
257 2101 389 2149 Basil.,
440 2101 623 2138 Herodoti
664 2114 739 2137 non

83 2157 226 2194 oblitus.
265 2159 343 2196 Sed
369 2158 521 2208 propius
553 2158 623 2195 huc
654 2172 740 2208 spe-

84 2218 184 2251 ctant
205 2215 398 2251 Strabonis
420 2215 532 2252 verba
563 2214 623 2251 lib.
651 2213 741 2252 >4111

83 2283 121 2320 p.
141 2272 223 2311 930
242 2285 271 2308 ε.
295 2274 376 2312 627
396 2272 453 2308 ed.
479 2271 638 2307 Casaub.
652 2270 740 2308 XIV

83 2339 120 2378 p—
146 2327 228 2369 958
254 2341 284 2364 s·
317 2327 398 2368 647
416 2341 472 2376 sq.
498 2328 558 2365 ed.
580 2327 740 2364 Casaub.

85 2383 165 2420 coll.
194 2384 374 2422 Clement.
406 2383 604 2422 Alexandr.
636 2385 741 2421 Stro-

85 2440 209 2477 marl
240 2455 277 2491 p.
302 2442 396 2482 398.
454 2440 520 2477 lllo
547 2441 740 2478 Strabonis

85 2495 164 2534 loco
196 2497 287 2534 haec
323 2497 510 2546 leguntur:
560 2496 663 2548 φησὶ
697 2495 740 2536 δὲ

18 2561 31 2573 ³
88 2552 395 2618 Καλλισθένης,
463 2552 615 2592 αλωναι
668 2569 740 2601 τας

89 2604 304 2662 Σάρδεις““
275 2608 357 2650 υπὸ
379 2610 613 2679 Κιμμερίων
632 2625 740 2663 πρω-

89 2678 178 2713 τον,
213 2662 299 2706 εἶθ’
332 2663 416 2706 ὑπο
461 2663 628 2718 Τρήρων
670 2665 740 2706 καὶ

90 2721 272 2772 Λυκίων,
301 2719 403 2791 ὅπερ
437 2722 505 2762 καὶ
538 2725 740 2763 Καλλῖνον

92 2775 251 2826 δηλοῦν,
268 2775 337 2819 τόν
352 2782 424 2830 τῆς
439 2779 610 2832 ἐλεγείας
625 2795 739 2831 ποιη-

92 2827 185 2881 τήν;
219 2836 280 2872 ubi
295 2865 305 2883 ‚
341 2849 436 2885 quae
476 2837 606 2874 dicitur
644 2837 680 2875 Γ
682 2851 741 2875 re-

91 2900 170 2926 rum
209 2894 318 2941 atque
350 2892 545 2942 Lyciorum
585 2894 740 2943 invasio,

808 799 907 837 haud
930 799 1001 836 alia
1028 803 1140 850 atque
1172 801 1466 850 cimmeriorum,

808 858 856 894 de
885 870 959 906 qua
992 857 1027 893 h.
1056 857 1078 893 l.
1116 858 1354 907 Herodotus,
1403 860 1467 909 qui

807 927 888 950 611111
910 913 1047 950 'l'reres
1073 915 1121 951 ad
1135 915 1353 953 Cimmerios
1377 929 1464 966 per-

806 971 965 1017 tineant,
998 970 1117 1006 latiori
1146 985 1233 1008 usus
1260 973 1370 1010 fuerit
1399 986 1466 1023 ap-

806 1026 1012 1077 pellatione.
1054 1026 1135 1064 Vid.
1173 1033 1249 1068 not.
1283 1030 1331 1066 ad
1368 1029 1405 1077 Ι,
1437 1032 1464 1071 6

807 1087 844 1120 et
859 1083 1016 1119 Franck.
1045 1083 1184 1121 Callim.
1212 1099 1248 1134 p.
1278 1088 1356 1126 109
1381 1099 1464 1135 sqq.

807 1139 885 1176 coll.
922 1152 961 1188 p.
993 1138 1045 1179 95
1087 1140 1171 1189 ibiq.
1206 1141 1382 1179 Dodwell.
1426 1143 1465 1179 in

804 1195 960 1232 Exercit.
995 1194 1030 1231 ll
1068 1196 1115 1232 de
1160 1202 1267 1234 aetat.
1305 1198 1463 1247 Pythag.

804 1265 840 1302 p,
875 1253 954 1292 109
984 1264 1040 1300 sq.
1078 1251 1174 1289 Add.
1201 1253 1390 1302 Wyttenb.
1415 1257 1465 1292 ad

804 1306 987 1345 Plutarch.
1027 1305 1157 1345 Mor-dl.
1185 1309 1248 1361 (p.
1275 1311 1372 1358 330,
1395 1311 1465 1360 D.)

805 1378 841 1415 p.
876 1366 956 1405 116
1001 1363 1082 1401 Vol.
1118 1365 1153 1402 lI
1186 1366 1463 1406 Animadverss.

807 1421 931 1464 Quum
955 1433 1041 1458 vero
1059 1426 1263 1473 temporum
1289 1425 1381 1460 ratio
1399 1425 1467 1461 ad-

805 1482 988 1524 versetur,
1016 1477 1220 1516 Franckius
1245 1480 1268 1517 1.
1289 1479 1312 1517 l.
1329 1494 1365 1531 p.
1384 1483 1463 1522 111

806 1535 1001 1571 Strabonis
1024 1536 1134 1572 verba
1159 1538 1210 1574 sic
1240 1538 1468 1588 transposita

806 1590 898 1628 vult:
940 1589 1043 1642 φησὶ
1090 1589 1133 1630 δὲ
1188 1592 1467 1645 Καλλισθένης

807 1645 963 1686 αλωναι
982 1663 1053 1695 τας
1076 1645 1247 1701 Σαρδεις
1261 1665 1343 1690 vno
1365 1654 1467 1702 Κιμ-

808 1704 956 1756 μερίων
1003 1707 1184 1756 πρῶτον,
1251 1703 1348 1759 ὅπερ
1397 1706 1467 1746 καὶ

810 1763 1011 1800 Καλλῖνον
1033 1762 1202 1829 δηλοῦν
1210 1760 1276 1803 τὸν
1293 1767 1364 1814 τῆς
1388 1763 1464 1803 ἔλε-

807 1817 915 1870 yrias·
933 1815 1125 1869 ποιητὴν,
1163 1816 1240 1859 εἶθ’
1258 1818 1338 1860 υπὸ
1366 1817 1466 1872 Τρή-

809 1889 891 1925 ρων
918 1873 986 1913 καὶ
1014 1876 1194 1916 Λυκίων.
1233 1876 1331 1915 Nam
1354 1878 1466 1914 Calli-

808 1945 900 1979 nus,
930 1944 1024 1980 quae
1048 1937 1106 1969 est
1132 1934 1210 1971 eius
1226 1935 1293 1970 viri
1315 1938 1464 1972 senten-

806 1989 877 2036 tia,
906 1988 1059 2025 multum
1079 1994 1163 2027 ante
1186 1990 1390 2028 Archilochi
1408 1992 1465 2028 in—

808 2046 930 2093 deque
962 2045 1071 2082 etiam
1101 2047 1220 2096 Gygis
1259 2052 1296 2085 et
1330 2046 1465 2096 Ardyis

806 2106 976 2151 tempora
1007 2103 1113 2150 vixit,
1157 2108 1199 2140 ut
1227 2105 1322 2142 adeo
1350 2105 1467 2142 altera

808 2158 1087 2196 Cimmeriorum
1116 2160 1255 2197 invasio
1284 2162 1322 2198 in
1349 2161 1464 2212 ipsius

806 2219 963 2252 aetatem
979 2215 1129 2254 minime
1143 2219 1274 2255 cadere
1293 2218 1464 2269 potuerit.

809 2272 923 2315 Quod
944 2276 1064 2309 utrum
1083 2286 1206 2311 verum
1223 2275 1289 2321 sit,
1320 2289 1387 2312 nec
1404 2288 1465 2322 ne,

806 2341 877 2365 nec
898 2342 1010 2378 supra
1027 2330 1076 2366 ad
1093 2343 1171 2380 cap.
1191 2331 1241 2368 VI
1259 2332 1466 2381 disquiren-

808 2386 895 2422 dum
921 2386 1067 2432 censui,
1092 2400 1215 2437 neque
1238 2388 1296 2425 hic
1326 2388 1467 2437 disqui-

807 2454 907 2488 ram,
937 2455 1017 2478 cum
1036 2456 1194 2493 pronum
1218 2445 1290 2492 sit,
1315 2445 1352 2482 in
1370 2446 1467 2482 eius-

807 2499 907 2535 modi
930 2498 1019 2535 locis
1047 2499 1127 2537 sine
1164 2501 1337 2538 librorum
1361 2506 1467 2539 vetu-

806 2559 947 2591 storum
970 2557 1184 2594 auctoritate
1203 2558 1292 2606 quid
1312 2562 1467 2606 mutare,

806 2624 876 2649 nec
909 2612 1058 2648 omnino
1089 2613 1221 2650 Callini
1257 2619 1382 2662 aetas,
1426 2618 1467 2650 ut

807 2669 871 2717 qui
902 2667 1066 2706 Homero
1100 2671 1287 2719 proximus
1324 2671 1467 2718 vixerit,

808 2728 884 2761 tam
913 2729 1012 2762 celta
1036 2726 1224 2774 videatur,
1254 2728 1343 2777 quin
1364 2727 1465 2764 dubii

807 2780 896 2818 nihil
918 2780 1149 2830 relinquatur.
1180 2784 1465 2828 Quodammodo

807 2841 929 2875 tamen
966 2851 1140 2876 assensus
1182 2844 1240 2877 est
1279 2839 1463 2877 Franckio

808 2894 856 2934 G.
873 2894 918 2933 E.
936 2894 1072 2935 Weber
1088 2896 1125 2935 in
1142 2895 1235 2935 libro
1253 2897 1300 2935 de
1315 2895 1463 2946 elegicis
