1759 3324
345 248 432 288 516

757 243 1222 285 HERODOTI

346 355 637 411 διαιρέεσθαι,
684 355 756 399 καὶ
799 353 1059 411 ἀμφοτέρων
1087 358 1176 398 τῶν
1205 353 1483 410 ἐπωνυμιέων
1511 353 1602 410 ἔχε·

345 438 470 476 σθαι·
515 431 568 477 τοὶ
595 433 674 489 μὲν
703 433 787 489 γαρ
819 432 952 491 αὐτῆς
980 433 1090 477 εἶναι
1119 438 1193 490 τῆς
1222 432 1412 490 Λιβύης·
1460 430 1512 475 τοὶ
1542 431 1603 483 δὲ,

316 515 422 568 4τῆς
449 511 599 568 Ἀσίης.
631 512 655 556 ὁ
684 512 767 567 γὰρ
797 511 851 568 δή
884 516 1044 564 Νεῖλος
1074 510 1314 567 ἀρξάμενος
1334 513 1380 555 ἐκ
1399 515 1487 554 τῶν
1514 513 1603 554 Κα-

345 590 603 643 ταδούπων,
635 590 746 645 ῥέει,
775 590 910 647 μέσην
929 593 1153 647 Αἴγυπτον
1176 593 1350 646 σχίζων,
1372 590 1414 641 ές
1435 588 1603 633 θάλασ-

347 681 442 712 σαν.
501 669 625 724 μέχρι
663 668 743 724 μέν
778 684 862 711 νυν
899 668 1196 723 Κερκασώρου
1235 669 1387 720 πόλιος
1423 668 1509 723 ῥέει
1541 665 1600 719 εἷς
1616 673 1661 708 80

346 746 431 791 ἐών
461 743 483 789 ὁ
515 749 692 796 Νεῖλος·
740 746 788 788 τὸ
819 745 864 789 δὲ
895 744 980 790 ἀπὸ
1008 745 1167 803 ταύτης
1194 751 1271 803 τῆς
1300 747 1473 799 πόλιος,
1514 747 1604 801 σχί-

345 828 458 877 ζεται
488 825 720 880 τριφασίας
750 821 902 874 ὁδούς·
945 825 1018 867 καὶ
1047 823 1074 880 ἡ
1107 825 1186 880 μὲν
1223 824 1332 878 πρὸς
1360 822 1425 880 ἠῶ
1454 823 1604 878 τρέπε-

344 920 436 956 ται,
467 901 515 946 τὸ
545 902 741 945 καλέεται
770 901 1026 958 Πηλούσιον
1057 902 1212 957 στόμα·
1244 902 1271 957 ἡ
1302 903 1348 946 δὲ
1370 902 1491 957 ἑτέρη
1517 905 1606 944 τῶν

345 980 462 1025 ὁδῶν
490 980 599 1034 πρὸς
629 979 812 1037 ἕσπέρην
848 983 947 1037 ἔχει·
980 985 1109 1025 τοῦτο
1142 982 1187 1024 δὲ
1213 979 1476 1036 Κανωβικόν
1506 977 1605 1023 στό-

317 1068 408 1117 5μα
445 1060 656 1115 κέκληται.
713 1059 739 1116 ἡ
779 1061 824 1104 δὲ
862 1059 914 1116 δή
953 1060 1051 1104 ἰθέα
1086 1064 1175 1103 τῶν
1212 1060 1329 1104 ὁδῶν
1367 1063 1428 1118 τῷ
1459 1061 1606 1116 Νείλῳ

348 1139 438 1183 ἐστὶ
466 1139 559 1195 ἥδε·
593 1138 765 1182 ἄνωθεν
795 1138 1061 1196 φερόμενος,
1099 1138 1142 1190 ἐς
1171 1138 1218 1183 τὸ
1249 1137 1325 1191 6ξύ
1357 1143 1436 1182 τοῦ
1466 1137 1660 1182 Λέλτα85

346 1216 591 1262 ἀπικνέεται
602 1229 613 1241 ·

673 1219 721 1261 τὸ
759 1218 804 1262 δὲ
848 1218 931 1262 ἀπὸ
971 1217 1155 1270 τούτου,
1197 1219 1350 1273 σχίζων
1388 1217 1525 1273 μέσον
1555 1215 1606 1260 τὸ

345 1297 506 1349 Δέλτα,
553 1297 595 1348 ἐς
623 1295 851 1341 θάλασσαν
889 1298 1008 1350 ἐξίει,
1066 1295 1166 1341 οὔτε
1196 1297 1418 1353 ἐλαχίστην
1446 1297 1606 1352 μοίρην

345 1380 428 1419 τοῦ
456 1376 618 1427 ὕδατος
647 1376 938 1433 παρεχόμενος
962 1376 1126 1432 ταύτῃ,
1157 1373 1255 1419 οὔτε
1284 1375 1440 1431 ἥκιστα
1472 1373 1606 1418 ου’νο-

318 1455 537 1512 6μαστὴν·
576 1456 624 1499 τὸ
655 1455 851 1500 καλέεται
880 1453 1201 1512 Σεβεννυτικὸν
1233 1452 1382 1509 στόμα.
1441 1453 1527 1497 ἔστι
1558 1453 1605 1497 δὲ

345 1534 420 1578 καὶ
447 1535 569 1589 ἕτερα
599 1533 782 1591 διφάσια
812 1533 1026 1591 στόματα,
1057 1533 1141 1577 ἀπὸ
1171 1537 1251 1577 τοῦ
1281 1535 1603 1590 Σεβεννυτικοῦ
1615 1538 1662 1574 90

347 1704 584 1761 ἀμφοτέρων
602 1730 647 1738 -
676 1705 857 1760 ἔχεσθαι]
885 1707 944 1747 De

291 1769 468 1803 structura
493 1766 592 1803 verbi
619 1764 780 1817 ἔχεσθαι
800 1767 895 1803 conf.
911 1765 941 1813 Ι,

293 1824 388 1863 120·
415 1825 506 1864 190·

348 1876 457 1929 μέχρι
466 1875 549 1946 μέν
573 1891 649 1917 νυν
671 1873 939 1929 Κερκασώρου

291 1930 428 1980 πόλιος
456 1934 534 1985 ῥέει
561 1929 616 1980 εἷς
635 1931 712 1973 ἐών
732 1933 755 1974 o‘
777 1931 937 1983 Νεῖλος]

290 1989 350 2028 De
369 1989 546 2027 Cercason·
564 1991 701 2040 oppido
722 1991 815 2027 conf.
839 1991 942 2026 Stra-

290 2045 501 2083 bon.XV1[
535 2059 571 2095 p.
587 2048 691 2092 806,
715 2046 749 2083 D
781 2060 808 2082 s.
833 2048 941 2086 1160

292 2106 329 2138 et
357 2101 536 2138 Herodot.
569 2101 624 2149 11,
653 2104 714 2142 19.
738 2104 804 2142 97.
862 2100 942 2138 Nec

291 2158 459 2194 dissentit
483 2157 706 2207 Pomponius
734 2156 834 2194 Mela
857 2156 895 2203 Ι,
917 2158 942 2197 9

289 2212 381 2250 haec
402 2213 580 2251 scribens:
611 2213 748 2260 „quta
769 2213 943 2250 Cercaso-

291 2282 370 2306 rum
395 2269 573 2320 oppidum
602 2268 731 2319 triplex
753 2282 834 2306 esse
855 2268 942 2316 (Ni-

291 2325 366 2374 lus)
386 2324 548 2375 incipit.“
606 2324 795 2362 Cercasori
823 2325 941 2362 locum

291 2394 387 2419 nunc
433 2392 609 2431 occupare
654 2380 778 2418 dicunt
824 2382 940 2418 vicum

291 2436 413 2475 Eksas
444 2450 472 2473 s.
499 2436 613 2473 Aksas
656 2436 693 2473 in
729 2437 940 2475 occidentali

291 2493 372 2544 ripa
388 2492 487 2540 Nili,
516 2505 583 2530 nec
613 2493 828 2530 audiendum
859 2506 940 2531 esse

292 2550 450 2598 Savary,
485 2548 528 2585 V.
556 2548 627 2595 D.,
675 2549 736 2598 qui
764 2549 801 2587 in
841 2562 939 2599 pago

293 2604 523 2643 Charakanie
557 2605 603 2641 ab
653 2605 814 2643 orientali
860 2606 939 2655 ripa

293 2660 369 2699 Nili
395 2665 551 2698 veterem
581 2660 706 2697 urbem
733 2661 936 2710 quaesierit.

293 2717 402 2754 conf.
432 2716 699 2754 Schlichthorst.
721 2717 743 2754 l.
771 2717 792 2753 l.
815 2732 849 2768 p.
871 2719 937 2758 63.

292 2773 507 2811 Hartmann.
532 2772 555 2809 Ι.
575 2772 598 2809 1.
625 2785 711 2822 pag.
735 2775 829 2814 783.
869 2773 938 2810 Ni-

294 2829 367 2866 lum
387 2842 472 2867 vero
498 2829 619 2866 scribit
645 2827 701 2866 Le
722 2829 813 2867 Pcre
841 2831 938 2877 (Del-

295 2887 470 2938 scriptde
479 2885 571 2935 l’Eg.
584 2885 644 2924 Et.
654 2887 751 2923 mod.
763 2886 778 2923 I
785 2900 822 2938 p.
837 2890 857 2928 1
865 2888 936 2935 19)

1011 1720 1056 1746 eo
1077 1707 1154 1746 loco
1177 1707 1309 1755 dividi,
1340 1708 1402 1757 qui
1421 1720 1517 1745 nunc
1536 1707 1663 1756 cogni-

1011 1770 1069 1802 tus
1088 1765 1235 1802 nomine
1246 1763 1346 1800 Batn
1356 1786 1372 1792 -
1384 1764 1415 1801 el
1425 1763 1660 1815 -Baquaralh

1009 1820 1070 1858 De
1091 1821 1237 1870 reliquis
1254 1821 1324 1857 vid.
1344 1820 1492 1858 Excurs.

1067 1875 1097 1927 ἦ
1118 1874 1160 1915 δὲ
1179 1873 1229 1926 δή
1259 1875 1352 1915 ἰθέα
1376 1879 1456 1915 τῶν
1479 1875 1588 1916 ὁδῶν
1604 1877 1663 1930 τῷ

1017 1933 1143 1986 Νείλῳ
1163 1947 1196 1970 κ.
1216 1947 1247 1970 τ.
1264 1931 1313 1982 λ.]
1349 1931 1408 1969 Ad
1426 1934 1585 1970 dativum
1605 1935 1662 1986 τῷ

1012 1989 1144 2040 Νείλῳ
1179 1989 1314 2028 consul.
1342 1987 1473 2025 Matth.
1504 1990 1569 2026 Gr.
1595 1989 1661 2027 Gr.

1009 2058 1095 2096 pag.
1121 2044 1202 2085 714
1217 2073 1228 2091 ,
1259 2049 1294 2081 et
1318 2045 1366 2081 ad
1394 2046 1547 2082 formam
1568 2043 1662 2092 ἐξίει

1012 2102 1167 2138 eundem
1197 2113 1283 2151 pag.
1306 2100 1399 2142 401.
1439 2100 1524 2138 Vid
1551 2113 1662 2153 supra

1009 2157 1106 2205 1‚6.
1133 2158 1223 2197 180.
1271 2156 1383 2194 Paulo
1402 2161 1488 2207 post
1507 2170 1586 2195 cum
1603 2170 1661 2196 re-

1009 2218 1117 2251 centt.
1150 2213 1248 2251 edidi
1273 2209 1394 2267 ταύτῃ
1424 2227 1492 2264 pro
1512 2213 1660 2263 vulgato

1008 2265 1167 2320 ταύτην.

1066 2321 1235 2376 διφασια
1279 2320 1453 2377 στόματα
1476 2354 1488 2374 ,
1539 2320 1566 2365 οἷ
1586 2339 1617 2366 π
1636 2321 1660 2366 ο

1007 2384 1099 2421 τοῦ
1117 2379 1528 2433 Σεβεννυτικοῦ]
1547 2381 1660 2427 Quod

1007 2438 1277 2477 Schlichthorst.
1308 2438 1331 2475 l.
1363 2438 1386 2476 l.
1414 2451 1501 2488 pag.
1518 2440 1574 2480 38
1600 2451 1660 2477 re-

1006 2496 1094 2545 poni
1125 2495 1220 2532 vult:
1266 2489 1344 2533 οἷπὸ
1369 2496 1442 2533 τοῦ
1470 2496 1660 2534 Βουκολι-

1006 2552 1104 2598 κοῦ,
1134 2564 1177 2589 eo
1206 2549 1305 2587 libris
1335 2551 1551 2600 praesertim
1591 2550 1660 2588 ad-

1006 2607 1232 2644 versantibus
1262 2606 1409 2644 minime
1435 2619 1539 2657 opus.
1576 2606 1659 2646 Nec

1005 2663 1121 2712 magis
1139 2676 1229 2713 opus
1247 2689 1258 2708 ‚
1288 2662 1397 2712 paulo
1427 2663 1577 2701 inferius
1599 2675 1659 2701 re-

1006 2720 1161 2757 scribere
1198 2715 1402 2758 Τανιτικόν
1429 2732 1497 2769 pro
1521 2722 1658 2758 Σαϊτι-

1004 2773 1099 2824 κόν,
1128 2780 1167 2812 ut
1188 2775 1304 2813 eidem
1327 2775 1463 2826 placuit
1478 2775 1657 2814 schlicht-

1004 2832 1115 2869 horst.
1138 2831 1160 2869 l.
1180 2831 1203 2868 l.
1223 2844 1309 2883 pag.
1329 2831 1397 2873 42.
1448 2830 1509 2869 Tu
1528 2832 1656 2870 videas

1003 2888 1153 2927 Excurs.
