1759 3324
297 265 382 304 498

693 258 1169 301 HERODOTI

300 373 446 426 ὥσπερ
477 386 525 426 γε
552 370 606 414 τὰ
635 371 733 425 περὶ
751 369 884 414 Ἴλιον
912 370 985 413 καὶ
1009 368 1304 424 Τευθρανίην,
1334 366 1408 410 καὶ
1426 365 1557 423 Ἔφε-

299 451 380 496 σόν
408 466 452 494 τε
480 450 555 494 καὶ
582 449 851 504 ῙῑῙαιάνδρου
883 450 1053 492 πεδίον·
1109 445 1217 491 ὥστε
1249 445 1359 489 εἶναι
1394 446 1556 502 σμικρά
1570 453 1616 487 50

269 535 438 575 3ταῦτα
466 529 688 585 μεγάλοισι
719 528 988 585 συμβαλέειν.
1020 531 1108 569 τῶν
1137 526 1219 581 γάρ
1242 530 1378 569 ταῦτα
1399 524 1450 567 τά
1475 541 1559 579 χω-

300 612 373 664 ρία
410 609 760 664 προσχωσάντων
802 610 1034 661 ποταμῶν,
1092 606 1154 648 ἑνὶ
1203 609 1289 647 τῶν
1336 603 1562 659 στομάτων

299 695 377 733 τοῦ
414 690 580 730 Νείλου
592 717 602 734 ,

662 686 811 735 ἐόντος
850 684 1149 739 πενταστόμου
1161 718 1171 734 ,

1230 682 1372 733 οὐδεὶς
1413 681 1559 726 αὐτῶν

270 767 488 824 4πλήθεος
516 766 614 819 πέρι
655 764 772 815 ἄξιος
812 766 1117 818 συμβληθῆναι
1146 763 1247 806 ἐστί.
1304 763 1383 805 εἰσὶ
1414 761 1459 805 δὲ
1487 762 1561 805 καὶ

301 844 427 889 ἄλλοι
455 843 642 898 ποταμοὶ
674 841 728 885 οὐ
754 841 862 884 κατὰ
889 841 969 884 τόν
991 844 1153 884 Νεῖλον
1182 838 1325 890 ἐόντες
1355 839 1560 894 μεγάθεα,

302 926 484 973 οἵτινες
513 922 617 977 ἔργα
654 918 968 975 ἀποδεξάμενοι
1008 918 1171 974 μεγάλα
1203 920 1299 977 εἰσί·
1357 922 1446 960 τῶν
1476 916 1558 972 ἐγώ
1572 925 1617 958 55

301 1000 468 1057 φράσαι
497 1001 577 1056 ἔχω
609 998 855 1054 οὐνόματα,
885 999 959 1042 καὶ
990 997 1157 1051 ἄλλων,
1188 999 1261 1041 καὶ
1291 996 1373 1041 οὐκ
1402 996 1562 1052 ἥκιστα

295 1078 526 1137 Ἀχελι-όου·
579 1077 626 1129 ὃς
666 1077 777 1134 ῥέων
816 1075 876 1121 δι’
920 1075 1226 1133 Ἀκαρνανίης,
1268 1076 1342 1120 καὶ
1371 1075 1490 1128 ἐξιεὶς
1519 1075 1563 1126 ἐς

299 1158 552 1210 θάλασσαν,
589 1160 678 1201 τῶν
701 1155 942 1213 Ἐχινάδων
970 1155 1119 1212 νήσων
1159 1155 1236 1207 τάς
1265 1154 1442 1212 ἡμίσεας
1476 1153 1562 1211 ἤδη

245 1389 390 1430 Natron
409 1392 446 1427 et
476 1388 564 1426 celle
590 1388 638 1425 du
663 1389 781 1426 fieuve
808 1400 893 1425 sans

247 1460 336 1495 ean,
365 1446 516 1496 d'apres
539 1444 573 1481 la
597 1445 896 1482 reconnaissance

246 1507 313 1541 ete.
342 1515 410 1553 par
445 1501 479 1539 le
514 1501 662 1550 general
687 1501 896 1551 Andreossy.

245 1559 387 1596 Extrait
403 1558 450 1595 de
461 1557 496 1594 la
515 1558 653 1595 decade
663 1557 898 1607 Egyptienne

246 1628 301 1652 nr.
321 1613 359 1655 4.
378 1613 493 1651 Heme
513 1613 595 1651 Vol.
613 1613 682 1651 An.
702 1613 800 1650 VIII.

301 1667 444 1716 κόλπος
454 1665 674 1719 θαλάσσης]
697 1670 808 1716 ‚,Vid.
821 1669 898 1706 Eu-

248 1727 414 1765 stath.ad
426 1727 562 1775 odyss.
584 1727 647 1774 lV,
666 1726 747 1767 563
768 1739 803 1776 p.
818 1724 896 1767 185

245 1784 332 1821 Bas.
348 1784 441 1820 infra
458 1783 581 1832 ibique
593 1781 755 1833 Apion.“
778 1782 809 1819 C
818 1794 847 1818 r.

285 1841 358 1879 τοῦ
371 1839 533 1886 Νείλου,
545 1835 679 1885 ἐόντος
689 1832 899 1877 πενταστό-

247 1894 346 1947 μου]
370 1892 641 1946 πενταστόμου
662 1895 790 1944 optimi
820 1893 900 1943 qui-

247 1965 319 2002 que
352 1955 502 1988 tuentur
529 1952 651 2001 scripti
679 1950 769 1987 libri.
826 1949 899 1986 Alii

247 2002 510 2058 ἕπταστόμου,
540 2008 641 2056 quod
660 2019 702 2043 ex
719 2005 899 2043 communi

246 2068 407 2101 veterum
425 2063 596 2113 opinione
612 2063 658 2099 de
675 2066 813 2111 septem
826 2061 897 2098 Ni-

246 2119 271 2155 li
290 2119 390 2155 ostiis
406 2124 524 2155 ortum
545 2131 626 2156 esse
643 2118 795 2154 videtur.
817 2117 897 2154 He-

247 2175 397 2211 rodotus
418 2174 533 2221 enim,
571 2174 633 2222 qui
653 2174 746 2210 infra
765 2173 821 2219 II,
847 2172 896 2213 15

248 2230 408 2280 quinque
429 2234 568 2267 tantum
586 2229 662 2266 Nili
679 2231 772 2265 ostia
799 2241 898 2265 com-

247 2289 443 2333 memorat,
471 2286 544 2322 duo
564 2285 626 2322 illa
644 2285 764 2322 omisit
791 2285 897 2331 ostia,

247 2354 344 2392 quae
369 2341 552 2378 hominum
575 2345 652 2378 arte
673 2353 715 2378 ac
732 2341 897 2378 manibus

247 2411 366 2447 neque
408 2401 538 2434 natura
575 2398 717 2434 fuerant
752 2397 895 2444 effecta,

247 2453 466 2490 Bolbitinum
486 2466 528 2491 ac
544 2453 762 2490 Bucolicum.
801 2453 898 2489 Hinc

248 2514 344 2547 recte
355 2509 518 2546 Eustath.
538 2510 585 2546 ad
602 2509 754 2558 Dionys.
775 2509 898 2546 Perie-

249 2570 321 2613 get.
340 2568 421 2607 226
450 2565 495 2602 ab
514 2565 705 2602 Herodoto
726 2565 813 2601 Nlo
833 2565 897 2601 tri-

248 2621 310 2658 bui
327 2621 486 2670 quinque
503 2625 641 2657 tantum
656 2622 749 2658 ostia
763 2621 896 2668 scribit,

249 2674 399 2727 δηλαδὴ
422 2673 520 2715 κατά
552 2673 599 2715 τὰ
631 2674 782 2725 φυσικά
810 2673 895 2716 στό-

249 2748 369 2783 ματα,
402 2730 453 2779 ὥς
475 2728 548 2771 δύο
572 2735 693 2771 τινῶν
719 2729 897 2785 ὀρυκτῶν

249 2786 390 2828 ὄντων.
447 2789 552 2832 Quae
577 2790 703 2827 eadem
738 2790 897 2838 quinque

248 2845 341 2881 ostia
360 2845 454 2881 infra
476 2844 520 2892 11,
540 2848 591 2886 17
618 2846 782 2882 dicuntur
806 2845 896 2883 ἰθα-

247 2899 360 2953 γενέα
378 2899 556 2951 στόματα.
583 2900 642 2938 Ad
652 2903 895 2952 septenarium

962 1398 1151 1424 numerum
1178 1384 1276 1422 haud
1306 1386 1380 1422 seio
1415 1398 1463 1422 an
1491 1385 1619 1436 religio

964 1444 1070 1481 etiam
1107 1442 1268 1479 nonnihil
1305 1441 1478 1490 valuerit,
1522 1455 1619 1492 quae

966 1503 1125 1537 sanctum
1166 1510 1276 1546 quam
1317 1498 1472 1536 maxime
1507 1497 1620 1536 voluit

965 1556 1060 1593 hunc
1077 1567 1276 1592 numerum.

1023 1634 1157 1685 οὐδεὶς
1179 1633 1332 1688 αὐτῶν]
1368 1633 1500 1677 αὐτῶν
1530 1651 1619 1689 per-

969 1695 1167 1747 spicuitatis
1204 1707 1312 1731 causa
1346 1695 1403 1732 hic
1439 1695 1619 1732 adiectum

963 1752 1123 1803 pertinet
1156 1751 1204 1788 ad
1238 1751 1416 1800 genitivos
1456 1753 1536 1790 τῶν
1563 1772 1619 1779 -

964 1803 1280 1861 προσχωσάντων
1308 1809 1508 1859 ποταμῶν.

1023 1887 1072 1932 ου’
1093 1889 1193 1931 κατά
1222 1888 1290 1931 τὸν
1312 1894 1461 1932 Νεῖλον
1488 1885 1621 1939 ἐόντες

968 1944 1168 2000 μεγάθεα]
1202 1948 1262 1985 De
1282 1961 1349 1985 usu
1378 1949 1622 2000 praepositio-

966 2006 1022 2042 nis
1041 2001 1141 2043 κατά
1161 2006 1255 2041 conf.
1274 2004 1302 2051 Ι,
1324 2006 1483 2046 121.—-
1502 2000 1621 2056 μεγά-

964 2065 1042 2099 θεα
1054 2062 1147 2098 bene
1156 2061 1309 2098 correxit
1317 2060 1539 2111 Wesseling.
1549 2074 1619 2111 pro

963 2117 1058 2164 vulg.
1080 2112 1281 2168 μεγάθεες.
1326 2117 1508 2155 Sancrosti
1527 2116 1620 2155 lIber

965 2173 1107 2210 exhibet
1127 2171 1331 2223 μεγαθέει,
1359 2175 1458 2211 unde
1480 2173 1619 2212 Sohae-

963 2230 1029 2266 fer.
1049 2233 1086 2267 et
1105 2229 1274 2266 Larcher.
1292 2234 1533 2280 reposuerunt
1553 2243 1618 2280 με-

963 2280 1098 2337 γάθεϊ,
1119 2298 1192 2335 qno
1212 2290 1333 2323 tamen
1353 2299 1444 2337 opus
1463 2299 1540 2324 non
1557 2299 1618 2324 es-

966 2355 1005 2379 se
1024 2342 1118 2379 bene
1145 2346 1269 2379 monet
1288 2341 1490 2392 Schweigh.
1518 2355 1618 2381 com-

963 2410 1096 2449 parans
1117 2398 1153 2445 I,
1184 2401 1279 2439 202.
1310 2398 1381 2446 111,
1406 2401 1498 2441 102.
1524 2401 1617 2440 107.

964 2475 1019 2481 -
1058 2455 1165 2497 Quae
1195 2455 1241 2492 de
1266 2454 1465 2492 Echinadis
1492 2454 1618 2492 insulis

963 2509 1102 2547 Noster
1121 2512 1243 2558 refert,
1272 2512 1518 2562 comparanda
1535 2514 1619 2549 sunt

964 2579 1043 2603 cum
1070 2567 1134 2613 iis,
1183 2579 1278 2616 quae
1304 2567 1539 2617 Thucydides
1569 2567 1618 2615 Π,

967 2625 1047 2662 102
1074 2627 1109 2659 et
1129 2623 1250 2660 Strab.
1269 2623 1304 2660 X
1331 2637 1369 2674 p.
1397 2624 1504 2673 705,
1527 2624 1560 2660 B
1587 2637 1617 2660 s.

964 2691 1001 2727 p.
1031 2678 1112 2719 459
1140 2681 1319 2727 referunt,
1347 2680 1480 2728 quibus
1505 2679 1618 2729 Angli

965 2734 1062 2771 docti
1074 2735 1280 2772 recentioris
1292 2737 1536 2774 testimonium
1547 2736 1616 2773 ad-

964 2790 1017 2827 dit
1037 2789 1207 2828 Larcher.
1241 2791 1271 2827 C
1278 2804 1306 2828 r.
1337 2793 1492 2830 conferri
1517 2793 1618 2830 iubet

963 2846 1150 2896 Popponis
1180 2846 1350 2896 Prolegg.
1372 2849 1420 2886 ad
1449 2848 1617 2898 Thucyd.

962 2903 1031 2939 vol.
1049 2902 1077 2950 I,
1099 2906 1126 2944 2
1143 2916 1230 2954 pag.
1251 2905 1345 2946 257.
