1814 3324
0 381 10 475 l

5 526 8 558 l

4 621 7 652 Ι

520 268 941 308 EUTERPE.
1001 268 1046 305 Il.

159 554 267 592 μνη,
298 533 396 588 παρ’
425 533 479 590 ἣν
509 533 532 577 ὁ
556 533 826 589 λαβύρινθος
855 528 985 585 οὗτος
1016 533 1310 590 οἰκοδόμηται.
1341 539 1415 590 τῆς

275 861 382 912 Cap.
416 860 583 898 CXLIX.

155 942 364 996 παρέχεται
382 943 410 995 ἦ
422 945 598 996 Μοίριος
619 946 753 983 καλεο-

99 999 197 1052 μένη
229 1000 373 1052 λίμνη]
405 1001 494 1038 Aliis
518 1002 751 1050 scriptoribus

99 1064 156 1095 est
177 1059 378 1109 Μοίριδος
406 1059 546 1109 λίμνη,
577 1058 753 1095 ,Moeridis

98 1115 232 1165 (prisci
265 1115 358 1151 illius
382 1115 503 1163 regis,
544 1116 607 1164 qui
636 1115 751 1152 lacum

98 1172 286 1219 effecerit)
318 1172 426 1208 lacus.
491 1171 590 1208 Inter
610 1176 752 1209 veteres

97 1229 292 1277 praecipue
311 1228 522 1265 consulendi
541 1232 625 1264 sunt
647 1229 751 1264 Stra-

97 1284 145 1321 bo
173 1284 279 1320 XVII
305 1298 341 1334 p.
371 1286 451 1325 809
479 1297 507 1320 s.
541 1285 648 1324 1163
672 1297 749 1332 seq.

96 1340 281 1377 Diodorus
309 1341 348 1387 I,
381 1343 432 1381 52
459 1340 539 1377 coll.
570 1340 749 1391 Pompon.

97 1396 184 1433 Mel.
200 1397 230 1444 I,
252 1399 288 1438 9.
320 1396 410 1433 Plin.
430 1397 463 1433 h.
486 1410 521 1434 n.
541 1397 586 1443 V,
607 1400 651 1442 93
681 1410 749 1433 no-

98 1457 172 1490 stra
190 1457 311 1490 aetate
343 1455 500 1490 omnium
523 1454 749 1490 accuratissi-

97 1523 155 1547 me
188 1511 235 1546 de
260 1509 338 1546 lacu
369 1510 569 1560 disputavit
591 1509 746 1546 Iomard.

95 1566 153 1603 in:
183 1567 322 1613 „mem
344 1579 404 1603 sur
421 1566 455 1603 le
474 1566 530 1603 lac
550 1567 595 1603 de
610 1566 746 1603 Moeris

97 1623 266 1672 compare
308 1635 354 1659 au
384 1623 439 1659 lac
476 1623 522 1659 de
556 1623 750 1672 Fayoum“

97 1679 270 1729 descript.
293 1679 340 1715 de
358 1679 450 1727 l’Eg.
470 1679 607 1727 antiqq.
635 1679 710 1716 livr.
732 1679 750 1716 I

96 1749 131 1785 p.
156 1738 211 1776 79
230 1748 330 1783 seqq.
351 1735 429 1771 coll.
459 1735 536 1772 livr.
560 1736 607 1771 ΙΙΙ
631 1737 674 1782 (t.
698 1736 748 1783 ΙΙ)

97 1792 198 1841 chap.
219 1791 320 1828 XVII
350 1796 434 1828 sect.
455 1791 503 1827 ΙΙΙ
538 1805 573 1841 p.
602 1792 634 1828 H
665 1790 701 1842 ξ.
726 1795 745 1831 1

96 1860 183 1900 pag.
214 1851 265 1889 27
300 1861 375 1896 seq.
441 1847 536 1884 Add.
565 1848 748 1886 Mannert.

98 1904 235 1952 Geogr.
268 1905 333 1941 der
364 1904 430 1940 Gr.
461 1917 495 1940 u.
522 1904 628 1940 Ram.
655 1905 703 1952 X,
727 1907 748 1945 1

97 1974 133 2010 p.
147 1961 230 2001 422
251 1973 326 2009 seq.
350 1965 385 1997 et
403 1962 597 2010 praecipue
618 1961 748 1998 Ritter.

98 2016 290 2053 Erdkund.
313 2016 327 2052 I
347 2030 431 2066 pag.
452 2019 533 2057 803
554 2030 656 2066 seqq.
696 2017 750 2054 Ac

97 2074 240 2110 videtur
255 2074 382 2109 natura
401 2074 546 2122 quidem
566 2075 678 2111 fuisse
697 2074 750 2110 la-

97 2142 172 2177 cus,
202 2130 263 2178 qui
285 2134 361 2167 arte
378 2130 534 2166 humana
554 2131 752 2168 accedente

95 2190 180 2237 post
227 2199 310 2222 eum
347 2187 383 2222 in
421 2186 594 2222 ambitum
629 2187 752 2233 crevit,

98 2255 205 2291 quem
221 2243 432 2279 Herodotus
455 2242 587 2291 aliique
605 2243 752 2293 praedi-

97 2302 190 2336 cant.
247 2299 329 2336 Vid.
351 2299 570 2348 Wesseling.
594 2300 642 2336 ad
661 2299 752 2336 Dio-

98 2355 176 2392 dor.
193 2354 230 2401 I,
247 2355 313 2396 51.
371 2356 541 2392 Cernitur
559 2356 676 2392 adhuc
698 2356 751 2392 la-

99 2423 159 2447 cus
170 2439 181 2458 ,
202 2412 348 2449 nomine
367 2411 518 2449 Bz'rket-
528 2412 585 2449 el-
595 2411 748 2459 Keroun,

99 2469 380 2515 septentrionem
415 2482 536 2506 versus
576 2469 621 2505 ab
659 2469 750 2506 urbe

99 2522 263 2560 Medinat
280 2524 313 2562 el
333 2523 499 2573 Fayoum
518 2525 749 2575 proficiscen-

98 2579 196 2615 tibus
234 2580 270 2616 in
305 2581 384 2630 ipso
414 2581 553 2630 Libyae
592 2582 750 2629 deserto,

100 2636 218 2683 specie
243 2636 348 2674 valde
375 2638 514 2674 mutata
539 2638 750 2687 ambituque

99 2690 327 2729 vehementer
341 2694 537 2731 deminuto.
568 2695 641 2738 Qui
656 2695 750 2731 enim

101 2744 186 2782 olim
211 2748 381 2786 ambitum
406 2751 650 2799 quadraginta
671 2750 750 2787 mil-

100 2801 277 2840 liariorum
317 2805 538 2844 Gallicorum
577 2807 748 2855 (lieues)

101 2857 267 2896 habuisse
291 2861 451 2909 videtur,
490 2863 541 2899 ita
566 2867 606 2899 ut
632 2862 749 2901 lacum

102 2911 301 2952 Lemanum
324 2917 399 2955 fere
426 2923 619 2968 aequaret,
648 2919 678 2955 is
696 2919 749 2956 vi-

159 463 319 513 θῶυμα
355 457 484 512 μέζον
520 454 748 510 παρέχεται
785 453 812 511 ἡ
844 456 1036 509 Μοίριος
1076 455 1313 512 καλεομένη
1351 458 1415 499 λί-

1335 271 1419 310 829

286 383 376 423 Τοῦ
413 379 459 422 δὲ
498 378 774 432 λαβυρίνθου
812 375 973 419 τούτου
1009 374 1158 426 ἐόντος
1196 375 1416 428 τοιούτου,
1474 387 1747 427 ‚¹mcusMovridis,

1472 430 1537 455 ipso
1578 423 1748 456 labyrintho

1473 455 1696 484 admirabilior:

1473 490 1538 515 eius
1562 490 1746 522 magnitudo:

1471 523 1643 556 pyramides
1663 524 1691 549 in
1711 532 1747 550 ea

1473 556 1551 582 dnae
1571 576 1580 588 ‚

1621 561 1747 591 utraque

1472 589 1618 615 colossum
1695 599 1746 623 gc«

158 616 206 657 τὸ
235 614 491 669 περίμετρον
530 618 604 670 τῆς
634 613 843 667 περιόδου
874 613 955 657 εἰσὶ
993 612 1162 657 στάδιοι
1200 612 1749 683 ἑξακόσιοι5οἰειιι1ῗὲιξῐξῧῇιξτιιηεῐιῐιιρειε

1473 692 1602 723 quantus
1630 698 1664 715 ex
1683 690 1748 717 lacn

1472 723 1597 756 piscium
1618 731 1747 758 proven-

1469 761 1530 784 tus.

822 834 916 882 ginti
943 834 1102 882 quinque
1139 832 1302 870 milliaria
1329 833 1473 870 Gallica

821 891 879 926 vix
911 891 1047 927 ambitu
1080 903 1176 927 nunc
1197 903 1355 938 aequare
1385 891 1473 927 dici-

820 948 898 992 tur,
936 960 1155 995 quamquam
1185 947 1222 982 iu
1251 947 1337 996 ipsis
1368 947 1471 983 terris

821 1003 1090 1049 adiacentibus,
1122 1015 1216 1052 quae
1245 1016 1338 1039 nunc
1358 1002 1473 1039 incul-

821 1063 880 1096 tae
901 1064 998 1106 sunt,
1016 1064 1052 1096 et
1070 1059 1255 1096 meridiem
1273 1063 1309 1096 et
1326 1063 1473 1109 septen-

819 1116 975 1152 trionem
1012 1129 1136 1152 versus
1176 1128 1196 1151 a
1235 1115 1314 1152 lacu
1354 1116 1474 1151 adhuc

820 1176 1030 1221 comparent
1059 1172 1232 1220 vestigia,
1263 1184 1357 1220 quae
1380 1172 1474 1208 hanc

818 1231 950 1265 terram
998 1229 1100 1277 aquis
1151 1228 1237 1264 olim
1294 1228 1473 1264 obtectam

818 1285 931 1322 fuisse
952 1285 1160 1321 ostendunt.
1193 1284 1300 1320 Conf.
1314 1284 1470 1321 Iomard.

818 1340 841 1377 l.
868 1340 888 1376 l.
923 1353 1010 1391 pag.
1030 1340 1083 1382 84
1111 1354 1186 1389 seq.
1244 1338 1340 1377 'Cum
1372 1341 1468 1378 enim

817 1397 900 1434 olim
929 1399 1043 1433 maior
1070 1409 1246 1446 aquarum
1264 1397 1317 1433 vis
1341 1410 1361 1434 e
1383 1397 1470 1434 Nilo

814 1466 882 1504 per
901 1454 1062 1491 canalem
1090 1455 1126 1490 in
1156 1453 1272 1490 lacum
1290 1457 1386 1490 esset
1405 1454 1470 1491 de-

815 1511 926 1546 ducta
946 1511 1036 1559 (quo
1054 1510 1134 1560 ipso
1160 1514 1369 1559 spectarunt
1396 1508 1471 1547 Ae-

819 1567 958 1616 gyptii,
989 1570 1030 1603 ut
1056 1571 1092 1603 et
1121 1566 1209 1604 alias
1227 1567 1396 1615 regiones
1419 1567 1476 1603 ni-

818 1624 890 1659 mia
915 1636 1089 1672 aquarum
1129 1624 1232 1673 copia
1266 1623 1472 1661 laborantes

818 1679 1034 1726 liberarent,
1060 1684 1095 1717 et
1115 1680 1201 1716 alias
1223 1692 1397 1728 aquarum
1417 1680 1474 1716 in-

821 1736 906 1785 opia
933 1736 1138 1773 laborantes
1166 1736 1355 1772 fertiliores
1387 1737 1472 1773 red-

818 1793 966 1837 derent3
998 1794 1042 1829 cf.
1064 1792 1193 1829 Ritter.
1217 1792 1239 1829 l.
1263 1792 1285 1828 l.
1305 1806 1340 1842 p.
1355 1794 1471 1841 807),

818 1852 859 1884 ut
883 1861 1029 1898 campos
1051 1849 1255 1886 adiacentes
1277 1849 1471 1886 inundaret

819 1917 992 1952 aquarum
1012 1905 1116 1955 copia
1129 1935 1138 1952 ,
1156 1918 1251 1942 nunc
1267 1905 1381 1942 multo
1400 1905 1470 1942 mi-

816 1974 885 1997 nor
919 1974 1093 2010 aquarum
1124 1962 1180 1997 vis
1219 1974 1285 2011 per
1308 1962 1468 2011 Iosephi,

816 2018 877 2066 qui
907 2018 1038 2054 dicitur
1056 2047 1067 2064 ,
1116 2018 1277 2054 canalem
1305 2030 1349 2055 ex
1380 2018 1467 2055 Nilo

818 2074 954 2111 intrare
972 2075 1121 2121 dicitur,
1151 2075 1249 2111 unde
1274 2076 1471 2112 accedente

819 2143 966 2179 quoque
1010 2131 1181 2168 continua
1225 2131 1469 2178 exhalatione,

819 2186 936 2223 lacum
960 2188 1074 2236 magis
1105 2188 1296 2236 magisque
1323 2188 1473 2224 diminui

818 2243 988 2280 credibile
1016 2245 1091 2281 fiat.
1154 2244 1385 2281 Documento
1415 2247 1472 2281 est

818 2299 897 2348 ipsa
915 2299 1011 2336 lacus
1031 2313 1126 2349 aqua
1146 2300 1261 2347 salsa,
1293 2313 1387 2350 quae
1405 2313 1473 2337 an-

817 2356 965 2404 tiquitus
989 2357 1087 2393 nulla
1105 2358 1141 2393 in
1172 2370 1214 2394 eo
1233 2357 1344 2394 fuisse
1369 2358 1471 2394 vide-

817 2415 896 2460 tur,
926 2426 1004 2449 cum
1031 2413 1164 2450 multos
1192 2413 1391 2451 crocodilos
1411 2413 1470 2451 ille

817 2468 931 2506 aleret
953 2499 963 2516 ‚
1021 2482 1113 2518 quos
1154 2470 1191 2506 in
1228 2482 1324 2519 aqua
1377 2470 1472 2506 salsa

818 2526 965 2562 omnino
989 2539 1063 2562 non
1100 2527 1274 2564 invenias.
1334 2526 1473 2563 Confer

818 2581 1052 2619 Mannertum
1075 2582 1097 2620 l.
1129 2582 1151 2619 l.
1180 2595 1267 2633 pag.
1287 2581 1370 2623 428
1393 2595 1470 2631 seq.

818 2638 895 2674 Sed
929 2639 1088 2688 piscibus
1128 2639 1315 2676 abundare
1355 2639 1471 2676 lacum

816 2694 982 2744 probavit
1010 2708 1127 2745 nuper
1153 2695 1198 2732 L.
1222 2696 1269 2733 de
1298 2694 1471 2732 Laborde

816 2751 854 2787 in
882 2763 992 2788 revue
1014 2752 1193 2800 sranqaise
1225 2753 1333 2793 1829
1367 2752 1467 2801 janv.

815 2819 901 2858 pag.
921 2809 985 2847 67.

873 2864 944 2912 τῆς
970 2859 1015 2901 το“
1043 2862 1277 2914 περίμετρον
1302 2864 1374 2913 τῆς
1401 2876 1468 2900 πε-

818 2915 952 2970 ριόδου
973 2917 1048 2958 εἰσὶ
1071 2934 1105 2958 κ.
1127 2934 1159 2959 τ.
1182 2921 1230 2965 λ.]
1264 2919 1322 2957 De
1340 2917 1468 2970 plurali
