1759 3324
343 259 428 300 540
737 251 1208 293 HERODOTI

11 374 292 447 Rasspjgmeffinzd
347 367 458 410 νίων
486 363 675 422 βασιλέϊ·
723 366 797 407 καί
824 380 911 415 κως
946 362 991 406 ἐκ
1027 360 1172 417 λόγων
1211 359 1354 404 ἄλλων
1383 358 1615 403 ἀπικέσθαι

10 445 291 507 ἑῗεείέοίιίῗιῧὶιιιιῗινξιῖ

12 521 71 548 quo
89 510 229 539 crocodili
250 519 295 537 es-

12 549 80 606 flgnt
98 565 108 579 ‚
129 549 295 605 ’‘ulneatnternl

12 586 198 642 fifiessissiufffl
213 585 230 606 ⁹
255 585 274 605 ²

347 445 390 497 ἐς
417 443 570 501 λέσχην
601 444 699 499 περὶ
736 446 818 487 τοῦ
845 444 1034 494 Νείλου,
1088 438 1147 492 ὥς
1176 438 1321 491 οὐδεὶς
1352 438 1491 483 αὐτοῦ
1521 436 1614 482 οἶδε

349 524 425 576 τὰς
455 521 614 580 πηγάς·
672 522 747 564 καὶ
782 520 859 565 τόν
900 520 1125 576 Ἐτέαρχον
1163 518 1302 576 φάναι
1340 518 1485 561 ἐλθεῖν
1513 533 1613 561 κοτε

321 601 460 659 2παρ’
494 600 630 646 αὐτὸν
659 601 940 654 Νασαμῶνας
968 598 1146 652 ἄνδρας.
1194 597 1242 641 vd
1275 598 1320 641 δὲ
1350 598 1479 648 ἔθνος
1507 600 1612 640 τοῦ-
1627 604 1670 637 10

347 699 420 735 το,
452 682 538 725 ἔστι
569 679 647 735 μὲν
689 677 907 734 Λιβυκόν,
953 676 1126 732 νέμεται
1169 676 1213 720 δὲ
1253 675 1332 732 τὴν
1371 677 1540 730 Σύρτιν
1569 692 1614 719 τε

349 762 423 806 καὶ
452 759 530 816 τὴν
559 757 669 812 πρὸς
698 756 764 813 ἠῶ
792 755 938 812 χώρην
967 759 1041 810 τῆς
1073 753 1266 807 Σύρτιος
1298 753 1379 798 ov’x
1409 755 1477 798 ἐπὶ
1506 760 1611 799 πολ-

323 838 443 883 3λόν.
497 835 789 893 ἀπικομένους
819 835 865 879 δὲ
901 834 1004 884 τούς
1034 835 1338 888 Νασαμῶνας,
1383 833 1457 877 καὶ
1488 835 1612 888 εἰρω-

350 916 592 973 τεωμένους
622 917 662 959 εἴ
687 932 730 958 τι
758 914 905 970 ἔχουσι
935 912 1068 956 πλέον
1097 912 1238 968 λέγειν
1269 912 1366 966 περὶ
1398 916 1484 955 τῶν
1513 911 1614 968 ἐρή-

349 1014 444 1054 μων
473 1000 549 1053 τῆς
575 993 768 1051 Λιβύης,
800 992 960 1049 φάναι,
991 989 1111 1045 παρὰ
1149 993 1272 1046 σφίσι
1303 991 1508 1047 γενέσθαι
1532 989 1613 1034 οἷν-

350 1079 470 1131 δρῶν
511 1074 761 1120 δυναστέων
807 1074 966 1123 παῖδας
1003 1068 1228 1127 ὑβριστάς·
1288 1069 1392 1122 τούς
1435 1068 1542 1113 ἄλλα
1570 1076 1672 1113 τε15

350 1159 632 1213 μηχανᾶσθαι
656 1151 964 1207 ἀνδρωθέντας
993 1149 1197 1205 περισσοὶ,
1228 1150 1301 1193 καὶ
1332 1149 1384 1205 δὴ
1404 1149 1477 1193 καὶ
1501 1147 1614 1192 ἀπο-

349 1239 573 1291 κληρῶσαι
607 1232 732 1277 πέντε
763 1232 962 1284 έωυτῶν,
1017 1228 1266 1286 ὀψομένους
1295 1227 1347 1272 τὰ
1377 1228 1513 1285 ἐρῆμα
1540 1232 1616 1284 τῆς

350 1313 542 1371 Λιβύης,
587 1313 661 1357 καὶ
692 1314 732 1356 εἴ
757 1329 798 1356 τι
827 1310 960 1355 πλέον
989 1311 1128 1354 ἴδοιεν
1166 1313 1255 1353 τῶν
1283 1308 1337 1352 τοὶ
1364 1306 1616 1363 μακρότατα

322 1392 581 1450 4ἰδομένων.
643 1394 750 1449 (Τῆς
777 1390 862 1448 γάρ
893 1388 1059 1446 Λιβύης
1090 1388 1142 1432 τὰ
1172 1389 1250 1445 μὲν
1287 1386 1396 1431 κατοὶ
1425 1387 1504 1444 τήν
1534 1390 1614 1443 βο-

353 1475 481 1529 ρηΐην
525 1471 779 1524 θάλασσαν,
838 1468 916 1513 ἀπ’
952 1468 1178 1525 Αἰγύπτου
1217 1465 1452 1523 ἀρξάμενοι
1492 1466 1672 1524 μέχριΞο

295 1670 376 1708 mea
403 1670 550 1719 quidem
576 1665 764 1706 sententia.
807 1685 859 1693 —
893 1667 954 1704 Ad
1020 1679 1053 1704 τ.
1073 1663 1124 1715 λ.]
1166 1664 1333 1702 Eandem
1359 1662 1500 1713 Libyae
1528 1664 1568 1701 in
1597 1667 1673 1703 tres

294 1726 407 1764 verba
429 1721 648 1765 ἀπικέσθαι
671 1722 710 1770 ἐς
735 1720 877 1774 λέσχην
905 1724 952 1761 cf.

296 1795 392 1833 quae
411 1783 564 1821 diximus
586 1781 634 1819 ad
654 1780 694 1828 I,
718 1780 810 1821 155.

355 1865 491 1907 ἐλθεῖν
515 1888 572 1895 --
602 1866 859 1915 Νασαμῶνας
887 1860 954 1902 ὅν-

299 1923 417 1973 δρας]
454 1923 514 1961 De
536 1920 798 1960 Nasamonibus
830 1921 954 1957 confer

298 1979 375 2027 IV,
400 1982 482 2020 172
508 1982 545 2016 et
570 1977 724 2016 Diodor.
751 1976 859 2014 Sicul,
890 1975 954 2023 111,

300 2034 367 2077 49.
396 2034 517 2083 Atque
537 2033 764 2080 Hem-euius,
781 2032 841 2069 ubi
860 2031 954 2069 hunc

296 2090 416 2128 locum
438 2089 588 2139 exponit
613 2089 745 2136 (Ideen
771 2092 836 2126 etc.
854 2087 908 2135 ΙΙ,
928 2089 952 2128 1

299 2159 385 2197 pag.
414 2148 496 2187 203
528 2146 671 2193 seqq),
701 2149 798 2182 recte
826 2148 955 2181 notare

297 2203 441 2240 videtur
459 2201 522 2252 (p.
545 2203 625 2242 198
646 2201 668 2237 l.
690 2200 740 2248 l.)
770 2199 953 2237 Nasamo-

300 2272 366 2296 nes
386 2257 606 2308 pertinuisse
628 2258 677 2294 ad
686 2256 846 2305 Syrticas
864 2268 956 2304 gen-

300 2318 381 2361 tes,
411 2326 506 2362 quae
528 2313 778 2350 commercium
801 2325 881 2348 cum
900 2311 956 2348 in-

301 2370 444 2409 terioris
454 2368 595 2406 Africae
615 2369 782 2418 gentibus
794 2368 935 2417 egerint
946 2381 956 2414 3

303 2427 354 2464 ita
387 2430 427 2462 ut
456 2425 523 2462 iter
556 2425 644 2462 illud
674 2424 954 2474 haudquaquam

303 2495 370 2532 per
407 2481 575 2530 regiones
609 2481 718 2531 plane
749 2480 953 2528 incognitas

300 2538 502 2575 institutum
522 2538 638 2574 videri
665 2537 817 2582 debeat3
848 2536 953 2586 quip-

302 2608 351 2645 pe
381 2607 453 2642 quo
483 2593 551 2631 hoc
574 2593 799 2643 potissimum
829 2605 955 2642 respe-

302 2651 440 2697 xerint,
459 2662 544 2687 num
561 2649 648 2698 quid
667 2649 825 2695 ulterius,
845 2660 954 2697 quam

303 2705 505 2744 commercii
527 2718 635 2742 causa
673 2705 783 2754 vulgo
809 2705 954 2755 profici-

303 2766 488 2801 scerentur
499 2790 510 2809 ‚
540 2762 714 2812 progredi
729 2762 845 2799 liceat.

359 2848 430 2897 τῆς
454 2841 528 2897 γάρ
547 2841 707 2896 Λιβύης
729 2842 776 2885 vc)
797 2841 870 2896 μὲν
889 2859 956 2884 κα-

302 2898 350 2942 τὰ
380 2899 453 2954 τήν
479 2903 653 2954 βορηΐην
682 2898 893 2942 θάλασσαν
919 2916 955 2941 κ.

1021 1726 1146 1772 partes
1183 1722 1397 1758 divisionem
1437 1722 1577 1771 profert
1610 1721 1674 1769 lV,

1024 1779 1116 1819 181.
1164 1778 1269 1821 Quae
1302 1777 1360 1815 vel
1389 1777 1500 1816 hodie
1529 1781 1674 1815 servata

1022 1847 1103 1872 esse
1123 1835 1251 1871 dicitur
1267 1834 1304 1871 in
1327 1833 1442 1870 tribus
1456 1833 1523 1870 illis
1546 1833 1674 1883 appel-

1020 1890 1232 1928 lationibus:
1270 1889 1448 1927 Barbarei
1467 1917 1478 1936 ,
1506 1888 1672 1926 Bz'leclul-

1020 1946 1122 1994 gerz'd
1141 1951 1177 1984 et
1200 1946 1365 1989 Salmra5
1402 1945 1540 1995 quippe
1566 1949 1674 1982 natu-

1020 2016 1082 2040 rae
1116 2002 1186 2052 ipsi
1214 2001 1274 2038 illa
1304 2006 1360 2039 est
1385 2000 1492 2038 valde
1509 2013 1673 2050 congrua

1021 2063 1058 2097 et
1102 2063 1357 2095 consentanea.
1430 2057 1536 2101 Quae
1578 2057 1675 2095 ultra

1022 2116 1167 2153 deserta
1195 2114 1334 2151 Sahara
1371 2117 1456 2150 sunt
1503 2114 1672 2163 regiones

1023 2171 1138 2208 cultae
1163 2183 1205 2207 ac
1231 2170 1387 2217 fertiles,
1428 2182 1524 2206 nunc
1546 2170 1674 2220 cogni—

1021 2232 1082 2265 tae
1112 2230 1194 2263 sunt
1220 2227 1367 2264 nomine
1385 2224 1570 2275 Nigritiae
1597 2227 1674 2265 sive

1025 2282 1171 2327 Sullam·
1228 2295 1319 2332 quas
1364 2296 1432 2321 nec
1478 2283 1673 2321 Herodoto

1022 2352 1171 2390 prorsus
1206 2339 1410 2388 incognitas
1445 2339 1558 2377 fuisse
1578 2367 1589 2387 ‚
1628 2352 1673 2378 ea

1023 2396 1103 2446 ipsa
1141 2395 1349 2442 declarant,
1387 2396 1540 2445 quaein
1567 2395 1672 2433 huius

1023 2452 1151 2502 capitis
1187 2452 1259 2489 fine
1297 2451 1476 2501 leguntur.
1536 2452 1676 2490 Confer

1020 2508 1180 2545 Heeren.
1202 2508 1314 2545 Ideen
1346 2508 1398 2554 11,
1425 2510 1446 2549 1
1481 2522 1517 2559 p.
1538 2510 1564 2550 6
1594 2508 1674 2547 coll.

1020 2563 1150 2601 Ritter.
1169 2563 1360 2601 Erdkund.
1381 2564 1395 2601 I
1412 2577 1448 2614 p.
1464 2566 1559 2606 898.

1077 2622 1149 2668 τῆς
1167 2616 1241 2672 γὰρ
1261 2616 1420 2671 Λιβύης
1435 2639 1490 2649 -·
1509 2615 1673 2660 θάλασ-

1024 2675 1120 2726 σαν]
1160 2677 1184 2713 i.
1213 2689 1244 2714 e.
1279 2677 1369 2727 quod
1389 2679 1515 2714 attinet
1541 2677 1590 2715 ad
1614 2691 1674 2715 eas

1023 2732 1162 2783 Libyae
1183 2736 1324 2782 partes,
1371 2747 1459 2784 quae
1485 2733 1674 2771 secundum

1024 2801 1119 2826 mare
1147 2789 1280 2826 boreale
1317 2804 1345 2827 s.
1388 2790 1674 2827 mediterraneum

1017 2848 1269 2896 porn'guntur5
1300 2847 1431 2896 quibus
1460 2860 1525 2885 ora
1544 2847 1674 2885 borea-

1021 2902 1066 2940 lis
1095 2901 1236 2952 Libyae
1270 2903 1468 2952 indicatur,
1511 2904 1548 2941 in
1574 2903 1674 2942 cuius
