1805 3315
352 236 426 277 72'
755 230 1234 270 HERODO'l'l

336 342 419 394 ‘aas
456 341 636 392 ἕκαστος
675 339 823 384 αὐτῶν
854 336 1124 383 ἀπικνέοιτο·
1174 340 1248 384 καὶ
1281 339 1335 396 ὀὴ
1368 339 1440 383 καὶ
1470 338 1644 392 Σόλων,

360 420 471 477 ἀνὴρ
505 418 764 476 Ἀθηναῖος,
817 416 865 468 ὃς
908 415 1177 474 Ἀθηναίοισι
1220 418 1387 474 νόμους
1416 416 1691 462 κελεύσασιῖῡ

359 499 564 555 ποιήσας,
605 496 848 552 ἀπεδήμησε
883 496 977 540 ἔτεα
1009 497 1139 550 δέκα,
1179 496 1290 540 κατὰ
1324 500 1511 554 θεωρίης
1539 496 1646 552 πρό-

361 589 498 634 φασιν
523 575 769 627 ἐκπλεύσας,
800 577 873 619 ἵνα
894 575 947 632 δὴ
964 575 1020 632 μή
1048 593 1147 619 τινα
1175 579 1265 619 τῶν
1295 575 1444 631 νόμων
1463 575 1647 632 ἀναγκα-

335 660 450 713 Βσθῇ
483 658 612 699 λῦσαι
649 659 738 699 τῶν
777 655 912 699 ἔθετο.
954 652 1081 699 αὐτοὶ
1107 654 1192 712 γάρ
1225 653 1306 699 οὐκ
1335 652 1424 698 οἷοί
1463 671 1507 699 τε
1534 651 1647 712 ἦσαν

360 734 468 780 αὐτὸ
490 739 670 791 ποιῆσαι
697 732 942 791 Ἀθηναῖοι·
981 733 1170 790 ὁρκίοισι
1199 734 1282 791 γὰρ
1307 734 1531 791 μεγάλοισι
1550 750 1647 778 κατ-

358 817 549 872 είχοντο,
601 817 704 858 δέκα
735 814 828 858 ἔτεα
862 813 1099 870 χρήσεσθαι
1130 813 1305 869 νόμοισι
1342 814 1446 864 τούς
1474 812 1529 855 ἄν
1566 824 1693 868 σφι25

315 1180 384 1217 pro
406 1162 644 1219 Ἀνδροτίων
671 1164 740 1202 illic
772 1164 968 1213 legendum

301 1220 499 1275 ’Ἀνδρων,

373 1278 428 1327 οἷς
448 1278 608 1324 ἕκαστος
623 1272 708 1316 αὕτ
721 1278 753 1315 ὦ
764 1292 787 1316 ν
801 1272 965 1316 οἷπικνέ-

315 1335 420 1387 οιτο]
454 1330 590 1374 αὐτῶν
611 1348 678 1385 pro
705 1330 857 1373 αὐτέων
886 1333 967 1385 plu-

315 1393 395 1430 rimi
410 1392 514 1441 libri,
541 1404 633 1442 quos
663 1403 741 1427 cum
762 1391 880 1428 Gaisf.
910 1403 970 1428 se-

314 1449 387 1486 cuti
413 1462 551 1486 sumus.
611 1447 719 1484 Conf.
751 1447 792 1495 Ι,
821 1450 875 1488 26
907 1447 968 1483 fin.

313 1505 556 1542 Locutionem
578 1501 631 1550 ὦς
651 1502 812 1550 ἕκαστος
833 1503 972 1552 aliquot

314 1562 492 1612 exemplis
511 1560 701 1597 illustravit
712 1559 970 1609 W'yttenbach.

316 1619 353 1654 in
390 1618 537 1655 Select‘t.
576 1616 755 1654 historice.
806 1629 844 1666 p.
876 1615 973 1662 346,

315 1678 482 1711 nostrum
502 1673 620 1709 locum
637 1672 690 1708 ita
709 1673 973 1722 interpretans:

316 1733 383 1776 „ut
402 1742 515 1767 eorum
536 1731 680 1779 quisque
697 1728 917 1775 adve1zz'ret‚“
934 1727 975 1764 id

317 1790 394 1834 est,
422 1800 490 1823 non
509 1786 622 1822 eodem
643 1787 676 1822 et
696 1786 883 1832 communi,
916 1783 976 1820 sed

318 1856 381 1879 suo
402 1845 547 1893 quisque
578 1845 611 1878 et
632 1841 824 1878 consilioet
845 1844 975 1891 tempo-

318 1912 376 1946 re,
396 1900 473 1937 sive
488 1911 554 1949 pro
574 1911 610 1934 se
634 1900 788 1948 quisque.

378 1963 477 2005 nocto?
496 1966 673 2016 θεωρίης
694 1961 899 2016 πρόφασιν
917 1963 976 2004 ἔκ-

319 2018 503 2074 πλεόσας]
521 2022 689 2060 Conferri
708 2022 783 2059 vult
806 2022 870 2059 Cr.
884 2034 978 2071 quae

319 2082 414 2118 hanc
442 2081 481 2117 in
506 2092 583 2117 rem
617 2080 764 2115 omnino
795 2079 977 2128 praecipi-

321 2141 429 2173 untur
455 2137 554 2185 apud
595 2135 737 2172 Platon.
778 2135 824 2172 de
854 2134 975 2184 Legg.

323 2193 395 2230 XII
414 2206 450 2243 p.
471 2194 567 2239 951,
592 2190 633 2230 Α.
681 2191 784 2228 Idem
805 2192 978 2228 amnonet

324 2249 421 2286 vocis
444 2247 712 2298 φιλοθέωρος,
743 2262 816 2297 quo
845 2248 975 2298 perio-

326 2318 407 2342 eum
436 2307 513 2342 fere
541 2307 651 2342 utitur
684 2304 816 2342 Cicero
835 2304 906 2355 Ep.
928 2305 975 2341 ad

327 2360 458 2399 Famil.
482 2361 569 2408 VII,
597 2363 661 2402 16.

383 2430 465 2467 τῶν
491 2427 550 2467 ἔθ
563 2443 578 2467 ε
592 2427 668 2479 το]
701 2428 761 2465 Sic
782 2429 874 2465 infra
890 2441 980 2477 quo-

327 2498 415 2535 que:
446 2481 608 2530 -τοΰς
625 2482 675 2522 ἑέν
696 2497 767 2532 σφι
781 2485 872 2533 (σφι
887 2485 981 2522 enim

330 2541 495 2579 dedimus
531 2554 610 2578 cum
645 2541 763 2578 Gaisf.
782 2541 801 2588 )
840 2535 982 2579 Σόλων

330 2599 497 2647 θῆται.
554 2596 607 2634 Ac
639 2597 729 2632 satis
750 2600 875 2632 notum
907 2597 982 2633 dis-

332 2654 466 2691 crimen
492 2653 586 2690 inter
621 2648 748 2702 νόμον
774 2655 911 2690 θεῖναι
941 2665 983 2689 ac

331 2708 510 2756 θέσθαι,
539 2710 587 2746 de
609 2721 682 2757 quo
707 2707 737 2745 C
745 2720 774 2744 r.
794 2707 918 2745 laudat
933 2708 979 2746 F.

332 2765 375 2804 A.
402 2765 512 2802 Wolf.
550 2765 586 2800 in
617 2764 789 2813 Prolegg.
818 2764 867 2800 ad
904 2763 982 2801 De-

334 2821 465 2860 mosth.
494 2821 644 2871 Leptin.
675 2835 711 2870 p.
725 2819 882 2857 CXXVI
902 2833 980 2870 seq.

389 2874 480 2925 τούς
511 2874 562 2917 c'c'v
585 2872 807 2928 σφιΣόλων
829 2875 977 2927 θῆται]

246 882 312 926 3⁰
359 896 520 939 Σόλων
544 898 687 951 θῆται.
739 892 898 937 Αὐτῶν
921 892 974 948 δὴ
999 887 1061 936 ὦν
1080 892 1249 936 τούτων
1274 893 1345 936 καὶ
1366 896 1441 949 τῆς
1462 893 1648 949 θεωρίης

35 945 313 1020 Ξῶᾎεεκξοῖιᾟῑ·

37 1013 318 1074 εεητειυὲῑειιῃιὲ

36 1080 154 1107 'sellum
173 1080 306 1108 beatissi-

37 1122 116 1142 mum
135 1113 238 1144 fuisso.

307 1000 315 1014 ⁹
365 973 608 1031 ἐκδημήσας
639 972 663 1017 ὁ
695 972 856 1016 Σόλων
899 973 1080 1025 εἵνεκεν,
1133 971 1175 1023 ἐς
1204 974 1429 1027 Αἴγυπτον
1471 971 1647 1016 ἀπίκετο

1036 1164 1319 1201 Coniunctivum
1340 1176 1418 1200 eum
1441 1164 1619 1214 panicula
1642 1159 1695 1203 ἂν

1035 1221 1092 1258 hic
1109 1233 1176 1271 pro
1189 1221 1350 1270 optativo
1367 1221 1476 1270 poni,
1489 1220 1552 1258 ubi
1560 1220 1693 1257 transi-

1036 1281 1093 1314 tus
1127 1289 1171 1315 ex
1201 1276 1347 1325 obliqua
1370 1277 1534 1314 oratione
1567 1277 1631 1314 fiat
1658 1277 1695 1314 in

1036 1338 1193 1382 rectam,
1232 1338 1355 1370 monet
1384 1331 1515 1370 Matth.
1543 1331 1581 1384 ἓ.
1613 1333 1696 1376 527

1038 1394 1114 1427 not.
1143 1392 1190 1437 1,
1221 1402 1240 1426 c
1261 1403 1298 1440 p.
1321 1391 1441 1430 1025.
1499 1389 1576 1427 Sed
1610 1403 1697 1427 con-

1040 1447 1232 1484 iunctivum
1245 1446 1458 1494 legitimum,
1477 1445 1619 1497 opinor,
1639 1450 1697 1483 tu-

1040 1507 1119 1541 etur
1138 1504 1297 1540 futurum
1320 1497 1545 1555 χρήσεσθαι
1558 1532 1570 1551 ,
1599 1503 1697 1541 unde

1041 1559 1102 1597 ille
1121 1559 1294 1610 pendeat.

1240 1670 1271 1707 C
1284 1682 1305 1706 a
1319 1683 1358 1721 p.
1390 1669 1511 1708 XXX.

1101 1743 1246 1788 Αὐτῶν
1277 1746 1328 1800 δή
1357 1743 1414 1788 ὧν
1445 1744 1600 1788 τούτων
1631 1748 1699 1788 καὶ

1045 1807 1117 1856 τῆς
1137 1805 1311 1858 θεωρίης
1331 1802 1556 1858 ἐκδημήσας
1577 1803 1601 1845 ὁ
1622 1801 1700 1845 Σό-

1046 1865 1127 1901 λων
1181 1862 1349 1911 εἵνεκεν,
1405 1862 1444 1909 ἐς
1493 1861 1698 1914 Αἴγυπτον

1047 1915 1210 1958 α’πίκετο
1231 1935 1265 1958 κ.
1286 1935 1320 1958 τ.
1344 1917 1404 1970 λ.]
1444 1919 1547 1956 Haec
1576 1919 1699 1966 verba,

1046 1989 1199 2024 quorum
1216 1990 1363 2014 sensum
1384 1988 1491 2013 nemo
1511 1988 1586 2011 non
1598 1988 1701 2013 asse-

1046 2037 1147 2070 cutus
1166 2038 1246 2080 est,
1275 2033 1391 2069 maius
1421 2032 1608 2080 negotium
1638 2044 1698 2069 ex-

1045 2090 1190 2136 hibent,
1220 2095 1425 2140 temporum
1443 2088 1619 2126 rationem
1640 2100 1701 2124 ac-

1044 2146 1202 2183 curatius
1222 2147 1253 2183 si
1279 2158 1551 2196 persequamur.
1589 2144 1700 2182 Unde

1044 2204 1178 2239 sactum
1208 2207 1285 2250 est,
1314 2206 1354 2238 nt
1381 2201 1562 2238 nonnullis
1582 2205 1696 2238 totum

1042 2259 1112 2295 hoe
1154 2259 1369 2308 colloquium
1424 2257 1569 2294 Solonis
1619 2270 1698 2294 cum

1047 2315 1188 2352 Croeso
1209 2329 1357 2366 prorsus
1369 2315 1489 2352 fictum
1510 2315 1704 2361 videretur,

1049 2372 1185 2421 quippe
1206 2377 1409 2422 temporum
1430 2371 1570 2408 ratione
1586 2371 1699 2407 resta—

1047 2433 1180 2475 guum,
1226 2442 1307 2466 cum
1343 2427 1516 2464 Solonem
1554 2426 1700 2476 Olymp.

1049 2484 1193 2532 XLV1,
1224 2488 1249 2526 3
1280 2483 1562 2521 Atheniensibus
1599 2482 1700 2530 leges

1049 2540 1176 2578 tulisse
1212 2544 1356 2578 constet
1391 2540 1618 2586 eundemque
1642 2543 1699 2586 ty-

1050 2596 1212 2633 rannidis
1240 2597 1476 2633 Pisistrateae
1509 2607 1606 2631 anno
1641 2607 1700 2631 se-

1051 2651 1191 2698 cundo,
1222 2653 1296 2689 sive
1330 2651 1477 2700 Olymp.
1509 2648 1593 2686 LlV
1621 2651 1700 2687 obi-

1049 2709 1145 2752 isse3
1175 2720 1247 2756 quo
1272 2708 1353 2757 ipso
1373 2708 1518 2744 demum
1539 2706 1700 2744 Croesus

1049 2776 1203 2811 regnare
1238 2764 1331 2802 inter
1363 2762 1491 2811 Lydos
1529 2764 1700 2814 coeperit.

1048 2819 1097 2856 At
1117 2820 1312 2867 Solonem,
1353 2823 1521 2868 gemente
1549 2820 1616 2857 sub
1640 2820 1701 2857 Pi-

1049 2876 1183 2915 sistrati
1206 2877 1455 2915 dominatione
1475 2876 1618 2915 civitate
1635 2876 1700 2914 At-
