1759 3324
491 253 907 295 EUTERPE.
966 253 1013 290 ΙΙ.

1290 254 1375 293 ’735

112 368 185 411 καὶ
226 363 450 421 Αἰγύπτου
499 363 542 414 ἐς
578 363 626 406 τό
667 365 753 406 νῦν
792 358 1056 416 Κανωβικὸν
1105 359 1376 416 καλεύμενον

82 446 251 501 3στόμα
294 448 374 487 τοῦ
403 444 589 494 Νείλου,
639 441 713 484 καὶ
754 441 796 491 ἐς
830 441 1066 495 Ταριχείας.
1124 434 1181 495 ἦν
1220 440 1266 483 δὲ
1307 440 1375 483 ἐπὶ

146 529 162 537 .-
231 523 288 538 ἠν
430 521 450 535 u
536 523 545 537 ι
618 524 635 532 *-
699 519 710 534 2
828 517 838 533 t·
1004 519 1012 532 1
1101 520 1113 535 e·
1155 518 1164 531 Ι
1255 519 1266 533 2
1360 517 1368 532 ἱ
1414 526 1430 536 „r

112 542 186 580 της
215 540 392 580 ηιονος,
424 540 447 564 0
478 538 550 565 και
579 537 664 564 νυν
693 532 802 571 εστι,
840 522 1066 574 Ηρακλεος
1098 534 1218 574 ιρον·
1249 536 1293 570 ες
1323 537 1372 562 το
1387 527 1431 559 7ο

109 603 164 660 ἢν
196 602 461 657 καταφυγών
490 602 656 656 οἰκέτης
693 599 798 657 ὅτεῳ
835 597 1084 653 ἀνθρώπων
1117 597 1373 654 ἐπιβάληται
1433 598 1512 640 155

110 684 318 738 στίγματα
348 680 442 736 ἷρὰ,
494 681 660 724 ἑωυτὸν
692 678 844 731 διδούς
873 682 932 736 τῷ
962 681 1080 735 θεῷ,
1129 676 1211 721 οὐκ
1242 677 1375 730 ἔξεστι

52 882 174 916 mente
194 878 431 927 repetendum
450 881 516 915 est.
558 877 619 913 Sic
638 876 707 913 hoc

52 935 131 971 loco
155 934 447 983 Schweighaeus.
469 933 706 982 subintelligit

53 990 249 1039 πνέοντα,
271 996 309 1028 ut
328 992 404 1028 fere
423 991 494 1038 IV,
517 991 606 1031 152.
628 990 707 1026 Ne-

55 1061 125 1097 que
147 1048 215 1084 huc
234 1061 308 1083 non
326 1048 485 1097 pertinet
502 1047 546 1094 ΙΙ,
564 1050 654 1094 121,
669 1050 706 1087 2.

53 1104 117 1150 lv,
136 1107 200 1145 28.
231 1104 304 1152 ΙΙΙ,
335 1106 412 1144 109
435 1108 516 1150 etc,
547 1116 642 1153 quae
669 1103 705 1139 in

54 1161 166 1198 lexico
186 1161 403 1198 Herodoteo
429 1161 576 1197 laudata
600 1173 706 1209 repe-

54 1217 137 1254 ries.
192 1216 283 1254 Inde
316 1217 475 1253 cessanda·
492 1246 502 1264 ‚
532 1219 705 1253 intermit-

54 1274 151 1310 tendi
169 1273 287 1321 notio,
318 1286 411 1322 quae
431 1273 512 1310 huic
530 1274 642 1311 verbo
667 1276 706 1309 ut

53 1330 243 1381 plurimum
261 1331 447 1377 convenit,
470 1334 550 1366 orta
570 1343 613 1367 ex
632 1329 706 1379 pri-

53 1387 175 1424 mitiva
186 1386 401 1434 remittendi,
432 1386 636 1424 dimittendi
656 1386 704 1422 si-

54 1443 299 1493 gnificatione.

112 1498 152 1545 ἐς
186 1496 230 1538 τό
272 1501 349 1537 νῦν
393 1495 706 1549 Κανωβικὸν

54 1551 300 1606 καλεύμενον
320 1551 444 1606 στόμα
458 1557 530 1594 τοῦ
540 1554 704 1607 Νείλου]

54 1612 139 1650 Vid.
162 1626 298 1650 excurs.
319 1613 367 1649 ad
393 1612 449 1660 ll,
472 1615 535 1652 17.
597 1612 705 1649 Tari-

56 1669 177 1716 cheae,
209 1682 302 1718 quae
320 1682 404 1706 mox
421 1672 614 1716 vocantur,
634 1669 704 1706 Ca-

53 1728 197 1775 nopicae
227 1730 333 1772 sunt,
367 1726 533 1763 diversae
552 1738 573 1762 a
593 1725 703 1762 Pelu-

53 1784 181 1828 siacis,
205 1783 251 1819 de
269 1783 399 1831 quibus
419 1794 526 1831 supra
548 1781 605 1829 ΙΙ,
640 1782 703 1823 15.

53 1837 163 1876 Nunc
181 1838 263 1875 loco
290 1851 425 1875 nomen
445 1837 585 1875 IlIedea.
644 1839 706 1876 Sic

55 1899 150 1932 certe
169 1895 442 1932 Schlichthorst.
460 1894 482 1931 l.
503 1895 524 1931 l.
541 1896 704 1944 pag.58‚

55 1951 117 2000 qui
149 1951 185 1987 T
187 1951 347 1988 aricheas
373 1954 478 2001 putat
504 1951 587 1988 olim
617 1964 704 1988 ean-

55 2008 139 2044 dem
165 2008 277 2045 fuisse
304 2008 452 2054 urbem,
491 2021 584 2057 quae
615 2012 709 2046 tem-

52 2076 142 2114 pore
160 2065 364 2113 msequenti
381 2064 589 2102 Heracliam
611 2065 708 2102 voci-

53 2124 130 2157 tata
147 2121 263 2157 fuerit.

108 2174 314 2227 Ἡρακλέος
347 2172 455 2228 ἱρὸν]
510 2177 705 2228 Templum

53 2236 180 2270 notum
208 2247 324 2285 prope
357 2234 433 2271 Nili
464 2235 557 2271 ostia
596 2238 705 2284 atque

54 2288 243 2339 Canopum
269 2291 417 2338 urbem,
448 2291 549 2328 cuius
577 2291 706 2328 subur·-

53 2345 152 2382 bium
176 2346 261 2384 inde
293 2346 502 2385 Heraclium
542 2347 706 2398 appella-

54 2404 149 2448 tum,
178 2402 368 2454 ipsumque
386 2404 461 2441 Nili
480 2405 610 2441 ostium
629 2404 706 2441 He-

55 2457 287 2497 racleoticum.
335 2461 368 2498 V
372 2461 420 2498 id.
450 2462 572 2498 Strab.
599 2461 706 2499 XVII

57 2525 142 2563 pag.
166 2516 266 2563 801,
285 2516 316 2552 Β
347 2531 374 2554 s.
398 2530 484 2567 pag.
506 2518 635 2565 1153,
659 2517 704 2556 A·

58 2569 151 2606 Eum
167 2583 252 2608 vero
270 2572 464 2611 Herculem
484 2574 582 2611 haud
599 2575 706 2612 valde

59 2625 238 2664 diversum
250 2641 330 2666 esse
341 2631 554 2668 crediderim
572 2643 594 2668 a
605 2631 706 2668 Tha-

59 2681 113 2717 sio
141 2686 249 2731 atque
275 2684 389 2735 Tyrio
415 2686 594 2734 Hercule,
624 2701 705 2724 cum

59 2736 256 2776 Phoenices
276 2769 288 2788 ,
334 2755 425 2791 quos
463 2745 501 2780 in
533 2743 705 2794 Aegypto

60 2794 286 2833 considentes
306 2811 415 2848 supra
430 2798 485 2847 ΙΙ,
505 2801 586 2841 112
605 2801 706 2838 inve-

59 2850 200 2896 nimus,
229 2851 295 2890 hac
315 2854 422 2892 etiam
442 2855 478 2891 in
502 2855 611 2893 maris
629 2869 706 2904 ora,

59 2904 139 2942 loco
165 2912 386 2948 mercaturae
407 2911 570 2962 inprimis
606 2917 708 2963 apto,

773 876 949 926 templum
985 876 1193 913 condidisse
1231 875 1429 912 admodum

773 933 963 983 probabile
984 934 1040 969 sit.
1100 933 1208 969 Conf.
1233 933 1280 969 de
1301 932 1354 968 his
1372 945 1430 968 re-

774 990 967 1038 ligionibus
986 994 1147 1027 veterum
1169 990 1301 1026 Creuz.
1321 988 1430 1036 Sym-

774 1046 846 1083 bol.
864 1046 895 1082 H
920 1060 955 1096 p.
976 1048 1057 1087 218
1081 1058 1183 1094 seqq.
1226 1045 1300 1081 Pro
1323 1041 1344 1083 ‘d
1363 1043 1431 1082 καὶ

774 1105 850 1141 νῦν
870 1102 962 1147 ἐστι,
979 1100 1172 1153 “H9.12'de‚
1192 1115 1236 1139 ex
1249 1101 1430 1138 constanti

774 1173 841 1196 usu
869 1159 996 1196 Nostri
1032 1159 1217 1209 scriptoris
1238 1188 1249 1205 ‚
1299 1159 1431 1195 Struve

774 1220 916 1265 quaest.
936 1217 983 1253 de
1003 1215 1087 1252 dial.
1110 1215 1249 1252 Herod.
1269 1228 1354 1265 pag.
1377 1215 1429 1255 13

773 1273 920 1310 rescribi
948 1273 1024 1309 vult
1057 1268 1111 1311 τό
1141 1271 1207 1310 καὶ
1241 1273 1318 1310 νῦν
1350 1270 1430 1309 ἐστι

771 1327 852 1380 Ἡρ.
882 1325 991 1381 ἱρόν,
1009 1330 1086 1366 fere
1107 1333 1148 1365 ut
1166 1328 1212 1375 ΙΙ,
1228 1330 1317 1369 181.
1349 1327 1430 1364 Nos

772 1385 873 1422 libris
902 1386 1069 1422 omnibus
1102 1386 1139 1421 in
1165 1385 1314 1433 vulgata
1342 1397 1432 1421 con-

775 1443 994 1492 spirantibus
1007 1471 1018 1491 ‚
1046 1442 1134 1478 nihil
1148 1445 1290 1478 mutare
1308 1454 1430 1478 sumus

773 1498 863 1536 ausi.

832 1550 1089 1608 οἰκέτηςὸτεῳ
1104 1548 1336 1602 ἀνθρώπων
1349 1552 1432 1593 ε’πι-

776 1607 944 1663 βάληται
975 1612 1163 1664 στίγματα
1194 1607 1283 1661 ἵρὰ]
1343 1609 1431 1648 Noli

774 1673 916 1706 mutare
941 1664 1055 1716 ὅτευ,
1091 1674 1131 1705 ut
1160 1668 1341 1717 genitivus
1370 1668 1429 1704 sit.

772 1725 841 1762 Est
858 1725 953 1762 enim
981 1726 1019 1761 in
1037 1725 1167 1762 talibus
1194 1724 1293 1761 haud
1315 1725 1430 1761 infre-

774 1795 888 1831 quens
919 1782 1030 1818 dativi
1069 1794 1178 1827 usus;
1226 1781 1298 1817 vid.
1331 1781 1430 1817 mod.

773 1838 903 1875 Matth.
929 1836 964 1888 ξ.
987 1839 1081 1879 389.
1127 1839 1253 1882 Quare
1276 1837 1326 1874 sic
1348 1850 1431 1875 ver·

772 1895 940 1932 tendum:
972 1896 1009 1931 in
1040 1894 1130 1944 quod
1157 1893 1370 1943 (templum)
1398 1895 1432 1930 si

776 1953 854 2001 quis
880 1953 1115 2001 cuiuscunque
1144 1951 1291 1987 hominis
1311 1964 1430 1987 servus

776 2007 976 2058 confugerit
1005 2012 1038 2044 et
1067 2020 1188 2044 sacras
1222 2010 1324 2043 notas
1362 2007 1431 2044 sibi

773 2067 904 2114 imponi
920 2066 1082 2112 iusserit,
1110 2064 1171 2101 deo
1193 2076 1240 2100 sc.
1262 2076 1297 2100 se
1315 2066 1431 2113 ipsum

774 2120 916 2158 tradens
936 2135 963 2158 s.
987 2121 1122 2158 dicans.
1157 2142 1205 2147 —
1240 2119 1431 2172 στίγματα

774 2183 858 2215 sunt
871 2182 1002 2225 notae,
1020 2178 1148 2227 quales
1166 2178 1431 2227 imprimeban-

771 2239 832 2272 tur
845 2236 946 2285 apud
963 2239 1107 2272 veteres
1127 2235 1333 2271 hominibus
1350 2239 1430 2272 tum

771 2292 836 2337 iis,
876 2292 938 2340 qui
967 2291 1077 2328 sacris
1114 2291 1291 2328 initiandi*
1311 2296 1429 2338 erant,

771 2352 849 2385 tum
875 2361 962 2385 vero
995 2347 1105 2385 etiam
1127 2348 1263 2395 servis,
1292 2348 1432 2385 facino-

772 2405 864 2442 rosis
878 2433 888 2451 ‚
902 2404 980 2441 aliis
995 2433 1005 2451 ‚
1027 2404 1191 2454 supplicii
1209 2417 1327 2441 causa.
1357 2405 1431 2448 Qui

772 2474 819 2499 ne
842 2461 1009 2498 hocloco
1035 2461 1307 2509 intelligantur,
1338 2474 1427 2498 con-

771 2518 866 2555 sulto
905 2517 1044 2555 Noster
1084 2518 1217 2555 dixisse
1264 2518 1429 2555 videtur:

775 2574 964 2626 στίγματα
995 2570 1078 2626 ἱρά
1120 2575 1142 2611 i.
1172 2588 1203 2612 e.
1233 2579 1338 2612 notas
1371 2587 1430 2611 sa-

775 2645 878 2678 cras,
907 2643 1004 2679 quae
1022 2643 1205 2668 sacrorum
1230 2644 1340 2668 causa
1362 2631 1429 2668 im-

770 2688 986 2738 primuntur.
1045 2687 1158 2724 Plura
1176 2688 1223 2725 de
1243 2688 1298 2725 his
1328 2688 1429 2725 notis

771 2744 990 2793 interpretes
1012 2745 1061 2781 ad
1078 2743 1181 2781 Pauli
1207 2757 1265 2794 ep.
1281 2745 1329 2781 ad
1352 2745 1431 2781 Ga-

770 2801 833 2837 lat.
851 2800 925 2847 VI,
952 2803 1015 2842 19.
1047 2800 1112 2837 Cr.
1141 2801 1284 2838 confert
1303 2801 1426 2838 Iacob.

773 2857 883 2894 Tollii
912 2857 1071 2905 insignia
1105 2857 1280 2895 itinerarii
1312 2856 1428 2894 Italici

773 2912 790 2949 I
812 2925 899 2964 pag.
921 2915 989 2954 20.
