1777 3324
367 292 453 332 338
783 287 1254 328 HERODOTI

366 400 478 455 πρὸς
505 403 756 450 Σικυῶνος·
787 400 893 454 μετὰ
922 399 990 452 δὲ,
1021 399 1232 456 Αἴγειρα,
1262 397 1336 441 καὶ
1365 397 1518 452 Αἰγαί·
1560 397 1632 452 (έν

365 483 420 536 τῇ
453 482 625 535 Κρᾶθις
659 479 855 535 ποταμὸς
890 477 1076 530 ἀένναός
1106 478 1215 531 ἐστι,
1264 474 1342 520 ἀπ’
1387 475 1493 520 ὅτου
1531 475 1555 520 ὁ
1586 475 1635 520 ἐν

338 557 520 616 3Ἰταλίῃ
550 558 744 613 ποταμὸς
772 558 820 602 vd
852 557 1024 615 οὕνομα
1053 558 1192 614 ἔσχε)
1242 556 1316 601 καὶ
1351 559 1514 611 Βοῦρα,
1557 557 1688 600 καὶ40

359 636 529 694 Ἑλίκη,
568 636 628 692 (ές
658 636 737 692 τήν
765 635 1016 693 κατέφυγον
1044 635 1191 688 Ἴωνες
1219 635 1306 680 ὑπὸ
1342 632 1528 691 Ἀχαιῶν
1555 632 1633 691 μά-

366 734 420 773 χῃ
450 714 759 769 ἕσσωθέντες,)
801 716 875 758 καὶ
904 717 1084 771 Αἴγιον,
1123 716 1198 760 καὶ
1221 714 1395 768 Ῥύπες,
1434 714 1506 758 καὶ
1537 717 1630 758 Πα-

365 795 506 850 τρέες,
538 794 611 837 καὶ
644 793 825 846 Φαρέες,
856 794 930 837 καὶ
947 793 1154 846 ’Ὡλενος,
1185 795 1253 848 (έν
1282 798 1344 851 τῷ
1362 798 1523 849 Πεῖρος
1552 809 1630 838 πο-

365 872 501 927 ταμὸς
526 872 657 928 μέγας
687 871 828 927 ἐστί’)
888 872 962 916 καὶ
989 871 1144 929 Δύμη,
1195 873 1268 916 καὶ
1301 873 1539 929 Τριταιέες,
1588 876 1630 918 οἳ

207 964 308 1010 146
365 955 525 1009 μοῦνοι
555 949 723 994 τούτων
760 948 986 1006 μεσόγαιοι
1022 952 1227 995 οἰκέουσι.
1292 954 1438 994 Ταῦτα
1469 951 1684 997 &vdes-45

36 1029 312 1098 ᾗῇῗὶξζῃξζῖξξῇξζ
366 1048 422 1075 κα
447 1030 578 1086 μέρεα
605 1033 691 1074 ’νῦν
717 1027 898 1086 Ἀχαιῶν
926 1029 1036 1083 ἐστὶ,
1066 1030 1140 1074 καὶ
1167 1028 1264 1073 τότε
1293 1045 1341 1085 γε
1368 1027 1529 1074 Ἰώνων
1556 1024 1628 1088 ἦν.

36 1097 206 1124 nationibus
232 1104 310 1123 com-
435 1109 445 1123 r
613 1108 621 1122 ι
685 1110 705 1125 ez
901 1109 912 1125 x
991 1110 1004 1124 a·
1039 1106 1060 1123 n
1311 1107 1321 1122 t
1523 1108 1534 1124 ι

35 1128 313 1190 ιιιῑκιῑῑυεᾞιιιιθᾝίἐ
338 1116 539 1154 Ξτουτων
569 1111 622 1166 δη
664 1125 805 1153 εινεκα
844 1125 916 1153 και
959 1126 1002 1153 οι,
1054 1112 1185 1161 Ιωνες
1231 1110 1431 1190 δυηωδεκα
1477 1114 1630 1163 πολιας

34 1172 312 1258 {ffiffieenthmssgg
368 1187 646 1245 ἐποιήσαντο·
678 1188 788 1240 ἐπεὶ,
820 1187 880 1240 ὥς
908 1205 956 1245 γε
984 1205 1024 1232 τι
1052 1192 1220 1244 μᾶλλον
1241 1191 1364 1233 οὑτοι
1380 1187 1527 1240 Ἴωνές
1547 1190 1629 1234 εἰσι

32 1263 192 1326 3¹:2⁶3?in
204 1262 311 1326 {¹313}
365 1271 455 1312 τῶν
486 1266 630 1312 ἄλλων
654 1266 836 1321 Ἰώνων,
872 1267 900 1323 ἢ
929 1266 1109 1312 κάλλιόν
1135 1285 1178 1313 τι
1207 1267 1439 1326 γεγόνασι,
1482 1269 1626 1325 μωρίη

30 1330 119 1360 titos.

1698 804 1754 843 72

308 1479 448 1514 remota
468 1487 490 1513 a
504 1474 625 1513 Patris
657 1476 772 1526 (conf.
791 1474 959 1514 Siebelis.

307 1533 356 1570 ad
379 1532 536 1570 Pausan.
557 1531 648 1580 VII,
672 1534 724 1575 18
749 1531 786 1583 ἓ.
809 1533 865 1582 1).
900 1531 958 1569 Ab

308 1588 428 1627 Oleno
446 1588 691 1638 quadraginta
711 1589 830 1626 stadia
855 1588 961 1625 abest

309 1645 437 1696 Dyme,
466 1645 504 1682 in
521 1645 621 1682 cuius
631 1645 749 1683 locum
767 1657 863 1682 nunc
877 1657 960 1681 suc-

308 1702 419 1739 cessit
455 1702 554 1739 vicus
584 1700 789 1739 Karabosta
826 1700 958 1748 (Iliad.

307 1757 394 1805 Vll,
416 1759 468 1798 17
489 1756 526 1808 ἓ.
547 1758 607 1806 3).
646 1758 777 1796 Restat
799 1756 959 1804 Tritaea,

305 1826 328 1851 a
348 1814 477 1851 Pharis
502 1817 643 1852 remota
662 1818 807 1852 centum
832 1813 959 1863 viginti

306 1870 456 1917 stadiis,
484 1869 633 1908 interior
664 1871 749 1908 urbs
766 1899 777 1917 ‚
807 1870 854 1908 de
885 1882 959 1918 qua

306 1925 510 1963 Pausanias
531 1926 601 1963 VII
615 1955 626 1973 ,
653 1930 708 1968 22
731 1925 827 1977 §.4
856 1926 960 1962 Haec

289 1981 386 2018 *sola
410 1977 619 2033 μεσόγαιος
646 1982 729 2020 ideo
757 1981 827 2018 dici
853 1981 956 2018 vide-

305 2040 382 2084 tur,
403 2038 574 2087 quoniam
592 2037 753 2086 reliquae
768 2037 878 2074 urbes
894 2040 957 2073 aut

306 2093 397 2129 mari
423 2094 658 2140 adiacebant,
688 2097 750 2129 ant
777 2093 955 2143 portubus

306 2152 404 2186 certe
423 2149 514 2186 mari
530 2149 674 2186 iunctae
690 2150 802 2186 fuere.

359 2231 499 2269 Crathis
535 2232 665 2268 fluvius
704 2231 830 2269 itidem
858 2245 955 2269 com-

301 2292 522 2324 memoratur
563 2287 722 2324 Pausan.
774 2288 862 2335 VII,
899 2288 953 2330 25

303 2341 339 2394 §.
357 2346 405 2391 7,
434 2344 494 2380 ubi
515 2343 618 2393 plura
646 2343 813 2382 Siebelis.
843 2343 953 2382 Nunc

300 2403 448 2436 vocatur
468 2399 636 2437 Sacrates
664 2412 692 2436 S.
713 2400 855 2437 Acrato.
893 2400 952 2439 De

301 2453 394 2492 Riro
414 2455 523 2493 fluvio
560 2455 634 2492 vid.
662 2455 748 2493 ibid.
776 2455 865 2504 Vll,
895 2460 952 2500 22

300 2508 338 2561 §.
361 2513 397 2552 1.
453 2511 576 2549 Hodie
596 2511 629 2549 ci
661 2524 796 2550 nomen
817 2512 947 2552 Kame-

297 2568 410 2605 nz‘tza.

354 2644 399 2686 έν
423 2649 475 2702 τῇ
492 2651 654 2702 Κρᾶθις
673 2650 874 2704 ποταμός]
904 2651 948 2694 ἓν

296 2703 349 2755 τῇ
379 2704 468 2741 dixit
495 2719 642 2744 sensum
670 2709 807 2758 magis,
836 2723 947 2760 quam

295 2761 566 2807 grammaticam
604 2767 817 2802 structuram
843 2780 948 2804 seeu-

296 2820 377 2862 tus,
422 2830 504 2855 cum
534 2820 728 2858 antecedat
756 2820 878 2873 Αἰγαὶ
907 2823 944 2862 in

295 2870 448 2922 plurali,
476 2874 538 2913 ubi
559 2874 642 2914 licet
670 2876 850 2928 intelligas
871 2875 942 2920 πό-

297 2929 369 2975 λις.

1203 1476 1235 1513 C
1247 1488 1316 1527 ap.
1346 1474 1513 1514 CXLVI.

1082 1558 1150 1599 καὶ
1178 1556 1261 1601 τότε
1287 1574 1329 1612 γε
1352 1555 1497 1600 Ἰώνων
1525 1553 1607 1610 ἦν]
1637 1558 1680 1596 In

1026 1629 1176 1656 numero
1198 1618 1389 1655 duodecim
1404 1616 1559 1664 urbium,
1586 1628 1680 1666 quae

1026 1674 1075 1710 ad
1108 1674 1236 1711 Ionum
1272 1674 1403 1711 foedus
1429 1671 1680 1724 pertinuerint,

1024 1730 1153 1780 utique
1181 1731 1378 1781 scriptores
1419 1728 1559 1779 antiqui
1592 1740 1681 1766 con-

1027 1787 1197 1831 sentiunt.
1255 1785 1336 1824 Nec
1363 1791 1489 1823 tamen
1516 1797 1588 1822 uno
1616 1797 1680 1822 eo-

1026 1843 1184 1892 demque
1201 1843 1278 1880 fere
1302 1846 1466 1892 tempore
1489 1840 1568 1878 illas
1597 1853 1679 1878 esse

1026 1900 1192 1936 conditas
1205 1927 1215 1946 ,
1237 1911 1306 1936 nec
1327 1898 1434 1937 etiam
1452 1897 1602 1934 Ionibus
1621 1896 1678 1933 in-

1026 1955 1074 1992 de
1094 1956 1139 1991 ab
1161 1955 1301 2003 origine
1318 1954 1429 1991 hocce
1456 1954 1570 1991 fuisse
1589 1965 1677 1990 con·
1752 1967 1753 1991 i

1025 2010 1164 2058 silium,
1210 2011 1309 2060 quod
1345 2010 1557 2047 Herodotus
1587 2008 1676 2056 vult,

1022 2066 1209 2104 contendit
1235 2065 1575 2104 Raoul-Rochette
1597 2064 1621 2102 l.
1649 2064 1674 2102 l.

1021 2121 1074 2160 III
1090 2135 1176 2173 pag.
1195 2123 1248 2163 83
1273 2135 1377 2172 seqq.
1436 2121 1494 2160 De
1521 2120 1675 2171 singulis

1022 2179 1223 2217 civitatibus
1243 2180 1338 2216 conf.
1359 2179 1408 2217 ad
1435 2177 1474 2227 1,
1495 2179 1589 2221 142.

1078 2260 1188 2310 ἐπεὶ,
1220 2258 1274 2310 ὥς
1293 2277 1337 2315 γε
1366 2277 1405 2303 τι
1427 2264 1577 2314 μᾶλλον
1604 2255 1671 2302 οὗ-
1742 2276 1745 2306 5

1021 2316 1225 2366 τοιἼωνές
1248 2319 1388 2359 εἰσι-
1403 2319 1533 2371 μωρίη
1544 2315 1670 2370 πολλή
1741 2329 1744 2362 3

1019 2373 1169 2427 λέγειν]
1203 2375 1301 2414 Olim
1324 2376 1514 2426 legebatur
1545 2371 1600 2422 ῶς
1625 2390 1670 2428 γε

1018 2445 1100 2480 τοι,
1147 2432 1246 2470 cuius
1280 2432 1360 2470 loco
1401 2431 1670 2482 Wesselingius

1019 2487 1075 2535 ὥς
1093 2485 1137 2542 γέ
1155 2503 1193 2527 τι
1213 2488 1348 2537 edidit,
1376 2489 1478 2538 quod
1502 2488 1596 2525 binis
1625 2488 1669 2525 li-
1736 2523 1738 2542 ;

1015 2544 1091 2581 bris
1121 2545 1301 2583 firmatum
1326 2545 1561 2592 retinuimus,
1588 2556 1669 2582 mu-

1013 2604 1090 2638 tato
1110 2605 1253 2639 tantum
1271 2605 1430 2640 accentu.
1485 2599 1556 2638 Est
1579 2613 1668 2639 vero
1734 2586 1735 2602 ¹

1013 2656 1104 2695 haec
1144 2657 1325 2695 Herodoti
1359 2656 1561 2704 sententia,
1598 2657 1665 2695 ab·
1731 2661 1733 2670 ¹

1014 2713 1162 2750 surdum
1182 2726 1263 2751 esse
1283 2713 1423 2761 dicere,
1453 2713 1522 2750 hos
1541 2712 1664 2761 Iones,

1012 2781 1165 2818 quorum
1185 2769 1259 2806 sint
1277 2769 1469 2807 duodecim
1487 2769 1581 2806 istae
1601 2781 1664 2806 ur-

1012 2824 1096 2872 bes,
1125 2825 1243 2874 magis
1252 2824 1361 2863 Iones
1383 2839 1466 2864 esse
1484 2837 1661 2875 quamre-
1726 2854 1727 2859 ,

1007 2879 1125 2930 liquos
1151 2881 1302 2919 aliarum
1333 2885 1509 2920 terrarum
1536 2880 1659 2928 Iones,
1724 2897 1727 2923 t

1006 2937 1216 2978 nobiliorive
1241 2950 1378 2989 genere
1406 2937 1579 2978 oriundos
1616 2949 1660 2976 ac
1722 2955 1725 2962 =

1738 2386 1742 2461 l

1736 2485 1739 2517 ι

1734 2543 1737 2584 l
