1786 3324
20 530 117 579 137

525 253 948 294 EUTERPE.
1000 254 1046 291 II.

1325 256 1407 295 801

147 369 427 410 ΤΟΙΟΤΤΩΛ.
455 364 877 413 ΕΞΕΠΟΙΗΣΑΝ.
913 365 1075 406 τοῦτον
1104 361 1185 419 μὲν
1215 364 1409 406 τοσαῦτα

143 445 450 496 ἀποδέξασθαι.

137 599 337 652 Ἀνύσιος
375 600 529 652 πόλιος
550 636 563 654 ,

136 679 296 723 τούτου
342 678 652 736 βασιλεύοντος
706 678 858 723 ἐλάσαι
907 677 968 721 ἐπ’

135 762 278 816 πολλῇ
322 758 543 813 Αἰθίοπάς
578 777 622 804 τε
659 760 732 805 καὶ
775 760 997 814 Σαβακῶν
1044 756 1124 802 τόν
1168 756 1399 802 Αἰθιόπων
1455 769 1512 787 ⁷²0⁸

77 992 145 1029 bus
179 991 256 1030 sole
293 993 404 1031 coctis
440 997 623 1031 exstructa
641 1024 652 1041 ,
693 994 731 1030 in

77 1049 166 1086 colle
187 1050 347 1098 quodam
371 1062 488 1100 prope
516 1050 562 1086 El
587 1050 730 1097 Lahun,

76 1105 174 1142 haud
198 1106 249 1142 ita
269 1106 397 1156 procul
422 1107 468 1144 ab
487 1107 588 1143 initio
608 1107 731 1156 magni

76 1162 210 1199 canalis
230 1190 241 1208 ,
287 1163 350 1212 qui
388 1163 565 1200 deductus
600 1167 656 1200 est
682 1163 730 1200 ad

74 1217 243 1255 Medinat
259 1219 292 1256 el
311 1219 343 1256 F
346 1232 490 1269 ayoum.
550 1219 730 1257 Conferas

75 1275 300 1325 description
327 1276 375 1313 de
393 1276 560 1326 l’Egypt.
590 1277 729 1325 antiqq.

75 1331 207 1369 livrais.
234 1332 285 1369 111
315 1336 403 1370 tom.
430 1334 464 1370 ΙΙ
501 1333 604 1383 chap.
626 1332 732 1370 XVII

77 1393 162 1426 sect.
190 1389 216 1429 3
245 1402 330 1439 pag.
356 1391 410 1430 23
438 1403 541 1439 seqq.
598 1390 729 1426 Ritter.

75 1445 267 1482 Erdkund.
286 1446 303 1482 l
333 1458 418 1496 pag.
440 1449 521 1488 796
544 1459 618 1495 seq.
650 1446 728 1483 coll.

75 1501 260 1540 Mannert.
278 1502 417 1551 Geogr.
436 1504 471 1540 d.
494 1504 559 1540 Gr.
573 1517 608 1539 u.
620 1503 728 1539 Rom.

75 1558 132 1605 X,
153 1561 175 1599 1
201 1571 286 1610 pag.
307 1558 401 1600 444.
419 1559 512 1601 467.
554 1558 641 1596 Aliis
664 1573 729 1596 au-

75 1620 148 1653 tem
170 1628 243 1653 una
263 1628 307 1653 ex
330 1616 372 1653 iis
392 1616 533 1653 videtur
554 1629 633 1653 esse
660 1630 729 1666 py—

75 1671 182 1709 ramis
198 1701 209 1719 ,
238 1685 332 1721 quae
350 1686 466 1723 prope
495 1674 612 1709 vicum
634 1673 730 1710 Das-

75 1728 143 1766 hur
161 1729 348 1766 meridiem
371 1742 498 1766 versus
525 1742 547 1766 a
566 1728 730 1779 Memphi

72 1785 316 1835 proficiscenti
343 1786 534 1836 adparent.
592 1785 730 1823 Videas

73 1841 169 1879 Hirt.
193 1841 215 1879 l.
238 1841 261 1879 l.
287 1854 373 1893 pag.
397 1845 460 1883 10.
486 1844 549 1883 11.

219 1927 250 1964 C
263 1939 284 1964 a
294 1939 332 1977 p.
367 1926 587 1964 CXXXVII.

130 2011 363 2079 βασιλεῦσαι
407 2007 535 2075 ἄνδρα
575 2007 730 2061 τυφλον

73 2066 112 2115 ἐξ
163 2063 348 2117 Ἀνύσιος
394 2062 553 2118 πόλιος]
611 2065 731 2119 νόμος

68 2118 257 2171 Ἀνύσιος
292 2129 515 2161 memoratur
551 2125 644 2162 infra
681 2126 728 2173 ΙΙ,

75 2184 178 2228 166,
207 2181 269 2218 ubi
290 2181 377 2228 vid„
406 2181 533 2219 urbem
551 2185 730 2220 memorat

72 2238 281 2288 Stephanus
298 2237 452 2287 Byzant.
474 2252 502 2275 s.
524 2250 557 2275 V.
617 2238 729 2282 Quod

72 2298 194 2332 tamen
236 2295 273 2331 in
300 2294 404 2331 Iesai.
436 2294 568 2342 XXX,
599 2294 625 2336 4
653 2304 729 2349 ogr]

74 2350 246 2400 (Chanes)
283 2350 418 2388 hancce
453 2352 579 2388 urbem
613 2351 728 2389 latere

74 2407 276 2445 existimant
301 2436 312 2455 ,
350 2407 560 2457 obloquitur
589 2408 726 2445 Cham-

73 2463 160 2513 poll.
189 2464 211 2500 l'
222 2463 360 2514 Egypt.
391 2478 476 2502 sous
506 2464 528 2501 l.
556 2464 661 2515 phar.
692 2464 727 2502 Π

74 2532 111 2570 p.
132 2522 231 2567 200,
269 2533 380 2569 quum
410 2521 539 2558 vocula
561 2518 727 2568 ’Ἀνυσις

75 2575 123 2611 nil
143 2575 238 2612 aliud
255 2577 302 2613 sit
320 2577 388 2614 nisi
408 2578 552 2626 „Anisz',
568 2576 726 2628 Isz'aque,

76 2633 140 2681 qui
154 2635 353 2682 appartient
371 2636 395 2670 ὰ
414 2633 523 2671 Isz's.“
570 2634 726 2672 Indicari

76 2687 172 2725 enim
201 2702 281 2726 eam
309 2691 457 2739 urbem,
486 2703 581 2740 quae
606 2691 724 2728 Plinio

74 2743 274 2793 appellatur
319 2745 429 2784 Isidis
479 2747 640 2796 oppidum
690 2752 727 2785 et

75 2798 175 2836 Iseon
202 2800 388 2852 Stephano
409 2804 639 2853 Byzantino,
663 2817 727 2841 ex-

75 2859 211 2892 structa
236 2869 279 2894 eo
319 2859 357 2895 in
386 2858 467 2896 loco
488 2888 500 2906 ,
541 2860 598 2896 cui
628 2873 726 2898 nunc

75 2923 207 2949 nomen
226 2911 385 2951 Bahbaa
404 2914 610 2964 s.Bahbe'it,
627 2916 726 2954 haud

132 2966 340 3008 Hssnonoae.
370 2970 399 3008 I.

619 603 679 660 τῷ
719 598 893 655 οὔνομα
927 596 1109 641 ’Ἄνυσιν
1147 597 1270 642 εἶναι.
1335 598 1404 643 ἐπὶ

253 520 378 565 Meto?
409 521 454 564 δὲ
483 524 666 575 τοῦτον,
706 524 958 577 βασιλεῦσαι
989 519 1133 573 ἄνδρα
1159 520 1331 575 τυφλὸν
1361 520 1404 573 ἐξ
1464 526 1506 552 ΑΙ·
1490 526 1554 559 ”sfy

1606 530 1641 556 nb
1660 539 1737 559 anno

1462 559 1528 587 1005
1537 560 1575 587 ad
1587 563 1684 598 100⁴„-

1461 601 1529 620 cus:
1552 595 1595 628 [in
1600 600 1645 622 ter
1653 574 1704 624 ’.4η
1685 607 1736 633 ny-

1461 635 1511 653 sm
1542 632 1571 655 et
1606 630 1647 656 Sa
1651 631 1687 656 ba.
1726 648 1737 651 -

1014 679 1239 733 Λῖγυπτον
1291 679 1454 734 χειρὶΞΟ
1432 662 1617 722 Οἷῖοἶῗαιῗιῖἶ
1616 641 1737 724 r‘iiimg‘f

1455 736 1490 754 as
1516 729 1563 762 ips
1566 731 1614 756 ius
1638 732 1733 758 racio>

1568 771 1663 793 gnere
1688 765 1719 790 in
1726 780 1734 783 -

1457 797 1524 822 terv
1526 796 1625 824 allum
1681 807 1735 834 pv-

798 991 924 1043 procul
952 991 998 1027 ab
1025 990 1236 1027 occidentali
1272 992 1350 1040 ripa
1383 990 1458 1028 Nili

799 1048 1034 1094 Phatmetici,
1063 1048 1123 1084 ubi
1155 1048 1349 1084 etiamnum
1371 1061 1458 1085 cou-

800 1105 999 1155 spiciantur
1029 1103 1211 1154 splendidi
1246 1103 1372 1154 templi
1395 1118 1458 1140 ru-

800 1162 898 1198 dera.
969 1160 1075 1204 Quae
1102 1160 1139 1196 in
1166 1160 1347 1210 propheta
1375 1160 1456 1198 He·-

798 1218 910 1255 braeo
931 1224 1079 1254 vocatur
1099 1217 1184 1253 urbs
1206 1217 1335 1266 (quam
1357 1216 1455 1254 Tali-

798 1274 968 1323 }eaplmess
1006 1273 1078 1321 legi
1110 1271 1223 1321 vult),
1264 1286 1343 1310 eam
1372 1287 1454 1311 esse

797 1331 970 1380 Daplmas
1007 1329 1241 1375 Pelusiacas,
1305 1331 1352 1367 de
1382 1343 1454 1379 qua

796 1388 868 1425 vid.
890 1399 999 1438 supra
1019 1386 1076 1434 II,
1096 1387 1162 1427 30.
1214 1385 1295 1422 Vid.
1319 1386 1454 1423 Cham-

796 1444 882 1494 poll.
912 1444 934 1480 l.
956 1443 978 1480 l.
1012 1443 1045 1480 II
1078 1457 1114 1493 p.
1141 1444 1206 1483 78.
1245 1443 1259 1479 Ι
1294 1456 1330 1493 p.
1355 1444 1451 1484 313.

796 1501 885 1538 Post
907 1513 1015 1550 quem
1046 1513 1068 1537 a
1097 1499 1159 1536 Cr.
1180 1499 1350 1536 laudatus
1377 1500 1454 1537 Ge·-

797 1558 917 1595 senius·
937 1558 973 1593 in
1002 1561 1208 1594 commentt.
1230 1556 1278 1592 ad
1306 1556 1410 1594 Iesai.
1427 1556 1451 1593 l.

796 1614 819 1651 l.
843 1627 930 1664 pag.
951 1615 1033 1654 863
1059 1626 1161 1662 seqq.
1207 1622 1302 1661 03η,
1326 1612 1452 1662 Aegy-

797 1672 913 1721 ptium
930 1684 1009 1708 esse
1030 1669 1128 1707 Hne‘s
1147 1670 1221 1707 sive
1232 1670 1354 1706 Elme's
1367 1682 1452 1719 pro-

798 1728 964 1764 babiliter
995 1727 1153 1772 statuit,
1203 1739 1276 1775 quo
1304 1728 1452 1763 nomine

798 1782 1060 1832 Heracleopolz's
1078 1783 1158 1819 urbs
1178 1783 1298 1820 media
1319 1783 1355 1818 in
1376 1782 1451 1819 Ae-

799 1845 914 1890 gypto
935 1840 1167 1888 designetur,
1195 1852 1316 1888 neque
1342 1840 1450 1876 etiam

798 1897 981 1934 Herodoti
1000 1893 1164 1942 ''Avvmg-
1187 1896 1368 1932 diversum
1397 1896 1450 1931 vi-

800 1954 877 1991 deri
896 1954 941 1990 ab
958 1952 1103 2000 Hemes,
1134 1953 1254 2002 prouti
1283 1957 1319 1990 ct
1339 1951 1449 1989 &Ves-

799 2010 968 2059 selingius
987 2014 1026 2047 ct
1036 2009 1204 2058 Vitringa
1222 2009 1359 2046 dudum
1376 2009 1450 2047 exi-

798 2067 1031 2105 stimaverint.

854 2124 1054 2174 Σαβακαῖν
1100 2119 1170 2161 τὸν
1229 2117 1450 2160 Αἰθιόπων

797 2178 982 2232 βασιλέα]
1014 2176 1080 2219 τὸν
1097 2192 1164 2230 pro
1182 2181 1262 2217 τῶν
1291 2192 1371 2215 cum
1392 2191 1451 2215 re-

795 2242 902 2275 centt.
927 2237 1012 2275 edd.
1040 2236 1254 2286 recepimus.
1313 2234 1450 2272 Similis

794 2294 955 2333 confusio
972 2293 1008 2330 in
1022 2293 1204 2330 Plutarchi
1219 2291 1447 2342 Philopoem.

797 2354 816 2391 1
831 2381 841 2399 ,
863 2351 924 2387 ubi
941 2350 1013 2387 vid.
1034 2354 1126 2387 nott.
1146 2363 1233 2400 pag.
1252 2348 1288 2389 5.
1336 2348 1449 2392 Quod

793 2409 841 2445 ad
862 2411 1117 2456 argumentum
1138 2406 1207 2443 loci
1228 2405 1369 2450 attinet,
1390 2405 1449 2441 vix

793 2477 860 2511 ea,
892 2477 986 2513 quae
1014 2464 1226 2501 Herodotus
1254 2462 1300 2499 de
1330 2460 1449 2498 Saba-

796 2533 875 2557 cone
901 2525 1012 2569 atque
1041 2519 1280 2569 Aethiopibus
1308 2521 1447 2564 narrat,

794 2590 874 2614 cum
901 2577 1120 2626 reliquorum
1153 2576 1367 2625 scriptorum
1392 2578 1448 2610 te-

794 2634 969 2670 stimoniis
986 2633 1166 2670 conciliari
1179 2634 1364 2682 poterunt,
1379 2630 1448 2666 ob-

794 2694 915 2727 stante
943 2694 1147 2740 temporum
1174 2688 1336 2734 ratione,
1373 2699 1446 2735 quo

793 2747 911 2784 minus
932 2751 1030 2783 certa
1060 2758 1206 2794 regum,
1243 2743 1307 2793 qui
1324 2742 1443 2791 Aegy-

793 2807 894 2854 ptum
917 2802 1000 2839 olim
1022 2802 1224 2848 tenuerint,
1256 2799 1452 2836 constitua-

793 2865 852 2896 tur
880 2860 1000 2897 series.
1059 2859 1117 2895 Ad
1153 2859 1346 2894 florentem
1376 2859 1453 2892 sta·

793 2920 870 2953 tum
903 2916 1008 2965 regni
1026 2945 1036 2962 ,
1084 2915 1185 2964 quod
1212 2912 1341 2950 Meroe
1370 2911 1449 2959 fuit,

1122 2970 1175 3009 51
