1777 3324
492 256 575 296 AD
633 253 1013 293 HERODOT.
1054 253 1210 303 11,17.
1530 258 1615 298 905

18 354 22 412 f
96 370 179 408 Vid.
199 369 332 409 Ritter.
351 369 543 407 Erdkund.
565 368 583 405 I
605 381 641 419 p.
664 365 746 409 853
766 370 805 406 et
821 370 914 405 nott.
935 368 985 405 ad
1005 366 1146 405 Herod.
1164 367 1198 405 ΙΙ
1211 395 1222 415 ,
1241 365 1280 408 5.
1326 365 1460 417 Neque
1477 369 1613 408 Strabo

18 445 21 453 '
95 438 264 475 dissentit
284 437 388 474 XVII
405 450 443 487 p.
463 438 544 477 788
565 449 593 472 5.
616 449 653 486 p.
679 437 809 485 1136,
832 435 881 473 D.
940 435 1048 479 Quae
1066 449 1145 473 cum
1177 436 1227 472 ita
1245 435 1339 483 sint,
1368 435 1437 473 hoc
1464 437 1523 474 vix
1548 451 1613 477 ne-

95 506 173 554 gari
190 506 343 556 poterit,
363 504 542 555 primitiva
562 502 638 541 Nili
656 504 803 541 brachia
825 503 993 554 ostiaque
1009 507 1096 554 post
1114 503 1314 540 admodum
1331 503 1443 541 fuisse
1461 509 1614 553 mutata,

95 578 169 610 tum
190 572 375 609 hominum
399 571 511 622 opera
537 575 648 620 atque
676 577 754 609 arte
783 572 929 609 canales
953 572 1232 618 deducentium,
1268 575 1344 608 tum
1376 571 1487 621 ipsius
1515 574 1615 611 fluvii

93 639 242 687 natura3
271 640 369 677 unde
398 639 532 679 factum
560 642 638 687 est,
678 644 718 677 ut
733 641 812 691 ipse
834 640 1008 677 ostiorum
1036 652 1209 677 numerus
1233 638 1518 689 haudquaquam
1548 642 1615 679 sibi

93 719 235 758 semper
254 706 475 753 constiterit,
505 710 543 744 et
562 719 658 744 nunc
682 707 792 758 plane
812 708 918 746 aliter
937 708 1027 745 haec
1055 708 1127 745 sint
1158 707 1359 745 constituta
1387 712 1499 758 atque
1529 709 1615 747 olim

92 774 205 812 fuisse
237 775 453 826 accepimus.
510 773 685 813 Veterum
714 776 929 827 scriptorum
955 775 1056 814 locos
1084 776 1131 813 de
1163 774 1240 813 Nili
1270 776 1371 813 ostiis
1402 777 1473 815 iam
1497 778 1616 815 attulit

93 842 312 892 lVesseling.
334 843 383 880 ad
401 842 555 880 Diodor.
576 843 684 882 Sicul.
704 843 735 891 I,
753 845 828 890 333
861 843 955 882 inter
978 857 1069 894 quos
1085 843 1312 894 potissimum
1331 845 1470 882 consul.
1492 846 1615 884 Strab.

94 910 198 948 XVII
218 924 253 961 p.
274 913 351 951 801
379 924 407 950 s,
441 924 479 962 p.
501 911 632 958 1153,
651 911 683 948 Β
713 912 790 949 coll.
820 925 857 963 p.
879 915 960 954 788
983 927 1010 950 s.
1035 925 1072 962 p.
1095 913 1202 953 1136
1225 925 1304 961 seq.
1339 912 1433 949 Plin.
1451 913 1486 950 h.
1507 928 1543 951 n.
1567 915 1614 963 V,

96 980 159 1019 10.
216 978 355 1016 Nostra
376 983 499 1017 aetate
527 980 573 1017 de
593 979 669 1017 Nili
701 980 801 1017 ostiis
829 980 1042 1031 conscripsit
1067 980 1116 1017 du
1139 978 1386 1029 Bois-Ayme
1413 981 1466 1029 („
1480 996 1541 1020 sur
1560 983 1614 1021 les

92 1047 240 1084 anciens
260 1047 434 1084 branches
452 1048 501 1084 du
520 1047 582 1085 Nil
602 1051 638 1085 et
669 1061 727 1085 ses
756 1048 1015 1086 embouchures
1041 1049 1132 1086 dans
1152 1048 1187 1085 la
1209 1061 1287 1086 mer
1299 1049 1353 1098 “)
1383 1049 1420 1086 in
1441 1050 1613 1103 descript.

93 1115 141 1152 de
160 1114 253 1164 l’Eg.
273 1115 288 1152 I
308 1115 448 1164 antiqq.
471 1114 621 1163 (livrais.
644 1116 691 1165 3)
724 1128 811 1167 pag.
828 1119 911 1158 277
930 1129 1033 1168 seqq.
1061 1121 1099 1156 et
1121 1116 1156 1155 le
1181 1117 1275 1156 Pere
1300 1116 1381 1156 loco
1409 1118 1503 1158 infra
1534 1119 1613 1159 lau-

91 1183 216 1221 dando
240 1196 326 1234 pag.
352 1185 432 1224 118
453 1197 530 1233 seq.

204 1252 274 1289 His
293 1253 330 1289 in
356 1252 562 1290 universum
580 1252 746 1301 monitis,
776 1252 847 1291 iam
868 1255 917 1291 ad
949 1253 1094 1303 singula
1120 1254 1214 1291 ostia
1228 1282 1239 1301 ‚
1279 1267 1375 1304 quae
1397 1254 1611 1293 Herodotus

90 1325 289 1369 memorat,
319 1322 543 1358 accedamus.
601 1320 724 1357 Primo
751 1319 831 1358 loco
856 1321 1021 1359 nominat
1042 1321 1290 1370 Pelusiacum,
1315 1324 1416 1372 quod
1433 1324 1612 1362 orientem

90 1403 216 1429 versus
240 1390 460 1437 deflectens,
489 1389 558 1426 hac
577 1393 683 1439 parte
707 1386 869 1439 Aegypti
893 1390 985 1428 fines
1017 1390 1127 1427 tutari
1159 1390 1432 1439 quodammodo
1455 1391 1611 1439 videtur,

91 1460 177 1496 satis
202 1458 321 1496 valida
336 1469 509 1508 aquarum
528 1456 633 1507 copia
653 1457 781 1494 fluens.
838 1456 881 1494 In
900 1458 981 1508 ipso
1003 1472 1109 1495 cursu
1139 1458 1238 1494 fluvii
1264 1457 1350 1495 inde
1381 1471 1402 1495 a
1421 1458 1613 1496 Cercasori

89 1528 179 1565 urbe
194 1526 356 1564 nonnihil
378 1539 443 1576 per
460 1530 665 1575 temporum
688 1525 878 1563 decursum
898 1539 981 1564 esse
999 1529 1174 1563 mutatum
1195 1525 1384 1575 probabile
1408 1530 1487 1574 est3
1518 1526 1612 1564 alio-

90 1596 152 1645 qui
172 1597 267 1634 enim
292 1594 473 1633 conciliari
499 1596 706 1642 nequeunt,
738 1607 832 1643 quae
865 1595 912 1632 de
939 1594 1013 1631 eius
1040 1607 1147 1631 cursu
1171 1607 1214 1631 ac
1241 1594 1315 1630 situ
1344 1594 1486 1632 diversa
1511 1596 1612 1645 apud

88 1666 229 1701 veteres
259 1666 483 1701 enarrantur.
544 1661 651 1705 Quae
682 1674 761 1698 cum
799 1663 847 1700 ad
880 1667 1046 1699 nostrum
1090 1662 1209 1699 locum
1241 1662 1358 1699 minus
1391 1664 1611 1712 pertineant,

89 1743 187 1768 nunc
205 1731 317 1768 missa
337 1731 521 1768 faciamus.
577 1729 700 1767 Hodie
726 1730 922 1767 exsiccatus
950 1732 1027 1769 fere
1049 1735 1109 1768 est
1137 1731 1343 1768 Pelusiacus
1370 1730 1446 1768 Nili
1467 1731 1611 1780 fluvius,

91 1799 154 1848 qui
180 1798 265 1835 olim
287 1799 335 1835 ad
355 1798 536 1836 Pelusium
563 1799 689 1836 urbem
715 1811 815 1835 mare
841 1799 1022 1845 intrabat,
1052 1800 1225 1849 cuiusque
1256 1812 1397 1836 cursum
1428 1813 1524 1838 nunc
1549 1814 1609 1838 se-

91 1867 213 1915 quitur
233 1866 368 1904 canalis
391 1865 749 1915 Abou-Meneggeh
779 1866 894 1914 (teste
917 1868 964 1904 du
983 1867 1226 1916 Bois-Ayme
1247 1868 1269 1904 l.
1291 1868 1313 1905 l.
1338 1882 1375 1918 p.
1393 1870 1474 1909 279
1497 1869 1610 1918 seq),

91 1934 153 1982 qui
175 1934 252 1984 ipse
272 1935 414 1971 nonnisi
436 1934 542 1972 valde
561 1939 668 1972 aucto
685 1933 771 1971 Nilo
789 1938 977 1983 terrasque
994 1937 1204 1974 adiacentes
1227 1937 1427 1973 inundante
1447 1936 1609 1973 nonnihil

91 2013 209 2051 aquae
239 2002 365 2053 recipit
391 2005 427 2039 et
462 2015 579 2052 prope
614 2002 729 2039 lacum
755 2002 951 2041 Menzaleh
976 2003 1061 2041 limo
1084 2008 1121 2042 et
1148 2004 1259 2042 arena
1289 2004 1434 2041 obiecta
1460 2017 1609 2054 prorsus

89 2071 284 2107 evanescit.
344 2070 456 2107 Cuius
480 2071 532 2107 rei
554 2083 680 2107 causas
708 2074 745 2108 et
766 2071 854 2108 alias
875 2071 1032 2108 afferunt
1055 2076 1091 2109 et
1116 2072 1277 2110 canalem
1309 2071 1472 2121 inprimis
1498 2072 1609 2121 illum,

89 2137 151 2185 qui
171 2137 329 2174 Arabum
351 2142 470 2176 aetate
497 2138 534 2175 in
557 2138 673 2176 sinum
693 2138 887 2176 Arabicum
914 2140 1021 2176 fuerit
1047 2141 1237 2178 deductus.
1296 2140 1404 2176 Conf.
1426 2140 1610 2179 Mannert.

89 2205 227 2254 Geogr.
248 2206 283 2242 d.
306 2206 371 2243 Gr.
392 2220 428 2243 u.
449 2206 557 2244 R'om.
579 2206 627 2254 X,
653 2211 674 2249 1
704 2222 740 2258 p.
764 2207 845 2250 552
867 2221 942 2258 seq.
972 2208 1127 2247 Rennel.
1146 2223 1275 2259 geogr.
1301 2209 1442 2246 Herod.
1471 2223 1506 2259 p.
1526 2212 1606 2251 621

90 2285 191 2322 seqq.
221 2273 353 2311 Ritter.
380 2274 574 2312 Erdkund.
603 2275 619 2312 I
648 2289 684 2326 p.
704 2278 797 2318 826.
843 2277 961 2314 Multa
992 2289 1141 2326 quoque
1175 2277 1243 2314 hac
1269 2278 1317 2315 de
1343 2290 1383 2314 re
1413 2278 1611 2329 disputavit

91 2340 295 2392 Champoll.
324 2341 418 2391 l'Eg.
445 2356 530 2380 sous
556 2343 577 2380 l.
597 2343 701 2394 phar.
733 2345 767 2381 Il
794 2358 879 2395 pag.
899 2348 924 2387 9
947 2358 1051 2394 seqq.
1085 2347 1137 2386 12
1158 2358 1235 2394 seq.
1259 2344 1334 2391 243
1383 2345 1610 2383 Pelusiacum

91 2407 184 2445 enim
200 2410 385 2447 brachium
404 2410 500 2448 idem
519 2424 601 2449 esse
631 2412 736 2462 ponit
764 2418 874 2463 atque
895 2413 1163 2460 Damiatinum,
1196 2414 1296 2462 quod
1325 2427 1421 2451 nunc
1449 2414 1611 2465 appella-

90 2479 170 2523 tur,
198 2490 314 2526 usque
334 2479 381 2516 ad
410 2491 491 2516 eum
521 2478 657 2527 locum,
688 2481 751 2517 ubi
774 2482 964 2518 exorditur
990 2480 1124 2518 canalis
1141 2480 1276 2528 Moez;
1306 2495 1378 2532 quo
1400 2483 1480 2532 ipso
1500 2483 1611 2520 Pelu-

93 2544 226 2581 siacum
254 2545 437 2583 brachium
457 2548 684 2596 continuari,
724 2548 818 2586 infra
845 2548 1029 2586 Bubastin
1061 2549 1189 2586 urbem
1228 2550 1265 2586 in
1302 2550 1376 2587 duo
1413 2551 1609 2589 dissectum

90 2610 256 2660 brachia,
285 2626 440 2662 quorum
471 2614 623 2652 alterum
649 2615 825 2654 orientem
853 2630 977 2654 versus
1001 2617 1182 2666 dirigatur
1201 2616 1466 2668 (Pelusiacum)
1498 2619 1610 2668 inque

91 2690 188 2716 mare
220 2685 324 2718 exeat
352 2695 469 2733 prope
502 2682 647 2720 Thineh
674 2696 703 2720 s.
735 2683 941 2732 Pelusium,
978 2685 1152 2733 alterum,
1192 2685 1316 2723 Tanin
1344 2689 1608 2736 praeterfluens

91 2744 354 2797 (Taniticum),
394 2751 653 2788 recentioribus
679 2752 865 2801 cognitum
898 2753 944 2790 sit
965 2753 1112 2790 nomine
1149 2753 1280 2790 canalis
1310 2753 1443 2802 Moez,
1484 2755 1546 2803 qui
1570 2755 1607 2791 in

92 2811 204 2850 lacum
224 2813 418 2854 Menzaleh
444 2818 598 2856 desinat.
657 2819 884 2858 Pelusiacum
910 2819 1096 2857 brachium
1122 2820 1219 2858 idem
1249 2822 1373 2859 scribit
1403 2834 1500 2858 nunc
1525 2822 1608 2859 reli-

91 2882 186 2917 ctum
206 2882 318 2920 ferme
339 2888 375 2921 et
392 2886 607 2925 exsiccatum
626 2900 708 2926 esse
730 2900 811 2926 eam
833 2889 881 2925 ob
902 2901 1069 2937 causam,
1089 2889 1191 2938 quod
1211 2889 1387 2939 neglectis
1408 2889 1606 2939 aggeribus
