1759 3324
329 283 414 323 518
729 279 1209 320 HERODOTI

333 389 546 442 οἰκέοντες
576 389 802 446 Αἰγύπτου
828 389 880 433 τοὶ
921 388 1152 444 πρόσουρα
1182 386 1348 445 Λιβύῃ,
1390 386 1519 432 αὐτοί
1549 404 1594 432 τε

332 469 558 521 δοκέοντες
597 467 709 513 εἶναι
746 471 928 524 Λίβυες,
982 469 1056 511 καὶ
1097 466 1180 510 οὐκ
1219 467 1469 523 Αἰγύπτιοι,
1521 467 1596 510 καὶ

335 548 572 605 ἀχθόμενοι
603 565 655 604 τῃ
685 549 784 602 περὶ
812 548 865 591 τὰ
891 547 964 602 ἱρὰ
983 549 1193 604 θρησκίη,
1225 546 1489 603 βουλόμενοι
1507 552 1619 602 ’θη-1

333 627 442 671 λέων
472 630 592 682 βοων
620 626 677 681 μή
710 627 930 681 ἔργεσθαι,
962 627 1157 681 ἔπεμψαν
1187 627 1228 677 ἐς
1255 625 1482 681 ’Ἀμμωνα,
1507 624 1594 681 φά-

334 721 460 762 μενοι
497 738 521 756 ,,
534 702 664 747 οὐδὲν
704 706 828 759 σφίσι
865 721 909 747 τε
939 706 1011 747 καὶ
1051 706 1326 759 Αἰγυπτίοισι
1354 705 1505 748 κοινὸν
1535 701 1596 746 εἷ-

335 799 468 835 ,,ναι·
500 783 657 825 οἰκέειν
687 799 730 825 τε
758 782 841 837 γὰρ
874 782 951 834 ἔξω
980 786 1060 825 τοῦ
1089 782 1249 833 Δὲ2τα,
1279 783 1352 825 καὶ
1382 781 1464 825 οὐκ
1489 781 1595 837 ὁμο-

335 859 537 916 ,,λογὲειν
570 859 764 904 minoida·
798 860 1038 917 βούλεσθαί
1065 877 1110 903 τε
1140 860 1320 903 πάντων
1345 864 1467 916 σφίσι
1493 862 1596 912 ἐξεῖ-

308 947 454 992 8,,ναι
489 937 746 995 γεύεσθαι.“
804 938 828 983 6
860 940 906 983 δὲ
938 939 1040 990 θεός
1071 951 1206 996 σφεας
1237 938 1318 982 οὐκ
1355 940 1404 983 ἔα
1432 941 1627 982 ποιέεινὸ

335 1021 497 1071 ταῦτα,
529 1018 615 1073 φὰς
644 1020 904 1074 »Αἴγυπτον
933 1017 1045 1063 εἶναι
1073 1018 1235 1074 ταύτην
1275 1017 1354 1074 τὴν
1384 1017 1407 1062 6
1438 1021 1596 1068 Νεῖλος

335 1097 503 1151 ,,ἔπιώυ
544 1097 688 1152 ἄρδει·
733 1099 807 1142 καὶ
845 1099 1114 1153 Αἰγυπτίους
1145 1094 1255 1140 εἶναι
1283 1096 1491 1149 τούτους,
1553 1100 1596 1140 οἳ

338 1176 524 1230 ,,ἒ’νερθε
566 1175 870 1233 Ἐλεφαντίνης
908 1176 1059 1228 πόλιος
1099 1176 1335 1230 οἰκέοντες,
1390 1174 1474 1219 ἀπὸ
1516 1178 1598 1219 τοῦ

337 1259 574 1312 »ποταμοῦ
603 1256 764 1299 τούτου
794 1258 1010 1300 πίνουσι.“

213 1333 279 1379 19
337 1339 439 1390 σθη.

9 1398 97 1427 Nilus
115 1406 204 1438 quam
231 1398 287 1425 Ae-

8 1432 290 1502 rgfgjletseffifflffi
346 1411 486 1470 μόνον
515 1413 563 1458 τὸ
594 1413 754 1469 Δέλτα,
785 1413 892 1459 ἀλλὰ
919 1416 991 1459 καὶ
1016 1419 1096 1458 τοῦ
1127 1417 1329 1471 Λιβυκοῦ
1353 1430 1396 1457 τε
1425 1413 1600 1470 λεγομέ-

1052 1255 1165 1300 οὕτω
1197 1267 1275 1309 σφι
1303 1259 1441 1299 ταῦτα
1470 1255 1596 1312 ἐχρή-

499 1334 718 1390 ἐπέρχεται
748 1336 794 1379 δὲ
825 1335 848 1378 ὁ
890 1339 1081 1388 Νεῖλος,
1130 1334 1261 1379 ἐπεὰν
1299 1333 1501 1391 πληθύῃ,
1544 1333 1598 1379 ου’
1613 1343 1658 1376 10

285 1637 605 1681 commemoratur,
635 1646 716 1671 eum
735 1634 841 1671 valde
861 1634 936 1671 dis-

285 1691 502 1728 cernendum
522 1694 647 1727 monet
662 1690 934 1728 Schlichthorst.

285 1746 309 1784 l.
330 1745 354 1783 l.
372 1759 458 1797 pag.
483 1749 548 1787 60.

343 1797 560 1854 ἀχθόμενοι
589 1803 641 1856 τῇ
669 1800 758 1853 περὶ
786 1799 834 1841 τοὶ
870 1799 935 1855 ἱροὶ

285 1859 486 1913 θρησκίῃ]
520 1859 616 1896 Olim
637 1858 845 1913 θρεσκείῃ,
876 1873 937 1896 cu-

286 1915 342 1951 ius
375 1915 454 1952 loco
488 1915 750 1964 Wesselingius
771 1916 936 1965 reposuit

287 1972 479 2026 θρεσκίῃ,
510 1972 672 2020 quamvis
685 2000 696 2019 ,
718 1971 748 2007 si
766 1971 844 2008 libri
863 1972 936 2008 fer-

285 2031 381 2074 rent,
391 2027 577 2064 maluisset
593 2028 808 2080 θρησκηΐῃ.
826 2027 936 2069 Quod

287 2082 374 2120 mihi
425 2095 570 2132 quoque
609 2084 761 2120 maxime
802 2084 938 2121 arridet

287 2142 441 2189 propter
467 2151 531 2186 ea,
559 2152 653 2188 quae
668 2138 844 2176 Matthiae
863 2140 937 2175 dis-

287 2198 392 2245 putat
412 2194 460 2230 ad
483 2194 664 2232 Herodot.
686 2195 718 2231 11
732 2224 741 2241 ‚
762 2196 826 2235 87.
876 2194 937 2230 Tu

287 2251 384 2287 conf.
405 2254 495 2286 nott.
526 2250 574 2286 ad
603 2250 642 2297 Ι,
668 2250 733 2292 54.
755 2252 820 2291 73.
847 2250 938 2291 115

347 2301 583 2357 βουλόμενοι
626 2305 786 2357 θηλέων
831 2307 939 2356 βοῶν

292 2357 349 2412 μή
373 2360 583 2414 ἔργεσθαι]
612 2362 751 2400 Reddit
771 2362 937 2411 Schwgh.

290 2418 329 2455 in
355 2416 445 2456 Lex.
475 2418 633 2456 Herod:
682 2419 851 2455 abstinere
880 2432 941 2455 no-

292 2473 432 2512 luerunt
462 2487 522 2511 esu
556 2475 656 2511 boum
692 2474 939 2525 foeminarum.

292 2529 392 2569 Nam
423 2531 508 2568 satis
542 2534 700 2578 constat,
731 2532 840 2568 boves
865 2530 940 2568 Ae-

293 2586 429 2637 gyptiis
451 2598 571 2624 sacras
597 2587 727 2634 fuisse,
757 2600 847 2636 quas
863 2599 940 2623 ma-

292 2647 392 2680 ctare
428 2642 572 2680 minime
614 2642 762 2680 licuerit.
831 2643 938 2680 Conf.

292 2699 404 2736 modo
433 2698 489 2746 Π,
518 2697 584 2739 41.
623 2698 686 2744 lv,
711 2700 802 2739 186.
846 2699 939 2735 Por-

292 2753 397 2805 phyr.
421 2755 467 2792 de
489 2755 620 2791 abstin.
647 2754 693 2792 ab
716 2767 779 2791 esu
797 2767 854 2791 an.
875 2755 937 2802 IV,

294 2813 322 2852 7
343 2809 472 2861 p-314
498 2823 573 2860 seq.
603 2811 716 2860 (quae
734 2811 805 2847 iam
823 2812 939 2848 attulit

294 2864 485 2914 Lai-cher.)
505 2869 542 2904 et
561 2867 718 2904 Heeren.
739 2866 849 2904 Ideen
871 2873 936 2905 etc.

295 2921 331 2969 l,
351 2922 378 2962 3
407 2935 443 2972 p.
462 2922 621 2963 375-
639 2923 730 2959 Cum
753 2923 936 2961 Gaisford.

1003 1633 1174 1682 rescripsi
1193 1632 1378 1684 ἔργεσθαι
1398 1645 1441 1670 ex
1462 1631 1597 1669 Aldina
1620 1635 1658 1669 et

1005 1703 1049 1728 ex
1072 1691 1222 1738 Origen.
1245 1690 1383 1726 advers.
1410 1688 1506 1726 Cels.
1533 1688 1579 1735 V,
1601 1686 1657 1729 34

1003 1759 1040 1797 p.
1060 1747 1162 1793 603,
1191 1746 1250 1782 ubi
1269 1746 1358 1783 haec
1379 1746 1543 1782 citantur.
1569 1743 1658 1781 Vul-

1004 1815 1053 1851 go
1087 1801 1302 1854 εἴργεσθαι.
1358 1801 1457 1838 Infra
1483 1800 1547 1848 IV,
1576 1798 1657 1841 164

1006 1858 1135 1910 ἔργετο
1164 1859 1241 1896 sine
1268 1857 1339 1894 ulla
1362 1857 1524 1895 lectionis
1541 1856 1658 1894 varie-

1002 1919 1089 1952 tate.
1119 1914 1215 1951 Add.
1235 1914 1315 1961 vll,
1335 1912 1431 1954 197.
1463 1913 1508 1960 V,
1524 1913 1658 1954 57.—

1002 1971 1044 2008 In
1065 1983 1166 2019 seqq.
1187 1970 1318 2007 verba:
1340 1968 1407 2008 καὶ
1428 1964 1502 2008 ov’n
1522 1967 1658 2019 ὁμολο-

1003 2024 1104 2079 γέειν
1137 2021 1291 2064 αὐτοῖσι
1329 2025 1476 2062 valent:
1522 2038 1583 2062 nec
1623 2038 1659 2062 se

1003 2082 1144 2129 effidem,
1176 2082 1247 2132 qast
1275 2082 1490 2132 Aegyptios,
1529 2080 1659 2131 linguei.

1005 2141 1070 2176 uti.

1062 2193 1131 2232 καὶ
1161 2193 1407 2246 Αἰγυπτίους
1437 2189 1539 2232 εἶναι
1563 2189 1659 2232 τού-

1006 2265 1098 2296 τους
1117 2265 1150 2288 κ.
1173 2265 1203 2288 τ.
1227 2249 1276 2300 λ.]
1306 2250 1404 2300 Apte
1431 2250 1488 2287 hic
1506 2249 1658 2286 laudant

1006 2307 1175 2344 Strabon.
1195 2306 1299 2343 XVII
1318 2320 1355 2356 p.
1376 2308 1459 2348 790
1484 2320 1512 2344 s.
1537 2309 1657 2352 1139,

1007 2364 1057 2400 C:
1089 2363 1129 2402 οἱ
1154 2360 1224 2413 μὲν
1254 2357 1327 2402 οὖν
1351 2357 1505 2413 α’ρχαῖοι
1534 2358 1577 2401 vd
1603 2361 1659 2401 οἰ-

1006 2415 1127 2470 κούμς
1114 2434 1203 2458 ενοι]
1230 2415 1324 2458 αὐτὸ
1353 2417 1420 2457 καὶ
1451 2414 1658 2469 ποτιζόμε-

1008 2491 1080 2515 νον
1120 2473 1201 2514 υπὸ
1236 2478 1310 2514 τοῦ
1346 2475 1494 2514 Νείλου
1529 2470 1658 2525 μόνον

1007 2532 1211 2597 Αίγυπτον
1239 2526 1425 2579 ἐκάλουν,
1467 2527 1545 2570 οἷπό
1576 2545 1658 2569 των

1006 2588 1097 2640 περὶ
1110 2583 1277 2638 Συήνην
1289 2583 1417 2626 τόπων
1440 2582 1658 2639 ἄρξᾶμενοι

1007 2644 1117 2695 μέχρι
1135 2647 1205 2695 τῆς
1229 2639 1441 2693 θαλαττης.
1498 2643 1579 2680 Alia
1602 2647 1659 2680 ta-

1005 2714 1090 2739 men
1105 2701 1323 2739 recentiores
1335 2700 1551 2738 assumsisse
1560 2699 1656 2738 idem

1006 2758 1119 2794 addit.

1199 2813 1230 2850 C
1250 2825 1273 2850 a
1289 2826 1324 2864 p.
1356 2811 1458 2848 XIX.

1046 2867 1258 2936 ἐπέρχεται
1295 2865 1339 2907 δὲ
1369 2865 1392 2907 ὁ
1423 2869 1569 2912 Νεῖλος
1600 2886 1657 2896 --

1007 2919 1058 2963 ου’
1084 2923 1211 2976 μόνον
1239 2921 1281 2964 τὸ
1300 2923 1437 2971 Δέλτα,
1465 2919 1563 2961 ἄλλοι
1589 2921 1658 2962 καὶ
