1768 3315
623 241 840 280 CLIO.
900 241 930 279 Ι.

1331 247 1411 287 211

156 354 298 406 σιλεύς
326 352 552 407 Σαρδίων,
593 349 739 407 μούνῃ
770 349 826 394 οὐ
862 351 1106 408 περιήνεικε
1137 352 1214 396 τόν
1244 352 1411 407 λέοντα,

152 435 231 478 τόν
257 434 300 477 οἱ
325 429 352 488 ἡ
389 428 585 486 παλλακὴ
613 429 751 482 ἔτεκε,

811 430 1094 487 Τελμησσέων
1124 433 1411 485 δικασάντων,
1426 439 1472 474 30

155 513 213 563 ὥς
241 509 606 565 περιενειχθέντος
642 513 722 552 τοῦ
750 509 926 561 λέοντος
963 509 1012 555 τὸ
1036 516 1195 567 τεῖχος,
1244 511 1417 556 ἔσονται

123 590 339 646 4Σάρδιες
368 586 617 631 ἀνάλωτοι.,
653 585 677 631 ὁ
723 588 769 632 δὲ
800 587 955 645 Μήλης
982 590 1093 632 κατα
1122 590 1170 634 τὸ
1203 589 1307 635 ἄλλο
1338 596 1417 635 τεῖ-

149 685 223 724 χος
263 668 547 722 περιενείκας,
605 671 657 723 τῇ
697 662 754 724 ἦν
794 667 1004 724 ἐπίμαχον
1044 669 1092 712 τό
1134 672 1297 725 χωρίον
1341 676 1417 727 τῆς

150 745 438 801 ἀκροπόλιος,
468 745 734 804 κατηλόγησε
763 746 948 799 τούτου,
981 744 1040 798 ὦς
1067 746 1140 790 ἐὸν
1171 747 1340 805 ἄμαχόν
1370 766 1416 794 τε

149 825 224 870 καὶ
254 823 480 884 ἀπότομον
491 842 499 852 ·

91 1028 286 1086 πρότερος
316 1034 355 1071 in
393 1032 634 1081 quibusdam,
675 1045 748 1082 quo

93 1091 175 1141 ipso
202 1103 334 1128 sensus
364 1090 416 1126 ita
457 1094 674 1135 mutaretur,
710 1094 750 1126 ut

93 1146 350 1196 intelligendus
382 1150 481 1183 esset
518 1159 580 1183 rex
607 1146 748 1184 Croeso

93 1204 193 1254 prior
214 1217 242 1240 S.
265 1204 442 1240 Croesum
461 1203 626 1251 proxime
646 1206 749 1240 ante-

94 1260 239 1297 cedens.
298 1259 461 1296 Pertinet
481 1271 567 1295 vero
586 1259 655 1296 iste
668 1258 749 1296 Me-

93 1315 146 1354 les
175 1316 223 1353 ad
243 1315 353 1352 multo
377 1314 585 1362 antiquiora
604 1319 748 1365 tempo-

91 1385 154 1418 ηις
181 1371 399 1422 penultimus
419 1371 514 1408 enim
526 1370 666 1419 Lydiae
685 1385 748 1409 rex

90 1428 365 1466 Heraclidarum
406 1440 450 1464 ex
477 1428 592 1477 stirpe
622 1428 746 1476 (conf.

90 1483 129 1531 I,
148 1485 194 1533 7)
221 1485 311 1532 fuit,
339 1485 370 1521 si
399 1484 493 1521 fides
518 1483 681 1522 Eusebio
710 1486 748 1522 in

91 1541 262 1578 Chronic.
292 1553 378 1591 pag.
409 1542 482 1582 50.
549 1540 667 1578 Multo
693 1546 750 1578 ta-

90 1610 175 1634 men
197 1598 378 1646 antiquior
408 1602 466 1635 est
485 1596 639 1635 Nicolao
673 1598 751 1635 Da-

90 1666 250 1692 mascen.
284 1654 322 1690 in
360 1655 530 1703 fragmm.
566 1667 652 1704 pag.
685 1657 751 1696 36.

95 1711 176 1751 186
216 1711 274 1748 ed.
312 1710 425 1748 Orell.
464 1710 588 1760 ibique
616 1711 753 1749 Valesii

94 1770 171 1803 not.

147 1819 214 1862 τὸν
233 1820 392 1871 λέοντα,
423 1817 496 1863 τόν
528 1823 569 1863 οἷ
596 1822 626 1876 ἦ
649 1828 751 1863 παλ-

91 1875 193 1930 λακή
233 1878 360 1930 ἔτεκε]
407 1879 573 1918 Leonem
609 1894 751 1920 sacrum

91 1949 176 1974 esse
203 1935 321 1985 Lydis
351 1950 552 1987 eorumque
575 1938 751 1988 religione

91 1992 285 2040 celebrari,
324 1994 461 2044 quippe
490 1994 578 2030 solis
603 1995 750 2044 signum

95 2053 134 2087 et
151 2048 354 2099 palladium
374 2051 481 2100 quasi
496 2050 686 2099 Lydorum
696 2066 755 2090 re-

94 2118 203 2155 gum,
241 2119 354 2157 supra
400 2107 473 2144 iam
518 2108 754 2146 indicavimus

94 2163 143 2199 ad
163 2162 203 2209 l,
221 2163 286 2203 50.
346 2163 457 2200 Plura
477 2164 684 2203 Creuzerus
715 2167 754 2203 in

94 2218 257 2267 Symbol.
281 2219 317 2256 II
335 2233 371 2270 p.
396 2222 476 2262 231
503 2234 582 2271 seq.
641 2222 754 2261 Unde

94 2273 310 2314 Herodotea
321 2278 481 2314 narratio
497 2278 619 2315 minus
639 2279 754 2317 habe-

98 2330 150 2368 bit
173 2333 273 2381 quod
291 2333 467 2370 offendat.
526 2334 636 2372 Venit
661 2349 754 2385 quo-

93 2399 166 2436 que
185 2388 223 2424 in
244 2394 403 2427 mentem
433 2391 599 2429 Graecae
626 2404 755 2429 narra-

94 2444 202 2481 tionis
227 2445 274 2482 de
305 2445 454 2483 Periclis
481 2451 618 2496 matre,
659 2462 754 2498 quae

98 2501 272 2549 gravida,
309 2506 506 2552 antequam
546 2504 645 2541 illum
675 2506 754 2543 edi-

95 2556 234 2604 disset,
273 2558 400 2596 leonem
448 2573 580 2610 parere
616 2562 685 2598 sibi
716 2563 753 2599 in

97 2613 233 2649 somnis
269 2615 470 2653 videbatur.
529 2617 613 2655 Vid.
656 2618 752 2656 Plut.

96 2665 222 2705 Pericl.
243 2671 268 2710 3
299 2675 336 2708 et
367 2684 463 2720 quae
491 2673 539 2710 ad
572 2673 752 2713 Plutarch.

97 2720 272 2762 Alcibiad.
291 2739 328 2776 p.
354 2729 431 2770 151
456 2730 674 2768 notavimus.

139 2780 393 2830 Τελμησσέων
411 2784 435 2823 δ
447 2799 491 2824 ικ
500 2801 526 2824 α
536 2798 560 2825 σ
570 2783 595 2825 ά
605 2802 628 2826 ν
637 2802 659 2826 τ
672 2802 702 2825 ω
713 2785 753 2837 ν]

99 2833 194 2871 Cum
214 2835 250 2872 Ἰ
251 2836 493 2879 elmessenses
514 2855 590 2879 non
619 2844 757 2881 suerint

99 2889 279 2931 δικασταὶ
299 2895 493 2946 (iudices)
512 2911 640 2937 verum
668 2912 756 2937 con-

559 826 647 870 ἔστι
687 827 733 871 δὲ
766 826 880 881 πρὸς
910 830 990 871 τοῦ
1026 825 1211 882 Τμώλου
1239 844 1416 885 τετραμ-

817 1034 969 1071 iectores
999 1037 1036 1070 et
1073 1034 1292 1084 interpretes
1324 1038 1474 1085 porten-

818 1095 957 1136 torum,
987 1089 1249 1128 Valckenarius
1269 1092 1474 1141 suspicatur

818 1147 990 1197 scriptum
1004 1146 1117 1184 fuisse
1130 1142 1376 1187 εἰκασοὶντων
1393 1148 1474 1185 loco

818 1198 1089 1250 δικασάντων,
1126 1203 1304 1240 Reiskius
1329 1209 1475 1254 praeter

817 1259 906 1296 alia.
967 1253 1226 1305 διδαξάντων.
1305 1260 1474 1304 Quorum

816 1319 982 1352 neutrum
1013 1315 1099 1351 mihi
1122 1316 1172 1352 ita
1205 1316 1406 1366 probatur,
1436 1322 1477 1354 ut

816 1372 966 1408 verbum
993 1369 1270 1419 δικασάντων,
1303 1374 1406 1422 quod
1437 1375 1475 1411 in

817 1428 984 1465 omnibus
1003 1428 1103 1465 libris
1129 1433 1269 1476 exstat,
1298 1428 1378 1466 loco
1397 1443 1477 1466 mo-

819 1497 934 1522 veam.
991 1485 1177 1523 Admonet
1196 1486 1363 1535 Schwgh.
1375 1488 1476 1524 verbi

821 1540 871 1594 ἕγ
883 1556 947 1580 νω
961 1553 983 1580 σ
996 1556 1054 1580 αν
1085 1555 1158 1591 quo
1176 1542 1214 1579 in
1234 1556 1274 1580 re
1296 1543 1477 1581 simillima

819 1611 906 1634 usus
929 1601 986 1635 est
1001 1597 1141 1636 Noster
1162 1598 1203 1646 Ι,
1229 1601 1283 1640 78
1297 1628 1308 1647 ,
1335 1612 1405 1637 nec
1423 1601 1477 1637 vi-

820 1655 891 1692 deo
918 1655 1090 1703 equidem
1121 1668 1183 1692 cur
1209 1656 1328 1692 minus
1359 1655 1478 1694 valeat

820 1711 1020 1748 sententia:
1081 1724 1194 1759 „cum
1232 1711 1477 1750 Telmessenses

820 1769 1026 1804 statuissent
1048 1767 1089 1804 (le
1113 1780 1150 1805 re
1179 1768 1248 1805 sibi
1272 1768 1321 1806 ad
1340 1782 1479 1819 respon-

820 1824 970 1861 ciendum
999 1825 1152 1874 adeoque
1187 1825 1417 1863 tlz'm'menclum
1445 1830 1477 1863 et

819 1880 1065 1930 eQrplzcandum
1092 1883 1313 1932 proposzta.“
1370 1882 1479 1920 Euri-

819 1938 1172 1995 pid.Orest.164:
1211 1934 1363 1979 ὅτ’έπὶ
1398 1954 1478 1991 τρι-

821 1995 918 2034 ποδι
944 1993 1155 2045 Θέμιδος
1133 1991 1194 2047 αρ’
1224 2010 1241 2035 ε
1230 1994 1306 2034 ”δ
1291 2012 1306 2034 ι
1320 2011 1343 2034 κ
1356 2007 1442 2035 ασε
1455 2010 1479 2035 ν

824 2047 953 2100 φόνον
976 2049 1201 2098 ὅΛοξιας’
1183 2054 1280 2103 εμᾶς
1299 2051 1479 2104 ματέρος.

820 2107 961 2146 Locum
981 2108 1090 2146 affert
1109 2108 1313 2159 Schweigh.
1331 2110 1368 2147 in
1387 2109 1478 2147 Lex.

821 2164 1048 2203 Herodoteo.

876 2216 1124 2286 κατηλόγησε
1145 2218 1309 2270 τούτου,
1341 2237 1394 2268 ως
1413 2219 1482 2262 ε’ὀν

823 2273 976 2329 α’μαχόν
988 2292 1028 2317 τε
1045 2277 1112 2317 καὶ
1127 2273 1354 2329 ἀπότομον]
1371 2280 1482 2317 Reis-

823 2335 906 2372 kius
936 2335 975 2371 in
1006 2336 1167 2384 genitivo
1198 2348 1341 2375 τουτου
1363 2336 1484 2374 offen-

823 2392 937 2439 dens,
967 2391 1092 2429 maluit
1113 2392 1222 2429 scribi
1247 2395 1378 2439 τοῦτο,
1400 2392 1480 2430 coll.

823 2448 896 2495 III,
922 2451 1012 2489 121.
1043 2447 1082 2495 I,
1106 2448 1197 2489 144.
1257 2449 1340 2487 Nec
1359 2454 1484 2487 tamen

822 2504 861 2541 in
883 2505 1044 2553 genitivo
1065 2505 1137 2541 isto
1168 2505 1327 2543 offendit
1349 2505 1481 2543 Matth.

824 2559 861 2612 ἓ.
893 2560 996 2608 568,
1034 2563 1059 2602 3
1101 2574 1188 2611 pag.
1226 2563 1358 2609 1123,
1401 2561 1485 2599 licet

824 2621 1026 2667 sequantur
1051 2618 1257 2655 accusativi.
1300 2618 1399 2656 Nam
1425 2618 1485 2655 alii

824 2686 974 2723 quoque
994 2674 1224 2712 inveniuntur
1238 2674 1329 2722 loci,
1349 2675 1386 2711 in
1403 2675 1485 2724 qui-

824 2730 893 2767 bus
905 2731 957 2767 ita
969 2730 1169 2780 genitivum
1189 2735 1226 2768 et
1244 2731 1486 2769 accusativum

825 2787 1028 2825 variantem
1049 2787 1227 2824 videmus.

881 2841 962 2882 ἔστι
992 2840 1036 2882 δὲ
1077 2858 1181 2895 προς
1210 2844 1284 2882 τοῦ
1317 2836 1486 2893 Τμωλου

826 2897 1094 2951 τετραμμένον
1109 2901 1180 2995 τίῆ-,ἰ
1191 2894 1365 2977 ἱζεόλιος]
1394 2898 1487 2935 Ver-
