1759 3324
28 546 123 592 131

624 269 929 308 cL10.1.

152 385 201 429 τὸ
240 383 466 440 πρότερον.

151 463 290 520 πάσης
316 465 392 518 τῆς
416 459 555 516 Ἀσίης
583 454 698 516 ἦρξε.

1334 274 1418 314 3οῖ

525 382 685 424 τοῦτον
732 379 778 422 δὲ
822 379 1250 436 καταστρεψάμενος,
1302 381 1416 426 οὕτω

261 540 431 595 Πέρσας
463 540 509 584 δὲ
555 537 656 583 οἶδα
703 536 882 594 νόμοισι
929 541 1075 583 τοῖσδε
1116 540 1410 597 χρεωμένους·

149 621 372 678 ἀγάλματα
403 619 482 676 μὲν
511 619 586 663 καὶ
623 616 759 675 νηοὺς
787 620 861 664 καὶ
890 618 1066 676 βωμοὺς
1096 618 1180 664 οὐκ
1209 621 1256 664 ἐν
1284 619 1408 678 νόμῳ

256 841 370 892 Cap.
401 839 574 877 CXXXI.

144 923 302 977 Πέρσας
352 920 393 963 δὲ
443 919 534 963 οἶδα
585 919 742 975 νόμοισι

86 983 217 1022 τοῖσδε
263 978 542 1033 χρεωμένους]
612 981 743 1020 τοῖσδε

87 1053 167 1077 cum
188 1039 306 1076 Gaisf.
329 1037 517 1084 dedimus,
545 1042 653 1088 prout
667 1051 743 1075 me-

88 1096 195 1134 liores
246 1095 328 1133 libri
373 1094 558 1132 iubebant.
620 1094 742 1143 Vulgo

86 1151 268 1191 τοιοῖσδε.
300 1173 348 1178 --
391 1150 564 1199 Sequitur
596 1149 655 1187 hic
678 1151 739 1188 ubi

90 1209 178 1258 Cyri
215 1220 258 1245 ae
301 1207 516 1254 Persarum,
556 1219 654 1243 nunc
690 1207 738 1244 ad

87 1277 264 1302 summum
302 1263 493 1314 imperium
532 1267 738 1301 evectorum

85 1322 222 1360 mentio
245 1322 340 1358 sacta
365 1323 464 1367 erat,
494 1320 672 1367 digressio
690 1320 737 1358 de

84 1377 187 1416 huius
209 1377 328 1426 gentis
344 1376 513 1413 institutis
526 1406 536 1423 ,
548 1376 736 1424 religione,

84 1437 237 1483 totoque
259 1433 403 1470 vivendi
423 1445 568 1480 genere.
627 1432 736 1470 Conf.

83 1496 182 1540 quae'
199 1490 246 1528 (le
270 1489 473 1526 huiusmodi
501 1488 737 1538 digressioni-

82 1547 150 1584 bus
181 1559 203 1583 a
225 1546 330 1583 nobis
357 1546 542 1596 disputata
575 1548 660 1582 sunt
686 1546 736 1584 ad

83 1602 372 1650 1,.,.23156

140 1681 344 1754 ἆγαλματα
386 1683 459 1753 μὲν
504 1684 572 1725 καὶ
608 1683 736 1737 νηοὺς

83 1741 152 1783 καὶ
191 1739 354 1795 βωμους
401 1738 474 1782 οὐκ
528 1742 570 1782 ἕν
626 1739 736 1798 νόμῳ

83 1798 346 1850 ποιευμένους
375 1796 607 1851 ἱδρύεσθαι]
640 1800 737 1838 Pen-

82 1857 172 1895 dent
196 1856 310 1903 haec,
339 1856 488 1904 opinor,
518 1857 563 1893 ab
593 1861 736 1895 antece·

81 1913 183 1951 denti
204 1913 316 1951 verbo
336 1908 437 1961 οἶδα,
451 1914 551 1962 quod
566 1913 735 1951 hiemen·-

81 1972 119 2007 te
156 1968 401 2020 supplendum
435 1969 585 2007 videtur.
644 1969 734 2007 Mox

79 2029 202 2063 tamen
230 2025 334 2063 huius
364 2029 563 2063 structurae
585 2026 732 2074 oblitus,

81 2082 119 2119 in
159 2082 360 2120 orationem
410 2086 543 2120 rectam
588 2083 731 2130 transit,

79 2139 269 2176 scribendo
291 2136 526 2191 ἐπιφέρουσι
541 2138 621 2176 loco
643 2152 730 2190 par-

77 2195 189 2245 ticipii
237 2193 511 2247 ἐπιφέροντας.
568 2196 611 2232 In
655 2207 729 2245 quo

76 2251 186 2289 nolim
203 2250 389 2300 insistere,
408 2265 487 2289 cum
505 2252 730 2290 huiuscemo-

79 2308 117 2345 di
151 2308 321 2345 transitus
360 2309 459 2346 haud
498 2322 582 2346 raro
629 2310 731 2360 apud

78 2362 253 2402 Nostrum
263 2365 475 2435 scriptorem
490 2366 731 2403 inveniantur.

78 2418 348 2458 Locutionem'
331 2436 374 2461 εν
391 2417 503 2476 νόμῳ
522 2425 730 2461 ποιεῖσθαι

80 2475 297 2527 interpretor
333 2478 523 2527 equidem:
571 2482 610 2516 in
639 2492 730 2516 more

83 2531 222 2580 habere,
249 2547 277 2570 s.
297 2535 459 2584 passive:
494 2549 533 2572 ιη
553 2548 643 2573 more
661 2549 727 2584 po-

81 2589 187 2625 situm
215 2601 294 2627 esse.
361 2591 452 2629 Inde
481 2605 556 2628 non
578 2604 728 2630 necesse

80 2648 238 2682 vertere:
267 2645 370 2696 nefas
394 2647 526 2685 habere.
583 2648 726 2687 Eodem

80 2701 191 2737 modo
209 2702 380 2752 νομίζειν
401 2703 465 2752 IV,
482 2706 548 2746 59.

136 2755 179 2794 In
219 2757 297 2807 ipso
331 2766 546 2808 argumento
583 2760 727 2811 plurimi

79 2815 237 2849 veterum
256 2826 335 2852 cum
362 2815 555 2854 Herodoto
573 2830 728 2856 consen—

79 2868 194 2915 tiunt,
227 2881 377 2917 quorum
405 2871 503 2910 locos
529 2886 726 2923 congesse-

79 2928 163 2961 runt
179 2924 337 2965 Brisson.
352 2928 399 2966 de
417 2941 493 2979 reg.
517 2928 725 2983 Persprin-

812 838 883 888 cip.
903 837 1033 886 1[‚28
1054 844 1091 877 et
1107 852 1189 890 sqq.
1211 839 1310 889 (coll.
1329 841 1464 892 Heyde

812 895 859 932 de
882 901 966 932 vett.
985 897 1084 932 Pers.
1103 897 1194 945 rigel
1197 898 1274 934 .lll
1294 911 1368 948 pag
1370 902 1462 945 93)

813 957 850 988 et
869 951 1039 989 Davisius
1060 954 1108 989 ad
1129 928 1246 991 Cicer.
1271 955 1318 992 de
1338 955 1371 993 L
1355 970 1461 1005 egg.

810 1008 866 1055 Π,
887 1010 939 1049 10
957 1021 1043 1059 pag
1073 1009 1154 1050 234
1176 1011 1232 1048 ed.
1252 1011 1382 1048 Cieuz.
1412 1013 1463 1050 Et

810 1065 947 1102 consul.
973 1066 1092 1116 ipsum
1111 1066 1342 1104 Herodotum
1361 1068 1459 1113 vul,

811 1124 903 1163 109.
960 1120 1016 1159 Ac
1040 1126 1138 1160 recte
1163 1124 1310 1173 quidem
1333 1124 1371 1161 in
1393 1138 1462 1162 no-

808 1182 884 1215 stro
906 1177 985 1216 loco
1004 1179 1175 1216 insistunt
1193 1180 1256 1216 viri
1277 1180 1374 1218 docti
1392 1195 1458 1218 no-

806 1239 905 1272 strae
931 1235 1083 1282 aetatis,
1112 1248 1156 1272 ex
1185 1248 1258 1285 quo
1288 1237 1461 1287 simplici-

804 1296 862 1328 tas
897 1295 1007 1340 atque
1044 1291 1233 1340 integritas
1273 1293 1458 1342 religionis

803 1346 998 1384 Persarum
1030 1348 1168 1398 optime
1207 1355 1459 1398 cognoscatur,

804 1416 875 1453 qua
888 1404 1013 1454 purior
1027 1408 1062 1441 et
1081 1405 1127 1442 ab
1143 1405 1308 1442 humanis
1329 1420 1458 1457 super-

804 1461 1008 1497 stitionibus
1045 1463 1163 1510 magis
1203 1461 1370 1500 immunis
1399 1464 1458 1501 vix

803 1516 875 1554 ulla
904 1530 971 1567 per
998 1530 1142 1554 omnem
1167 1519 1275 1556 fuerit
1299 1520 1458 1570 antiqui-

800 1577 925 1611 tatem,
982 1573 1155 1624 Namque
1180 1588 1358 1614 summum
1390 1590 1458 1614 nu-

802 1643 887 1668 men
909 1643 985 1667 non
1002 1631 1221 1680 imaginibus
1239 1636 1319 1670 arte
1327 1633 1457 1671 huma-

804 1688 852 1724 na
869 1687 972 1723 factis
995 1690 1168 1736 tanquam
1198 1689 1371 1737 symbolis
1393 1703 1457 1728 ex-

804 1743 1012 1793 primebant
1036 1744 1296 1794 colebantque,
1326 1747 1393 1784 sed
1417 1747 1455 1785 in

803 1799 891 1850 ipsis
916 1813 1034 1849 aquae
1068 1804 1104 1838 et
1135 1801 1231 1849 ignis
1266 1801 1455 1841 elementis

802 1856 875 1893 vim
892 1857 1049 1893 divinam
1066 1858 1342 1896 venerabantur.
1365 1859 1457 1898 Inde

800 1925 869 1951 nec
906 1912 1050 1964 templis
1074 1927 1189 1964 opus,
1223 1927 1293 1952 nec
1323 1917 1453 1954 statuis

799 1982 868 2007 nec
887 1969 1060 2007 altaribus
1079 1970 1220 2009 affabre
1240 1972 1355 2009 factis.
1371 1972 1411 2010 N
1433 1994 1452 2001 -

799 2038 872 2076 que
896 2026 1066 2074 obstant,
1108 2027 1138 2063 si
1169 2040 1264 2077 quae
1294 2029 1452 2080 templo—-

797 2096 876 2120 rum
895 2095 937 2120 ac
955 2087 1154 2120 statuarum
1173 2085 1326 2133 vestigia
1341 2099 1449 2136 repe-

794 2139 954 2186 riantur,
997 2144 1169 2178 monente
1197 2141 1383 2179 Creuzero
1410 2143 1449 2180 in

796 2195 960 2245 Symbol.
987 2196 1003 2233 Ι
1036 2209 1122 2246 pag.
1145 2197 1239 2238 651·
1268 2200 1351 2240 719
1387 2201 1446 2238 ed.

796 2253 943 2290 secund.
1001 2252 1099 2290 Nam
1135 2253 1296 2303 loquitur
1326 2255 1449 2292 Hero-

796 2309 908 2346 dotus
953 2310 1000 2349 de
1042 2310 1223 2360 primitiva
1260 2312 1452 2362 magisque

795 2378 889 2416 pura
921 2365 1116 2403 Persarum
1151 2366 1350 2416 religione,
1391 2369 1448 2406 cui

797 2422 868 2459 alia
893 2423 1090 2472 postmodo
1110 2436 1154 2461 ex
1178 2423 1328 2461 aliarum
1357 2438 1449 2474 gen-

795 2479 885 2515 tium
903 2478 997 2516 cultu
1018 2480 1146 2516 addita
1173 2494 1274 2529 esse,
1305 2493 1348 2519 ea
1366 2482 1447 2532 ipsa

794 2536 1014 2573 documento
1035 2541 1140 2584 sunt,
1162 2550 1257 2586 quae
1274 2538 1448 2576 continuo

794 2592 895 2642 apud
938 2591 1116 2630 Nostrum
1159 2593 1341 2642 leguntur.
1396 2595 1447 2631 Et

793 2648 941 2684 omnino
963 2649 1139 2697 imagines
1157 2651 1334 2699 quasdam
1358 2651 1447 2689 deo-

795 2717 875 2741 rum
896 2705 934 2741 in
952 2705 1038 2742 artis
1058 2707 1226 2756 operibus
1246 2707 1344 2743 haud
1364 2720 1447 2744 raro

794 2761 962 2811 reperiri,
992 2766 1170 2799 testantur
1188 2776 1284 2812 quae
1295 2764 1447 2812 egregia

794 2817 888 2855 hanc
907 2818 945 2854 in
976 2831 1054 2856 rem
1080 2819 1276 2869 disputavit
1312 2819 1447 2856 Grote-

793 2874 892 2911 send.
932 2874 970 2910 in
1006 2874 1187 2923 Biittigeri
1225 2873 1382 2911 Amalth.
1411 2874 1445 2912 11

792 2942 878 2981 pag.
890 2932 944 2972 69
963 2932 1272 3027 seqq.,2i⁰p{isque
1293 2943 1337 2969 cx
1356 2943 1447 2981 ope⁴

1467 548 1628 591 Pers-arum
1654 555 1694 583 dii
1715 561 1744 585 e(

1468 588 1626 615 sacriincin.
