1768 3324
19 882 149 932 85.

524 287 942 327 EUTERPE.
1002 288 1048 326 11.

20 405 87 451 8-1
146 403 218 458 ροί
256 401 348 445 εἰσι.
403 396 457 441 ‘H
491 398 537 441 δὲ
579 397 749 454 ἰητρικὴ
783 395 896 440 κατὰ
934 395 1037 440 τάδε
1075 406 1156 451 σφι
1193 395 1378 440 δέδαστα

1326 289 1411 330 667

142 486 242 539 μιῆς
268 478 435 524 νούσου
465 477 645 527 ἕκαστος
674 474 822 532 ἰητρός
862 475 974 528 ἐστι,
1015 475 1088 518 καὶ
1118 475 1172 519 ου’
1200 476 1412 520 πλεόνων.

113 568 135 601 2
199 559 209 572 Ι
350 555 360 572 2
398 559 409 574 5
510 559 526 567 ‘'-
589 555 600 570 '
657 557 666 571 Ι
766 555 774 569 1
882 557 896 571 4·
957 555 967 568 ἱ
1063 554 1073 568 ἱ
1174 553 1185 568 7
1365 559 1382 567 -1

147 575 289 604 παντα
320 561 344 602 ὃ
394 573 554 613 ιητρων
584 567 672 600 εστι
699 560 818 599 πλεα.
851 572 894 599 οι
923 572 1002 611 μεν
1022 573 1130 611 γαρ,
1161 559 1411 611 οφθαλμων

142 637 286 695 ἰητροὶ
323 636 594 680 κατεστὲασι·
647 637 691 679 οἱ
720 635 786 689 δὲ,
822 639 1038 691 κεφαλῆς·

1100 636 1143 678 οἱ
1173 635 1242 687 δὲ,
1278 633 1411 678 ὀδόν·
1425 642 1468 678 15

142 732 253 762 των·
285 718 329 760 οἱ
358 716 425 767 δὲ,
457 719 546 759 τῶν
575 715 685 760 κατὰ
715 715 874 772 νηδύν·
919 716 962 758 οἱ
992 714 1058 768 δὲ,
1088 718 1177 758 τῶν
1206 712 1413 771 ἀφανέων

142 794 331 841 νούσων.

87 1088 194 1122 cante
223 1082 448 1132 Schweigh.)
488 1083 633 1132 modus,
675 1096 743 1135 quo

86 1141 317 1179 reddebantur
345 1139 501 1178 oracula.

237 1281 345 1333 Cap
384 1280 591 1319 Lxxxun

145 1368 240 1418 μιῆς
261 1361 410 1406 νούσου
432 1364 591 1421 ἕκαστος
609 1360 744 1418 ἰητρός

87 1422 190 1469 ἔστι]
238 1422 364 1461 Artem
392 1424 571 1460 medicam
602 1436 682 1460 cum
722 1435 745 1460 a

89 1480 341 1518 sacerdotibus
363 1480 552 1517 exercitam
566 1494 646 1518 esse
657 1492 746 1517 con-

90 1542 185 1585 stet,
215 1536 272 1574 vel
290 1536 375 1574 inde
405 1550 544 1574 summa
563 1537 666 1574 huius
685 1549 745 1573 ar-

88 1594 136 1631 tis
176 1607 257 1631 cum
293 1593 491 1642 astrologia
537 1593 744 1630 coniunctio

90 1654 266 1701 apparet,
287 1651 459 1698 quoniam
478 1650 645 1687 universa
666 1662 745 1686 cor-

90 1706 189 1757 poris
204 1706 350 1743 humani
363 1707 560 1757 descriptio
572 1708 619 1743 ad
629 1711 746 1743 astro-

91 1763 226 1811 logiam
257 1761 370 1800 relata
398 1763 637 1812 singulaeque
667 1775 747 1800 cor-

92 1819 190 1871 poris
222 1822 345 1869 partes
376 1821 424 1856 ad
461 1820 624 1868 singulos
656 1821 746 1857 deos

93 1875 357 1913 astronomicos
396 1880 589 1914 revocatae
631 1880 746 1914 erant.

92 1932 203 1970 Unde
232 1933 365 1969 factum
383 1962 393 1980 ,
432 1937 471 1970 ut
509 1934 749 1981 quemadmo-

93 1989 179 2026 dum
220 1989 384 2038 partibus
428 1989 578 2038 singulis
619 1989 750 2038 singuli

92 2049 307 2097 praeessent
327 2045 397 2093 dii,
427 2047 479 2083 ita
498 2047 606 2083 etiam
626 2059 751 2084 earum

93 2101 344 2139 affectionibus
379 2115 421 2140 ac
451 2103 586 2139 morbis
622 2102 752 2152 singuli

93 2158 345 2209 prospicerent
364 2159 495 2197 medici
529 2160 602 2197 sive
633 2172 752 2197 sacer-

95 2214 211 2252 dotes.
271 2215 502 2265 Quamquam
528 2216 605 2253 iure
633 2220 747 2253 statu-

95 2272 228 2309 endum
273 2272 437 2320 videtur,
481 2271 748 2323 Aegyptiorum

95 2332 209 2365 artem
238 2329 355 2377 magis
383 2329 613 2367 diaeteticam
639 2343 747 2379 quam

95 2388 227 2421 vocant
247 2385 375 2433 fuisse,
405 2398 515 2435 quam
534 2399 655 2423 veram
672 2400 750 2424 me-

99 2440 210 2478 dendi
231 2446 355 2479 artem.
413 2442 526 2480 Unde
555 2443 664 2480 etiam
686 2456 749 2481 ex-

98 2496 275 2547 plicantur
296 2503 460 2536 accurata
488 2499 548 2536 illa
566 2499 749 2537 inferioris

100 2553 314 2591 conditionis
335 2555 540 2593 hominibus
562 2557 641 2593 dari
662 2556 750 2593 soli-

100 2612 373 2660 tapraecepta‚
403 2612 522 2661 qualia
554 2626 666 2663 supra
694 2614 751 2650 in-

99 2665 261 2702 venimus
282 2666 337 2714 11,
355 2671 420 2709 77.
451 2668 487 2706 T
491 2683 512 2706 u
532 2670 627 2706 conf.
648 2670 751 2708 Hee-

100 2733 178 2757 ren.
198 2721 253 2769 11,
273 2726 300 2764 2
320 2736 404 2774 pag.
427 2726 506 2767 165
527 2739 604 2774 seq.
634 2727 752 2764 Creu-

102 2789 176 2814 zer.
200 2777 359 2826 Symbol.
392 2781 409 2818 I
437 2795 524 2832 pag.
546 2782 641 2823 395.
699 2783 755 2820 Ex

103 2832 170 2879 iis,
207 2846 301 2882 quae
335 2836 598 2888 Wesselingius
635 2839 756 2876 attulit

103 2889 154 2924 ad
175 2888 209 2926 h.
229 2889 272 2937 l.,
300 2890 461 2943 inprimis
488 2896 583 2932 conf.
605 2894 754 2933 Maxim.

105 2942 197 2993 Tyr.
214 2946 341 2986 disser.
360 2948 534 3000 XXXIV,
554 2953 578 2993 1
599 2964 637 3003 p.
659 2950 757 3001 403,

259 878 426 931 Θρῆνοι
456 874 501 918 δὲ
533 874 607 918 καὶ
635 875 773 931 ταφαί
802 885 971 930 σφεων,
1020 873 1103 918 εἰσὶ
1133 875 1238 918 αἵδε.
1295 877 1409 917 τοῖσι
1466 881 1749 952 {focgiffiqissrffiiim

811 1084 873 1133 qui
891 1081 1076 1120 Herodoti
1102 1081 1220 1120 locum
1237 1086 1324 1122 ante
1344 1081 1466 1120 oculos

810 1140 982 1178 habuisse
1009 1139 1162 1176 videtur.

981 1223 1319 1275 Cap.Lxxxv.

872 1310 1023 1361 Θρῆνοι
1043 1305 1085 1347 δὲ
1104 1306 1170 1347 καὶ
1183 1308 1310 1356 ταφαί
1320 1319 1470 1357 σφεων,

813 1365 890 1407 εἰσὶ
916 1363 1017 1415 αἵδε]
1049 1366 1222 1414 Sequitur
1242 1365 1342 1403 locus
1359 1366 1473 1402 maxi-

812 1437 871 1462 me
917 1422 1161 1460 memorabilis
1202 1422 1249 1460 de
1287 1421 1473 1473 sepultura

811 1484 977 1518 veterum
1021 1478 1310 1528 Aegyptiorum,
1362 1491 1472 1528 quem

812 1550 893 1574 cum
942 1536 1210 1573 accuratissime
1263 1536 1474 1573 tractaverit

813 1594 1017 1631 Creuzerus
1038 1593 1073 1628 in
1083 1596 1291 1630 commentt.
1304 1591 1473 1629 Herodd.

813 1663 895 1700 cap.
916 1650 933 1686 Ι
954 1649 1101 1700 potiora
1119 1649 1201 1686 hiuc
1224 1649 1272 1685 ad
1290 1648 1474 1686 Herodoti

813 1707 924 1744 verba
942 1705 1086 1754 singula
1106 1705 1320 1742 illustranda
1337 1709 1474 1741 totum-

815 1776 886 1813 que
914 1775 1052 1800 morem
1081 1762 1148 1799 rite
1176 1762 1474 1812 perspiciendum

814 1821 1088 1856 transferamus.
1133 1818 1224 1855 Post
1251 1819 1475 1855 Creuzerum

817 1875 992 1914 nonnulla
1012 1888 1159 1924 quoque
1176 1874 1294 1911 attulit
1306 1874 1477 1911 Minutoli

817 1934 871 1970 in:
889 1932 1102 1981 Nachtriige
1118 1936 1185 1969 etc.
1204 1945 1240 1981 p.
1257 1930 1336 1972 194
1356 1944 1476 1980 seqq„

818 1990 949 2039 quibus
980 2002 1045 2025 suo
1077 1988 1156 2025 loco
1188 1992 1342 2025 utemur.
1401 1987 1475 2025 Hic

819 2047 856 2083 in
893 2046 1099 2083 universum
1139 2058 1329 2094 monemus
1360 2047 1397 2081 et
1431 2056 1476 2082 ex

818 2102 990 2140 Minutoli
1010 2102 1101 2138 libro
1130 2101 1152 2138 l.
1183 2114 1269 2152 pag.
1297 2103 1376 2142 191
1399 2113 1477 2150 seq.

820 2159 1039 2210 repetimus,
1078 2171 1216 2196 morem
1253 2158 1364 2194 istum
1393 2170 1481 2194 con-

816 2217 942 2254 diendi
979 2215 1182 2262 cadavera,
1204 2227 1385 2266 perquam
1415 2227 1479 2251 ve-

814 2277 968 2320 tustum,
988 2285 1063 2308 non
1083 2272 1198 2309 solum
1218 2271 1356 2322 priscas
1379 2271 1479 2321 apud

817 2334 948 2380 gentes
969 2341 1060 2378 quas
1081 2329 1245 2366 novimus
1263 2328 1477 2374 obtinuisse,

817 2400 942 2425 verum
970 2386 1080 2423 etiam
1109 2386 1147 2422 in
1177 2384 1389 2433 regionibus
1420 2397 1479 2421 re-

819 2457 905 2482 cens
930 2443 1082 2480 detectis
1104 2443 1204 2492 apud
1214 2442 1403 2479 Peruanos
1422 2444 1479 2477 at-

819 2513 890 2550 que
910 2498 1121 2536 Mexicanos
1145 2503 1290 2549 reperta
1311 2511 1394 2535 esse
1411 2510 1480 2534 ca-

819 2558 954 2594 davera
979 2555 1130 2593 similem
1153 2555 1191 2592 iu
1213 2555 1387 2601 modum,
1407 2566 1479 2602 quo

819 2614 920 2664 apud
936 2611 1140 2662 Aegyptios
1171 2612 1304 2658 fiebat,
1333 2610 1481 2648 condita

819 2675 932 2719 atque
965 2669 1136 2719 reposita.
1203 2668 1345 2705 Causas
1382 2680 1481 2714 vero,

822 2739 918 2776 quae
955 2724 1158 2776 Aegyptios
1199 2724 1482 2770 commoverint,

823 2787 865 2820 ut
895 2787 971 2819 tam
1004 2795 1159 2832 operose
1184 2781 1373 2819 condirent
1415 2780 1484 2817 de-

822 2841 1029 2877 functorum
1046 2839 1246 2886 cadavera,
1275 2837 1397 2888 plures
1420 2848 1483 2874 ex-

825 2900 964 2990 stgrilnl
978 2895 1025 2934 de
1044 2895 1177 2947 quibus
1197 2894 1270 2933 vid.
1291 2905 1480 2933 excursum

825 2964 848 2990 a
923 2980 931 2989 .
967 2980 977 2990 .

1381 413 1407 440 t·
1465 396 1579 437 Meda-,¹
1596 398 1650 426 alii
1668 399 1746 427 aliun

1464 431 1571 459 morbi.
