1786 3342
649 265 957 305 CL10.1.

1352 267 1438 310 373

175 395 276 425 κιον
302 375 608 434 ποιησάμενοι,
637 374 822 431 ἡσυχίην
852 372 973 431 ἄγον.
1017 373 1145 420 Οὕτω
1175 372 1229 432 δὴ
1260 374 1309 419 τό
1339 374 1435 420 δεύ-

171 474 300 514 τερον
323 454 462 512 Ἰωνίη
491 451 769 498 ἐδεδούλωτο.
814 450 873 505 ὦς
903 452 948 498 δὲ
977 451 1081 504 τούς
1110 453 1158 497 ἐν
1187 456 1241 511 τῇ
1272 452 1433 514 ἠπείρῳ

155 536 310 587 Ἴωνας
339 531 596 590 ἐχειρώσατο
616 531 862 588 ΓἍρπαγος,
894 532 939 575 οἱ
966 530 1042 583 τὰς
1071 529 1235 588 νήσους
1265 532 1435 589 ἔχοντες

155 615 320 667 Ἴωνες,
345 610 760 668 καταρρωδήσαντες
789 614 946 662 ταῦτα,
976 610 1112 667 σφέας
1138 609 1302 663 αὐτοὺς
1333 611 1429 656 {3¹60-
1442 620 1488 654 80

44 709 143 754 170
165 705 247 739 σαν
275 691 424 749 Κύρῳ.
481 690 810 747 Κεκακωμένων
839 689 886 734 δὲ
921 687 1081 734 Ἰώνων
1108 690 1184 734 καὶ
1222 694 1428 747 συλλεγο-
1482 701 1601 732 Biantis
1642 708 1762 736 consatu-

162 772 307 830 μένων
337 769 468 815 οὐδὲν
496 764 635 827 ἧσσον
663 769 706 822 ἐς
736 768 786 813 τὸ
818 767 1095 817 Πανιώνιον,
1138 768 1425 827 πυνθάνομαι

160 850 339 910 γνώμην
367 851 531 894 Βίαντα
559 847 698 904 ἄνδρα
736 847 934 905 Πριηνέα
971 846 1267 901 ἀποδέξασθαι
1301 849 1421 896 Ἴωσι

1482 738 1674 771 um‚11t10nns
1684 749 1761 769 com-

1480 772 1562 798 muni
1599 773 1694 802 classe
1728 776 1759 803 iu

1480 804 1652 833 Sardiniam
1696 809 1758 835 abi-

1477 842 1564 865 rent:
1590 840 1670 867 aliud
1688 846 1760 869 ante

1477 879 1497 899 a
1507 871 1637 900 Thaiete
1645 873 1758 911 datum,

1480 907 1514 932 ut
1535 906 1649 933 curiam
1667 907 1757 936 habt-.-

158 928 510 990 χρησιμωτάτην·
536 932 592 986 τῇ
618 930 655 972 εἰ
683 928 932 980 ἐπείθοντο,
960 932 1136 983 παρεῖχε
1166 926 1223 972 ἄν
1252 939 1333 986 σφι
1356 928 1422 973 εὖ-
1480 942 1756 970 rentcommunem.

161 1010 408 1067 δαιμονέειν
439 1008 654 1065 Ἑλλήνων
692 1007 903 1064 μάλιστα·
961 1007 1012 1059 ὃς
1047 1007 1214 1051 ἐκέλευε
1249 1012 1424 1069 »κοινῷ
1436 1017 1480 1052 85

158 1088 331 1149 »στόλῳ
367 1087 523 1140 Ἴωνας
562 1085 798 1142 ἀερθέντας
841 1086 984 1131 πλέειν
1023 1085 1068 1138 ἐς
1104 1086 1293 1142 Σαρδώ,
1349 1088 1423 1133 καὶ

129 1169 337 1222 9,,ἕπειτα
365 1167 496 1211 πόλιν
523 1168 628 1223 μίαν
654 1168 812 1221 κτίζειν
839 1166 1018 1211 πάντων
1033 1164 1206 1210 Ἰώνων.
1242 1166 1318 1210 καὶ
1337 1165 1420 1211 οὕ-

157 1264 250 1301 ,,τω
279 1244 634 1303 ἀπαλλαχθέντας
672 1245 809 1303 σφέας
849 1245 1125 1303 δουλοσύνης
1162 1242 1421 1302 εὐδαιμονή-

156 1338 303 1381 ,,σειν,
333 1326 477 1384 νήσων
505 1342 550 1370 τε
579 1323 784 1371 ἁπασέων
810 1327 1013 1384 μεγίστην
1031 1323 1420 1383 νεμομένουςλκαὶ

154 1508 258 1553 οὕτω
278 1509 329 1563 δή
347 1507 394 1551 τό
417 1506 604 1562 δεύτερον
623 1506 748 1562 Ἰωνίη

97 1565 350 1619 ἐδεδούλωτο]
364 1568 506 1605 Primus
530 1568 624 1605 enim
634 1568 750 1606 Croe-

95 1640 155 1664 sus
174 1626 280 1664 Iones
308 1626 347 1662 in
376 1625 549 1662 ditionem
571 1637 673 1662 suam
690 1638 749 1662 re-

96 1683 270 1731 degerat,
298 1685 339 1718 ut
364 1693 473 1731 supra
497 1681 534 1727 I,
556 1683 593 1722 6.
619 1682 673 1722 28
695 1681 748 1718 le-

95 1739 221 1788 gimuS.
289 1737 414 1781 Quare
453 1736 747 1775 verisimillimum

96 1795 259 1841 videtur,
289 1794 389 1843 quod
410 1792 535 1830 Plehn.
556 1794 747 1831 contendit

94 1851 132 1888 in
149 1850 338 1888 Lesbiacc.
369 1849 459 1886 libro
479 1862 566 1900 pag.
595 1849 649 1891 55
684 1863 748 1888 eo-

94 1907 178 1944 dem
207 1906 316 1944 etiam
347 1909 514 1956 tempore
536 1904 681 1943 Lesbios
710 1906 748 1943 in

92 1962 283 2000 Persarum
312 1962 424 1999 fidem
451 1965 562 2012 atque
582 1966 748 2014 potesta-

92 2022 165 2058 tem
185 2032 224 2057 se
240 2018 462 2070 permisisse.

274 2159 306 2197 C
316 2172 338 2197 a
347 2173 383 2211 p.
412 2158 564 2198 CLXX.

143 2238 407 2295 πυνθάνομαι
416 2239 581 2296 γνώμην
594 2243 744 2283 Βίαντα

90 2295 427 2347 -οἷποδέξασθαι
440 2297 574 2351 Ἴωσι]
614 2300 673 2338 De
688 2300 744 2337 lo-

92 2357 234 2394 cutione
244 2351 407 2409 γνώμην
424 2352 742 2396 ἄποδείκνυσθαι

93 2425 122 2448 s.
133 2407 431 2463 ἆποφαίνεσθαι
443 2414 534 2462 (sent
539 2416 668 2451 entiam
680 2413 740 2450 de-

95 2467 246 2517 clarare,
276 2471 458 2520 exponere)
485 2470 598 2507 multa
617 2470 743 2508 citavi-

94 2535 191 2572 mus,
220 2538 313 2575 quae
355 2526 423 2564 huc
448 2527 610 2564 adhiberi
640 2526 743 2563 volu-

95 2592 174 2617 mus
186 2608 197 2628 ,
207 2581 254 2618 ad
271 2582 449 2620 Plutarch.
461 2582 632 2634 Pyrrh.p.
648 2584 742 2624 161.

100 2657 148 2663 -
171 2639 394 2677 κακοῦσθαι
421 2639 477 2677 hic
505 2643 581 2676 est:
608 2642 646 2676 in
669 2652 741 2676 ser-

96 2693 239 2729 vitutem
259 2694 393 2743 redigi,
430 2698 580 2732 notante
607 2695 743 2733 Siebel.

95 2747 146 2784 ad
161 2747 315 2787 Pausan.
334 2751 376 2799 l,
401 2750 428 2792 4
449 2750 486 2802 §.
512 2755 549 2798 1,
579 2752 640 2801 qui
658 2752 745 2788 scri-

97 2806 182 2853 ptor
199 2816 242 2841 ex
249 2805 429 2845 Herodoti
446 2808 645 2846 imitatione
663 2820 747 2847 sae-

98 2858 179 2909 pius
200 2872 283 2899 usus
300 2866 356 2900 est
369 2862 438 2900 hoe
451 2863 574 2902 verbo.

155 2913 284 2956 πλέειν
321 2917 361 2966 ἐς
389 2917 531 2973 Σαρδώ
563 2934 600 2960 κ.
629 2934 664 2960 τ.
692 2919 745 2972 L]

817 1511 927 1550 Conf.
946 1510 1124 1550 Nostrum
1143 1512 1190 1561 V,
1210 1515 1304 1555 106.
1333 1511 1387 1551 VI
1400 1541 1409 1559 ‚
1429 1515 1470 1554 2.

815 1566 869 1606 Ac
887 1569 1113 1620 vituperatur
1141 1567 1280 1607 Noster
1310 1582 1333 1607 a
1355 1569 1473 1608 Dahi-

814 1638 950 1663 manno
980 1625 1180 1675 (Herodot.
1201 1640 1239 1678 p.
1257 1626 1346 1674 55),
1367 1627 1469 1675 quod

814 1681 906 1718 miro
937 1695 1060 1720 errore
1087 1681 1210 1733 lapsus
1220 1700 1244 1730 ‚v
1260 1683 1470 1720 Sardiniam

814 1738 974 1775 omnium
993 1737 1191 1775 insularum
1209 1739 1401 1776 maximam
1413 1739 1471 1775 di-

814 1795 917 1831 xerit.
948 1795 1026 1832 Sed
1043 1794 1101 1832 hic
1117 1794 1265 1844 quidem
1275 1807 1350 1832 non
1364 1807 1468 1833 suam

813 1850 924 1901 ipsius
950 1850 1009 1888 ille
1025 1852 1137 1889 refert
1156 1851 1383 1899 sententiam,
1401 1864 1466 1889 ve-

814 1919 894 1944 rum
913 1907 1053 1944 Biantis
1075 1908 1122 1944 de
1140 1908 1312 1945 Sardinia
1331 1908 1381 1945 sic
1392 1907 1468 1945 exi-

814 1964 1015 2011 stimantis3
1043 1976 1111 2001 nec
1136 1963 1216 2014 ipse
1240 1963 1277 2000 in
1298 1964 1466 2001 Sardini-

814 2033 873 2058 am
893 2033 1008 2069 usque
1025 2020 1216 2070 pervenire
1228 2023 1383 2070 poterat,
1413 2024 1466 2068 ut,

814 2089 910 2126 quae
929 2076 1032 2113 istius
1048 2076 1164 2113 insula
1191 2076 1238 2113 sit
1265 2075 1466 2126 amplitudo

814 2137 852 2171 et
870 2132 1105 2182 magnitudo,
1120 2133 1345 2184 comperiret.
1363 2132 1468 2176 Qua-

810 2202 851 2227 re
879 2201 1107 2227 communem
1139 2193 1176 2227 et
1206 2202 1272 2226 suo
1302 2194 1468 2239 tempore

810 2245 994 2294 vulgatam
1020 2246 1068 2284 de
1094 2245 1164 2283 hac
1191 2244 1307 2282 insula
1329 2246 1466 2282 famam

810 2306 952 2340 secutus
976 2315 1057 2340 esse
1081 2301 1244 2348 videtur3
1275 2314 1348 2350 quo
1375 2301 1466 2339 faci-

809 2362 875 2396 unt
896 2359 1006 2396 etiam
1026 2371 1083 2405 ea,
1102 2371 1197 2408 quae
1217 2358 1264 2396 de
1278 2358 1345 2395 hac
1363 2357 1465 2394 insu-

809 2415 845 2452 la
866 2415 1029 2466 disputat
1047 2414 1252 2453 Heerenius
1284 2415 1322 2450 in
1350 2414 1466 2452 Ideen

808 2470 865 2519 II,
890 2474 910 2512 1
934 2473 1038 2522 p.69
1060 2484 1184 2521 seqq.,
1215 2470 1352 2521 quippe
1365 2470 1466 2520 prin-

811 2528 932 2578 cipem
976 2528 1054 2565 fere
1101 2526 1465 2575 Carthaginiensibus

809 2585 922 2622 fuisse
933 2583 1157 2634 provinciam
1177 2595 1389 2633 summoque
1410 2582 1468 2619 lo-

811 2653 853 2678 co
870 2640 1029 2677 habitam
1041 2668 1052 2688 ,
1082 2640 1198 2678 omnis
1217 2639 1387 2680 frumenti
1403 2652 1467 2676 co-

810 2697 872 2748 pia
903 2696 1174 2744 abundantem,
1202 2695 1349 2734 metalla
1377 2694 1467 2731 alia-

811 2766 885 2802 que
954 2751 1104 2802 largiter
1160 2752 1467 2803 suppeditantem.

813 2809 920 2853 Quae
960 2809 992 2846 si
1027 2809 1266 2859 perpenderis
1282 2836 1293 2855 ‚
1348 2807 1465 2844 minus

813 2869 912 2903 certe
945 2865 1160 2904 temeritatis
1179 2863 1355 2903 Nostrum
1367 2863 1467 2900 incu-

813 2921 922 2959 sabis.
