1759 3324
530 231 951 272 EUTERPE.
1007 232 1052 269 11.

26 360 90 404 33
146 347 303 403 „av’tcfi
338 344 686 399 κροκοδείλους.“

146 426 373 480 Ἐτεάρχου
417 421 546 478 λόγος
587 420 630 472 ἐς
664 420 794 464 τοῦτό
841 438 916 477 μοι
955 419 1246 476 δεδηλώσθω·

1330 234 1413 275 551

750 339 800 383 Ὁ
837 340 916 397 μὲν
957 340 1009 395 δή
1047 343 1129 384 τοῦ
1166 339 1411 397 Ἀμμωνίου
1470 341 1539 402 (1³¹¹.
1543 351 1558 369 ⁰
1585 343 1749 383 NiJUmv-

1581 384 1619 416 qu
1603 377 1631 403 ui
1657 379 1750 405 medi-

1303 421 1416 477 πλὴν
1427 416 1487 501 45Ξ]
1492 409 1634 469 mmAlsrAff
1604 418 1646 436 ¹³¹³
1633 419 1677 437 ¹¹¹
1700 420 1737 439 ‘³³

1615 444 1730 477 gittuinl
1714 454 1751 473 ne

1607 485 1645 510 qu
1648 486 1666 503 a
1691 478 1750 505 Da-

147 507 212 549 ὅτι
243 503 582 557 ,,οἷπονοστῆσαί
610 517 654 543 τε
685 500 847 556 ἔφασκε
877 517 982 551 τους
1010 502 1309 556 Νασαμῶνας,
1352 518 1412 551 ως
1470 518 1509 536 ιιιι
1505 479 1748 546 beii’sssuropam.

144 616 169 636 ‚,
180 585 224 626 οἱ
251 585 498 638 Κυρηναῖοι
528 581 699 635 ε’·λεγον

115 670 232 715 2,,το
276 660 566 715 ἀνθρώπους,
607 657 770 716 γόητας
814 657 929 704 εἶναι
969 659 1176 711 πάντας.“

752 581 826 623 καὶ
856 579 900 631 ἐς
931 579 1035 631 τοὺς
1074 574 1199 623 οὗτοι
1230 578 1415 624 ἀπίκον-

1239 660 1328 703 Τόν
1369 660 1415 705 δὲ

143 741 197 798 δή
226 740 427 798 ποταμόν
465 743 627 784 τοῦτον
656 738 732 783 τὸν
762 739 1063 795 παραῤῥέοντα
1093 739 1165 782 καὶ
1191 737 1416 795 Ἐτέαρχος

143 819 432 876 συνεβάλλετο
462 817 574 863 εἶναι
602 817 682 862 τὸν
710 821 900 862 Νεῖλον·
941 820 1014 863 καὶ
1045 817 1098 876 δὴ
1129 819 1202 863 καὶ
1233 816 1256 862 ὁ
1286 817 1472 875 λόγοςόο

142 899 258 945 οὕτω
289 900 435 955 αἱρέει.
470 899 556 956 ῥέει
584 897 668 954 γὰρ
700 898 747 941 ἐκ
777 897 947 956 Λιβύης
977 898 1000 943 ὁ
1032 901 1213 950 Νεῖλος,
1245 899 1317 942 καὶ
1338 898 1413 954 μέ-

112 986 228 1036 Βσην
265 978 442 1035 τάμνων
472 976 670 1034 Λιβύην·

733 978 807 1021 καὶ
849 977 932 1035 (ὦς
963 978 1045 1034 ἐγώ
1086 977 1414 1035 συμβάλλομαι,

139 1064 253 1103 τοῖσι
282 1058 492 1115 ἐμφανέσι
521 1056 575 1101 τοὶ
612 1058 669 1113 μή
705 1057 1009 1115 γινωσκόμενα
1041 1057 1412 1115 τεκμαιρόμενος)

109 1141 203 1196 4τῷ
221 1138 376 1197 Ἴστρῳ
407 1137 453 1182 ἐκ
482 1141 571 1181 τῶν
600 1139 710 1180 ἴσων
730 1136 901 1194 μέτρων
929 1135 1130 1194 ὁρμᾶται.

253 1371 286 1409 c
297 1382 318 1407 a
328 1383 366 1421 p.
394 1368 570 1408 xxxm.

138 1478 286 1537 γόητας
323 1478 429 1523 εἶναι
461 1478 642 1531 πάντας]
681 1483 743 1522 In-

83 1542 333 1578 cantationum
363 1543 400 1578 et
433 1541 563 1578 artium
580 1541 743 1590 magica-

83 1610 164 1634 rum
182 1597 479 1648 superstitionem
510 1611 578 1648 per
609 1602 739 1647 gentes

83 1653 248 1702 Africae,
279 1666 369 1702 quas
400 1652 507 1702 vulgo
541 1652 661 1702 Neget
688 1654 744 1691 di-

85 1710 220 1757 cimus,
251 1709 369 1746 adhuc
393 1709 500 1747 valde
523 1710 743 1748 celebratam

85 1779 168 1804 esse
196 1766 366 1803 observat
390 1766 594 1803 Heerenius
623 1766 696 1814 (ΙΙ,
723 1770 742 1808 1

83 1835 169 1872 pag.
194 1823 295 1871 199)
317 1835 360 1860 ex
371 1822 662 1872 Europaeorum,
681 1823 743 1873 qui

83 1878 165 1916 illuc
181 1891 403 1930 pervenere,
432 1879 635 1917 itinerariis.

141 1958 404 2013 συνεβάλλετο
428 1959 531 2002 εἶναι
557 1960 629 2003 τόν
650 1966 744 2003 Νεῖ-

83 2018 184 2070 λον]
214 2019 272 2057 De
303 2020 404 2058 verbi
442 2016 743 2071 συμβάλλεσθαι

85 2076 305 2114 coniectandi
331 2077 481 2114 notione
512 2078 665 2115 diximus
693 2078 742 2115 ad

83 2132 123 2180 l,
147 2135 212 2174 68.
279 2133 401 2171 Verba
429 2135 637 2183 sequentia:
673 2133 742 2173 καὶ

85 2187 137 2239 δή
168 2188 236 2228 καὶ
268 2188 290 2230 ὁ
318 2185 435 2242 λόγος
462 2186 567 2229 οὕτω
601 2191 741 2240 (vulgo

86 2242 241 2296 οὕτως)
282 2245 403 2298 αἱρέει
441 2252 593 2285 sonant:
633 2252 742 2298 atque

85 2304 190 2340 etiam
218 2306 313 2341 ratio
343 2306 395 2340 sic
425 2304 570 2352 suadet,
600 2309 639 2342 ut
665 2305 738 2342 scil.

84 2358 179 2397 hunc
198 2361 345 2398 fiuvium
365 2360 489 2398 Nilum
513 2375 593 2399 esse
611 2363 740 2399 creda-

85 2428 174 2452 mus.
230 2417 339 2454 Conf.
361 2418 400 2466 I,
422 2420 504 2460 132
528 2419 589 2455 fin.
617 2419 741 2467 ibique

85 2475 162 2508 not.
191 2471 249 2511 De
274 2474 355 2539 ipso
379 2479 595 2523 argumento
620 2476 668 2513 ad
690 2475 739 2523 ΙΙ,

86 2527 143 2569 32
157 2528 218 2566 fin.
234 2532 450 2568 monuimus.

143 2610 210 2680 1καὶ
229 2611 351 2665 μέσην
371 2611 535 2666 τάμνων
556 2610 738 2668 Λιβύην]

88 2665 157 2706 καὶ
172 2669 356 2709 deleverat
369 2671 604 2722 Wesselingii
624 2673 742 2710 moni-

90 2727 130 2760 tu
145 2723 311 2774 Reizius,
339 2729 459 2766 invitis
495 2728 606 2766 libris.
664 2729 741 2767 Re-

91 2780 282 2819 stituerunt
309 2784 673 2835 Schweighaeuserus
705 2789 743 2824 et

93 2835 332 2876 Gaisfordius.
390 2840 453 2878 Tu
489 2845 609 2880 verte:
650 2842 742 2889 „vel

93 2891 241 2930 mediam
264 2893 438 2934 dissecans
465 2896 659 2948 Libyam.“
686 2919 742 2926 —

1175 1136 1347 1194 Ἴστρος
1369 1153 1414 1182 τε

809 1368 869 1407 De
881 1372 1063 1406 structura
1071 1369 1172 1406 verbi
1183 1368 1470 1422 τεκμαίρεσθαι

808 1427 902 1463 conf.
930 1425 1060 1464 Matth.
1083 1423 1120 1477 ᾖ,
1136 1428 1232 1468 396.

866 1484 925 1536 τῷ
942 1480 1076 1536 Ἴστρῳ
1100 1481 1141 1522 ἐκ
1163 1485 1244 1522 τῶν
1275 1481 1374 1522 ἰ’σων
1402 1481 1467 1534 μέ-

808 1554 915 1589 τρων
953 1537 1144 1591 ὁρμᾶται]
1203 1540 1467 1590 interpretatus

812 1601 869 1634 est
896 1596 1283 1645 Schweighaeuserus:
1309 1597 1469 1647 paralle-

813 1653 884 1690 lum
903 1651 998 1689 Istro
1027 1665 1165 1691 cursum
1195 1653 1319 1697 habet;
1348 1654 1467 1690 minus

812 1709 943 1759 opinor
970 1714 1159 1757 accurate,
1190 1723 1269 1747 cum
1294 1709 1469 1747 Herodo-

811 1770 870 1803 tus
892 1779 965 1802 non
985 1769 1059 1802 tam
1091 1766 1138 1803 de
1162 1766 1350 1815 utriusque
1369 1766 1470 1803 fluvii

812 1835 918 1860 cursu
939 1834 1048 1872 quam
1069 1823 1116 1860 de
1133 1822 1294 1860 sontibus
1328 1823 1405 1860 sive
1421 1824 1469 1860 de

810 1879 891 1916 loco
906 1908 917 1927 ,
945 1880 1044 1916 unde
1069 1883 1221 1929 uterque
1239 1879 1370 1917 fluvius
1399 1879 1469 1916 ini-

811 1936 901 1973 tium
939 1936 1085 1986 capiat,
1143 1935 1243 1985 loqui
1292 1936 1468 1973 videatur.

771 2001 780 2013 ¹
810 1992 920 2030 Hunc
938 2005 1025 2029 vero
1052 1993 1207 2030 fontium
1234 1991 1353 2029 locum
1380 1993 1468 2029 utri-

811 2061 884 2099 que
911 2049 1020 2085 fluvio
1049 2061 1093 2086 ex
1116 2050 1290 2100 opposito
1316 2049 1467 2086 inveniri

810 2106 897 2144 dicit
919 2105 989 2142 hoc
1002 2106 1113 2143 modo
1127 2135 1137 2154 ‚
1167 2110 1208 2143 ut
1238 2106 1274 2141 in
1294 2105 1468 2143 meridio-

809 2162 883 2199 nali
913 2163 1011 2199 orbis
1040 2167 1217 2200 terrarum
1245 2166 1373 2212 parte,
1406 2162 1466 2199 ubi

809 2218 886 2256 Nili
914 2232 1039 2256 cursus
1068 2219 1236 2269 incipiat,
1267 2219 1403 2256 ibidem
1428 2219 1465 2256 in

811 2276 1086 2326 septentrionali
1108 2275 1200 2314 lster
1226 2276 1356 2312 fluvius
1379 2288 1467 2313 exo-

808 2334 931 2369 riatur.
962 2333 1198 2383 Quapropter
1218 2336 1362 2383 postea‚
1384 2332 1468 2369 lstri

808 2402 952 2427 cursum
976 2388 1061 2426 Nilo
1093 2389 1242 2427 similem
1264 2390 1468 2439 descriptu-

809 2459 892 2492 rus,
922 2446 1028 2483 addit
1049 2446 1207 2484 mediam
1225 2444 1324 2482 illum
1347 2446 1466 2482 disse«

810 2515 893 2540 care
905 2502 1115 2553 Europam,
1146 2507 1187 2540 ut
1215 2516 1237 2540 a
1259 2502 1346 2540 Nilo
1366 2502 1464 2539 Afri-

810 2571 889 2597 cam
915 2560 1027 2597 secari
1048 2559 1207 2597 mediam
1233 2572 1344 2610 supra
1369 2559 1465 2596 indi-

809 2620 968 2654 caverat.
1025 2615 1084 2654 De
1111 2629 1218 2653 cursu
1244 2615 1329 2652 Istri
1368 2616 1464 2653 conf.

807 2672 902 2710 infra
917 2672 981 2720 IV,
1000 2671 1065 2714 49.
1096 2672 1181 2710 Istri
1205 2685 1248 2709 ac
1267 2671 1343 2710 Nili
1362 2685 1462 2709 com-

806 2730 1034 2780 parationem
1060 2729 1221 2767 instituit
1248 2729 1357 2767 etiam
1386 2729 1464 2778 Op-

809 2784 909 2836 pian.
942 2785 1125 2835 Cyneget.
1163 2786 1218 2832 11,
1258 2787 1350 2826 138.
1409 2785 1469 2822 De

809 2841 898 2879 Istri
921 2842 1084 2879 fontibus
1112 2843 1305 2894 primarius
1345 2844 1467 2878 exstat

809 2897 961 2935 Pindari
996 2898 1096 2936 locus
1136 2899 1279 2949 Olymp.
1310 2897 1382 2944 Ill,
1411 2897 1465 2937 25
