1759 3324
361 249 446 288 6⁰2

753 249 1225 288 HERODOTI

361 357 434 401 καὶ
462 354 638 414 Ἱστίης.
671 358 744 400 καὶ
778 358 956 414 Θέμιος,
987 359 1059 402 καὶ
1092 360 1315 413 Χαρίτων,
1347 359 1420 402 καὶ
1449 362 1620 415 Νηρηΐ-

361 438 470 488 δων,
509 441 598 479 τῶν
641 436 782 480 ἄλλων
827 442 943 481 θεῶν
984 440 1261 493 Αἰγυπτίοισι
1311 440 1394 481 αἰεί
1431 454 1528 482 κοτε
1566 440 1620 482 τὰ

329 513 583 570 Βούνόματά
613 516 700 559 ἐστι
729 517 776 559 ἐν
805 521 856 573 τῇ
886 517 1016 573 χώρῃ.
1047 518 1155 572 λέγω
1186 519 1238 574 δὴ
1264 517 1316 561 τά
1339 519 1514 572 λέγουσι
1540 516 1618 561 αύ-
1631 526 1676 559 80

357 595 425 638 τοὶ
457 595 700 651 Αἰγύπτιοι.
739 599 829 637 τῶν
859 596 903 638 δὲ
934 595 990 639 οὔ
1019 608 1127 648 φασι
1155 601 1274 639 θεῶν
1304 596 1534 652 γινώσκειν
1562 595 1615 639 τοὶ

358 673 606 728 οὐνόματα,
652 668 776 716 οὗτοι
815 673 861 717 δέ
907 690 982 730 μοι
1021 673 1222 719 δοκέουσι
1260 675 1348 720 ὑπὸ
1381 678 1616 731 Πελασγῶν

298 881 382 907 roes
403 868 547 917 fingunt
575 867 733 904 humana
758 867 878 917 specie
899 871 956 905 at-

299 938 372 974 que
389 924 510 961 indole
529 924 730 974 praeditos,
748 923 859 972 longe
874 924 955 973 qui-

299 982 382 1019 dem
405 981 596 1018 discedere
617 981 662 1017 ab
683 979 875 1030 Aegyptiis
886 993 954 1017 nu-

297 1038 476 1083 minibus3
517 1050 673 1085 quorum
705 1041 828 1074 tamen
857 1050 951 1086 quae

296 1095 405 1132 fuerit
421 1094 473 1130 vis
496 1106 538 1131 ac
556 1094 682 1140 notio,
711 1093 750 1130 in
773 1093 951 1131 humanae

297 1151 448 1199 originis
493 1150 644 1196 heroes,
699 1149 823 1198 quales
867 1154 951 1186 sunt

297 1205 557 1256 Tyndaridae,
597 1218 677 1244 eam
701 1207 813 1243 fuisse
845 1210 951 1256 post-

295 1264 408 1301 modo
440 1262 665 1300 translatam.
743 1261 949 1313 Aegyptios

296 1321 393 1359 enim
410 1319 573 1357 novimus
607 1319 735 1357 heroes
754 1319 949 1367 agnovisse

294 1382 405 1426 atque
415 1376 567 1414 coluisse
578 1375 706 1412 nullos.
736 1375 821 1412 Vid.
833 1376 949 1413 Creu-

295 1446 370 1470 zer.
388 1432 552 1482 Symbol.
574 1431 606 1468 II
631 1445 666 1482 p.
679 1431 761 1472 334
776 1445 867 1481 seq.,
885 1433 948 1481 qui

293 1489 329 1528 h.
348 1489 370 1526 l.
390 1490 493 1527 addit
513 1489 556 1526 C.
580 1488 626 1524 O.
643 1488 786 1526 Miiller.
808 1488 948 1525 Orcho-

290 1559 388 1585 men.
417 1559 503 1596 pag.
535 1544 617 1585 450
646 1558 721 1594 seq.
760 1545 839 1582 coll.
863 1546 945 1587 459

292 1607 370 1641 not.
400 1602 434 1640 Is
455 1602 550 1640 enim
568 1601 654 1637 nihil
673 1613 831 1650 unquam
843 1602 948 1650 quid-

293 1672 404 1709 quam
440 1657 626 1696 Dioscuris
673 1671 755 1694 cum
803 1658 946 1695 Cabiris

291 1715 485 1765 Aegyptiis
507 1726 697 1752 commune
724 1715 837 1752 fuisse
859 1728 947 1752 con-

291 1772 431 1818 tendit,
462 1784 542 1809 cum
561 1769 732 1807 Dioscuri
758 1772 807 1809 ad
829 1771 947 1810 Grae-

291 1828 383 1866 ciam
403 1827 507 1866 unice
527 1827 749 1878 pertineant.

345 1938 414 1979 καὶ
428 1936 580 1992 ιἽἾρης,
609 1937 678 1978 καὶ
693 1937 848 1988 Ἱστίης,
877 1937 946 1977 καὶ

292 1994 436 2046 Θέμιος
463 2012 498 2035 κ.
529 2011 561 2035 τ.
587 1994 643 2046 L]
682 1995 813 2033 Iunoni
842 1996 944 2044 quod

287 2051 551 2103 Aegyptiacam
588 2053 766 2101 originem
804 2050 944 2088 Noster

289 2109 475 2157 denegat,
512 2108 642 2145 mirum
677 2107 791 2144 videri
819 2112 942 2156 queat,

288 2177 371 2201 cum
389 2164 565 2202 Iunonem
589 2163 853 2213 Aegyptiacam
883 2163 943 2200 alii

289 2221 482 2271 scriptores
501 2224 565 2257 aut
583 2220 717 2257 diserte
737 2223 942 2257 memorent

287 2281 351 2314 aut
369 2280 468 2314 certe
495 2276 572 2313 aliis
599 2276 738 2313 deabus
761 2274 858 2311 illam
876 2287 939 2311 ae-

287 2336 413 2382 quent.
470 2331 604 2381 Neque
637 2331 784 2368 omnino
812 2331 940 2379 negari

286 2388 445 2440 poterit,
481 2387 581 2425 haud
607 2400 722 2438 pauca
757 2400 861 2434 esse,
900 2386 939 2423 in

286 2445 418 2495 quibus
432 2443 562 2481 Iunoni
578 2444 742 2482 Graecae
765 2455 846 2480 cum
871 2442 939 2479 Isi-

285 2501 335 2539 de
351 2499 533 2551 Aegyptia
554 2500 767 2546 conveniat3
797 2499 863 2537 sed
881 2499 938 2535 in-

285 2557 480 2595 veniuntur
523 2556 614 2604 alia,
659 2568 754 2606 quae
791 2554 937 2593 aliunde

284 2612 380 2651 hanc
397 2613 506 2651 deam
524 2613 573 2650 ad
581 2612 774 2650 Graeciam
791 2611 937 2648 allatam

284 2669 399 2707 fuisse
414 2668 520 2707 nobis
535 2669 793 2720 persuadeant.
833 2667 936 2705 Sami

285 2725 384 2764 enim
409 2726 458 2763 ad
478 2724 654 2773 insulam,
682 2724 746 2762 ubi
762 2723 940 2774 antiquis-

285 2781 419 2820 simum
436 2780 509 2819 fuit
519 2781 668 2819 Iunoni-s
678 2780 853 2831 templum
870 2792 938 2831 per

285 2849 432 2876 omnem
461 2837 678 2884 Graeciam,
710 2836 818 2874 huius
845 2836 939 2877 deae

285 2893 424 2932 cultum
442 2906 466 2933 e
488 2893 737 2945 superioribus
753 2892 866 2932 Asiae
880 2904 940 2933 re-

1022 868 1192 917 gionibus
1215 881 1296 906 esse
1314 868 1505 906 advectum
1517 869 1592 907 veri
1605 870 1672 907 ad-

1020 926 1171 962 modum
1192 930 1247 962 est
1269 924 1395 971 simile,
1407 930 1447 962 ut
1457 926 1541 964 inde
1552 926 1671 964 Grae-

1020 994 1140 1018 corum
1154 981 1244 1018 Iuno
1265 981 1307 1018 iis
1324 982 1529 1019 numinibus
1546 994 1672 1019 accen-

1021 1038 1091 1075 seri
1127 1037 1282 1084 debeat,
1320 1050 1415 1086 quae
1455 1038 1560 1075 variis
1604 1039 1670 1076 sub

1017 1094 1223 1130 nominibus
1244 1095 1426 1143 variisque
1443 1095 1479 1131 in
1498 1094 1585 1132 locis
1604 1107 1672 1145 per

1017 1149 1128 1187 Asiae
1145 1150 1314 1198 regiones
1337 1150 1433 1187 culta
1461 1151 1574 1188 fuisse
1598 1151 1669 1188 iam

1020 1219 1132 1256 supra
1172 1207 1376 1243 monuimus
1414 1208 1463 1244 ad
1492 1207 1530 1255 I,
1575 1209 1669 1248 131.

1017 1262 1128 1299 Plura
1149 1262 1279 1300 Creuz.
1299 1263 1474 1312 inSymb.
1490 1264 1524 1300 II
1536 1277 1571 1313 p.
1585 1264 1666 1305 549

1017 1332 1121 1368 seqq.
1141 1321 1223 1361 563
1237 1348 1248 1366 ,
1278 1319 1340 1368 qui
1364 1332 1459 1357 nunc
1488 1320 1592 1358 addit
1609 1320 1670 1357 In-

1016 1375 1169 1425 ghirami
1186 1375 1414 1413 Monumenti
1438 1375 1604 1413 Etruschi
1619 1377 1668 1414 ad

1015 1431 1126 1469 tabul.
1155 1432 1190 1469 X
1228 1431 1326 1481 degli
1357 1432 1502 1482 specchi
1536 1433 1666 1470 mistici

1014 1501 1100 1540 pag.
1121 1488 1214 1530 234.
1272 1488 1329 1525 Ex
1353 1489 1481 1526 iisdem
1503 1490 1581 1527 fere
1606 1503 1667 1526 su-

1014 1545 1166 1595 perioris
1214 1544 1325 1582 Asiae
1374 1545 1584 1593 regionibus
1628 1545 1666 1582 in

1015 1602 1206 1639 Graeciam
1239 1601 1360 1638 Vestae
1391 1601 1506 1638 cultus
1535 1615 1665 1652 perve-

1013 1658 1112 1695 nisse
1152 1659 1314 1704 videtur,
1346 1659 1477 1695 eodem
1509 1658 1664 1696 docente

1014 1714 1146 1751 Creuz.
1173 1714 1196 1751 l.
1227 1713 1250 1750 l.
1291 1726 1376 1763 pag.
1400 1715 1493 1755 623.
1552 1714 1666 1758 Quod

1014 1771 1063 1807 ad
1085 1770 1241 1820 reliquas
1268 1770 1357 1807 deas
1387 1771 1541 1818 attinet,
1569 1783 1665 1820 quae

1013 1827 1049 1864 h.
1069 1826 1092 1863 l.
1111 1831 1456 1874 commemorantur,
1484 1826 1584 1864 nulla
1603 1839 1665 1865 ea-

1013 1896 1094 1920 rum
1109 1883 1265 1932 vestigia
1283 1896 1362 1920 cum
1381 1884 1604 1933 reperiantur
1627 1883 1667 1920 in

1015 1939 1278 1990 Aegyptiorum
1294 1938 1526 1988 religionibus
1537 1968 1547 1987 ,
1565 1939 1664 1976 haud

1012 1997 1086 2033 scio
1110 2009 1158 2033 an
1173 1996 1304 2033 iisdem
1325 2008 1370 2033 ex
1394 1996 1601 2045 regionibus
1621 1995 1664 2032 il-

1008 2052 1062 2089 las
1086 2052 1123 2089 in
1151 2052 1344 2089 Graeciam
1372 2052 1548 2089 deductas
1579 2065 1663 2090 esse

1011 2112 1172 2146 statuere
1203 2107 1318 2146 liceat.
1376 2109 1453 2146 Sed
1487 2108 1599 2145 nolim
1623 2109 1661 2146 in

1008 2178 1049 2202 re
1064 2169 1141 2202 tam
1160 2164 1314 2202 obscura
1337 2165 1536 2213 quidquam
1559 2177 1661 2202 asse·

1007 2233 1100 2258 rere.
1156 2220 1215 2257 De
1237 2220 1375 2256 Gratiis
1404 2219 1519 2258 multa
1543 2220 1660 2258 disse-

1006 2276 1079 2313 ruit
1101 2275 1144 2312 C.
1159 2275 1205 2313 Ο.
1227 2275 1368 2313 Miiller.
1386 2275 1424 2312 in
1439 2276 1660 2314 Orchomen.

1005 2345 1042 2382 p.
1066 2334 1166 2377 1773
1198 2331 1268 2368 alia
1294 2333 1373 2382 ipse
1393 2330 1500 2382 posui
1523 2333 1560 2369 in
1581 2332 1659 2370 An-

1005 2387 1090 2425 nall.
1103 2387 1366 2437 Heidelbergg.
1391 2389 1498 2430 1821
1526 2401 1582 2426 111·-
1602 2391 1658 2431 60

1004 2456 1090 2494 pag.
1110 2444 1213 2490 947,
1247 2444 1286 2480 in
1313 2444 1444 2493 quibus
1471 2457 1568 2483 nunc
1595 2458 1658 2483 ac-

1003 2500 1190 2548 quiescere
1207 2499 1339 2536 malim.
1351 2521 1408 2527 —
1426 2499 1487 2538 Ad
1501 2502 1658 2540 formam

1006 2554 1150 2606 Θέμιος
1172 2556 1267 2593 conf.
1293 2555 1473 2595 Matthiae
1493 2558 1560 2597 Gr.
1587 2558 1655 2596 Gr.

1000 2625 1039 2664 p.
1063 2611 1144 2654 158
1171 2615 1250 2649 not.
1268 2613 1305 2654 1.

1059 2717 1172 2764 οὗτοι
1197 2721 1250 2764 δέ
1270 2739 1340 2776 μοι
1357 2721 1542 2765 δοκέουσι
1559 2739 1597 2765 κ.
1617 2737 1653 2765 τ.
1727 2744 1748 2771 ,τ

1003 2777 1055 2832 λ.]
1081 2779 1276 2830 Repetitur
1297 2778 1363 2827 δέ,
1378 2781 1441 2819 ubi
1457 2781 1530 2820 iam
1545 2793 1656 2833 prae-

1003 2836 1112 2875 cessit
1129 2837 1211 2875 τῶν
1232 2833 1283 2876 δὲ
1313 2833 1364 2876 οὕ
1393 2849 1496 2887 φασι
1517 2852 1556 2878 κ.
1569 2839 1666 2886 ul..

1004 2891 1115 2932 Conf.
1131 2890 1266 2932 Matth.
1287 2905 1375 2945 pag.
1393 2895 1515 2936 1263.
