1777 3333
503 245 930 288 EUTERPE.
984 246 1030 283 11.

1309 246 1394 285 779

123 364 264 407 λίθων
290 361 460 417 ἔφασαν
487 356 568 414 τήν
589 356 817 412 πυραμίδα
839 355 1215 409 οἰκοδομηθῆναι,
1244 352 1326 409 τὴν
1345 352 1394 395 ἐν

124 441 239 499 μέσῳ
268 445 356 483 τῶν
391 442 526 494 τριῶν
556 437 810 493 ἑστηκυῖαν,
854 434 1076 491 ἔμπροσθε
1105 436 1180 489 τῆς
1209 431 1397 488 μεγάλης

125 521 389 575 πυραμίδος·
446 520 521 573 τῆς
561 517 649 560 ἐστι
687 514 738 559 τό
784 518 929 558 κῶλον
968 513 1152 557 ἕκαστον
1184 511 1292 555 ὅλου
1323 513 1396 555 καὶ

0 577 100 687 [127
123 599 301 657 ἡμίσεος
336 597 546 652 πλέθρου.
606 599 876 639 Βασιλεῦσαι
914 594 961 637 δὲ
998 593 1077 636 τὸν
1105 591 1256 635 Χέοπα
1286 599 1390 635 τοῦ-

125 694 198 723 τον
227 676 462 734 Αἰγύπτιοι
492 676 641 731 ἔλεγον
666 674 938 731 πεντήκοντα
961 672 1075 716 ἔτεα·
1106 671 1445 727 τελευτῆσαν-50

121 774 196 809 τος
227 757 273 801 δὲ
302 755 490 808 τούτου,
522 756 778 808 ἐκδέξασθαι
806 753 886 810 τὴν
916 754 1148 809 βασιληίην
1165 750 1243 794 τὸν
1266 749 1394 795 οέδελ-

93 836 237 894 Ξφεόν
266 835 405 880 αὐτοῦ
426 840 659 893 Χεφρῆνα,
690 834 765 879 καὶ
794 837 956 878 τοῦτον
986 833 1032 876 δὲ
1062 835 1122 891 τῷ
1144 830 1261 889 αὐτῷ
1288 830 1393 888 τρό-

65 1046 259 1084 struendas.
339 1046 508 1090 Quorum
555 1049 724 1083 neutrum

65 1104 150 1141 mihi
168 1104 364 1154 probatur,
405 1102 504 1139 libris
525 1102 723 1152 praecipue

65 1160 346 1209 refragantibus.
394 1159 520 1195 Malim
545 1159 722 1209 interpre-

64 1218 156 1254 tari:
184 1219 222 1253 in
240 1219 316 1266 ipso
337 1229 444 1266 opere,
476 1215 566 1266 quod
587 1215 723 1253 scilicet

61 1273 219 1325 parabat
242 1276 379 1320 animo,
405 1272 633 1322 pyramidum
662 1285 725 1309 ex-

65 1330 320 1368 struendarum.
388 1331 547 1378 Stegero
578 1329 721 1379 (praef.

65 1388 113 1425 ad
135 1388 275 1425 Herod.
294 1400 380 1437 pag.
396 1387 484 1430 ΧΠ)
504 1386 541 1423 in
563 1391 724 1423 mentem

64 1444 179 1482 venit:
218 1440 321 1490 ὅκως
346 1439 396 1482 ἂν
429 1437 533 1497 αὐτῇ
568 1442 637 1481 ἕνα
667 1442 724 1481 λί-

66 1504 147 1540 θον
168 1496 226 1540 ὂῖν
248 1504 352 1539 τοῖσι
371 1499 515 1553 ἔργοισι
537 1498 723 1551 δωρέοιτο

67 1559 191 1605 „dass
220 1571 259 1596 er
285 1557 342 1593 ihr
362 1563 454 1595 etwa
485 1558 592 1594 einen
617 1557 723 1594 Stein

65 1617 125 1652 fiir
152 1615 213 1652 die
234 1615 377 1651 Bauten
397 1614 581 1651 schenken
602 1614 724 1650 mlich-

66 1672 154 1717 te,“
183 1671 240 1708 vel
265 1671 395 1708 etiam:
438 1667 541 1716 ὅκως
575 1667 626 1708 ἂν
653 1665 725 1708 ccv’-

66 1730 116 1780 τῇ
138 1726 208 1766 ἕνα
229 1727 348 1766 λίθον
370 1726 447 1766 ἐπὶ
478 1732 579 1765 τοῖσι
601 1725 724 1778 ἔργοι-

69 1796 108 1823 σι
129 1784 197 1831 (αά
217 1796 319 1836 opera
347 1784 575 1833 exstruenda)
607 1781 725 1836 δωρέ-

69 1856 165 1881 οιτο.

126 1952 200 2006 τήν
219 1953 261 1995 ἒν
274 1952 379 2008 μέσῳ
393 1955 475 1993 ταῖν
486 1955 606 2006 τριῶν
619 1950 726 2003 ἕστη-

67 2015 207 2060 κυῖαν,
238 2011 443 2062 ἔμπροσθε
464 2013 536 2062 τῆς
553 2005 727 2061 μεγάλης

66 2067 312 2121 πυραμίδος]
334 2068 427 2105 Tres
442 2068 649 2119 pyramides
672 2068 727 2103 di-

67 2127 117 2164 cit
149 2126 228 2163 illas
268 2126 420 2163 maiores
458 2126 558 2175 apud
588 2124 727 2161 Gizeh:

69 2195 179 2221 unam
199 2195 222 2219 a
244 2183 396 2232 Cheope
420 2185 654 2228 exstructam,
675 2180 727 2217 al-

67 2244 183 2278 teram
215 2252 237 2276 a
263 2239 484 2289 Chepbrene
514 2239 625 2275 fratre
654 2237 727 2285 (ll,

71 2298 185 2345 127),
214 2296 360 2333 tertiam
388 2308 409 2332 a
431 2295 623 2345 Mycerino
652 2294 727 2343 (ΙΙ,

72 2352 173 2401 134)
200 2354 417 2390 confectam.
475 2352 631 2389 Parvam
663 2364 729 2388 au-

70 2413 144 2446 tem
175 2410 399 2459 pyramidem
420 2438 432 2457 ,
482 2421 592 2458 quam
628 2408 727 2456 regis

71 2464 146 2501 filia
169 2466 380 2504 aedificasse
412 2467 547 2513 fertur,
579 2469 728 2504 centum

73 2521 334 2571 quinquaginta
353 2523 469 2574 pedes
498 2522 607 2559 latam
637 2534 730 2571 qua-

74 2589 294 2626 quaversus,
323 2579 452 2628 Zoega
484 2579 507 2616 l.
535 2578 558 2616 l.
587 2593 625 2630 p.
644 2579 728 2620 389

73 2646 141 2683 pro
158 2646 200 2672 ea
214 2635 338 2682 habet,
359 2648 468 2686 quam
488 2637 582 2673 inter
601 2635 728 2685 sphin-

76 2702 159 2737 gem
195 2695 232 2728 et
267 2692 460 2730 maximam
497 2692 728 2743 pyramidem

76 2746 484 2786 observaruntNorden.
499 2754 535 2786 et
547 2748 727 2785 Pococke.

77 2802 186 2839 conf.
205 2803 290 2840 ibid.
321 2804 518 2854 pag.411.
545 2804 640 2846 412.
671 2825 729 2831 —

76 2859 209 2897 κῶλον
230 2864 285 2897 est
302 2859 411 2908 latus,
429 2865 472 2898 ut
486 2860 551 2909 IV,
567 2863 633 2903 62.
650 2861 728 2902 108

80 2918 149 2952 etc.

963 1043 995 1080 c
1010 1054 1031 1078 a
1041 1055 1078 1092 p.
1110 1041 1298 1080 cxxvn.

847 1124 914 1167 τὸν
936 1122 1130 1176 α’δελφεὸν
1143 1122 1273 1165 αὐτοῦ
1289 1128 1452 1178 Χεφρῆ-

790 1183 856 1236 να]
889 1185 1073 1233 Congruit
1094 1197 1172 1221 cum
1188 1183 1286 1221 hisce
1298 1183 1453 1221 Diodori

790 1241 952 1278 narratio
964 1270 975 1288 ‚
1005 1240 1067 1289 qui
1084 1240 1153 1277 hoc
1173 1245 1364 1290 praeterea
1381 1241 1450 1278 ad-

792 1299 846 1336 dit
868 1299 922 1345 (1,
941 1298 1029 1345 64),
1060 1310 1142 1334 esse
1166 1297 1346 1346 quosdam
1360 1326 1370 1344 ‚
1391 1297 1453 1346 qui

791 1369 866 1391 non
888 1356 1057 1401 fratrem,
1091 1354 1156 1391 sed
1175 1353 1284 1390 filium
1306 1355 1454 1391 nomine

793 1412 991 1460 Chabryim
1010 1423 1162 1460 regnum
1183 1410 1365 1460 accepisse
1379 1416 1455 1447 tra-

793 1469 893 1505 dant.
922 1469 978 1505 Ex
1000 1467 1176 1505 Larcheri
1196 1466 1343 1504 calculis
1358 1467 1458 1504 Che-

792 1526 909 1577 phren
942 1537 1097 1574 regnare
1125 1524 1247 1574 coepit
1275 1537 1307 1560 a.
1345 1525 1455 1564 1128

793 1587 879 1619 ante
895 1582 981 1619 Chr.
999 1594 1033 1618 n.
1059 1582 1154 1627 (tab.
1177 1580 1336 1618 chronol.
1349 1580 1456 1618 t.le

793 1652 878 1688 pag.
901 1641 966 1680 90.
988 1640 1104 1686 586).
1145 1637 1395 1686 „Guigniaut.
1418 1637 1456 1674 in

793 1695 1010 1745 biographie
1028 1694 1243 1732 universelle
1269 1699 1294 1731 t.
1316 1693 1457 1731 XLVII

794 1766 830 1803 p.
846 1752 927 1793 152
952 1752 1075 1788 scribit
1091 1752 1138 1788 ad
1156 1751 1189 1787 h.
1209 1751 1231 1787 l.
1256 1751 1322 1788 ita:
1345 1750 1456 1788 Cette

800 1810 950 1859 opinion
972 1821 1033 1845 sur
1055 1808 1106 1845 les
1131 1812 1278 1845 auteurs
1300 1809 1364 1844 des
1387 1820 1457 1857 py-

798 1866 956 1903 ramides
993 1864 1143 1902 s'ecarte
1174 1865 1362 1913 beaucoup
1387 1893 1398 1911 ,
1432 1863 1456 1900 il

799 1927 856 1960 est
874 1923 972 1969 vrai‚
1004 1922 1050 1959 de
1070 1921 1243 1971 l’opinion
1266 1919 1457 1969 generale-

795 1984 895 2017 ntent
925 1979 1105 2028 adoptee,
1138 1978 1282 2028 d’apres
1310 1977 1345 2014 la
1364 1977 1458 2013 dou-

794 2036 854 2074 ble
884 2036 1042 2072 autorite
1069 2035 1308 2072 d'Herodote
1339 2038 1376 2071 et
1409 2034 1457 2071 de

793 2093 960 2132 Diodore
980 2096 1017 2129 et
1035 2092 1097 2141 qui
1115 2091 1271 2128 attribue
1292 2090 1344 2128 les
1365 2091 1456 2127 trois

794 2148 1013 2202 principales
1025 2161 1095 2185 aux
1116 2148 1204 2184 trois
1223 2148 1295 2184 rois
1310 2147 1456 2197 Clae'ops,

797 2206 976 2256 Clee'phren
1003 2210 1043 2243 et
1073 2204 1122 2242 M
1120 2206 1286 2256 yce'rz'nus
1314 2217 1395 2241 vers
1422 2204 1457 2242 le

797 2265 988 2301 douzieme
1007 2276 1054 2299 ou
1079 2262 1112 2300 le
1141 2262 1327 2299 treizieme
1350 2261 1458 2299 siecle

797 2326 906 2359 avant
935 2322 1042 2357 mitre
1073 2320 1145 2357 ere.
1218 2318 1314 2355 Mais
1355 2317 1458 2355 selon

797 2382 901 2415 toute
936 2389 1142 2427 apparence
1177 2389 1237 2413 ces
1265 2375 1353 2412 trois
1381 2375 1455 2411 rois

797 2448 844 2472 ne
883 2439 967 2471 sont
1010 2446 1079 2470 eux
1098 2454 1116 2460 -
1134 2433 1269 2469 memes
1301 2445 1373 2481 que
1402 2431 1455 2468 les

798 2492 895 2529 deux
918 2489 1074 2540 Souphz‘s
1096 2493 1132 2527 et
1149 2489 1182 2527 le
1192 2488 1397 2526 Menckerczs
1409 2487 1457 2525 de

797 2548 1002 2586 Manethon
1026 2576 1038 2594 ‚
1077 2559 1215 2584 connus
1251 2545 1463 2594 egalement

797 2603 1081 2642 d'Eratosthene
1119 2602 1237 2653 parmi
1279 2602 1332 2639 les
1376 2614 1462 2651 pre-

797 2663 907 2699 miers
941 2660 1153 2698 souverains
1187 2660 1235 2697 de
1262 2658 1459 2708 l'Egypte‚

797 2723 836 2756 et
855 2717 1023 2768 delplace's
1045 2729 1114 2768 par
1129 2729 1199 2754 une
1211 2728 1336 2754 erreur
1355 2715 1461 2752 chro-

797 2774 1037 2824 nologique.¹‘
1070 2772 1136 2811 Cr.

854 2857 923 2897 καὶ
943 2861 1086 2897 τοῦτον
1106 2879 1163 2886 ——
1180 2859 1236 2911 τῷ
1268 2855 1403 2910 ἑτέρῳ]
1436 2869 1458 2892 ι.

799 2930 832 2955 e.
854 2916 951 2953 hunc
973 2915 1105 2953 eodem
1123 2915 1235 2953 modo
1246 2927 1354 2951 usum
1366 2925 1459 2958 esse,

1450 582 1622 618 Chephren‚
1645 584 1681 610 ub
1701 593 1729 613 a.

1448 617 1514 643 1132
1533 617 1570 643 ad
1594 617 1667 650 1076,
1680 618 1728 645 iti-

1448 650 1516 690 dem⁸
1559 651 1726 685 improbus:

1449 689 1567 711 ternam
1601 685 1730 718 pyrami*

1447 718 1513 746 dem
1545 718 1730 747 aedificavit.
