1768 3315
362 273 446 312 272
757 269 1227 311 HERODOTI

367 397 431 426 ων
465 380 510 433 ἐς
549 380 601 424 τὰ
640 381 769 425 οἰκία.
826 379 1060 437 παρελθών
1102 381 1149 425 δὲ
1188 382 1341 437 ἔφραζε
1369 383 1424 438 τῇ
1454 380 1652 425 ἓωυτοῦι

361 461 537 518 γυναικὶ
562 461 639 504 τὸν
668 461 810 505 πάντα
837 459 1091 516 Ἀστυάγεος
1121 461 1312 517 ῥηθέντα
1341 458 1484 515 λόγον.
1520 457 1548 516 ἡ
1580 459 1627 503 δὲ

334 540 477 597 Ξπρὸς
514 538 650 584 αὐτόν
687 541 819 596 λέγει·
878 573 903 592 ,,
918 543 1019 582 Νῦν
1060 533 1125 583 ὦν
1161 541 1203 583 τί
1244 551 1315 582 σοι
1343 538 1389 582 ἐν
1417 535 1507 596 νόῳ
1537 537 1628 581 ἐστὶ

363 621 615 672 ,,ποιὲειν;“
668 616 723 660 Ὃ
763 619 808 662 δὲ
846 617 1081 675 ἀμείβεται·
1140 617 1272 671 ,,Οὐκ
1313 612 1341 675 ᾗ
1384 617 1625 660 ἐνετέλλετο

362 696 654 752 ,,Ἀστυάγης·
688 694 790 740 οὐδ’
823 698 859 739 εἰ
885 697 1220 753 παραφρονήσει
1249 713 1293 741 τε
1322 698 1395 741 καὶ
1426 691 1669 753 μανεῖται5’

362 810 386 828 ,,
399 776 554 821 κάκιον
579 775 608 831 ἢ
636 779 720 818 νῦν
748 776 967 830 μαίνεται,
998 773 1053 818 οὔ
1083 777 1127 818 οἱ
1156 776 1287 831 ἔγωγε
1315 774 1627 832 προσθήσομαι

362 858 451 912 ,,τῇ
480 852 653 910 γνώμῃ,
707 851 810 896 οὐδὲ
847 852 891 903 ἐς
932 851 1077 908 φόνον
1115 857 1318 897 τοιοῦτον
1353 850 1625 910 ὑπηρετήσὼ.

333 940 392 987 3,,
405 936 581 977 πολλῶν
613 932 659 975 δὲ
689 933 833 976 εἵνεκα
874 930 928 976 οὐ
971 930 1175 987 φονεύσω
1204 947 1301 989 μιν·
1351 932 1426 976 καὶ
1455 932 1523 976 ὅτι
1552 931 1627 977 αὖ·

360 1016 456 1069 ,,τῷ
486 1028 560 1068 μοι
591 1010 801 1068 συγγενής
836 1010 953 1054 ἐστιν
981 1008 1005 1054 ὁ
1034 1016 1156 1064 παῖς,
1196 1012 1272 1055 καὶ
1301 1010 1367 1054 ὅτι
1392 1009 1629 1067 Ἀστυάγης

334 1095 394 1144 4,,
406 1091 486 1148 μέν
514 1090 601 1134 ἐστι
629 1088 796 1147 γέρων,
846 1091 918 1135 καὶ
948 1089 1078 1142 ἅπαις
1109 1091 1281 1146 ἔρσενος
1308 1088 1460 1146 γόνου.
1515 1091 1552 1134 εἰ
1581 1091 1629 1135 δὲ

360 1169 596 1227 ,,θελη’σει,
642 1169 804 1214 τούτου
833 1169 1188 1227 τελευτήσαντος,
1227 1170 1270 1222 ἐς
1296 1169 1379 1227 τήν
1406 1169 1628 1226 θυγατέρα
1641 1177 1685 1211 10

362 1249 560 1307 ,,ταύτην
596 1249 816 1307 ἀναβῆναι
854 1248 882 1308 ἡ
923 1250 1156 1307 τυραννὶς,
1212 1243 1263 1306 ἧς
1298 1252 1384 1293 νῦν
1420 1249 1498 1294 τὸν
1525 1248 1627 1294 υἱόν
1765 1237 1768 1301 3

303 1456 724 1509 Actt.philoll.Monacc.
745 1457 781 1505 I,
798 1460 818 1499 1
842 1457 957 1510 p.75,

305 1515 479 1564 equidem
508 1528 584 1552 non
606 1515 799 1565 perspicio.
857 1514 959 1552 Lon-

285 1584 373 1620 ¹gus
403 1575 459 1609 est
484 1571 554 1608 hoe
578 1571 657 1608 loco
680 1571 961 1620 Schweighaeu-

304 1641 431 1675 serus,
462 1640 534 1676 quo
556 1628 803 1674 demonstret,
833 1628 879 1664 ad
901 1640 960 1664 ar-

303 1683 447 1721 ticulum
466 1681 542 1734 τήν
568 1683 844 1732 intelligendum
876 1697 959 1721 esse

304 1737 448 1791 στολην
479 1747 518 1777 ut
540 1739 695 1778 Aemilio
724 1740 835 1777 Porto
874 1740 959 1777 olim

303 1797 419 1834 visum
448 1802 545 1844 erat,
575 1802 639 1834 aut
663 1797 784 1846 potius
810 1790 958 1847 κόσμη-

304 1865 387 1900 σιν,
426 1852 570 1902 aliaque
601 1853 710 1889 affert
738 1853 857 1900 idem,
896 1853 957 1889 ubi

303 1910 350 1946 ad
369 1909 555 1946 articulum
576 1922 709 1946 nomen
737 1922 780 1946 ex
798 1913 956 1957 cognato

302 1966 412 2002 verbo
425 1994 436 2013 ,
456 1966 558 2014 quod
575 1966 611 2001 in
632 1965 796 2015 proximo
817 1966 877 2012 sit,
898 1978 956 2002 re-

301 2022 502 2071 petendum
530 2021 589 2058 sit.
648 2020 754 2064 Quae
772 2034 850 2057 cum
870 2033 957 2070 par-

301 2077 367 2113 tim
385 2077 501 2114 aliena
520 2077 593 2113 sint
610 2089 633 2113 a
651 2080 778 2112 nostro
798 2076 891 2123 loco,
912 2089 955 2113 ea

301 2145 398 2170 nunc
430 2132 560 2170 lubens
595 2137 806 2182 praetereo3
855 2133 956 2181 quod

302 2201 388 2226 vero
409 2188 480 2232 ΙΙΙ,
502 2190 580 2229 119
611 2187 769 2238 (ε’δησεν
788 2203 864 2239 την
889 2186 955 2227 ἐπὶ

300 2239 487 2298 &0:21de)
528 2248 564 2281 et
583 2243 629 2290 V,
660 2247 716 2286 72
744 2242 857 2292 (τους
889 2242 954 2283 αλ-

301 2303 395 2347 λους
413 2284 633 2350 κατέδησαν
649 2315 723 2351 την
743 2299 808 2340 ἐπὶ
826 2296 956 2340 θανα-

299 2358 374 2410 τςο)
394 2357 451 2395 ille
473 2356 682 2408 suppletum
699 2357 774 2394 vult
799 2373 873 2408 την
896 2356 954 2396 δέ·

302 2425 390 2460 σιν,
427 2426 577 2460 vereor‚
619 2417 659 2449 ut
700 2414 786 2451 ferri
823 2415 952 2465 possit.

300 2469 434 2519 Neque
456 2474 582 2506 nostro
608 2468 955 2508 loco‘huiuseemodi

301 2525 439 2576 ellipsis
452 2526 662 2574 effingenda
680 2526 759 2563 erit.
780 2526 950 2576 Namque

300 2582 337 2619 in
358 2581 415 2619 his
441 2582 607 2618 omnibus
632 2594 747 2631 aeque
776 2584 950 2621 subaudi-

301 2638 433 2676 endam
453 2651 535 2676 esse
553 2637 716 2675 voculam
735 2636 843 2688 ὁδόν,
862 2640 949 2677 mihi

299 2706 515 2745 persuasum
541 2699 619 2742 est,
649 2707 715 2732 nec
745 2695 768 2731 ii
799 2696 949 2734 multum

300 2764 324 2788 a
350 2763 436 2788 vero
466 2751 635 2788 aberrare
663 2751 848 2800 videntur,
887 2753 949 2802 qui

300 2807 371 2855 (uti
390 2807 528 2844 Iacobs.
548 2808 585 2843 in
610 2807 737 2844 Atticis
759 2821 845 2858 pag.
866 2809 948 2850 341

299 2863 349 2900 ad
376 2863 518 2901 Herod.
548 2864 595 2911 V,
620 2864 703 2910 72)
741 2878 950 2915 praegnans

301 2919 447 2957 omnino
467 2921 611 2959 dicendi
623 2932 738 2969 genus
756 2921 793 2957 in
809 2922 864 2958 his
876 2927 951 2960 sta-

1028 1463 1155 1507 tuant,
1184 1458 1410 1509 verbumque
1440 1458 1615 1508 aliquod,
1644 1458 1682 1495 in

1028 1529 1100 1565 quo
1141 1515 1332 1562 mittendi,
1362 1515 1537 1562 ducendi,
1573 1515 1682 1552 eundi

1027 1572 1127 1608 notio
1147 1572 1263 1619 inest,
1291 1576 1414 1609 mente
1441 1572 1684 1608 adiiciendum

1027 1628 1194 1666 doceant.
1242 1628 1347 1665 Haec
1365 1628 1574 1678 respicienti
1595 1627 1679 1664 talis

1027 1686 1104 1722 fere
1151 1684 1267 1721 nostri
1314 1683 1383 1720 loci
1427 1697 1556 1722 sensus
1592 1683 1682 1721 erit:

1027 1752 1167 1791 „quum
1197 1741 1269 1790 ipsi
1296 1740 1492 1777 traderetur
1515 1739 1682 1790 puerulus

1027 1800 1172 1834 ornatus
1193 1797 1257 1844 (eo
1276 1797 1460 1846 consilio‚)
1478 1800 1519 1833 ut
1532 1797 1580 1834 acl
1590 1809 1681 1834 mor-

1024 1857 1091 1890 tem
1107 1853 1288 1890 duceretur
1317 1867 1346 1889 s.
1370 1857 1411 1889 ut
1429 1853 1598 1901 (ornatus
1613 1865 1683 1902 pro
1748 1870 1749 1874 =

1024 1922 1148 1957 more,
1178 1909 1290 1957 dein)
1328 1911 1425 1946 viam
1458 1909 1507 1945 ad
1542 1912 1682 1945 mortem
1745 1903 1748 1924 ⁴*

1023 1965 1262 2002 abduceretur.
1272 1966 1296 1984 “

1023 2023 1143 2058 dimus
1174 2018 1241 2073 ἤϊε
1270 2034 1350 2059 cum
1379 2026 1529 2060 recentt
1559 2021 1682 2070 Vulgo

1022 2094 1037 2115 v
1074 2093 1098 2116 ι.

1028 2075 1149 2173 ie*cov
1175 2149 1307 2173 παντα
1334 2128 1568 2186 Ἀστυαγεος
1600 2149 1682 2185 ρη-

1022 2188 1148 2229 θέντα
1164 2186 1303 2258 λόγον]
1335 2191 1410 2229 Ub1
1422 2191 1508 2228 n1h1l
1529 2204 1681 2229 necesse

1024 2252 1081 2285 est
1109 2247 1156 2283 ad
1189 2242 1421 2294 Ἀστυάγεος
1452 2246 1510 2285 vel
1541 2247 1680 2285 addere
1734 2268 1736 2297 3

1023 2302 1080 2341 vel
1101 2303 1374 2353 subintelligere
1395 2300 1500 2351 ὑπὸ,
1530 2316 1610 2340 cum
1631 2305 1680 2340 ad
1732 2313 1735 2360 ς’

1022 2355 1139 2410 λόγον
1157 2372 1276 2409 aeque
1299 2361 1392 2398 bene
1410 2360 1536 2398 referri
1549 2360 1678 2410 possit.

1021 2416 1107 2453 vid.
1130 2416 1288 2453 Pausan.
1311 2416 1384 2464 VI,
1405 2418 1431 2457 8
1454 2414 1493 2467 ἓ.
1510 2419 1539 2458 2
1568 2416 1680 2453 alios·
1729 2426 1731 2467 ,ᾖ

1021 2484 1094 2522 que
1128 2472 1227 2509 locos
1267 2485 1289 2509 a
1314 2472 1512 2510 Schaefero
1540 2471 1677 2509 laudat.

1021 2529 1070 2566 ad
1089 2527 1220 2565 Lamb.
1239 2528 1328 2565 Bos.
1347 2527 1497 2578 Ellipss.
1524 2541 1561 2578 p.
1580 2529 1677 2570 750.

1076 2582 1144 2623 καὶ
1175 2581 1297 2631 ἅπαις
1339 2582 1495 2636 ἔρσενος
1526 2579 1676 2635 γόνου]
1723 2584 1726 2624 3

1017 2638 1282 2691 Explicandum
1299 2640 1367 2677 hoc
1392 2641 1523 2678 eodem
1551 2645 1674 2690 paeto,

1018 2708 1092 2746 quo
1122 2708 1233 2747 supra
1262 2696 1303 2743 I,
1330 2698 1411 2737 107
1448 2693 1598 2746 οἷνδρός
1619 2712 1677 2735 ω-
1720 2693 1722 2715 ⁵

1018 2752 1151 2804 ραίην.
1182 2752 1291 2790 Conf.
1315 2752 1447 2790 Matth.
1467 2751 1676 2804 §.339—

1018 2808 1079 2846 Ad
1101 2808 1404 2857 significationem
1425 2809 1525 2847 verbi
1554 2804 1676 2859 θελή-
1716 2846 1717 2850 ,

1020 2875 1079 2904 σει
1110 2865 1182 2901 fid.
1209 2877 1303 2914 quae
1334 2877 1446 2917 supra
1478 2866 1527 2903 ad
1562 2865 1598 2914 1,
1618 2866 1674 2906 32
1713 2860 1717 2914 ξ

1019 2925 1104 2959 sunt
1124 2921 1231 2959 dicta.

1326 1985 1383 1993 —-
1411 1964 1454 2001 In
1483 1977 1588 2014 seqq.
1617 1965 1684 2002 de·
1742 1987 1745 2019 3

1744 1959 1746 1981 3

1741 2027 1744 2059 Ι

1735 2061 1743 2241 3
