1768 3315
346 264 430 304 212

734 256 1203 295 HERODOTI

318 372 482 428 ὅμὲνον
515 370 592 423 τῆς
628 364 792 418 πόλιος.
855 365 907 410 Ὁ
943 361 1007 410 οἷν
1045 365 1099 422 δή
1144 364 1372 422 Ὑροιάδης
1411 358 1541 415 οὗτος
1578 362 1659 407 ὁ35

350 449 556 502 Μάρδος,
589 444 699 489 ἰδών
727 449 779 502 τῇ
807 447 1043 502 προτεραίῃ
1073 449 1161 488 τῶν
1190 462 1288 489 τινα
1314 446 1476 488 Λυδῶν
1495 443 1605 487 κατὰ

346 531 474 571 τοῦτο
509 526 585 579 τῆς
622 522 885 578 ἀκροπόλιος
919 524 1169 581 καταβάντα
1210 525 1278 568 ἐπὶ
1306 522 1465 579 κυνέην
1491 521 1602 566 ἄνω-

344 611 423 650 θεν
451 607 866 658 κατακυλισθεῖσαν,
897 604 970 648 καὶ
989 603 1276 660 ἀνελόμενον,
1307 601 1509 660 ἐφράσθη
1529 601 1603 644 καὶ

290 829 371 862 tunt
389 822 519 872 vulgo:
550 826 626 871 „est
643 826 759 860 autem
771 835 830 871 ea,
851 835 940 873 quae

294 880 414 918 Tmolo
432 879 554 929 oppido
576 882 732 929 opposita
749 881 840 917 est.“
862 879 942 917 Nee

291 938 396 974 aliter
423 937 501 973 fere
541 936 717 973 Cellarius
759 937 797 973 in
823 935 941 973 Notit.

290 993 382 1030 Orb.
402 991 527 1040 Antiq.
556 992 589 1029 II
613 1006 651 1042 p.
676 995 756 1034 112
781 992 943 1043 pluribus

289 1048 378 1086 locis
428 1049 693 1098 comprobans,
762 1049 945 1086 exstitisse

290 1104 464 1144 Tmolum
483 1105 607 1142 urbem
639 1117 756 1156 prope
783 1109 945 1142 montem

292 1161 456 1200 eiusdem
472 1161 640 1198 nominis.
701 1161 806 1204 Quae
823 1166 946 1198 tamen

291 1218 379 1255 urbs
399 1230 447 1254 an
467 1216 536 1254 hoc
554 1230 700 1266 quoque
716 1217 796 1255 loco
815 1217 947 1255 intelli—

293 1273 417 1323 genda
449 1273 514 1319 sit,
559 1273 622 1310 ubi
648 1274 816 1322 iungatur
850 1270 947 1323 πρὸς

292 1331 366 1369 τοῦ
400 1325 569 1379 Τμώλου
599 1331 671 1380 τῆς
699 1326 853 1379 πόλιος,
884 1342 946 1367 ve-

292 1386 483 1424 hementer
503 1385 672 1434 equidem
695 1387 843 1433 dubito,
870 1386 946 1423 dis-

294 1442 473 1479 suadente
501 1441 558 1478 vel
587 1442 715 1479 ordine
740 1443 945 1489 verborum,

294 1511 342 1535 ne
367 1497 436 1535 alia
467 1498 655 1545 attingam.
685 1497 855 1548 Namque
873 1500 945 1547 τῆς

294 1549 434 1599 πόλιος
455 1553 728 1603 intelligendum
749 1556 796 1592 de
818 1555 944 1591 Sardi-

294 1610 362 1648 bus
373 1610 449 1647 sive
470 1610 551 1660 ipsa
568 1611 659 1647 urbe
679 1611 755 1648 sive
771 1623 853 1648 arce
864 1615 946 1647 tan-

295 1671 393 1714 tum,
429 1670 466 1703 et
483 1665 662 1715 genitivus
683 1667 807 1705 resern‘
835 1667 947 1704 debet

295 1722 343 1760 ad
371 1723 488 1761 τοῦτο
515 1718 558 1761 τὸ
587 1718 754 1772 χώριον,
791 1727 833 1760 ut
856 1723 946 1760 haec

295 1779 343 1815 sit
359 1777 490 1816 Nostri
506 1780 705 1816 sententia:
737 1792 843 1827 „eam
857 1791 946 1828 par-

296 1838 383 1882 tem,
413 1834 486 1884 qud
507 1847 575 1872 arx
599 1834 765 1873 adscendi
786 1839 945 1885 nequeat,

296 1890 491 1940 neglectam
512 1905 535 1929 a
551 1890 699 1940 Melete,
730 1904 800 1930 esse
830 1892 944 1939 illam,

298 1960 387 1997 quae
401 1946 560 1985 Tmolum
568 1960 687 1985 versus
705 1953 838 1999 spectat
848 1962 943 1986 mon-

296 2005 402 2041 tem.“
457 2004 540 2042 Hoc
570 2009 607 2042 et
637 2005 690 2043 rei
712 2006 830 2054 magis
856 2018 944 2042 con-

296 2066 510 2098 sentaneum
533 2065 570 2098 et
598 2063 840 2110 grammaticis
859 2063 947 2098 rati-

297 2116 439 2153 onibus.
495 2116 537 2153 In
565 2118 725 2165 genitivo
761 2120 833 2170 τῆς
873 2114 945 2157 πό-

299 2174 380 2218 λιος
396 2171 470 2209 noli
493 2172 662 2220 haerere,
699 2178 846 2212 tuentur
862 2186 945 2211 eum

278 2276 281 2279 ‚
299 2228 387 2265 satis
407 2228 466 2265 alii
483 2227 552 2266 loci
568 2241 591 2266 a
608 2229 791 2268 Larehero
809 2230 881 2267 iam
892 2230 944 2266 al-

298 2282 385 2330 lati,
419 2284 489 2332 Vl,
520 2287 586 2326 22.
622 2285 711 2333 VII,
748 2289 840 2328 176.
897 2286 947 2323 Et

298 2340 432 2390 probat
461 2339 650 2379 Letronne
687 2343 724 2378 in
759 2342 880 2379 Ioum.
908 2342 943 2378 d.

299 2395 440 2432 Savans
488 2399 593 2438 1817
627 2411 712 2448 pag.
744 2400 811 2439 96.
886 2397 946 2436 De

298 2452 570 2503 praepositione
588 2451 683 2504 πρὸς
699 2455 870 2504 denique,
889 2454 945 2491 cui

299 2506 368 2545 hac
403 2509 551 2547 notione
585 2511 783 2558 genitivum
813 2509 946 2547 Graeci

299 2563 505 2612 adstruunt,
516 2565 653 2602 eonsul.
663 2566 792 2603 Matth.
803 2565 840 2617 ἓ.
851 2567 947 2613 590,

300 2634 323 2670 γ
340 2631 426 2669 pag.
451 2623 557 2662 1179
577 2634 654 2670 seq.
712 2622 824 2660 Unde
843 2622 948 2659 mini-

300 2687 360 2712 me
391 2677 655 2725 necessarium,
685 2691 763 2715 cum
796 2678 948 2716 Reiskio

301 2730 358 2768 hic
385 2731 508 2780 legere
536 2729 635 2783 πρὸς
663 2729 731 2772 τὸν
768 2736 948 2783 Τμῶλον.

301 2807 358 2815 --
373 2787 432 2825 De
450 2788 531 2838 ipso
550 2793 673 2827 monte
701 2789 834 2827 Tmolo
850 2792 945 2828 conf.

303 2847 379 2880 not.
392 2843 441 2880 ad
459 2844 498 2891 Ι,
520 2845 586 2885 93.

360 2897 384 2938 ὁ
402 2893 460 2940 ὦν
487 2897 537 2952 δὴ
566 2897 777 2953 Ὑροιάδης
797 2896 946 2950 οὗτος

1008 821 1028 864 ὁ
1055 820 1251 873 Μάρδος]
1298 822 1492 871 vulgatam
1525 815 1660 864 αὐτὸς,

1009 892 1230 930 quamquam
1247 879 1305 916 hic
1321 893 1341 916 e
1368 878 1467 915 libris
1486 876 1583 913 nulla
1610 876 1659 912 ci-

1010 941 1107 973 tatur
1142 935 1305 972 lectionis
1344 935 1522 980 varietas,
1579 944 1658 972 cum

1012 993 1090 1029 aliis
1126 992 1337 1028 mutandam
1380 990 1582 1028 censuimus
1622 987 1659 1023 in

1013 1043 1135 1088 οὗτο
1150 1063 1188 1094 ς,
1221 1061 1332 1085 sensu
1355 1047 1435 1097 ipso
1457 1046 1658 1094 flagitante.

1011 1104 1066 1142 Ae
1084 1105 1241 1155 probant
1260 1103 1424 1154 exempla
1443 1101 1660 1149 aSchweig-

1011 1162 1188 1199 haeusero
1223 1160 1383 1210 prolata:
1421 1159 1458 1205 I,
1488 1159 1555 1199 33.
1594 1157 1658 1197 53.

1014 1218 1079 1259 85.
1137 1216 1218 1254 Nec
1241 1217 1345 1254 aliter
1371 1215 1515 1253 exhibet
1548 1213 1661 1251 editio

1011 1273 1212 1320 Matthiae,
1249 1273 1311 1322 qui
1348 1276 1470 1309 tamen
1499 1271 1536 1307 in
1566 1270 1662 1306 notis

1011 1334 1138 1368 monet
1167 1329 1317 1366 defendi
1350 1341 1462 1379 posse
1500 1326 1662 1364 codicum

1011 1387 1204 1424 lectionem
1227 1381 1317 1424 αὐτ
1332 1382 1354 1424 o*
1368 1401 1409 1432 ς,
1440 1384 1471 1420 si
1492 1383 1662 1432 Hyroea-

1012 1444 1097 1481 dem
1117 1442 1225 1491 Lydo
1245 1442 1296 1478 illi
1312 1441 1521 1491 oppositum
1540 1440 1661 1476 dicas:

1011 1512 1158 1548 „quum
1177 1498 1324 1547 Lydum
1349 1497 1507 1546 aliquem
1532 1500 1569 1533 et
1596 1495 1662 1531 de-

1011 1556 1163 1593 fendere
1197 1559 1233 1592 et
1266 1555 1465 1591 ascendere
1498 1553 1663 1596 vidisset,

1011 1615 1086 1661 ipse
1110 1612 1219 1649 etiam
1240 1610 1458 1659 Hyroeades
1478 1609 1573 1646 etc.“
1612 1606 1662 1643 Et

1011 1668 1117 1717 sequi
1140 1671 1243 1717 post:
1271 1662 1359 1705 τότε
1377 1663 1419 1705 δὲ
1438 1661 1488 1716 δή
1512 1658 1664 1709 αὐτός

1012 1738 1053 1763 τε
1085 1719 1203 1774 α’ναβ.
1259 1724 1337 1760 Sed
1367 1735 1411 1761 ea
1427 1722 1510 1773 ipsa
1533 1721 1664 1771 opinor

1013 1784 1239 1827 monstrant,
1268 1780 1381 1830 priori
1403 1779 1482 1816 loco
1512 1791 1534 1815 a
1553 1778 1663 1816 libra-

1012 1837 1074 1874 riis
1110 1841 1297 1887 peecatum
1329 1837 1367 1872 in
1408 1830 1538 1881 αὐτός.
1619 1834 1663 1871 In

1011 1894 1174 1944 proxime
1225 1893 1462 1944 sequentibus
1509 1892 1663 1928 observa

1012 1951 1177 1987 ordinem
1199 1949 1391 1987 verborum
1406 1948 1546 1986 Nostro
1565 1947 1663 1985 haud

1012 2006 1222 2043 inusitatum
1233 2019 1242 2043 t
1255 2021 1274 2044 τ
1288 2008 1320 2044 ὦ
1331 2021 1352 2044 v
1373 2020 1394 2044 τ
1405 2020 1417 2043 ι
1429 2020 1451 2043 ν
1467 2004 1664 2043 αΛυδῶν.

1014 2064 1121 2099 Conf.
1140 2063 1169 2110 Ι,
1191 2062 1360 2104 85.109.
1377 2061 1456 2103 124
1475 2061 1556 2109 alia,
1568 2073 1664 2110 quae

1012 2119 1260 2169 suppeditabit
1269 2119 1399 2156 Matth.
1414 2117 1450 2170 ἓ.
1464 2121 1546 2161 279
1557 2117 1664 2158 not.4

1009 2189 1096 2226 pag.
1114 2176 1208 2217 567.

1071 2230 1152 2271 ἐπὶ
1183 2229 1399 2282 κυνέην]
1435 2231 1478 2268 In
1506 2242 1665 2281 praepo·
1738 2252 1742 2288 ξ

1013 2287 1144 2326 sitione
1161 2286 1246 2336 ἐπὶ,
1287 2289 1457 2326 adiuncto
1491 2286 1666 2324 accusati-

1012 2356 1080 2391 vo,
1136 2349 1306 2381 notamus
1363 2343 1666 2394 significationem

1013 2404 1155 2446 motta,
1185 2401 1376 2437 coniuncta
1401 2399 1506 2438 simul
1526 2399 1664 2438 consilii
1720 2412 1722 2414 ’

1013 2456 1181 2493 notione:
1210 2485 1235 2503 „
1247 2457 1295 2493 ad
1312 2456 1585 2506 recuperandam
1593 2468 1664 2504 ga-

1014 2510 1104 2548 leam
1125 2525 1266 2562 superne
1281 2512 1516 2549 devolutam.“
1553 2512 1664 2548 Cous.

1015 2568 1047 2603 si
1076 2569 1166 2604 tanti
1197 2573 1271 2615 est,
1301 2569 1462 2606 Fischer.
1492 2568 1540 2604 ad
1559 2559 1665 2605 Wel-
1730 2607 1734 2615 ¹

1015 2623 1078 2660 ler.
1096 2623 1163 2670 ΙΙΙ,
1181 2624 1205 2660 b
1234 2637 1320 2674 pag.
1342 2624 1423 2665 243
1448 2629 1485 2662 et
1504 2624 1664 2672 Kriiger.
1730 2618 1734 2654 ¹⁴

1016 2680 1052 2716 in
1081 2679 1192 2716 Indic.
1218 2681 1265 2717 ad
1298 2680 1467 2730 Xenoph.
1500 2680 1663 2717 Anabas.
1728 2702 1730 2714 ÷

1015 2749 1051 2785 p.
1063 2734 1156 2776 487.
1167 2735 1296 2773 Matth.
1307 2735 1344 2788 g.
1357 2736 1452 2786 586,
1462 2751 1481 2775 c
1490 2750 1527 2788 p.
1543 2740 1562 2777 1
1571 2739 1663 2779 169·
1728 2780 1729 2784 ,

1012 2792 1134 2841 Supra
1151 2792 1190 2839 I,
1213 2794 1279 2833 37.
1726 2795 1729 2807 ⁵

1069 2844 1260 2899 ἐφράσθη
1275 2847 1342 2887 καὶ
1360 2848 1399 2896 ἐς
1416 2845 1554 2901 θυμὸν
1575 2843 1665 2900 ε’βᾶ-
1724 2891 1727 2901 ,

1013 2902 1124 2954 λετο]
1163 2905 1184 2942 i.
1217 2919 1248 2942 e.
1279 2908 1470 2954 „am‘mum
1498 2905 1665 2954 advertit,
1722 2908 1726 2943 «2
