1759 3324
506 279 929 320 EUTERPE.
979 279 1027 318 11.

1303 282 1386 323 521

131 393 210 439 τόν
235 407 423 450 χειμωνα
451 388 621 434 ἅπαντα
650 389 852 433 διατελέει
880 387 990 441 ἔων,
1029 388 1154 445 μέχρι
1183 386 1238 434 οὗ
1267 385 1445 442 αὐτιςΞο

104 473 331 528 4τροπέων
363 474 452 514 τῶν
487 468 710 523 θερινέων.
769 465 939 511 τούτων
975 470 1039 512 ὠν
1073 467 1171 524 πέρι
1208 468 1390 522 οὐδενὸς

133 550 262 595 οὐδὲν
290 547 381 600 οἷός
407 546 445 591 τ’
484 546 695 604 ἐγενόμην
732 549 1002 603 παραλαβεῖν
1037 547 1158 602 παροέ
1191 552 1280 592 τῶν
1308 550 1388 592 Αἰ-

129 629 341 685 γυπτίων,
389 627 596 682 ἱστορέων
634 624 794 678 αὐτοὺς
825 625 981 683 ἥντινα
1023 627 1214 684 δύναμιν
1253 628 1335 684 ἔχει
1363 626 1387 672 ὁ

129 709 287 758 Νεῖλος
314 706 365 750 τὰ
396 707 579 763 ἔμπαλιν
605 706 849 762 πεφυκέναι
877 708 966 749 τῶν
994 706 1138 750 ἄλλων
1166 711 1386 764 ποταμῶν.

100 784 268 829 ὅταῦτοέ
295 802 340 829 τε
369 786 422 841 δή
454 785 506 829 τὰ
535 784 745 842 λεγόμενα
764 783 1035 841 βουλόμενος
1057 786 1238 840 εἰδέναι,
1269 785 1387 830 ἱστό-

129 880 248 922 ρεον·
297 865 371 909 καὶ
400 864 425 908 ὅ
454 881 496 909 τι
531 863 670 920 αὔρας
701 862 1006 917 ἀποπνεούσας
1041 869 1209 923 μοῦνος
1246 881 1383 911 ποτα·
1443 864 1524 903 113

73 1078 246 1126 ceperunt
261 1087 328 1125 pro
347 1073 443 1123 vulg.
456 1070 504 1112 τοὲ
522 1068 724 1128 λεγόμενα,

72 1129 188 1169 locum
234 1132 286 1168 ita
330 1131 524 1169 reddentes
570 1130 721 1170 Latine:

73 1186 201 1236 „Haec
228 1189 363 1236 igitur,
411 1201 499 1238 quae
524 1187 623 1235 dixi,
665 1201 722 1225 co-

72 1256 232 1292 gnoscere
242 1246 391 1293 cupiens‚
400 1247 601 1281 sciscitatus
608 1246 724 1282 sum.“

74 1300 177 1344 Quos
188 1304 328 1337 secutus
340 1300 447 1338 Italus
457 1301 634 1352 interpres
644 1313 724 1339 ver-

71 1356 133 1394 tit:
163 1355 339 1403 „Volend'
357 1359 392 1394 io
410 1370 585 1394 conoscere
603 1357 634 1395 le
656 1371 722 1395 cm-

73 1412 197 1450 tedette
225 1425 318 1460 cose,
369 1413 424 1461 gl’
455 1415 722 1463 ιἠΐετνοξζιιυαέζ

70 1467 162 1506 Mihi
185 1481 286 1506 secus
302 1470 464 1516 videtur3
488 1470 646 1520 ideoque
665 1483 724 1509 re·-

69 1525 257 1562 tinendum
295 1525 415 1563 censui
448 1523 496 1565 τὰ
532 1522 723 1579 λεγόμενα

70 1580 139 1619 boc
154 1582 231 1619 sere
251 1594 378 1620 sensu:
407 1582 471 1620 Ea
488 1585 614 1632 igitur,
634 1596 722 1634 quae

71 1637 112 1674 de
128 1637 183 1674 his
211 1637 278 1685 (de
301 1638 386 1676 Nilo
417 1639 490 1677 scil.
511 1644 645 1678 certum
673 1641 722 1677 ad

71 1698 213 1744 tempus
224 1699 406 1733 crescente
417 1708 459 1733 ac
469 1696 720 1745 decrescente)

71 1749 236 1788 dicantur
256 1751 322 1799 (ab
335 1750 524 1802 Aegyptiis
542 1753 649 1801 scih),
662 1766 720 1789 co-

70 1819 233 1856 gnoscere
252 1809 404 1856 cupiens,
434 1811 604 1858 quaesivi,
621 1812 721 1846 item-

72 1875 136 1914 que
166 1866 341 1912 quaesivi,
371 1877 433 1901 cur
455 1878 563 1902 auras
581 1866 724 1916 afflan-

71 1922 122 1957 tes
140 1919 233 1956 solus
255 1922 404 1958 omnium
416 1922 611 1971 fluviorum
632 1920 726 1970 (Ni-

71 1974 145 2020 lus)
164 1975 260 2013 leand
277 1977 448 2014 exhibeat.

115 2027 139 2072 ὅ
150 2046 186 2071 τι
197 2029 273 2085 αὕρ
279 2048 324 2080 ας
335 2029 612 2082 οἷποπνεούσας
625 2037 722 2085 μοῦ-

71 2102 141 2135 νος
157 2103 191 2127 κ.
212 2104 244 2130 τ.
268 2087 324 2140 λ.]
347 2090 402 2127 Ex
421 2090 722 2143 Schol.Sophocl.

71 2145 120 2183 ad
146 2144 246 2195 Ajac.
265 2147 348 2188 683
376 2146 576 2185 Larcherus
597 2152 722 2186 monet

72 2198 200 2253 αὔραν
218 2202 287 2240 dici
312 2207 459 2241 ventum
484 2203 720 2242 exhalationi-

71 2257 139 2295 bus
160 2257 227 2296 loci
252 2259 381 2309 aquosi
397 2264 460 2298 aut
478 2261 641 2310 stagnosi
663 2274 722 2299 or-

73 2318 169 2362 tum,
209 2311 358 2366 ἄνεμον
386 2320 556 2366 ventum,
593 2318 654 2367 qui
683 2318 722 2355 in

74 2382 158 2408 aere
191 2371 330 2410 existat.
381 2373 458 2410 Sed
485 2373 516 2411 C
523 2386 551 2411 r
582 2376 722 2413 confert

75 2426 228 2464 Coraem
257 2429 306 2466 ad
331 2428 520 2466 Heliodori
549 2428 719 2481 Aethiop.

75 2494 112 2532 p-
129 2483 205 2530 99,
239 2484 299 2521 ubi
329 2481 455 2537 αὔρας
491 2485 549 2524 hic
572 2486 723 2536 intelligi

75 2537 150 2575 vult
168 2536 305 2587 λεπτάς
325 2556 452 2588 πνοας
471 2541 540 2581 καὶ
565 2540 725 2610 ψυχρτὶς

76 2591 117 2640 ἐξ
147 2591 273 2646 υγροῦ
309 2591 607 2650 ἀναφερομένας
652 2594 726 2650 οὔχ

78 2645 246 2699 ὁμίχλας.
290 2651 392 2691 Idem
420 2654 592 2693 Coraes'
583 2669 621 2693 in
646 2656 726 2694 He-

76 2705 206 2742 rodoto
227 2709 331 2746 scribi
353 2709 453 2748 iubet
482 2708 608 2763 αὔρας
626 2727 725 2752 απο-

77 2774 132 2799 πν
142 2774 159 2799 ε
170 2775 184 2800 ι
193 2757 240 2800 ού
245 2774 325 2811 σας.
353 2765 534 2817 Equidem
551 2767 638 2806 illud
659 2769 727 2806 ad-

78 2815 150 2863 do,
188 2816 226 2855 in
249 2831 288 2857 re
317 2821 397 2871 ipsa
424 2835 535 2872 quam
571 2825 726 2862 maxime

78 2873 280 2913 consentire
308 2889 387 2916 cum
409 2877 550 2918 Nostro
582 2879 726 2919 Diodo-

789 1085 869 1111 rum
886 1072 916 1122 I,
934 1074 989 1115 38
1003 1073 1096 1112 circa
1111 1072 1235 1112 Nilum
1247 1087 1366 1125 neque
1376 1088 1445 1113 nu-

790 1129 856 1168 bes
878 1131 971 1179 cogi,
1001 1143 1121 1180 neque
1137 1143 1244 1169 auras
1271 1132 1444 1170 exsistere

790 1187 940 1235 frigidas
952 1215 963 1233 ‚
993 1199 1113 1236 neque
1147 1200 1266 1226 aerem
1302 1201 1443 1226 crasse-

790 1256 891 1281 scere
918 1243 1190 1282 affirmantem.'
1216 1244 1258 1283 ln
1286 1257 1358 1294 quo
1388 1250 1445 1282 ta-

790 1311 875 1337 men
910 1303 1070 1337 veterum
1104 1300 1298 1350 plerosque
1342 1300 1444 1338 aliter

790 1356 935 1393 tradere
956 1355 1050 1393 bene
1074 1356 1148 1394 iam
1177 1358 1315 1394 monuit
1335 1356 1444 1395 Wes-

791 1411 977 1461 selingius‚
987 1413 1199 1462 monuitque
1217 1413 1245 1450 I.
1262 1413 1442 1450 Ludolfus

790 1467 1034 1506 Commentar.
1053 1469 1102 1506 ad
1129 1469 1211 1507 hist.
1240 1468 1442 1520 Aethiopic.

789 1537 827 1574 p.
859 1527 938 1566 117
970 1525 1114 1563 inanem
1143 1525 1311 1564 dictitans
1339 1526 1445 1564 istam

788 1580 969 1618 Herodoti
988 1581 1212 1632 aliorumque
1222 1583 1445 1633 opinionem,

788 1649 862 1685 qua
875 1636 1000 1675 Nilum
1017 1638 1134 1676 nullos
1152 1639 1314 1677 emittere
1331 1652 1445 1689 vapo-

788 1705 846 1730 res
874 1695 1104 1732 crediderint.
1154 1694 1216 1733 Tu
1243 1696 1315 1734 vid.
1351 1695 1445 1732 infra

789 1749 837 1797 ΙΙ,
859 1752 913 1791 27
944 1750 1065 1800 ibique
1091 1755 1207 1789 notat.
1253 1751 1307 1789 Ac
1334 1752 1446 1789 verbo

791 1806 936 1856 quidem
956 1806 1013 1845 hic
1031 1809 1249 1845 monendum
1273 1809 1320 1845 de
1338 1808 1444 1845 variis

791 1866 950 1900 veterum
966 1865 1153 1902 sententiis
1171 1865 1218 1902 de
1235 1864 1312 1902 Nili
1328 1864 1446 1902 incre-

791 1924 914 1956 mento
941 1920 1090 1969 eiusque
1118 1921 1249 1968 causis,
1279 1933 1370 1970 quas
1401 1933 1447 1958 ex

791 1975 970 2014 Plutarch.
1004 1977 1052 2014 de
1079 1976 1204 2015 Placit.
1233 1976 1446 2027 Philosoph.

790 2031 856 2080 IV,
877 2035 897 2073 1
919 2032 1070 2082 aliisque
1088 2033 1186 2070 haud
1210 2033 1333 2084 paucis
1359 2034 1447 2070 scri-

789 2089 954 2140 ptoribus
975 2089 1141 2127 collectas
1161 2090 1314 2141 praebet
1324 2089 1446 2127 Hero-

791 2145 867 2182 doti
891 2145 1000 2183 editio
1026 2146 1357 2195 Iungermanniana
1386 2146 1445 2182 in-

789 2202 910 2250 deque
923 2201 1215 2251 Wesselingiana
1240 2216 1276 2254 p.
1296 2204 1445 2243 787-

787 2259 882 2300 802.
901 2258 934 2295 E
949 2259 1077 2308 quibus
1086 2259 1280 2310 praecipue
1292 2258 1446 2297 conferri

786 2314 946 2352 volumus
971 2314 1176 2354 Diodorum
1192 2316 1231 2364 I,
1256 2316 1311 2357 38
1338 2327 1443 2364 seqq.

785 2371 907 2410 Strab.
919 2371 1023 2409 XVII
1034 2386 1070 2424 p.
1083 2373 1204 2421 1138,
1223 2371 1255 2408 A
1267 2375 1304 2410 et
1324 2373 1444 2413 1139.

786 2427 975 2479 Ephorum
1002 2429 1196 2478 (fragmm.
1225 2429 1283 2466 ed.
1308 2427 1448 2476 Marx.)

791 2497 830 2535 p.
850 2485 932 2527 214
949 2498 1052 2535 seqq.
1083 2485 1175 2523 Plin.
1196 2485 1247 2522 H.
1263 2484 1313 2522 N.
1329 2485 1376 2532 V,
1396 2487 1448 2525 10

795 2546 832 2578 et
850 2554 945 2591 quae
963 2542 1000 2578 in
1013 2543 1167 2580 eandem
1184 2554 1260 2579 rem
1279 2540 1449 2591 leguntur

794 2599 892 2648 apud
903 2598 954 2636 Ιο.
974 2597 1084 2636 Laur.
1096 2597 1241 2648 Lydum
1253 2598 1301 2635 de
1311 2610 1448 2635 menSS.

794 2653 880 2701 (lul.
893 2669 922 2693 c.
933 2655 1007 2703 68)
1020 2667 1057 2705 p.
1076 2657 1154 2696 111
1173 2667 1251 2704 seq.
1271 2667 1299 2691 s.
1315 2667 1352 2704 p.
1365 2655 1448 2695 260

793 2723 898 2760 seqq.
925 2712 984 2749 ed.
1002 2711 1153 2749 Rother.
1188 2711 1446 2748 Recentiorum

793 2766 992 2806 sententias
1021 2769 1069 2805 ad
1095 2779 1207 2805 unum
1225 2768 1303 2804 fere
1320 2779 1445 2803 omnes

792 2823 965 2862 indicavit
980 2824 1092 2862 Beck.
1110 2822 1205 2873 Allg.
1224 2821 1449 2873 Weltgesch.

791 2878 809 2916 Ι
825 2893 864 2932 p.
883 2882 966 2923 269
983 2893 1062 2930 seq.
