1814 3315
259 459 326 505 66
384 452 583 501 κοῦρνος-

51 523 208 557 ”mmm
232 524 325 552 ⁰¹¹³·
384 531 443 581 τῷ
476 525 519 568 ὸὲ
561 521 806 581 Λυκούργῳ
842 524 1140 581 τελευτήσαντι
1168 524 1266 580 ἱρὸν
1295 523 1540 580 εἱσάμενοι,
1571 523 1642 567 σέ-
1654 526 1700 564 4ο

197 558 253 585 niis
279 566 312 584 rc

51 589 131 617 latus
157 593 236 617 inter
266 592 311 618 He

52 557 192 584 nedaemo

50 631 130 653 roas,
171 624 224 652 ΙΙΙυ
209 633 292 652 orum

75 665 180 685 rimac·
166 659 209 684 cin
234 667 258 685 e

53 725 159 761 primo.

379 261 461 300 16ss

771 256 1241 296 HERODOTI

378 383 423 411 τε
450 365 642 409 τούτοισι
670 363 773 414 τοὺς
803 363 994 420 ἐφόρους
1031 367 1104 409 καὶ
1141 365 1351 421 γέροντας
1381 366 1527 421 ἔστησε
1557 369 1642 409 Λυ-

72 660 336 728 e110'1‹³gc.iti¹c¹‹i.

327 725 366 751 1n
389 711 590 756 triacadas,
640 709 716 746 sive
741 708 810 746 hae
845 721 975 760 reapse

326 770 474 817 triginta
487 766 621 804 fuerint
649 765 775 802 civium
802 766 878 803 sire
906 767 974 803 mi-

327 838 396 864 nus
426 824 484 871 (ut
501 822 794 860 inRomanoruin
806 823 976 859 centuriis

327 883 424 919 idem
437 880 611 916 accidisse
631 878 828 926 videmus),
839 878 976 927 quippe

327 950 438 987 quum
454 937 491 973 in
510 935 604 972 bello
614 947 688 971 non
699 935 899 981 seiunctim,
911 935 977 970 sed

330 994 459 1030 iunctis
487 993 581 1029 inter
603 1004 644 1028 se
672 990 824 1039 snigulis
859 991 976 1038 genti-

331 1051 397 1087 bus
424 1062 466 1086 ae
501 1048 685 1094 tribubus,
714 1047 897 1097 stipendia
923 1047 976 1083 fa—

329 1110 463 1144 cerent.
520 1105 604 1142 vid.
638 1103 780 1141 Miiller.
807 1103 926 1140 Dorer
946 1102 980 1139 ΙΙ

330 1176 368 1214 p.
386 1164 440 1203 82
459 1173 536 1211 seq.
603 1159 684 1198 Nec
711 1159 780 1197 alia
806 1159 978 1209 Syssz'tt'o-

329 1231 429 1264 rum,
459 1230 553 1268 quae
575 1217 681 1254 tertio
699 1216 779 1253 loco
800 1216 978 1262 dicuntur,

329 1275 433 1313 ratio.
493 1274 598 1317 Quae
616 1286 696 1310 cum
716 1272 864 1323 proprie
881 1286 978 1309 com-

330 1331 491 1368 munium
515 1329 700 1380 epularum
727 1329 892 1365 instituta
913 1341 980 1378 per

330 1386 492 1436 singulas
510 1390 638 1435 gentes
656 1385 884 1434 familiasque
900 1386 978 1422 sue-

330 1444 403 1480 rint
431 1443 671 1491 omnibusque
711 1443 788 1479 fere
823 1441 979 1478 Doricae

329 1499 454 1550 stirpis
472 1499 641 1549 gentibus
658 1498 878 1544 communia,
892 1498 979 1535 inde

318 1557 380 1603 ¹ad
413 1569 489 1593 rem
520 1555 709 1593 militarem
739 1555 790 1591 ita
813 1555 980 1591 traducta

329 1612 517 1658 videntur,
557 1616 597 1648 ut
631 1611 692 1660 qui
714 1610 818 1647 unius
860 1611 980 1659 gentis

330 1667 560 1717 familiaeque
594 1671 737 1714 essent,
780 1667 981 1715 iisdemque

330 1724 447 1774 epulis
466 1725 653 1772 victusque
677 1736 813 1771 genere
836 1728 982 1760 uteren-

331 1785 411 1829 tur,
440 1781 465 1817 ii
484 1781 521 1817 in
534 1780 631 1818 bello
643 1780 752 1818 etiam
763 1780 980 1830 peculiarem

330 1837 516 1874 cohortem
539 1837 615 1874 sive
642 1837 808 1874 ordinem
826 1836 981 1874 confice-

330 1897 433 1942 rent,
450 1894 604 1944 ipseque
623 1894 798 1931 exercitus
818 1906 885 1943 per
900 1905 981 1941 sys-

331 1950 418 1987 sitia
443 1962 560 1999 aeque
586 1950 722 1987 divisus
750 1954 849 1987 esset
871 1952 982 1998 atque

332 2007 499 2044 universa
544 2006 809 2056 Spartanorum
846 2005 982 2042 civitas.

335 2062 445 2099 Conf.
458 2062 501 2098 C.
512 2061 559 2099 Ο.
578 2061 719 2099 Miiller.
740 2061 762 2098 l.
783 2061 805 2098 l.
823 2061 856 2097 ΙΙ
866 2075 902 2112 p.
916 2062 982 2103 82.

335 2120 417 2159 201
437 2130 540 2167 seqq.
569 2119 663 2159 237.
687 2119 768 2159 273
786 2130 863 2166 seq.
903 2116 984 2155 Nec

335 2174 384 2211 ab
402 2173 460 2210 his
490 2174 760 2222 quodammodo
786 2173 981 2210 abhorrent

334 2229 583 2266 Romanorum
616 2230 797 2268 centuriae
826 2233 904 2266 tum
931 2230 979 2267 ad

334 2297 412 2323 rem
427 2285 634 2333 militarem,
644 2290 721 2324 tum
739 2287 788 2323 ad
801 2286 978 2324 civitatem

334 2341 485 2391 eiusque
501 2342 654 2379 formam
668 2342 902 2393 pertinentes,

395 2394 489 2444 τους
505 2393 682 2450 ἐφόρους
706 2396 774 2437 καὶ
799 2397 985 2450 γέροντας

334 2450 475 2504 ἔστησε
494 2453 756 2506 Λυκοῦργος]
785 2454 845 2493 De
860 2454 986 2505 Epho-

331 2510 382 2547 ris
403 2509 549 2548 uberius
568 2510 878 2562 exponere‚huius
890 2514 986 2548 certe

334 2565 406 2604 loci
425 2577 500 2603 non
519 2570 586 2604 est.
642 2566 701 2605 De
719 2567 870 2616 quibus,
894 2566 985 2604 alios

335 2625 377 2660 ut
397 2625 536 2660 taceam
546 2651 558 2670 ,
586 2627 712 2661 nostra
729 2627 849 2661 aetate
861 2623 986 2673 dispu-

334 2682 459 2716 tarunt
475 2677 607 2715 Mauso
618 2679 752 2730 Sparta
763 2679 792 2728 I,
811 2682 834 2720 1
855 2693 891 2730 p.
905 2678 987 2721 243

337 2738 375 2772 et
390 2733 434 2771 C.
454 2734 501 2771 Ο.
520 2734 661 2773 Mulier.
684 2735 775 2774 Dor.
794 2735 828 2772 II
847 2749 883 2786 p.
907 2738 985 2776 111

320 2791 440 2839 ‘seqq
470 2789 542 2828 Hic
560 2803 670 2828 unum
690 2791 779 2829 illud
804 2791 988 2829 monuisse

337 2847 425 2883 satis
445 2846 531 2894 erit,
560 2846 628 2884 hos
647 2848 902 2897 magistratuS,
926 2848 988 2897 qui

337 2902 530 2953 quotannis
543 2906 702 2956 quinque
714 2918 864 2944 numero
877 2904 987 2954 elige-

656 442 782 486 Οὕτω
832 444 912 499 μὲν
957 446 1267 501 μεταβαλόντες
1320 443 1643 501 εὐνομήθησαν.

1043 710 1194 757 bantur,
1224 710 1408 747 institutos
1428 709 1564 758 videri,
1585 713 1625 746 ut
1642 722 1700 747 re-

1044 779 1132 815 gum
1148 770 1368 816 potestatem
1392 767 1620 804 continerent
1638 779 1701 803 eo-

1043 835 1198 871 rumque
1219 823 1287 858 vim
1314 823 1462 859 nimiam
1481 826 1702 869 coercerent,

1045 879 1204 926 indeque
1232 879 1280 914 ad
1307 891 1350 916 ea
1380 878 1546 915 instituta
1574 878 1701 916 resern‘

1047 934 1202 980 debere,
1234 947 1329 982 quae
1357 934 1394 970 iu
1428 934 1472 970 iis
1501 934 1702 971 civitatibus

1047 991 1098 1026 im
1109 990 1274 1026 euiuntur
1284 1019 1294 1036 ,
1322 990 1385 1026 ubi
1398 990 1624 1039 optimatium
1633 1003 1702 1040 po-

1046 1050 1161 1083 testas
1183 1046 1379 1096 praecipue
1397 1046 1498 1094 viget
1520 1058 1563 1082 ac
1585 1047 1702 1084 floret.

1047 1102 1128 1140 Nec
1148 1102 1266 1151 magis
1287 1102 1344 1139 hic
1357 1103 1487 1140 attinet
1501 1103 1548 1140 de
1558 1102 1702 1139 dissen-

1047 1172 1090 1196 su
1109 1162 1270 1196 veterum
1298 1159 1520 1208 disquirere,
1547 1171 1700 1208 quorum

1046 1214 1210 1252 nonnulli
1225 1228 1247 1252 a
1263 1214 1436 1264 Lycurgo
1461 1215 1618 1265 ephoros
1646 1215 1702 1251 in-

1045 1271 1191 1308 stitutos
1210 1271 1352 1319 xoluut,
1375 1271 1434 1308 alii
1453 1272 1700 1322 Theopompo

1046 1329 1124 1376 regi
1140 1328 1210 1365 hoc
1227 1328 1398 1364 tribuunt.
1428 1327 1484 1365 Ab
1506 1328 1700 1366 Herodoto

1046 1388 1146 1421 stant
1173 1384 1382 1434 Xenophon
1407 1388 1464 1431 et,
1494 1397 1601 1433 quem
1634 1384 1701 1422 Cr.

1046 1441 1170 1478 laudat
1187 1469 1198 1487 ,
1249 1444 1375 1477 auctor
1414 1440 1623 1478 Platonicae
1663 1454 1702 1478 e-

1047 1498 1131 1548 pist.
1150 1496 1247 1543 Vm,
1266 1496 1336 1533 alii.
1368 1497 1600 1534 Contrariam
1616 1510 1701 1534 sen-

1046 1554 1197 1591 tentiam
1219 1557 1339 1590 tuetur
1358 1551 1574 1591 Aristoteles
1593 1553 1701 1590 Polit.

1048 1609 1094 1657 V,
1120 1612 1193 1655 113
1224 1622 1380 1658 quocum
1405 1622 1577 1660 compara
1596 1609 1702 1647 Cice-

1048 1666 1148 1703 ronis
1166 1665 1266 1702 locos
1288 1666 1335 1703 de
1354 1664 1476 1714 Legg.
1495 1665 1568 1713 Ill,
1586 1668 1626 1707 7.
1642 1665 1702 1704 De

1049 1722 1107 1760 Re
1126 1721 1223 1772 publ.
1243 1722 1298 1769 II,
1317 1723 1372 1763 33
1392 1722 1477 1772 ibiq.
1499 1726 1616 1759 notat.
1645 1744 1703 1751 --—-

1048 1778 1108 1816 De
1138 1778 1324 1832 γερουσίᾳ
1359 1778 1435 1817 sive
1464 1779 1591 1828 viginti
1620 1782 1702 1816 octo

1049 1848 1177 1872 senum
1202 1835 1373 1882 consilio,
1412 1836 1512 1885 quod
1552 1835 1703 1884 regibus

1048 1892 1198 1929 adesset
1223 1893 1261 1929 in
1286 1892 1453 1928 omnibus
1485 1892 1594 1929 rebus
1618 1904 1704 1941 gra-

1049 1947 1207 1984 vioribus
1216 1977 1226 1996 ,
1242 1949 1336 1985 infra
1348 1948 1379 1985 V
1383 1948 1411 1996 I,
1423 1948 1488 1990 57.
1516 1947 1700 1986 Plutarch.

1050 2003 1209 2053 Lycurg.
1230 2004 1254 2046 5
1279 2018 1327 2042 ne
1346 2004 1460 2056 plura.
1507 2003 1608 2042 Alios
1626 2003 1704 2041 lau-

1051 2061 1115 2097 dat
1170 2060 1376 2100 Neumann.
1433 2061 1483 2098 ad
1548 2059 1700 2098 Aristot.

1049 2117 1180 2165 fragm.
1209 2117 1368 2155 Politice.
1397 2131 1433 2168 p.
1456 2116 1537 2159 134
1555 2117 1634 2154 coll.
1658 2117 1702 2154 C.

1049 2173 1095 2211 O.
1116 2173 1257 2212 Miiller.
1277 2174 1399 2212 Dorer
1413 2174 1447 2211 Π
1466 2188 1503 2225 p.
1528 2176 1579 2216 91
1597 2186 1703 2223 seqq.

1243 2258 1275 2296 C
1287 2271 1354 2310 ap.
1382 2257 1516 2297 LXVI.

1108 2342 1165 2396 τῷ
1194 2339 1237 2381 δὲ
1245 2339 1488 2409 Λυκούργῳ
1528 2337 1704 2393 τελευτή-

1054 2408 1165 2437 σαντι
1198 2395 1282 2449 ιρὸν
1311 2395 1536 2448 εἱσάμενοι,
1569 2397 1704 2450 σέβου·

1052 2468 1116 2493 ται
1144 2452 1344 2506 μεγάλως]
1383 2456 1495 2492 Vaiia
1512 2456 1705 2492 traduntur

1053 2511 1101 2547 de
1129 2509 1291 2559 Lycurgi
1321 2515 1460 2558 morte,
1501 2511 1584 2560 qui,
1622 2524 1704 2548 cum

1053 2569 1161 2603 antea
1171 2567 1374 2617 Spartanos
1394 2567 1625 2604 iureiurando
1638 2567 1705 2605 ob-

1054 2623 1282 2670 strinxisset,
1310 2636 1358 2660 ne
1377 2624 1460 2674 ipso
1480 2624 1632 2662 absente
1651 2623 1704 2661 le-

1056 2691 1124 2728 ges
1160 2679 1206 2716 ab
1237 2678 1318 2729 ipso
1343 2678 1435 2716 latas
1471 2680 1705 2729 abrogarent,

1056 2734 1170 2772 noluit
1197 2736 1342 2783 regredi
1368 2736 1405 2772 in
1433 2736 1608 2786 patriam,
1637 2735 1706 2774 sed

1055 2792 1202 2840 inedia,
1241 2794 1281 2829 ut
1308 2793 1478 2840 tradunt,
1521 2795 1633 2830 vitam
1659 2791 1705 2830 fi-

1056 2847 1132 2884 niit.
1175 2847 1311 2886 Auctor
1327 2853 1383 2887 est
1400 2848 1613 2886 Plutarchus
1631 2848 1704 2885 Vit.

1056 2903 1214 2955 Lycurg.
1237 2907 1289 2947 31
1320 2905 1409 2944 alias
1437 2918 1585 2957 quoque
1614 2903 1705 2942 alio-
