1768 3315
641 227 860 267 CLIO.
916 226 945 265 Ι.
1340 229 1427 269 235

166 341 470 397 πυνθάνομαι,
528 339 602 381 ἴσα
638 353 682 381 τε
721 334 920 392 σταθμὸν
956 334 1030 379 καὶ
1068 333 1201 391 ὁμοῖα
1236 340 1351 380 τοῖσι
1379 336 1482 380 ἐνΞο

137 426 392 479 3Δελφοῖσι.
445 416 498 461 τά
527 417 606 472 μέν
634 432 718 460 νυν
742 416 785 466 ἔς
814 431 858 458 τε
898 414 1108 470 Δελφούς
1143 415 1219 460 καὶ
1261 415 1305 468 ἐς
1344 419 1426 460 τοῦ
1509 437 1526 470 ⁶..

163 498 404 557 Ἀμφιάρεω
434 494 642 552 ἀνέθηκε,
688 493 835 551 οἰκήιά
864 510 908 538 τε
935 493 1087 546 ἐόντα,
1125 495 1199 538 καὶ
1228 499 1318 539 τῶν
1345 512 1426 540 πα·

163 577 316 637 τρῴων
342 575 576 633 χρημάτων
602 573 822 631 ἀπαρχήν·
862 572 915 617 τά
947 573 992 618 δὲ
1022 572 1133 617 ἄλλα
1163 571 1426 632 ἀναθήματα

163 659 207 710 ἐξ
236 655 396 711 ἀνδρὸς
436 654 603 712 ἐγένετο
645 652 797 710 οὐσίης
837 653 1023 710 ἐχθροῦ,
1068 651 1118 705 ὃς
1148 655 1215 707 οἱ,
1264 656 1370 710 πρὶν
1397 654 1483 712 ἢ25

163 740 441 794 βασιλεῦσαι,
479 731 817 790 ἀντιστασιώτης
855 733 1129 790 κατεστήκεε,
1168 734 1428 779 συσπεύδων

1313 814 1337 859 ὁ
1382 815 1428 859 δὲ

164 894 430 939 Πανταλέων
458 887 514 949 ἦν
539 891 770 937 Ἀλυάττεω
801 893 880 949 μὲν
907 898 1031 944 παῖς,
1073 894 1271 949 Κροίσου
1302 893 1348 937 δὲ
1378 891 1427 937 ά-

104 843 113 850 2
136 814 460 859 4Πανταλέοντι
513 813 717 870 γενέσθαι
766 813 847 870 τήν
893 815 1055 857 Λυδῶν
1101 813 1252 870 ἀρχήν.

113 1003 117 1006 -
164 972 341 1030 δελφεός
371 971 453 1017 οὐκ
482 971 760 1029 ὁμομήτριος.
819 975 1012 1027 Κροῖσος
1040 973 1119 1028 μὲν
1146 972 1232 1029 γάρ
1263 973 1310 1017 ἐκ
1338 977 1429 1018 Κα-

167 1054 284 1109 είρης
312 1046 367 1109 ἦν
395 1053 605 1109 γυναικὸς
630 1050 859 1109 Ἀλυάττῃ·
892 1051 1156 1096 Πανταλέων
1187 1053 1259 1108 δὲ,
1291 1051 1427 1106 {3³10}-

138 1134 261 1184 5609.
292 1132 383 1176 ἐπεί
411 1148 455 1175 τε
486 1132 551 1185 δὲ,
584 1131 737 1183 δόντος
765 1134 848 1174 τοῦ
874 1132 1066 1185 πατρὸς,
1097 1130 1310 1188 ἐκράτησε
1346 1135 1423 1189 τῆς
1439 1139 1484 1174 30

167 1211 304 1269 ἀρχῆς
332 1211 357 1256 ὁ
388 1214 601 1266 Κροῖσος,
631 1210 709 1254 τὸν
740 1208 979 1266 ἄνθρωπον
1006 1211 1086 1254 τὸν
1109 1209 1424 1267 ἀντιπρήσσον-

165 1307 220 1335 τα
247 1290 317 1335 ἐπὶ
343 1290 518 1347 κνάφου
548 1290 687 1335 ἕλκων
715 1289 961 1346 διέφθειρε·
992 1288 1071 1346 τὴν
1102 1289 1148 1334 δὲ
1173 1286 1330 1347 οὐσίην
1349 1289 1429 1334 αὐ-

111 1475 197 1514 nihil
213 1476 344 1513 certius
365 1476 412 1513 ad
430 1475 548 1527 ipsum
564 1487 680 1524 genus
693 1475 759 1512 de-
827 1489 849 1513 τ
862 1489 881 1514 ο
894 1475 920 1512 ῦ
948 1488 978 1513 π
993 1489 1018 1512 α
1029 1489 1050 1513 τ
1062 1489 1083 1527 ρ
1098 1470 1120 1514 ὃ
1132 1489 1172 1524 ς,
1202 1469 1391 1528 ἐκράτησε
1411 1477 1485 1526 τῆς

111 1533 311 1570 finiendum
329 1533 423 1570 effici
441 1533 556 1582 quivis
570 1532 759 1580 intelliget,
831 1526 958 1583 οἷρχῆς
980 1529 1003 1571 ό
1024 1533 1197 1582 Κροῖσος
1216 1533 1253 1569 in
1275 1533 1484 1571 definienda

112 1589 174 1638 qui
191 1589 293 1640 ipsos
314 1589 425 1627 hosce
445 1589 640 1639 scriptores
661 1589 762 1626 adie-

111 1645 168 1682 rit.
226 1645 267 1682 In
285 1646 435 1683 articulo
456 1646 662 1696 postposito
678 1657 763 1696 per-

111 1701 311 1752 spicuitatis
340 1702 499 1739 studium
523 1701 628 1739 facile
647 1714 764 1750 agno-

112 1770 193 1795 scas
205 1787 215 1805 ‚
245 1758 345 1808 quod
362 1759 480 1808 ipsum
499 1763 585 1809 post
605 1759 763 1795 imitatus

114 1817 170 1852 est
194 1814 415 1862 Pausanias,
450 1816 497 1852 de
524 1827 596 1864 quo
627 1814 766 1852 monuit

113 1870 279 1908 Siebelis.
297 1872 344 1908 ad
367 1871 424 1919 ΙΙ,
447 1873 498 1911 10
529 1870 565 1922 ἓ.
585 1873 623 1912 4.

170 1922 404 1967 συσπεύδων
417 1926 688 1967 Πανταλέοντι
706 1941 767 1978 γε-

114 1981 258 2024 νέσθαι
278 1980 352 2034 τὴν
374 1984 525 2023 Λυδῶν
558 1979 711 2035 α’ρχήν]
742 1985 765 2021 i.

115 2054 167 2079 e.:
197 2039 457 2089 „Pantaleonti
476 2041 662 2079 conciliare
689 2044 766 2077 stu-

115 2096 196 2134 dens
210 2097 389 2148 Lydorum
402 2100 578 2146 regnum“
597 2092 766 2138 συσπεύ-

116 2153 197 2193 δων
226 2154 313 2193 mihi
347 2154 489 2192 videtur
516 2168 617 2193 esse:
658 2168 766 2202 „una

116 2223 194 2248 cum
213 2211 297 2248 aliis
313 2210 473 2259 studens,
501 2224 531 2249 s,
551 2211 640 2249 alios
661 2212 765 2249 adiu-

115 2279 204 2304 vans
221 2267 393 2305 factiosos
421 2267 459 2305 in
480 2268 620 2306 Croeso
641 2268 766 2306 deiici-

118 2323 213 2361 endo
244 2324 395 2373 eiusque
423 2324 461 2361 in
484 2323 601 2362 locum
629 2325 767 2362 substi-

118 2380 253 2417 tuendo
300 2380 588 2420 Pantaleonte.“
656 2381 768 2419 Hunc

117 2448 202 2473 vero
235 2435 511 2475 Pantaleontem
555 2450 638 2476 eum
685 2450 768 2476 esse

119 2496 325 2541 autumant,
363 2506 471 2543 quem
497 2495 647 2532 Serinus
689 2507 767 2532 me-

121 2552 237 2586 morat
277 2549 404 2599 (apud
429 2551 627 2589 Stobaeum
647 2551 765 2589 Serm.

123 2602 226 2652 XLV
255 2618 292 2655 p.
309 2607 420 2655 313)
450 2607 582 2646 Croesi
607 2609 768 2656 fratrem,

124 2659 174 2696 ad
207 2672 358 2709 regumn
403 2663 692 2715 participandum
720 2664 769 2701 ab

126 2714 207 2764 ipso
223 2716 282 2753 illo
302 2719 497 2766 adscitum3
515 2721 615 2770 quod
633 2721 772 2771 impro-

129 2770 275 2809 bantem
290 2771 447 2823 Lydium
461 2777 598 2815 inducit
617 2777 772 2827 loquen-

129 2829 203 2864 tem
223 2828 580 2871 Serinus.--Verba
599 2847 693 2883 quae
712 2847 773 2872 se-

129 2887 303 2933 quuntur:
331 2884 472 2929 ἐπείτε
496 2887 562 2938 δὲ,
589 2886 775 2939 δόντος

831 1588 961 1625 Croesi
988 1592 1109 1626 aetate
1138 1601 1182 1626 eo
1218 1590 1336 1638 magis
1363 1594 1485 1627 atten-

831 1645 973 1692 denda,
1010 1657 1083 1693 quo
1111 1645 1230 1682 minus
1256 1646 1404 1683 dubium
1430 1647 1487 1683 sa-

832 1701 951 1747 ciunt,
981 1702 1069 1749 quin
1086 1699 1251 1750 Alyattes
1270 1707 1377 1752 pater
1406 1715 1486 1740 cum

831 1757 904 1794 filio
933 1757 1074 1795 Croeso
1107 1770 1260 1806 regnum
1288 1760 1487 1796 communi-

832 1814 939 1861 carit,
977 1813 1036 1850 hic
1063 1814 1195 1863 igitur,
1235 1819 1342 1865 patre
1369 1815 1488 1852 adhuc

831 1870 935 1918 vivo,
985 1870 1032 1906 ad
1068 1883 1222 1919 regnum
1268 1871 1486 1922 pervenerit.

833 1926 896 1964 Tu
916 1926 988 1963 vid.
1005 1927 1164 1964 Schultz.
1184 1926 1486 1978 inApparat.etc.

832 1995 919 2034 pag.
939 1985 990 2025 18
1023 1987 1059 2020 et
1086 1996 1150 2031 ea,
1179 1997 1274 2034 quae
1302 1997 1415 2036 supra
1439 1984 1486 2022 ad

833 2040 871 2088 Ι,
892 2040 946 2081 45
967 2040 1183 2078 notavimus.

892 2095 957 2136 ἐπὶ
977 2091 1139 2147 κνάφου
1163 2095 1310 2143 ἕλκων]
1329 2095 1370 2133 In
1388 2096 1488 2134 libris

834 2152 919 2191 olim
948 2153 1055 2191 editis
1084 2157 1120 2191 et
1147 2154 1291 2205 scriptis
1319 2154 1488 2190 omnibus

833 2213 954 2249 exstat
982 2210 1187 2260 κναφηΐου
1217 2223 1240 2248 a
1268 2205 1486 2261 κναφήϊον,

833 2280 928 2317 quae
940 2266 1094 2317 fullonis
1109 2271 1166 2305 est
1186 2267 1355 2318 officina,
1384 2267 1487 2304 cuius

833 2323 892 2361 hic
908 2323 1028 2360 nullus
1050 2328 1146 2362 certe
1163 2323 1275 2362 locus.
1336 2323 1450 2362 Unde
1468 2336 1490 2362 e

834 2379 935 2418 lexic.
957 2380 1140 2418 Herodot.
1160 2384 1197 2418 et
1215 2380 1376 2431 Hesych.
1408 2392 1490 2418 cor-

834 2441 1005 2475 rexerunt
1036 2437 1104 2474 viri
1148 2437 1247 2475 docti
1276 2432 1439 2487 κνάφου
1468 2449 1492 2473 a

835 2488 1057 2543 κνάφος,
1113 2506 1215 2543 quo,
1274 2493 1491 2532 docentibus

833 2549 924 2600 ipsis
952 2554 1116 2588 veterum
1133 2551 1396 2599 grammaticis,
1425 2550 1493 2587 de-

835 2607 1003 2656 signatur
1029 2606 1183 2644 carduus
1211 2620 1241 2644 S.
1257 2609 1382 2658 spina,
1419 2618 1493 2656 qua

835 2663 992 2702 fullones
1016 2664 1232 2702 vestimenta
1271 2665 1401 2702 radere
1428 2675 1492 2699 so-

837 2719 937 2766 lent3
964 2725 1157 2771 praeterea
1177 2723 1337 2758 tormenti
1361 2733 1391 2756 s,
1412 2731 1492 2756 car-

838 2777 1005 2827 m'ficz'nae
1023 2789 1131 2827 genus
1153 2776 1261 2814 clavis
1285 2776 1493 2824 aculeisque

840 2833 1030 2884 oppletum
1047 2834 1096 2871 ad
1115 2833 1269 2872 miseros
1285 2832 1492 2872 crudelissi-

842 2903 902 2930 me
934 2890 1153 2930 enecandos.
1209 2890 1315 2929 Haec
1340 2888 1491 2928 wesse-
