1759 3324
547 264 1061 305 EUTERPE.II.

1340 268 1424 306 819

161 378 364 437 Διονύσῳ
396 375 442 420 δ’
471 374 668 430 ἐλάχιστα
698 372 890 417 τούτων·
923 373 996 416 καὶ
1025 372 1168 430 τούτῳ
1191 386 1422 418 πεντακισ-

157 460 270 514 χίλια
299 456 370 500 καὶ
400 454 535 509 μύρια
565 454 805 508 λογίζονται
844 451 956 496 εἶναι
999 453 1041 503 ἐς
1080 451 1264 508 ’Ἀμασιν
1295 455 1422 509 βασι-

131 538 249 579 3λέα.
280 535 350 578 καὶ
380 536 516 575 ταῦτα
537 532 770 588 Αἰγύπτιοι
791 531 999 588 ἀτρεκέως
1020 533 1128 589 φασὶ
1148 533 1419 586 ἐπίστασθαι,
1433 540 1479 574 70

158 615 240 657 αἰεί
269 629 312 656 τε
342 610 636 667 λογιζόμενοι,
665 613 739 656 καὶ
762 613 842 656 αἰεὶ
861 610 1225 670 ἀπογραφόμενοι
1243 612 1294 656 τοὶ
1315 612 1422 656 ἔτεα.

127 690 363 748 4Διονύσῳ
403 691 482 747 μέν
519 708 604 735 νυν
640 695 701 749 τῷ
732 692 778 735 ἐκ
808 693 1000 749 Σεμέλης
1029 695 1105 749 τῆς
1136 692 1324 748 Κάδμου
1353 696 1421 735 λε-

155 772 324 828 γομένῳ
362 770 590 827 γενέσθαι,
645 771 755 815 κατὰ
799 771 1000 824 ἑξακόσια
1047 772 1141 815 ἔτεα
1187 772 1262 816 καὶ
1307 772 1422 827 χίλια

156 849 339 905 μάλιστά
369 850 459 894 ἐστι
488 851 530 902 ἐς
558 850 652 907 ἐμὲ·
679 850 884 905 Ἡρακλέϊ
902 851 947 895 δὲ
967 854 1029 908 τῷ
1053 849 1304 908 Ἀλκμήνης,
1335 868 1415 895 κα-

125 929 207 972 5τοὲ
237 927 462 973 εἰνακόσια
493 930 610 974 ἔτεα·
644 930 762 974 Πανὶ
791 930 837 975 δὲ
865 933 928 988 τῷ
957 931 1004 975 ἐκ
1036 928 1320 988 Πηνελόπης,
1351 929 1474 987 (ἐκ75

153 1113 252 1154 xmo?
284 1110 526 1163 ἑξακόσια
562 1113 647 1154 ἔτεα
682 1113 752 1153 καὶ

98 1172 202 1222 χίλια
227 1167 393 1223 μάλιστα
414 1170 494 1210 ἐστι
522 1170 561 1217 ἐς
588 1169 677 1221 ἐμέ]
709 1171 751 1207 ln

97 1229 194 1266 hisce
214 1230 372 1266 numeris
384 1229 509 1265 vitium
521 1227 636 1266 latere
644 1228 752 1265 Wes-

96 1286 224 1334 seling.
245 1285 376 1334 aliique
394 1286 631 1322 contendunt.
657 1285 751 1321 Cum

98 1343 192 1379 enim
210 1342 256 1378 ab
277 1341 433 1379 Hercule
453 1342 500 1377 ad
520 1341 750 1377 Herodotum

94 1399 179 1435 anni
194 1399 371 1446 nongenti
382 1399 458 1435 fere
477 1398 642 1444 abierint,
656 1397 752 1434 Her-

96 1455 194 1492 cules
223 1459 346 1491 autem
383 1467 404 1491 a
433 1453 576 1490 Baccho
606 1453 748 1489 nonnisi

95 1512 257 1561 quinque
289 1510 584 1559 generationibus
614 1510 750 1547 disiun-

96 1572 176 1605 ctus
205 1569 253 1604 sit
279 1567 419 1618 (prouti
447 1580 490 1604 ex
511 1565 748 1615 Apollodoro,

97 1624 281 1670 Diodoro,
302 1624 449 1661 aliunde
465 1623 648 1671 cognitum
668 1624 746 1670 sit),

96 1682 134 1717 in
155 1681 335 1718 Herodoti
364 1684 464 1717 textu
494 1680 747 1727 refingendum

98 1750 197 1774 esse:
228 1733 327 1775 κατοὶ
355 1733 546 1786 ἑξήκοντα
575 1735 660 1774 ἔτεα
680 1734 748 1774 καὶ

97 1793 200 1844 χίλια
231 1794 253 1829 i.
277 1806 307 1830 e.
334 1806 441 1829 annos
462 1792 577 1843 ferme
602 1792 696 1828 mille
716 1796 749 1829 et

97 1851 308 1898 se.ra.gz‘nta;
328 1850 463 1899 quippe
481 1862 553 1898 quo
573 1861 751 1885 annorum

97 1919 246 1944 numero
267 1910 389 1942 exacte
403 1906 576 1943 reddatur
586 1918 751 1954 nongen-

97 1968 217 2000 torum
241 1974 416 1998 annorum
441 1962 596 2012 spatium
615 1963 749 1998 additis

96 2019 256 2068 quinque
285 2019 581 2067 generationibus
600 2047 612 2064 ,
656 2031 750 2067 quae

97 2076 294 2113 secundum
324 2087 366 2112 ea
388 2102 400 2121 ‚
447 2087 541 2123 quae
576 2075 632 2122 ll,
669 2074 749 2117 142

95 2132 305 2178 tradantur,
336 2134 481 2168 centum
498 2132 573 2168 sere
591 2136 628 2168 et
647 2144 749 2169 sexa-

97 2189 201 2238 ginta
225 2191 479 2225 consumment
501 2200 629 2225 annos.
687 2188 751 2224 Vi-

98 2246 202 2282 detur
228 2245 352 2293 utique
387 2244 583 2295 probabilis
618 2245 750 2282 haecce

99 2301 302 2339 emendatio
324 2329 335 2347 ,
372 2313 393 2337 a
425 2300 586 2350 pluribus
618 2301 750 2351 cupide

98 2361 262 2406 arrepta3
292 2357 402 2394 laudo
424 2361 549 2394 tamen
580 2358 749 2406 equidem

98 2413 427 2462 Schweighaeuseri
444 2413 668 2462 religionem,
687 2414 749 2462 qui

98 2468 274 2517 vulgatam
293 2469 389 2506 libris
424 2470 565 2520 scriptis
583 2471 748 2507 omnibus

98 2525 308 2574 probatam,
342 2527 514 2563 intactam
544 2526 750 2576 relinquere

100 2580 243 2628 maluit,
273 2595 381 2631 quam
400 2584 437 2619 in
457 2583 660 2620 istiusmodi
681 2597 749 2620 nu-

101 2637 207 2673 meris
224 2639 421 2688 quidquam
440 2642 592 2677 mutare.
611 2661 668 2667 —
689 2640 747 2678 De

101 2705 169 2729 usu
187 2695 463 2744 praepositionis
488 2693 588 2734 κατά
624 2697 748 2734 confer

102 2747 233 2785 Matth.
253 2750 317 2787 Gr.
339 2751 403 2788 Gr.
425 2765 511 2818 pag
534 2751 653 2793 1154.

155 2802 336 2871 ΓΗρακλὲι·
358 2804 400 2846 δὲ
429 2823 482 2861 τῳ
515 2803 747 2859 Ἀλκμήνης,

101 2874 198 2898 κατα
217 2858 417 2901 εἰνακόσια
434 2863 544 2914 ἔτεα]
576 2866 616 2901 Si
635 2866 749 2915 Spar-

101 2919 264 2954 tanorum
306 2931 432 2968 regum
474 2920 748 2959 Heraclidarum

821 1115 1077 1164 generationes
1114 1118 1324 1164 computes,
1367 1118 1476 1152 erunt

819 1173 955 1219 viginti
982 1176 1014 1208 et
1036 1185 1131 1215 una;
1171 1183 1266 1220 quae
1293 1183 1336 1207 ex
1360 1170 1473 1220 ipsius

820 1228 1002 1264 Herodoti
1029 1234 1200 1277 computu
1219 1227 1380 1264 efficiunt
1404 1239 1471 1263 an-

819 1297 886 1320 nos
905 1286 1160 1333 septingentos,
1190 1296 1256 1320 nec
1279 1296 1363 1320 vero
1386 1297 1472 1320 ηοη-

818 1344 960 1389 gentos,
991 1346 1029 1377 ut
1055 1340 1089 1377 h.
1118 1339 1140 1377 l.
1166 1341 1335 1377 affirmat.
1395 1340 1472 1377 Sed

818 1397 855 1434 N
859 1398 1018 1434 iebuhrio
1037 1400 1184 1434 auctore
1199 1397 1308 1444 (iiber
1326 1395 1385 1433 die
1401 1395 1471 1432 Ar-

818 1467 913 1491 men.
946 1454 1111 1490 Chronik
1142 1454 1177 1490 d.
1198 1452 1332 1490 Euseb.
1362 1466 1397 1501 p.
1417 1454 1471 1492 48

818 1511 892 1547 sive
929 1510 1052 1547 kleine
1078 1510 1203 1546 histor.
1240 1509 1426 1546 Schriften
1457 1507 1473 1544 Ι

815 1579 902 1616 pag.
928 1567 1034 1614 196)
1064 1567 1278 1604 Herodotus
1307 1578 1381 1601 non
1409 1577 1470 1602 so-

816 1623 886 1659 lum
915 1623 1139 1661 Graecorum
1167 1623 1318 1660 heroum
1337 1622 1469 1671 stirpes

815 1680 985 1729 respicit,
1015 1680 1079 1716 sed
1109 1680 1219 1716 etiam
1240 1678 1470 1726 Assyriorum

815 1749 922 1784 reges
934 1765 944 1783 ‚
961 1737 1188 1786 primamque
1204 1734 1392 1783 Lydorum
1411 1747 1471 1771 re-

818 1805 904 1841 gum
924 1792 1127 1840 dynastiam
1149 1792 1262 1839 (conf.
1284 1791 1321 1838 I,
1345 1792 1405 1838 7),
1432 1794 1471 1827 et

817 1850 934 1898 ipsam
953 1848 1126 1885 Herculei
1145 1848 1300 1896 generis.
1357 1846 1471 1895 Atqui

817 1904 1035 1942 Heraclidae
1057 1917 1136 1941 cum
1162 1917 1228 1954 per
1249 1903 1469 1952 quingentos

817 1974 932 1998 annos
948 1960 1089 2009 Lydiae
1109 1960 1340 2010 imperarint,
1370 1959 1471 1996 Mer-

817 2018 974 2055 mnadae
1008 2017 1189 2054 subsecuti
1221 2030 1374 2065 regnum
1414 2019 1470 2053 te-

817 2087 929 2112 nuere
958 2086 1023 2124 per
1062 2078 1207 2111 centum
1234 2073 1468 2122 septuaginta

817 2143 932 2167 annos
951 2159 962 2177 ,
1000 2142 1022 2166 a
1049 2143 1122 2178 quo
1151 2133 1318 2180 tempore
1352 2141 1469 2178 usque

817 2188 866 2225 ad
882 2186 1063 2224 Herodoti
1081 2189 1241 2223 aetatem
1272 2189 1356 2222 sunt
1383 2198 1469 2222 cen-

816 2247 893 2280 tum
913 2243 1184 2291 duodetriginta
1205 2242 1308 2288 anni;
1338 2242 1469 2290 quibus

816 2300 983 2337 omnibus
1013 2299 1251 2350 computatis,
1292 2297 1470 2347 simulque

816 2357 950 2393 additis
999 2356 1116 2393 tribus
1174 2354 1470 2405 generationibus

818 2414 892 2450 sive
910 2416 1053 2449 centum
1083 2412 1185 2450 annis
1210 2412 1307 2449 intra
1327 2411 1469 2447 Hercu-

815 2469 885 2507 lem
906 2469 1026 2519 ipsum
1043 2472 1152 2518 atque
1173 2467 1373 2517 Agronem‚
1394 2466 1472 2504 exi-

816 2527 879 2563 stit
894 2526 1017 2574 utique
1039 2538 1178 2562 summa
1188 2537 1365 2561 annorum
1377 2535 1471 2560 non-

815 2586 1007 2631 gentorum
1028 2581 1134 2618 trium
1159 2581 1470 2628 Herodoteaeque

815 2638 1094 2688 computationis
1113 2641 1211 2675 certa
1235 2641 1308 2674 stat
1332 2636 1438 2673 ratio.

874 2693 981 2733 Πανι
1011 2691 1053 2732 δὲ
1083 2696 1135 2747 τῷ
1167 2692 1209 2732 ἐκ
1238 2687 1468 2740 Πενελὸπης

816 2766 851 2789 κ.
877 2766 907 2788 τ.
930 2749 978 2800 L]
1020 2750 1122 2787 Pana
1154 2749 1324 2787 Mercurii
1353 2752 1468 2796 atque

815 2807 1024 2858 Penelopae
1050 2806 1161 2843 filium
1192 2809 1369 2842 memorat
1391 2804 1466 2841 Cic.

817 2864 863 2900 de
886 2868 961 2900 nat.
980 2864 1081 2900 deor.
1101 2863 1173 2909 Ill,
1191 2866 1245 2903 22
1258 2891 1268 2909 ‚
1299 2862 1361 2898 ubi
1378 2860 1467 2897 alio-

815 2933 894 2957 rum
912 2918 1118 2958 testimonia
1138 2917 1338 2955 attulerunt
1354 2916 1468 2954 Davi-

1105 2975 1159 3013 52
1172 2971 1194 2996 *

1477 851 1525 889 17

1531 849 1555 890 5
