1759 3324
538 266 1058 306 EUTERPE.11.

1334 269 1419 307 825

160 395 254 434 γοι,
285 377 514 421 ἀντίπυλοι
536 373 764 431 ἀλλήλῃσι,
794 374 839 426 ἓξ
868 373 946 429 μὲν
974 373 1082 429 πρὸς
1111 371 1278 429 βορέω,
1306 375 1351 426 ἓξ
1373 375 1418 417 δὲ

163 456 274 510 πρός
303 454 435 499 νότον
462 453 747 509 τετραμμέναι
778 453 995 508 συνεχέες·
1026 457 1169 507 τοῖχος
1190 451 1234 495 δὲ
1257 453 1418 504 ἔξωθεν

131 534 189 579 46
222 533 352 584 αὐτός
383 545 516 589 σφεας
545 531 770 588 περιέργει.
802 531 1014 588 οἰκήματα
1045 529 1081 574 δ’
1105 531 1242 575 ἔνεστι
1273 534 1474 585 διπλᾶ,ἓό

101 720 166 756 bre
185 719 286 755 saetis
308 717 510 767 Aegyptios
540 731 624 755 usos
643 719 753 755 fuisse

100 780 213 823 negat
243 774 373 823 Zo'ega
403 775 450 812 de
477 774 585 811 obeli.
612 788 648 825 p.
669 775 751 815 407

99 831 348 880 lubricamque
386 844 465 868 esse
499 832 636 868 iudicat
673 843 751 867 cum

99 887 218 924 Plinio
242 887 319 924 solo
352 891 469 933 stare,
509 888 571 936 qui
594 887 753 936 labyrin-

99 944 202 981 thum
246 944 442 981 fornicibus
488 948 622 981 tectum
672 957 752 981 esse

101 1001 233 1037 scribat
251 1000 285 1037 h.
304 1013 340 1036 n.
368 999 550 1047 XXXVI,
573 1002 635 1041 13.
693 999 752 1037 Ad

103 1056 278 1093 Gronovii
295 1057 632 1107 interpretationem
652 1069 754 1093 acce-

102 1113 190 1150 dere
237 1113 378 1150 videtur
423 1112 626 1150 Lareherus
664 1113 753 1150 haec

101 1170 283 1206 scribens:
333 1164 490 1216 »αὐλαὶ
523 1164 753 1220 κατάστεγοι

101 1239 148 1263 ne
160 1230 241 1262 sont
261 1238 326 1275 pas
345 1227 409 1263 des
428 1239 532 1262 cours
552 1230 755 1273 convertes,

103 1282 192 1319 mais
213 1282 276 1318 des
300 1295 402 1319 cours
424 1283 578 1320 fermees
601 1294 669 1332 par
689 1283 755 1319 des

102 1351 212 1375 murs.
270 1338 396 1375 Cettes
414 1352 518 1376 cours
543 1340 679 1376 e'toient
698 1351 756 1374 or-

102 1396 210 1441 neeS‚
250 1393 410 1432 chacune
448 1395 534 1432 d'un
570 1395 756 1445 peristyle‚

104 1451 221 1488 d’une
270 1451 472 1489 colonnade
523 1452 569 1488 de
613 1452 757 1488 marbre

308 1503 542 1519 22222

104 1567 242 1610 στυλος
262 1565 383 1603 λίθου
407 1566 552 1603 λευκοῦ
563 1561 757 1615 ἁρμοσμέ-

103 1635 177 1660 νου
206 1616 254 1658 τοὶ
296 1616 510 1671 μάλιστα.“
568 1621 757 1658 Addamus

104 1678 262 1725 denique
289 1678 388 1715 hisce
414 1690 477 1726 ea,
516 1690 611 1726 quae
636 1678 758 1714 scribit

102 1732 291 1771 Letronne
319 1733 472 1782 (annall.
500 1734 534 1770 d.
555 1746 684 1782 voyag.
707 1732 758 1769 VI

103 1803 190 1840 pag.
215 1789 295 1830 140
313 1791 456 1839 seqq.),
486 1791 546 1826 ubi
574 1790 759 1838 vulgatam

104 1846 294 1883 lectionem
315 1843 436 1885 αὐλαὶ
452 1843 681 1897 κατάστεγοι
692 1847 759 1882 mi-

104 1903 202 1939 nime
249 1904 464 1940 mutandam
501 1904 551 1940 ita
589 1902 756 1952 exponit:

104 1958 246 2007 „aulae
265 1963 438 1996 convertes
463 1960 548 1996 d'un
566 1962 652 2007 toc't,
682 1971 756 1995 non

103 2029 170 2066 pas
190 2016 254 2052 des
271 2029 373 2053 cours
392 2017 645 2062 decouvertes,
665 2016 755 2052 mais

105 2072 171 2109 des
199 2072 344 2110 edifices
375 2073 550 2123 complets
588 2085 634 2109 en
671 2085 757 2109 eux-

104 2129 251 2175 memes,
274 2131 442 2167 entoure's
462 2129 758 2167 interieurement

106 2186 153 2222 de
187 2184 359 2223 colonnes
393 2191 429 2223 et
455 2190 641 2223 convertes
671 2185 756 2221 d’un

104 2242 195 2287 toit,
224 2255 363 2280 comme
386 2242 421 2281 le
451 2246 548 2281 reste
576 2242 626 2279 du
655 2241 758 2290 laby-

106 2298 263 2336 rinthe.“

164 2349 372 2394 ἀντίπυλοι
388 2349 594 2409 α’λλήλῃσι]
633 2352 759 2403 Expli-

107 2413 166 2447 cat
193 2409 377 2449 Letronne
404 2411 426 2447 l.
450 2411 494 2448 l.:
530 2414 641 2461 ayant
668 2410 759 2447 leurs

103 2469 219 2515 portes
241 2470 396 2518 oppose'es
419 2468 466 2504 les
490 2481 573 2505 unes
597 2480 672 2504 ausc
691 2480 759 2504 au-

110 2525 188 2559 tres.
245 2523 378 2573 Neque
395 2537 481 2562 vero
503 2524 602 2562 aulas
623 2524 675 2560 ita
697 2536 759 2561 ex-

111 2582 258 2616 structas
282 2581 392 2618 fuisse
417 2586 542 2619 censet
570 2581 625 2630 (p.
647 2579 759 2628 144),

111 2638 151 2670 ut
169 2637 381 2683 quadratum
401 2639 584 2686 integrum
604 2636 686 2673 illae
702 2650 759 2674 re-

112 2689 274 2737 tulerint3
319 2695 384 2731 sed
414 2707 486 2731 una
516 2693 612 2731 linea
635 2688 760 2742 -ἒφ’

114 2744 182 2783 ἕνα
211 2747 340 2798 στίχον
384 2763 510 2787 omnes
550 2750 759 2787 aedificatas

115 2814 194 2838 csse
228 2816 306 2840 cum
334 2806 466 2843 Strabo
499 2807 643 2853 tradat,
691 2806 759 2843 hoc

115 2857 166 2894 ita
191 2871 270 2896 esse
294 2860 588 2910 intelligendum,
627 2866 669 2899 ut
696 2875 762 2898 au-

115 2912 171 2950 lae
198 2927 259 2951 sex
295 2917 434 2966 priores
472 2919 760 2968 septentrionem

821 731 947 755 versus
978 717 1195 768 spectarint,
1225 718 1387 767 reliquae
1412 730 1475 755 sex

821 774 889 810 illis
929 775 1168 811 adhaerentes
1208 780 1245 812 et
1282 775 1475 823 contiguae

820 831 1005 868 meridiem
1043 844 1188 877 versus;
1228 831 1327 868 uude
1365 832 1475 868 totius

820 888 975 924 aedificii
1006 887 1182 925 exstiterit
1206 889 1323 924 forma
1354 887 1475 938 paral-

818 943 1066 992 lelogramma.

874 1000 916 1047 ἐξ
943 997 1015 1050 μὲν
1042 1015 1143 1050 προς
1173 998 1323 1051 βορέω,
1354 999 1397 1047 ἐξ
1434 997 1476 1037 δὲ

820 1071 922 1107 προς
942 1052 1062 1095 νότον
1079 1055 1354 1108 τετραμμέναι]
1375 1056 1477 1093 Libri

820 1112 984 1149 nonnulli
1005 1114 1145 1164 βορῆν.
1186 1114 1261 1151 Sed
1282 1113 1374 1150 solet
1397 1113 1478 1150 No-

824 1173 898 1206 ster
918 1174 1110 1218 ntrumque
1128 1183 1266 1220 ponere
1286 1182 1419 1215 casum,
1440 1173 1477 1207 et

822 1226 1066 1262 accusativum
1089 1230 1127 1263 et
1149 1227 1360 1275 genitivum.
1392 1226 1475 1262 Vid.

822 1282 859 1328 I,
883 1282 947 1323 84.
979 1282 1034 1330 ΙΙ,
1058 1285 1135 1323 121
1164 1282 1243 1319 coll.
1268 1285 1359 1323 101.
1383 1282 1475 1323 149.

822 1338 896 1385 ΙΙΙ,
931 1341 1021 1379 102.
1082 1338 1184 1388 Ipsas
1215 1339 1316 1375 aulas
1349 1338 1478 1375 duode-

823 1396 891 1431 cim
925 1395 973 1431 ad
1015 1396 1277 1432 astronomicas
1315 1396 1475 1433 rationes

823 1451 954 1488 relatas
985 1451 1060 1487 vult
1077 1452 1257 1489 Gatterer.
1282 1452 1319 1488 in
1348 1465 1475 1489 comm.

825 1508 949 1544 societ.
971 1507 1140 1556 Gotting.
1160 1508 1230 1545 vol.
1245 1508 1297 1544 lX
1317 1521 1403 1559 pag.
1424 1511 1477 1549 60

826 1577 902 1613 seq.
941 1565 1121 1614 probante
1156 1564 1317 1602 Heeren.
1363 1565 1477 1602 ldeen

824 1620 881 1667 ΙΙ,
909 1624 935 1661 2
968 1633 1054 1671 pag.
1077 1622 1156 1662 158
1187 1625 1265 1658 not.
1323 1621 1478 1658 Indicari

826 1677 922 1714 enim
969 1678 1162 1714 tesseraria
1208 1678 1348 1715 ratione
1392 1678 1476 1714 solis

825 1737 982 1770 meatum
998 1746 1066 1783 per
1075 1733 1265 1771 duodecim
1283 1735 1387 1782 signa
1402 1734 1477 1770 Zo-

826 1789 918 1826 diaci
933 1793 1122 1839 totumque
1139 1791 1342 1827 aedificium
1364 1795 1478 1827 astro-

825 1845 969 1882 nomiae
1022 1847 1059 1882 in
1105 1859 1208 1883 usum
1259 1851 1477 1884 exstructum

824 1903 937 1939 fuisse
963 1902 1090 1940 videri.

879 1960 1009 2008 τοῖχος
1045 1956 1088 1997 δὲ
1128 1956 1278 2006 ἔξωθεν
1302 1956 1325 1997 ὁ
1358 1953 1478 2005 αὐτός

824 2027 950 2064 σφεας
971 2013 1179 2066 περιέργει]
1210 2016 1231 2054 i.
1251 2028 1282 2052 e.
1300 2028 1390 2052 unus
1400 2029 1477 2052 mu-

823 2085 882 2108 rus
902 2071 1004 2108 hasce
1022 2072 1127 2108 aulas
1146 2085 1256 2108 omnes
1268 2074 1478 2109 extrinsecus

821 2127 985 2166 includit.
1040 2128 1156 2165 Huius
1186 2141 1273 2166 vero
1300 2129 1392 2164 muri
1420 2132 1479 2165 to-

822 2190 900 2222 tum
923 2184 1115 2233 labyrinthi
1136 2185 1309 2222 ambitum
1327 2186 1477 2234 cingen-

824 2242 871 2278 tis
898 2240 1068 2289 reliquias
1099 2242 1276 2290 quasdam
1307 2254 1347 2278 se
1372 2255 1478 2292 repe-

826 2299 916 2335 risse
926 2301 1106 2334 testantur
1117 2298 1214 2335 docti
1227 2298 1321 2335 Galli
1331 2312 1340 2344 3
1352 2311 1480 2347 quam-

826 2367 936 2404 quam
964 2358 1084 2391 cetera
1113 2355 1189 2392 fere
1215 2356 1337 2391 omnia
1367 2355 1478 2392 ruinis

827 2415 865 2449 et
892 2411 1003 2447 arena
1033 2410 1181 2460 oppleta
1212 2416 1309 2448 sunt.
1384 2411 1479 2449 Vide

825 2467 994 2517 descript.
1018 2467 1064 2503 de
1082 2466 1175 2516 l'Eg.
1196 2467 1217 2504 l.
1239 2468 1262 2505 l.
1292 2467 1478 2506 Mannert.

825 2523 849 2561 l.
870 2524 892 2560 l.
915 2536 1001 2573 pag.
1021 2522 1115 2564 443.

882 2576 1080 2630 οἰκήματα
1115 2574 1154 2618 δ’
1190 2578 1315 2618 ἔνεστι
1343 2578 1478 2630 διπλᾶ]

826 2631 1026 2686 οἰκήματα
1053 2635 1161 2685 vulgo
1193 2637 1479 2686 interpretantur

826 2692 1031 2739 conclavia,
1061 2696 1100 2728 ut
1121 2693 1160 2740 Ι,
1181 2696 1217 2734 9.
1238 2696 1300 2733 10.
1334 2692 1379 2740 ΙΙ,
1399 2695 1478 2733 100

828 2753 895 2786 etc..
926 2749 1122 2796 „Editores
1143 2749 1284 2799 operis:
1303 2749 1477 2799 descript.

829 2806 875 2842 de
893 2805 987 2855 l’Eg.
1010 2804 1079 2841 vol.
1099 2805 1134 2841 ΙΙ
1154 2819 1189 2855 p.
1213 2805 1291 2846 151
1314 2818 1390 2853 seq.
1422 2804 1476 2842 οἰ-

828 2856 881 2911 κη’
886 2877 987 2912 ματα
1003 2861 1037 2897 h.
1049 2860 1072 2897 l.
1090 2874 1158 2912 pro
1176 2864 1321 2898 cameris
1339 2861 1476 2908 (εΙιαηι-

828 2918 921 2967 bres)
943 2917 1134 2968 accipiunt,
1151 2931 1172 2954 a
1194 2918 1324 2967 quibus
1343 2918 1475 2954 distin-
