1759 3324
350 309 434 350 422².

748 306 1218 346 HERODOTI

351 418 519 474 βαίνειν
556 417 752 471 ἐπειρᾶτο
793 415 816 461 ὁ
848 419 1019 472 Κῦρος,
1077 416 1205 461 ἐόντα
1243 417 1374 472 νηυσὶ
1407 414 1615 471 περητὸν,

351 495 544 541 ἐνθαῦτά
575 499 619 541 οἱ
645 500 734 540 τῶν
762 513 826 547 τις
866 497 976 550 ἱρῶν
1015 497 1163 539 ἵππων
1199 499 1288 540 τῶν
1329 498 1499 539 λευκῶν
1528 493 1616 538 ’ὑπὸ

351 576 508 633 ὕβριος
537 575 666 632 ε’σβάς
695 576 737 627 ἐς
763 575 843 619 τὸν
872 574 1094 630 ποταμόν,
1125 576 1367 632 διαβαίνειν
1395 574 1612 629 ἐπειρᾶτο.
1627 579 1674 613 25

351 654 376 700 ὁ
409 656 454 699 δέ
493 671 569 711 μιν
608 653 861 710 συμψήσας,
916 652 1192 710 ὑποβρύχιον
1234 653 1409 710 οἰχώκεε
1450 653 1614 709 φέρων.

323 734 493 789 Ξκάρτα
522 750 566 777 τε
595 733 647 790 δὴ
678 734 924 787 ἐχαλέπαινε
952 737 1013 789 τῷ
1040 737 1222 790 ποταμῷ·
1252 731 1275 776 ὁ
1307 736 1459 788 Κῦρος
1485 736 1616 776 τοῦτο

352 812 610 869 ὑβρίσαντι,
663 813 738 855 καί
768 813 813 854 οἱ
842 811 1119 868 ἐπηπείλησε,
1160 811 1274 855 οὕτω
1306 811 1359 869 δή
1387 828 1465 868 μιν
1493 809 1619 856 ἀσθε-

297 985 406 1035 (XVI
433 998 470 1036 p.
490 987 572 1027 739
594 998 622 1022 s.
643 997 680 1034 p.
706 983 815 1025 1074
835 985 951 1023 vicum

297 1041 458 1094 appellat
496 1041 796 1093 emporiumque,
852 1042 953 1091 quod

297 1104 419 1137 tamen
439 1099 487 1135 ad
505 1111 606 1136 mare
629 1099 747 1148 ipsum
766 1098 826 1134 vix
845 1099 952 1135 situm

298 1168 380 1194 esse
408 1155 562 1192 videtur.
601 1154 822 1204 Xenophon.
853 1154 954 1191 Ana-

298 1212 376 1250 bas.
409 1210 466 1259 ll,
503 1210 556 1259 4,
588 1211 642 1252 25
684 1211 775 1259 (ubi
814 1210 952 1248 consul.

297 1268 478 1317 Kriiger.)
499 1280 670 1317 magnam
687 1272 794 1304 vocat
813 1268 953 1314 urbem,

299 1337 394 1374 quae
436 1337 511 1361 non
547 1324 643 1361 infra
682 1323 848 1373 Tigrim,
888 1323 954 1361 sed

298 1380 449 1419 multum
488 1393 598 1431 supra
629 1381 698 1418 erit
729 1380 952 1418 collocanda.

299 1438 412 1475 Unde
426 1437 658 1475 Herodotum
687 1437 736 1474 de
760 1437 814 1473 his
833 1437 956 1486 regio-

299 1494 405 1532 nibus
436 1506 511 1531 non
539 1498 674 1530 certam
703 1494 868 1530 notitiam
886 1493 954 1529 ha-

301 1550 422 1588 buisse
471 1550 606 1599 colligit
640 1549 839 1587 Rennelius
879 1549 903 1586 l.
929 1548 953 1586 l.

301 1621 338 1657 p.
360 1607 455 1648 466.
493 1606 555 1643 Tu
574 1607 739 1644 conferas
765 1610 955 1657 praeterea

300 1663 464 1712 Breiger.
484 1662 506 1700 l.
537 1661 560 1699 l.
590 1675 676 1713 pag.
703 1663 756 1704 53
787 1667 823 1700 et
847 1661 956 1699 Man-

301 1723 392 1758 nert.
414 1720 552 1768 Geogr.
582 1720 617 1755 d.
639 1720 705 1756 Gr.
725 1732 760 1756 u.
777 1718 884 1756 Ram.
906 1717 953 1765 V,

301 1779 329 1817 2
355 1788 442 1826 pag.
469 1777 551 1817 371
585 1789 688 1825 seqq.
737 1775 813 1819 Qui
840 1787 957 1824 nuper

300 1832 365 1870 has
384 1832 552 1880 regiones
575 1832 765 1880 adierunt,
787 1832 889 1882 Opin
906 1831 957 1867 si-

301 1893 376 1926 tam
404 1889 516 1926 fuisse
543 1890 694 1926 tradunt
727 1889 764 1925 in
790 1901 833 1926 eo
863 1888 955 1934 loco,

302 1944 363 1982 ubi
388 1944 498 1982 hodie
524 1957 658 1995 parvus
685 1945 815 1982 fluvius
840 1944 958 1994 Kufn'

301 2013 415 2049 aquas
441 2013 524 2037 suas
547 2001 673 2038 miscet
691 2013 770 2037 cum
787 2000 954 2049 Tigride.

301 2056 385 2093 Vid.
406 2069 476 2094 van
499 2058 566 2094 der
584 2057 684 2105 Chys
715 2056 738 2093 l.
761 2055 784 2092 l.
800 2069 837 2106 p.
863 2058 955 2097 119.

305 2115 385 2153 120
402 2113 469 2159 (ad
489 2111 632 2149 Arrian.
654 2111 721 2149 Vll
733 2141 744 2159 ,
765 2113 823 2160 8).

359 2170 440 2206 τῶν
475 2182 535 2214 τις
564 2167 662 2219 ἱρῶν
702 2168 838 2207 ’ἵππων
875 2170 955 2206 τῶν

302 2222 481 2274 λευκῶν]
526 2224 586 2261 De
607 2224 661 2261 his
701 2224 803 2273 equis
832 2226 957 2262 confer

303 2280 391 2327 Vll,
411 2281 477 2322 55.
516 2280 593 2316 Soli
627 2280 826 2318 consecrati
853 2282 955 2318 fuere

303 2336 339 2373 hi
363 2338 446 2385 equi
468 2336 636 2385 Iovisque
666 2350 808 2373 currum
833 2337 954 2374 trahe-

303 2393 403 2430 bant.
461 2392 569 2429 Conf.
598 2392 761 2429 Brisson.
800 2393 847 2431 de
874 2406 952 2441 reg.

303 2448 405 2486 Pers.
429 2449 583 2498 princip.
613 2448 645 2484 ll
669 2447 743 2499 §.5
767 2462 868 2498 seqq.
889 2449 954 2497 Ill,

305 2506 371 2546 98.
394 2506 446 2545 99
467 2509 503 2542 et
522 2503 695 2541 Kleuker.
716 2503 886 2556 Append.
905 2506 953 2543 ad

304 2560 523 2598 Zendavest.
552 2560 607 2607 ΙΙ,
635 2562 657 2601 1
684 2573 769 2611 pag.
791 2563 856 2602 86.
886 2563 951 2603 87.

303 2613 455 2655 -ὖπὸ
472 2612 612 2667 ὕβριος
640 2622 714 2654 est:
737 2630 826 2668 prae
849 2618 950 2669 fero-

306 2675 365 2710 cia
383 2686 411 2710 s.
425 2672 637 2722 petulantia.

361 2727 385 2768 ό
404 2727 446 2768 δέ
465 2743 532 2779 μιν
552 2722 790 2778 συμψήσας]
821 2729 952 2767 Gram-

305 2785 424 2822 matici
442 2790 580 2823 veteres
599 2786 658 2833 (ut
677 2785 809 2821 Suidas
833 2799 903 2822 s.V.
917 2791 953 2823 et

307 2841 463 2889 Gregor.
494 2841 658 2878 Corinth.
695 2841 742 2878 de
769 2841 851 2878 dial.
875 2842 953 2880 Ion.

307 2895 344 2948 ἓ.
381 2897 489 2945 104)
531 2891 746 2947 συμψήσας
776 2898 956 2947 explicant

308 2953 549 3006 συντρίψας,
579 2953 678 3004 quod
707 2967 779 3004 quo
805 2960 956 3004 spectet,

1021 984 1167 1022 difficile
1196 985 1294 1022 dictu
1322 985 1465 1023 videtur
1491 986 1678 1036 Schweig-

1020 1041 1220 1089 haeusero,
1261 1041 1331 1078 nisi
1367 1041 1454 1079 illud
1485 1056 1529 1080 eo
1567 1056 1678 1080 sensu

1021 1098 1197 1147 accipias,
1237 1109 1310 1146 quo
1344 1099 1444 1148 apud
1483 1097 1676 1147 Polybium

1022 1155 1291 1203 frequentetur:
1321 1153 1500 1204 frangens
1523 1157 1616 1192 vires
1643 1158 1677 1192 et

1016 1210 1193 1261 ferociam
1210 1213 1310 1259 equi,
1340 1215 1403 1247 aut
1424 1215 1596 1259 evertens,
1615 1211 1675 1249 de-

1021 1267 1188 1313 turbans,
1213 1271 1432 1316 prosternens
1451 1268 1564 1305 illum.
1593 1268 1680 1318 Ipse

1020 1323 1055 1360 V
1058 1323 1150 1361 allae
1161 1323 1498 1374 interpretationem
1511 1325 1677 1362 retinuit:

1023 1383 1246 1429 contorquens
1258 1409 1269 1427 ‚
1299 1392 1520 1429 quamquam
1539 1381 1673 1418 rectius

1021 1437 1175 1474 forsitan
1191 1436 1236 1472 ab
1258 1436 1306 1472 H.
1318 1436 1506 1486 Stephano
1520 1443 1557 1475 et
1572 1441 1677 1487 post-

1022 1493 1133 1530 modo
1165 1505 1187 1529 a
1224 1492 1448 1530 Schneidero
1494 1494 1678 1532 redditum

1021 1548 1176 1586 iudicat:
1205 1547 1386 1585 absorbens
1401 1554 1437 1586 et
1457 1562 1475 1587 e
1493 1553 1678 1600 conspectu

1023 1604 1203 1641 hominum
1226 1604 1426 1642 subducens.
1486 1606 1594 1650 Quae
1622 1607 1680 1642 in-

1021 1661 1233 1711 terpretatio
1264 1662 1369 1698 nobis
1399 1674 1546 1711 quoque
1572 1662 1679 1699 valde

1023 1717 1309 1755 commendatur.
1338 1716 1469 1755 Exstat
1488 1723 1678 1769 praeterea

1022 1773 1209 1811 Iamblichi
1253 1772 1352 1811 locus
1389 1775 1489 1824 apud
1527 1775 1679 1812 Suidam

1023 1830 1188 1879 alterque
1199 1829 1349 1868 Eusebii
1361 1830 1567 1881 philosophi
1579 1831 1679 1881 apud

1024 1887 1222 1924 stobaeum
1257 1887 1410 1936 (Eclog.
1431 1887 1486 1935 11,
1508 1889 1547 1927 9.
1576 1887 1618 1924 P.
1640 1886 1674 1924 Π

1024 1942 1085 1980 t.1
1112 1956 1149 1992 p.
1171 1942 1253 1983 416
1280 1943 1436 1992 Heer.),
1466 1943 1529 1992 qui
1556 1943 1680 1981 Hero-

1024 1999 1170 2036 doteam
1188 1998 1407 2036 locutionem
1435 1999 1565 2036 imitati
1597 2013 1678 2038 esse

1022 2055 1200 2091 videntur.
1258 2054 1355 2092 Add.
1389 2055 1480 2093 Biel.
1512 2055 1550 2092 in
1577 2056 1681 2094 The-

1024 2123 1118 2147 saur.
1150 2109 1279 2148 Philol.
1315 2111 1348 2148 V
1381 2116 1407 2148 t.
1432 2111 1484 2148 111
1520 2125 1558 2162 p.
1583 2111 1679 2154 364.

1025 2166 1129 2210 Quos
1149 2166 1246 2203 locos
1275 2167 1621 2216 Schweighaeusero
1640 2169 1679 2206 in

1022 2222 1114 2260 Lex.
1133 2223 1314 2260 Herodot.
1334 2237 1420 2275 pag.
1445 2225 1528 2265 300
1547 2226 1676 2263 debeo.

1079 2277 1308 2330 ἐχαλέπαινε
1329 2301 1386 2308 -
1416 2283 1534 2319 τοῦτο
1560 2279 1678 2332 »ὑβρί-

1023 2334 1157 2386 σαντι]
1203 2337 1319 2375 τοῦτο
1349 2336 1421 2373 iam
1457 2336 1678 2387 Sylburgius

1022 2392 1071 2429 ad
1091 2392 1252 2429 Brisson.
1275 2393 1297 2430 l.
1325 2392 1347 2429 l.
1374 2393 1446 2441 ΙΙΙ,
1467 2395 1521 2435 98
1552 2407 1679 2432 emen·
1748 2398 1750 2442 ξ

1022 2449 1171 2486 daverat
1190 2462 1258 2499 pro
1274 2445 1400 2502 τούτῳ
1413 2481 1424 2498 ,
1454 2462 1527 2499 quo
1544 2451 1678 2488 intelli-
1748 2446 1750 2451 ’

1023 2509 1130 2554 gatur
1149 2506 1302 2552 fluvius,
1333 2508 1396 2556 qui
1424 2507 1531 2543 istam
1561 2509 1594 2544 ei
1615 2507 1679 2557 fe-
1746 2535 1747 2540 η

1023 2565 1120 2598 cerat
1155 2563 1336 2598 iniuriam.
1406 2561 1513 2599 Unus
1550 2563 1679 2601 Schel-

1022 2617 1283 2655 lershemianus
1340 2617 1432 2655 liber
1487 2620 1678 2656 confirmat

1019 2673 1112 2711 hanc
1131 2674 1433 2721 emendationem,
1449 2674 1576 2725 reliqui
1593 2688 1680 2725 pra-

1019 2743 1065 2767 ve
1084 2729 1268 2778 vulgatam
1298 2735 1508 2778 sequuntur.
1567 2732 1676 2769 Conf.
1740 2743 1743 2768 s

1021 2785 1096 2832 ΙΙΙ,
1120 2787 1210 2826 118.
1237 2807 1286 2813 —-
1313 2785 1372 2822 Ad
1399 2799 1474 2824 rem
1494 2789 1675 2836 quaedam

1023 2842 1168 2879 disserit
1192 2841 1417 2890 Larcherus,
1447 2843 1578 2892 quibus
1600 2844 1676 2893 Cy-
1721 2827 1739 2898 'J

1024 2911 1102 2935 rum
1125 2899 1416 2948 superstitiosum
1439 2904 1598 2948 excuset,
1623 2901 1676 2936 ita

1024 2960 1196 3005 agentem
1209 2983 1220 3002 ,
1243 2955 1414 3006 quoniam
1434 2955 1531 2995 idem
1544 2985 1556 3005 ‚
1574 2957 1674 3008 quod
1735 3003 1736 3006 Ἰ
