1768 3315
241 371 309 417 99

34 436 148 471 Quibus
170 436 316 464 institutis·

34 479 159 506 reguum
178 470 315 498 firmarit.

367 255 451 294 254

781 253 1251 294 HERODOTl

484 363 632 405 Ταῦτα
660 361 740 418 μὲν
772 363 826 420 δή
857 362 881 408 ὁ
904 363 1099 422 Δηϊόκης
1128 364 1277 422 ἑωυτῷ
1297 381 1341 408 τε
1362 364 1529 422 ἐτείχεε,
1559 368 1634 410 καὶ

454 441 464 456 l
541 440 551 455 ἱ
589 440 602 456 f
732 446 750 454 -r
811 444 821 459 5
856 444 867 459 Ι
1005 444 1013 458 ἱ
1103 444 1114 458 ἱ
1167 444 1188 458 ,Ι
1370 450 1387 457 ¹-
1554 446 1563 460 Ι

373 457 469 496 περι
499 458 553 484 τα
582 458 750 486 εωυτου
779 457 918 487 οικια·
964 461 1044 488 τον
1074 446 1120 488 δε
1162 449 1294 488 αλλον
1333 447 1473 501 δημον
1513 448 1636 501 περιξ

338 521 538 566 Ξέκέλευε
574 519 624 564 τό
654 526 791 577 τεῖχος
822 523 991 566 οἰκέειν.
1041 525 1425 580 οἰκοδομηθέντων
1455 526 1502 569 δὲ
1529 525 1634 569 πάν-

369 617 479 654 των,
527 598 697 656 κόσμον
740 600 867 645 τόνδε
906 603 1098 659 Δηϊόκης
1133 603 1307 658 πρῶτός
1337 605 1421 647 ἐστι
1454 605 1476 648 ὁ
1508 612 1692 648 κατα-70

370 678 661 736 στησάμενος·
691 678 796 736 μήτε
825 680 987 725 ἐσιέναι
1014 682 1134 738 παρὰ
1163 684 1342 739 βασιλέα
1363 684 1550 740 μηδένα,
1581 683 1634 728 δι’

370 758 566 817 ἀγγέλων
596 759 644 803 δὲ
681 758 826 804 πάντα
854 761 1081 817 χρέεσθαι,
1141 761 1338 818 ὁρᾶσθαί
1370 780 1415 807 τε
1455 762 1636 820 βασιλέα

371 839 460 885 ὖπό
492 837 700 896 μηδενός·
758 840 872 895 πρός
901 856 946 884 τε
972 839 1168 885 τούτοισι
1198 842 1280 894 ἔτι,
1319 845 1450 898 γελᾶν
1484 859 1529 886 τε
1561 842 1637 886 καὶ

370 919 522 964 πτύειν
558 917 710 964 ἀντίον
745 920 821 964 καὶ
861 918 997 964 ἅπασι
1031 917 1145 965 εἶναι
1179 920 1311 966 τοῦτό
1357 937 1407 978 γε
1444 920 1634 978 αἰσχρόν.

315 1112 520 1146 structurae
554 1118 670 1156 genus
709 1104 893 1156 hodieque
931 1105 969 1142 in

315 1165 436 1203 multis
458 1164 557 1215 apud
586 1164 762 1201 Sinenses
795 1168 831 1200 et
858 1162 970 1199 Indos

314 1221 461 1272 oppidis
473 1221 624 1271 reperiri
642 1223 766 1257 monet
784 1219 920 1269 Caylus
932 1220 972 1256 in

314 1278 412 1315 Hist.
454 1279 501 1315 de
529 1276 668 1314 l'Acad.
691 1276 758 1315 des
786 1276 970 1328 Inscriptt.

314 1334 443 1372 XXXI
461 1347 498 1385 p.
514 1333 608 1374 42.“
640 1332 708 1370 Cr.

507 1418 539 1456 C
551 1431 573 1456 a
582 1431 619 1469 p.
649 1417 787 1456 XCIX.

371 1525 427 1532 -
451 1498 606 1555 πρῶτός
628 1501 710 1542 ε’στι
739 1500 760 1542 ὁ
781 1513 974 1552 καταστη-

316 1557 508 1611 σάμενος·
541 1556 639 1611 μήτε
664 1557 812 1599 ἐσιέναι
830 1574 864 1598 κ.
877 1573 909 1596 τ.
923 1556 973 1608 λ.]

318 1619 431 1662 Quod
451 1617 542 1654 dixit
562 1613 711 1667 κόσμον
725 1645 736 1663 ,
766 1617 789 1653 i.
809 1630 840 1654 e.
862 1616 974 1652 ratio-

317 1688 400 1712 nem
420 1679 529 1723 atque
549 1674 715 1710 ordinem
737 1672 880 1722 imperii
908 1672 973 1709 ad-

316 1731 547 1769 ministrandi
573 1743 774 1779 regemque
799 1729 973 1776 adeundi,

316 1788 355 1825 id
390 1800 468 1836 seq.
498 1800 576 1838 cap.
607 1787 696 1824 dixit
731 1786 972 1836 διακοσμεῖν.

317 1866 374 1872 -
408 1844 468 1881 De
495 1843 677 1881 locutione
716 1838 765 1882 δι’
797 1838 973 1895 ἀγγέλων

316 1903 411 1939 conf.
441 1901 477 1948 I,
502 1903 568 1942 69.
626 1900 749 1938 Verbo
785 1897 974 1950 χρὲεσθαι

317 1970 366 1996 ne
385 1958 466 2006 quis
489 1957 638 1994 miretur
658 1957 900 1994 accusativum
921 1955 974 1992 rei

316 2015 536 2051 adiunctum.
594 2012 693 2050 Nam
709 2010 895 2063 χρέεσθαι
916 2011 974 2048 hic

315 2070 518 2118 significat:
549 2068 743 2116 consulere,
766 2072 881 2118 petere
905 2068 974 2104 sibi

315 2138 534 2176 responsum,
578 2137 728 2174 rogare,
757 2125 972 2175 plerumque

315 2183 353 2219 in
389 2183 498 2219 rebus
533 2183 667 2229 sacris,
698 2181 852 2218 oraculis
890 2185 972 2228 etc.,

315 2243 355 2276 ut
374 2238 437 2286 IV,
463 2237 553 2280 155.
584 2238 656 2286 ΙΙΙ,
677 2238 742 2279 57.
773 2237 811 2284 Ι,
835 2239 886 2279 85
908 2236 971 2274 ali-

314 2296 421 2344 isque
441 2295 478 2331 in
501 2294 611 2342 locis,
649 2307 742 2343 quos
767 2293 969 2343 Schweigh.

315 2351 355 2388 in
373 2351 510 2389 Lexico
534 2351 749 2389 Herodoteo
783 2351 912 2388 excitat
939 2363 969 2387 S.

315 2421 349 2445 v.
382 2407 459 2444 Iam
481 2407 569 2456 quid
601 2408 773 2457 impedit,
803 2421 876 2456 quo
902 2407 970 2444 mi-

314 2477 383 2501 nus
405 2464 506 2513 quod
535 2464 582 2501 de
603 2465 672 2500 diis
691 2464 800 2513 vulgo
827 2464 968 2511 dicitur,

313 2534 407 2570 quos
435 2519 645 2558 sciscitaturi
681 2525 718 2559 et
752 2533 969 2571 responsum

314 2578 462 2628 petituri
485 2578 653 2628 precibus
676 2578 776 2615 adire
796 2577 969 2624 solemus,

314 2633 385 2671 hoc
404 2633 483 2671 loco
514 2634 643 2671 eodem
662 2634 739 2672 iure
762 2635 903 2671 dicatur
922 2635 970 2672 de

314 2690 382 2738 iis,
421 2691 483 2739 qui
512 2703 638 2738 regem
667 2704 865 2737 summum,
908 2690 970 2740 qui

318 2747 400 2797 ipse
423 2747 531 2783 deum
566 2747 671 2796 quasi
698 2752 759 2784 aut
785 2752 882 2784 certe
912 2747 972 2785 dei

319 2803 474 2841 similem
495 2816 536 2840 se
552 2803 678 2841 haberi
690 2804 852 2850 voluerit,
883 2804 973 2841 ade-

319 2864 384 2897 ant
399 2859 543 2910 petituri
566 2872 609 2896 ac
626 2860 787 2908 rogaturi
800 2858 819 2895 2
846 2860 972 2903 Quare

318 2929 467 2955 sensum
496 2916 644 2966 quidem
668 2916 791 2954 reddit
812 2917 880 2954 sed
904 2917 973 2954 mi-

1038 1117 1107 1143 nus
1136 1110 1303 1145 accurate
1327 1107 1486 1157 vulgaris
1513 1108 1694 1158 interpre-

1039 1162 1150 1200 tatio:
1178 1167 1219 1200 ut
1238 1176 1304 1213 per
1322 1166 1558 1201 internuncios
1579 1167 1695 1202 omnia

1042 1222 1360 1269 ἱναηεῖξθτεηέιινέζ
1417 1221 1476 1258 Ad
1499 1233 1693 1270 argumen-

1039 1281 1117 1313 tum
1144 1277 1262 1328 ipsum
1288 1278 1388 1327 quod
1418 1277 1567 1325 attinet,
1596 1277 1694 1315 idem

1041 1332 1131 1369 illud
1168 1333 1316 1371 Deiocis
1356 1335 1582 1381 institutum,
1621 1347 1696 1384 quo

1039 1402 1148 1438 reges
1167 1391 1304 1427 nemini
1334 1404 1375 1428 se
1405 1392 1508 1441 ipsos
1536 1390 1697 1428 adeundi
1766 1387 1768 1390 ’

1041 1445 1249 1484 facultatem
1267 1447 1501 1498 permittant,
1531 1447 1597 1484 sed
1626 1459 1695 1497 per
1764 1468 1765 1475 κ

1041 1502 1287 1541 internuncios
1317 1504 1439 1540 omnia
1475 1504 1695 1553 transigant,
1763 1505 1765 1519 *

1042 1560 1131 1609 quin
1155 1561 1249 1597 adeo
1269 1560 1414 1611 populis
1433 1559 1616 1598 rarissime
1639 1560 1695 1596 sui
1762 1584 1763 1600 ;

1041 1617 1157 1666 ipsius
1169 1617 1380 1666 adspectum
1388 1616 1601 1667 praebeant,
1619 1629 1696 1652 non

1041 1672 1159 1709 solum
1180 1673 1229 1709 ad
1247 1673 1380 1710 Persas
1397 1672 1589 1710 transiisse
1609 1672 1695 1709 stri-

1041 1732 1171 1778 cteque
1200 1729 1431 1767 observatum
1459 1742 1543 1767 esse
1575 1728 1696 1766 multis

1043 1798 1064 1823 e
1092 1786 1331 1834 testimoniis,
1387 1798 1481 1835 quae
1517 1785 1698 1822 Brissonii

1041 1841 1187 1891 collegit
1202 1842 1381 1879 industria
1399 1842 1468 1890 (de
1484 1854 1564 1890 reg.
1573 1841 1697 1879 Perss.
1758 1864 1759 1872 κ

1040 1899 1193 1949 princip.
1215 1899 1251 1945 Ι,
1271 1902 1326 1940 27
1347 1911 1426 1947 seq.
1458 1911 1496 1948 p.
1520 1898 1574 1938 34
1591 1911 1696 1947 seqq.
1758 1900 1759 1906 ’

1041 1954 1175 2002 coll.l‚
1206 1958 1289 1996 292
1316 1967 1402 2004 pag.
1430 1955 1555 2003 287),
1596 1967 1696 1991 com-

1040 2015 1183 2061 pertum
1203 2011 1401 2057 habemus,
1429 2023 1557 2048 verum
1585 2011 1696 2048 etiam
1755 2021 1757 2048 ὲ

1040 2068 1170 2104 ceteris
1201 2068 1448 2105 Orientalibus
1471 2067 1695 2118 principibus

1040 2136 1229 2161 commune
1269 2125 1346 2162 sere
1382 2123 1498 2161 fuisse
1533 2124 1696 2161 indicant

1041 2193 1084 2217 ea
1097 2208 1108 2226 ‚
1139 2193 1233 2230 quae
1252 2180 1383 2217 similia
1403 2180 1450 2217 de
1459 2179 1695 2229 Assyriorum

1039 2237 1188 2285 regibus
1221 2237 1450 2288 accepimu5‚
1485 2238 1538 2274 uti
1570 2237 1695 2274 monui

1040 2294 1087 2330 ad
1115 2293 1264 2332 Ctesiae
1291 2295 1459 2343 fragmm.
1495 2306 1583 2345 pag.
1614 2296 1697 2336 126

1039 2363 1117 2399 seq.

1095 2402 1193 2458 μήτε
1218 2403 1364 2445 ἐσιέναι
1393 2402 1500 2457 παρὰ
1532 2404 1695 2458 βασιλέα

1036 2478 1072 2503 κ.
1094 2478 1126 2502 τ.
1151 2465 1200 2509 λ.]
1231 2462 1375 2500 Eodem
1402 2464 1513 2500 modo
1538 2463 1597 2500 hic
1625 2463 1695 2500 sibi

1038 2523 1277 2571 opponuntur
1302 2513 1426 2569 μήτε
1462 2524 1499 2557 et
1524 2517 1589 2566 δὲ,
1620 2533 1694 2570 quo

1037 2576 1190 2624 infraI,
1218 2576 1298 2616 108
1329 2573 1446 2616 οὔτε
1469 2597 1523 2605 -
1553 2574 1608 2616 δέ
1633 2577 1697 2614 ubi

1038 2634 1112 2671 vid.

1095 2686 1239 2736 -έ’τι,
1261 2689 1381 2740 γελᾶν
1399 2702 1442 2728 τε
1469 2686 1538 2728 καὶ
1557 2683 1696 2728 πτύειν

1041 2741 1199 2793 ἆντίον,
1229 2743 1297 2783 καὶ
1327 2742 1452 2785 ἅπασι
1483 2741 1586 2785 εἶναι
1605 2748 1697 2785 τοῦ-

1039 2799 1158 2854 τόγε
1186 2798 1372 2853 αἰσχρόν]
1411 2801 1499 2841 καὶ
1528 2798 1696 2842 ἅπασι
1742 2842 1743 2861 ἢ

1039 2864 1138 2897 recte
1160 2858 1329 2908 explicuit
1347 2859 1570 2908 Schweigh.:
1588 2861 1696 2896 etiam
1741 2871 1743 2892 π

1040 2916 1138 2966 (vel)
1166 2915 1340 2964 omnibus,
1365 2928 1510 2966 prorsus
1528 2917 1693 2954 omnibus.
1740 2915 1742 2922 ’
