1777 3324
350 288 438 327 886

192 396 216 440 l
225 396 289 441 Sl

20 461 158 488 Amicitia
182 464 210 487 et
231 460 294 488 soe-

20 494 74 521 dus
108 503 172 521 cum
200 495 294 529 Cyre-

19 529 121 567 naeis:
143 536 213 555 uxor
231 528 291 567 μγ·
504 555 522 570 ,Ι
552 552 562 567 ,
599 553 610 567 ,
775 552 783 564 l
889 552 899 567 r
1051 556 1086 571 ιο
1339 553 1346 564 ¹
1451 554 1469 568 ’¹
1596 553 1605 567 ¹

19 561 292 622 fissssssffssoffl'ffii
347 559 452 606 θεν,
483 570 542 597 ειτ
594 558 864 608 επιθυμησας
896 557 1139 609 Ελληνιοος
1169 569 1396 608 γυναικος,
1430 568 1511 595 ate
1536 569 1611 594 καί

20 628 291 689 ssssssmfffiffffleffi
320 631 493 684 Ξᾶλλως
522 630 754 688 φιλότητος
785 631 1055 687 Κυρηναίων
1085 634 1238 675 εἵνεκα.
1279 632 1426 686 γαμέει
1458 628 1502 674 δ’
1534 625 1611 682 οἷν,

21 695 87 722 dem
98 701 200 731 postea
209 696 294 723 Cam-

20 729 97 769 bysq
119 730 235 769 victorq
264 730 295 756 in

21 767 148 798 patrnam
162 771 296 791 remissa.

354 793 398 834 οἷ
427 791 492 841 δὲ,
531 788 858 844 Κριτοβούλου,
897 788 1062 843 ἀνδρὸς
1099 793 1186 832 τῶν
1223 789 1367 832 ἀστῶν
1406 791 1610 845 δοκίμου·

764 284 1228 324 HERODOTI

461 394 751 451 Κυρηναίοισι
796 395 841 438 δὲ
875 393 1057 449 ’Ἄμασις
1089 391 1296 448 φιλότητά
1327 409 1370 436 τε
1400 393 1473 436 καὶ
1504 401 1668 449 συμ-65

349 475 507 532 μαχίην
536 472 822 529 συνεθήκατο,
855 475 1078 517 ἐδικαίωσε
1110 473 1154 516 δὲ
1192 473 1264 515 καὶ
1304 476 1440 528 γῆμαι
1480 471 1611 516 αὐτό-

356 714 399 755 οἱ
428 711 505 767 μὲν
534 710 709 766 λέγουσι
741 709 934 762 Boinasa,
967 714 1009 754 οἱ
1035 710 1069 754 δ’
1096 709 1343 764 Ἀρκεσίλεω
1373 710 1610 765 θυγατέρα,
1624 717 1669 749 70

323 873 409 925 3τῇ
448 867 619 923 οὔνομα
657 864 712 923 ἦν
742 869 921 923 Λαδίκη.
979 871 1032 923 τῇ
1074 867 1163 911 ἐπεί
1202 883 1246 911 τε
1281 869 1557 923 συγκλίνοιτο
1587 867 1610 912 ὁ

295 1077 522 1113 datissimum
550 1089 592 1113 ex
622 1075 795 1125 Aegypto
816 1086 948 1125 prove-

299 1134 378 1170 nire
396 1133 596 1181 dicebatur,
614 1132 817 1183 proximum
837 1130 949 1168 eMe-

294 1189 331 1226 lo
359 1189 487 1226 insula.
545 1189 675 1227 Monet
708 1201 795 1225 vero
826 1187 949 1225 Beck-

292 1258 415 1284 mann.
446 1247 492 1282 ad
512 1245 699 1283 Aristotel.
721 1245 768 1281 de
796 1244 948 1281 mirabb.

296 1315 376 1353 cap.
403 1304 481 1343 139
515 1315 552 1352 p.
571 1304 650 1343 281
678 1301 810 1348 salem,
841 1313 950 1350 quem

294 1372 362 1396 nos
398 1359 564 1395 aluminis
595 1358 768 1406 (Alaun)
803 1357 951 1394 nomine

294 1415 459 1453 novimus
484 1444 495 1461 ,
553 1419 694 1452 veteres
745 1415 949 1463 ignorasse,

295 1484 450 1521 quorum
491 1472 634 1508 alumen
674 1484 701 1508 s.
732 1469 950 1519 στυπτηρία

295 1528 395 1565 haud
419 1529 529 1566 dubie
544 1528 654 1565 suerit
666 1527 863 1565 vitrioleum
885 1528 949 1562 im-

289 1597 418 1635 purum.
467 1584 656 1632 (unrez‘nes
703 1582 949 1629 Ez'senvz'trz'ol‚

294 1641 403 1690 quale
423 1654 443 1679 e
461 1641 644 1692 lapidibus
669 1640 852 1678 dissolutis
873 1644 948 1676 sta-

294 1697 496 1734 lactitarum
507 1698 544 1734 in
553 1698 702 1735 modum
718 1697 804 1733 oriri
823 1696 949 1744 solet).

291 1754 393 1792 Idem
423 1755 514 1791 citat
545 1753 711 1791 aluminis
747 1753 948 1799 historiam,

294 1823 405 1859 quam
424 1811 567 1848 dederit
584 1810 621 1846 in
642 1813 851 1847 commentt.
874 1822 946 1845 soc.

295 1867 399 1904 Gott.
420 1867 436 1903 I
462 1871 500 1905 et
519 1866 729 1904 Geschicht.
749 1867 784 1902 d.
805 1866 945 1902 Erfind.

292 1923 328 1961 ΙΙ
345 1937 381 1974 p.
399 1926 465 1965 92.
525 1924 618 1970 Qui,
649 1923 701 1959 uti
719 1923 873 1969 videtur,
904 1933 948 1958 ex

292 1979 528 2028 Bergmanno
567 1992 633 2017 sua
660 1979 808 2025 sumsit,
848 1979 946 2015 cuius

295 2035 413 2073 locum
443 2037 652 2086 primarium
680 2038 843 2085 (opuscc.
865 2035 949 2071 che-

295 2093 376 2129 mic.
395 2096 432 2129 et
452 2093 557 2142 phys.
579 2093 595 2130 I
623 2106 659 2142 p.
683 2093 784 2139 281)
810 2103 950 2129 mecum

294 2149 570 2185 communicavit
586 2148 814 2186 doctissimus
837 2148 952 2184 Gme-

294 2203 421 2251 linius,
445 2205 499 2240 vir
515 2205 643 2241 harum
663 2217 781 2241 rerum
803 2204 951 2254 peritis-

298 2260 422 2296 simus.
483 2260 708 2297 Graecorum
738 2261 833 2297 enim
865 2272 950 2298 στυ-

296 2314 467 2365 πτηρία,
509 2320 551 2352 ut
578 2316 800 2364 Bergmann.
833 2316 954 2361 docet,

297 2377 337 2409 et
368 2372 619 2408 Romanorum
655 2371 794 2408 alumen
834 2372 955 2408 nativa

299 2432 378 2465 erat
398 2428 551 2465 materia
569 2431 608 2464 et
631 2439 653 2463 a
673 2427 747 2464 sale
761 2456 771 2474 ,
802 2428 864 2475 qui
888 2439 955 2462 no-

300 2485 381 2521 stris
417 2484 546 2521 diebus
580 2483 649 2520 hoc
687 2495 819 2520 nomen
849 2483 955 2531 gerit,

298 2540 453 2578 multum
499 2539 704 2576 differebat.
762 2538 822 2575 Ad
848 2538 957 2575 stala-

300 2597 469 2633 ctitarum
483 2609 598 2644 genus
617 2596 836 2646 pertinuisse
855 2595 957 2631 vide-

300 2658 381 2699 tur,
412 2656 450 2689 et
471 2653 499 2688 si
519 2653 605 2701 quid
633 2651 795 2688 aluminis
818 2651 957 2698 habuit,

300 2708 370 2746 hoc
392 2708 520 2745 saltem
553 2708 750 2744 admodum
778 2708 845 2744 fuit
870 2719 957 2757 par-

302 2778 381 2802 cum
400 2768 436 2802 et
455 2764 627 2801 vitriolica
638 2764 789 2801 materia
805 2763 957 2800 exomni

301 2825 407 2872 parte
442 2820 655 2857 involutum.
714 2819 956 2865 Factitccium,

305 2877 408 2926 quod
429 2877 562 2913 nostris
581 2877 802 2926 temporibus
821 2876 957 2911 alumen

304 2934 426 2980 audit,
462 2934 500 2970 in
518 2933 657 2971 oriente
683 2933 742 2980 (ut
757 2933 852 2969 idem
873 2945 956 2982 per-

1016 1075 1071 1124 git
1098 1074 1341 1123 Bergmann.)
1379 1075 1534 1125 primurn
1565 1075 1671 1112 inno-

1017 1132 1110 1178 tuit,
1141 1132 1207 1168 sed
1235 1131 1405 1180 quando,
1435 1132 1499 1168 ubi
1524 1135 1560 1168 et
1581 1144 1672 1180 quo-

1017 1188 1148 1234 modo,
1177 1187 1278 1224 latet.
1325 1188 1384 1224 Ob
1406 1188 1600 1238 stypticam
1618 1189 1673 1224 fa-

1018 1244 1188 1281 cultatem
1213 1256 1391 1292 usumque
1411 1244 1448 1280 in
1468 1248 1545 1281 arte
1568 1244 1673 1281 chro-

1019 1301 1152 1337 matica
1170 1305 1205 1337 et
1223 1300 1376 1337 coriaria
1391 1300 1541 1337 similem
1558 1313 1673 1337 novus

1019 1357 1070 1394 sal
1091 1357 1224 1394 veteris
1254 1356 1401 1393 retinuit
1427 1369 1581 1404 nomen,
1611 1357 1673 1405 qui

1019 1414 1104 1450 dein
1115 1413 1224 1461 Misy,
1244 1413 1338 1460 Sory
1356 1411 1412 1449 vel
1433 1417 1674 1450 atramentum

1019 1470 1195 1506 sutorium
1213 1469 1416 1519 appellatus
1435 1470 1514 1506 fuit.
1574 1470 1673 1506 Con-

1016 1531 1090 1563 stat
1113 1539 1197 1563 vero
1217 1525 1380 1562 aluminis
1407 1526 1588 1574 coquendi
1615 1538 1674 1562 ar-

1016 1587 1090 1620 tem
1117 1583 1174 1619 vix
1202 1582 1373 1619 trecentis
1406 1582 1536 1618 abhinc
1568 1582 1673 1618 annis

1017 1651 1039 1675 a
1067 1639 1173 1687 SJTia
1210 1639 1258 1676 ad
1300 1638 1490 1689 Europam
1526 1637 1673 1676 allatam

1017 1708 1109 1733 esse.

1187 1835 1296 1887 Cap.
1328 1834 1533 1873 CLXXXI.

1073 1920 1340 1972 Κυρηναίοισι
1381 1916 1430 1958 δὲ
1457 1916 1675 1971 ’Ἄμασις

1017 1972 1211 2027 φιλότητά
1253 1974 1318 2026 τε]
1382 1976 1506 2013 Secuti
1553 1988 1674 2013 sumus

1017 2034 1220 2082 Schweigh.
1243 2038 1282 2071 et
1303 2032 1419 2069 Gaisf.
1437 2033 1488 2069 ita
1508 2033 1674 2080 edentes,

1017 2104 1085 2141 pro
1113 2091 1210 2139 vulg.
1244 2088 1513 2141 Κυρηναίοισι
1553 2083 1597 2128 δ’
1627 2087 1676 2134 ἒς

1020 2142 1294 2196 ἀλλήλους,
1338 2158 1433 2194 quae
1465 2158 1509 2183 ex
1538 2145 1677 2194 glosse-

1018 2209 1118 2242 mate
1136 2205 1174 2240 in
1193 2208 1332 2241 textum
1347 2203 1536 2253 irrepsisse
1548 2202 1676 2240 viden-

1019 2264 1090 2297 tur.

1080 2313 1122 2354 οἱ
1147 2311 1219 2365 μὲν
1244 2312 1401 2365 λέγουσι
1420 2310 1598 2361 Βάττεω,
1636 2312 1678 2353 οἷ

1023 2366 1061 2410 δ’
1085 2367 1313 2421 Ἀρκεσίλεω
1336 2368 1560 2421 θυγατέρα]
1591 2370 1675 2406 Bini

1022 2427 1124 2473 libri,
1153 2426 1350 2462 accedente
1384 2425 1509 2463 Vallae
1539 2427 1677 2463 versio-

1022 2495 1091 2529 ne,
1121 2482 1294 2518 afferunt:
1327 2477 1483 2520 Βάττεω
1504 2484 1577 2521 τοῦ
1594 2477 1674 2531 Ἀρ-

1021 2538 1182 2577 κεσίλεω
1201 2537 1326 2585 Batti,
1353 2538 1530 2575 Arcesilai
1553 2538 1675 2586 (filii);

1025 2595 1126 2643 quod
1153 2595 1271 2631 verius
1303 2599 1407 2644 putat
1438 2595 1675 2643 lVesseling„

1025 2664 1105 2688 cum
1146 2651 1284 2700 optime
1313 2655 1348 2687 et
1379 2663 1437 2688 res
1470 2656 1505 2688 et
1532 2655 1676 2701 tempus

1025 2711 1224 2756 congruat,
1256 2707 1284 2743 si
1309 2707 1454 2755 quidem
1472 2707 1601 2743 Battus
1620 2707 1678 2745 ille

1024 2762 1195 2812 aequales
1242 2762 1407 2799 habuerit
1451 2762 1599 2813 Apriem
1640 2768 1678 2801 et

1023 2819 1174 2856 Amasin
1186 2818 1324 2855 Nostro
1344 2823 1491 2856 auctore
1506 2819 1568 2865 IV,
1583 2819 1676 2867 159,

1023 2875 1124 2912 Batti
1144 2888 1227 2912 vero
1246 2874 1357 2911 filium
1373 2874 1594 2912 Arcesilaum
1611 2876 1677 2913 mi-

1024 2944 1092 2968 nor
1111 2937 1211 2968 aetas
1233 2930 1410 2969 excludat.
