1759 3324
520 234 1043 274 EUTERPEH.
1322 238 1406 277 647

1457 353 1696 388 ffippopotmnus
1706 358 1736 385 {n

1457 394 1516 421 qua
1545 389 1737 422 praefectura

1457 428 1561 480 ancer:
1593 422 1737 452 describi-

139 347 400 403 Παπρημίτῃ
432 346 521 398 ἱροί
551 346 649 394 εἰσι,
699 349 810 386 τοῖσι
842 344 886 386 δὲ
918 342 1086 386 ἄλλοισι
1118 345 1399 399 Αἰγυπτίοισι

107 426 224 470 Ξούκ
252 425 350 479 ἱροί.
412 421 546 478 φύσιν
576 421 621 465 δὲ
649 422 912 478 παρέχονται
951 424 1066 479 ἰδέης
1096 422 1288 480 τοιήνδε’
1329 439 1398 466 τε-

133 503 330 560 τράπουν
356 501 464 552 ἐστὶ,
497 502 693 556 δίχηλον,
727 501 856 545 ὁπλαὶ
886 502 1016 558 βοὸς,
1046 501 1199 558 σιμὸν,
1234 502 1399 559 λοφιήν

131 584 232 640 ἕχον
271 584 431 632 ἵππου,
481 580 795 636 χαυλιόδοντας
835 587 1021 638 φαῖνον,
1082 580 1223 637 οὐρὴν
1261 583 1402 626 ἵππου

74 806 132 840 tre
166 802 262 839 coire
296 800 391 838 velit.
458 800 654 836 Caeterum
692 805 729 837 et

74 858 178 895 huius
209 857 336 908 capitis
366 859 404 893 et
436 869 514 905 cap.
534 858 586 897 73
621 869 730 904 argu-

73 919 234 952 mentum
257 914 446 950 Hecataeo
476 912 620 949 Milesio
651 912 730 949 No-

798 801 937 852 phanto
956 815 1037 840 esse
1063 802 1207 852 prodit·⁷
1237 801 1373 839 Plinius
1393 815 1460 841 ve-

798 872 839 895 ro
865 859 969 907 (hist.
991 861 1065 896 nat.
1089 859 1195 906 VIII,
1218 859 1283 900 25.
1315 859 1381 906 IX,
1402 862 1457 901 12

75 976 189 1009 strum
210 971 345 1007 debere
362 969 474 1006 tradit
493 968 632 1018 Porphy
643 983 668 1005 r.
692 970 730 1006 in

72 1027 220 1066 Eusebii
239 1039 364 1077 praep.
385 1039 438 1063 εν.
459 1025 632 1075 Xp.466
645 1025 725 1062 coll.

74 1085 248 1123 Creuzer.
282 1084 449 1131 fragium.
479 1083 620 1131 antiqq.
648 1083 729 1119 hist.

72 1154 159 1193 pag·
179 1142 233 1205 19
254 1153 357 1189 seqq-

130 1192 257 1246 φύσιν
297 1218 353 1224 ——-
384 1193 442 1234 ἰδέ
425 1210 490 1245 ρης
533 1191 724 1246 τοιήνδε]

75 1252 180 1294 ἰδέα
221 1254 270 1290 ad
302 1253 458 1302 speciem
500 1256 538 1290 et
574 1253 728 1290 solmam

73 1311 234 1361 corporis
270 1310 437 1359 pertinet.
512 1308 594 1346 Vid.
634 1314 726 1345 nott.

75 1368 126 1406 ad
149 1366 329 1404 Plutarch.
349 1365 505 1403 Flamin.
522 1378 607 1415 pag.
627 1369 693 1406 77.

132 1418 261 1472 φύσιν
277 1418 319 1460 δὲ
338 1421 576 1474 παρέχονται
590 1437 624 1460 κ.
636 1438 666 1460 τ.
677 1420 726 1472 λ.]

72 1479 251 1530 Respexit
270 1478 362 1515 haec
387 1478 603 1516 Aristoteles
621 1479 669 1515 H.
682 1478 726 1515 A.

72 1536 126 1583 II,
148 1539 173 1577 7
195 1535 270 1583 (II,
290 1534 317 1575 4
336 1535 610 1583 ed.Sch11eid.),
630 1536 730 1573 unde

72 1594 217 1643 potiora
243 1592 465 1630 adscribam:
497 1590 521 1631 ό
541 1589 583 1630 δὲ
607 1591 730 1638 ἵππος

74 1647 95 1688 ὅ
112 1644 306 1698 ποτάμιος
327 1645 346 1687 ὅ
372 1647 414 1687 ἐν
435 1643 626 1701 Αἰγύπτῳ
646 1648 727 1699 χαί-

73 1719 147 1755 την
175 1702 246 1755 μὲν
281 1703 380 1754 ἔχει,
419 1701 550 1755 ὥσπερ
581 1704 726 1754 ἵππος,

75 1762 237 1812 δίχηλον
255 1756 295 1800 δ’
313 1759 438 1806 ἐστὶν,
467 1757 599 1831 ὥσπερ
614 1762 727 1812 βοῦς,

73 1813 205 1868 τηνδ’
225 1814 325 1866 ὄψιν
352 1813 483 1866 σιμός·
515 1816 727 1868 ἔχειδὲκαὶ

73 1869 342 1938 ἄστραγαλον,
367 1871 499 1927 ὥσπερ
515 1871 567 1943 Γτοὶ
588 1874 726 1925 δίχηλα

72 1929 142 1970 καὶ
179 1926 459 1981 χαυλιόδοντας
499 1946 725 1981 υποφαινο-

72 1985 235 2055 μένους,
274 1985 416 2038 κέρκον
443 1985 485 2026 δὲ
513 2003 612 2053 νος,
646 2003 727 2038 φω-

72 2058 151 2094 νην
171 2041 242 2083 δὲ
233 2043 378 2082 ι’ππου·
391 2039 609 2095 μέγεθοςὸ’
621 2043 728 2083 ἐστὶν

71 2098 214 2152 ηλίκον
236 2097 354 2146 ὄνος
384 2116 454 2139 του
475 2098 516 2139 δὲ
538 2099 728 2153 δέρματος

72 2154 117 2196 τό
135 2153 284 2208 πάχος,
314 2152 412 2196 ὥστε
436 2152 581 2208 δὸοατα
602 2162 727 2197 ποιεῖ-

73 2217 172 2253 σθαι
200 2213 240 2261 ἐξ
271 2208 409 2252 αὐτοῦ.
471 2214 513 2251 In
546 2216 728 2263 magnitu-

73 2270 159 2307 dine
186 2269 350 2307 animalis
376 2271 574 2308 indicanda
605 2272 729 2309 differt

73 2327 345 2375 quodammodo
364 2328 410 2364 ab
429 2328 638 2376 Herodoto,
652 2328 727 2377 qui,

74 2382 136 2419 ubi
173 2384 295 2420 scribit
331 2382 508 2435 μέγαθος
553 2380 648 2423 ὅσον
685 2398 726 2422 τε

76 2438 174 2489 βοῦς
192 2437 216 2478 o‘
231 2438 431 2491 μέγιστος,
460 2442 577 2489 magis
598 2442 647 2478 ad
663 2455 724 2478 ve-

75 2508 155 2531 rum
177 2496 370 2535 accessisse
386 2498 501 2534 videri
520 2501 665 2547 potest,
687 2498 723 2534 in

77 2563 122 2587 eo
144 2555 264 2588 tamen
285 2553 405 2603 lapsus
419 2583 429 2601 ‚
449 2555 548 2602 quod
571 2554 724 2591 caudam

75 2605 323 2657 hippopotami
344 2623 424 2647 cum
452 2611 608 2659 equinea
625 2624 724 2648 com-

75 2667 184 2712 parat
213 2665 347 2712 cauda3
386 2667 424 2703 id
460 2668 560 2715 quod
588 2680 610 2704 a
638 2680 724 2704 vero

77 2717 286 2766 longissime
303 2723 417 2760 abest.
476 2723 519 2760 In
539 2722 617 2760 aliis
645 2724 726 2772 qui-

78 2774 233 2812 busdam
259 2779 455 2816 accuratius
483 2779 607 2817 retulit
635 2780 727 2817 Dio-

78 2830 190 2867 dorus
215 2831 253 2879 I,
272 2833 346 2882 34,
376 2837 438 2884 qui
458 2839 574 2872 totam
594 2849 726 2886 corpo-

78 2885 128 2923 ris
155 2886 285 2926 molem
311 2904 385 2928 non
413 2892 625 2930 dissimilem
655 2892 727 2930 ele—

798 916 886 961 etc.)
907 920 944 952 et
963 916 1025 965 qni
1050 928 1131 952 eum
1151 916 1263 954 secuti
1284 921 1386 962 sunt,
1416 920 1457 953 ut

798 971 989 1021 plurimum
1025 969 1282 1009 Aristoteleam
1318 974 1456 1010 descri-

798 1029 961 1078 ptionem
990 1032 1163 1077 repetunt
1193 1042 1347 1078 eamque
1378 1042 1456 1066 am-

796 1083 932 1135 pliant,
954 1088 995 1122 ut
1013 1085 1090 1121 iure
1107 1085 1245 1122 mireris
1263 1085 1377 1122 multo
1391 1098 1453 1122 ac-

797 1142 955 1178 curatius
989 1141 1059 1177 hoc
1086 1142 1219 1179 animal
1238 1143 1287 1178 ab
1308 1142 1455 1178 artifici-

798 1197 864 1233 bus
888 1210 1101 1248 expressum
1127 1198 1286 1248 conspici
1312 1202 1390 1235 tum
1415 1199 1457 1235 in

796 1255 914 1290 numis
946 1258 1024 1290 tum
1058 1255 1095 1290 in
1123 1253 1204 1291 aliis
1227 1255 1452 1303 antiquitatis

795 1311 1054 1347 monumentis.
1111 1309 1181 1347 Est
1210 1324 1301 1348 unu-s
1329 1311 1454 1347 Achil—

795 1366 847 1403 les
880 1367 1011 1404 Tatius
1042 1366 1106 1414 IV,
1139 1371 1186 1414 2,
1218 1368 1280 1416 qui
1307 1379 1454 1404 accura-

796 1424 890 1460 tiora
911 1423 1058 1461 dedisse
1077 1423 1261 1473 putandus
1284 1427 1351 1462 est.
1398 1421 1453 1460 Ac

796 1493 844 1517 ne
873 1493 971 1516 nunc
997 1479 1146 1529 quidem
1190 1480 1277 1517 satis
1306 1481 1455 1529 cognita

797 1537 888 1573 haec
910 1536 1019 1574 belua
1032 1565 1042 1583 ‚
1075 1549 1169 1585 quae
1184 1537 1221 1573 in
1238 1537 1318 1586 ipsa
1329 1536 1454 1586 Aegy-

797 1597 863 1644 pto
883 1606 959 1629 non
987 1592 1140 1643 amplius
1158 1595 1356 1643 reperitur,
1387 1594 1454 1630 sed

797 1662 907 1698 supra
936 1654 1154 1686 catarractas
1182 1654 1322 1687 tantum
1343 1651 1380 1686 in
1399 1651 1455 1686 in-

795 1707 935 1743 terioris
945 1705 1088 1743 Africae
1098 1706 1321 1755 regionibus.
1333 1707 1453 1750 Quam

796 1762 905 1810 vulgo
953 1762 1105 1799 laudant
1143 1762 1358 1800 Schneideri
1405 1764 1455 1799 ad*

795 1818 896 1856 Petri
943 1817 1072 1855 Artedi
1111 1832 1301 1869 synonym.
1339 1819 1451 1870 pisce.

796 1875 954 1925 append.
984 1888 1020 1924 p.
1044 1874 1125 1916 247
1153 1888 1256 1924 seqq.
1283 1875 1455 1926 (Lipsiae

798 1931 941 1979 1789),
971 1931 1079 1968 doleo
1099 1932 1192 1969 hunc
1213 1932 1344 1969 librum
1366 1933 1454 1969 mihi

795 2001 869 2024 non
890 1992 1037 2037 praesto
1056 1988 1189 2033 fuisse3
1207 1993 1293 2038 post
1302 1988 1455 2026 Schnei-

797 2045 924 2081 derum
944 2044 990 2081 de
1015 2045 1070 2080 liis
1093 2044 1218 2081 retulit
1243 2045 1388 2082 Cuvier.
1416 2046 1452 2081 in

795 2102 920 2138 musee
954 2100 1082 2139 d'hist.
1124 2106 1245 2138 natur.
1282 2105 1371 2138 tom.
1400 2101 1452 2138 lv

794 2172 832 2208 p.
854 2160 936 2198 299
966 2170 1069 2206 seqq.
1100 2158 1131 2193 ‘V
1161 2171 1247 2207 pag.
1270 2158 1324 2199 56
1345 2171 1451 2207 seqq..

797 2215 904 2251 conf.
930 2215 1041 2251 etiam
1063 2215 1237 2250 dictionn.
1264 2215 1301 2251 d.
1320 2214 1450 2252 scienc.

794 2270 959 2308 naturell.
974 2270 1108 2315 (Paris.
1123 2272 1249 2320 1821)
1263 2275 1350 2308 tom.
1360 2271 1450 2308 XX}

796 2341 824 2364 s.
848 2342 880 2364 v.
911 2340 998 2377 pag.
1023 2330 1101 2368 189
1125 2339 1230 2376 seqq.

851 2379 1135 2434 χαυλιόδοντας
1152 2381 1317 2433 φαῖνον]
1342 2384 1452 2419 Conf.

791 2441 947 2478 Diodor.
971 2440 992 2476 l.
1016 2440 1039 2476 l.
1070 2445 1107 2489 et
1131 2445 1223 2477 nott.
1244 2441 1292 2477 ad
1310 2440 1449 2476 Herod.

792 2498 825 2535 ll
838 2527 848 2545 ‚
871 2499 936 2538 68.
985 2496 1108 2533 Minus
1128 2500 1227 2534 recte
1248 2496 1339 2533 haec
1356 2497 1452 2532 tradi

793 2558 945 2591 monent
992 2557 1146 2591 naturae
1184 2554 1452 2600 observatores,

792 2614 943 2649 monent
968 2610 1094 2660 ipsae,
1124 2623 1219 2659 quae
1242 2611 1279 2646 in
1299 2608 1451 2646 vetustis

792 2668 1036 2705 monumentis
1066 2667 1297 2717 reperiuntur
1321 2665 1451 2713 imagi-

797 2738 886 2771 neS,
925 2736 1006 2760 eum
1044 2736 1107 2759 ore
1144 2722 1266 2759 clauso
1304 2722 1452 2759 minime

796 2783 1032 2829 compareant
1050 2779 1191 2816 dentes.
1213 2779 1296 2816 vid.
1308 2777 1454 2816 Cuvier.

795 2837 819 2873 l.
839 2837 861 2873 l.
884 2849 971 2886 pag.
993 2836 1087 2876 303.

855 2887 985 2944 ου’ρήν
1014 2890 1167 2937 ἵππου]
1219 2890 1324 2929 Haec
1359 2889 1452 2927 falso
