1759 3324
248 676 314 723 53
373 671 617 724 ἐξεδέξαντο
664 669 864 723 ὕστερον.

34 743 235 785 'theogoniae
245 752 315 783 con-⁴

35 777 317 849 dttfloffierliiquam

36 854 104 872 rece
170 849 245 871 ctas:
229 852 320 903 oqwn-

57 887 90 918 ¹¹³³
104 853 174 938 E&
183 885 276 971 1111183
231 918 314 978 epu·
341 905 452 950 2xoc⁸c
479 904 602 961 χθὲς,
634 903 694 956 ὦς
723 905 858 948 εἰπεῖν
887 904 1013 962 λόγῳ.
1053 903 1259 948 Ἡσίοδον
1286 905 1370 961 γάρ
1400 905 1474 949 καὶ
1491 904 1629 962 Όμη-

35 953 193 1006 meliores
197 944 310 1005 ¹t'uieee.

35 912 134 947 priore

370 247 457 289 608

761 246 1230 287 HERODOTI

369 354 642 409 »ἀνέλωνται
683 355 737 400 τοὶ
779 356 1003 412 οὐνόματα
1039 355 1092 399 τὰ
1131 354 1217 399 ἀπὸ
1257 359 1342 399 τῶν
1391 354 1631 411 βαρβάρων

340 441 362 475 5
375 468 398 488 ,,
409 434 570 492 ἥκοντα
582 451 590 460 ·
603 439 628 458 “

683 434 823 479 ἀνεῖλε
861 435 909 479 τό
948 433 1161 491 μαντήϊον
1197 439 1473 490 ,,χρᾶσθαι.“

1541 434 1628 479 ἆπὸ

366 513 446 570 μὲν
474 513 527 570 δὴ
551 512 711 556 τούτου
741 518 819 556 τοῦ
849 514 1011 569 χρόνον
1042 515 1205 565 ἔθυον,
1261 518 1373 556 τοῖσι
1413 512 1686 570 οὕνόμασιΞΟ

364 597 454 636 τῶν
482 596 600 635 θεῶν
627 591 878 647 χρεώμενοι.
937 592 1053 646 παρὰ
1083 592 1129 636 δὲ
1161 596 1396 647 Πελασγῶν
1423 593 1630 650 Ἕλληνες

938 669 1100 713 ’Ένθεν
1137 672 1182 714 δὲ
1235 670 1401 725 ἐγένετο
1449 671 1629 722 ἕκαστος

307 785 316 802 1
373 754 462 793 τῶν
490 752 634 801 θεῶν,
680 749 720 791 εἴ
753 764 798 791 τε
837 746 881 791 δ’
921 749 1003 791 αἰεὶ
1040 743 1153 803 ἦσαν
1191 748 1372 828 πάντεςί
1415 747 1558 793 ὁκοῖοί
1585 750 1629 793 τέ

375 843 489 878 τινες
519 826 571 869 τοὶ
609 828 744 878 εἴδεα,
787 824 870 869 οὐκ
908 824 1133 881 ἠπιστέατο
1164 826 1287 881 μέχρι
1316 821 1371 870 οὗ
1406 826 1558 884 πρώην
1583 844 1630 872 τε

368 1000 450 1042 ρον
474 982 647 1042 ἡλικίην
674 984 990 1041 τετρακοσίοισι
1022 983 1132 1028 ἔτεσι
1161 983 1298 1028 δοκέω
1329 1000 1411 1041 μευ
1439 988 1684 1043 πρέσβυ-25

309 1204 423 1243 ctivus
450 1204 509 1242 hic
533 1203 679 1243 minime
703 1203 960 1253 sollicitandus,

308 1262 372 1311 qui
402 1260 570 1312 explicari
603 1261 736 1299 debeat
764 1261 960 1299 secundum

311 1331 393 1356 eam
426 1317 622 1365 rationem,
652 1318 699 1355 de
726 1330 799 1367 qua
819 1318 961 1354 monui-

309 1387 391 1412 mus
425 1374 475 1411 ad
510 1373 549 1422 I,
575 1375 650 1416 53:
690 1373 730 1410 ob
758 1375 792 1411 si
823 1373 957 1411 sollten.

310 1429 409 1469 Nam
426 1430 670 1468 coniunctivus
691 1433 750 1467 est
780 1429 959 1467 delibera-

307 1487 422 1534 tivus,
460 1490 500 1523 ut
525 1491 623 1524 recte
654 1486 744 1523 vidit
769 1486 957 1524 lVerferus

307 1543 345 1580 in
361 1542 455 1581 Actt.
477 1541 577 1594 phill.
600 1542 764 1580 Monacc.
785 1542 800 1579 I
820 1556 856 1593 p.
876 1545 958 1584 233

306 1612 383 1649 seq.
425 1598 521 1636 Add.
542 1598 718 1636 Matthiae
742 1597 779 1649 ἓ.
799 1599 879 1641 526
901 1598 959 1636 ed.

307 1656 454 1694 secund.
488 1677 545 1683 —
581 1655 689 1699 Quod
729 1667 815 1692 vero
850 1654 959 1705 paulo

305 1715 392 1750 ante
401 1711 584 1749 oraculum
592 1711 835 1749 Dodonaeum
846 1711 960 1748 omni-

306 1781 390 1815 um,
419 1781 513 1817 quae
530 1768 568 1805 in
590 1768 745 1805 Graecia
768 1771 852 1805 sunt
869 1763 958 1819 (ἄρ-

307 1819 516 1876 χαιότατον
531 1826 612 1863 τῶν
632 1820 849 1873 ἔν’Έλλησι
867 1839 957 1875 χρη-

308 1881 521 1932 στηρίων),
550 1880 842 1929 antiquissimum
870 1880 958 1918 dici-

305 1941 364 1975 tur
379 1967 390 1984 ‚
418 1937 458 1974 id
476 1938 523 1974 de
549 1950 592 1974 ea
613 1940 727 1984 terra,
757 1949 852 1986 quae
872 1940 958 1987 post

307 1994 452 2031 demum
487 1993 665 2030 Graeciae
690 2005 826 2030 nomen
854 2005 956 2030 acce-

307 2050 380 2099 pit,
411 2049 495 2085 olim
514 2048 679 2096 Pelasgis
699 2052 886 2098 occupata,
904 2048 961 2084 in-

305 2104 558 2154 telligendum3
588 2104 722 2141 indicat
737 2104 816 2154 ipse
835 2109 960 2141 auctor

304 2160 360 2207 ΙΙ,
390 2161 464 2202 56:
511 2158 639 2198 δοκέει
676 2158 764 2209 ἐμοὶ
796 2157 824 2210 ἦ
856 2157 958 2211 γυνή

305 2211 406 2281 αὕτη
436 2217 526 2267 τῆς
560 2218 654 2254 νῦν
691 2211 955 2264 Ελλαδος,

303 2268 565 2324 πρότερον
585 2268 638 2311 δὲ
659 2272 956 2338 Πελασγίης

303 2326 624 2379 καλευμένης
644 2329 716 2378 τῆς
729 2322 954 2377 αὕτῆςταυ-

302 2399 375 2449 της
393 2413 404 2432 ,
443 2386 654 2434 πρηθῆναι
692 2382 732 2430 ἐς
772 2385 953 2434 Θεσπρω-

303 2435 410 2487 τούς.
469 2440 692 2484 Quibuscum
735 2441 829 2476 conf.
861 2440 953 2477 Nie-

301 2496 403 2534 buhr.
436 2496 544 2533 Rom.
575 2495 708 2533 Gesch.
737 2495 753 2532 I
779 2508 865 2546 pag
887 2498 952 2537 29.

301 2554 356 2594 31
376 2553 463 2590 edit.
489 2552 635 2596 secund.
686 2551 776 2589 Inde
795 2565 870 2588 non
885 2551 953 2588 mi-

301 2621 380 2646 rum
416 2607 596 2645 oraculum
629 2607 747 2657 ipsum
773 2620 815 2645 ac
844 2608 952 2645 deum

302 2665 370 2702 illie
396 2663 529 2702 cultum
556 2663 682 2700 haberi
712 2663 952 2712 Pelasgicum‚

303 2721 455 2770 eiusque
475 2720 683 2757 sacerdotes
702 2719 841 2766 Sellos,
873 2719 953 2756 Do-

301 2777 436 2814 donam
464 2788 550 2813 vero
570 2775 686 2825 ipsam
715 2774 951 2823 Pelasgorum

304 2833 439 2870 sedem.
496 2832 579 2868 Vid.
596 2831 782 2868 classicum
798 2831 951 2868 Homeri

300 2887 418 2927 locum
439 2887 479 2925 ll.
500 2887 599 2936 XVI,
612 2888 693 2929 233
715 2900 796 2938 sqq.
815 2887 950 2937 Odyss.

1027 1202 1134 1252 XIV,
1165 1205 1249 1247 327
1291 1217 1419 1254 seqq.‚
1472 1204 1544 1243 alia
1587 1218 1682 1255 quae

1026 1260 1151 1298 laudat
1195 1262 1400 1299 Crcuzerus
1453 1261 1616 1311 Symbol.
1647 1262 1681 1299 ll

1026 1330 1063 1367 p.
1095 1317 1178 1359 472
1211 1322 1286 1355 not.
1325 1320 1396 1359 10:
1447 1318 1600 1366 „Marx.
1633 1319 1682 1355 ad

1025 1373 1163 1423 Ephori
1189 1375 1354 1422 fragmm.
1383 1386 1470 1423 pag.
1493 1375 1573 1416 156
1603 1388 1680 1424 seq.

1025 1429 1118 1466 Plat.
1135 1430 1290 1468 Phaedr.
1309 1444 1346 1481 p.
1361 1430 1456 1477 275,
1475 1430 1507 1467 Β
1529 1431 1584 1481 (p.
1597 1431 1681 1473 342

1024 1485 1208 1533 Heindf.).
1225 1486 1308 1524 The
1330 1485 1456 1523 classic
1464 1486 1614 1523 Journal
1629 1487 1679 1524 ΙΙΙ

1024 1555 1062 1593 p.
1086 1544 1165 1585 128
1184 1555 1261 1592 seq.
1290 1547 1328 1580 et
1360 1542 1431 1580 Xll
1451 1555 1538 1593 pag.
1553 1544 1680 1586 389.“

1231 1626 1344 1678 Cap.
1380 1625 1478 1665 LIII.

1083 1708 1122 1750 εἷ’
1145 1724 1185 1749 τε
1211 1705 1254 1750 δ’
1286 1709 1365 1749 αἰεὶ
1388 1703 1517 1761 ἦσαν]
1549 1707 1629 1749 αἰεὶ
1658 1723 1680 1749 e

1025 1766 1301 1805 Schellershem.
1317 1767 1409 1804 libro
1428 1780 1508 1804 cum
1527 1771 1677 1804 recentt.

1025 1824 1125 1861 editt.
1165 1824 1380 1860 adscivimus
1420 1836 1489 1874 pro
1528 1822 1679 1872 vulgato

1026 1874 1100 1918 ἆεί.
1126 1901 1183 1907 —
1212 1880 1253 1917 In
1276 1893 1379 1929 seqq.
1408 1876 1456 1918 τοὶ
1488 1878 1594 1918 εἴδεα
1630 1880 1680 1916 si-

1024 1936 1173 1985 gnificat
1188 1937 1358 1987 speciem,
1378 1949 1450 1985 qua
1469 1935 1518 1972 illi
1535 1936 1586 1973 dii
1603 1935 1680 1973 vul-

1027 2005 1076 2041 go
1097 1993 1359 2042 repraesentati
1376 1991 1519 2030 fuerint.

1083 2047 1193 2099 μέχρι
1209 2050 1256 2087 οὐ
1278 2044 1420 2100 πρώην
1437 2062 1476 2086 τε
1487 2063 1555 2087 και
1541 2045 1676 2100 ’χθὲς]

1025 2100 1167 2155 πρώην
1188 2119 1228 2143 τε
1244 2103 1312 2143 καὶ
1328 2104 1445 2155 χθὲς.·
1464 2105 1677 2155 proverbia-

1024 2160 1067 2197 lis
1093 2160 1247 2208 locutio,
1276 2174 1349 2210 qua
1379 2160 1466 2198 illud
1497 2161 1676 2198 indicatur

1024 2220 1186 2266 tempus,
1217 2217 1318 2266 quod
1344 2216 1551 2267 nuperrime
1565 2229 1675 2266 prae-

1022 2273 1180 2309 terfluxit
1198 2301 1210 2320 ‚
1275 2272 1438 2323 proxime
1482 2273 1675 2310 antecedit.

1021 2327 1200 2378 Exempla
1229 2328 1383 2378 praebet
1407 2328 1674 2377 Wesselingius

1021 2388 1097 2421 tum
1125 2384 1173 2420 ad
1200 2383 1235 2420 11.
1269 2383 1292 2421 l.
1327 2387 1403 2420 tum
1435 2385 1483 2421 ad
1520 2384 1674 2422 Diodor.

1021 2439 1130 2476 Sicul.
1173 2439 1227 2486 ΙΙ,
1264 2439 1302 2481 5.
1360 2439 1476 2477 Addit
1509 2439 1674 2478 Noster:

1022 2493 1076 2541 ώς
1105 2494 1230 2534 εἰπεῖν
1259 2492 1385 2550 λόγῳ,
1421 2496 1494 2546 qua
1521 2496 1674 2533 formula

1019 2551 1196 2589 Nostrum
1213 2552 1286 2599 uti,
1314 2553 1375 2589 ubi
1396 2566 1454 2589 res
1474 2552 1592 2589 minus
1610 2565 1672 2589 ac-

1020 2612 1143 2644 curate
1161 2608 1322 2645 videatur
1342 2609 1573 2655 definienda,
1595 2620 1674 2645 mo-

1020 2667 1083 2700 net
1098 2663 1367 2701 Valckenarius.
1397 2663 1478 2701 Alia
1498 2664 1568 2701 huc
1587 2676 1672 2714 per-‘-

1021 2720 1172 2756 tinentia
1192 2720 1294 2757 dabit
1304 2720 1508 2758 Creuzerus
1525 2721 1575 2758 ad
1585 2719 1670 2757 Plo·

1019 2776 1082 2812 tin.
1104 2776 1150 2812 de
1170 2775 1308 2826 pulerit.
1326 2788 1414 2827 pag.
1437 2775 1528 2818 144.
1585 2775 1669 2813 Vid-

1019 2831 1112 2868 infra
1130 2832 1183 2876 ll,
1209 2835 1299 2873 134.

1072 2885 1255 2928 Ἡσίοδον
1282 2883 1357 2940 γαρ
1394 2885 1464 2928 καὶ
1485 2882 1668 2940 ρΌμηρον

1758 2399 1759 2413 ι

1757 2437 1759 2463 l

1754 2652 1758 2682 ι’

1753 2683 1757 2767 1

1751 2811 1755 2880 i

1750 2950 1753 2977 a

1749 3075 1753 3112 l
