1759 3324
526 264 948 304 EUTERPE.
1002 265 1047 301 ΙΙ.

115 375 189 420 36²
233 373 339 419 αὐτὸ
384 372 559 429 αἱμασιὴ
601 372 917 428 ἐγγεγλυμμένη
964 370 1153 414 τύποισι-

1327 267 1413 306 805

1227 372 1317 416 ἔστι
1363 373 1410 417 δὲ

143 456 307 498 ἔσωθεν
345 453 475 502 ἄλσος
524 452 742 506 δενδρέων
790 453 1033 508 μεγίστων,
1078 452 1466 508 πεφυτευμένονὸο

140 535 238 588 περὶ
267 531 376 588 νηόν
405 529 564 586 μέγαν,
597 531 644 574 ἐν
674 535 734 588 τῷ
765 531 818 588 δὴ
849 530 1055 586 τῶγαλμα
1085 530 1161 574 ἔνι.
1203 525 1331 587 εὖρος
1361 530 1408 575 δὲ

111 612 216 655 4καὶ
246 614 381 666 μῆκος
411 614 492 652 τοῦ
523 612 624 665 ἷροῦ
661 610 802 666 πάντη
833 611 1012 653 σταδίου
1044 609 1141 652 ἐστί.
1183 609 1294 653 κατά
1329 611 1408 667 μὲν

138 689 192 745 δὴ
231 689 311 745 τὴν
352 688 529 740 ἔσοδον,
588 688 832 746 ἐστρωμένη
881 689 970 732 ἐστὶ
1019 686 1123 740 ὁδὸς
1169 691 1299 733 λίθου
1340 689 1409 733 ἐπὶ

135 770 340 820 σταδίους
368 775 482 825 τρεῖς
512 769 695 827 μάλιστά
723 787 801 825 κη,
833 767 903 812 διοὶ
925 773 998 825 τῆς
1024 767 1188 825 ἀγορῆς
1207 769 1406 824 φέρουσα

137 847 181 899 ἐς
209 847 258 891 τό
290 849 400 903 πρὸς
429 849 517 906 ἠῶ·
568 846 697 904 εὖρος
735 849 805 900 δὲ,
848 845 908 899 ως
937 848 1151 901 τεσσέρων
1180 847 1408 903 πλέθρων·

136 931 191 985 τῇ
221 929 266 972 δὲ
295 929 367 971 καὶ
396 933 450 985 τῇ
479 933 555 985 τῆς
585 927 696 972 ὁδοῦ
723 927 905 981 δένδρεα
936 925 1246 983 οὐρανομήκεα
1266 928 1407 983 πέφυ-
1419 935 1465 970 55

136 1021 208 1051 κε·
239 1007 361 1063 φέρει
396 1006 439 1052 δ’
470 1009 513 1059 ἐς
537 1007 699 1063 Ἑρμέω
731 1007 843 1061 ἱρόν.
886 1007 935 1050 τὸ
963 1006 1041 1062 μὲν
1067 1006 1120 1062 δὴ
1149 1005 1246 1061 ἱρὸν
1273 1011 1406 1051 τοῦτο

17 1087 114 1134 139
139 1086 255 1130 οὕτω
286 1087 381 1142 ἔχει.

107 1174 130 1207 2
161 1160 205 1209 ἐδ
268 1165 288 1181 91
542 1167 550 1180 ι
732 1166 752 1180 71
886 1164 898 1179 ν
1006 1169 1023 1177 .-
1071 1164 1092 1178 et
1314 1165 1323 1177 l

143 1184 175 1210 ω
208 1182 226 1208 8
266 1169 414 1222 ελεγον
454 1172 674 1223 γενεσθαι.
727 1174 833 1218 Οψιν
882 1182 929 1209 ἓν
962 1182 1022 1222 τῳ
1066 1180 1190 1223 υπνῳ
1227 1168 1403 1221 τοιηνδδ

447 1088 578 1138 Τέλος
608 1088 654 1131 δὲ
683 1091 760 1142 τῆς
790 1085 1039 1142 ἀπαλλαγῆς
1081 1089 1161 1129 τοῦ
1191 1087 1409 1138 Αἰθίοπος

136 1245 287 1290 ἰδόντα
319 1245 477 1298 αὐτὸν,
510 1247 705 1302 οἴχεσθαι
736 1245 978 1302 φεύγοντα·
1013 1242 1158 1288 ἐδόκεέ
1184 1245 1228 1287 οἷ
1261 1243 1402 1300 ἄνδρα

135 1324 366 1369 ἐπιστάντα
395 1325 737 1381 συμβουλεύειν,
768 1325 874 1376 τούς
905 1323 1022 1380 ἱρέας
1052 1323 1158 1375 τούς
1190 1323 1238 1367 ἐν
1266 1324 1405 1380 Αἰγύ-
1418 1334 1462 1367 60

104 1412 229 1462 3πτῳ
261 1404 520 1457 συλλέξαντα
550 1404 738 1460 πάντας,
769 1405 931 1462 μέσους
951 1403 1221 1461 διαταμέειν·
1255 1403 1407 1449 ἰδόντα

78 1627 201 1676 guitur
227 1627 321 1664 inter
348 1624 447 1677 νηός
470 1631 506 1664 et
528 1621 636 1676 ῖρὸνς
665 1627 737 1664 vid.

80 1696 188 1734 supra
210 1684 264 1730 ΙΙ,
285 1683 349 1724 64.
372 1683 462 1724 104.
487 1683 578 1724 135.

137 1738 216 1778 ἔστι
244 1737 285 1778 δὲ
311 1739 466 1779 ἔσωθεν
498 1736 619 1785 ἄλσος
650 1739 737 1777 δεν-

80 1794 205 1849 δρέων
218 1796 424 1848 μεγίστων,
436 1793 736 1846 πεφυτευμένον

77 1869 112 1893 κ.
127 1869 156 1891 τ.
171 1851 219 1902 λ.]
241 1853 362 1902 Vulgo
388 1851 734 1903 πεφυτευμένων,

78 1911 179 1960 quod
201 1923 222 1947 e
238 1909 452 1947 Florentino
477 1910 621 1958 alioque
642 1909 733 1945 libro

78 1971 180 2005 recte
206 1979 301 2003 nunc
331 1970 509 2003 mutatum
544 1970 609 2002 est.
667 1965 735 2001 At-

78 2037 149 2073 que
168 2023 335 2060 videntur
352 2023 553 2060 istiusmodi
573 2022 670 2059 lucos
690 2035 733 2059 ex

76 2092 177 2117 more
213 2080 357 2130 templis
389 2080 576 2116 addidisse
606 2078 731 2127 Aegy-

75 2136 168 2187 ptii3
207 2148 320 2185 quare
341 2137 453 2173 nostri
486 2136 574 2183 loci,
606 2140 645 2172 ut
664 2148 733 2172 no-

77 2197 130 2230 tat
151 2192 220 2230 Cr.
239 2194 287 2230 ad
304 2193 338 2229 h.
356 2193 391 2239 l.,
415 2193 615 2229 admonent
635 2192 730 2228 docti

78 2249 176 2287 Galli
203 2249 396 2300 (descript.
423 2250 469 2287 de
488 2249 580 2297 l'Eg.
606 2249 676 2285 vol.
698 2248 732 2286 II

78 2320 113 2356 p.
130 2306 227 2355 77),
258 2306 320 2343 ubi
346 2307 510 2343 referunt
537 2307 644 2343 etiam
672 2319 733 2342 co-

77 2363 190 2399 lossos
218 2363 324 2399 binos
354 2362 389 2400 T
393 2363 560 2400 hebaieos
586 2362 734 2409 (Tama

81 2423 118 2456 et
136 2419 274 2457 Chama
291 2419 406 2456 dictos
423 2432 539 2469 prope
549 2418 735 2456 Medinat-

83 2474 181 2523 Abu)
203 2476 444 2513 circumdatos
467 2489 547 2513 esse
569 2476 646 2512 luco
665 2476 732 2512 mi-

83 2543 194 2568 mosae
211 2534 377 2582 spinosae.

140 2586 359 2639 ἐστρωμένη
383 2587 463 2628 ἒστὶ
483 2585 577 2634 ὁδός
596 2587 733 2638 λίθου]

84 2644 141 2680 De
158 2645 314 2692 genitivo
341 2645 460 2684 λίθου
481 2647 574 2682 cons.
601 2645 732 2682 Matth.

85 2712 168 2749 pag·
189 2703 269 2742 688
292 2705 328 2739 et
352 2704 400 2739 ad
422 2697 536 2752 εὖρος
554 2703 591 2738 in
614 2702 735 2752 proxi·

86 2768 144 2793 me
165 2770 264 2806 seqq.
280 2758 369 2795 ibid.
391 2772 426 2808 p.
445 2759 538 2800 794.
595 2759 735 2807 „Eius-

86 2812 182 2848 modi
204 2817 322 2850 autem
346 2816 551 2864 pavimenta
578 2816 734 2865 lapidea,

86 2868 322 2906 ambientibus
343 2867 511 2919 utrinque
533 2872 737 2920 arboribus,

88 2924 196 2960 etiam
224 2925 364 2963 Thebis
385 2956 396 2974 ,
431 2940 549 2977 prope
570 2929 736 2974 Karnak,

805 1627 844 1663 in
874 1626 977 1663 aditu
1012 1624 1233 1675 templorum
1272 1625 1384 1663 fuisse
1409 1625 1461 1662 vi-

807 1684 961 1729 dentur,
1004 1686 1044 1718 ut
1074 1695 1117 1719 ex
1149 1681 1313 1730 vestigiis
1350 1682 1463 1718 conii-

806 1741 906 1777 ciunt
924 1744 1091 1775 auctores
1121 1738 1265 1787 operis:
1292 1739 1462 1788 descript.

806 1797 852 1834 de
873 1796 1032 1845 l'Egypt.
1056 1794 1124 1831 vol.
1144 1794 1177 1831 II
1205 1807 1241 1843 p.
1266 1794 1369 1841 255,
1400 1795 1462 1843 qui

802 1854 912 1889 iidem
933 1852 1002 1888 hoc
1020 1852 1057 1888 in
1076 1851 1156 1888 loco
1178 1851 1369 1898 insistunt,
1402 1851 1462 1887 ubi

804 1910 919 1947 solum
958 1908 1170 1945 Thebarum
1213 1908 1345 1944 editius
1380 1920 1461 1945 esse

802 1968 936 2004 sactum
974 1964 1137 2014 pluribus
1175 1968 1462 2001 commonstrare

803 2023 965 2067 student,
988 2021 1055 2058 vol.
1078 2022 1094 2058 Ι
1118 2020 1286 2069 (second.
1307 2020 1461 2069 livrais.)

800 2093 886 2131 pag.
906 2080 1002 2121 87.“
1035 2078 1100 2116 Cr.

944 2163 976 2201 C
988 2175 1010 2200 a
1021 2176 1058 2214 p.
1108 2159 1320 2200 CXXXIX.

856 2246 967 2294 τέλος
1008 2243 1051 2286 δὲ
1091 2248 1162 2296 τῆς
1200 2241 1457 2296 ἀπαλλαγῆς]

802 2301 909 2356 »τὴν
940 2300 1172 2355 ἀπαλλαγήν
1206 2304 1301 2340 sorte
1339 2302 1459 2340 dicere

800 2364 981 2415 potuisset
1009 2357 1239 2411 ἀπαλλαγῆς
1261 2356 1391 2406 τέλος,
1421 2364 1461 2395 ut

801 2432 893 2456 mors
925 2419 1057 2456 dicitur
1103 2412 1288 2455 θανάτου
1328 2413 1460 2461 τέλοςε

802 2477 958 2523 caedeS‚
994 2470 1123 2522 φόνου
1153 2471 1302 2519 τέλος.“
1354 2471 1462 2508 Val-

804 2547 822 2570 c
835 2532 855 2569 lc
869 2546 926 2569 en.
968 2532 1074 2576 Quae
1093 2530 1163 2567 nisi
1184 2530 1318 2580 probes
1331 2557 1342 2576 ‚
1371 2528 1459 2565 scri-

806 2590 970 2627 bendum
992 2589 1135 2625 videtur
1164 2585 1370 2624 Larehero:
1401 2582 1457 2623 τέ-

804 2649 871 2692 λος
889 2643 930 2684 δὲ
943 2674 952 2692 ,
983 2641 1059 2695 τήν
1078 2637 1323 2693 ἀπαλλαγήν.

861 2700 1006 2753 μέσους
1038 2697 1290 2750 διαταμέειν]
1343 2695 1458 2733 Addit

803 2759 1008 2805 Diodorus,
1039 2770 1119 2795 eam
1140 2769 1216 2794 rem
1239 2767 1460 2792 commemo-

803 2828 888 2852 rans
908 2815 937 2861 I,
958 2814 1032 2855 65:
1062 2811 1129 2852 καὶ
1151 2809 1216 2851 διά
1239 2809 1370 2862 μέσων
1392 2804 1460 2847 αὕ-

805 2874 886 2910 τῶν
916 2872 1092 2910 διελθεῖν
1122 2865 1217 2920 μετὰ
1239 2865 1458 2919 θεραπείας

805 2933 837 2966 et
855 2941 916 2979 per
935 2927 1062 2964 medios
1081 2930 1188 2963 sectos
1209 2937 1286 2961 cum
1305 2923 1458 2960 admini-

1465 1088 1628 1116 Sabacnnfn
1640 1089 1742 1117 territi

1465 1124 1579 1150 somnio
1593 1122 1741 1151 discessus

1460 1165 1496 1185 ex
1517 1158 1665 1192 Aegypto.
