1777 3324
378 257 462 296 860

377 365 546 421 μηνὲες·

375 444 567 488 τοσαῦτά
605 445 693 488 ἐστι
708 463 716 471 ·

775 256 1238 295 ΗΕΒΟΒΟΤΙ

608 367 650 410 οἷ
679 366 746 418 δὲ,
786 368 1059 422 κυβερνῆται.
1090 365 1216 422 γένεα
1261 367 1341 422 μὲν
1383 368 1634 422 Αἰγυπτίων

777 444 999 501 οὐνόματα
1038 446 1084 489 δέ
1124 458 1205 501 σφι
1240 445 1380 489 κέεται
1421 444 1507 489 ciazo*
1547 449 1635 488 τῶν

344 523 569 578 Ξτεχνέων.
615 525 660 567 οἱ
689 524 734 566 δὲ
762 523 940 579 μάχιμοι
978 525 1124 569 αὐτῶν
1162 524 1390 569 καλέονται
1426 524 1505 580 μὲν
1537 527 1690 567 Koa-40

374 603 564 656 λασίριές
598 619 641 645 τε
678 602 750 646 καὶ
785 601 1082 660 Ἑρμοτύβιες·
1140 605 1188 648 ἐκ
1226 608 1376 660 νομῶν
1409 605 1455 649 δὲ
1495 605 1632 648 τῶνδε

317 820 499 857 conciliari
535 824 656 868 queat.
713 819 772 856 Ad
803 820 967 857 bubulcos

316 882 455 922 autem,
485 877 615 913 eodem
630 876 813 913 Heerenio
831 877 966 913 docen-

315 937 382 978 te,
429 944 503 968 non
543 933 567 968 ii
604 936 744 968 tantum
782 932 966 970 referendi

314 993 418 1035 sunt,
449 989 511 1037 qui
541 989 578 1024 in
603 989 644 1024 iis
664 988 827 1038 Aegypti
846 989 965 1037 regio-

314 1046 419 1082 nibus
439 1045 775 1092 commorabantur,
799 1058 892 1094 quae
908 1045 964 1082 vel

312 1106 466 1152 propter
482 1106 626 1138 montes
649 1101 707 1138 vel
725 1107 876 1151 propter
893 1107 965 1138 sta-

314 1171 389 1207 gna
426 1157 650 1208 paludesque
690 1158 788 1194 haud
827 1159 966 1196 ferrent

313 1227 484 1263 agrorum
514 1215 686 1251 culturam
706 1243 716 1260 ,
752 1215 887 1263 quique
913 1216 966 1251 vi-

313 1276 388 1308 tam
418 1272 645 1308 nomadicam
673 1272 750 1308 sere
791 1273 964 1320 agebant,

314 1329 379 1365 sed
404 1328 429 1364 ii
453 1340 621 1377 quoque,
652 1328 714 1376 qui
740 1328 828 1364 fixas
857 1341 965 1378 cepe-

313 1389 396 1421 rant
435 1385 568 1432 sedes,
617 1385 833 1434 praesertim
870 1385 964 1421 circa

312 1440 547 1478 Arabicorum
592 1441 767 1477 montium
811 1442 965 1489 radices,

312 1498 375 1534 ubi
399 1498 543 1548 optimis
565 1497 713 1534 saltibus
733 1502 830 1534 terra
847 1498 964 1534 abun-

313 1555 395 1600 dat,
435 1559 497 1590 aut
523 1554 560 1590 in
587 1553 720 1591 Deltae
752 1554 962 1602 regionibus

312 1610 510 1661 paludosis.
580 1611 705 1654 Quare
733 1611 963 1659 distinguun-

312 1672 371 1704 tur
403 1668 448 1703 ab
474 1667 540 1712 iis,
580 1668 642 1716 qui
677 1667 774 1716 agris
802 1667 962 1704 colendis

312 1736 458 1774 operam
487 1724 594 1770 dant,
624 1723 677 1771 II,
705 1726 771 1764 77.
829 1723 962 1761 Pasto—

311 1793 371 1818 res
409 1786 556 1826 autem,
596 1780 755 1817 subulcos
789 1780 963 1830 inprimis,

311 1837 359 1873 ab
385 1836 578 1886 Aegyptiis
611 1841 812 1874 contemtos
851 1838 964 1874 adeo-

312 1906 383 1942 que
412 1894 535 1930 infimo
564 1893 644 1930 loco
682 1893 824 1930 habitos
854 1894 964 1931 fuisse

313 1950 399 1985 satis
418 1955 582 1996 constat,
609 1963 677 1987 nec
694 1949 796 1999 plura
815 1963 964 1988 monere

311 2006 442 2043 attinet
467 2012 553 2056 post
572 2020 636 2054 ea,
656 2019 750 2055 quae
769 2007 817 2042 ad
838 2007 882 2053 ll,
895 2007 960 2047 47.

313 2064 393 2102 128
414 2065 627 2099 notavimus.
676 2062 736 2099 Tu
759 2063 830 2099 vid.
852 2065 961 2100 etiam

311 2118 469 2156 Heeren.
489 2119 511 2156 l.
531 2119 551 2155 l.
574 2132 659 2168 pag.
684 2119 826 2159 146—
840 2121 929 2160 151.

368 2174 409 2213 οἷ
427 2172 487 2222 δὲ,
517 2170 714 2224 κάπηλοι]
747 2176 854 2212 Hanc
869 2176 961 2212 clas-

311 2243 387 2267 sem
428 2231 634 2267 institorum
654 2260 665 2277 ,
708 2236 959 2277 mercatorum,

311 2298 514 2335 cauponum
535 2288 644 2323 fuisse
662 2292 774 2335 negat
799 2287 957 2325 Heeren.

310 2342 332 2378 l.
354 2341 375 2378 l.
396 2354 480 2390 pag.
505 2343 583 2383 140
603 2356 694 2391 seq.,
730 2343 865 2392 quippe
887 2356 959 2391 qua

311 2398 562 2435 contineantur
581 2428 592 2445 ,
633 2400 836 2447 quicunque
864 2404 958 2435 artes

310 2453 503 2491 sellularias
523 2467 755 2503 quascunque
769 2459 960 2491 exerceant

311 2510 386 2556 (die
410 2509 519 2546 Kaste
551 2511 610 2546 cler
633 2510 959 2558 gezcerbtrelbenden

311 2567 492 2615 BiIrger),
529 2571 565 2603 et
592 2568 660 2617 ipsi
700 2580 766 2616 pro
806 2567 958 2614 artibus,

311 2636 402 2672 quas
439 2623 569 2670 singuli
607 2623 871 2673 profiteantur,
920 2623 958 2658 in

310 2679 461 2716 totidem
489 2679 620 2716 classes
646 2679 767 2725 divisi,
808 2692 886 2715 cum
915 2679 959 2714 fi-

309 2735 358 2772 lio
376 2736 519 2772 nonnisi
537 2740 651 2773 artem
669 2735 781 2784 patris
803 2739 959 2772 tractare

310 2792 460 2829 licuerit.
501 2792 609 2828 Conf.
628 2791 767 2829 Herod.
789 2790 842 2837 ll,
868 2791 959 2830 141.

309 2847 364 2884 Ac
384 2848 505 2884 mirari
525 2848 672 2894 subeat,
700 2848 747 2885 ab
767 2847 959 2883 Herodoto

310 2916 385 2941 non
421 2903 693 2942 commemorari
723 2903 961 2952 agricolarum

1033 820 1204 869 classem,
1234 834 1342 870 quam
1367 827 1473 860 vocat
1499 822 1686 860 Diodorus

1032 876 1054 912 l.
1086 877 1109 913 l.
1165 878 1263 914 Hinc
1290 878 1467 926 agricolas
1495 879 1599 915 classi
1620 894 1686 916 κα-

1033 928 1172 983 πήλων
1191 934 1393 983 adscriptos
1412 934 1522 971 fuisse
1538 935 1686 983 quidam

1034 1003 1231 1035 censuere·,
1260 990 1347 1036 nisi,
1380 1002 1452 1039 quo
1480 991 1579 1027 ducit
1606 991 1687 1040 ipse

1032 1047 1258 1093 Herodotus,
1286 1059 1365 1083 cum
1384 1051 1518 1083 terram
1542 1060 1686 1084 omnem

1034 1103 1159 1151 aequis
1192 1103 1419 1151 portionibus
1445 1103 1538 1140 inter
1564 1104 1687 1152 Aegy-

1032 1161 1129 1210 ptios
1163 1159 1315 1196 divisam
1369 1172 1450 1197 esse
1486 1160 1608 1196 scribit
1641 1160 1688 1207 ll,

1037 1218 1139 1262 109,
1169 1215 1323 1265 plurium
1340 1215 1490 1252 aliarum
1517 1215 1686 1253 classium

1033 1273 1233 1309 communis
1253 1273 1361 1309 fuerit
1378 1271 1608 1321 agricultura,
1618 1285 1687 1310 nec

1031 1334 1167 1365 eertum
1196 1330 1382 1377 quoddam
1406 1328 1590 1366 hominum
1619 1342 1686 1379 ge-

1032 1398 1098 1422 nus
1122 1386 1362 1422 constituerit.

1091 1441 1135 1480 οἱ
1153 1439 1217 1489 δὲ,
1248 1439 1455 1491 ἑρμηνέες]
1497 1441 1556 1478 De
1573 1443 1683 1478 inter-

1024 1499 1182 1548 pretibus
1200 1499 1352 1535 vidimus
1375 1499 1421 1535 ad
1443 1497 1495 1545 ΙΙ,
1517 1498 1607 1538 154.

1090 1555 1130 1594 οἵ
1154 1552 1215 1602 δὲ,
1245 1552 1507 1605 κυβερνῆται]
1548 1554 1683 1591 Guber-

1029 1616 1189 1648 natorum
1214 1611 1326 1648 classe
1345 1611 1445 1647 haud
1466 1611 1491 1646 ii
1509 1611 1683 1648 contineri

1030 1669 1227 1714 videntur,
1266 1668 1296 1704 si
1327 1668 1389 1716 qui
1426 1667 1580 1704 navibus
1615 1679 1683 1717 per

1030 1738 1130 1762 mare
1161 1724 1376 1761 veherentur
1396 1753 1407 1771 ,
1465 1736 1545 1760 cum
1580 1736 1682 1760 mare

1031 1794 1178 1819 exosum
1215 1785 1312 1818 esset
1346 1780 1561 1830 Aegyptiis,
1615 1779 1683 1817 sed

1030 1839 1201 1887 frequens
1224 1839 1375 1874 istorum
1403 1836 1586 1873 hominum
1615 1848 1683 1884 ge-

1031 1908 1118 1941 nus,
1149 1894 1208 1943 qui
1237 1895 1273 1930 in
1295 1893 1405 1941 Nilo,
1435 1892 1680 1929 inundationis

1029 1951 1245 2002 praesertim
1262 1954 1448 2000 tempore,
1477 1948 1683 1997 navigatio-

1030 2021 1113 2044 nem
1141 2007 1438 2043 instituebantur.
1495 2005 1604 2041 Conf.
1634 2004 1681 2051 Il,

1030 2066 1083 2105 96
1097 2063 1181 2112 ibiq.
1200 2067 1275 2100 not.
1289 2068 1325 2099 et
1339 2062 1502 2112 inprimis
1517 2061 1678 2098 Heeren.

1027 2121 1049 2157 l.
1072 2119 1093 2155 l.
1116 2133 1201 2169 pag.
1227 2119 1305 2160 143
1321 2141 1376 2146 —
1398 2118 1488 2158 145.
1547 2117 1681 2154 Errant

1027 2177 1158 2225 igitur,
1188 2176 1250 2224 qui
1275 2179 1449 2212 monente
1476 2174 1543 2210 Cr.
1573 2174 1620 2209 ad
1639 2173 1675 2210 h.

1026 2233 1048 2269 l.
1073 2227 1319 2283 κυβερνήτας
1338 2231 1447 2267 hosce
1466 2242 1532 2279 pro
1544 2229 1680 2277 guber-

1027 2289 1214 2325 natoribus
1235 2287 1421 2323 maritimis
1450 2286 1587 2322 habent
1613 2298 1678 2321 au-

1027 2350 1147 2381 ctores
1165 2343 1284 2392 operis
1312 2342 1481 2391 descript.
1509 2343 1555 2379 de
1582 2341 1678 2391 l‘Eg.

1026 2400 1096 2436 vol.
1116 2399 1149 2435 Il
1170 2399 1328 2446 (Theb.)
1351 2411 1436 2448 pag.
1461 2399 1526 2438 63.

1085 2453 1322 2504 Καλασίριές
1344 2469 1383 2492 τε
1408 2452 1475 2491 καὶ
1491 2448 1679 2505 Ἑρμοτύ-

1027 2509 1131 2561 βιες]
1172 2510 1467 2562 Ἑρμοτυμβιεῖς
1502 2515 1680 2547 vocantur

1026 2568 1124 2616 apud
1148 2567 1321 2616 Stephan.
1339 2567 1492 2615 Byzant.
1513 2579 1583 2603 s.v.
1616 2566 1678 2603 Tu

1025 2624 1109 2659 add.
1140 2624 1390 2660 Hemsterhus.
1421 2623 1470 2660 ad
1492 2621 1678 2672 Aristoph-

1026 2679 1121 2715 Plut.
1142 2683 1165 2719 7
1171 2682 1245 2725 29,
1267 2680 1329 2727 qui
1346 2680 1526 2716 diversum
1546 2679 1677 2715 utrius-

1027 2748 1099 2783 que
1117 2736 1235 2783 gentis
1258 2747 1390 2771 nomen
1409 2747 1431 2770 a
1449 2734 1593 2772 diverso
1612 2747 1676 2771 ve-

1029 2791 1132 2827 stitus
1156 2803 1290 2839 genere
1316 2795 1467 2827 tractum
1484 2803 1565 2828 esse
1591 2803 1676 2828 cen-

1028 2852 1093 2883 set.
1133 2847 1210 2883 Sed
1228 2845 1437 2883 Iablonskio
1463 2846 1674 2896 interprete,

1027 2916 1123 2940 voce.
1144 2901 1262 2952 Aegg.
1275 2916 1310 2953 p.
1325 2905 1378 2944 69
1392 2914 1473 2952 sqq.
1488 2904 1567 2944 101
1579 2915 1675 2952 sqq.,
