1759 3324
608 260 828 300 cL10.
883 259 912 299 1.

1312 258 1394 298 351

140 375 351 434 Βαβυλών
379 375 424 418 οἱ
448 367 505 430 ἦν
532 368 758 428 ἐμπόδιος,
800 368 874 412 καὶ
901 367 951 412 τὸ
989 367 1210 421 Βάκτριον
1249 365 1394 419 ἔθνος,

138 458 210 501 καὶ
237 455 383 500 Σάκαι
402 469 447 496 τε
467 451 539 495 καὶ
558 448 816 505 Αἰγύπτιοι,
847 445 918 491 ἐπ’
946 445 1025 498 οὓς
1041 445 1179 503 ἐπεῖχέ
1202 461 1247 489 τε
1269 456 1394 502 στρα-

137 534 353 592 τηλατέειν
375 529 528 582 αὐτὸς,
559 529 629 573 ἐπὶ
658 528 704 572 δὲ
721 527 878 578 Ἴωνας
897 524 1031 570 ἄλλον
1055 524 1238 582 πέμπειν
1260 535 1398 581 στρα-

14 619 113 667 154
135 612 277 671 τηγόν.
331 608 407 660 Ὡς
436 609 482 653 δὲ
513 605 705 665 ἀπήλασε
735 605 759 652 ὁ
790 610 941 663 Κῦρος
978 607 1026 650 ἐκ
1056 609 1144 649 τῶν
1169 606 1393 660 Σαρδίων,

133 690 236 743 τούς
263 688 439 740 Λυδοὺς
469 686 678 744 ἀπέστησε
709 684 733 731 ὁ
765 687 971 744 Πακτύης
999 684 1085 730 ἀπό
1114 701 1159 729 τε
1188 683 1394 741 Ταβάλου
1406 692 1453 727 50

131 771 204 816 καὶ
230 768 407 825 Κύρου·
437 767 629 825 καταβὰς
664 767 709 811 δὲ
729 766 800 810 ἐπὶ
819 765 1071 819 θάλασσαν,
1102 765 1177 809 ἅτε
1193 762 1274 808 τὸν
1293 781 1395 821 χρυ-

131 850 210 894 σὸν
238 849 347 905 ἔχων
375 846 515 892 πάντα
551 846 628 891 τὸν
662 846 709 890 ἐκ
738 849 826 890 τῶν
855 846 1087 900 Σαρδίων,
1128 842 1396 898 ἐπικούρους

129 944 174 972 τε
204 929 469 984 ἐμισθοῦτο,
508 927 582 971 καὶ
621 926 724 978 τούς
757 925 1097 976 ἐπιθαλασσίους
1126 922 1395 979 ἀνθρώπους

130 1009 272 1052 ἔπειθε
296 1008 379 1051 σύν
409 1007 556 1066 ἑωυτῷ
590 1004 910 1062 στρατεύεσθαι.
965 1003 1120 1056 ἐλάσας
1150 1002 1196 1048 δὲ
1223 1002 1294 1047 ἐπὶ
1314 1003 1392 1056 τοὶς

127 1085 315 1143 Σάρδις,
365 1085 614 1142 ἐπολιόρκεε
660 1084 886 1142 Τάβαλον,
942 1082 1214 1140 ἀπεργμένον
1259 1082 1308 1127 ἐν
1337 1086 1392 1140 τῇ
1403 1090 1449 1126 55

129 1163 376 1222 ἀκροπόλει.

71 1391 259 1446 ἐμπόδιος
278 1410 316 1436 κ.
338 1409 370 1434 τ.
393 1397 442 1442 λ.]
472 1393 572 1434 Nihil
599 1395 645 1434 de
664 1395 721 1434 his

72 1452 170 1503 apud
191 1453 351 1491 Ctesiam
368 1452 424 1491 vel
445 1453 566 1503 potius
584 1453 622 1489 in
645 1453 721 1491 eius

71 1509 248 1560 excerptis
270 1509 426 1548 Persicis
457 1509 609 1547 relatum
631 1509 723 1558 legi-

70 1577 160 1602 mus.
227 1564 347 1614 Cyrus
384 1566 480 1603 enim
527 1570 722 1616 antequam

70 1621 212 1659 Croeso
236 1621 371 1659 bellum
396 1622 567 1670 inferret,
597 1627 723 1660 contra

68 1676 222 1714 Bactros
259 1682 368 1727 atque
397 1679 510 1715 Sacas
551 1678 724 1716 militasse

70 1733 198 1770 dicitur
219 1735 318 1783 apud
341 1734 504 1772 Ctesiam
524 1733 625 1785 l.1.§.
639 1736 722 1777 23.

69 1789 186 1836 Post,
216 1789 357 1828 Croeso
382 1790 523 1828 devicto
533 1790 726 1840 Lydiaque

69 1845 242 1893 subacta,
277 1846 454 1884 Derbices
483 1847 577 1884 bello
607 1848 724 1898 petiit,

67 1913 153 1939 mox
174 1901 258 1939 fatis
280 1916 446 1940 cessurus
478 1902 544 1954 (ἓ.
571 1906 596 1945 6
618 1917 721 1954 seqq.

67 1957 186 2006 ibid.).
242 1956 366 2008 Atque
396 1960 477 2010 ipse
496 1960 721 2008 Herodotus,

68 2015 168 2063 quod
185 2014 233 2052 ad
244 2014 392 2052 Ctesiae
404 2017 608 2064 fragmenta
617 2031 653 2068 p.
666 2018 720 2059 93

68 2082 146 2120 seq.
161 2071 304 2119 monui,
332 2072 371 2108 in
399 2074 606 2111 narratione
631 2086 720 2125 pro-

67 2138 235 2175 gressus,
283 2141 353 2166 nec
392 2129 439 2166 de
475 2130 616 2168 Bactris
653 2143 721 2168 nec

67 2183 114 2221 de
142 2183 289 2233 reliquis
318 2185 490 2234 gentibus
520 2187 719 2237 quidquam

64 2239 234 2289 protulit,
268 2241 326 2278 vel
351 2241 460 2293 plane
498 2244 630 2281 oblitus
663 2243 719 2282 vel

65 2294 211 2334 aliarum
243 2309 383 2346 rerum,
420 2311 516 2349 quae
555 2300 718 2338 Graeco-

64 2363 143 2390 rum
162 2353 317 2392 forsitan
339 2355 481 2393 animos
501 2357 618 2407 magis
649 2358 715 2395 ad-

65 2412 263 2458 verterent,
291 2412 499 2450 narratione
527 2414 712 2465 abreptus.

65 2462 146 2502 Nec
166 2464 262 2504 aliud
282 2468 481 2518 quidquam
504 2469 712 2521 Xenophon

66 2519 346 2572 (Cyropaed.1‚
371 2527 414 2572 1,
432 2524 492 2574 4),
522 2527 591 2563 nisi
609 2528 711 2577 quod

67 2575 106 2612 in
125 2578 292 2625 gentibus
315 2581 413 2629 Cyro
437 2583 608 2621 subiectis
636 2584 712 2621 Ba-

66 2634 162 2669 ctros
194 2637 231 2671 et
263 2636 375 2674 Sacas
421 2640 596 2677 nominat.
652 2640 713 2679 De

69 2686 196 2736 Sacis,
224 2703 315 2740 quos
345 2693 501 2742 Scythas
530 2709 614 2735 esse
643 2710 713 2747 pu-

66 2747 204 2807 tamus,
229 2752 374 2795 gentem
393 2752 604 2801 nomadum,
617 2765 714 2803 quae

66 2811 233 2847 regiones
280 2817 388 2855 supra
432 2806 622 2847 Persidem
670 2822 713 2847 ac

67 2855 228 2897 Mediam
244 2862 420 2911 tenuerit,
448 2863 612 2915 pluribus
638 2866 713 2904 dixi

789 1396 838 1433 ad
875 1394 1025 1433 Ctesiae
1065 1395 1233 1444 fragmm.
1272 1407 1360 1446 pag.
1391 1395 1446 1438 95

789 1465 893 1502 seqq.

846 1504 904 1548 ἐπ’
927 1504 997 1554 οὓς
1015 1505 1143 1558 ἐπεῖχέ
1163 1523 1184 1546 τ
1198 1521 1214 1546 ε
1235 1508 1446 1560 στρατηλα-

790 1563 892 1604 τέειν
920 1560 1062 1617 αὐτὸς]
1102 1565 1162 1603 De
1195 1563 1324 1614 ἐπεῖχε
1350 1565 1445 1601 conf.

790 1622 900 1670 adl,
930 1624 986 1663 80
1013 1622 1162 1658 monita.
1220 1621 1344 1670 Magis
1378 1633 1446 1658 nos

791 1683 992 1716 remoratur
1009 1677 1187 1728 particula
1207 1692 1268 1725 τε,
1300 1690 1396 1727 quae
1415 1678 1447 1713 si

791 1735 908 1786 proba
931 1739 1006 1782 est,
1037 1735 1190 1772 refertur
1220 1735 1268 1771 ad
1287 1746 1446 1783 sequens

794 1788 858 1838 δὲ,
889 1792 940 1828 ita
958 1795 998 1828 ut
1015 1791 1052 1827 in
1082 1790 1253 1841 bipartita
1282 1791 1448 1828 oratione

792 1847 991 1898 particulae
1012 1862 1052 1886 τε
1072 1851 1110 1885 et
1134 1844 1177 1885 δὲ
1203 1847 1273 1884 sibi
1293 1847 1447 1884 invicem

792 1905 1057 1955 respondeant3
1098 1916 1172 1953 quo
1195 1904 1241 1941 de
1260 1917 1328 1940 usu
1347 1904 1443 1940 conf.

791 1974 887 2011 quae
903 1961 1080 2012 praecipit
1097 1960 1276 1999 Matthiae
1298 1960 1363 1996 Gr.
1377 1960 1443 1997 Gr.

788 2030 874 2068 pag·
901 2016 1020 2059 1264.
1076 2017 1158 2056 Nec
1175 2021 1295 2054 tamer:
1317 2016 1445 2067 displi-

789 2078 866 2122 cet,
909 2075 1009 2123 quod
1037 2079 1141 2112 acute
1175 2073 1312 2111 invenit
1336 2073 1444 2110 Butt-

788 2142 942 2168 mannus
962 2131 999 2168 in
1021 2131 1185 2169 Gramm.
1209 2130 1341 2167 Graec.
1360 2129 1443 2166 mai.

787 2187 821 2224 Π
836 2200 922 2238 pag·
948 2190 1003 2229 32
1020 2185 1147 2239 ἐπεῖχέ
1167 2201 1208 2226 τε
1225 2190 1344 2224 ortum
1360 2199 1444 2224 esse

787 2257 831 2282 ex
854 2243 1000 2296 ἒπείχεε
1013 2274 1023 2293 ,
1047 2245 1148 2283 cuius
1168 2243 1351 2294 geminam
1367 2244 1443 2280 for-

785 2313 882 2338 mam
912 2300 1055 2353 ἐνείχεε
1091 2301 1297 2340 notavimus
1329 2311 1443 2351 supra

782 2357 822 2407 Ι,
849 2359 941 2400 118.

978 2471 1011 2509 C
1023 2484 1044 2509 a
1053 2484 1092 2523 p.
1123 2470 1255 2510 CLIV.

837 2578 1086 2636 ἀπεργμένον
1115 2582 1158 2623 ἐν
1184 2584 1236 2637 τῇ
1267 2576 1440 2636 οἷκροπό-

780 2640 861 2687 λει]
892 2641 915 2678 i.
937 2655 968 2678 e.
997 2643 1035 2678 in
1053 2653 1133 2678 arce
1151 2640 1349 2688 inclusum,
1384 2651 1439 2676 se-

782 2695 925 2735 clusum.
954 2695 1125 2747 Namque
1146 2692 1331 2749 οΞπέργειν
1353 2696 1441 2746 (pro

781 2747 1003 2805 α’πείργειν)
1024 2759 1080 2792 est
1103 2754 1298 2801 secludere,
1317 2753 1440 2791 execu-

780 2808 869 2847 dere.
901 2810 964 2848 Tu
984 2812 1080 2850 conf.
1099 2810 1157 2860 V,
1185 2810 1251 2853 64.
1280 2810 1352 2860 VI,
1369 2811 1438 2858 79,

781 2878 829 2905 ne
851 2866 969 2919 plura.

1450 609 1529 646 Lydi
1546 611 1659 649 Pactya
1677 614 1728 642 du-

1452 652 1488 673 ce
1505 646 1663 676 rebellant.
