1759 3324
519 249 942 292 EUTERPE.
998 250 1046 289 ΙΙ.

1321 253 1405 292 809

138 365 246 410 θεόν
273 363 534 418 θαρσύνειν,
587 358 647 410 ὦς
687 358 820 403 οὐδὲν
859 360 1049 414 πείσεται
1087 357 1216 413 ἄχαρι
1254 356 1404 401 ἀντιά-

139 448 222 497 ζων
249 444 326 486 τὸν
351 441 560 495 Ἀραβίων
586 437 804 493 στρατόν·1
845 435 979 489 αὐτὸς
1015 436 1099 494 γάρ
1139 439 1182 481 οἵ
1222 436 1461 494 πέμψειν95

109 520 364 577 4τιμωρούς.
395 518 590 562 τούτοισι
621 517 673 574 δή
706 534 781 574 μιν
800 519 989 561 πίσυνον
1011 521 1124 561 τοῖσι
1145 516 1404 569 ἐνυπνίοισι,

135 596 448 653 παραλαβόντα
477 599 731 653 Αἰγυπτίων
759 596 863 647 τοὺς
902 595 1201 653 βουλομένους
1232 598 1275 639 οἱ
1305 596 1401 640 ἕπε-

136 684 268 730 σθαι,
300 676 758 729 στρατοπεδεύσασθαι
790 676 837 719 έν
869 678 1124 733 Πηλουσίῳ·
1155 674 1291 732 ταύτῃ
1319 675 1404 731 γάρ

136 759 216 801 εἶσι
255 759 300 800 αἱ
337 756 534 811 ἐσβολαί·
581 756 762 800 ἕπεσθαι
803 756 848 799 δέ
888 758 932 799 οἵ
969 760 1058 799 τῶν
1096 757 1295 812 μαχίμων
1325 756 1404 811 μὲν

135 834 295 880 οὐδένα
338 834 535 889 ἀνδρῶν,
591 835 814 891 καπήλους
852 836 922 888 δὲ,
982 836 1055 879 καὶ
1093 833 1403 891 χειρώνακτας,

105 922 127 956 5
137 916 211 959 καὶ
248 912 487 970 α’γοραίους
516 914 796 970 ἀνθρώπους.

857 916 1050 958 ἐνθαῦτα
1089 913 1394 969 ἀπικομένους,
1411 923 1427 955 1

132 999 247 1038 τοῖσι
287 994 520 1037 ἐναντίοισι
562 993 736 1038 αὐτοῖσι
783 994 1066 1050 ἐπιχυθέντας
1111 994 1272 1046 νυκτός
1319 999 1405 1051 μῦς

133 1071 427 1129 ἀρουραίους,
476 1074 586 1117 κατὰ
627 1074 707 1130 μὲν
748 1074 926 1129 φαγέειν
961 1072 1066 1124 τούς
1096 1078 1403 1130 φαρετρεῶνας

133 1151 304 1204 αὐτῶν,
345 1152 455 1196 κατὰ
492 1153 537 1196 δὲ
567 1153 619 1196 τὰ
648 1153 771 1205 τόξα·
821 1152 933 1207 πρὸς
968 1153 1037 1205 δὲ,
1077 1156 1166 1195 τῶν
1204 1151 1402 1197 ἀσπίδων

130 1230 183 1275 τὰ
228 1231 384 1287 ὄχανα,
446 1232 555 1276 ὥστε
603 1237 655 1289 τῇ
695 1231 901 1288 ὑστεραίῃ
943 1229 1199 1287 φευγόντων
1239 1234 1400 1288 σφέων,

102 1317 315 1368 6γυμνε5ν
347 1311 518 1366 ὅπλων,
549 1312 717 1356 πεσέειν
745 1310 950 1363 πολλούς.
997 1311 1072 1356 καὶ
1100 1315 1185 1356 νῦν
1212 1307 1343 1366 οὗτος
1373 1311 1429 1357 ὁ5

127 1492 320 1546 αντιοῖζων
332 1513 401 1538 τον
411 1494 607 1550 Ἀραβίων
619 1511 730 1548 στρα-

73 1549 164 1604 τόν]
208 1556 314 1593 Conf.
351 1556 530 1594 Matthiae
558 1557 591 1593 G
595 1570 622 1593 r
663 1558 730 1593 Gr

74 1609 110 1661 ἓ-
130 1612 234 1659 383,
252 1616 289 1653 2.

129 1664 345 1734 καπήλους
355 1665 420 1716 δὲ,
450 1684 518 1708 και
544 1683 730 1733 χειρωνα-

73 1738 189 1771 mag,
225 1723 293 1763 καὶ
322 1719 538 1777 αγοραίους
569 1720 730 1776 ἅνθρω-

73 1779 197 1830 πους]
228 1781 286 1820 De
314 1782 370 1819 his
399 1783 547 1819 vocibus
580 1783 654 1819 dixi
682 1782 730 1819 ad

73 1837 112 1884 I,
134 1839 200 1878 93.
258 1836 381 1888 Atque
405 1839 564 1877 Heeren.
597 1839 730 1886 (ldeen

73 1893 131 1939 II,
150 1897 177 1935 2
201 1906 288 1944 pag.
313 1895 412 1941 140)
450 1909 575 1933 vocem
603 1891 730 1945 καπή-

72 1951 169 1996 λους
205 1951 464 2001 interpretatur
501 1953 584 2000 (ἄϊε
618 1952 730 1988 Kaste

72 2006 151 2054 der)
197 2008 526 2056 gewerbtrezbenden
574 2009 727 2058 Bic‘rger.

71 2062 243 2112 Namque
282 2077 407 2102 omnes
457 2065 611 2115 intelligi
655 2066 730 2102 vult

71 2120 243 2171 opifices,
285 2122 460 2171 artifices,
496 2127 729 2170 mercatores,

71 2189 266 2227 caupones.

128 2232 308 2273 ἐνταῦθα
339 2229 631 2285 ἀπικομένους]
670 2233 729 2272 Ad

72 2293 286 2328 structuram
314 2292 407 2328 conf.
438 2292 490 2339 ΙΙ,
514 2294 587 2332 66:
618 2294 729 2330 ταῦ-

72 2360 130 2384 τα
171 2344 213 2385 δὲ
252 2343 533 2399 γινόμενα,
574 2347 729 2387 πένθεα

73 2397 220 2454 μεγάλα
239 2401 331 2451 τοὺς
346 2405 593 2457 Αἰγυπτίους
612 2420 728 2445 κατα-

73 2455 275 2510 λαμβανει.
333 2461 498 2499 Ub1v1d
522 2467 614 2499 nott.

129 2513 389 2566 ἐπιχυθέντας
447 2534 591 2565 νυκτος
651 2535 729 2570 μυς

74 2565 312 2623 ἄρουραίους
327 2590 360 2613 κ.
374 2590 404 2613 τ.
417 2574 466 2626 λ.]
485 2575 603 2613 Aliam
624 2589 729 2626 pror-

75 2640 134 2663 sus
152 2628 378 2678 Assyriorum
411 2632 524 2669 cladis
554 2645 596 2669 ac
616 2634 728 2682 fugae

75 2695 217 2722 causam
236 2689 358 2735 prodit
375 2689 530 2726 Iudaeus
545 2690 728 2753 propheta

75 2738 272 2789 XXXVII,
302 2745 380 2790 363
430 2750 534 2795 peste
559 2746 654 2783 enim
686 2759 728 2782 ac

76 2795 242 2834 divinitus
274 2800 388 2837 misso
419 2802 551 2851 angelo
579 2803 729 2839 interse-

76 2855 174 2889 ctore
195 2854 242 2890 ad
270 2857 426 2894 reditum
445 2857 614 2907 Assyrios
644 2871 728 2896 coa-

77 2910 153 2944 ctos
192 2922 272 2948 esse
309 2913 444 2950 scribit.
512 2915 625 2959 Quod
650 2915 726 2952 Bo-

798 1499 922 1536 charto
953 1498 1206 1549 explicandum
1244 1499 1386 1537 videtur
1414 1513 1458 1538 ex

799 1556 1030 1593 similitudine
1050 1569 1179 1593 vocum
1197 1553 1325 1606 λαμοῖς
1342 1556 1457 1607 (mus)

799 1618 835 1650 et
854 1609 986 1662 λοιμὸς
1007 1613 1167 1662 (pestis),
1198 1625 1350 1662 quarum
1370 1628 1457 1651 con-

798 1670 891 1706 fusio
914 1670 1091 1706 diversam
1113 1670 1299 1719 pepererit
1329 1683 1456 1708 narra-

798 1726 946 1763 tionem.
1021 1727 1126 1770 Quae
1156 1730 1277 1763 tamen
1309 1727 1457 1766 minime

798 1784 1009 1819 satisfacere
1043 1796 1155 1833 posse
1181 1787 1304 1820 censet
1337 1784 1456 1821 Gese-

797 1840 900 1886 nius,
931 1851 952 1875 a
975 1839 1040 1876 Cr.
1065 1839 1258 1887 laudatus,
1281 1840 1328 1876 ad
1348 1840 1454 1878 Iesai.

797 1895 819 1932 l.
844 1896 865 1932 l.
895 1908 980 1946 pag.
1011 1894 1104 1937 974.
1170 1894 1229 1932 Ad
1264 1896 1455 1934 Michaelis

798 1953 1017 1989 sententiam
1056 1952 1114 1989 ille
1152 1965 1220 1989 nos
1265 1955 1456 1992 attendere

797 2009 928 2056 iubet,
969 2008 1041 2058 qua
1076 2022 1156 2045 mus
1186 2008 1455 2060 Aegyptiorum

797 2066 835 2102 in
863 2065 959 2102 notis
990 2065 1270 2115 hieroglyphicis
1304 2067 1457 2105 denotet

796 2123 1037 2159 vastationem
1082 2126 1118 2159 et
1156 2123 1456 2171 internecionem,

797 2182 893 2216 teste
904 2178 1093 2229 Horapoll.
1110 2178 1335 2229 hieroglyph.
1347 2181 1376 2227 I,
1389 2182 1454 2221 50.

799 2235 884 2278 Qua
900 2236 1013 2272 muris
1038 2239 1128 2272 nota
1147 2235 1184 2271 in
1204 2237 1301 2285 regis
1332 2237 1456 2285 effigie

797 2292 889 2330 falso
913 2291 1094 2330 intellecta
1112 2296 1227 2329 ortam
1248 2293 1360 2330 videri
1377 2294 1456 2331 He-

796 2349 918 2386 rodoti
942 2350 1203 2387 narrationem.
1233 2350 1455 2400 Opportune

797 2418 945 2455 quoque
974 2405 1241 2455 WVesselingius
1271 2419 1455 2455 gramma-

795 2463 948 2500 ticorum
970 2463 1197 2500 narrationes
1218 2463 1267 2499 ad
1293 2463 1396 2500 Iliad.
1424 2463 1454 2510 I,

796 2520 850 2561 39
872 2518 989 2555 attulit
1006 2520 1053 2556 de
1064 2519 1223 2557 Troadis
1237 2519 1362 2557 incolis
1376 2533 1455 2557 mu-

795 2589 854 2613 res
874 2576 1155 2623 venerantibus,
1185 2572 1245 2615 ότι
1273 2591 1343 2622 τας
1364 2591 1454 2615 νευ-

796 2647 870 2683 ρας
896 2634 975 2671 τῶν
1002 2632 1206 2684 πολεμίων
1239 2631 1453 2686 διέτρωγον

794 2685 934 2736 τόξωτ.

852 2747 1017 2797 γυμνῶν
1031 2741 1180 2796 όπλων]
1197 2745 1452 2795 Intelliguntur

794 2815 903 2839 armzs
922 2802 1061 2839 nudati.
1120 2802 1292 2852 Xenoph.
1314 2802 1450 2852 Cyrop.

796 2859 842 2905 V,
855 2858 893 2906 4,
913 2858 985 2900 45:
1016 2855 1147 2910 γυμνοὶ
1164 2854 1296 2897 ὅπλων
1319 2871 1451 2898 σκευο-

798 2912 918 2966 φόρα.
977 2915 1087 2953 Plura
1111 2916 1339 2966 interpretes.
