1805 3315
305 264 363 304 78
712 260 1173 301 HERODOTI

306 405 330 424 „
341 378 410 427 γεῑ
435 375 702 428 κομισθῆναι
730 370 773 422 ἐς
799 369 847 414 τὸ
877 368 998 426 ἱρόν·
1039 371 1084 414 οἷ
1113 370 1160 414 δέ
1197 381 1275 426 σφι
1313 366 1410 426 βόες
1437 366 1483 410 ἐκ
1511 369 1590 409 τοῦ

307 484 331 503 ‚,
343 449 483 507 ἀγροῦ
509 449 563 494 οὐ
592 452 880 507 παρεγίνοντο
909 448 957 493 ἐν
986 448 1098 505 ὥρῃ·
1128 449 1424 505 ἐκκληῖόμενοι
1463 448 1508 492 δὲ
1535 450 1635 503 τῇ65

264 663 364 696 esset
375 659 412 706 ,“
449 657 561 695 verba
597 660 683 693 sunt
713 656 829 694 Servii
861 655 917 692 'ad

264 715 367 763 Virg.
389 715 528 762 Georg.
556 712 580 748 l.
600 712 623 749 l.
655 712 918 759 „sacerdotem

264 771 437 820 Argivam
476 768 607 805 iunctis
642 768 760 804 bobus
794 768 844 804 ire
869 768 918 804 ad

264 826 401 876 templa
421 825 591 871 Iunonis,
621 827 657 860 et
683 824 837 860 solemni
858 825 918 861 die

265 884 378 920 boves
400 895 475 918 non
497 880 762 925 invenirentur3
777 901 832 907 —
847 880 917 916 duo

265 938 465 976 sacerdotis
497 936 560 973 filii
590 935 740 973 Cleobis
770 939 808 972 et
833 936 919 972 Bito

266 999 441 1040 matrem,
471 993 670 1030 subeuntes
691 991 842 1040 iugum,
871 992 920 1028 ad

267 1050 401 1101 templa
421 1049 584 1087 duxere“
603 1052 673 1086 etc.
710 1047 793 1086 Nec
816 1047 921 1086 aliter

266 1107 506 1144 Athenienses
537 1104 706 1142 mulieres
746 1105 795 1142 ad
824 1104 919 1142 cele-

267 1164 409 1201 branda
435 1162 623 1200 Eleusinia
651 1161 812 1198 curribus
839 1160 921 1198 vehi

266 1220 394 1257 solitas
412 1232 493 1257 esse
506 1232 526 1256 e
536 1217 659 1256 Schol.
675 1219 723 1255 ad
733 1216 920 1268 Aristoph.

266 1277 361 1314 Plut.
403 1274 511 1317 1015
558 1278 710 1312 annotat
750 1273 919 1322 Schwgh.

268 1333 393 1377 Quare
412 1333 534 1383 ipsum
555 1331 734 1368 Cadmum
761 1330 922 1367 Harmo-

266 1390 438 1439 niamque
456 1388 662 1425 huiusmodi
690 1400 796 1425 curru
818 1387 921 1424 bovi-

266 1446 335 1484 bus
355 1449 459 1483 vecto
490 1457 579 1481 usos
608 1457 693 1481 esse
725 1444 826 1481 haud
855 1443 922 1481 mi-

267 1515 346 1540 rum
363 1502 507 1540 videtur
536 1501 747 1549 Musgravio
776 1501 825 1537 ad
844 1500 921 1536 Eu-

267 1559 373 1609 ripid.
401 1557 535 1595 Bacch.
580 1559 711 1604 1331,
750 1561 791 1594 ut
818 1560 923 1593 notat

269 1615 362 1663 Cn,
392 1615 454 1664 qui
483 1614 531 1650 de
560 1613 733 1664 Cydippe
769 1612 922 1662 aliisque

268 1671 418 1709 Iunonis
466 1669 624 1718 Argivae
668 1670 921 1706 sacerdotibus

268 1727 422 1765 conferri
439 1726 539 1763 iubet
555 1726 607 1764 H.
631 1725 753 1762 vales.
778 1726 827 1762 ad
846 1725 920 1761 Po-

267 1784 340 1833 lyb.
361 1783 547 1832 Excerptt.
565 1796 603 1833 p.
626 1783 663 1822 8.
683 1784 724 1822 9.
755 1780 925 1831 Arguunt

267 1853 354 1878 vero
375 1840 480 1877 huius
501 1838 702 1876 sacerdotis
721 1851 850 1888 preces
874 1838 923 1875 ad

267 1897 465 1943 Iunonem,
505 1907 587 1932 eam
622 1894 782 1932 elatioris
813 1894 922 1932 animi

268 1958 306 1991 et
329 1952 486 1991 cultioris
505 1951 643 2000 ingenii
662 1952 788 1988 fuisse.
825 1951 924 1987 Hinc

268 2014 401 2061 sponte
431 2008 470 2044 in
495 2011 655 2045 mentem
687 2007 785 2044 venit
803 2007 924 2045 Dion·-

268 2079 350 2104 mae
371 2066 409 2101 in
419 2063 593 2101 Platonic.
608 2064 780 2113 SympOS.
790 2076 827 2113 p.
839 2065 922 2104 201

268 2137 305 2174 p.
326 2122 408 2164 425
427 2120 547 2157 Bekk.
571 2120 627 2157 cui
645 2132 791 2156 summa
810 2131 924 2168 quae-

267 2180 322 2216 vis
365 2192 409 2216 eo
448 2176 527 2213 loco
565 2176 692 2213 tribuit
738 2176 922 2222 Socrates,

269 2247 439 2285 quaeque
458 2237 495 2270 et
509 2233 592 2283 ipsa
613 2233 786 2269 sacerdos
808 2232 924 2269 fuisse

269 2292 399 2329 dicitur
426 2290 527 2340 (vid.
562 2288 682 2326 Schol.
707 2288 754 2324 in
774 2287 923 2325 Aristid.

269 2350 420 2400 p.127
460 2346 518 2384 ed
554 2344 789 2393 Frommel);
825 2344 924 2381 unde

269 2415 498 2453 consequens
521 2405 577 2440 est
584 2399 782 2452 ,‘'praeter
764 2401 922 2452 εταίρας

269 2460 475 2499 nobilitatas
505 2458 574 2507 (ut
593 2471 625 2496 e.
651 2470 688 2506 g.
707 2456 920 2509 Aspasiam)

271 2523 308 2556 et
318 2517 571 2566 Pythagoreas
588 2514 741 2552 seminas
752 2543 763 2562 ,
775 2515 922 2551 tertium

270 2586 417 2622 quoque
429 2584 546 2622 genus
565 2570 799 2609 eruditiorum
818 2570 923 2607 femi-

270 2641 398 2666 narum
415 2629 452 2665 in
479 2627 633 2665 Graecia
653 2627 788 2674 fuisse,
815 2626 923 2663 nimi-

271 2698 349 2722 rum
369 2685 464 2722 inter
485 2697 548 2723 eas
561 2712 572 2732 ,
602 2695 697 2732 quae
709 2683 922 2721 sacerdotiis

271 2743 520 2790 fungerentur.
605 2739 786 2790 Exposuit
833 2739 923 2776 haec

273 2797 342 2834 Cr.
380 2798 417 2834 in
454 2798 621 2834 Censura
672 2796 771 2846 Opp.
820 2794 922 2832 Frid.

271 2853 466 2903 Schlegelii
486 2854 523 2890 in
532 2851 674 2890 Annall.
685 2850 923 2901 Heidelberg.

275 2910 382 2952 1825
414 2923 450 2961 p.
469 2911 548 2952 109
569 2921 674 2961 seqq.

1042 655 1083 695 οἷ
1104 653 1147 694 δέ
1167 666 1237 704 σφι
1255 650 1345 706 βόες
1364 653 1406 694 ἐκ
1418 655 1490 693 τοῦ
1512 648 1638 706 α’γροῦ

985 707 1034 751 ου’
1053 712 1313 763 παρεγίνοντο
1346 711 1388 750 ἐν
1413 707 1518 764 ὥρῃ]
1561 709 1637 746 Ali-

984 772 1041 806 ter
1063 769 1213 806 Servius
1235 767 1309 815 1.1.,
1342 768 1503 817 quamvis
1517 767 1638 804 Hero-

986 825 1111 861 dottun
1137 824 1352 861 narrationis
1392 828 1523 861 testem
1560 823 1638 859 lau-

987 880 1141 926 dans:‚
1146 880 1374 929 ,pestilentia
1397 881 1514 926 enim,
1545 891 1639 928 quae

986 948 1054 986 per
1074 935 1253 983 Atticam,
1281 940 1322 973 ut
1342 936 1508 983 diximus,
1521 939 1641 972 trans

986 992 1100 1039 ierat,
1129 992 1298 1029 universa
1328 992 1639 1043 consumpserat.“

1045 1043 1320 1098 ἕκκληῖόμενοι
1350 1046 1392 1087 δὲ
1418 1051 1467 1103 τῇ
1494 1044 1577 1102 ὥρῃ
1601 1046 1644 1086 οἵ

989 1102 1171 1169 νεηνίαι]
1213 1104 1386 1141 Valcken.
1406 1104 1640 1142 conjiciebat.

988 1156 1144 1201 εκδυο
1159 1175 1307 1212 μενοι
1337 1157 1389 1199 δὲ
1426 1161 1448 1197 i.
1478 1174 1509 1197 e.
1549 1163 1642 1197 vete

983 1220 1127 1269 posita,
1185 1217 1371 1254 Ciceronis
1414 1216 1642 1268 potissimum

987 1275 1108 1312 verbis
1137 1279 1358 1321 commotus,
1400 1273 1499 1323 apud
1535 1285 1642 1322 quem

988 1331 1119 1368 haecce
1128 1330 1315 1379 leguntur:
1346 1329 1525 1377 „Iuvenes
1540 1329 1576 1366 hi
1586 1350 1643 1356 —-

987 1391 1089 1425 veste
1117 1387 1239 1437 posita
1269 1398 1424 1436 corpora
1452 1385 1532 1423 oleo
1557 1399 1643 1437 per-

989 1447 1165 1481 unxerunt
1180 1472 1190 1490 ‚
1232 1444 1279 1480 ad
1317 1443 1441 1491 iugum
1477 1455 1642 1479 accesse—

989 1504 1094 1537 runt:
1134 1500 1185 1536 ita
1216 1500 1388 1537 sacerdos
1424 1499 1577 1536 advecta
1605 1499 1641 1534 in

987 1557 1152 1594 fanum.“
1226 1556 1303 1593 Sed
1356 1550 1642 1606 ἐκκληϊὸμενοι,

989 1613 1090 1662 quod
1111 1612 1238 1662 optimi
1259 1625 1302 1648 ac
1321 1611 1463 1662 plurimi
1480 1611 1562 1648 libri
1581 1623 1643 1648 ex-

988 1669 1114 1706 hibent
1131 1668 1269 1715 (nullus
1287 1668 1378 1705 liber
1393 1663 1511 1706 ἐκδυό
1517 1681 1642 1718 μενοι,

989 1725 1097 1776 pauci
1115 1719 1443 1775 ἐκκληϊζόμενοι),
1461 1729 1538 1762 est:
1559 1728 1645 1761 tem-

985 1794 1070 1832 pore
1091 1781 1246 1828 exclusi,
1276 1781 1298 1817 i.
1320 1794 1351 1818 e.
1382 1785 1538 1829 urgente
1552 1785 1644 1818 tem-

989 1851 1081 1888 pore
1100 1837 1270 1888 prohibiti
1281 1842 1493 1888 exspectare
1504 1838 1644 1875 iumen—-

989 1899 1108 1931 torum
1140 1895 1356 1941 adventum,
1384 1894 1571 1943 coactique
1596 1894 1644 1930 ad

990 1950 1163 2001 templum
1198 1963 1418 2001 properare,
1466 1954 1507 1986 ut
1551 1951 1644 1987 bene

992 2007 1141 2057 exponit
1151 2007 1307 2056 Schwgh
1323 2036 1334 2054 ‚
1350 2006 1503 2043 laudans
1514 2006 1643 2055 Polyb.

991 2063 1119 2110 XVII,
1140 2065 1190 2111 8,
1219 2067 1246 2104 2
1283 2063 1363 2100 alia.
1420 2063 1524 2100 Bene
1552 2076 1644 2112 quo-

991 2133 1062 2169 que
1075 2124 1195 2157 tuetur
1206 2118 1338 2156 Matth.
1349 2120 1414 2156 Gr.
1430 2119 1496 2156 Gr.
1506 2117 1645 2169 §.535,

991 2190 1011 2214 c
1031 2181 1107 2213 not.
1131 2177 1157 2216 3
1186 2189 1222 2225 p.
1245 2176 1355 2217 1052
1379 2177 1440 2213 -sic
1477 2180 1643 2213 vertens:

991 2261 1015 2280 „
1027 2246 1050 2269 α
1062 2231 1246 2282 facultate
1258 2231 1364 2269 >aliud
1381 2231 1643 2282 quidquamfa-

991 2288 1105 2325 ciendi
1129 2289 1268 2325 exclusi
1287 2294 1334 2326 et
1359 2289 1513 2326 coacti.“
1569 2287 1645 2324 Eo-

991 2346 1076 2382 dem
1096 2345 1213 2382 rmodo
1241 2341 1528 2384 α’ποκλείεσθαι
1557 2344 1645 2380 dici-

991 2406 1049 2438 tur
1063 2430 1074 2447 ‚
1124 2405 1295 2438 monente
1334 2401 1558 2450 WVesseling.
1589 2400 1646 2437 -ad

989 2457 1143 2495 Diodor.
1162 2457 1218 2503 ΙΙ,
1240 2459 1292 2498 26
1306 2487 1316 2504 ‚
1347 2470 1419 2506 quo
1447 2458 1529 2506 ipse
1555 2469 1646 2492 usus

989 2526 1070 2549 sum
1087 2513 1136 2550 ad
1165 2513 1347 2550 Plutarch.
1369 2512 1484 2549 Alcib.
1515 2525 1552 2562 p.
1577 2515 1645 2553 79.

989 2569 1038 2606 Et
1071 2568 1455 2621 συγκλείεσθαι
1489 2581 1510 2605 e
1541 2566 1645 2604 Mac-

990 2626 1092 2662 cabb.
1112 2625 1167 2672 Π,
1197 2626 1222 2665 8
1241 2636 1293 2660 vs.
1315 2624 1379 2666 25.
1401 2627 1454 2665 26
1483 2623 1540 2660 hic
1567 2623 1645 2660 lau-

990 2682 1054 2719 dat
1074 2681 1236 2727 Comes,
1257 2681 1318 2729 qui
1349 2681 1446 2717 idem
1473 2678 1645 2716 Latinam

990 2737 1206 2775 locutionem
1222 2736 1418 2786 („tempore
1433 2736 1644 2784 exclusus-‘5

991 2807 1011 2831 e
1030 2794 1179 2830 Caesar.
1201 2793 1314 2829 BsG.
1336 2792 1425 2839 Vll,
1450 2796 1498 2833 11
1522 2797 1559 2830 et
1579 2792 1645 2829 Ci-

989 2863 1059 2887 cer.
1091 2850 1194 2886 Orat.
1234 2848 1306 2895 111,
1345 2848 1396 2890 15
1417 2849 1642 2899 com-probat.

989 2905 1070 2944 Alia
1091 2918 1186 2944 nunc
1204 2904 1367 2944 consulto
1387 2904 1642 2956 praetermitti-
