1759 3324
368 240 453 281 754
758 231 1237 275 HERODOTI

366 347 611 405 γάσασθαι,
649 347 722 389 καὶ
751 343 911 395 ταύτας
937 343 1038 397 περὶ
1065 342 1118 385 τὰ
1146 339 1326 397 ἀγγήϊα,
1367 340 1413 384 έν
1442 344 1556 384 τοῖσι
1584 340 1637 384 τὰ

313 425 562 484 14χρήματα
593 425 716 481 ἐνῆν,
757 427 921 480 στῆσαι.
978 425 1067 465 τῶν
1098 422 1144 465 δὲ
1174 422 1362 477 φωρῶν,
1417 419 1559 474 ὥσπερ
1592 419 1694 463 έν65

366 510 428 562 τῷ
456 506 542 561 πρὸ
578 509 659 548 τοῦ
697 502 868 560 χρόνῳ,
909 501 1157 550 ἐλθόντων,
1207 500 1281 543 καὶ
1322 498 1530 549 ἐνδύντος
1558 501 1640 542 τοῦ

369 585 521 638 ἑτέρου
554 581 725 635 αὐτῶν,
755 582 844 626 ἐπεὶ
865 582 975 636 πρὸς
1000 580 1046 624 τὸ
1073 580 1205 636 ἄγγος
1233 581 1453 634 προσῆλθε
1470 611 1480 629 ,
1511 575 1641 628 ἰθέως

368 669 419 721 τῇ
450 662 567 718 πάγῃ
608 660 854 716 ἐνέχεσθαι·
914 658 973 711 ὥς
1011 660 1056 703 δὲ
1092 662 1257 715 γνῶναι
1297 656 1435 701 αὐτὸν
1475 656 1522 700 έν
1561 657 1640 713 οἴῳ

369 746 491 798 κακῷ
524 737 602 797 ἦν,
632 740 762 791 ἰθέως
792 738 962 783 καλέειν
992 737 1070 781 τὸν
1100 736 1341 793 ἀδελφεόν,
1371 737 1445 781 καὶ
1476 737 1641 791 δηλοῦν

369 818 490 876 αὐτῷ
518 819 570 863 τὰ
599 817 840 872 παρεόντα,
895 817 969 860 καὶ
1006 814 1198 860 κελεύειν
1227 815 1307 873 τὴν
1335 817 1538 871 ταχίστην
1568 814 1638 858 ἐσ-

370 897 528 949 δύντα,
571 897 836 953 ἀποτάμνειν
876 893 1017 939 αὐτοῦ
1055 895 1134 952 τὴν
1171 894 1413 951 κεφαλήν.
1439 893 1552 945 ὅκως
1581 894 1696 950 μὴ7ο

371 975 503 1028 αὐτὸς
536 975 716 1033 ὀφθεὶς,
754 977 828 1020 καὶ
856 975 1118 1031 γνωρισθεὶς
1158 974 1206 1027 ὃς
1237 977 1323 1031 εἴη,
1366 973 1639 1028 προσαπολέ-

316 1065 357 1098 15
371 1067 425 1114 σῃ
456 1056 529 1100 καὶ
557 1055 738 1100 ἐκεῖνον.
795 1058 856 1111 τῷ
887 1054 934 1098 δὲ
964 1053 1088 1107 δόξαι
1117 1049 1168 1098 εὖ
1205 1054 1369 1110 λέγειν,
1406 1053 1480 1097 καὶ
1507 1055 1638 1110 ποιῆ-

371 1137 445 1180 σαί
472 1152 547 1192 μιν
582 1134 814 1180 πεισθέντα
852 1137 1008 1178 ταῦτα·
1067 1134 1141 1178 καὶ
1186 1132 1522 1189 καταρμόσαντα
1560 1130 1639 1176 τὸν

370 1217 524 1268 λίθον,
575 1213 748 1258 ἀπιέναι
787 1212 850 1257 ἐπ’
881 1215 1030 1265 οἴκου,
1091 1213 1286 1269 φέροντα
1324 1211 1404 1269 τήν
1442 1210 1640 1267 κεφαλήν

262 1299 290 1339 3
322 1298 456 1339 16τοῦ
494 1292 726 1351 ἀδελφεοῦ.
780 1291 857 1345 Ὡς
899 1293 946 1337 δὲ
981 1290 1120 1349 ἡμέρη
1158 1292 1355 1348 ἐγένετο,
1403 1289 1694 1335 ἐσελθόντα75

40 1349 268 1411 {magd-‘natm
283 1351 319 1412 οξ
375 1375 454 1418 τὸν
478 1373 658 1431 βασιλέα
695 1373 738 1425 ἐς
775 1371 825 1417 τό
868 1373 1050 1429 οἴκημα,
1101 1372 1414 1428 ἐκπεπλῆχθαι,
1455 1368 1638 1426 ὁρέοντα

41 1425 180 1446 ΙΠΠΪΟΕΙΙΕ
205 1426 318 1446 euflum.

183 1426 201 1454 P
374 1453 422 1498 τό
454 1458 578 1510 σωμα
606 1456 688 1496 τοῦ
718 1450 869 1508 φωρὸς
898 1451 945 1495 έν
973 1455 1027 1508 τῇ
1057 1449 1175 1508 πάγῃ
1207 1449 1312 1495 ἄνευ
1341 1454 1416 1506 τῆς
1445 1451 1637 1505 κεφαλῆς

373 1532 468 1577 ἐόν·
520 1532 569 1576 τό
599 1532 644 1576 δὲ
675 1533 854 1588 οἴκημα,
903 1528 1071 1584 ἀσινὲς,
1114 1531 1187 1574 καὶ
1217 1531 1316 1574 οὔτε
1346 1530 1503 1574 ἔσοδον
1535 1527 1637 1572 οὔτε

318 1620 360 1654 17
376 1612 395 1628 ”
422 1614 446 1656 δ
622 1609 632 1625 ’
721 1612 730 1627 ’
823 1611 842 1627 ”
1005 1607 1016 1624 ’
1144 1609 1155 1624 ’
1356 1609 1365 1623 ’
1574 1606 1584 1621 ’

373 1629 418 1656 εκ
449 1624 549 1656 υσιν
579 1613 788 1668 ουδεμιαν
820 1627 929 1667 εχον.
988 1626 1290 1667 απορευμενον
1320 1611 1366 1654 δε
1397 1625 1495 1665 μιν,
1535 1609 1637 1652 ταδε

318 1821 460 1857 cutione
480 1823 649 1867 utuntur,
680 1818 743 1868 qui
763 1817 895 1856 similes
917 1818 974 1855 fa-

321 1877 431 1915 bellas
452 1876 594 1914 Graece
615 1876 855 1925 scripserunt‚
876 1874 974 1912 Pau-

321 1933 440 1970 sanias
463 1933 538 1979 lX,
557 1934 637 1979 37,
674 1932 735 1968 ubi
763 1933 858 1968 conf.
891 1932 973 1968 Sie-

319 1989 421 2027 belis.
435 2003 470 2040 p
490 1991 567 2030 126
595 1993 633 2026 et
646 1988 816 2025 Charax
808 2001 845 2024 111
862 1987 972 2024 schol.

318 2045 415 2082 laud.
442 2068 492 2073 —
537 2045 579 2081 In
611 2057 713 2112 seqq.
743 2058 824 2081 cum
855 2045 971 2081 Gaisf.

319 2102 440 2139 edidi:
471 2100 512 2140 ἐν
533 2116 587 2154 τῳ
617 2116 694 2151 προ
722 2103 793 2139 τοῦ
825 2096 971 2152 χρόνῳ,

319 2170 400 2195 cum
426 2157 536 2206 vulgo
563 2161 678 2194 esset:
708 2155 750 2195 έν
777 2171 829 2210 τῳ
859 2171 970 2206 προ-

320 2215 408 2252 τοῦ
436 2209 574 2266 χρόνῳ.
642 2213 755 2255 Quod
782 2225 866 2249 mox
892 2213 970 2250 He-

319 2270 449 2307 rodoto
478 2274 534 2307 est
557 2270 606 2322 τῇ
622 2264 728 2323 πάγῃ
751 2267 968 2318 ἐνέχεσθαι,

321 2326 359 2362 id
383 2326 536 2362 Characi
558 2329 616 2363 est
644 2325 783 2377 παγίσι
811 2339 970 2374 περιπε-

322 2385 428 2430 σεῖν,-
473 2382 671 2421 Pausanias
710 2394 796 2418 vero
831 2381 970 2418 scribit:

320 2437 548 2487 Agamedem
567 2435 591 2477 ὁ
609 2434 750 2487 δεσμός
770 2439 931 2487 κατεῖχε.

370 2491 471 2540 ’ὅκως
500 2490 554 2545 μή
580 2514 636 2522 —
666 2492 968 2548 προσαπολέσῃ]

318 2550 546 2600 Reliquimus
564 2548 840 2603 προσαπολέσῃ
853 2579 864 2597 ,
891 2563 970 2586 mu-

319 2611 433 2644 tatum
460 2609 498 2644 in
529 2605 814 2657 προσαπολέσει
839 2619 883 2643 ex
910 2619 971 2643 ca-

320 2676 417 2702 none
446 2664 644 2701 Davisiano
665 2691 677 2709 ,
712 2663 767 2699 cui
792 2663 861 2699 hoc
888 2661 967 2698 loco

322 2720 432 2757 etiam
444 2720 524 2756 libri
542 2720 690 2769 quidam
710 2719 966 2766 suffragantur.

319 2777 396 2814 Sed
435 2781 560 2814 monet
585 2775 763 2812 Matthiae
798 2775 863 2811 Gr.
901 2774 966 2811 Gr.

320 2846 356 2882 p.
377 2836 458 2874 999
491 2832 521 2869 si
556 2834 712 2869 futurum
740 2835 835 2868 esset
862 2831 967 2868 resti-

317 2889 517 2936 tuendum,
543 2889 673 2939 reponi
694 2887 829 2925 debere
846 2896 965 2938 προσ.

1041 1815 1222 1864 απολέει,
1257 1816 1297 1853 id
1330 1816 1429 1865 quod
1457 1815 1575 1853 nullus
1604 1814 1694 1852 liber

1039 1876 1202 1925 praebet.
1239 1873 1364 1917 Quare
1385 1873 1422 1909 in
1440 1872 1587 1921 vulgata
1605 1872 1693 1908 sub-

1040 1932 1260 1976 sistendum,
1291 1942 1385 1978 quae
1407 1929 1517 1966 etiam
1542 1928 1612 1966 alio
1638 1928 1693 1964 lo-

1040 2001 1081 2025 co
1104 1987 1160 2034 ll,
1185 1989 1265 2028 120
1290 1986 1351 2022 fin.
1381 1979 1692 2035 (ὅκως-ποιή-

1041 2045 1157 2091 σωσι)
1181 2043 1422 2080 confirmatur.

1094 2097 1331 2152 γνωρισθεὶς
1353 2095 1401 2144 ὃς
1422 2096 1531 2148 εἰή]ἰ.
1546 2110 1577 2135 e
1588 2098 1694 2145 agni-

1039 2160 1096 2193 tus
1121 2159 1198 2207 quis
1218 2159 1314 2192 esset.
1373 2155 1450 2192 Ubi
1479 2169 1522 2200 ος
1547 2167 1614 2217 pro
1635 2153 1692 2189 in-

1037 2213 1260 2262 terrogativo
1287 2211 1502 2261 pronomine
1528 2210 1692 2259 accipere

1036 2268 1142 2315 lieet3
1175 2269 1269 2306 conf.
1298 2267 1431 2304 Matth.
1462 2267 1526 2303 Gr.
1558 2266 1689 2304 Graec.

1037 2337 1121 2375 pag.
1143 2328 1224 2366 907
1249 2322 1284 2374 §-
1305 2323 1398 2364 485

1096 2383 1151 2435 τῷ
1168 2379 1210 2419 δὲ
1237 2375 1356 2427 δόξα
1371 2394 1384 2418 ι
1412 2380 1455 2418 εὐ
1441 2371 1616 2431 λέγειν]
1648 2377 1691 2414 In

1039 2450 1111 2474 uno
1142 2437 1233 2474 libro
1265 2441 1321 2474 est
1353 2432 1494 2483 δόξαν,
1529 2435 1630 2484 quod
1661 2434 1692 2471 si

1037 2507 1160 2531 verum
1182 2497 1298 2540 esset,
1330 2493 1461 2530 eodem
1488 2492 1599 2529 modo
1623 2503 1692 2540 po-

1038 2551 1145 2587 situm
1162 2551 1280 2598 foret,
1311 2562 1384 2598 quo
1402 2548 1459 2595 Π,
1484 2548 1574 2589 148.
1615 2547 1691 2584 Eu-

1037 2606 1102 2656 rip.
1119 2606 1249 2656 Suppl.
1273 2609 1363 2647 129.
1390 2604 1576 2642 Heraclid.
1594 2605 1690 2652 187,

1036 2676 1129 2711 quos
1159 2663 1257 2700 locos
1279 2661 1387 2700 affert
1407 2660 1688 2709 Wesselingius.

1035 2719 1111 2757 Sed
1139 2723 1236 2756 vetat
1277 2730 1434 2768 sequens
1463 2715 1547 2756 καὶ
1575 2717 1691 2766 ποιῆ-

1035 2785 1122 2823 σαι,
1115 2791 1123 2798 ·
1156 2780 1194 2812 ut
1224 2775 1318 2812 bene
1337 2777 1463 2811 monet
1484 2772 1688 2822 Schweigh.

1307 2828 1412 2880 §.3

1091 2885 1248 2925 ἔκδυσιν
1269 2882 1461 2937 ου’δεμίαν
1485 2883 1590 2937 ἕχον]
1620 2878 1687 2924 ου’-
