1759 3324
364 248 448 289 834
781 246 1242 285 HERODOTI

365 355 516 409 ἐόντα,
566 356 759 410 ἐπιμελὲς
788 355 872 411 γὰρ
904 354 957 411 δή
986 373 1058 412 μοι
1088 349 1167 411 ἦν,
1212 352 1391 411 εἰρόμην
1420 354 1525 406 τούς
1550 353 1627 411 ἅγ-

367 447 487 487 χιστα
517 435 738 485 οἰκέοντας
767 439 843 490 τῆς
873 437 1045 491 λίμνης,
1078 434 1188 478 ὅκου
1219 436 1284 489 εἴη
1315 431 1339 477 ὁ
1361 438 1466 489 χοῦς
1489 432 1513 477 ὁ
1535 434 1627 486 ἐξο-

339 516 555 569 δρυχθείς.
619 516 663 557 οῖ
705 514 750 557 δὲ
791 513 990 569 ἔφρασάν
1021 531 1096 569 μοι
1127 516 1199 557 ἵνα
1229 512 1506 568 ἐξεφορήθη,
1554 512 1629 556 καὶ

366 591 573 643 εὐπετέως
603 593 806 635 ἔπειθον·
851 591 957 648 ᾔδεα
986 592 1068 648 γὰρ
1098 590 1213 650 λόγῳ
1243 593 1315 636 καὶ
1346 593 1392 635 ἐν
1421 593 1544 648 Νίνῳ
1575 595 1629 648 τῇ

337 668 605 725 4Ἀσσυρίων
635 670 737 714 πόλι
766 670 1005 726 γενόμενον
1035 671 1183 725 ἕτερον
1213 674 1400 714 τοιοῦτο.
1459 670 1512 714 τοὶ
1543 670 1628 726 γὰρ

366 749 749 804 Σαρδαναπάλλου
779 753 859 792 τοῦ
882 751 1027 791 Νίνου
1049 748 1249 804 βασιλέος
1277 749 1497 804 χρήματα,
1529 749 1686 793 ἐόν-80

365 844 417 869 τα
447 827 634 882 μεγάλα,
678 827 751 871 καὶ
781 827 1091 883 φυλασσόμενα
1123 828 1168 871 ἐν
1197 833 1462 884 θησαυροῖσι
1496 845 1629 872 κατα-
1675 835 1752 874 178

339 907 555 959 ὅγαίοισι,
605 905 846 961 ἐπενόησαν
883 909 1048 956 κλῶπες
1088 907 1344 961 ἐκφορῆσαι.
1408 907 1455 950 ἐκ
1486 907 1538 963 δὴ
1570 902 1633 950 οἶν

366 988 454 1027 τῶν
493 984 715 1040 σφετέρων
754 985 906 1027 οἰκίων
947 982 1183 1040 ἀρξάμενοι
1222 987 1266 1028 οἱ
1302 988 1492 1037 κλῶπες,
1543 983 1631 1029 ὑπὸ

364 1067 447 1116 ’γῆν
486 1062 802 1119 σταθμεόμενοι
842 1064 882 1114 ἐς
922 1063 974 1106 τὰ
1021 1064 1223 1120 βασιλήϊα
1264 1065 1379 1107 οἰκία
1419 1063 1625 1118 ὅρυσσον.

337 1143 447 1184 στὸν
479 1143 522 1185 δὲ
550 1147 659 1198 χοῦν
684 1141 763 1185 τὸν
802 1141 1125 1199 ἐκφορεόμενον
1155 1144 1201 1187 ἐκ
1236 1147 1317 1186 τοῦ
1359 1141 1684 1199 ὀρύγματος,85

367 1223 481 1272 ὅκως
506 1225 676 1278 γένοιτο
707 1221 809 1274 νύξ,
843 1222 885 1274 ἐς
913 1222 989 1266 τὸν
1024 1225 1175 1279 Τίγριν
1205 1221 1424 1278 ποταμόν,
1455 1222 1630 1278 παραρ-

368 1301 524 1354 ῥέοντα
553 1301 632 1357 τὴν
662 1305 809 1346 Νῖνον
828 1337 839 1354 ,
884 1301 1133 1357 ἐξεφόρεον·
1183 1302 1225 1354 ἐς
1254 1301 1278 1346 ὃ
1308 1301 1629 1357 κατεργάσαντο

339 1379 401 1422 76
431 1396 472 1423 τι
503 1380 756 1436 ἐβούλοντο.
825 1386 1031 1425 τοιοῦτον
1068 1381 1218 1436 ἕτερον
1260 1380 1430 1438 ἤκουσα
1470 1381 1544 1425 καὶ
1581 1380 1632 1424 τὸ

366 1463 439 1514 τῆς
470 1459 516 1502 ἐν
545 1460 751 1520 Αἰγύπτῳ
783 1463 936 1518 λίμνης
970 1459 1139 1516 ὄρυγμα
1167 1461 1393 1516 γενέσθαι·
1431 1459 1543 1517 πλήν
1575 1459 1630 1505 οὐ

365 1538 546 1591 νυκτὸς,
580 1537 689 1583 ἀλλὰ
719 1538 814 1596 μετ’
852 1542 1018 1596 ἡμέρην
1048 1540 1332 1596 ποιεύμενον·
1365 1538 1633 1595 ὀρύσσοντας

365 1617 449 1672 γὰρ
478 1618 556 1662 τὸν
578 1623 686 1674 χοῦν
715 1620 819 1670 τούς
851 1622 1136 1675 Αἰγυπτίους,
1175 1620 1216 1670 ἐς
1244 1619 1323 1663 τόν
1354 1622 1518 1663 Νεῖλον
1549 1626 1688 1675 ‹po—90

366 1697 501 1751 ρέειν·
540 1697 563 1741 ὁ
595 1700 641 1742 δὲ
660 1731 672 1750 ,
701 1699 1048 1755 ὑπολαμβάνων,
1081 1700 1223 1754 ἔμελλε
1255 1697 1450 1754 διαχέειν.
1495 1696 1523 1754 ἦ
1553 1699 1633 1755 μέν

364 1792 448 1819 νυν
473 1779 601 1833 λίμνη
633 1777 742 1834 αὕτη
775 1777 892 1821 οὕτω
923 1778 1090 1834 λέγεται
1122 1777 1380 1834 ὀρυχθῆναι.

209 1861 304 1908 151
482 1860 581 1899 Τῶν
621 1857 666 1901 δὲ
704 1857 903 1901 δυώδεκα
938 1857 1156 1914 βασιλέων
1200 1858 1456 1915 δικαιοσύνῃ
1497 1873 1631 1912 χρεω-

35 1926 309 1996 ξζῖαᾘὲἷξξζὴξξζῇρ,
367 1934 535 1990 μένων,
596 1934 680 1980 ἄνα
720 1936 883 1993 χρόνον
923 1936 982 1989 ὦς
1032 1938 1198 1981 ἔθυσαν
1247 1939 1294 1982 ἐν
1331 1941 1392 1994 τῷ
1431 1938 1513 1994 ἱρῷ
1550 1938 1634 1980 τοῦ

35 2002 129 2028 quare
147 2003 164 2021 a
182 1996 312 2021 caeteris

35 2029 63 2055 in
90 2028 239 2062 palustria
263 2037 311 2055 rc-

38 2062 168 2095 iegams.

366 2155 414 2197 τα“
436 2156 509 2211 γαρ
530 2156 874 2210 Σαρδαναπάλλου
895 2163 968 2200 τοῦ
1092 2159 1400 2213 σταθμεόμενοι]
1432 2162 1453 2197 i.
1473 2175 1503 2198 e.
1522 2161 1687 2199 metiendo

313 2215 444 2254 Νίνου
466 2216 664 2266 βασιλέος]
704 2218 840 2267 Scripsi
861 2220 966 2268 Σαρ-
1034 2222 1066 2254 et
1096 2219 1316 2255 coniectando
1346 2219 1536 2265 dirigentes
1576 2221 1685 2264 viam,

311 2269 471 2310 δαναπά
485 2275 533 2310 λλ
547 2287 594 2311 ου
628 2286 706 2309 cum
729 2274 890 2322 probatis
923 2274 965 2309 li-
1033 2279 1071 2310 ut
1092 2275 1352 2324 interpretatur
1373 2274 1576 2322 Schweigh.
1594 2288 1686 2324 quo-

310 2328 395 2364 bris.
453 2328 535 2364 Vid.
559 2329 607 2365 ad
629 2329 774 2365 Ctesiae
797 2329 961 2377 fragmm.
1032 2344 1111 2366 cum
1143 2331 1269 2380 scripsi
1299 2325 1590 2380 σταθμεόμενοι
1619 2344 1686 2381 pro

309 2397 396 2433 pag.
417 2383 509 2424 430.
568 2384 635 2421 Est
662 2397 747 2421 vero
775 2384 863 2421 haec
890 2397 962 2422 una
1029 2386 1124 2434 vulg.
1152 2382 1492 2437 σταθμεώμενοι,
1528 2399 1622 2436 quae
1644 2400 1688 2425 ex

307 2440 405 2488 regis
427 2440 647 2477 celeberrimi
673 2441 807 2477 mentio
828 2441 865 2476 in
884 2441 961 2478 He-
1028 2441 1161 2477 Aldina
1192 2443 1304 2478 fluxit.
1342 2466 1398 2470 ———
1438 2443 1532 2479 Cum
1569 2444 1686 2481 Gaisf.

308 2496 428 2532 rodoti
458 2497 567 2532 musis
589 2524 600 2542 ‚
641 2498 702 2545 qui
735 2497 892 2533 fortasse
922 2497 957 2533 in
1029 2497 1125 2535 edidi
1146 2495 1320 2546 ὅρυσσον
1336 2513 1403 2549 pro
1426 2495 1620 2549 ὤρυσσον.

309 2551 511 2600 Assyriacis
540 2552 639 2589 libris
672 2553 730 2599 (I,
764 2554 841 2592 106
872 2553 958 2601 ibiq.
1085 2552 1123 2599 ἐς
1143 2552 1210 2593 τὸν
1232 2552 1516 2605 Τίγριν-τήν
1535 2554 1684 2606 Νῖνον]

309 2609 406 2657 not.)
433 2609 612 2658 copiosius
641 2609 688 2646 de
716 2621 759 2645 eo
781 2608 957 2646 relaturus
1027 2609 1086 2648 De
1102 2616 1315 2658 argumento
1336 2611 1403 2650 loci
1426 2612 1522 2650 conf.
1542 2617 1618 2650 not.
1637 2612 1685 2650 ad

307 2669 395 2703 erat.
432 2686 487 2691 —
526 2665 701 2714 ln.seqq.
732 2677 810 2702 cum
842 2665 958 2701 Gaisf.
1027 2666 1061 2714 Ι,
1087 2668 1175 2708 193.

308 2720 435 2771 scripsi
449 2719 643 2770 βασιλέος
662 2734 729 2771 pro
751 2721 958 2771 βασιλῆος
1240 2751 1303 2788 Ca
1382 2749 1466 2788 CLI

309 2782 345 2815 et
367 2776 443 2818 151
465 2775 674 2827 βασιλέων
696 2790 763 2827 pro
784 2777 900 2827 βασιλ
912 2772 956 2826 η’-
1313 2763 1349 2801 p‘
1468 2780 1476 2789 '

310 2847 384 2880 ων,
425 2832 617 2884 βασιλέες
649 2846 716 2883 pro
748 2833 903 2884 βασιλῆ
917 2847 955 2880 ες
1081 2829 1162 2872 ἄνοι’
1179 2831 1326 2887 χρόνον
1348 2833 1403 2881 αἶς
1425 2835 1594 2886 ἔθυσαν]
1623 2837 1682 2876 De

308 2893 346 2927 et
363 2888 543 2941 βασιλέα
567 2903 635 2941 pro
654 2890 806 2941 βασιλῆ
817 2905 853 2929 α.
1022 2889 1204 2929 locutione
1224 2887 1301 2932 α’να“
1324 2889 1468 2945 χρόνον
1496 2895 1622 2932 confer
1650 2894 1679 2942 I,
