1759 3324
670 237 973 278 cL10.1.

1364 244 1446 282 471

181 344 304 405 εὗρε,
349 347 536 403 ἐναπῆκε
573 343 713 389 αὐτοῦ
748 344 828 403 τήν
867 345 1066 403 κεφαλὴν
1102 345 1148 398 ἐς
1175 344 1255 390 τόν
1283 345 1444 393 ἀσκόν·

178 425 476 484 λυμαινομένη
508 423 554 468 δὲ
583 428 647 481 τῷ
673 428 836 481 νεκρῷ,
867 423 1036 481 ἐπέλεγε
1064 422 1186 469 τάδε·
1226 425 1337 477 ,,Σύ
1364 428 1444 484 μὲν

175 538 201 559 ,,
215 505 286 561 ἐμὲ
315 503 515 556 ζώουσάν
543 520 588 547 τε
617 504 691 547 καὶ
728 504 925 548 νικῶσάν
965 516 1012 549 σε
1049 502 1165 561 μάχῃ
1203 502 1440 559 ἀπώλεσας,

174 584 348 637 ,,παῖδα
376 581 455 626 τὸν
485 582 592 638 ἐμόν
630 581 742 626 ἑλών
771 582 907 642 δόλῳ·
949 584 995 628 σὲ
1025 582 1068 628 δ’
1100 581 1208 640 ἐγώ,
1247 583 1438 641 κατάπερ
1452 594 1496 630 75

171 660 438 718 ,,ἠπει’λησα,
500 664 683 719 αἵματος
723 662 933 718 κορέσω.“
995 662 1059 706 To}
1097 663 1176 720 μὲν
1225 663 1279 720 δὴ
1328 664 1438 708 κατά

168 740 250 798 τὴν
278 740 435 796 Κύρου
474 742 677 799 τελευτὴν
708 746 789 786 τοῦ
827 743 953 799 βίου,
992 746 1168 787 πολλῶν
1196 740 1341 799 λόγων
1371 748 1437 788 λε-

169 819 388 877 γομένων,
414 820 489 866 ὅδε
517 838 593 878 μοι
622 820 647 865 ὁ
677 821 983 874 πιθανώτατος
1011 822 1188 879 εἴρηται.

166 973 325 1011 πολλῶν
362 965 492 1023 λόγων
529 967 764 1023 λεγομένων,

110 1022 177 1067 ’ὅδε
205 1043 274 1078 μοι
298 1026 320 1069 ὖ
349 1022 631 1075 πιθανωτατος
661 1028 764 1080 εἷ’-ρη

109 1082 196 1135 ται]
226 1084 382 1123 Exstant
398 1085 522 1135 utique
540 1084 661 1135 plures
681 1098 765 1122 nar-

109 1141 269 1179 rationes
297 1143 344 1180 de
370 1141 458 1190 Cyri
486 1146 620 1188 morte3
655 1154 765 1191 quem

109 1198 232 1247 quiete
251 1198 288 1235 in
309 1197 402 1236 lectu
419 1198 621 1236 decessisse
638 1198 765 1236 Xeno-

107 1254 208 1304 phon
227 1255 367 1302 scribit,
398 1254 542 1292 Ctesias
573 1255 610 1291 in
635 1255 762 1292 castris

109 1323 129 1348 e
147 1310 295 1349 vulnere
321 1311 480 1348 saucium
515 1314 640 1348 narrat
663 1324 763 1348 mor-

105 1370 229 1415 tuum,
259 1367 444 1405 Diodorus
463 1367 500 1404 in
520 1367 596 1404 acie
615 1371 761 1418 captum

104 1424 273 1474 crucique
290 1424 437 1461 affixum
450 1453 460 1471 ,
488 1427 525 1461 et
547 1424 596 1461 sic
616 1423 674 1460 alii
695 1423 761 1460 ali-

104 1483 180 1529 ter,
210 1493 303 1530 quos
319 1485 485 1518 recenset
501 1481 589 1517 Bos.
611 1480 760 1518 adCor-

104 1535 175 1575 nel.
204 1535 344 1588 Nepot.
380 1538 428 1575 de
463 1549 567 1587 regg.
596 1537 612 1574 I
649 1535 686 1587 ᾖ.
708 1540 757 1585 2,

105 1593 191 1631 add.
212 1606 283 1631 van
302 1594 480 1632 Staveren
498 1595 546 1631 ad
567 1594 674 1632 eund.
687 1592 754 1631 loc.

105 1649 155 1687 Et
176 1650 298 1700 plures
324 1651 460 1698 fuisse,
500 1651 563 1700 qui
593 1650 641 1688 de
669 1650 757 1699 Cyri

107 1706 201 1744 bello
221 1707 396 1745 adversus
406 1706 638 1756 Massagetas
658 1710 757 1744 retu-

102 1762 230 1812 lerint,
271 1764 405 1800 Strabo
441 1776 589 1813 quoque
620 1766 756 1810 narrat,

101 1832 257 1870 quorum
281 1833 499 1870 quemquam
517 1832 604 1858 vera
621 1832 757 1868 usque-

102 1888 248 1926 quaque
275 1877 485 1927 prodidisse
514 1877 611 1914 idem
632 1879 757 1925 negat.

100 1932 224 1982 Atque
263 1937 418 1982 augetur
463 1933 658 1971 difficultas
697 1945 756 1981 eo,

101 1990 202 2039 quod
230 1987 405 2027 Arrianus
449 1989 617 2040 (Exped.
651 1987 755 2027 Alex.

101 2045 173 2094 VI,
192 2047 267 2095 29)
297 2049 335 2085 et
349 2047 484 2084 Strabo
506 2046 598 2095 (XV
615 2059 653 2097 p.
671 2047 755 2087 730

101 2116 131 2140 s.
150 2116 188 2154 p.
210 2103 339 2151 1062)
369 2103 457 2153 Cyri
479 2106 755 2141 monumentum

100 2158 324 2209 Pasargadis
337 2163 543 2198 memorant
565 2159 755 2210 ipsiusque

101 2215 189 2265 Cyri
220 2217 375 2255 cadaver
400 2216 500 2255 laute
530 2220 642 2266 atque
670 2216 754 2266 opi-

99 2285 190 2323 pare
214 2273 420 2322 conditum,
448 2272 646 2311 Alexandri
671 2272 756 2310 Ma-

102 2329 165 2378 gni
184 2333 305 2367 aetate
322 2330 361 2367 in
389 2343 434 2368 eo
458 2330 645 2368 inventum
670 2341 755 2366 nar-

100 2389 193 2423 rant.
251 2386 351 2430 Quid
380 2387 549 2437 equidem
587 2386 754 2433 sentiam,

101 2443 150 2478 ad
177 2442 326 2482 Ctesiae
357 2445 527 2493 fragmm.
556 2455 645 2493 pag.
673 2444 752 2483 111

103 2497 291 2538 declaravi.
356 2499 480 2550 Magis
510 2500 606 2538 enim
634 2498 755 2551 placet

102 2553 275 2593 Ctesiana
303 2557 485 2604 narratio,
513 2561 642 2607 utpote
669 2556 755 2593 sim-

100 2609 248 2659 plicior,
291 2626 358 2651 nee
385 2613 516 2651 sabulis
543 2612 617 2651 ullo
642 2613 755 2650 modo

104 2671 232 2704 ornata
258 2673 321 2706 aut
343 2674 577 2720 exaggerata.
632 2669 756 2708 Hero-

106 2722 231 2761 dotum
258 2727 472 2764 crediderim
495 2740 576 2765 eam
597 2726 756 2777 elegisse

105 2781 345 2820 narrationem
361 2811 374 2831 ,
409 2795 505 2833 quae
528 2783 646 2833 magis
676 2787 756 2822 erat

106 2836 328 2876 conformata
349 2839 398 2876 ad
426 2840 651 2878 Graecorum
675 2840 756 2878 ani-

107 2903 211 2942 mos,
244 2895 372 2945 quibus
403 2896 441 2934 in
467 2900 543 2935 tam
571 2897 682 2936 foedo
713 2909 757 2935 ac

832 972 930 1022 turpi
957 971 1056 1021 regis
1093 972 1223 1010 summi
1269 973 1366 1011 exitu
1402 978 1489 1013 ante

832 1028 956 1065 oculos
984 1033 1210 1079 ponerentur
1237 1029 1334 1067 vitae
1360 1030 1488 1069 huma-

831 1097 902 1122 nae
918 1084 1182 1123 vicissitudines
1199 1085 1374 1135 simulque
1388 1087 1488 1138 ipsa-

831 1154 911 1178 rum
940 1154 1061 1179 rerum
1086 1141 1323 1179 humanarum
1346 1143 1487 1192 fragili-
1539 1182 1542 1185 ,

831 1201 889 1235 tas
909 1202 1020 1247 atque
1040 1197 1229 1235 infirmitas
1243 1227 1253 1245 ‚
1274 1199 1310 1234 in
1327 1199 1370 1235 iis
1391 1200 1489 1237 adeo

830 1254 1047 1304 conspicua,
1106 1267 1199 1303 quos
1238 1267 1396 1291 summos
1442 1268 1488 1294 ac

828 1311 984 1348 maxime
996 1314 1226 1361 praestantes
1248 1310 1394 1360 reliquis
1405 1311 1484 1348 vul-

827 1379 877 1415 go
911 1379 1112 1405 censemus.
1186 1366 1291 1404 Haec
1322 1368 1483 1405 narratio

826 1435 944 1472 aeque
969 1423 1139 1472 congruit
1165 1436 1245 1460 cum
1271 1423 1344 1461 fine
1371 1427 1482 1473 atque

826 1480 975 1517 consilio
1007 1479 1212 1530 scriptoris,
1264 1479 1325 1528 qui
1366 1480 1480 1518 simile

824 1535 1004 1575 humanae
1035 1535 1238 1585 fragilitatis
1277 1536 1480 1588 exemplum

824 1593 863 1630 in
884 1593 1014 1631 Croesi
1042 1594 1126 1631 fatis
1158 1594 1230 1630 iam
1260 1605 1371 1643 supra
1394 1606 1481 1644 pro-

822 1654 1016 1701 posuerat,
1045 1649 1196 1688 alterum
1222 1649 1385 1687 eiusdem
1413 1662 1480 1698 ge-

823 1707 921 1744 neris
943 1707 1111 1756 adeoque
1132 1706 1286 1743 atrocius
1299 1717 1394 1742 nunc
1410 1706 1478 1742 ad-

822 1763 982 1810 diturus,
998 1775 1071 1812 quo
1089 1763 1137 1799 ad
1155 1762 1348 1799 vindictam
1367 1774 1477 1810 quam

822 1819 990 1870 perhibet
1042 1818 1201 1856 divinam
1247 1817 1478 1856 attenderent

822 1875 987 1913 homines
1010 1876 1158 1925 suisque
1176 1873 1309 1912 finibus
1345 1887 1385 1912 se
1420 1878 1477 1912 te-

822 1936 952 1970 nerent
972 1932 1130 1970 modesti
1143 1960 1154 1980 ,
1176 1931 1227 1969 nil
1247 1930 1393 1968 ulterius
1409 1930 1476 1967 ad-

822 1992 1003 2040 petentes.
1061 1987 1094 2026 A
1134 2001 1208 2038 quo
1250 1999 1326 2024 non
1369 1986 1476 2024 valde

823 2045 979 2083 discedit
1004 2045 1179 2083 Osiandri
1205 2057 1238 2082 v.
1268 2044 1305 2081 d.
1328 2047 1476 2081 senten-

821 2101 891 2150 tia,
920 2101 990 2139 illic
1016 2114 1039 2138 a
1065 2114 1125 2139 me
1151 2100 1311 2138 laudata.
1369 2099 1476 2136 Malit

819 2158 880 2197 ille
894 2157 1054 2196 fabulam
1065 2158 1113 2196 de
1124 2157 1212 2207 Cyri
1233 2156 1329 2195 exitu
1340 2157 1476 2194 referre

820 2215 871 2253 ad
888 2215 1012 2252 odium
1028 2215 1146 2262 istud,
1176 2214 1213 2251 in
1234 2213 1333 2263 quod
1351 2217 1475 2262 tyran-

821 2272 860 2311 ni
889 2284 932 2309 ac
957 2284 1153 2321 regnorum
1180 2270 1387 2308 conditores
1417 2270 1473 2306 fa·-

822 2328 891 2367 cile
909 2329 1116 2376 incurrant,
1138 2331 1178 2364 ut
1191 2326 1248 2364 vel
1271 2330 1356 2377 post
1378 2338 1476 2363 mor-

819 2389 896 2424 tem
920 2384 1017 2423 mala
1053 2386 1152 2422 fama
1174 2383 1475 2421 contaminentur.

821 2441 904 2481 Nec
929 2441 1184 2487 Dahlmanno‚
1225 2452 1320 2490 quae
1355 2439 1477 2476 Hero-

823 2500 932 2537 dotus
954 2499 1001 2536 de
1018 2499 1107 2547 Cyri
1122 2498 1196 2535 fine
1216 2497 1360 2542 scribit,
1389 2507 1476 2533 vera

820 2569 972 2608 prorsus
991 2559 1054 2592 aut
1073 2554 1203 2592 fabulis
1220 2552 1388 2591 admixtis
1413 2563 1477 2588 va·-

822 2626 890 2651 cua
922 2613 1102 2649 videntur.
1160 2611 1269 2648 Conf.
1295 2610 1372 2647 eius
1397 2607 1477 2645 He-

821 2670 942 2707 rodot.
973 2681 1060 2719 pag.
1093 2666 1186 2710 142.
1249 2665 1476 2710 Schlossero,

822 2726 924 2776 quod
960 2724 1100 2773 laetor,
1128 2725 1305 2762 Ctesiana
1328 2732 1478 2771 quoque

822 2782 983 2821 narratio
1040 2780 1284 2833 praeferenda
1334 2777 1478 2814 videtur

823 2838 1162 2946 (Un3versalgesch.
1176 2837 1218 2887 Ι,
1245 2839 1267 2878 1
1285 2847 1372 2888 pag.
1393 2833 1478 2875 252

825 2909 904 2947 seq.
927 2925 936 2934 .
