1759 3324
515 279 940 319 EUTERPE.
999 280 1046 318 11.

1332 283 1418 323 675

155 394 400 451 κρύψαντες
438 388 599 444 ἡμέρας
641 387 960 445 ἑβδομήκοντα·
1018 393 1207 440 πλεῦνας
1237 390 1282 433 δὲ
1312 407 1415 434 του-

125 474 266 517 stiam
297 468 378 513 οὐκ
409 468 541 520 ἔξεστι
567 467 817 523 ταριχεύειν.
858 467 988 511 ἐπεάν
1017 469 1063 512 δὲ
1091 468 1341 524 παρέλθωσι
1372 472 1419 514 αἱ

152 548 467 607 ἑβδομήκοντα,
507 547 741 598 λούσαντες
768 547 844 592 τὸν
873 546 1050 603 νεκρὸν,
1097 548 1418 593 κατειλίσσουσι

151 633 240 672 πᾶν
276 626 414 671 αὐτοῦ
453 628 502 671 τὸ
542 630 665 684 σῶμα
706 626 908 679 σινδόνος
959 628 1168 684 βυσσίνης
1204 631 1417 684 τελαμῶσι

94 849 292 900 spondylos
313 853 419 886 natro
440 860 585 885 arrosos
600 847 745 885 vidisse.

91 906 213 955 Atque
240 910 383 942 natrum
415 906 462 941 ob
495 905 648 941 calidam
680 917 747 941 na-

93 967 210 1000 turam
230 962 357 999 efficax
377 963 425 998 ad
446 962 676 1007 siccandum3
695 962 746 997 ita

91 1023 152 1065 ut,
183 1032 264 1056 cum
287 1020 358 1055 iam
386 1022 496 1055 antea
519 1023 682 1055 aromata
707 1018 745 1054 in

93 1075 250 1112 cadaver
266 1075 386 1112 infusa
404 1088 471 1124 per
490 1088 529 1112 se
549 1075 744 1111 absorbere

91 1131 340 1180 exsiccareque
369 1145 436 1181 par
463 1133 530 1177 sit,
569 1131 747 1180 quidquid

90 1188 249 1225 humoris
272 1189 308 1224 in
330 1189 543 1224 cavitatibus
569 1187 746 1236 reliquum

92 1245 140 1282 sit
157 1273 167 1290 ,
207 1245 255 1281 nil
281 1245 455 1294 impediat
475 1273 485 1291 ,
526 1257 599 1292 quo
628 1245 744 1280 minus

90 1314 220 1350 corpus
249 1302 298 1338 sic
328 1301 512 1337 conditum
539 1305 576 1337 et
595 1300 671 1337 sale
693 1299 745 1335 al-

90 1357 201 1394 calino
221 1358 329 1395 etiam
348 1370 497 1408 prorsus
518 1357 745 1404 exsiccatum,

89 1427 157 1464 per
187 1415 420 1464 septuaginta
450 1414 529 1450 dies
558 1414 651 1450 adeo
689 1413 746 1449 in-

89 1471 287 1518 durescat,
318 1475 358 1507 ut
387 1483 408 1507 a
433 1470 627 1521 putredine
656 1469 744 1506 nihil

89 1527 137 1564 sit
174 1528 420 1564 metuendum.
508 1527 620 1570 Quod
656 1539 742 1563 vero

88 1583 169 1632 quis
203 1585 370 1633 opinatus
400 1586 480 1631 est,
528 1583 622 1620 natri
659 1586 745 1633 post

88 1640 239 1676 immissi
269 1652 349 1676 eam
378 1641 537 1676 futuram
557 1653 638 1676 esse
659 1640 743 1686 vim,

88 1700 130 1732 ut
159 1696 338 1745 quidquid
368 1696 405 1732 in
435 1696 501 1733 illis
523 1696 743 1733 aromatibus

90 1752 314 1789 efficacitatis
344 1752 481 1790 inesset
511 1753 559 1789 ad
597 1765 745 1789 conser-

89 1809 247 1845 vandum
275 1822 430 1858 corpus,
470 1809 508 1845 id
535 1821 643 1846 omne
668 1810 744 1845 fere

88 1878 156 1916 per
172 1865 259 1902 illud
275 1869 407 1915 postea
422 1866 598 1903 accedens
620 1866 656 1901 in
683 1878 743 1901 sa-

87 1934 222 1972 ponem
250 1926 523 1959 converteretur
550 1926 587 1960 et
617 1922 664 1959 ad
687 1921 743 1957 ni-

85 1977 198 2015 hilum
242 1979 472 2027 redigeretur
490 2007 500 2025 ‚
548 1978 618 2015 hoc
656 1978 743 2014 satis

87 2034 159 2071 iam
180 2035 333 2084 explosit
353 2034 530 2072 Lauthius
558 2035 594 2071 in
616 2040 744 2071 anato-

88 2091 184 2128 miae
203 2090 330 2128 histor.
350 2091 365 2127 I
386 2105 421 2141 p.
435 2094 487 2132 20
501 2104 577 2140 seq.
592 2091 742 2138 (1066115,

86 2159 272 2196 nunquam
294 2160 468 2197 saponem
494 2148 580 2185 inde
600 2148 694 2185 effici
712 2148 743 2185 si

87 2204 167 2253 quis
194 2203 304 2242 salem
323 2204 507 2241 alcalicum
527 2218 606 2241 cum
622 2205 743 2241 resina

87 2260 247 2310 (cedria)
289 2262 494 2298 confuderit
530 2265 566 2297 et
594 2261 744 2298 commi-

87 2317 228 2354 scuerit.
284 2317 389 2354 Haec
410 2318 487 2355 sere
517 2330 656 2354 summa
689 2321 743 2354 est

88 2385 211 2410 eorum
222 2401 233 2420 ‚
245 2386 338 2422 quae
353 2374 553 2424 disputavit
570 2376 740 2412 Creuzer.

87 2428 109 2465 l.
129 2427 152 2465 l.
173 2443 208 2479 p.
230 2429 426 2471 41—45.

143 2481 368 2536 κρύψαντες
392 2484 541 2538 ἡμέρας
571 2481 741 2538 ἑβδομή-

89 2554 227 2580 κοντα·
258 2545 430 2590 πλεῦνας
453 2541 495 2582 δὲ
512 2542 684 2583 τουτέων
703 2558 738 2582 κ.

89 2611 121 2635 τ.
151 2596 206 2648 λ.]
257 2601 429 2646 πλεῦνας
465 2600 540 2637 scil.
576 2598 738 2652 ἡμέρας.

88 2652 226 2701 Fuere,
264 2656 392 2704 quibus
416 2656 484 2693 hoc
506 2657 740 2707 septuaginta

90 2709 227 2746 dierum
266 2712 420 2761 spatium
460 2713 557 2750 iusto
596 2714 742 2763 longius

89 2765 289 2814 videretur,
328 2768 377 2804 ita
409 2773 448 2806 ut
475 2782 554 2806 nou
585 2771 633 2807 ad
658 2770 742 2807 sali-

89 2821 226 2859 tionem
248 2827 407 2871 tantum,
436 2838 559 2863 verum
586 2828 633 2863 ad
660 2827 742 2863 uni-

90 2889 231 2915 versam
269 2880 496 2918 condituram
536 2882 592 2919 vel
631 2896 741 2920 omne

89 2932 208 2970 luctus
235 2938 376 2986 tempus
408 2950 469 2974 eas
494 2938 620 2976 referri
649 2939 741 2977 mal-

814 847 915 893 lent,
951 848 1162 898 praesertim
1184 861 1264 886 cum
1284 848 1469 887 Diodorus

815 904 1058 955 quadraginta
1083 909 1146 941 aut
1175 908 1327 955 triginta
1356 912 1472 957 ponat

815 962 917 1008 dies,
950 961 1081 1010 quibus
1111 963 1219 1000 etiam
1247 963 1368 1000 Iacobi
1398 963 1472 1000 Pa-

813 1017 994 1055 triarchae
1014 1019 1240 1056 condituram
1267 1019 1471 1058 absolutam

816 1087 898 1111 esse
928 1073 1082 1122 legimus
1112 1075 1149 1111 in
1183 1076 1319 1113 Genes.
1346 1075 1400 1123 L,
1430 1077 1469 1117 3.

815 1131 923 1167 Conf.
943 1130 1163 1180 lVesseling.
1191 1132 1239 1168 ad
1264 1132 1417 1169 Diodor.
1437 1132 1467 1179 I,

814 1189 880 1229 91.
914 1187 1043 1236 Zo'ega
1070 1188 1117 1225 de
1136 1188 1301 1225 obelisco.
1318 1202 1354 1239 p.
1374 1188 1469 1230 253.

812 1244 946 1292 Η6)·116
965 1243 1126 1293 spicileg.
1154 1258 1301 1281 mumm.
1322 1257 1408 1294 pag.
1430 1246 1469 1285 8.

813 1300 891 1337 Sed
912 1299 984 1337 tale
1012 1301 1099 1349 quid
1116 1301 1262 1338 minime
1282 1301 1376 1337 iusta
1391 1301 1469 1338 He-

811 1357 1047 1395 rodoteorum
1065 1358 1257 1394 verborum
1285 1358 1469 1407 interpre-

811 1413 901 1449 tatio
938 1413 1076 1462 patitur
1096 1440 1107 1459 ,
1145 1427 1190 1450 ex
1220 1426 1293 1463 qua
1320 1418 1470 1464 septua-

812 1470 914 1518 ginta
947 1469 1025 1506 dies
1058 1470 1107 1505 ad
1137 1470 1231 1507 hanc
1266 1471 1469 1507 salitionem

810 1526 916 1564 unice
930 1526 1147 1576 pertinuisse
1160 1527 1391 1563 statuendum
1400 1530 1467 1563 est.

810 1581 892 1620 Nec
911 1583 1089 1620 excedere
1099 1583 1283 1620 debebant
1301 1583 1369 1620 hoc
1383 1596 1470 1632 spa-

810 1639 886 1687 tio,
920 1639 1026 1688 quia,
1064 1643 1169 1675 natro
1199 1640 1332 1676 diutius
1354 1638 1470 1676 inclu-

812 1708 877 1743 so,
907 1694 1103 1745 periculum
1124 1699 1222 1742 erat,
1254 1709 1300 1733 ne
1317 1695 1468 1732 solidio-

811 1765 869 1789 res
893 1764 1041 1800 quoque
1062 1752 1226 1801 corporis
1247 1756 1370 1801 partes
1392 1752 1470 1789 dis-

812 1808 1058 1854 solverentur3
1103 1808 1201 1845 unde
1240 1809 1349 1845 etiam
1378 1807 1468 1845 lotio

813 1865 899 1901 dein
931 1865 1092 1910 adiecta,
1133 1877 1205 1912 quo
1238 1866 1334 1902 natri
1362 1877 1470 1902 vaso-

812 1934 964 1969 rumque
981 1920 1051 1968 lym
1056 1920 1281 1969 phaticorum
1293 1920 1469 1970 reliquiae

811 1978 1109 2026 abstergerentur
1140 1989 1163 2013 a
1192 1978 1382 2015 cadavere.
1412 1999 1469 2005 ——-

812 2033 924 2071 Plura
952 2034 1124 2070 Creuzer.
1157 2033 1180 2069 l.
1206 2032 1228 2070 l.
1265 2035 1467 2071 admonens

813 2091 860 2127 de
887 2089 921 2126 vi
950 2089 1127 2136 siccandi,
1168 2102 1262 2138 quae
1291 2091 1329 2126 in
1360 2095 1467 2127 natro

811 2147 919 2184 inest.
980 2146 1063 2189 Quo
1086 2146 1165 2195 ipso
1195 2146 1311 2183 omnis
1332 2146 1468 2183 tollitur

812 2202 1019 2240 difficultas.
1077 2202 1210 2251 Neque
1237 2203 1295 2240 hic
1319 2216 1468 2252 quoque

810 2259 1093 2308 negligendum,
1115 2259 1410 2309 operosissimam
1432 2263 1469 2296 et

809 2317 1160 2368 praestantissimam
1191 2316 1227 2353 h.
1248 2315 1271 2353 l.
1301 2317 1469 2352 conditu-

810 2386 889 2410 ram
910 2386 932 2410 a
955 2372 1094 2409 Nostro
1113 2372 1398 2410 commemorari.

865 2429 1156 2468 κατειλίσσουσι
1172 2431 1257 2467 πᾶν
1279 2424 1405 2468 αὐτοῦ
1422 2424 1467 2468 τό

811 2488 926 2537 σῶμα
945 2481 1133 2532 σινδόνος
1151 2485 1345 2536 βυσσίνης
1359 2487 1468 2524 τελα-

810 2545 916 2593 μῶσι
946 2540 1346 2593 κατατετμημένοισι]
1380 2542 1401 2578 i.
1433 2555 1466 2579 e.

808 2603 919 2636 totum
959 2612 1082 2649 corpus
1114 2601 1217 2636 sectis
1246 2611 1289 2635 ex
1325 2598 1468 2635 sindone

811 2654 956 2706 byssina
972 2656 1107 2706 fasciis
1123 2655 1317 2692 involvunt.
1379 2654 1468 2692 Sin-

809 2712 929 2750 donem
955 2714 1083 2762 (quam
1103 2725 1228 2750 vocem
1251 2712 1297 2748 ab
1308 2711 1467 2748 Hebrai-

809 2783 851 2806 co
879 2779 954 2823 ΓἾΞ
980 2770 1178 2820 repetunt)
1219 2767 1368 2805 linteum
1395 2766 1467 2803 dici

808 2827 1079 2872 tenuissimum,
1111 2838 1155 2863 ex
1183 2837 1255 2873 quo
1274 2824 1465 2860 interiores

808 2883 952 2920 tunicae
1002 2882 1307 2925 conficiebantur,
1354 2878 1465 2926 vulgo

807 2942 944 2976 notum.
1003 2939 1111 2975 Conf.
1149 2936 1335 2973 Iablonsk.
1366 2946 1463 2971 voce.

1101 2992 1191 3032 43*
