1759 3324
530 246 1054 288 EUTERPE.11.
1331 249 1414 289 721

262 363 430 405 Τοῦτον
459 358 511 414 δὴ
541 357 620 401 τόν
655 356 899 412 Αἰγύπτιον
939 355 1193 411 Σέσωστριν
1236 352 1406 411 ἆναχω-
1465 364 1615 393 Redeunti
1652 367 1739 395 Seso-

1462 400 1516 425 «tri
1536 401 1699 433 periculum
1723 412 1740 429 a

1464 432 1576 459 fratre:
1595 436 1739 467 quomodo

1462 465 1493 494 id
1511 467 1642 495 evitarit.

21 368 121 413 1οἸ

145 442 314 496 ρὲοντα,
335 439 408 483 καὶ
430 436 649 492 ἀνάγοντα
666 438 826 487 πολέας
847 434 1114 491 ἀνθρώπους
1135 439 1221 478 τῶν
1241 434 1406 478 ἐθνέων

141 525 229 564 τῶν
257 518 334 570 τοὶς
358 515 501 574 χώρας
529 515 872 571 κατεστρέψατο,
904 516 1053 571 ἔλεγον
1084 517 1127 559 οἱ
1154 514 1286 569 ἵρὲες,
1316 514 1407 557 ἐπεί

139 616 183 643 τε
213 597 378 653 ἐγένετο
408 594 775 651 ἀνακομιζόμενος
804 595 850 638 ἒν
871 595 1082 653 Δάφνῃσι
1108 598 1206 650 τῇσι
1232 597 1405 649 Πηλου-

139 679 276 735 σίῃσι,
306 675 384 720 τὸν
415 672 628 731 ἀδελφεὸν
659 674 826 718 ἑωυτοῦ
858 679 920 734 τῷ
938 675 1140 729 ἐπέτρεψε
1162 673 1464 725 Σέσωστρις75

138 756 218 813 τὴν
248 757 496 812 Αἴγυπτον,
534 757 695 798 τοῦτον
724 753 792 798 ἐπὶ
823 755 957 806 ξείνια
988 752 1125 798 αὐτόν
1153 751 1406 803 καλέσαντα,

81 989 221 1027 Thebis
250 994 394 1027 erectae
421 988 642 1026 mentionem
671 988 736 1025 ha-

81 1048 191 1094 beut,
221 1048 268 1085 de
288 1060 360 1096 qua
383 1045 564 1083 Iablonsk.
586 1046 632 1083 de
655 1044 737 1083 Me-

80 1117 206 1141 mnon.
224 1116 310 1153 pag.
331 1105 396 1144 30.
427 1124 483 1130 —
512 1103 619 1149 „Sed
639 1106 736 1140 recte

80 1161 151 1197 iam
171 1165 335 1197 auctores
356 1159 476 1210 operis
498 1159 668 1208 descript.
688 1159 735 1196 de

80 1216 240 1267 l'Egypt.
272 1221 297 1253 t.
319 1216 354 1253 II
384 1215 544 1263 (Theb.)
571 1228 656 1265 pag.
681 1214 735 1256 94

79 1277 250 1320 monent,
292 1285 366 1309 nou
397 1273 522 1321 utique
553 1276 734 1319 constare,

78 1342 166 1367 num
183 1329 349 1366 hocloco
380 1328 588 1365 Memnonis
619 1333 733 1365 statu-

77 1399 158 1432 am,
190 1398 286 1435 quae
314 1385 452 1422 Thebis
478 1390 556 1431 est,
592 1385 732 1433 cogita-

77 1443 168 1479 verit
179 1442 413 1485 Herodotu53
436 1441 521 1478 illud
541 1455 626 1478 vero
644 1454 732 1478 con-

77 1503 173 1536 stare
186 1528 197 1545 ,
221 1512 302 1536 eum
322 1511 390 1549 pro
410 1498 584 1536 Sesostris
603 1498 732 1536 statuis

76 1555 154 1592 illas
173 1556 264 1592 duas
285 1557 321 1592 in
342 1556 441 1592 Ionia
461 1568 482 1592 a
506 1568 545 1592 se
564 1554 659 1591 visas
669 1555 733 1591 ha-

76 1613 220 1659 buisse,
258 1613 417 1661 itemque
464 1612 532 1649 hoc
564 1611 732 1659 alterum,

75 1668 306 1706 Herodotum
327 1682 402 1706 non
421 1669 630 1705 confudisse
650 1668 733 1705 Me-

75 1737 246 1762 mnonem
274 1739 355 1763 cum
383 1725 632 1763 Sesostride.“
664 1724 729 1762 Cr.

131 1778 233 1820 πολύ
265 1784 336 1832 τῆς
362 1778 563 1832 ἀληθηίης
591 1775 730 1820 οἷπολε-

74 1836 300 1888 λειμμένοι]
341 1839 364 1876 i.
395 1852 426 1876 e.
460 1839 562 1887 longe
597 1851 620 1874 α
650 1851 731 1875 vero

74 1895 296 1942 aberrantes,
327 1908 349 1932 a
369 1908 456 1933 vero
480 1894 584 1944 quasi
605 1895 728 1932 relicti.

75 1951 195 1995 Quam
214 1952 430 1989 locutionem
452 1961 622 2002 posteros
645 1952 731 1988 scri-

72 2012 195 2058 ptores
242 2009 400 2045 imitatos
454 2021 536 2046 esse
594 2007 732 2057 aliquot

73 2065 244 2116 exemplis
273 2066 412 2103 indicat
433 2065 653 2114 wesseling.
682 2065 730 2102 ad

73 2120 107 2158 h.
133 2121 158 2159 l.

270 2206 379 2257 Cap.
413 2206 526 2244 CVII.

128 2287 273 2338 πολέας
295 2285 559 2342 ἀνθρώπους]
583 2289 730 2338 πολέας

73 2346 200 2385 Ionum
220 2361 320 2385 more
340 2361 407 2397 pro
430 2345 613 2397 πολλούς,
627 2349 729 2397 quod

73 2403 192 2453 ipsum
219 2404 380 2441 nonnulli
414 2404 495 2442 libri
523 2405 580 2443 hic
620 2418 730 2455 prae‹

73 2459 171 2497 bent.
227 2461 346 2509 „Vid.
377 2462 534 2511 Gregor.
563 2462 726 2499 Corinth.

72 2529 159 2565 pag.
179 2514 261 2558 438
294 2518 352 2555 ed.
380 2519 523 2556 Schaef.
587 2519 727 2556 Confer

73 2571 224 2610 Homer.
246 2573 287 2610 Il.
309 2574 339 2621 Ι,
360 2574 484 2617 559.“
516 2575 581 2613 Cr.

130 2627 173 2667 ἐν
213 2625 403 2685 Δάφνῃσι
436 2634 527 2686 τῇσι
561 2633 726 2682 Πηλου-

74 2683 204 2737 σίῃσι]
258 2686 341 2725 Vid.
372 2701 482 2740 supra
511 2689 560 2726 ad
588 2689 641 2737 ΙΙ,
671 2691 726 2730 30

74 2742 222 2778 monita.

130 2794 197 2836 τὸν
218 2792 409 2848 ἀδελφεὸν
437 2799 616 2852 ἑωυτοῦ]
648 2800 725 2852 Ap-

73 2853 227 2903 pellatur
251 2855 420 2904 Armai's,
470 2858 502 2894 si
537 2858 629 2895 fides
670 2862 726 2896 est

74 2908 285 2947 Manethoni
295 2911 457 2964 (loseph.
467 2918 581 2952 contr.
591 2913 723 2965 Apion.

118 2966 329 3005 HERono‘r.
361 2969 390 3006 l.

806 988 823 1025 Ι
847 986 884 1039 §.
906 986 958 1028 15
981 991 1005 1024 t.
1026 986 1061 1023 II
1089 1000 1125 1036 p.
1144 985 1260 1034 447),
1291 986 1353 1034 qui
1373 997 1462 1023 euu-
1481 1029 1483 1032 Ι

806 1046 892 1082 dem
917 1058 998 1082 esse
1023 1044 1148 1090 addit,
1191 1056 1299 1093 quem
1329 1042 1461 1079 Graeci

804 1101 975 1139 Danaum
1005 1100 1248 1151 appellarint,
1283 1099 1462 1135 Sesostris

804 1160 974 1205 fratrem,
1005 1158 1067 1206 qui
1096 1157 1192 1194 idern
1219 1161 1369 1192 vocetur
1390 1156 1459 1191 Ae-

803 1220 947 1266 gyptus.
1004 1213 1046 1250 In
1077 1226 1150 1263 quo
1182 1218 1305 1250 tamen
1332 1211 1461 1248 Mane-

803 1273 924 1309 thonis
954 1270 1087 1308 nullam
1118 1284 1199 1307 esse
1226 1269 1337 1306 fidem
1369 1267 1462 1304 Lar-

802 1328 928 1366 cherus
950 1327 1140 1364 contendit
1163 1327 1199 1362 in
1211 1327 1285 1362 tab.
1301 1325 1459 1362 chronol.

800 1389 826 1421 t.
850 1385 917 1422 VH
945 1397 1030 1434 pag.
1049 1384 1132 1424 322
1151 1396 1228 1431 seq.
1251 1381 1331 1419 coll.
1366 1395 1402 1431 p.
1423 1383 1460 1422 8.

801 1442 878 1478 Sed
900 1440 1118 1491 Champoll.‚
1143 1440 1321 1477 afferente
1342 1438 1459 1474 Creu-

800 1511 886 1536 zero
911 1511 1040 1535 comm.
1060 1496 1151 1534 Her.
1171 1510 1207 1546 p.
1224 1497 1317 1542 198,
1340 1495 1458 1543 suspi-

800 1559 922 1601 catur,
942 1560 1081 1593 temere
1104 1551 1307 1590 universale
1324 1564 1458 1588 nomen

798 1611 958 1661 Aegypti
984 1612 1149 1648 Graecos
1180 1608 1399 1658 imposuisse
1425 1609 1457 1645 ei

801 1670 901 1717 regi,
939 1668 999 1717 qui
1024 1666 1146 1705 Danai
1173 1667 1286 1702 frater
1314 1665 1458 1702 fereba-

800 1728 882 1770 tur3
912 1730 1073 1763 ceterum
1092 1722 1295 1772 probabilia
1312 1734 1393 1758 esse
1421 1728 1457 1757 et

799 1794 962 1830 congrua
999 1786 1205 1828 temporum
1245 1778 1458 1825 rationibus,

800 1850 896 1887 quae
917 1838 1015 1888 apud
1036 1835 1230 1885 Iosephum
1247 1834 1303 1871 l.l.
1317 1847 1360 1871 ex
1374 1833 1457 1869 Ma-

798 1894 960 1932 nethone
985 1895 1237 1943 proferantur,
1268 1891 1458 1939 viderique

799 1950 967 1987 Danaum
987 1963 1069 1988 esse
1091 1949 1240 1985 Armain
1261 1947 1457 1985 Manetho-

798 2010 877 2052 nis3
899 2008 1049 2044 fratrem
1068 2010 1201 2049 autem,
1218 2017 1325 2054 quem
1339 2005 1455 2040 Grae-

799 2064 829 2100 ci
849 2063 1054 2112 ignorantia
1070 2063 1270 2112 Aegyptum
1288 2061 1455 2106 dixerint,

800 2120 977 2158 Sesostrin
1005 2133 1085 2158 esse
1111 2119 1276 2156 Setlwsz'n
1301 2117 1456 2153 Rames-

798 2189 877 2214 sem.
914 2199 970 2204 —
1006 2177 1100 2214 Cum
1129 2175 1324 2213 Herodoto
1351 2174 1454 2210 deni-

797 2247 870 2283 que
903 2234 1171 2284 comparandus
1207 2231 1392 2269 Diodorus
1427 2230 1455 2278 Ι,

798 2291 874 2338 57,
905 2291 941 2327 ἰι]
962 2291 1102 2328 summa
1131 2290 1209 2327 fere
1221 2288 1453 2325 consentiens

796 2348 969 2397 idemque
998 2359 1134 2384 nomen
1166 2345 1289 2382 fratris
1318 2349 1453 2381 tacens.

798 2404 910 2448 Quod
945 2404 1043 2441 haud
1074 2401 1276 2440 inconsulto
1317 2402 1455 2438 factum

795 2462 961 2508 videtur,
988 2461 1017 2497 si
1039 2461 1188 2510 quidem
1209 2460 1256 2496 de
1275 2458 1453 2494 industria

793 2518 897 2569 pravi
923 2518 1043 2555 fratris
1077 2528 1212 2554 nomen
1244 2515 1453 2551 sacerdotes

795 2574 959 2622 celasse,
1000 2587 1068 2612 nec
1100 2572 1344 2611 monumentis
1373 2570 1454 2608 lite-

795 2643 918 2668 rarum
939 2631 1179 2679 consignasse
1199 2627 1370 2666 credibile
1387 2631 1453 2664 est.

850 2685 917 2727 ἐπὶ
940 2688 1065 2735 ξείνια
1087 2682 1207 2725 αὐτὸν
1219 2682 1450 2729 καλέσαντα]

795 2743 921 2791 ξείνια
945 2744 1054 2793 vulgo
1084 2746 1169 2780 sunt
1196 2740 1453 2791 hospitalitatis

793 2800 907 2848 dona,
947 2812 1098 2838 munera
1124 2811 1220 2849 quae
1244 2798 1452 2848 hospitibus

794 2858 997 2895 offeruntur
1014 2869 1057 2894 ac
1078 2855 1312 2907 praebentur.
1344 2854 1453 2891 Conf.

793 2926 889 2963 quae
913 2913 1036 2951 monui
1065 2913 1113 2950 ad
1144 2910 1327 2949 Plutarch.
1356 2909 1453 2946 Alci-

1145 2969 1203 3008 46
