1759 3324
343 236 428 276 626

736 231 1209 273 HERODOTI

344 347 439 402 νηῷ
475 346 617 403 μικρῷ
657 344 815 402 ξυλίνῳ
855 340 1303 400 κατακεχρυσωμένῳ,
1351 340 1671 397 προεκκομί-45

320 427 476 478 4ζουσι
506 426 556 480 τῇ
588 426 826 480 προτεραίῃ
859 424 899 473 ἐς
937 423 1043 465 ἄλλο
1084 423 1244 477 οἴκημα
1283 419 1391 474 ἱρόν.
1452 421 1495 463 οἱ
1534 420 1615 476 μὲν

347 503 400 560 δὴ
440 501 580 559 ὀλίγοι
624 504 668 546 οἱ
707 503 806 555 περὶ
845 500 1048 557 τῶγαλμα
1087 500 1381 555 λελειμμένοι,
1440 499 1617 543 ἕλκουσι

346 582 642 638 τετράκυκλον
680 580 878 636 ἅμαξαν,
910 579 1106 636 ἄγουσαν
1135 580 1213 623 τὸν
1242 578 1351 635 νηόν
1390 594 1434 622 τε
1463 579 1537 622 καὶ
1565 577 1615 623 τὸ

319 662 395 707 ὅέν
424 666 484 717 τῷ
514 663 606 715 νηῷ
636 658 757 702 ἐνεὸν
787 657 972 715 ἄγαλμα.
1009 661 1052 702 οἱ
1082 659 1127 701 δὲ
1158 657 1241 702 οὐκ
1271 658 1394 709 ἐῶσι,
1425 658 1471 702 ἐν
1501 661 1617 701 τοῖσι

347 741 660 796 προπυλαίοισι
690 737 907 789 ἑστεῶτες,
950 738 1130 781 ἐσιέναι·
1171 738 1215 779 οἱ
1247 737 1292 780 δὲ
1322 736 1615 793 εὐχωλιμαῖοι,

347 818 630 876 τιμωρέοντες
668 819 730 873 τῷ
767 821 881 874 θεῷ,
931 818 1113 860 παίουσι
1151 814 1313 866 αὐτοὺς
1351 814 1674 871 ἄλεξόμενοι.53

321 900 548 943 δένθαῦτα
577 894 689 952 μάχη
721 895 890 948 ξύλοισι
919 895 1106 951 καρτερὴ
1136 896 1322 950 γίνεται·
1350 893 1544 950 κεφαλάς
1572 911 1617 938 τε

351 975 731 1030 συναράσσονται,
790 975 865 1019 καὶ
906 973 964 1026 ὥς
1008 974 1091 1031 ἐγώ
1133 975 1294 1025 δοκέω,
1354 974 1506 1018 πολλοὶ
1544 974 1620 1018 καὶ

352 1053 689 1112 ἀποθνήσκουσι
718 1054 766 1098 ἐκ
796 1058 885 1098 τῶν
913 1052 1176 1111 τρωμάτων·
1227 1051 1282 1097 οὐ
1321 1052 1470 1110 μέντοι
1499 1054 1547 1097 οἴ
1569 1068 1619 1110 γε

294 1255 363 1292 suit
391 1252 603 1304 repositum.
661 1250 771 1288 Cous.
802 1250 858 1297 H,
889 1252 956 1292 91.

294 1311 466 1349 Laudant
485 1310 520 1346 h.
543 1309 566 1346 l.
588 1308 724 1359 Cuperi
741 1307 954 1358 Harpocra-

294 1373 368 1405 tem
397 1380 433 1417 p.
459 1363 551 1406 104.

353 1423 394 1462 οἷ
425 1420 467 1462 δὲ
496 1418 775 1473 εὐχωλιμαῖοι]
806 1420 827 1456 i.
849 1432 879 1458 e.
912 1419 954 1459 οἱ

294 1477 366 1526 τοὶς
387 1475 561 1530 εὕχωλοὶς
578 1475 839 1522 ἐπιτελέοντες
851 1506 861 1524 ,
892 1478 955 1527 qui

295 1540 378 1575 vota
400 1540 561 1586 suscepta
580 1537 722 1584 exsequi
744 1533 876 1570 volunt.

351 1593 518 1632 παίουσι
538 1587 699 1640 αὐτούς]
721 1604 769 1627 sc.
791 1603 869 1637 eos,
889 1590 952 1639 qui

295 1650 333 1687 in
352 1650 499 1686 introitu
529 1648 655 1699 templi
685 1651 844 1694 stantes,
876 1652 953 1684 tur-

295 1708 380 1744 bam
413 1719 538 1743 eorum
558 1734 568 1752 ,
611 1705 671 1754 qui
700 1717 841 1741 currum
870 1717 952 1740 cum

296 1764 356 1800 dei
376 1762 565 1799 simulacro
582 1761 742 1807 trahunt,
757 1760 954 1810 prohibent

297 1820 344 1857 ab
367 1820 537 1865 introitu,
566 1818 727 1855 caedunt
747 1817 951 1854 resistendo

296 1889 340 1913 ac
361 1876 614 1925 repugnando,
674 1874 787 1917 Quod
812 1874 887 1910 bini
909 1873 952 1910 li-

298 1932 353 1969 bri
370 1933 528 1970 offerunt
544 1927 826 1980 α’λεξομένους,
845 1934 886 1966 ut
903 1931 952 1966 ad

298 1984 447 2034 αὐτούς
479 1989 661 2025 referatur
690 1986 754 2032 (cf.
777 1986 814 2033 Ι,
835 1988 951 2033 211),

299 2046 337 2080 id
356 2046 477 2081 malim
489 2045 557 2080 hoc
576 2044 657 2080 loco
669 2043 828 2080 tribuere
844 2043 954 2080 libra-

298 2101 361 2137 riis
379 2100 572 2137 Herodoti.

355 2151 406 2195 οὐ
449 2155 621 2207 μέντοι
662 2153 705 2193 οἵ
739 2168 800 2205 γε
830 2150 954 2206 Αίγύ-

299 2214 425 2258 πτιοι]
465 2213 569 2249 Bene
604 2212 655 2248 sic
680 2223 778 2247 nunc
803 2211 954 2258 editum,

300 2269 474 2305 librorum
523 2268 736 2318 scriptorum
785 2267 955 2316 adeoque

299 2325 412 2375 ipsius
449 2325 632 2361 Herodoti
670 2324 883 2360 auctoritate
915 2324 952 2369 Ι,

300 2382 365 2423 51.
398 2383 464 2423 80.
503 2380 557 2428 ΙΙ,
586 2382 650 2421 81.
679 2383 743 2421 83.
801 2378 873 2416 Alii
903 2375 953 2418 ου’

301 2435 435 2488 μέντοι
452 2451 502 2488 γε
527 2436 570 2476 οἵ
582 2451 621 2476 τε
641 2432 870 2487 Αἰγύπτιοι.
902 2436 952 2474 At

300 2493 422 2531 solent
440 2493 573 2531 Graeci
598 2492 812 2543 particulam
838 2506 880 2544 γε
901 2493 952 2530 sic

299 2550 497 2597 collocare,
529 2553 569 2587 ut
597 2549 666 2587 alia
686 2549 865 2598 quaedam
880 2562 951 2586 vox

300 2607 420 2644 media
445 2606 492 2643 sit
510 2605 734 2656 interposita.
754 2627 802 2633 —
837 2606 951 2649 Quod

301 2663 351 2700 ad
374 2663 491 2713 ipsam
514 2662 648 2700 hancce
674 2675 838 2712 pugnam
865 2663 951 2699 atti-

302 2723 388 2766 net,
405 2719 504 2756 cuius
520 2732 631 2769 quam
651 2718 760 2767 vulgo
783 2719 952 2756 dederint

301 2777 500 2823 rationem,
539 2788 622 2812 mox
645 2775 784 2813 Noster
812 2775 953 2812 subiicit

301 2844 379 2882 cap.
398 2829 473 2878 64,
503 2845 610 2869 nemo
636 2832 768 2882 opinor
794 2831 951 2878 diffidet,

300 2887 488 2937 symbolici
515 2888 605 2939 quid
631 2901 674 2927 ac
699 2888 883 2926 tesserarii
912 2889 949 2925 in

1023 1251 1121 1289 hisce
1137 1250 1260 1288 inesse
1271 1262 1315 1287 ex
1329 1250 1492 1288 interiori
1505 1250 1678 1288 sacerdo-

1021 1313 1097 1345 tum
1117 1307 1282 1344 doctrina
1299 1308 1550 1357 repetendum,
1568 1319 1676 1357 prae-

1022 1364 1145 1402 sertim
1172 1378 1252 1401 cum
1283 1364 1319 1400 in
1352 1364 1506 1402 Graecia
1526 1376 1678 1413 quoque

1019 1421 1225 1458 huiusmodi
1252 1420 1449 1457 certamina
1487 1432 1591 1456 sacra
1617 1432 1677 1457 re-

1020 1479 1207 1529 periantur
1243 1477 1290 1513 ad
1318 1477 1572 1526 mysteriorum
1607 1476 1677 1512 do-

1020 1535 1169 1572 ctrinam
1197 1546 1314 1582 aeque
1340 1534 1543 1570 referenda.
1589 1532 1675 1570 vid.

1021 1591 1195 1628 Crenzeri
1214 1589 1376 1639 Symbol.
1404 1590 1454 1626 lv
1480 1601 1567 1639 pag.
1591 1590 1675 1629 267

1021 1661 1097 1696 seq.
1158 1647 1258 1690 Quid
1278 1659 1362 1684 vero
1382 1646 1452 1684 hoc
1472 1646 1591 1696 ipsum
1615 1645 1676 1693 sit,

1020 1705 1119 1753 quod
1154 1703 1328 1752 Aegyptii
1362 1703 1571 1740 sacerdotes
1608 1701 1678 1739 hoc

1020 1760 1216 1798 certamine
1248 1759 1446 1797 indicatum
1482 1758 1676 1805 voluerint,

1020 1818 1058 1854 id
1077 1817 1275 1854 accuratius
1291 1821 1401 1866 atque
1412 1816 1541 1853 certius
1561 1819 1599 1852 ut
1610 1815 1677 1852 de-

1021 1874 1165 1921 finiam,
1202 1874 1260 1910 vix
1291 1885 1312 1909 a
1348 1886 1407 1910 me
1442 1871 1678 1923 postulabunt

1021 1931 1129 1979 aequi
1160 1943 1202 1968 ac
1233 1929 1340 1979 periti
1368 1942 1488 1967 rerum
1527 1929 1677 1966 iudices.

1020 1987 1133 2023 Haud
1147 1986 1295 2035 quidem
1308 1999 1387 2022 sum
1408 1985 1565 2033 nescius,
1576 1984 1680 2022 Mar-

1021 2049 1094 2080 tem
1118 2044 1163 2079 ab
1174 2043 1365 2092 Aegyptiis
1377 2041 1529 2092 aliisque
1546 2042 1675 2092 priscis

1022 2100 1190 2148 gentibus
1223 2112 1290 2149 pro
1318 2103 1468 2136 naturae
1498 2099 1569 2136 deo
1596 2111 1678 2136 esse

1022 2155 1183 2192 habitum
1197 2184 1206 2202 ‚
1225 2155 1286 2204 qui
1306 2167 1424 2191 rerum
1443 2156 1581 2192 semina
1590 2167 1678 2191 con-

1022 2212 1160 2257 tineat3
1189 2224 1285 2260 quae
1304 2211 1450 2259 quando
1480 2225 1560 2248 cum
1579 2215 1678 2248 terra

1022 2267 1335 2304 communicaverit
1348 2296 1359 2314 ,
1391 2268 1512 2304 omnia
1531 2268 1616 2304 oriri
1633 2280 1676 2305 ac

1020 2324 1130 2360 nasci.
1197 2323 1309 2367 Quod
1346 2328 1385 2360 ut
1415 2324 1527 2362 semel
1563 2324 1676 2361 totius

1019 2380 1146 2417 mundi
1164 2380 1341 2430 principio
1367 2381 1500 2417 factum
1523 2385 1597 2428 est,
1625 2381 1678 2418 ita

1020 2437 1216 2486 quotannis
1258 2437 1299 2473 fit
1344 2437 1523 2488 principio
1565 2438 1675 2484 veris,

1021 2494 1080 2530 ubi
1101 2498 1198 2532 terra
1226 2506 1351 2530 recens
1383 2495 1488 2543 quasi
1508 2494 1570 2542 fit,
1599 2506 1675 2531 non

1021 2550 1141 2587 statim
1160 2562 1306 2600 semper
1326 2551 1465 2587 semina
1479 2550 1675 2601 recipiens,

1020 2607 1086 2644 sed
1116 2607 1214 2644 haud
1242 2618 1324 2643 raro
1356 2608 1467 2644 etiam
1494 2607 1674 2645 reluctans

1018 2666 1055 2700 et
1083 2664 1282 2700 adversans
1301 2692 1312 2710 ‚
1359 2663 1477 2701 donec
1497 2665 1605 2701 cedat
1637 2667 1677 2701 et

1020 2720 1151 2757 cedere
1178 2719 1322 2757 debeat.
1380 2719 1457 2756 Iam
1485 2721 1548 2770 qui
1574 2721 1676 2769 cogi-

1018 2779 1094 2823 tet,
1123 2777 1223 2826 apud
1244 2780 1385 2813 veteres
1414 2776 1506 2814 hanc
1521 2777 1593 2814 vim
1607 2789 1675 2814 na-

1016 2836 1121 2870 turae
1144 2832 1355 2881 genitricem
1380 2846 1456 2870 non
1480 2834 1601 2871 minus
1619 2838 1676 2870 at-

1018 2901 1091 2938 que
1111 2889 1229 2940 ipsam
1254 2893 1426 2929 naturam
1439 2891 1675 2943 recipientem
