1759 3324
468 261 992 305 EUTERPE.II.
1267 261 1353 302 685

60 386 221 425 4ουτοι
259 379 304 423 οἱ
340 378 551 431 Χεμμῖται
597 370 772 428 λέγουσι
821 370 901 415 τὸν
949 372 1119 426 Περσέα
1167 371 1354 416 πολλάκι

89 463 169 517 μὲν
198 458 281 502 davo}
310 454 388 511 τὴν
422 457 506 509 γῆν
543 452 780 509 φαίνεσθαί
820 462 921 506 σφι,
966 451 1154 495 πολλάκι
1189 452 1234 495 δὲ
1270 451 1352 495 ἔσω

88 543 168 583 τοῦ
207 539 320 590 ἱροῦ.

381 530 622 577 σανδάλιόν
656 548 700 575 τε
738 528 878 574 αὐτοῦ
924 530 1232 586 πεφορημένον
1275 530 1378 574 εὑ-1

86 619 332 672 ρίσκεσθαι,
365 613 438 657 ἐὸν
465 612 513 656 τὸ
543 614 735 668 μέγαθος
764 611 941 666 δίπηχυ·
973 609 1022 653 τὸ
1053 609 1184 653 ἐπεὰν
1211 613 1349 667 φανῇ,

60 695 320 751 5εύθηνέειν
362 693 536 736 ἅπασαν
575 693 815 746 Αἴγυπτον.
872 693 1008 732 ταῦτα
1047 689 1125 746 μὲν
1165 688 1352 745 λέγουσι.

85 778 255 818 ποιεῦσι
295 773 341 817 δὲ
385 770 486 815 τάδε
511 770 735 825 Ἑλληνικὰ
763 772 825 828 τῷ
857 769 1042 824 Περσέϊ·
1093 769 1242 825 ἀγῶνα
1271 787 1352 825 γυ-

85 853 243 910 μνικὸν
270 856 428 896 τιθεῖσι
466 850 539 895 διὰ
578 848 717 906 πάσης
756 846 944 904 ἀγωνίης
981 849 1152 905 ἔχοντα·
1212 849 1380 904 παρέ-5

59 942 80 974 6
90 949 240 989 χοντες
269 931 429 986 ἄεθλοι,
459 930 618 988 κτήνεα
646 929 721 974 καὶ
751 929 929 984 χλαίνας
959 929 1033 972 καὶ
1056 927 1258 986 δέρματα.
1290 930 1351 973 εἰ·

87 1113 305 1157 σανδάλιόν
331 1131 373 1156 τε
400 1113 527 1156 αὐτοῦ
557 1130 684 1165 πεφο-

31 1173 204 1226 ρημένον
235 1173 514 1223 εὑρίσκεσθαι]
546 1174 628 1210 Hoc
641 1184 685 1210 ex

31 1233 209 1269 communi
228 1237 390 1269 veterum
413 1230 684 1281 superstitione,

31 1301 104 1338 qua
145 1289 296 1325 deorum
340 1288 584 1338 praesentiam
616 1286 684 1322 sibi

33 1345 226 1382 salutarem
271 1345 511 1392 omnibusque
563 1343 682 1389 bonis,

31 1414 125 1450 quae
143 1406 357 1448 censentur,
387 1400 551 1449 frugibus
572 1399 686 1449 potis-

32 1459 183 1504 simum,
234 1459 444 1494 affluentem
481 1457 685 1506 putabant,

32 1514 294 1564 explicandum.
355 1514 592 1563 Quapropter
609 1525 686 1549 me—

31 1571 180 1608 moriam
200 1571 303 1607 huius
324 1570 552 1620 praesentiae
583 1569 687 1617 quasi

32 1632 301 1673 consecrantes,
319 1627 569 1663 monstrabant
586 1626 686 1674 ipsos

32 1684 130 1721 locos
152 1713 163 1731 ‚
214 1684 343 1732 quibus
385 1684 434 1719 dii
476 1683 686 1729 institerint,

34 1741 119 1777 inde
140 1741 291 1777 maxime
311 1740 472 1787 insignes
495 1743 531 1776 et
556 1737 687 1775 felicis-

36 1797 126 1834 simo
161 1797 317 1833 omnium
360 1809 479 1832 rerum
509 1799 687 1845 proventu

35 1854 175 1891 beatos.
234 1852 292 1889 De
320 1852 455 1889 Perseo
477 1852 561 1888 talia
580 1864 689 1901 prae-

35 1910 146 1946 dicari
163 1909 260 1945 haud
284 1910 413 1945 mirum
434 1908 618 1945 videbitur
643 1908 688 1955 ei,

35 1967 97 2015 qui
116 1965 230 2014 qualis
250 1966 340 2002 deus
361 1967 406 2002 sit
418 1965 605 2001 habendus
616 1964 689 2012 ille,

35 2022 258 2073 perspexerit
280 2051 291 2069 7
319 2035 386 2059 nec
416 2022 533 2070 magis
560 2022 690 2058 mirum

35 2079 214 2116 videbitur
242 2079 288 2116 de
328 2078 487 2115 Hercule
526 2078 691 2126 aliisque,

38 2136 84 2173 de
108 2136 236 2184 quibus
267 2134 398 2171 similia
428 2135 565 2171 tradita
588 2147 690 2171 acce-

36 2192 164 2243 pimus.
223 2190 304 2228 Nec
333 2192 401 2241 ipsi
434 2192 566 2228 desunt
609 2191 690 2227 Indi

36 2261 183 2298 prorsus
195 2260 355 2297 congrua
372 2261 452 2284 cum
466 2248 563 2285 hisce
581 2260 689 2285 enar-

37 2309 182 2351 rantes3
206 2304 292 2353 quin
304 2305 397 2341 adeo
414 2305 565 2353 vestigia
577 2317 690 2353 quae-

39 2362 123 2398 dam
150 2361 187 2397 in
221 2362 308 2411 ipsis
339 2361 447 2398 sacris
478 2360 589 2398 literis
619 2374 687 2397 no-

40 2418 122 2454 stris
141 2418 379 2467 reperiuntur.
426 2417 536 2454 Plura
558 2418 689 2455 Creuz.

39 2473 202 2524 Symbol.
221 2474 272 2511 IV
289 2487 375 2524 pag.
396 2473 461 2515 56.

97 2526 162 2568 ἐόν
208 2527 251 2569 vd
299 2530 474 2582 μέγαθος
521 2528 689 2581 δίπηχυ]

41 2584 144 2622 Haec
164 2587 346 2635 quomodo
375 2587 587 2637 accipienda
605 2587 690 2634 sint,

42 2641 174 2678 docent
193 2655 284 2691 quae
314 2644 361 2680 ad
386 2643 426 2690 I,
452 2645 505 2684 68
528 2643 692 2693 disputa-

43 2698 170 2744 vimus,
191 2718 246 2725 —
273 2698 332 2737 De
351 2700 461 2737 verbo
481 2694 692 2750 εὐθηνέειν

43 2753 137 2790 conf.
157 2753 193 2800 I,
213 2756 278 2795 66.

101 2803 236 2860 ἆγώνα
281 2807 475 2861 γυμνικόν
520 2814 690 2859 τιθεῖσι]

45 2864 67 2901 i.
81 2877 112 2902 e.
137 2864 256 2903 ludum
273 2868 463 2905 instituunt
479 2882 506 2905 s.
521 2868 693 2906 celebrant

44 2923 265 2972 gymnicum,
284 2926 346 2973 qui
363 2927 512 2963 omnium
527 2927 691 2963 certami-

752 1127 835 1152 num
866 1127 996 1164 genera
1033 1116 1193 1151 continet.
1261 1118 1410 1154 τιθεῖσι

753 1185 853 1208 more
886 1172 1006 1208 Ionico
1038 1172 1211 1221 scripsit,
1248 1172 1295 1210 de
1334 1185 1408 1221 quo

754 1229 848 1266 conf.
866 1227 903 1274 I,
925 1229 1015 1268 133.
1075 1228 1198 1265 Verba
1218 1230 1410 1277 sequentia

755 1281 820 1324 διιὶ
839 1280 972 1334 πάσης
990 1278 1165 1337 ἀγωνίης
1178 1283 1314 1335 ἔχοντα
1325 1299 1410 1334 per-

752 1354 879 1393 peram
899 1342 1029 1391 opinor
1055 1341 1105 1377 sic
1131 1342 1292 1378 reddidit
1314 1342 1408 1379 Lar-

755 1398 902 1434 cherus:
935 1400 997 1447 qui
1015 1396 1056 1434 de
1074 1401 1151 1434 tous
1169 1398 1216 1433 les
1230 1399 1322 1445 ιγἐιιχ
1331 1401 1408 1435 sont

755 1454 803 1490 les
823 1454 904 1503 plus
925 1454 1102 1491 excellens.
1162 1455 1295 1492 Melius
1319 1456 1410 1492 alter

756 1511 882 1548 Gallus
903 1511 1085 1561 interpres
1116 1513 1295 1548 recentior
1313 1512 1410 1548 hunc

753 1568 789 1604 in
808 1569 972 1605 modum:
1005 1569 1048 1604 οῐι
1067 1572 1144 1604 tous
1163 1568 1211 1605 les
1227 1581 1347 1617 gemes
1369 1568 1411 1605 de

755 1624 889 1661 combat
915 1628 993 1661 sont
1023 1624 1148 1662 aducis.
1208 1625 1257 1662 Et
1285 1639 1411 1663 verum

753 1681 944 1718 locutionis
967 1695 1114 1718 sensum
1143 1683 1238 1719 bene
1262 1696 1412 1732 expres-

755 1738 801 1774 sit
822 1738 1186 1786 Schweighaeuserus
1210 1738 1413 1776 W‘esselin-

755 1794 853 1842 gium
881 1794 987 1831 aliter
1015 1794 1281 1832 existimantem
1302 1796 1412 1833 corri-

756 1864 858 1899 gens.
926 1850 987 1886 Ad
1024 1856 1279 1899 argumentum
1321 1852 1412 1889 haec

756 1907 872 1944 teneri
890 1906 1013 1944 velim:
1034 1921 1055 1944 a
1072 1908 1201 1957 priscis
1220 1908 1411 1959 Aegyptiis

757 1964 903 2001 minime
923 1963 1060 2001 alienos
1084 1965 1196 2001 fuisse
1215 1965 1322 2002 ludos
1344 1979 1413 2016 gy-

758 2021 918 2066 mnicos,
978 2021 1107 2069 quibus
1148 2022 1411 2071 hippodromus

759 2076 973 2114 Thebarum
1007 2077 1043 2112 in
1063 2078 1151 2114 urbe
1175 2079 1324 2126 egregie
1357 2079 1413 2116 in-

758 2133 941 2178 servierit3
982 2135 1069 2182 quin
1089 2134 1178 2183 ipsis
1200 2135 1236 2171 in
1260 2135 1414 2185 anagly-

758 2190 839 2240 phis
860 2190 1009 2227 vetustis
1027 2190 1263 2240 Aegyptiacis
1289 2192 1414 2229 huius-

758 2247 857 2283 modi
878 2246 1004 2294 ludos,
1032 2248 1252 2294 certamina,
1283 2248 1353 2286 alia
1374 2250 1414 2286 id

759 2316 875 2353 genus
894 2332 905 2350 ,
948 2304 1239 2353 repraesentari3
1292 2305 1414 2354 qualia

756 2373 852 2396 nunc
891 2360 1106 2397 invenerunt
1156 2361 1253 2398 docti
1302 2362 1412 2399 Galli.

757 2416 842 2453 Vid.
868 2416 1039 2454 Creuzer.
1059 2416 1223 2466 Symbol.
1242 2418 1258 2455 I
1281 2432 1317 2468 p.
1329 2420 1413 2459 330

759 2472 840 2510 coll.
861 2471 956 2513 471.
1016 2472 1097 2510 Sola·
1122 2478 1243 2511 autem
1269 2475 1335 2512 hos
1357 2474 1414 2512 lu-

759 2530 850 2576 dos,
880 2534 920 2566 ut
942 2529 1018 2566 aliis
1040 2529 1148 2576 locis,
1180 2536 1413 2570 consecratos

758 2587 894 2633 fuisse,
923 2586 1010 2623 nihil
1029 2587 1191 2624 dubium.

814 2640 882 2681 καὶ
918 2643 1081 2693 χλαίνας
1119 2641 1185 2681 καὶ
1217 2641 1410 2695 δέρματα]

760 2700 968 2748 Utrumque
998 2700 1035 2737 in
1064 2700 1233 2750 praemiis
1264 2713 1414 2749 quoque

761 2756 988 2793 Graecorum
1034 2755 1203 2793 ludorum
1249 2757 1412 2794 occurrit.

762 2812 933 2849 Chlaenas
951 2813 989 2849 in
1009 2811 1174 2850 Pellenes
1197 2813 1288 2850 urbe
1308 2814 1414 2850 datas

760 2882 842 2906 esse
871 2869 968 2906 canit
996 2868 1146 2906 Pindar.
1173 2869 1319 2919 Olymp.
1348 2868 1413 2916 IX,

762 2925 854 2967 146.
884 2924 994 2963 Nem.
1015 2925 1064 2973 X,
1085 2926 1162 2975 82,
1193 2927 1257 2964 ubi
1276 2923 1413 2963 consul.
