1759 3324
500 243 926 283 EUTERPE.
979 243 1025 282 II.

1305 246 1390 287 729

122 355 417 409 αποδέξασθαι
443 354 522 410 μὲν
552 353 761 408 οὐδεμίαν
801 354 1058 409 στρατηίην,
1107 356 1388 410 συνενειχθῆ-
1445 372 1553 432 gnomoi
1538 367 1593 394 odo
1625 376 1723 429 refu-

120 453 194 479 ναι
223 435 268 479 δέ
307 435 352 477 οἱ
387 431 558 488 τυφλόν
594 432 821 488 γενέσθαι,
876 430 948 475 δια
987 429 1160 475 τοιόνδε
1197 437 1385 489 πρῆγμα.
1398 433 1531 492 3ONU'JIUS

94 518 202 558 Ξτοῦ
231 515 432 567 ποταμοῦ
463 509 754 562 κατελθόντος
780 510 958 566 μέγιστα
979 511 1031 567 δὴ
1052 510 1147 554 τότε
1168 511 1228 555 ἐπ’
1249 511 1385 556 ὀκτω-

1553 405 1563 427 t
1604 401 1633 427 VI

1558 434 1637 461 tihra
1653 411 1707 496 um}

1459 567 1483 593 ci
1511 567 1568 593 duo
1594 576 1624 594 in

119 594 296 637 καίδεκα
324 590 504 646 πήχεας,
537 589 595 641 ὠς
624 588 863 647 ὑπερέβαλε
892 590 968 642 τὰς
998 588 1214 645 ἀρούρας,
1247 592 1382 636 πνεύ-
1425 601 1491 636 ⁷9¹0
1513 601 1603 629 Solis·

119 687 251 726 ματος
281 669 563 726 ἐμπεσόντος,
594 672 806 726 κυματίης
835 669 859 714 ὁ
878 669 1072 726 ποταμὸς
1094 669 1279 725 ἐγένετο·
1310 672 1389 715 τὸν

119 751 164 794 δὲ
201 750 379 804 βασιλέα
423 748 597 805 λέγουσι
630 754 790 793 τοῦτον
829 748 1071 806 ἀτασθαλίῃ
1100 749 1386 807 χρησάμενον.

115 828 308 885 λαβόντα
348 828 526 885 αἰχμήν,

115 912 337 964 ποταμοῦ·

86 994 108 1028 3
121 987 382 1044 ὀφθαλμούς
393 1021 403 1041 ,
441 992 743 1045 τυφλωθῆναι.

114 1084 190 1124 μιν
228 1067 397 1124 τυφλόν
407 1084 415 1092 ·

396 908 502 965 μετὰ
542 909 612 963 δὲ,
661 908 819 952 αὐτίκα
858 908 1054 964 καμόντα
1103 909 1239 953 αὐτὸν
1285 909 1445 961 τοῦς36

803 988 905 1032 δέκα
935 988 1014 1044 μὲν
1052 990 1104 1045 δὴ
1143 989 1238 1032 ἔτεα
1277 988 1390 1033 εἶναί

476 1067 691 1126 ἑνδεκάτῳ
731 1068 776 1112 δὲ
815 1069 900 1112 ἔτεϊ
937 1068 1171 1112 ἀπικέσθαι
1202 1070 1246 1112 οἷ
1273 1086 1384 1125 μαν-

116 1147 240 1203 τήϊον
268 1146 315 1190 ἐκ
345 1151 544 1200 Βουτοῦς
574 1147 751 1200 πόλιος,
785 1146 843 1199 ὠς
872 1181 896 1199 „
910 1146 1050 1204 ἐξήκει
1079 1148 1123 1191 τέ
1154 1148 1197 1191 οἱ
1228 1146 1250 1191 ὁ
1280 1146 1385 1204 χρό-

115 1244 229 1280 ,,νος
266 1230 342 1284 τῆς
381 1230 550 1284 ζημίης,
598 1228 671 1272 καὶ
714 1225 972 1284 ἀναβλέψει,
1020 1226 1230 1282 γυναικός
1261 1226 1380 1285 οὔρῳ
1396 1232 1442 1269 40

115 1306 390 1362 ,,νιψάμενος
425 1308 527 1358 τοὺς
558 1305 843 1363 ὀφθαλμούς,
893 1306 985 1363 ἥτις
1015 1305 1132 1360 παρα
1165 1306 1243 1349 τόν
1273 1306 1383 1350 ἑωυ-

117 1390 229 1441 ”τῆς
248 1385 390 1443 ἄνδρα
409 1391 580 1444 μοῦνον
600 1388 856 1444 πεφοίτηκε,
890 1384 1032 1430 ἄλλων
1056 1384 1231 1440 ἀνδρῶν
1248 1386 1383 1431 ἐοῦσα

58 1606 229 1656 Regnum
257 1608 360 1645 huius
386 1608 483 1657 regis
517 1607 642 1645 incidit
672 1620 716 1646 ex

58 1663 232 1702 Larcheri
251 1665 396 1702 calculis
409 1666 453 1711 (t.
466 1664 550 1701 VIII
563 1679 599 1715 p.
613 1665 714 1713 579)

59 1720 96 1756 in
116 1732 200 1757 ann.
225 1723 333 1762 1312
355 1734 386 1758 a.
400 1721 485 1757 Chr.
509 1734 543 1757 n.
562 1734 604 1757 ac
624 1721 716 1757 duo-

60 1777 237 1825 deviginti
276 1778 378 1814 annis
419 1777 626 1816 absolvitur.
658 1799 714 1804 -—

59 1833 172 1880 „Sub
217 1833 286 1870 hoc
326 1847 413 1883 rege
445 1833 603 1883 Moysen
632 1847 714 1871 cum

59 1889 228 1927 Israelitis
253 1890 399 1940 reliquis
443 1891 642 1927 excessisse
672 1903 715 1927 ex

58 1944 228 1996 Aegypto
249 1975 259 1993 ‚
314 1948 551 1997 comprobare
593 1947 715 1984 studet

56 2002 174 2038 Bois-
186 2002 301 2052 Ayme'
332 2004 368 2039 in
391 2004 506 2040 deser
539 2004 587 2040 de
609 2003 630 2039 l’
645 2004 714 2051 Eg.

58 2063 148 2096 antt.
167 2059 243 2096 livr.
256 2059 317 2096 111.
336 2061 443 2097 me'm.
468 2060 522 2097 t.I
539 2074 577 2110 p.
590 2060 714 2101 305.“

60 2115 128 2153 Cr.

115 2167 306 2222 οὐδεμίαν
334 2170 571 2225 στρατηίην]
603 2167 714 2212 ου’δε-

59 2228 154 2280 μίαν
188 2229 273 2266 dedi
310 2243 389 2267 cum
421 2230 537 2266 Gaisf.
593 2230 713 2279 Vulgo

61 2280 261 2336 ου’δεμίην.
317 2286 511 2336 Reliquam
535 2287 714 2323 narratio-

61 2354 144 2379 nem
165 2341 347 2380 Diodorus
377 2342 399 2379 l.
419 2344 441 2380 l.
473 2356 621 2392 quoque
649 2357 712 2381 ex-

59 2397 182 2444 hibet,
223 2412 266 2437 ex
301 2400 383 2450 ipso
420 2400 634 2449 Herodoto,
673 2404 714 2437 ut

62 2453 304 2504 W'esselingio
329 2457 494 2503 videtur,
533 2457 710 2494 haustam.

118 2512 189 2549 τοῦ
232 2515 413 2564 ποταμοῦ
448 2510 713 2560 κατελθόντος

64 2564 221 2620 μέγιστα
249 2583 284 2607 κ.
309 2585 340 2607 τ.
364 2568 412 2620 λ.]
455 2568 714 2621 κατέρχεσθαι

65 2624 192 2660 eodem
221 2638 329 2662 sensu
348 2626 403 2674 ΙΙ,
426 2628 489 2667 19.
530 2626 591 2663 Ad
609 2640 712 2676 seqq.

65 2681 159 2716 conf.
191 2680 246 2728 ΙΙ,
277 2684 340 2722 13.
407 2682 475 2719 Est
499 2696 585 2721 vero
614 2684 712 2732 regis

63 2736 196 2772 sactum
214 2737 299 2774 inde
319 2738 589 2788 explicandum,
611 2740 714 2789 quod

64 2790 189 2838 Nilus,
227 2795 439 2842 praesertim
463 2796 712 2833 inundationis

66 2847 319 2888 saluberrimae
361 2854 526 2901 tempore
543 2881 553 2899 ,
612 2866 713 2890 sacer

65 2902 216 2941 habetur
234 2905 332 2943 haud
350 2906 453 2944 aliter
477 2912 588 2958 atque
610 2909 714 2946 Gan-

784 1621 850 1657 ges
874 1608 972 1657 apud
995 1607 1119 1645 Indos.

784 1668 838 1706 90
859 1669 935 1701 not.

838 1719 1034 1771 κυματίης
1055 1717 1259 1771 ὅποταμὸς
1272 1719 1440 1773 ἐγένετο]

782 1777 976 1827 κυματίης
1010 1777 1139 1814 dicitur
1157 1779 1286 1815 fluvius
1309 1779 1442 1828 flucti-

783 1834 846 1870 bus
865 1837 1050 1883 agitatus,
1081 1838 1120 1870 ut
1138 1834 1234 1882 VIII,
1253 1837 1331 1876 118
1354 1832 1442 1874 ἅνε.

785 1906 857 1941 μος
887 1906 910 1928 κ
923 1906 947 1928 υ
960 1906 985 1940 μ
998 1906 1020 1927 α
1033 1891 1113 1940 τίη
1128 1905 1146 1936 ς
1173 1896 1302 1929 ventus
1332 1892 1441 1929 maris

782 1950 914 1984 fluctus
937 1947 1110 1984 excitans.

839 1999 1020 2055 καμόντα
1047 1998 1166 2042 αὐτὸν
1183 1999 1276 2049 τοῦς
1290 1998 1441 2052 ὀφθαλ-

784 2057 909 2111 μοῦς]
952 2061 1062 2096 Conf.
1082 2059 1262 2097 Matthiae
1284 2061 1350 2096 Gr.
1373 2061 1439 2097 Gr.

784 2116 821 2168 ἓ·
840 2117 941 2163 424,
967 2115 1004 2156 4.
1035 2139 1091 2144 —
1118 2116 1178 2154 De
1197 2116 1343 2153 oraculo
1366 2117 1443 2154 La-

781 2179 890 2211 tonae
932 2175 968 2210 in
1001 2174 1090 2211 urbe
1130 2173 1227 2210 Buto
1266 2175 1360 2210 conf.
1395 2174 1440 2221 ΙΙ,

784 2231 876 2271 155.
907 2251 964 2258 -
995 2230 1092 2277 „Tu
1123 2231 1218 2267 conf.
1248 2230 1441 2280 Bruining.

780 2287 1009 2324 schediasma
1030 2287 1077 2324 de
1098 2286 1351 2323 Mesmerismo
1375 2300 1442 2324 an-

781 2348 820 2381 te
839 2343 1061 2381 Mesmerum
1086 2343 1289 2392 (Groning.
1311 2343 1440 2391 1815)

779 2413 867 2452 pag.
894 2403 989 2442 66.“
1022 2400 1088 2437 Cr.

837 2454 947 2509 παρα
961 2453 1027 2496 τὸν
1040 2455 1191 2507 ἑωυτῆς
1202 2453 1329 2507 ἄνδρα
1343 2457 1439 2506 μοῦ-

780 2529 853 2554 νον
875 2513 1109 2565 πεφοίτηκε]
1147 2515 1294 2567 (pot-1:921!
1314 2514 1371 2550 hic
1391 2514 1438 2551 de

779 2571 1041 2609 consuetudine
1091 2571 1261 2608 Venerea
1306 2569 1439 2607 intelli-

780 2629 965 2677 gendum,
996 2641 1085 2665 voce
1101 2627 1324 2674 honestiori,
1359 2631 1438 2664 tum

780 2686 828 2722 de
846 2685 923 2720 viro
950 2688 1025 2721 tum
1046 2685 1093 2722 de
1123 2683 1274 2721 muliere
1293 2684 1437 2720 usitata.

780 2740 864 2778 Vid.
881 2740 944 2788 IV,
967 2743 989 2781 1
1019 2741 1105 2790 ibiq.
1133 2740 1260 2777 Valck.
1293 2744 1330 2777 et
1357 2740 1438 2776 Sie-

782 2797 884 2834 belis.
916 2798 964 2834 ad
987 2797 1144 2834 Pausan.
1170 2796 1226 2844 11,
1252 2798 1305 2837 10
1341 2794 1377 2846 ᾗ.
1397 2795 1437 2843 4,

781 2853 844 2902 qui
884 2854 1014 2891 eadem
1044 2857 1101 2891 est
1129 2866 1214 2889 usus
1242 2852 1438 2888 locutione.

780 2908 831 2946 Et
861 2910 1021 2960 pertinet
1042 2909 1112 2947 huc
1138 2921 1285 2959 quoque
1311 2907 1435 2945 similis

1179 1607 1289 1645 Conf.
1318 1609 1367 1646 ad
1394 1608 1442 1657 ΙΙ,

581 829 753 884 βαλέειν
791 828 833 880 ἐς
875 830 1008 884 μέσας
1047 830 1123 881 τὰς
1154 831 1277 881 δίνας
1306 834 1388 875 τοῦ
1448 828 1527 870 154

1505 475 1512 492 1
1550 468 1608 494 abu
1612 468 1677 495 md
1714 479 1722 496 :

1445 508 1498 526 cav
1502 500 1601 527 mllio
1593 510 1651 528 co
1656 508 1702 528 ntr
1689 511 1723 530 ra

1443 533 1534 560 niuloe
1519 542 1604 573 eresf
1630 536 1722 562 oloelh

1648 574 1723 597 tem--
