1768 3315
311 267 395 306 264

710 260 1179 299 HERODOTI

312 373 396 429 γὰρ
427 370 475 414 τό
505 370 553 413 ἐν
582 369 748 428 Κύπρῳ
779 370 876 426 ἱρὸν
906 371 1110 415 ἐνθεῦτεν
1140 369 1330 425 ἐγένετο,
1362 366 1421 418 ὡς
1451 365 1577 410 αὐτοὶ

313 452 488 506 λέγουσι
517 448 730 504 Κύπριοι·
761 450 835 493 καὶ
861 450 910 494 τὸ
940 451 984 494 ἐν
1016 448 1267 505 Κυθήροισι
1295 445 1496 498 Φοίνικές
1521 447 1575 489 εἰ·
1588 449 1633 486 45

315 541 357 572 σι
388 530 431 571 οἱ
467 525 771 583 ἱδρυσάμενοι,
820 528 867 571 ἐκ
907 527 1064 585 ταύτης
1105 533 1178 584 τῆς
1211 528 1380 582 Συρίης
1421 525 1575 576 ἐόντες.

286 613 428 651 ὅτοῖσι
465 607 512 651 δὲ
540 610 628 650 τῶν
658 606 876 649 Σκυθέων
905 606 1116 663 συλήσασι
1153 608 1202 650 τὸ
1233 606 1332 661 ἱρὸν
1360 604 1408 649 τὸ
1439 604 1487 647 ἐν
1512 603 1579 647 'A-

315 685 526 738 σκάλωνι,
565 685 641 730 καὶ
669 688 781 728 τοῖσι
811 684 982 730 τούτων
1011 687 1092 730 αἰεὶ
1121 685 1363 742 ἐκγόνοισι,
1409 683 1578 740 ἐνέσκη-

257 883 305 920 ad
329 895 438 932 quem
461 882 580 919 locum
604 880 710 931 plura
729 880 913 917 adscribe-

257 953 350 976 muS.
406 939 491 976 vid.
537 939 710 975 Creuzer.
751 936 915 986 S)mbol.

257 995 290 1032 ΙΙ
311 1009 349 1046 p.
373 997 427 1037 23
447 1007 553 1044 seqq.
579 993 633 1035 75
657 1006 761 1042 seqq.

315 1051 383 1090 καὶ
404 1056 507 1090 τοῖσι
525 1045 680 1089 τούτων
698 1048 778 1088 αἰεὶ
799 1045 913 1102 ἐκγό-

258 1107 389 1158 νοισι]
436 1103 588 1147 τούτων
620 1106 792 1157 iescripsi
832 1119 913 1143 cun]

259 1165 378 1202 Gaisf.
401 1177 470 1214 pro
498 1163 595 1212 vulg.
617 1161 824 1202 τουτέων.
856 1183 913 1191 -—

259 1222 302 1258 In
323 1233 427 1271 seqq.
459 1234 526 1271 pro
548 1215 720 1270 θήλειαν
745 1220 912 1257 Koenius

259 1279 309 1315 ad
333 1278 492 1325 Gregor.
514 1276 678 1313 Corinth.
699 1277 746 1313 de
767 1275 911 1313 dialect.

260 1334 338 1371 lon.
368 1332 405 1384 ᾗ.
429 1333 483 1374 41
509 1332 617 1370 scribi
644 1332 719 1368 vult
746 1331 914 1383 θηλέην,

261 1390 364 1440 quod
406 1389 530 1440 ipsum
573 1392 758 1439 receptum
796 1393 853 1426 est
892 1401 915 1425 a

261 1446 480 1494 Schaefero,
526 1449 672 1496 praeter
717 1445 916 1482 necessita-

261 1508 355 1549 tem,
395 1503 425 1538 si
466 1502 555 1551 quid
581 1501 712 1548 video,
751 1505 788 1539 et
816 1501 914 1538 libris

263 1558 432 1596 omnibus
457 1558 739 1607 refragantibus,
779 1558 917 1595 Occur-

261 1615 309 1652 rit
325 1628 396 1652 vox
415 1614 607 1664 aliquoties
625 1614 724 1664 apud
739 1613 917 1651 Nostrum

262 1685 343 1710 cum
360 1671 459 1708 brevi
476 1671 590 1708 vocali
611 1675 628 1709 Ξ
643 1672 678 1707 in
694 1671 813 1708 medio
831 1671 918 1708 scri-

262 1732 327 1779 pta
351 1727 446 1775 (111,
471 1730 558 1776 20),
577 1728 645 1765 sed
660 1728 814 1764 occurrit
826 1740 918 1776 quo-

263 1797 335 1833 que
355 1779 487 1835 θήλεα
510 1787 546 1820 et
572 1780 727 1834 θήλεαν
748 1784 820 1831 lli,
852 1785 918 1824 86.

265 1842 369 1888 102,
400 1853 469 1877 nec
488 1839 590 1877 aliter
608 1840 678 1877 hoc
698 1853 846 1889 quoque
866 1839 919 1875 lo-

264 1910 306 1933 co
331 1896 561 1934 scribendum
582 1910 665 1934 esse
681 1897 922 1933 monetButt-

263 1966 384 1990 mann.
410 1953 449 1989 in
471 1954 632 1989 Gramm.
658 1953 723 1989 Gr.
746 1953 869 1988 maior.
902 1952 920 1988 I

265 2021 351 2059 pag.
379 2010 461 2051 253
480 2013 556 2045 not.
586 2009 797 2056 „Tiberius
818 2008 919 2045 Rhe-

265 2070 323 2101 tor
353 2065 401 2102 de
433 2064 522 2113 figg.
552 2078 608 2114 cp.
641 2066 719 2112 35,
757 2064 816 2100 ubi
840 2064 874 2100 h.
897 2063 917 2100 l.

267 2122 372 2167 citat,
402 2120 547 2157 exhibet
575 2117 635 2171 θή
650 2122 828 2159 λειαν.“
854 2119 919 2157 Cr.

321 2174 517 2226 ἐνέσκηψε
554 2174 583 2226 ’ἡ
623 2174 744 2226 θεός]
776 2171 920 2226 ἐνσκή-

267 2246 380 2272 πτειν
403 2237 439 2270 et
467 2228 758 2284 κατασκήπτειν
774 2233 921 2283 proprie

268 2291 315 2327 de
329 2288 544 2339 fulminibus
565 2291 750 2336 inanis-sis,
770 2290 856 2326 dein
874 2289 921 2326 de

268 2346 447 2395 quibusvis
468 2346 569 2382 malis
587 2346 809 2393 gravioribus
827 2345 920 2382 ‹livt-

266 2405 362 2439 ναΐας
374 2400 544 2451 sultm'nz's
562 2402 609 2438 ad
627 2405 739 2439 instar
757 2405 920 2439 inmissis

268 2458 324 2495 vel
342 2459 379 2494 iu
396 2457 549 2507 aliquem
574 2472 651 2495 cum
677 2461 806 2508 impetu
828 2461 920 2496 irru-

268 2515 412 2551 entibus,
482 2514 599 2552 Νοῒω
608 2515 634 2552 it
668 2515 833 2553 Siebelis.
872 2516 920 2553 ad

268 2571 426 2608 Pausan.
448 2571 520 2619 ΙΙΙ,
544 2573 597 2612 12
625 2569 661 2622 ἓ.
685 2574 722 2612 6.

325 2625 523 2678 ἐνέσκηψε
555 2625 583 2678 ἦ
621 2624 714 2674 θεὸς
747 2623 920 2678 θήλειαν

271 2683 443 2734 νοῦσον]
475 2684 603 2721 Citans
620 2683 709 2721 haec
725 2685 836 2722 verba
853 2685 920 2722 Ti—

271 2740 432 2778 beriusl.
452 2740 474 2776 Ι.
494 2740 615 2777 addit:
646 2736 734 2779 ἀντὶ
761 2743 855 2792 τοῦ,
885 2740 921 2780 ἐ-

272 2796 440 2846 ποίησεν
474 2792 784 2847 ἇνδρογύνους
766 2813 789 2846 η
813 2812 920 2836 κατε-

274 2867 422 2904 αγοτας.
480 2852 649 2889 Pluiibus
668 2867 744 2890 iem
772 2854 925 2890 illustrat

274 2910 520 2961 Hippocrates
543 2909 588 2947 de
605 2908 688 2947 Aer.
699 2908 769 2959 Aq.
790 2910 922 2948 etLoc.

981 894 1017 932 P·
1034 883 1115 924 293
1129 880 1187 933 (ἓ.
1203 884 1292 923 106.
1309 883 1388 922 109
1402 882 1458 919 ed.
1474 880 1637 927 Coi-ais),

981 938 1042 975 ubi
1073 939 1120 976 de
1149 939 1280 976 iisdem
1299 938 1445 986 Scythis
1463 937 1638 986 loquens:

982 989 1188 1045 εὐνουχίαι
1231 994 1429 1045 γίνονται,
1497 993 1636 1042 inquit,

980 1049 1050 1089 καὶ
1069 1054 1279 1104 γυναικεῖα
1313 1046 1543 1101 ἐργάζονται
1568 1049 1638 1089 καὶ

982 1106 1036 1154 ὥς
1058 1107 1103 1146 αἱ
1120 1109 1306 1159 γυναῖκες
1329 1104 1578 1157 διαλέγονταί
1597 1120 1638 1144 τε

981 1162 1128 1215 ὁμοίως
1151 1163 1364 1203 καλεῦνταί
1392 1177 1432 1201 τε
1451 1162 1493 1200 οἵ
1509 1165 1640 1201 τοιοῦ-

981 1235 1043 1260 τοι
1063 1215 1303 1271 οἷνανδριεῖς.
1358 1219 1522 1266 lamias,
1553 1232 1638 1269 per-

982 1278 1058 1326 git,
1080 1290 1227 1314 causam
1247 1276 1363 1313 morbi
1384 1277 1433 1313 ad
1451 1276 1560 1313 deum
1581 1289 1639 1314 re-

982 1336 1078 1372 ferre
1099 1338 1135 1371 et
1153 1333 1357 1370 istiusmodi
1377 1332 1542 1370 homines
1563 1332 1640 1369 val-

984 1391 1032 1428 de
1054 1391 1221 1428 revereri.
1279 1389 1386 1433 Quae
1405 1388 1476 1425 alia
1509 1389 1557 1426 de
1583 1389 1640 1425 his

983 1448 1085 1484 addit
1123 1447 1278 1496 scriptor
1325 1444 1641 1492 luculentissimus,

983 1503 1104 1540 malim
1139 1503 1240 1553 apud
1278 1501 1396 1552 ipsum
1437 1500 1522 1551 legi.
1580 1500 1642 1538 Ad

984 1573 1080 1609 quae
1099 1572 1174 1596 non
1197 1559 1286 1596 satis
1316 1558 1547 1595 attendentes
1575 1557 1641 1594 viri

985 1616 1083 1653 docti
1097 1616 1214 1653 varias
1233 1615 1284 1664 de
1299 1613 1465 1651 muliebri
1485 1614 1642 1662 Scytha-

986 1685 1065 1709 rum
1093 1672 1221 1709 morbo
1254 1667 1643 1721 opiniones‘protule-

986 1733 1071 1765 runt
1085 1757 1096 1775 ‚
1142 1726 1269 1765 citatas
1291 1731 1368 1763 tum
1394 1739 1417 1763 a
1439 1726 1643 1765 lVesselin-

988 1786 1049 1834 gio
1070 1797 1112 1821 ac
1129 1784 1313 1822 Larchero
1336 1783 1374 1819 in
1393 1788 1484 1821 nott.
1503 1785 1552 1820 ad
1568 1783 1640 1821 h.l.

987 1847 1062 1878 tum
1097 1853 1120 1877 a
1157 1841 1302 1876 Starkio
1332 1839 1387 1876 ·in
1432 1840 1641 1890 scriptione,

989 1911 1083 1947 quae
1125 1897 1262 1946 prodiit
1301 1896 1370 1932 hoc
1406 1897 1473 1933 sub
1516 1896 1640 1932 titulo:

988 1953 1078 2001 „De
1099 1947 1231 2005 νούσῳ
1260 1951 1407 2005 θηλείᾳ
1439 1953 1540 2002 apud
1562 1953 1642 1989 He-

987 2009 1156 2045 rodotum
1174 2008 1355 2058 prolusio,
1371 2009 1480 2046 lenae
1496 2009 1642 2050 1827.“

988 2065 1112 2102 Nolim
1132 2065 1215 2101 hinc
1239 2069 1426 2115 repetere,
1466 2078 1561 2114 quae
1579 2078 1642 2101 va-

988 2122 1042 2158 ria
1063 2122 1156 2157 hanc
1175 2121 1212 2157 iu
1233 2134 1308 2158 rein
1323 2122 1555 2159 commentati
1570 2121 1643 2158 sint

989 2178 1054 2214 viri
1069 2177 1183 2224 docti,
1214 2190 1383 2226 quaeque
1401 2178 1539 2227 opinati
1557 2178 1643 2225 sint,

988 2247 1074 2270 nam
1105 2235 1220 2284 pudet
1245 2233 1378 2270 talibus
1398 2234 1564 2284 plagulas
1586 2247 1644 2272 re-

989 2291 1109 2341 plere3
1137 2291 1328 2327 continebo
1345 2303 1404 2328 me
1420 2291 1457 2327 in
1469 2291 1526 2338 iis,
1548 2303 1643 2339 quae

989 2347 1073 2384 olim
1104 2346 1150 2383 ab
1178 2347 1404 2395 Hieronymo
1435 2346 1644 2384 Mercuriali

990 2404 1115 2450 (Varr.
1138 2402 1257 2440 Lectt.
1275 2403 1346 2450 ΙΙΙ,
1367 2404 1414 2452 7)
1439 2403 1582 2454 prolata
1601 2416 1643 2440 ac

988 2458 1256 2508 W‘esselingiQ
1297 2459 1643 2508 Schweighaeusero

988 2516 1162 2567 probata,
1202 2515 1355 2565 amplius
1394 2516 1586 2564 disquisita
1621 2528 1644 2552 a

989 2572 1138 2610 Starkio
1158 2573 1204 2608 ad
1222 2584 1345 2608 veram
1363 2571 1567 2610 Herodotei
1588 2572 1643 2609 lo-

990 2629 1021 2667 ci
1085 2628 1361 2676 intelligentiam
1428 2629 1642 2678 perducant.

989 2684 1296 2723 commonstravit
1337 2683 1502 2722 nimirum
1544 2685 1644 2722 hicce

989 2742 1043 2779 vir
1063 2741 1295 2778 doctissimus
1307 2771 1318 2789 ,
1338 2743 1486 2780 νοῦσον
1505 2736 1643 2791 θήλει-

993 2813 1042 2837 αν
1059 2799 1232 2848 primaria
1262 2809 1304 2834 ac
1331 2797 1480 2848 propria
1511 2810 1577 2834 sua
1607 2798 1643 2833 xi

992 2855 1187 2903 designare
1213 2853 1390 2890 virilitatis
1406 2854 1579 2891 iacturam
1606 2859 1644 2890 et

992 2911 1101 2948 xirilis
1145 2914 1296 2949 naturae
1325 2911 1642 2949 commutationem
