1759 3324
516 250 941 293 EUTERPE.
993 249 1040 287 II.

1316 248 1401 288 6:35

108 365 461 424 Ξταριχευθὲντες
500 363 547 406 ἐν
586 359 810 416 Βουβάστι
842 358 955 403 πόλι.
1005 357 1084 409 τοὶς
1114 356 1159 401 δὲ
1188 354 1327 408 κύνας
1356 356 1403 400 ἐν

80 547 166 594 post
188 542 295 577 vitam
317 538 430 584 ratio,
449 540 489 572 ut
507 536 636 573 eodem
653 547 733 572 mo·-

81 601 150 644 do,
179 609 250 645 quo
276 596 347 644 ipsi
379 593 565 640 homines,
596 593 733 629 conde-

80 658 203 692 rentur
220 664 374 700 cumque
394 650 436 686 iis
457 649 562 685 etiam
574 661 733 686 commu-

80 711 118 748 ni
156 708 334 745 domicilio
376 706 480 756 quasi
509 710 594 756 post
622 705 732 741 vitam

80 767 325 814 iungerentur.
385 764 494 799 Conf.
523 763 652 810 zoega
686 762 733 798 de

82 823 253 859 obeliscc.
288 833 374 870 pag.
405 821 486 860 283
518 832 622 868 seqq.
681 817 736 854 Ac

80 882 294 928 repererunt
312 878 377 913 viri
394 876 491 912 docti
515 876 637 938 utique
656 887 735 911 ma—

82 948 193 985 gnam
240 932 487 971 huiuscemodi
524 932 738 968 muniiarum

84 992 225 1041 copiam
241 1004 320 1053 per·
336 990 454 1027 warias
476 988 557 1025 Aesr
533 989 635 1038 gypti
654 1000 738 1037 par-

83 1052 162 1095 tes,
203 1046 397 1098 praecipue
432 1046 469 1081 in
498 1043 739 1094 Memphiticis

85 1104 296 1153 regionibus
309 1131 319 1149 ‚
350 1103 410 1140 ubi
430 1102 602 1152 plurimae
621 1100 739 1137 avium

87 1173 267 1198 sacrarum
305 1164 388 1196 sunt
424 1158 604 1204 mumiae,
641 1156 741 1194 etin

88 1217 283 1255 Theb-dicis
300 1216 432 1265 cryptis
447 1214 634 1250 Gallorum
652 1226 742 1262 ope-

88 1275 129 1312 ra
145 1273 410 1310 accuratissime
431 1270 632 1321 descriptis.
657 1270 741 1305 vid.

87 1330 248 1378 Rouyer.
281 1329 319 1364 in
354 1328 524 1377 descript.
564 1327 610 1364 de
641 1326 741 1374 l'Eg.

89 1388 165 1424 livr.
184 1386 217 1422 X
248 1399 284 1435 p.
310 1387 390 1426 219
421 1396 499 1432 seq.
531 1387 567 1420 et
585 1383 742 1419 Iomard.

92 1444 114 1480 l.
135 1443 156 1480 l.
175 1443 245 1479 vol.
262 1441 275 1478 l
298 1441 374 1478 livr.
397 1441 429 1477 ll
458 1453 519 1476 sur
537 1439 589 1477 les
606 1440 741 1488 hypog.

91 1501 139 1538 de
157 1499 275 1536 Theb.
296 1502 383 1535 sect.
402 1497 436 1533 X
457 1495 494 1547 ἓ
515 1499 539 1538 8
559 1495 740 1546 pag.347

91 1569 196 1605 seqq.
232 1554 390 1601 (recueil
411 1554 457 1590 de
480 1554 585 1590 mem.
603 1567 639 1602 p.
658 1553 741 1592 313

94 1612 217 1661 seqq.)
235 1611 314 1647 coll.
336 1611 478 1647 Silvest.
501 1611 548 1646 de
570 1610 665 1657 Sacy
694 1608 743 1644 ad

95 1667 277 1706 Abdallat.
308 1681 344 1717 p.
377 1669 469 1708 202.
497 1669 589 1706 277.
646 1663 743 1702 Nam

92 1725 320 1774 reperiuntur
354 1727 390 1760 et
423 1721 679 1772 quadrupedes
709 1724 745 1757 et

39 1795 46 1800 ·
94 1794 179 1818 aves
211 1785 247 1817 et
266 1779 409 1829 reptilia
436 1780 647 1815 mumiaruin
678 1777 746 1813 1111-

94 1849 283 1875 manarum
323 1836 359 1872 in
400 1837 549 1872 modum
579 1834 746 1878 condita3

94 1906 190 1943 quae
217 1893 405 1930 conditura
429 1904 504 1928 non
526 1891 674 1928 inferior
693 1893 748 1926 est

93 1950 279 1988 hominum
310 1948 500 1985 conditura
527 1961 595 1985 nec
631 1946 748 1984 medi-

96 2007 269 2043 camentis
283 2034 293 2052 ,
307 2005 540 2052 aromatibus,
559 2017 626 2041 nec
637 2002 749 2053 opera

96 2063 276 2109 adhibita,
304 2074 423 2110 neque
443 2074 529 2098 vero
548 2059 749 2097 involucro-

96 2132 196 2167 rum,
232 2119 423 2156 fasciarum
457 2122 523 2155 etc.
559 2120 749 2167 praestan-

96 2176 158 2213 tia.
218 2176 317 2219 Quin
351 2175 444 2211 adeo
481 2174 621 2211 obtinet
655 2172 749 2209 inter

97 2232 292 2270 bestiarum
319 2232 470 2268 mumias
490 2231 618 2268 eadem
640 2234 750 2278 atque

99 2288 193 2325 inter
204 2288 377 2325 humanas
404 2287 556 2324 iniunias
579 2286 750 2324 differen-

101 2345 171 2392 tia,
200 2349 239 2381 ut
265 2358 298 2381 v.
319 2358 347 2381 c.
376 2345 533 2381 maximo
555 2348 672 2380 sumtu
692 2355 751 2378 or·

102 2405 344 2450 nameutoque
374 2401 520 2437 condita
551 2401 622 2437 sint
643 2400 752 2436 cada-

102 2469 187 2494 vera
224 2457 333 2494 ibium
373 2462 484 2506 atque
530 2456 749 2506 accipitrum.

102 2511 320 2561 Magnorum
340 2527 425 2551 vero
444 2513 651 2550 animalium
667 2516 754 2549 sunt

104 2581 179 2605 nou
212 2570 352 2618 integra
388 2571 565 2607 cadavera
594 2569 752 2615 condita,

106 2625 171 2662 sed
190 2630 309 2675 partes
328 2627 578 2663 tantummodo
604 2625 755 2675 aliquot,

105 2694 189 2717 ossa
207 2682 418 2732 praecipue,
448 2683 619 2732 imposito
637 2683 757 2732 capite

105 2737 251 2773 factitio.
279 2739 467 2776 Sufficiant
482 2740 584 2786 haec,
603 2752 623 2775 e
641 2738 757 2776 Creu-

108 2793 183 2830 zeri
224 2799 463 2831 commentatt.
512 2795 707 2832 Herodott.
739 2795 756 2832 I

108 2862 145 2899 P·
165 2848 243 2890 147
266 2863 367 2900 seqq·
388 2853 469 2892 163
488 2864 564 2900 seq.
585 2852 756 2902 deprom-

109 2908 194 2956 pta,
222 2906 271 2942 ad
299 2908 555 2946 accuratiorem
582 2908 665 2944 miri
686 2907 756 2944 uti-

801 546 874 583 que
896 532 1006 570 moris
1033 531 1322 580 intelligentiam.
1379 528 1462 566 Alia

803 591 875 626 suis
896 601 1063 639 quaeque
1085 588 1171 624 locis
1194 586 1460 624 adnotabimus.

801 646 943 683 Monuit
972 646 1067 681 idem
1094 644 1136 680 V.
1168 644 1214 681 1).
1247 644 1294 680 de
1331 643 1386 679 his
1424 643 1462 678 in

801 702 956 753 symbol.
980 701 993 737 l
1014 715 1050 750 p.
1073 701 1155 741 478
1186 705 1223 738 et
1245 704 1351 736 antea
1371 711 1463 748 quo-

803 773 874 810 que
897 759 988 796 binis
1019 758 1275 807 scriptionibus
1303 757 1372 792 1106
1404 768 1464 792 ar-

804 820 1012 866 gumentum
1027 818 1238 863 persecutus
1251 827 1288 850 61
1291 817 1327 849 at
1336 812 1464 860 Lang—

805 873 917 922 guth.:
936 871 976 908 (le
994 870 1376 919 bestffwisAaegyptwrum
1388 872 1464 904 sta-

805 931 864 967 dio
889 929 1060 965 conversis
1090 929 1129 964 in
1156 940 1327 972 mumius,
1365 925 1465 962 Vite-

806 988 908 1035 berg.
924 986 1044 1030 1808,
1075 988 1132 1021 et:
1164 983 1205 1020 de
1226 984 1364 1020 muntiis
1382 983 1464 1018 avi-

807 1055 866 1079 um
885 1045 922 1079 in
950 1040 1150 1090 labyrintho
1171 1039 1267 1090 apud
1290 1039 1466 1076 Sacaram

806 1101 970 1149 repertis,
1001 1097 1187 1144 Viteberg.
1212 1097 1332 1136 1803.
1375 1095 1467 1138 Qui-

807 1158 874 1194 bus
896 1155 982 1192 add.
1004 1153 1032 1190 Ι.
1050 1153 1285 1190 Reinhardt.:
1308 1151 1348 1187 de
1362 1153 1466 1201 quin-

810 1225 874 1263 que
909 1222 1044 1248 mamm.
1077 1210 1268 1245 bestiarum
1297 1208 1465 1258 Aegyptt.

808 1268 975 1306 Has-niae
1022 1265 1130 1307 1824
1149 1295 1159 1313 ,
1219 1270 1256 1302 et
1295 1264 1467 1301 Minutoli

808 1324 1021 1372 Nachtriige
1040 1336 1086 1359 zu
1108 1336 1136 1359 s.
1154 1322 1267 1359 Reise
1283 1334 1370 1372 pag.
1382 1321 1465 1362 225

809 1394 912 1431 seqq.

866 1432 1300 1488 ταριχευθέντες]
1321 1432 1470 1471 Adscri-

809 1495 936 1532 bamus
957 1492 1112 1530 Diodori
1130 1492 1246 1528 locum
1277 1491 1316 1538 I,
1346 1492 1399 1531 83
1422 1490 1470 1528 (16

809 1551 864 1588 his
883 1563 962 1588 saci
966 1563 993 1586 15
1015 1548 1194 1586 bestiolis:
1211 1544 1304 1587 όταν
1327 1544 1359 1586 δ’
1374 1543 1470 1586 α’πο·

811 1604 925 1660 finivi]
959 1621 996 1645 τι
1014 1635 1024 1653 ,
1063 1601 1216 1644 σινδόνι
1252 1599 1469 1643 κατακαλύ-

812 1673 940 1714 ψαντε
944 1678 963 1709 ς
1001 1661 1069 1700 καὶ
1104 1655 1182 1713 μετ’
1212 1660 1388 1713 οἰμωΙῆς
1423 1656 1472 1698 τοὶ

814 1715 947 1771 σιήθη
985 1714 1290 1768 καταπληξαμει
1294 1733 1330 1756 οι
1351 1749 1361 1766 ,
1402 1715 1470 1766 φέ-

815 1789 954 1829 ρουσιν
973 1790 1028 1822 εις
1046 1773 1116 1821 τρὶς
1136 1775 1348 1825 ταριχείας·
1370 1772 1471 1812 ἕ-πει

814 1849 862 1873 τα
885 1837 936 1871 &a
941 1830 1144 1884 οαπευθει
1148 1846 1225 1869 των
1256 1826 1390 1869 αὐτῶν
1411 1845 1472 1869 κε-

817 1891 909 1943 ὁοίᾳ
932 1888 999 1928 καὶ
1024 1886 1292 1938 τοὶςδυναμέι
1298 1903 1356 1934 οις
1377 1902 1474 1926 svm-

818 1947 908 1986 δίαν
960 1944 1203 1996 παρέχεσθαι
1244 1943 1313 1983 καὶ
1355 1946 1475 1983 πολυ-

816 1999 980 2055 χρόνιον
1000 2004 1072 2040 τοῦ
1094 2014 1273 2052 σωματος
1290 2013 1474 2052 τηρησιν,

817 2056 1047 2098 θάπτουσιν
1084 2057 1126 2097 ἐν
1159 2058 1285 2109 ἱεραῖς
1312 2053 1475 2106 &rixari-g

817 2117 1038 2155 Invenerunt
1057 2119 1177 2152 autem
1203 2115 1299 2151 docti
1322 2114 1446 2150 Galli
1438 2127 1475 2150 m

818 2173 854 2211 T
857 2173 1012 2210 hebaicis
1034 2172 1246 2208 conditoriis
1266 2171 1398 2208 multas
1412 2170 1476 2220 fe-

818 2230 903 2267 liam
924 2229 1087 2266 mumias.
1126 2228 1209 2266 Vid.
1228 2228 1386 2265 lomard.
1409 2227 1431 2265 l.
1453 2227 1474 2264 l.

818 2291 856 2325 et
873 2291 964 2323 nott.
987 2286 1035 2323 ad
1054 2284 1111 2331 II,
1134 2287 1200 2325 66.

876 2343 917 2382 ἐν
957 2337 1224 2393 Βουβάστι
1265 2335 1383 2390 πόλι]
1418 2340 1478 2378 Ι)6

819 2400 887 2437 hac
907 2400 996 2436 urbe
1013 2399 1083 2435 vid.
1109 2411 1216 2448 supra
1240 2397 1294 2444 Il,
1319 2400 1384 2438 60.
1423 2396 1478 2434 Α6

820 2458 931 2494 refert
953 2457 1021 2493 huc
1041 2456 1139 2492 urbis
1162 2467 1297 2491 nomen
1317 2453 1476 2504 Stepha-

820 2527 887 2550 nus
906 2513 1133 2563 Byzantinus
1164 2512 1230 2548 sub
1256 2524 1348 2558 voc„
1379 2511 1479 2559 quod

815 2570 925 2620 felem
959 2570 1135 2606 denotare
1169 2567 1303 2604 scribit.
1361 2566 1479 2604 Dubi-

822 2631 875 2663 tat
924 2624 1197 2674 quodammodo
1249 2623 1478 2673 Champollio

824 2683 1002 2732 (l’Egypt.
1024 2695 1108 2718 sous
1127 2682 1149 2718 l.
1170 2681 1272 2731 phar.
1292 2680 1326 2717 ΙΙ
1345 2680 1479 2730 p.67),

823 2740 879 2776 cui
899 2752 920 2775 a
939 2739 1083 2775 numine
1099 2736 1328 2786 Aegyptiaco
1346 2748 1480 2773 nomen

822 2796 921 2832 urbis
941 2795 1136 2832 deductum
1158 2807 1238 2831 esse
1255 2792 1479 2830 verisimilius

821 2853 974 2888 videtur.
1014 2850 1073 2887 Ad
1092 2850 1217 2888 felium
1243 2849 1375 2886 cultum
1395 2860 1480 2898 per-

823 2907 939 2945 tinere
957 2908 1117 2954 videtur,
1146 2906 1246 2956 quod
1271 2906 1372 2956 apud
1389 2903 1480 2942 Ovi-
