1768 3315
623 236 929 277 cL10.1.

1332 241 1416 282 271

149 348 399 407 ,,ραχρὴσῃ·
427 347 536 404 μηδὲ
563 345 638 403 ἐμέ
667 362 712 390 τε
740 344 998 403 παραβάλῃ,
1027 346 1102 391 καὶ
1129 346 1292 399 ἄλλους
1322 348 1471 393 ἐλά-9ο

120 436 175 482 7,,
187 445 340 487 μενος,
368 427 411 479 ἐξ
438 425 621 482 ὑστέρης
652 437 723 470 σοι
752 426 902 484 ἑωυτῷ
935 426 1178 485 περιπέσῃς.
1211 427 1318 484 λάβε
1335 428 1416 472 τόν

149 506 402 563 ,,Μανδάνη
431 506 545 550 ἔτεκε
573 507 730 549 παῖδα·
761 505 910 563 φέρων
931 506 976 550 δὲ
998 506 1041 557 ές
1062 510 1272 560 σεωυτοῦ,
1307 505 1412 552 άπό-

152 601 380 641 ,,κτεινον·
411 584 518 641 μετά
553 585 618 636 δὲ,
649 583 803 637 θάψον
830 584 979 644 τρόπῳ
1011 585 1119 644 ὅτεῳ
1150 585 1281 638 αὐτὸς
1311 586 1415 643 βού-

94 657 103 668 ’
121 676 173 719 8,,
183 670 317 710 λεαι.“

352 664 403 707 Ὁ
433 665 479 708 δὲ
507 663 728 722 ἀμείβεται
738 681 747 691 ·

778 659 865 718 „³52
894 669 1098 723 βασιλεῦ,
1129 665 1231 710 οὔτε
1262 664 1412 710 ἄλλοτέ

146 761 244 798 ,,κω
273 746 475 800 παρεῖδες
506 742 634 801 ἀνδρὶ
671 747 782 802 τῷδε
821 745 950 802 ἄχαρι
987 744 1142 799 οὐδὲν,
1192 746 1469 804 ‹wimod-95

145 829 295 882 »μεθα
325 824 372 869 δὲ
401 824 445 876 ἐς
474 824 521 869 σὲ
549 825 622 868 καὶ
652 825 694 877 ἐς
722 824 801 869 τὸν
829 825 1052 882 μετέπειτα
1083 825 1247 883 χρόνον
1277 828 1414 885 μηδὲν

145 904 441 961 »ἐξαμαρτεῖν
475 902 579 948 άλλ’“
596 906 637 949 εἴ
661 922 730 950 τοι
757 906 891 962 φίλον
906 909 1038 950 τοῦτο
1061 905 1175 950 οὕτω
1197 909 1413 963 γίνεσθαι,

142 982 255 1041 ,,χρή
296 983 372 1040 δὴ,
418 985 467 1028 τό
497 1001 545 1041 γε
584 984 713 1041 ἐμὸν,
770 984 1089 1042 ὑπηρετέεσθαι
1127 987 1413 1045 ἐπιτηδέως.“

22 1067 121 1115 109
150 1063 356 1108 Τούτοισι
385 1060 678 1121 ἀμειψάμενος
707 1064 731 1108 ὁ
749 1064 992 1122 Ἅρπαγος,
1022 1064 1081 1117 ὥς
1110 1068 1155 1110 οἱ
1178 1068 1408 1124 παρεδόθη

144 1145 193 1193 τὸ
224 1146 406 1189 παιδίον
434 1144 759 1201 κεκοσμημένον
785 1145 867 1203 τὴν
883 1145 952 1190 ἐπὶ
970 1144 1176 1203 θανάτῳ,
1204 1145 1272 1203 ἤϊε
1289 1149 1405 1191 κλαί-
1464 1147 1555 1233 Ὴξῗζ

1462 1214 1510 1240 po

1463 1215 1557 1268 111011ῐί

88 1322 252 1374 πρῆγμα
265 1333 334 1371 per
350 1319 603 1358 attractionem
623 1331 742 1370 quan-

87 1377 172 1414 dam
182 1377 388 1428 pronomini
396 1375 544 1414 relativo
556 1377 742 1414 adstructo

87 1433 175 1470 ibid.
199 1431 236 1484 ἓ.
257 1432 339 1474 474
358 1446 394 1483 p.
408 1434 501 1474 886.

144 1487 244 1540 μηδὲ
263 1487 330 1540 ἐμέ
353 1503 395 1528 τε
417 1484 652 1543 παραβάλῃ,
673 1486 742 1529 καὶ

87 1542 232 1593 ἄλλους
264 1541 470 1597 ἑλόμενος,
504 1545 545 1594 ἐξ
572 1544 743 1598 υστερῆς

89 1614 153 1642 σοι
173 1601 307 1642 ἕωυτω
334 1601 577 1657 περιπέσῃς]
607 1617 743 1666 παρα-

89 1654 193 1713 βάλῃ
215 1672 295 1696 cum
314 1658 626 1708 wyttenbachio
618 1672 654 1695 ιιι
673 1659 743 1697 Se-

90 1715 187 1752 lectt.
206 1715 287 1752 hist.
307 1728 346 1766 p
373 1715 453 1757 351
482 1720 624 1753 vertere
640 1716 741 1753 licet·

90 1800 115 1820 „
125 1784 187 1808 nec
207 1784 260 1808 me
278 1770 453 1822 deceptum
486 1773 630 1809 οόίίειαε
645 1773 744 1823 peri-

88 1827 205 1864 culo.“
230 1827 401 1877 Namque
416 1824 744 1881 παραβάλλεσθαι

90 1883 198 1922 alibi:
222 1884 382 1934 periculo
399 1898 469 1923 sese
489 1899 665 1935 exponere,
679 1898 744 1936 pe-

87 1940 246 1977 riclitari
256 1957 268 1989 ‚-
306 1942 354 1979 de
392 1955 464 1991 quo
503 1943 657 1979 diximus
693 1943 744 1980 ad

88 1996 273 2034 Plutarchi
304 1997 532 2049 Philopoem.
544 2000 552 2046 ,ἲ
562 2012 649 2050 pag.
674 2000 729 2041 52
737 2026 746 2035 .

90 2075 146 2082 —-
155 2053 277 2091 Verba
292 2050 435 2102 ἄλλους
445 2051 625 2107 ἑλόμενος
634 2055 744 2104 (alios

89 2109 239 2160 eligens)
260 2111 357 2149 idem
370 2111 670 2161 wyttenbachius
682 2125 745 2151 ex-

89 2166 220 2217 plicat:
255 2167 407 2205 aliorum
423 2168 577 2222 αἵρεσιν
588 2198 599 2217 ,
622 2169 744 2220 facti-

90 2235 204 2271 onem,
232 2226 443 2276 suscipiens,
480 2226 566 2263 aliis
593 2225 743 2264 dominis

89 2279 250 2328 studens,
310 2287 571 2333 comparatque
615 2283 743 2320 Xeno-

90 2336 215 2386 phont
231 2337 409 2376 Hellenic.
435 2338 506 2387 ΙΙΙ,
531 2342 568 2387 1,
586 2341 624 2381 2·
640 2339 741 2387 -ἔξ

89 2390 258 2444 ὕστερῆς
273 2393 389 2433 valet:
414 2395 615 2446 postmodo,
634 2400 675 2433 ut
694 2395 741 2444 V,

94 2450 184 2490 106
215 2450 286 2499 VI,
307 2450 374 2492 85.
433 2453 541 2490 Conf.
563 2465 675 2504 supra
692 2453 741 2489 ad

90 2502 131 2552 Ι,
165 2508 218 2547 60
248 2506 370 2545 laudd.
398 2530 448 2536 —
488 2509 530 2546 In
565 2509 741 2560 proximis

93 2561 213 2598 verbis
256 2564 366 2613 vulgo
401 2565 630 2603 desideratur
663 2577 740 2613 σοι,

95 2618 195 2664 quod
210 2620 362 2668 praebet
380 2620 568 2659 Mediceus
587 2622 678 2660 liber
704 2626 741 2660 et

94 2670 187 2708 alius
215 2673 422 2725 Parisinus,
454 2679 627 2728 quodque
647 2679 745 2716 Gro-

95 2727 203 2764 novio
225 2734 263 2767 et
289 2731 534 2783 Wesselingio
550 2735 743 2786 probatum

95 2794 192 2820 nunc
207 2784 245 2822 in
261 2790 360 2827 textu
378 2789 522 2839 legitur.
569 2789 640 2829 Alii
662 2791 744 2829 libri

97 2838 254 2878 offerunt
281 2841 351 2892 συ,
396 2848 496 2896 quod
523 2859 592 2886 nec
623 2848 745 2898 ipsum

98 2893 266 2946 displicet
299 2873 562 2954 W'esselingio,
610 2904 673 2954 qui
706 2903 745 2942 in

1466 1105 1495 1132 ln

809 1323 1002 1369 utramque
1019 1323 1236 1359 structuram
1257 1320 1383 1359 laudat
1394 1320 1471 1361 Ae-

809 1377 922 1414 sehin.
953 1377 1000 1414 de
1032 1376 1131 1414 Fals.
1160 1377 1292 1427 Legat.
1320 1392 1357 1430 p.
1386 1381 1469 1421 311

809 1433 868 1471 ed.
903 1432 1031 1471 Reisk.
1071 1433 1123 1471 Io.
1152 1434 1408 1484 Chrysostom.
1434 1435 1469 1473 V

809 1489 949 1541 p24,
978 1489 1097 1528 B..F
1128 1490 1392 1542 VHp-,831
1421 1492 1466 1529 C.

809 1546 989 1584 Matthiae
1001 1548 1121 1584 denuo
1135 1548 1257 1585 omisit
1269 1560 1346 1595 σοι,
1360 1549 1469 1599 quip-

809 1616 859 1654 pe
883 1616 994 1652 quum
1021 1602 1085 1643 σοὶ
1118 1602 1254 1658 ἑωυτῷ
1281 1605 1468 1643 soloecum

809 1660 985 1697 videatur.
1045 1660 1158 1704 Quod
1184 1646 1270 1698 mi‘hi
1303 1663 1467 1699 nondum

809 1729 960 1767 prorsus
984 1720 1040 1754 est
1063 1730 1298 1766 persuasum,
1332 1719 1394 1767 qui
1424 1718 1468 1755 li-

810 1773 958 1810 brorum
989 1773 1179 1811 meliorum
1215 1775 1467 1813 auctoritatem

810 1829 849 1867 in
864 1829 920 1866 his
941 1842 1088 1879 quoque
1109 1831 1213 1879 sequi
1232 1831 1353 1868 malui.

867 1886 1110 1937 παρεῖδες
1141 1882 1259 1939 ἀνδρὶ
1289 1887 1391 1941 τῷδε
1425 1884 1467 1927 ά-

811 1956 901 1994 χαρι
931 1939 1074 1993 ου’δὲν]
1093 1943 1152 1981 De
1172 1944 1356 1997 παρεῖδες
1377 1944 1456 1993 (iq

812 1998 977 2048 ἐνεῖδες)
1009 2001 1104 2037 conf.
1138 2001 1186 2037 ad
1216 2001 1254 2048 l,
1283 2002 1350 2042 37.
1396 2000 1468 2037 Est

812 2068 959 2105 quoquc
986 2056 1023 2093 in
1041 2056 1098 2093 his
1120 2058 1286 2094 notanda
1305 2057 1468 2108 particu-

810 2111 924 2150 larum
961 2109 1021 2153 οὔ
1030 2127 1081 2152 τε
1102 2135 1160 2141 -
1189 2111 1239 2152 δὲ
1269 2114 1470 2177 oppositio,

811 2170 859 2207 de
889 2182 961 2219 qua
983 2171 1172 2221 praecepit
1210 2170 1400 2208 Werferus
1431 2170 1469 2207 in

810 2224 905 2263 Actt.
924 2226 1022 2291 phill.
1042 2225 1210 2264 Monacc.
1233 2226 1263 2274 I,
1282 2230 1359 2278 2p.
1373 2229 1469 2269 260.

809 2302 867 2311 -
893 2276 949 2321 τό
979 2297 1030 2335 γε
1063 2281 1189 2335 έμον
1233 2283 1290 2331 (,,
1304 2283 1395 2334 quod
1420 2282 1470 2320 ad

809 2350 862 2376 me
883 2342 972 2376 certe
990 2341 1153 2377 attinet“
1166 2341 1184 2389 )
1214 2340 1238 2377 i.
1262 2352 1293 2377 e.
1325 2338 1393 2392 ἐμέ
1411 2353 1468 2393 γε.

809 2395 919 2434 conf.
938 2394 1070 2465 Mam-¹·
1092 2395 1236 2448 §269
1256 2396 1353 2439 285.

1017 2480 1049 2519 C
1063 2493 1085 2518 a
1095 2495 1132 2533 p.
1165 2480 1264 2518 CIX.

867 2559 924 2611 ω’ς
954 2561 998 2604 οἶ
1016 2559 1223 2617 παρεδόθη
1244 2561 1288 2605 τὸ
1305 2563 1471 2605 παιδίον

810 2619 1110 2673 κεκοσμημένον
1120 2618 1195 2672 τὴν
1205 2621 1271 2661 ἐπὶ
1282 2619 1466 2688 θανάτῳ]

810 2676 967 2716 Locutio
994 2674 1051 2729 τὴ
1068 2693 1093 2717 ν
1121 2676 1187 2718 ἐπὶ
1215 2674 1384 2731 θανάτῳ
1407 2692 1471 2717 cur

810 2747 888 2772 non
906 2736 1038 2773 eodem
1057 2736 1135 2773 fere
1159 2736 1271 2773 modo
1299 2720 1469 2787 explicari

811 2792 951 2843 possit,
981 2804 1056 2841 quo
1076 2804 1190 2842 supra
1215 2791 1254 2840 Ι,
1281 2791 1367 2834 67⁷
1355 2790 1469 2842 ε’πεμ-

812 2861 892 2886 πον
930 2862 1022 2900 την
1060 2846 1101 2895 ἐς
1134 2845 1469 2897 θεόν,31115ῳιε

812 2903 901 2943 locis
937 2916 961 2942 a
996 2903 1166 2943 Werfero
1200 2903 1386 2955 congestis
1430 2903 1467 2940 in

1467 1051 1521 1094 55

1514 1104 1611 1132 nmiod

1558 1172 1594 1200 bu

1543 1206 1611 1233 trudi

1560 1240 1613 1268 bue

1587 1139 1631 1167 Mi

1599 1173 1635 1200 bu

1635 1144 1662 1167 tr

1639 1174 1683 1200 ico

1613 1215 1653 1268 nt

1677 1105 1745 1133 affin

1657 1113 1720 1200 'aegid
1723 1140 1748 1167 ιί

1664 1182 1712 1233 lue

1657 1239 1721 1269 riad
1723 1242 1745 1269 t.
