1777 3324
393 258 476 297 876
785 254 1253 295 HERODOTI

365 371 524 418 5,,ται,
555 364 768 409 ἐκλύουσι.
804 366 838 408 εἰ
868 364 950 421 γάρ
981 364 1033 421 δή
1065 363 1142 408 τὸν
1173 363 1314 407 πάντα
1342 362 1506 419 χρόνον
1535 363 1706 406 {vta-60
1767 372 1768 375 ’

392 443 591 498 ,,ταμένα
621 445 708 500 εἴη,
739 444 936 500 ἐκραγείη
966 443 1040 487 ἅν·
1072 443 1179 486 ὥστε
1210 444 1251 494 ές
1280 442 1328 486 τὸ
1360 442 1461 486 δέον
1491 440 1572 485 οὐκ
1594 442 1650 484 ἂν

366 522 566 578 6,,ἕχοιεν
605 523 774 566 αὐτοῖσι
806 528 1006 579 χρῆσθαι.
1050 521 1165 565 οὕτω
1205 522 1258 578 δή
1294 522 1368 564 καὶ
1407 520 1650 575 ἀνθρώπου

391 600 704 654 ,,κατάστασις·
745 603 782 644 εἰ
812 602 956 645 ἐθέλοι
985 599 1369 645 κατεσπουδάσθαι
1399 600 1504 652 αἰεὶ,
1544 600 1651 655 μηδὲ

391 680 471 732 ,,ές
499 683 704 735 παιγνίην
740 679 789 722 τό
831 679 962 735 μέρος
991 679 1155 723 ἑωυτὸν
1199 677 1390 731 ἀνιέναι,
1431 678 1565 723 λάθοι
1594 677 1651 722 ἂν

363 767 417 810 7,,
429 759 524 815 ἤτοι
556 759 725 813 μανεὶς,
755 758 785 813 ἢ
815 757 887 813 ὅγε
914 757 1189 813 ἀπόπληκτος
1217 757 1463 813 γενόμενος.
1494 758 1546 801 τὰ
1565 757 1647 813 ἐγώ
1662 766 1704 800 65

389 835 736 891 ,,έπιστάμενος,
776 836 908 892 μέρος
947 836 1133 892 ἑκατέρῳ
1171 836 1325 889 νέμω.“
1387 840 1533 879 Ταῦτα
1570 837 1650 892 μὲν

233 919 329 963 174
388 915 490 966 τούς
521 916 678 970 φίλους
708 914 931 970 ἀμείψατο.
990 915 1171 969 Λέγεται
1201 913 1246 956 δὲ
1276 911 1300 956 ὁ
1336 913 1540 969 ”Αμασις,
1577 915 1651 958 καὶ

59 983 198 1010 Privatus
223 982 330 1017 adhuc,

59 1017 226 1055 luxuriogns
246 1017 330 1055 etnfu-

59 1058 130 1076 rax:
176 1058 333 1083 imperium
610 1073 620 1089 5
697 1070 707 1086 ‚
819 1076 837 1084 η
1245 1072 1253 1086 r
1378 1069 1388 1085 2
1433 1071 1444 1084 ι
1542 1070 1564 1085 et

60 1084 335 1152 ἷιὲἳὶιζῑιὲερὲιεῶῑὲὶοιῗ
393 1089 510 1129 μων,
551 1090 626 1117 και
655 1075 860 1128 Ουδαμως
899 1074 1333 1127 κατεσπουδασμδνθς
1364 1087 1496 1127 ανηρ·
1538 1087 1650 1122 Οκως

60 1159 132 1185 quos
151 1150 286 1178 coluerit.

389 992 460 1037 ὅτε
489 989 544 1050 ἦν
574 993 769 1049 ἰδιώτης,
812 993 871 1044 ὦς
907 992 1146 1049 φιλοπότης
1184 992 1267 1035 ἐών
1296 992 1369 1035 καὶ
1398 991 1649 1048 φιλοσκώμ-

395 1153 442 1196 δέ
482 1169 558 1208 μιν
593 1152 802 1196 ἐπιλείποι
840 1151 1025 1194 πίνοντά
1073 1167 1116 1194 τε
1165 1151 1238 1194 καὶ
1286 1149 1560 1195 εὐπαθέοντα
1597 1150 1704 1194 τάῗο

361 1230 616 1288 Ξέπιτήδεα,
643 1231 868 1275 κλέπτεσκε
905 1230 960 1273 ἂν
993 1228 1184 1284 περιϊών.
1227 1232 1271 1274 οἱ
1301 1229 1342 1274 δ’
1372 1229 1427 1273 ἄν
1455 1246 1530 1286 μιν
1562 1229 1647 1285 φά-

390 1328 514 1368 μενοι
553 1311 663 1367 ἔχειν
703 1311 755 1354 τοὶ
796 1310 982 1365 σφέτερα
1013 1308 1208 1365 χρήματα
1247 1309 1511 1365 ἀρνεύμενον
1551 1307 1649 1364 ἄγε-

391 1402 498 1435 σκον
529 1391 595 1435 ἐπὶ
624 1389 839 1447 μαντήϊον
879 1389 990 1433 ὅκου
1020 1388 1236 1433 ἑκάστοισι
1267 1392 1351 1447 εἴη·
1401 1387 1541 1433 πολλὰ
1570 1388 1648 1444 μὲν

391 1609 431 1657 ἐς
449 1607 490 1649 τὸ
509 1608 614 1662 δέον]
647 1612 670 1648 i.
693 1624 722 1649 e.
746 1610 883 1661 quando
903 1624 986 1660 opus

334 1672 406 1714 est,
438 1669 531 1704 iusto
552 1671 706 1718 tempore.
744 1669 852 1705 Conf.
873 1668 909 1714 l,
931 1669 985 1708 32

334 1725 458 1773 ibique
482 1728 574 1761 nott.
605 1725 643 1772 Ι,
670 1727 760 1766 119.
783 1726 873 1765 186.

390 1776 511 1818 λάθοι
531 1776 582 1818 ἂν
600 1803 656 1808 ——-
676 1777 896 1833 γενόμενος]
928 1779 986 1817 De

332 1837 431 1874 verbi
454 1832 672 1876 λανθάνειν
695 1842 874 1874 structura
900 1849 981 1873 1110-

332 1894 412 1929 nuit
430 1892 557 1930 Matth.
581 1894 646 1930 Gr.
667 1895 731 1931 Gr.
756 1906 841 1943 pag.
861 1894 982 1939 1083,

331 1950 394 1999 qui
415 1950 512 1986 idem
532 1963 616 2000 pag.
637 1952 717 1992 880
739 1950 858 1998 attigit
880 1962 983 1986 usum

331 2007 556 2056 pronominis
576 2003 640 2058 ὅγε
652 2036 661 2053 ,
693 2007 792 2055 quod
812 2007 849 2042 in
871 2005 983 2042 altero

334 2062 507 2099 orationis
544 2063 707 2100 membro
757 2063 985 2099 abundanter

332 2119 438 2167 quasi
466 2122 635 2170 ponatur.

495 2203 602 2253 Cap.
634 2202 837 2240 chxlv.

420 2284 814 2334 κατεσπουδασμένος
863 2282 983 2335 ἀνήρ]

335 2339 463 2378 Monet
486 2340 749 2389 WVesselingius
774 2342 821 2377 de
848 2341 984 2378 Proco-

332 2397 395 2447 pio
424 2397 516 2433 hanc
547 2396 765 2433 locutionem
795 2408 838 2433 ex
863 2397 983 2433 Hero-

333 2453 412 2490 doti
463 2453 663 2490 imitatione
716 2453 983 2500 frequentante,

333 2508 417 2546 bell.
453 2508 554 2546 Pers.
584 2508 639 2556 II,
675 2510 711 2549 8.
749 2507 830 2545 bell.
864 2508 981 2544 Vand.

334 2564 390 2613 ΙΙ,
423 2564 462 2604 4.

391 2617 496 2666 ὅκως
514 2618 556 2659 δέ
571 2635 638 2669 μιν
660 2619 853 2659 ἐπιλείποι
870 2614 983 2656 -toi

333 2671 534 2726 ἐπιτήδεα]
564 2676 623 2714 De
642 2675 855 2715 ἐπιλείπειν
878 2674 981 2722 (aus-

331 2732 459 2781 gehen,
488 2737 528 2769 ut
547 2745 615 2769 nos
635 2733 805 2778 dicimus)
824 2732 894 2767 iam
923 2744 983 2767 su-

332 2801 399 2838 pra
417 2788 592 2825 monitum
617 2800 661 2825 ex
684 2787 840 2825 Werferi
859 2787 982 2836 dispu-

333 2847 398 2881 tat.
419 2844 457 2880 in
478 2847 562 2880 actt.
585 2843 683 2894 phill.
705 2842 869 2880 Menace.
898 2841 935 2888 Ι,
959 2845 977 2881 1

333 2911 419 2948 pag.
452 2900 517 2940 86.
598 2899 671 2936 Pro
711 2895 758 2937 τοὶ
798 2893 982 2948 ἐπιτήδεα

1053 1610 1265 1659 (necessaria
1293 1621 1466 1659 quaeque,
1495 1608 1543 1644 ad
1572 1607 1703 1644 victum

1053 1668 1212 1715 scilicet)
1244 1666 1350 1715 vulgo
1390 1662 1438 1703 τοὶ
1464 1659 1701 1714 ἐπιτήδεια.

1053 1724 1145 1761 Illud
1189 1723 1300 1760 dabat
1331 1721 1561 1759 Florentinus
1598 1720 1700 1767 liber,

1055 1781 1190 1816 dudum
1209 1779 1387 1829 probante
1408 1778 1527 1815 Koen.
1549 1777 1596 1812 ad
1608 1776 1703 1813 Gre-

1050 1849 1127 1885 gor.
1155 1838 1239 1874 Cor.
1259 1836 1305 1872 de
1327 1834 1410 1871 dial.
1430 1834 1507 1871 Ion.
1526 1830 1562 1883 ξ.
1580 1832 1645 1873 45.

1107 1918 1313 1958 κλέπτεσκε
1333 1913 1410 1964 ἂν]
1449 1917 1507 1955 De
1526 1930 1597 1953 usu
1619 1928 1705 1966 par-

1053 1977 1184 2013 ticulae
1204 1972 1254 2014 ἒίν
1277 1976 1315 2011 in
1338 1975 1437 2011 hisce
1462 1975 1533 2010 iam
1549 1973 1703 2009 vidimus

1052 2033 1091 2080 Ῑ,
1116 2034 1181 2074 42.
1205 2034 1295 2073 196.
1333 2030 1391 2068 De
1410 2028 1609 2080 imperfecti
1629 2029 1705 2065 for-

1055 2116 1114 2140 ma
1140 2104 1176 2139 in
1196 2115 1292 2140 σκον
1307 2102 1380 2138 vid.
1398 2100 1437 2148 Ι,
1459 2102 1525 2141 36.
1549 2102 1628 2140 100
1649 2102 1705 2136 at-

1055 2173 1126 2208 que
1149 2158 1280 2195 Matth.
1309 2158 1373 2194 Gr.
1395 2157 1460 2193 Gr.
1489 2154 1526 2206 ᾗ.
1551 2158 1629 2196 199
1652 2155 1701 2191 in.

1055 2216 1218 2252 Pertinet
1242 2214 1312 2250 huc
1341 2225 1486 2261 quoque
1511 2213 1549 2247 in
1577 2223 1700 2260 seqq.:

1053 2269 1121 2309 καὶ
1137 2269 1316 2321 ἡλίσκετο
1336 2267 1638 2316 quemadmodum
1657 2279 1702 2304 ex

1051 2327 1212 2376 priorum
1225 2326 1403 2362 editorum
1418 2323 1621 2360 coniectura
1632 2336 1700 2373 pro

1050 2382 1299 2431 κατηλίσκετο
1326 2392 1421 2416 nunc
1448 2380 1582 2416 editum
1610 2378 1701 2428 legi-

1050 2442 1129 2483 tur,
1162 2450 1183 2472 a
1204 2435 1544 2484 Schweighaeusero
1579 2436 1700 2472 denuo

1050 2494 1272 2528 immutatum
1292 2492 1328 2527 in
1346 2490 1411 2529 καὶ
1432 2489 1609 2530 ἇλίσκετο
1642 2491 1699 2537 (in

1050 2549 1144 2585 binis
1168 2549 1262 2585 enim
1282 2547 1380 2584 libris
1408 2553 1526 2584 exstat
1544 2546 1700 2585 καταλί-

1053 2619 1197 2663 σκετο),
1217 2618 1316 2666 quod
1332 2618 1542 2668 imperfecta
1553 2618 1590 2654 in
1604 2632 1700 2658 σκον

1049 2675 1204 2711 formata
1224 2679 1420 2722 augmento
1441 2678 1600 2710 careant.
1620 2674 1702 2712 Nec

1049 2735 1171 2767 tamen
1193 2742 1336 2779 semper
1355 2730 1453 2766 istud
1470 2729 1545 2766 fieri
1557 2758 1567 2776 ‚
1596 2733 1702 2780 patet

1051 2799 1093 2823 ex
1114 2785 1282 2834 exemplis
1314 2797 1336 2821 a
1363 2783 1496 2821 Matth.
1519 2784 1542 2821 l.
1562 2784 1584 2820 l.
1613 2786 1701 2823 alla-

1049 2842 1106 2878 tis.
1192 2842 1427 2891 Quapropter
1474 2840 1701 2890 reliquimus:

1050 2895 1117 2936 καὶ
1145 2894 1339 2947 ἡλίσκετο.
