1759 3324
363 291 448 332 476
755 288 1236 329 HERODOTI

359 400 551 444 ἐποιέετο
582 401 920 457 στρατηλασίην,
975 398 1132 450 ἄλλους
1161 414 1205 442 τε
1235 396 1504 453 παραλαβών
1533 398 1620 440 τῶν

357 475 479 538 ἦρχε,
510 480 581 523 καὶ
613 480 665 535 δὴ
693 480 767 523 καὶ
791 477 1027 534 Ἑλλήνων,
1057 481 1145 520 τῶν
1175 474 1409 530 ἐπεκράτεε.

267 564 299 608 2
474 560 528 602 Οἱ
554 558 598 601 δὲ
618 557 874 613 Αἰγύπτιοι,
909 558 1013 611 πρὶν
1034 557 1112 612 μὲν
1132 556 1159 612 ἢ
1182 558 1455 612 Ψαμμίτιχον
1475 553 1622 611 σφέων

29 627 190 663 Aegyptios
209 627 301 662 origi-

27 663 72 687 nis
86 662 265 696 antiquitate
283 669 302 688 a

26 695 194 730 Phrygibus
214 695 304 728 vinci,
414 717 423 729 Ι
584 714 594 729 ‚
715 714 724 727 r
870 714 881 729 9
995 714 1003 727 ,
1069 716 1078 727 ,
1265 717 1274 730 ,
1586 712 1595 724 ι

25 732 305 790 ἓὲιθᾛὴῧὲιςυωωιο
333 726 540 760 Ξπαντων
570 720 832 768 ανθρωπων.
865 717 1009 770 επειδη
1040 717 1084 758 δε
1122 719 1389 771 Ψαμμιτιχος
1419 718 1619 771 βασιλευ-
1635 718 1678 752 15

359 642 634 695 βασιλεῦσαι,
696 636 896 691 ἐνόμιζον
944 635 1133 686 ἑωυτούς
1181 637 1381 691 πρώτους
1417 634 1622 690 γενέσθαι

356 808 435 846 σας
463 793 648 849 ἠθέλησε
677 793 838 837 εἰδέναι
869 795 915 836 οἴ
940 809 1051 843 τινες
1079 795 1278 848 γενοίατο
1309 797 1492 848 πρῶτοι,
1535 790 1618 835 dno*

358 872 518 916 τούτου
547 873 774 928 νομίζουσι
805 871 983 927 Φρύγας
1011 871 1255 927 προτέρους
1287 872 1487 927 γενέσθαι
1513 870 1620 913 ἑωυ-

329 955 472 1004 3τῶν,
517 953 604 994 τῶν
643 951 689 995 δὲ
727 951 872 995 ἄλλων
910 950 1112 1003 ἑωυτούς.

301 1141 393 1178 haec
409 1139 621 1190 adscripsit:
647 1167 670 1185 ‚,
683 1137 791 1175 Conf.
804 1137 954 1176 Homer.

304 1198 378 1234 Od.
406 1196 533 1244 XVII,
563 1196 643 1236 448
672 1195 758 1243 ibiq.
784 1194 953 1232 Eustath.

304 1266 390 1304 pag.
410 1254 514 1299 641,
545 1254 596 1293 18
628 1263 731 1299 seqq.
762 1255 798 1287 et
817 1252 953 1300 Odyss.

304 1309 412 1357 XIV,
441 1309 524 1350 246
555 1321 633 1346 cum
659 1307 841 1357 Apollonii
862 1307 951 1345 Lex,

302 1365 454 1404 Homer.
478 1378 563 1416 pag.
585 1365 639 1406 52
659 1377 736 1412 seq.
757 1364 814 1401 ed.
827 1363 953 1402 Toll.“

360 1424 441 1460 τῶν
462 1417 695 1472 ἐπεκράτεε]
717 1419 954 1471 ἐπικρατεῖν,

303 1482 476 1519 monente
494 1476 777 1527 W'yttenbachio
790 1476 957 1525 (Selectt.

303 1536 461 1572 Historr.
479 1547 565 1586 pag.
586 1534 688 1581 370)
704 1546 778 1569 non
799 1537 874 1570 tam
893 1535 959 1570 im-

298 1604 443 1643 perare,
474 1604 584 1642 quam
615 1591 753 1640 insuper
778 1591 957 1640 imperare.

528 1731 560 1768 c
579 1730 739 1781 ap.11.

361 1814 403 1857 οἱ
431 1813 475 1856 δὲ
500 1810 735 1868 Αἰγύπτιοι,
764 1813 860 1867 πρὶν
886 1811 957 1865 μὲν

302 1869 333 1925 ἢ
349 1873 596 1924 Ψαμμίτιχον
620 1870 753 1921 σφέων
775 1873 957 1922 βασιλεῦ-

305 1929 392 1981 σαι]
432 1929 680 1980 Ψαμμίτιχον
691 1927 853 1978 plerique
875 1928 955 1964 libri

304 1988 483 2033 offerunt,
524 1998 616 2035 quos
648 1997 728 2021 cum
751 1985 955 2032 Schweigh.

305 2047 343 2080 et
362 2042 479 2079 Gaisf.
496 2042 606 2079 secuti
629 2053 749 2077 sumus
761 2069 772 2087 ,
791 2053 958 2090 praeser-

304 2099 370 2135 tim
385 2111 466 2135 cum
484 2097 522 2145 I,
542 2098 621 2138 105
639 2097 677 2132 in
695 2096 822 2133 eadem
834 2096 957 2134 lectio-

304 2167 354 2192 ne
369 2167 495 2190 omnes
514 2153 723 2202 conspirent
738 2152 829 2189 libri.
886 2151 958 2189 Alii

305 2210 474 2248 hocloco
501 2209 660 2246 offerunt
685 2203 956 2259 Ψαμμήτιχος,

303 2266 403 2304 unde
431 2265 540 2313 vulgo
573 2265 745 2302 exhibent
791 2261 956 2316 Ψαμμή-

304 2337 434 2373 τιχον,
474 2321 633 2359 editione
661 2320 793 2357 Aldina
819 2334 959 2372 propa-

303 2384 441 2429 gatum.
499 2376 598 2414 Nam
633 2373 890 2428 Ψαμμήτιχος
919 2378 956 2415 in

304 2434 526 2473 nominativo
561 2438 658 2470 stare
686 2434 834 2482 nequit,
864 2434 958 2470 iudi-

306 2496 412 2529 cante
440 2489 682 2538 Wesselingio
712 2494 750 2527 et
782 2489 956 2527 Dorvillio

304 2549 355 2585 ad
372 2546 558 2584 Chariton.
590 2560 626 2597 p.
648 2548 728 2587 231
759 2545 816 2583 ed.
849 2546 953 2596 Lips.

304 2603 428 2655 Ipsam
449 2603 661 2652 scripturam
690 2605 812 2652 Ψαμμ
823 2602 838 2640 ι’
849 2618 955 2653 τιχον

307 2661 395 2711 (pro
422 2654 699 2710 Ψαμμήτιχον)
717 2660 753 2695 in
773 2660 956 2707 sequenti-

306 2717 375 2754 bus
397 2715 473 2763 (ΙΙ,
494 2715 570 2756 151
591 2717 688 2764 seq.)
707 2727 853 2764 quoque
872 2716 957 2753 reti-

305 2773 472 2819 nuimus,
501 2784 550 2810 ne
573 2772 818 2809 inconstantes
851 2773 956 2810 nobis

306 2830 531 2874 videremur3
559 2829 659 2878 quod
678 2828 788 2866 semel
809 2827 866 2866 hic
890 2841 956 2865 no-

307 2890 407 2923 tasse
438 2885 603 2922 sufficiat.
658 2884 739 2922 Alia
765 2885 837 2922 vid.
856 2886 955 2936 apud

306 2941 592 2991 VVesselingium
610 2940 659 2979 ad
688 2939 800 2979 Diod.
830 2941 869 2991 Ι,
890 2944 956 2985 66.

1180 952 1446 1007 Ψαμμίτιχος
1486 950 1532 994 δὲ
1562 946 1621 1000 ὦς

1024 1138 1230 1175 Tzschuck.
1264 1139 1311 1175 ad
1333 1138 1513 1188 Pompon.
1537 1135 1624 1174 Mel.
1642 1135 1675 1172 V

1021 1209 1058 1245 Ρ-
1081 1197 1174 1236 288.
1190 1218 1245 1222 —
1274 1195 1386 1239 Quod
1413 1195 1460 1232 ad
1480 1195 1599 1245 ipsum
1617 1205 1676 1229 ar-

1023 1256 1233 1300 gumentum
1266 1252 1412 1298 attinet,
1463 1251 1568 1287 huius
1605 1249 1674 1286 loci

1021 1321 1095 1344 non
1118 1313 1172 1345 est
1195 1307 1579 1357 quaerere,Aegyptii
1598 1307 1675 1343 iure

1020 1369 1140 1401 utrum
1157 1365 1208 1401 ita
1235 1365 1468 1414 praedicent,
1499 1377 1537 1401 se
1559 1361 1675 1400 omni-

1022 1434 1082 1457 um
1102 1420 1306 1458 mortalium
1327 1434 1410 1458 esse
1427 1421 1584 1471 primos,
1607 1431 1674 1456 nec

1023 1490 1093 1522 ne3
1121 1476 1208 1513 illud
1231 1491 1317 1515 vero
1344 1482 1554 1524 teneamus,
1582 1475 1675 1512 hanc

1024 1538 1121 1571 certe
1149 1538 1375 1571 constantem
1410 1533 1525 1570 videri
1560 1532 1675 1569 fuisse

1025 1590 1234 1640 opinionem
1257 1589 1544 1640 Aegyptiorum,
1571 1588 1676 1625 testi-

1026 1646 1095 1683 bus
1122 1650 1283 1684 veterum
1318 1648 1365 1684 de
1395 1645 1565 1695 Aegypto
1588 1644 1676 1681 scri-

1024 1702 1200 1753 ptoribus.
1229 1703 1325 1740 Hinc
1337 1704 1490 1740 Cosmes
1509 1705 1545 1739 et
1556 1701 1677 1737 Cnos-

1027 1773 1087 1796 sus
1100 1789 1110 1806 ‚
1132 1760 1193 1809 qui
1210 1759 1256 1796 de
1269 1759 1438 1809 Aegypto
1457 1763 1566 1807 atque
1586 1756 1676 1794 Asia

1026 1817 1245 1866 scripserant
1289 1815 1421 1863 libros,
1472 1814 1675 1864 Aegyptios

1023 1874 1184 1909 omnium
1225 1871 1441 1922 populorum
1481 1884 1563 1908 esse
1589 1882 1676 1907 nar-

1023 1933 1105 1965 rant
1141 1928 1410 1977 antiquissimos
1450 1927 1675 1975 Thebasque

1022 1985 1222 2035 principem
1261 1985 1385 2022 urbem
1428 1985 1467 2020 in
1502 1984 1674 2032 Aegypto

1024 2041 1216 2077 conditam.
1274 2040 1355 2078 Nec
1379 2040 1483 2078 aliter
1511 2040 1675 2077 tradide-

1024 2102 1107 2133 runt
1145 2096 1307 2134 Nicanor
1326 2127 1337 2145 ‚
1392 2095 1673 2143 Archemachus,

1023 2153 1170 2203 Hippys
1182 2182 1192 2200 ‚
1222 2153 1439 2203 Xenagoras
1452 2181 1462 2200 ,
1479 2153 1540 2203 qui
1555 2153 1673 2203 primo

1025 2209 1288 2247 Chronicorum
1309 2210 1400 2247 libro
1413 2210 1579 2248 evincere
1598 2214 1675 2247 stu-

1025 2265 1172 2313 duerat,
1202 2279 1276 2303 non
1308 2267 1474 2315 Phryges
1505 2267 1571 2304 sed
1599 2265 1674 2303 Ae-

1023 2322 1169 2372 gyptios
1198 2324 1335 2372 primos
1366 2324 1477 2361 fuisse
1503 2321 1673 2360 omnium.

1023 2378 1078 2414 lta
1122 2384 1218 2416 certe
1258 2379 1450 2417 Scholiast.
1501 2378 1671 2430 Aponon.

1022 2433 1142 2471 Rhod.
1165 2436 1212 2472 ad
1237 2436 1300 2483 IV,
1320 2439 1413 2477 262.

1081 2487 1261 2540 ἐνόμιζον
1293 2489 1464 2539 ἕωυτοΰς
1486 2513 1542 2535 -.·
1567 2489 1672 2544 γενέ-

1025 2546 1144 2598 σθαι]
1175 2548 1325 2586 Praeter
1341 2562 1477 2587 morem
1497 2549 1673 2586 accusati-

1022 2616 1105 2640 vum
1133 2605 1368 2652 (nominativi
1390 2605 1496 2654 loco)
1519 2619 1598 2644 cum
1615 2605 1672 2642 in-

1022 2660 1158 2697 finitivo
1176 2662 1234 2698 hic
1253 2662 1384 2710 posuit.
1422 2661 1481 2699 De
1507 2675 1579 2712 quo
1601 2661 1670 2698 Cr.

1022 2716 1146 2754 laudat
1180 2717 1387 2755 Heindorfii
1437 2719 1586 2768 disputt.
1623 2718 1672 2755 ad

1023 2772 1164 2810 Platon.
1200 2773 1417 2822 Euthydem.
1461 2787 1548 2825 pag.
1587 2773 1672 2815 414

1024 2842 1126 2878 seqq.
1186 2829 1247 2867 Tu
1272 2831 1366 2867 conf.
1391 2831 1500 2868 etiam
1527 2830 1670 2869 Herod.

1020 2885 1060 2934 Ι,
1082 2887 1174 2927 171.
1188 2908 1243 2914 -—
1257 2880 1339 2926 οἷπό
1353 2882 1497 2926 τούτου
1514 2887 1552 2926 in
1565 2899 1671 2938 seqq.

1022 2946 1099 2981 est:
1127 2942 1172 2981 ab
1187 2956 1224 2981 eo
1242 2942 1321 2982 inde
1339 2946 1496 2995 tempore.
