1768 3315
12 375 80 422 94

610 249 913 291 cL101
1313 252 1397 294 239

137 444 211 487 καὶ
228 441 445 498 Ἕλληνες·
474 440 606 496 χωρὶς
634 438 663 496 ἢ
691 439 759 483 ὅτι
788 438 840 482 τοὶ
871 437 1013 495 θήλεα
1035 436 1162 482 τέκνα
1177 454 1397 494 καταπορ-

134 521 324 565 νεύουσι.
379 523 544 574 πρῶτοι
575 519 621 563 δὲ
651 516 924 574 ἀνθρώπων,
971 520 1062 560 τῶν
1094 515 1217 574 ἡμεῖς
1252 518 1390 573 ἴδμεν,

133 599 322 656 νόμισμα
349 602 517 656 χρυσοῦ
545 599 621 643 καὶ
649 596 849 655 ἀργύρου
874 596 1118 654 κοψάμενοι
1137 595 1389 655 ἐχρήσαντο·

78 830 159 855 eum
180 817 247 854 fuit
264 816 390 856 lacum.
419 818 522 856 Vidit
543 816 731 857 Chandle-

76 885 138 910 rus
163 874 279 912 laeum
310 880 346 913 et
373 876 494 913 ruinas
522 876 620 913 haud
643 888 730 926 pro-

77 931 132 968 cul
152 931 253 969 sitas.
294 931 324 969 C
331 945 359 968 r.
378 932 500 969 laudat
518 932 669 970 Homer.
690 931 730 968 ll.

76 985 131 1034 11,
161 989 242 1029 863
274 989 398 1038 ibique
425 989 545 1037 Heyn.
576 988 654 1026 coll.
682 988 730 1025 ad

78 1043 170 1092 XX,
192 1047 286 1086 391.
317 1046 436 1082 Strab.
457 1045 544 1083 Xlll
570 1059 606 1096 p.
635 1046 730 1091 626,

77 1099 121 1137 Β.
152 1104 255 1148 627,
277 1101 309 1138 Β
323 1130 334 1148 ,
363 1114 436 1150 quo
462 1102 499 1138 in
516 1101 595 1138 loco
615 1102 729 1139 citan-

76 1160 135 1193 tur
161 1170 256 1207 quae
285 1158 384 1208 apud
414 1157 643 1196 Herodotum
671 1157 729 1194 hic

77 1212 256 1262 leguntur.
324 1214 432 1251 Conf.
480 1215 636 1252 eundem
674 1213 728 1251 XI

79 1274 166 1307 extr.
185 1264 436 1317 -οἷείναος,
475 1271 592 1319 qualis
626 1270 726 1308 locus

77 1325 147 1364 iste
166 1339 187 1363 a
214 1325 330 1375 Lydis
354 1327 595 1376 praedicatur,
624 1325 730 1364 Lati-

76 1395 204 1419 norum
225 1386 280 1419 est
293 1385 453 1432 perennis
465 1412 476 1430 ‚
495 1395 537 1420 ac
551 1382 660 1433 vulgo
681 1383 728 1420 de

76 1439 193 1476 fluviis
214 1439 364 1486 dicitur,
394 1443 434 1476 ut
456 1439 550 1476 infra
576 1438 616 1486 I,
646 1438 726 1480 145

75 1491 247 1546 ποταμὸς
267 1490 436 1542 α’ένναος
454 1496 558 1545 (nam
578 1496 629 1533 sic
647 1495 728 1532 libri

75 1552 266 1601 offerunt),
294 1552 448 1602 aliisque
475 1552 565 1590 locis
586 1552 726 1589 similia.

75 1607 172 1645 Hinc
192 1609 359 1646 Ciceroni
380 1609 427 1647 de
446 1622 486 1647 re
505 1609 603 1659 publ.
630 1609 677 1656 ΙΙ,
700 1607 725 1649 5

76 1664 223 1702 Tiberis
241 1668 297 1702 est
319 1667 480 1716 perennis
508 1666 650 1712 amnis3
679 1665 728 1701 ad

76 1734 186 1770 quem
230 1720 346 1758 locum
390 1721 496 1772 plura
534 1722 642 1759 etiam
681 1722 728 1758 de

77 1777 219 1815 Graeco
228 1777 403 1815 vocabula
411 1778 605 1828 adscripsit
614 1778 729 1815 Creu-

75 1846 181 1872 zerus
205 1845 290 1884 pag.
318 1833 411 1876 214.
470 1833 609 1871 Vocula
635 1835 730 1885 ipsa,

75 1891 275 1940 composita
298 1903 341 1928 ex
365 1886 428 1930 οἷεὶ
461 1894 498 1928 et
527 1886 634 1940 νοῖω,
663 1889 730 1927 At-

73 1948 152 1985 ticis
196 1948 371 1984 formatur
426 1941 588 1995 οἷείνωςς
652 1950 727 1984 not.

73 2003 282 2042 Buttmann.
339 2004 554 2041 Grammatt.
602 2004 729 2041 maior.

74 2073 112 2112 p.
122 2060 204 2103 250
223 2064 259 2098 et
273 2059 405 2098 Matth.
427 2059 464 2112 ἓ.
488 2058 569 2102 124
581 2073 620 2112 p.
633 2059 729 2102 247.

260 2144 292 2182 c
308 2157 330 2182 a
344 2158 382 2196 p.
411 2143 546 2183 XCIV.

128 2251 184 2258 —-
201 2227 392 2282 χρέωνται
421 2227 489 2268 καὶ
512 2224 726 2280 1”11ἶιῖ.]1.ηνες]

74 2284 162 2324 Νοιι
188 2286 397 2337 scripsimus
420 2284 623 2338 χρέονται,
653 2299 727 2336 quo

75 2346 197 2380 tamen
217 2343 417 2380 inclinabat
439 2342 580 2379 animus
611 2343 681 2391 (cf.
695 2342 725 2390 I,

75 2399 163 2448 34),
202 2399 375 2448 quoniam
398 2398 495 2435 nullo
527 2400 638 2437 modo
669 2400 728 2437 hie

76 2466 100 2491 a
116 2455 261 2504 vulgata
283 2456 457 2493 recedunt
485 2454 578 2493 libri.
616 2456 725 2493 conf.

75 2508 205 2548 Matth.
223 2509 260 2562 ἓ.
273 2514 324 2552 11
343 2524 430 2562 pag.
450 2512 582 2553 51.—
598 2511 726 2549 Proxi-

76 2578 173 2603 mum
191 2566 258 2606 καὶ
280 2571 405 2617 atque,
435 2581 537 2618 quam
556 2572 643 2619 post
659 2581 726 2605 vo-

78 2621 205 2659 cabula
230 2623 470 2661 similitudinis
490 2625 579 2661 satis
597 2628 724 2662 notum

78 2689 100 2714 e
118 2676 239 2726 Viger.
259 2680 388 2728 p.522
403 2685 440 2718 et
449 2679 628 2732 Matth.§.
640 2683 724 2723 620

76 2743 163 2782 pag.
193 2735 310 2776 1258.
339 2736 446 2773 Conf.
463 2737 502 2783 I,
520 2736 586 2778 35.
615 2736 726 2774 Plura

76 2787 208 2826 Struve
230 2790 385 2840 Specim.
413 2793 565 2837 Quaest.
585 2793 726 2832 Herod.

76 2855 114 2894 p.
135 2844 187 2884 25
207 2857 283 2894 seq.

134 2897 253 2952 χωρὶς
267 2897 297 2953 ἢ
317 2897 375 2944 ὅτι
394 2900 442 2944 τοὶ
461 2898 591 2957 θήλεα
608 2903 727 2945 τέκνα

248 363 386 407 Λυδοὶ
414 362 460 406 δὲ
486 356 662 416 νόμοισι
696 358 776 415 μὲν
804 359 1148 415 παραπλησίοισι
1176 357 1385 416 χρέωνται
1397 365 1526 404 55Lyd1
1546 371 1648 431 2¹³³ss
1673 379 1725 399 au-

1568 413 1661 438 areng
1645 409 1727 434 ntum

1451 436 1499 469 aig
1502 445 1597 464 nnnnn
1600 442 1627 465 ι·
1621 459 1628 466 .
1640 439 1727 480 primi

1449 477 1604 529 cauponas
1644 478 1727 513 meu:

1447 505 1479 562 iu
1465 511 1535 563 Ἥ,
1523 508 1631 564 1η«ιίιίιιι
1634 514 1728 573 ἐπὲηὲ

1447 570 1549 597 nerisi
1553 578 1628 597 nnnnn
1632 575 1729 633 eruult.

1448 602 1550 637 Lymlr
1554 605 1687 631 nomme}

1447 612 1503 663 suyb

1451 670 1536 704 Atyis

1568 637 1634 677 'l'yr
1620 614 1707 665 rrheli
1692 647 1729 666 no

1558 671 1642 710 regin
1666 671 1729 699 filio

1450 703 1490 731 du
1493 708 1542 732 cta
1557 704 1590 732 in
1612 704 1728 733 Umbri-

1449 745 1511 767 am·

797 812 1161 869 καταπορνεύουσι]
1182 814 1453 872 καταπορνεύ-

800 885 890 912 ουσι
905 872 1022 923 (quod
1044 887 1236 925 perperam
1251 880 1453 915 verterant:

801 932 909 967 vitam
929 933 1159 968 meretriciam
1181 934 1329 981 agunt),
1357 946 1454 971 nunc

798 987 928 1024 rectius
956 988 1136 1025 reddunt:
1173 991 1268 1025 vitae
1295 992 1452 1027 meretri-

798 1045 875 1080 ciae
894 1043 1052 1081 trallunt.
1110 1045 1344 1093 SicinfraI,
1369 1049 1450 1088 196

796 1103 906 1148 atque
927 1099 1090 1137 Thomas
1109 1100 1287 1150 Magister
1305 1116 1342 1153 p.
1366 1104 1450 1144 376

797 1155 1000 1206 explicans:
1040 1156 1096 1203 εἰς
1126 1157 1317 1210 πορνείαν
1346 1157 1449 1200 ἔκδι-

797 1207 924 1252 δόναι.

851 1282 1002 1319 πρωτοι
1017 1265 1059 1307 δὲ
1070 1262 1304 1338 ἆνθρωπων
1315 1286 1451 1312 -νο-

795 1335 921 1375 μισμα
970 1327 1120 1377 χρυσοῦ
1158 1325 1225 1365 καὶ
1273 1322 1452 1380 ἀργύρου

794 1376 1023 1431 κοψαμενοι
1052 1377 1294 1435 ἐχρήσαντο]
1345 1385 1452 1433 Sunt,

795 1438 858 1487 qui
892 1438 1099 1476 Phidonem
1134 1438 1356 1489 Argivorum
1394 1445 1453 1490 ty-

794 1507 948 1531 rannum
966 1496 1120 1545 primum
1137 1500 1321 1534 monetam
1338 1495 1454 1547 Aegi-

795 1563 865 1588 nae
884 1552 1088 1589 cudendam
1109 1565 1255 1591 curasse
1274 1558 1450 1602 statuant,

795 1619 892 1644 anno
914 1609 995 1649 869
1021 1620 1054 1645 a.
1080 1608 1166 1645 Chr.
1192 1622 1228 1646 n.
1285 1610 1346 1648 De
1375 1623 1449 1660 quo

795 1663 961 1701 Phidone
997 1664 1078 1714 ipse
1107 1664 1320 1703 Herodotus
1353 1679 1450 1705 non-

795 1719 894 1756 nulla
921 1721 1044 1771 prodit
1080 1720 1153 1768 VI,
1185 1724 1286 1770 177,
1339 1736 1450 1773 quem

798 1780 922 1813 tamen
950 1777 1090 1814 veriora
1123 1776 1181 1814 hic
1209 1780 1354 1818 tradere
1381 1793 1451 1830 pu-

798 1836 878 1869 tant
898 1834 944 1870 de
973 1838 1121 1872 moneta
1147 1835 1314 1872 cudenda
1333 1848 1355 1872 a
1371 1835 1451 1886 Ly-

799 1889 857 1926 dis
884 1889 1042 1926 inventa.
1103 1890 1208 1934 Quae
1238 1892 1335 1929 enim
1362 1892 1451 1930 Plu-

797 1945 942 1983 tarchus
962 1946 1009 1983 de
1028 1947 1147 1983 numis
1169 1960 1190 1984 a
1211 1947 1360 1986 Theseo
1386 1963 1451 1986 cu-

798 2002 848 2038 sis
876 2006 912 2039 et
926 2002 1030 2039 bovis
1052 2003 1176 2052 effigie
1197 2004 1351 2053 signatis
1362 2018 1451 2055 pro-

798 2059 933 2096 diderit
961 2058 1053 2108 (Vit.
1071 2059 1185 2098 Thes.
1208 2074 1264 2111 cp.
1285 2059 1369 2112 [24]
1394 2061 1450 2104 25

797 2128 884 2166 pag.
907 2116 978 2164 11)
1009 2129 1053 2153 ea
1082 2116 1129 2153 ab
1159 2118 1258 2154 omni
1280 2117 1451 2156 historia-

796 2184 875 2209 rum
893 2172 967 2210 fide
996 2177 1034 2210 et
1059 2173 1112 2210 rei
1140 2173 1366 2223 antiquariae
1390 2187 1451 2212 ra-

796 2228 897 2266 tione
925 2242 1076 2279 prorsus
1108 2229 1303 2268 abhorrere
1324 2235 1451 2270 censet

796 2284 966 2333 (notante
999 2286 1093 2333 Cr.)
1131 2285 1287 2335 Payne-
1306 2287 1452 2337 Knight

795 2341 833 2378 in
850 2341 1024 2391 Prolegg.
1043 2342 1249 2380 Homerico.
1280 2341 1451 2394 §.LVIII

793 2410 881 2448 pag.
904 2399 957 2440 55
981 2399 1038 2436 ed.
1058 2397 1184 2449 Lips.‚
1214 2411 1294 2436 cum
1309 2400 1451 2439 Home-

794 2455 877 2491 ricis
893 2455 1002 2492 etiam
1020 2456 1245 2506 temporibus
1256 2485 1267 2503 ‚
1287 2456 1348 2493 diu
1364 2461 1452 2508 post

793 2510 933 2548 Thesei
962 2516 1136 2559 aetatem,
1174 2525 1281 2550 omne
1311 2514 1452 2551 numis-

792 2567 898 2604 matis
932 2580 1047 2616 genus
1078 2569 1231 2606 Graecis
1253 2569 1364 2620 plane
1394 2571 1451 2608 in-

792 2623 980 2672 cognitum
997 2625 1116 2663 fuerit.
1173 2625 1257 2662 Hoc
1284 2627 1450 2665 additum

792 2679 899 2717 velim
914 2709 925 2728 ,
981 2695 1060 2719 cum
1098 2681 1292 2720 Herodoto
1330 2682 1449 2732 Lydis

793 2736 1039 2775 inventionem
1068 2742 1237 2777 monetae
1259 2740 1448 2778 cudendae

793 2793 954 2831 tribuere
976 2794 1242 2844 Xenophanem
1261 2795 1448 2846 Colopho-

794 2850 893 2886 nium
912 2852 1010 2900 apud
1028 2850 1162 2888 Polluc.
1183 2851 1257 2899 IX,
1277 2853 1302 2893 6
1334 2851 1371 2902 §.
1393 2851 1448 2892 83

796 2908 833 2943 et
862 2905 1093 2946 Eustathium
1125 2907 1174 2945 ad
1194 2905 1349 2956 Dionys.
1376 2907 1448 2944 Pe-
