1768 3315
342 265 425 305 238

737 262 1209 304 HERODOTI

346 372 416 421 δὲ,
456 368 583 414 πέντε
611 368 778 425 ἐόντες,
815 372 876 418 ἔτι
909 375 983 419 καὶ
1014 373 1057 426 ἐς
1085 374 1157 431 ἐμὲ
1183 369 1298 432 ἦσαν
1327 372 1396 418 ἐπὶ
1423 376 1505 418 τοῦ
1533 373 1607 431 σή-

341 465 475 507 ματος
505 447 620 492 ἅνω·
677 452 753 495 καί
796 464 876 508 σφι
910 453 1141 510 γράμματα
1171 453 1504 505 ἐνεκεκόλαπτο,
1546 452 1686 497 16:45·

342 529 518 571 ἕκαστοι
544 527 843 585 ἐξεργάσαντο.
895 533 969 576 καὶ
1006 533 1208 588 ἐφαίνετο
1238 533 1526 590 μετρεόμενον
1555 531 1605 576 τὸ

313 611 435 650 4τῶν
473 608 739 652 παιδισκέων
776 609 905 665 ἔργον
941 610 1014 654 ἐὸν
1043 610 1256 667 μέγιστον.

1321 616 1411 656 Τοῦ
1439 612 1521 668 γάρ
1552 609 1606 667 δή

342 688 507 730 Λυδῶν
556 686 700 744 δήμου
757 689 803 731 αἱ
847 690 1085 746 θυγατέρες
1127 690 1418 746 πορνεύονται
1456 695 1607 742 πᾶσαι,

344 765 631 821 συλλέγουσαι
672 768 795 823 σφίσι
835 769 1009 824 φερνὰς.
1068 769 1110 821 ἐς
1154 769 1179 814 ὃ
1218 769 1271 813 ἂν
1312 768 1606 827 συνοικήσωσι

313 849 477 888 5τοῦτο
507 845 747 890 ποιέουσαι.
778 845 998 890 ἐκδιδόασι
1027 848 1072 892 δὲ
1101 846 1230 892 αὐταὶ
1261 848 1436 901 ἑωυτάς.
1464 849 1492 906 ἡ
1524 849 1603 906 μὲν
1616 856 1662 891 50

342 923 396 980 δὴ
423 925 628 979 περίοδος
655 929 736 969 τοῦ
766 925 975 983 σήματος,
1016 927 1096 970 εἰσὶ
1126 926 1295 971 στάδιοι
1321 929 1390 979 ἓξ,
1420 928 1494 971 καὶ
1524 927 1607 972 δύο

312 1003 537 1059 6πλέθρα·
577 1003 627 1047 τὸ
660 1005 706 1048 δὲ
735 1000 864 1061 εὖρός
893 1006 981 1049 ἐστι
1006 1006 1176 1061 πλέθρα
1205 1009 1496 1062 τριακαίδεκα.
1547 1008 1607 1050 λί-

340 1100 427 1140 μνη
457 1084 503 1127 δὲ
542 1083 680 1140 ἔχεται
719 1088 800 1128 τοῦ
841 1083 1030 1141 σήματος
1069 1085 1253 1142 μεγάλη,
1316 1085 1395 1142 τήν
1433 1085 1608 1141 λέγουσι

341 1163 484 1207 Λυδοὶ
514 1159 693 1207 ἀείναον
721 1160 854 1207 εἶναι·
885 1163 1081 1208 καλέεται
1100 1165 1145 1209 δὲ
1165 1163 1273 1222 αὕτη
1296 1165 1474 1222 Γυγαίη.
1506 1166 1606 1209 τοῦ·

339 1258 390 1285 το
419 1241 499 1298 μὲν
529 1242 583 1299 δὴ
610 1241 786 1287 τοιοῦτό
814 1242 914 1288 ἐστι.

341 1448 410 1488 καί
437 1461 510 1499 σφι
531 1443 741 1501 γράμματα
766 1444 939 1489 ἐνεκεκό-

285 1503 434 1556 λαπτο]
465 1505 597 1543 Notari
619 1507 729 1545 debet
747 1506 804 1544 hic
825 1507 937 1552 locus,

285 1563 349 1612 qui
377 1562 620 1600 characterum
676 1576 706 1600 s.
754 1562 939 1601 literarum

283 1631 390 1656 usum
409 1623 511 1655 sexto
541 1624 626 1656 ante
652 1619 837 1656 Christum
855 1632 939 1656 sae-

284 1676 363 1713 culo
392 1675 496 1722 (nam
507 1674 670 1723 Alyattes
689 1688 843 1724 regnare
855 1688 939 1713 coe-

283 1732 340 1783 pit
362 1733 443 1772 616
472 1743 503 1767 a.
527 1732 613 1768 Chr.
643 1744 702 1777 n.;
738 1733 833 1768 conf.
862 1735 937 1768 not.

283 1789 332 1825 ad
352 1787 381 1835 Ι,
393 1787 466 1835 45)
484 1788 582 1838 apud
596 1787 724 1837 Lydos
744 1788 939 1825 invaluisse

284 1844 418 1881 docere
439 1843 615 1881 videatur.
674 1844 783 1881 Conf.
806 1844 939 1892 Heyne

282 1901 334 1937 ad
358 1900 462 1936 Iliad.
494 1900 671 1938 Observv.
711 1899 821 1937 Tom.
854 1899 939 1937 VIII

283 1968 371 2007 pag.
409 1958 502 1998 812.
578 1956 639 1994 De
674 1955 743 1993 alio
780 1956 939 2004 Phrygio

283 2016 542 2058 monumento,
568 2013 668 2061 quod
699 2013 794 2048 intra
821 2024 938 2048 annos

280 2067 368 2110 540
385 2089 442 2095 --
463 2067 545 2109 570
575 2079 609 2104 a.
638 2068 724 2104 Chr.
752 2067 939 2115 collocant,

284 2124 447 2161 dicemus
475 2124 513 2160 in
543 2123 707 2160 Excursu
728 2124 776 2160 ad
803 2123 841 2171 I,
871 2123 937 2164 94.

285 2179 400 2223 Quod
419 2179 451 2215 si
479 2191 606 2217 revera
632 2179 745 2216 literis
775 2180 938 2217 Graeco-

283 2247 364 2273 rum
401 2235 662 2284 antiquissimis
701 2235 770 2272 suit
806 2235 937 2273 inscri-

284 2295 388 2341 ptum
399 2319 409 2338 ‚
420 2304 647 2340 consequens
665 2304 754 2328 sane
773 2296 829 2329 est
839 2321 849 2339 ‚
860 2292 939 2330 He-

283 2347 455 2384 rodotum
473 2347 595 2385 literas
624 2347 662 2384 in
684 2346 851 2395 Alyattae
880 2362 939 2386 se·

284 2403 410 2455 pulcro
439 2403 638 2453 insculptas
673 2403 874 2452 intelligere
903 2409 939 2442 et

284 2459 531 2510 inscriptionis
553 2471 700 2497 sensum
723 2461 858 2499 referre
868 2474 938 2512 po-

286 2515 412 2554 tuisse.

342 2570 382 2618 ἕς
411 2567 433 2611 ’ὁ
464 2565 517 2610 ‹321›
544 2566 833 2622 συνοικήσωσι]
863 2571 936 2609 Pro

286 2622 573 2677 συνοικήσονσι
629 2628 795 2665 dedimus
855 2641 936 2666 cum

287 2684 405 2721 Gaisf.
420 2683 592 2721 librorum
620 2685 846 2732 quorundam
871 2697 937 2721 au-

285 2740 452 2778 ctoritate
471 2736 738 2791 συνοικήσωσι
748 2769 759 2787 ,
779 2753 857 2777 cum
868 2740 938 2777 lin-

286 2809 382 2846 guae
428 2796 530 2845 leges
569 2796 830 2833 coniunctivum
869 2810 937 2847 po-

287 2856 401 2890 scant.
439 2852 501 2889 Tu
520 2853 591 2889 vid.
610 2852 763 2890 Werfer.
785 2853 821 2888 in
841 2850 934 2890 Actt.

287 2908 384 2961 phin.
415 2907 619 2947 Monacc.1
649 2920 735 2960 pag.
759 2909 850 2951 105.
880 2930 936 2938 --

1006 1447 1066 1486 Ad
1086 1450 1198 1488 verba
1222 1448 1404 1499 ἐφαίνετο
1427 1472 1484 1478 —-
1500 1447 1569 1489 ἒδν
1590 1448 1621 1487 C
1629 1462 1657 1486 r.

1007 1507 1147 1543 confert
1163 1507 1317 1544 Barker.
1349 1508 1387 1543 in
1411 1507 1473 1544 the
1498 1506 1660 1543 classical

1006 1562 1126 1599 Iourn.
1147 1563 1180 1599 V
1203 1576 1291 1614 pag.
1309 1565 1393 1605 380
1415 1563 1462 1600 ob
1482 1562 1661 1613 participii

1006 1632 1124 1655 usum.

1062 1669 1263 1714 ἐκδιδόασι
1285 1671 1328 1713 δὲ
1357 1669 1475 1713 αὐταὶ
1494 1668 1658 1720 ἑωυτάς]

1005 1727 1206 1771 ἐκδιδόναι
1224 1729 1338 1781 patris
1362 1735 1438 1778 est,
1470 1731 1531 1779 qui
1552 1730 1662 1767 filiam

1006 1788 1137 1835 elocat,
1167 1788 1226 1824 alii
1249 1788 1286 1824 in
1306 1787 1570 1825 matrimonium
1600 1789 1663 1833 (ex

1006 1857 1073 1881 sua
1100 1845 1214 1894 ipsius
1247 1844 1378 1889 domo)
1407 1844 1490 1891 dat,
1520 1843 1662 1880 adiecta

1009 1901 1106 1937 dote.
1166 1901 1276 1936 Conf.
1299 1900 1479 1937 Herodot.
1500 1898 1540 1946 Ι,
1566 1901 1659 1940 196.

1006 1956 1062 2003 ΙΙ,
1083 1958 1149 1996 47.
1174 1957 1264 1996 146.
1295 1956 1416 1999 Quam
1436 1956 1561 1993 dotem
1580 1967 1661 1992 cum

1005 2012 1078 2049 sibi
1113 2013 1215 2062 ipsae
1253 2011 1423 2060 colligant
1461 2011 1578 2059 filiae,
1618 2024 1660 2049 se

1006 2068 1106 2120 ipsas
1130 2067 1234 2116 quasi
1263 2068 1404 2105 elocare
1426 2068 1602 2105 dicuntur.

1064 2122 1140 2162 εἰσὶ
1191 2120 1344 2163 στάδιοι
1378 2124 1444 2171 ἓξ]
1502 2123 1659 2174 Propter

1005 2180 1192 2231 περίοδος
1222 2193 1270 2218 ne
1303 2181 1384 2229 quis
1413 2179 1515 2217 malit
1552 2178 1657 2228 ἐστὶ;

1004 2250 1089 2274 nam
1120 2249 1232 2286 saepe
1274 2237 1423 2274 verbum
1461 2236 1661 2274 adstruitur

1006 2294 1040 2331 ei
1060 2293 1306 2339 substantivo,
1337 2293 1438 2342 quod
1454 2293 1658 2342 proximum
1694 2338 1697 2341 ,

1006 2354 1073 2387 est.
1103 2348 1187 2385 Vid.
1212 2348 1343 2386 Matth.
1363 2347 1401 2399 ἓ.
1421 2349 1502 2390 305
1513 2350 1656 2398 p.606.

1004 2426 1061 2434 —
1090 2404 1133 2441 In
1158 2418 1262 2454 seqq.
1293 2405 1341 2442 de
1371 2405 1471 2442 verbi
1498 2403 1658 2455 ἔχεσθαι

1004 2466 1183 2498 structura
1226 2474 1307 2498 cum
1353 2461 1512 2509 genitivo
1561 2461 1658 2498 idem

1004 2517 1183 2555 Matthiae
1222 2516 1464 2554 consulendus
1505 2515 1543 2568 §.
1574 2518 1657 2558 330

1003 2587 1090 2625 pag.
1118 2575 1211 2614 639.
1268 2573 1338 2610 Est
1376 2577 1560 2610 nostrum:
1598 2573 1657 2610 ein

1003 2632 1077 2668 See
1106 2632 1209 2666 stb'sst
1239 2641 1287 2665 an
1305 2656 1315 2666 .
1332 2657 1341 2666 .
1363 2657 1372 2666 .

1059 2684 1236 2724 καλέεται
1261 2681 1304 2723 δὲ
1342 2681 1442 2735 αὕτη
1474 2684 1654 2739 Γυγαίη]

1005 2742 1187 2790 Stagnum
1203 2741 1396 2790 Gygaeum
1415 2741 1513 2779 haud
1532 2740 1657 2792 procul

1005 2811 1027 2835 a
1045 2798 1223 2834 Sardibus
1243 2798 1390 2845 aberat,
1418 2797 1658 2848 appellatum-

1004 2867 1076 2903 que
1096 2857 1153 2891 est
1172 2853 1287 2891 serius
1319 2853 1440 2901 Coloe,
1469 2855 1567 2891 unde
1592 2853 1657 2890 Ve-

1002 2923 1069 2950 nus
1090 2909 1255 2960 Cdoena,
1285 2910 1386 2950 cuius
1406 2909 1582 2962 templum
1607 2909 1656 2948 ad
