1759 3324
522 266 937 307 EUTERPE.
995 266 1041 304 11.

1319 268 1406 310 513

24 392 90 438 16
146 381 358 437 κισχίλιοι.
416 378 474 422 Εἰ
502 371 566 421 οἷν
601 375 724 433 ἡμεῖς
761 373 910 430 ὀρθῶς
947 375 1045 430 περὶ
1086 373 1236 419 αὐτῶν
1271 375 1404 432 γινώ-

146 471 328 514 σκομεν,

372 454 520 507 Ἴωνες
559 453 644 498 οὐκ
682 448 734 497 εὖ
764 453 1008 510 φρονέουσι
1035 453 1134 508 περὶ
1162 453 1404 511 Αἰγύπτου.

118 539 186 582 Ξεί
213 537 259 581 δὲ
288 533 400 592 ὀρθή
430 535 519 579 ἐστι
546 531 574 591 ἦ
604 536 693 578 τῶν
719 531 878 577 Ἰώνων
906 529 1082 589 γνώμη,
1118 530 1332 590 Ἕλληνάς
1361 540 1463 578 τεδο

144 615 220 660 καὶ
254 612 415 665 αὐτούς
450 613 603 665 Ἴωνας
640 610 929 667 ἀποδείκνυμι
967 609 1050 655 οὐκ
1097 611 1408 668 ἐπισταμένους

144 695 407 749 λογίζεσθαι·
454 694 503 736 οἵ
530 703 638 749 φασι
674 693 773 748 τρία
816 690 949 748 μόρια
987 688 1101 734 εἶναι
1128 694 1213 747 γῆν
1242 696 1406 745 πᾶσαν,

115 770 376 828 3Εὐραὶπην
403 788 447 816 τε
476 772 550 816 καὶ
573 770 720 828 Ἀσίην
746 771 821 816 καὶ
848 769 1035 828 Λιβύην.
1091 769 1297 825 τέταρτον
1324 770 1407 826 γιὶρ

145 851 200 908 δή
229 863 366 907 σφεας
395 853 462 895 δεῖ
488 853 874 907 προσλογίζεσθαι,
905 847 1134 906 Αἰγύπτου
1162 849 1213 894 τὸ
1242 848 1407 893 Δέλτα·

117 931 186 974 4εἰ
219 929 279 987 μή
318 947 360 974 τι
396 930 444 987 γέ
473 930 562 975 ἐστι
599 934 674 987 τῆς
710 929 868 987 Ἀσίης,
904 929 1008 987 μήτε
1036 932 1112 987 τῆς
1139 927 1317 985 Λιβύης.
1353 924 1407 971 οὐ

145 1008 229 1065 γαρ
260 1009 312 1066 δή
344 1007 368 1054 ὁ
400 1009 561 1062 Νεῖλός
590 1010 638 1066 γέ
668 1010 779 1063 ἐστι,
820 1010 930 1054 κατὰ
958 1013 1117 1053 τοῦτον
1155 1007 1233 1052 τὸν
1261 1005 1409 1063 λόγον,

148 1085 174 1131 ὁ
202 1087 283 1145 τὴν
314 1087 461 1150 ’Λσίην
499 1088 692 1146 οὐρίζων
719 1092 796 1147 τῆς
833 1087 1021 1148 Λιβύης·
1067 1091 1151 1133 τοῦ
1189 1085 1329 1131 Δέλτα
1363 1085 1466 1131 δὲ65

291 1313 408 1365 Cap
448 1312 548 1352 XVI.

152 1395 188 1437 εἰ
221 1391 296 1437 ὠν
319 1395 435 1448 ἡμεῖς
477 1392 614 1450 ὀρθως
652 1396 745 1465 περὶ

95 1448 228 1493 αυτῶν
276 1451 548 1506 γινωσκομεν]
610 1450 745 1494 αὐτων

93 1510 240 1562 reposui
260 1524 339 1548 cum
358 1511 475 1548 Gaiss.
493 1524 562 1561 pro
581 1507 743 1550 αὐτέων.

93 1565 153 1605 Ad
173 1571 423 1616 argumentum
451 1567 520 1604 loci
546 1572 747 1616 teneamus,

94 1628 234 1661 veteres
270 1624 307 1660 in
335 1624 415 1674 ipsa
443 1624 540 1661 orbis
570 1629 748 1662 terrarum

96 1680 275 1718 divisione
304 1680 410 1718 valde
441 1680 678 1728 dissensisse,
708 1685 749 1718 ut

96 1736 258 1786 pluribus
278 1737 326 1773 ad
342 1736 376 1772 h.
397 1736 422 1774 l.
439 1737 578 1774 notavit
597 1737 750 1775 wesse-

97 1791 242 1841 lingius.
298 1792 351 1830 Ac
371 1792 535 1843 plerique
560 1797 637 1831 tres
665 1793 750 1831 olim

98 1848 366 1886 constituebant
381 1854 505 1899 partes
519 1879 530 1897 ‚
549 1849 748 1900 Europam,

96 1903 241 1952 Asiam,
258 1904 416 1942 Africam
440 1919 467 1942 s.
487 1905 663 1955 Libyam3
690 1906 750 1943 alii

98 1961 249 2010 quidam
269 1961 359 1998 duas
388 1962 498 1998 modo
529 1966 652 2013 partes
679 1976 748 2012 po-

99 2018 254 2064 nebant,
283 2017 334 2054 ita
362 2022 402 2055 ut
420 2018 541 2056 Africa
563 2018 623 2056 vel
640 2018 750 2057 Asiae

99 2073 156 2112 vel
174 2073 345 2125 Europae
365 2075 641 2113 adscriberetur.
670 2076 751 2113 He-

99 2130 249 2168 rodotus
289 2130 435 2180 quidem
480 2132 528 2169 ad
568 2131 752 2181 vulgarem

101 2199 224 2225 eorum
235 2185 481 2235 Graecorum,
493 2189 555 2237 qui
574 2193 647 2226 tres
667 2202 755 2226 con-

101 2243 296 2281 stituebant
312 2248 456 2293 partes,
486 2244 695 2295 opinionem
714 2258 754 2283 se

102 2299 280 2350 applicat,
309 2300 376 2337 sed
397 2301 435 2338 in
460 2313 505 2338 eo
525 2301 656 2351 opinor
676 2302 752 2339 dis—

103 2355 217 2404 cedit,
262 2356 362 2406 quod
380 2386 391 2405 ,
430 2371 511 2395 cum
547 2357 673 2395 Nilum
704 2358 754 2395 illi

103 2411 292 2449 indicarint
330 2414 521 2451 terminum
566 2412 675 2452 Asiae
717 2418 754 2453 et

105 2465 266 2515 Africae,
293 2469 342 2506 ad
360 2469 517 2508 Africam
544 2472 657 2509 refert
680 2470 754 2509 Ae-

107 2527 258 2573 gyptum
285 2537 353 2563 nec
379 2526 466 2564 Nilo
498 2527 544 2564 ab
582 2526 670 2565 Asia
696 2541 755 2566 se-

107 2578 207 2628 iungi
234 2580 330 2629 vult,
368 2583 433 2621 sed
466 2583 603 2621 Isthmo
632 2582 757 2632 Aegy-

108 2634 226 2685 ptiaco
244 2636 393 2687 sinuque
409 2638 576 2677 Arabim.
613 2640 756 2684 Quodsi

109 2690 207 2728 enim
225 2691 308 2730 Nilo
339 2699 494 2745 utraque
522 2696 619 2733 orbis
641 2701 757 2734 terra-

109 2759 188 2783 rum
207 2759 290 2797 pars
307 2750 584 2799 determinetur,
609 2752 681 2790 iam
699 2766 759 2791 re-

110 2806 208 2840 stare
245 2809 348 2854 putat
382 2807 529 2846 Deltam
563 2809 640 2847 sive
677 2822 758 2847 eam

111 2862 262 2906 terram,
302 2874 397 2911 quae
423 2863 509 2902 Nilo
545 2864 603 2902 vel
633 2866 756 2915 potius

113 2913 191 2952 eius
213 2916 327 2953 fluviis
342 2919 508 2970 utrinque
526 2920 711 2969 inclusa,
701 2934 759 2959 m-

168 2968 376 3012 Hfflzonor.
406 2975 435 3012 Ι.

810 1285 987 1324 termedia
1013 1284 1117 1334 quasi
1145 1284 1239 1322 inter
1267 1282 1392 1320 Asiam
1429 1285 1468 1319 et

810 1341 969 1380 Africam
986 1342 1076 1389 sita,
1106 1344 1272 1391 quartam
1301 1340 1378 1377 fere
1408 1350 1468 1375 or-

811 1399 866 1436 bis
885 1402 1060 1436 terrarum
1090 1402 1231 1448 partem
1250 1395 1468 1433 constituere

811 1455 993 1493 censenda
1014 1455 1081 1502 sit,
1101 1467 1181 1491 cum
1201 1452 1318 1490 neutri
1339 1463 1468 1488 accen-

814 1511 885 1549 seri
905 1511 1032 1562 possit.
1090 1509 1151 1547 Ad
1181 1521 1289 1559 quam
1321 1511 1470 1545 senten-

812 1568 900 1605 tiam
928 1581 971 1605 ea
1002 1579 1149 1617 quoque
1175 1567 1329 1612 faciunt,
1374 1576 1470 1613 quae

814 1625 913 1674 apud
930 1624 1171 1674 Pomponium
1184 1622 1319 1659 Melam
1338 1620 1469 1669 legun-

814 1685 873 1717 tur
902 1679 940 1728 I,
969 1683 996 1722 9
1033 1678 1070 1730 ξ.
1102 1681 1205 1725 120,
1243 1677 1304 1715 ubi
1331 1674 1469 1714 consul.

814 1736 862 1774 Is.
881 1736 989 1773 Voss.
1048 1737 1124 1772 Sed
1157 1735 1361 1772 universam
1392 1731 1473 1770 He-

815 1793 936 1831 rodoti
953 1794 1000 1830 de
1011 1793 1108 1828 orbis
1126 1795 1303 1829 terrarum
1321 1789 1472 1826 divisio-

816 1863 864 1888 ne
894 1849 1118 1886 'sententiam
1164 1848 1258 1885 bene
1307 1845 1473 1895 exposuit

817 1905 1036 1944 Dahlmann.
1057 1904 1196 1942 Herod.
1216 1915 1302 1954 pag.
1323 1904 1377 1943 80
1390 1914 1471 1950 sqq.

817 1961 898 1999 coll.
923 1961 1052 1999 Ukert.
1082 1960 1120 2008 I,
1145 1962 1172 2000 2
1206 1972 1241 2008 p.
1264 1959 1357 2001 215.
1377 1959 1470 2000 216.

875 2013 1138 2067 ἀποδείκνυμι
1164 2011 1239 2056 οὔκ
1268 2011 1473 2064 ἐπισταμέ-

820 2072 937 2124 νους]
976 2074 1035 2111 De
1061 2077 1238 2110 structura
1272 2072 1343 2108 vid.
1381 2074 1471 2107 nott.

820 2132 867 2169 ad
885 2131 940 2178 ll,
960 2129 1023 2171 15.
1063 2130 1107 2166 In
1136 2128 1382 2195 sequentibus
1393 2139 1474 2163 curn

819 2187 1023 2236 Schweigh.
1053 2186 1303 2236 reposuimus:
1342 2181 1475 2234 τέταρ-

819 2258 890 2283 τον
916 2258 992 2311 γαρ
1025 2237 1084 2293 δή
1122 2242 1211 2290 (ubi
1232 2240 1340 2290 vulgo
1367 2239 1476 2276 omit-

822 2305 902 2338 tunt
922 2296 993 2350 δη)
1014 2304 1050 2338 et
1068 2298 1103 2338 εἰ
1121 2315 1174 2350 μη
1205 2312 1250 2336 τι
1274 2311 1316 2349 γε
1338 2298 1474 2346 (quan-

822 2357 1024 2408 ἀοᾳιιιάεηι)
1044 2368 1112 2407 pro
1138 2355 1174 2394 εἰ
1193 2349 1250 2420 μή
1270 2367 1318 2392 τε
1347 2367 1403 2405 γε.

878 2412 903 2453 ὁ
931 2428 1006 2464 την
1030 2408 1168 2462 Ἀσίην
1201 2406 1372 2463 ουρίζων
1402 2409 1478 2459 τῆς

821 2465 1008 2535 Λιβύης]
1039 2469 1151 2533 Quod
1176 2467 1262 2505 olim
1288 2465 1478 2515 legebatur

821 2529 872 2580 τῇ
892 2521 1056 2581 Λιβύῃ,
1085 2525 1158 2562 iam
1189 2523 1343 2562 correxit
1368 2521 1479 2559 Wes-

824 2583 1010 2633 selingius.
1056 2581 1128 2619 Pro
1155 2575 1347 2632 οὕρίζων,
1378 2576 1480 2627 quod

823 2654 950 2678 omnes
966 2639 1046 2677 libri
1061 2638 1183 2688 scripti
1192 2640 1332 2683 tenent
1343 2634 1481 2671 Sebae-

822 2698 888 2735 fer
916 2697 954 2733 in
985 2695 1127 2734 Melett.
1146 2694 1237 2732 critt.
1265 2692 1389 2742 Ipag.
1411 2689 1479 2736 95,

824 2752 998 2791 laudante
1017 2752 1047 2790 C
1052 2764 1101 2799 r
1135 2750 1241 2788 scribi
1267 2748 1345 2785 vult
1373 2747 1479 2785 διου-

826 2809 946 2860 ρίζων
983 2809 1126 2858 aliaque
1166 2807 1275 2844 affert
1315 2801 1482 2852 exempla

824 2866 931 2903 huius
951 2865 1052 2903 verbi
1069 2863 1229 2914 genitivo
1247 2860 1368 2897 iuncti.
1408 2856 1482 2901 Qui

826 2922 924 2960 idem
952 2925 1075 2959 tamen
1107 2923 1238 2971 postea
1268 2913 1484 2954 sententiam

1153 2975 1210 3014 33
