1777 3324
477 268 1006 309 EUTERPE.1L

1290 273 1377 313 879

114 381 283 434 πόλιος·
314 380 388 424 καὶ
415 382 544 423 τοῦτο
573 376 774 432 ἐκόμιζον
802 377 881 434 μὲν
910 375 983 421 ἐπ’
1013 377 1108 421 ἔτεα
1126 379 1249 433 τρία,
1280 379 1375 423 δισἢ

111 463 240 517 χίλιοι
270 460 315 503 δέ
345 461 389 503 οἱ
416 454 755 512 προσετετάχατο
785 455 941 511 ἄνδρες
962 454 1169 513 ἀγωγέες,
1196 458 1271 502 καὶ
1293 452 1373 501 οὖ-

85 543 184 582 4τοι
209 537 393 588 ἅπαντες
420 531 533 592 ἦσαν
561 538 836 592 κυβερνῆται.
894 539 971 592 τῆς
1000 535 1046 579 δὲ
1076 537 1225 593 στέγης
1262 536 1369 581 ταύ-
1384 545 1430 579 95

111 633 184 672 της
212 615 261 659 τό
291 615 370 671 μὲν
407 618 544 671 μῆκος
583 614 771 666 ἔξωθεν,
830 614 919 658 ἔστι
957 611 1016 666 εἷς
1053 631 1099 659 τε
1134 617 1208 659 καὶ
1238 618 1375 660 εἴκοσι

111 694 284 751 πήχεες·
316 690 445 750 εὖρος
474 695 539 746 δὲ,
569 695 971 748 τεσσερεσκαίδεκα·
1002 693 1116 747 ὕψος
1141 695 1209 749 δὲ,
1242 693 1370 740 ὀκτώ.

109 777 248 818 ταῦτα
276 774 355 830 μὲν
383 773 437 817 τοὶ
465 773 601 830 μέτρα
630 772 790 826 ἔξωθεν
818 777 895 830 τῆς
925 774 1073 832 στέγης
1101 778 1176 832 τῆς
1206 792 1371 831 μουνο-

82 855 247 898 5λίθου
277 853 377 898 ἐστί.
437 850 543 909 ἀτὰρ
582 853 747 896 ἔσωθεν
781 853 831 896 τὸ
869 857 1028 910 μῆκος,
1076 851 1372 898 ὀκτωκαίδεκα

110 933 281 989 πηχέων
309 931 382 977 καὶ
400 930 614 988 πυγόνος·
644 931 694 975 τὸ
716 932 761 976 δὲ
783 926 930 986 εὖρος,
963 930 1162 977 δυώδεκα
1181 935 1372 990 πηχέων’

108 1011 157 1055 τὸ
189 1012 235 1055 δὲ
264 1011 405 1065 ὕψος,
435 1010 562 1055 πέντε
592 1012 762 1068 πηχέων
789 1011 886 1055 ἐστί.
918 1011 1028 1069 αὕτη
1052 1016 1133 1056 τοῦ
1156 1014 1258 1068 ἱροῦ
1276 1014 1396 1057 κέε-1

81 1100 182 1135 6ται
211 1091 330 1147 παρὰ
358 1089 439 1147 τήν
468 1090 636 1134 ἔσοδον.
668 1091 751 1135 ἔσω
780 1089 865 1147 γάρ
895 1108 972 1148 μιν
999 1091 1043 1142 ές
1069 1091 1119 1135 τό
1139 1091 1240 1148 ἷρόν
1259 1104 1370 1149 φασι

110 1169 245 1215 τῶνδ’
286 1171 430 1214 εἵνεκα
461 1167 545 1214 οὐκ
583 1169 827 1215 ἐσελκύσαι·
872 1171 950 1214 τὸν
980 1169 1259 1227 ἀρχιτέκτονα
1290 1170 1371 1215 αὐ-

107 1253 209 1306 τῆς,
251 1249 482 1306 ἑλκομένης
519 1253 596 1305 τῆς
636 1249 811 1306 στέγης,
862 1247 1165 1305 ἀναστενάξαι,
1215 1248 1287 1294 οἶά
1325 1267 1369 1294 τε

105 1328 268 1386 χρόνου
297 1327 578 1384 ἐκγεγονότος
606 1332 775 1372 πολλοῦ
783 1361 799 1381 ,
840 1328 1169 1384 καταχθόμενον
1205 1334 1266 1389 τῷ
1296 1329 1400 1384 «ἕρ-5

105 1422 190 1466 γῳ’
230 1408 308 1452 τὸν
336 1409 383 1452 δὲ
410 1406 599 1465 ’Ἄμασιν
633 1406 900 1465 ἐνθυμιστὸν
936 1408 1259 1466 ποιησάμενον,
1290 1408 1374 1453 οὐκ
1435 1418 1514 1458 190

19 1648 22 1651 -
48 1628 120 1665 mie
149 1626 337 1675 (10047‚
368 1630 393 1669 6
419 1627 524 1679 Ρίεᾶε
558 1628 700 1677 cubes),

47 1688 181 1735 pesant
216 1683 399 1730 914,832
430 1684 699 1733 Kilogrammes

50 1739 299 1788 (1,868‚853
320 1740 425 1778 livres
453 1742 475 1777 a
505 1742 625 1778 raison
654 1743 701 1779 de

51 1798 131 1838 186
170 1796 276 1834 livres
322 1809 389 1847 par
430 1797 569 1846 chaque
615 1798 701 1848 pied

49 1853 180 1900 cube);
211 1856 248 1890 et
279 1853 308 1889 si
338 1853 410 1890 l’on
439 1867 485 1891 en
512 1854 638 1891 deiduit
666 1855 700 1892 le

48 1910 151 1957 vide,
184 1910 244 1958 qui
265 1913 321 1946 est
339 1910 386 1947 de
408 1910 487 1951 165
509 1912 642 1948 mettres
662 1914 701 1949 et

48 1968 105 2006 20
132 1966 328 2003 centiiemes
357 1965 501 2013 (4818,
522 1966 575 2007 85
594 1968 698 2017 pieds

48 2022 191 2070 cubes),
214 2021 239 2058 il
258 2026 394 2059 restera
412 2036 506 2073 pour
524 2023 557 2059 la
580 2036 700 2061 masse

47 2079 313 2116 effectivement
328 2080 555 2129 transporte'e
574 2081 595 2116 a
617 2081 698 2117 Sais

49 2137 128 2175 179
145 2136 289 2181 matres,
312 2137 365 2176 30
378 2136 571 2173 centibmes
590 2137 696 2174 cubes

46 2190 189 2239 (5228,
219 2192 272 2232 75
300 2192 405 2241 pieds
433 2192 584 2241 cubes),
631 2206 699 2243 pe-

45 2252 127 2284 sant
184 2246 371 2294 476‚076
426 2248 697 2297 Kilogrammes

47 2303 268 2351 (972,547,
298 2303 323 2345 5
352 2304 508 2353 livres),
555 2318 616 2342 car
649 2319 698 2343 on

46 2372 94 2396 ne
126 2364 215 2409 peut
252 2361 408 2408 douter,
448 2374 520 2410 que
550 2361 697 2399 l'etvide-

47 2419 145 2452 ment
187 2416 234 2453 du
271 2417 471 2455 monolithe
512 2418 600 2454 n'ait
640 2418 697 2456 6te'

45 2471 113 2508 fait
134 2484 193 2508 sur
220 2472 253 2510 la
277 2474 429 2511 carribre
457 2475 612 2511 mssmef‘
650 2475 698 2511 Ii-

47 2527 131 2564 dem
145 2528 209 2564 viri
229 2529 325 2566 docti
344 2531 591 2580 suspicantur,
617 2544 697 2569 mo-

47 2582 219 2621 nolithum
233 2588 347 2623 totum
367 2587 478 2624 ruinis
498 2588 695 2635 obtectum,

47 2651 142 2688 quae
188 2652 330 2679 omnem
367 2644 555 2692 regionem
591 2656 697 2681 oceu-

46 2698 156 2745 pant,
191 2697 256 2734 sub
287 2702 385 2736 terra
420 2700 540 2737 adhuc
568 2699 692 2738 latere.

46 2772 102 2777 —
130 2750 188 2788 Ad
223 2754 352 2792 verba:
390 2751 449 2794 ἐπ’
485 2754 570 2795 ἔτεα
606 2757 695 2809 τρία

46 2808 141 2902 equs·
163 2807 216 2854 II,
238 2811 316 2852 119
341 2814 378 2849 et
405 2812 453 2849 ad
482 2810 618 2865 στέγης
648 2813 695 2861 Π,

103 2917 169 2958 καὶ
185 2915 385 2974 πυγόνος]
415 2919 554 2976 πυγῶν
576 2923 696 2961 conti-

767 1641 857 1667 nere
878 1628 1009 1666 dicitur
1034 1628 1165 1678 viginti
1191 1630 1329 1679 digitos
1351 1630 1427 1668 sive

769 1687 921 1736 quinque
959 1686 1108 1735 palmas.
1182 1686 1310 1736 Itaque
1349 1700 1424 1724 non

767 1742 873 1779 valde
891 1742 1004 1779 distat
1024 1755 1044 1778 a
1065 1742 1201 1790 cubito,
1221 1744 1282 1792 qui
1293 1745 1427 1792 viginti

770 1801 921 1848 quatuor
940 1799 1062 1847 digitis
1076 1812 1103 1835 s.
1117 1812 1178 1835 sex
1193 1799 1322 1849 palmis
1336 1812 1424 1837 con-

768 1858 853 1892 stat.
910 1854 993 1892 Vid.
1027 1854 1166 1892 WVurm.
1199 1856 1246 1894 de
1282 1857 1423 1907 pondd.

766 1914 851 1948 ratt.
878 1924 964 1960 pag.
993 1914 1059 1953 92.

824 1962 891 2006 οἷά
923 1982 964 2006 τε
993 1964 1139 2019 χρόνον
1169 1964 1423 2020 ἔκγεγονότος

767 2022 933 2074 πολλοῦ]
964 2025 1073 2062 Haec
1101 2024 1231 2061 locutio
1262 2025 1421 2062 insolens

766 2080 911 2117 videtur
937 2080 1202 2130 WesselingiO,
1230 2095 1313 2119 cum
1342 2082 1423 2120 He-

766 2138 918 2174 rodotus
961 2137 1013 2184 (v.
1043 2151 1072 2175 c.
1104 2138 1141 2184 I,
1161 2140 1225 2178 27.
1252 2141 1343 2179 190.
1374 2138 1421 2186 ΙΙ,

770 2193 876 2241 124)
907 2192 1040 2242 aliique
1075 2195 1267 2243 scriptores
1297 2195 1422 2245 potius

765 2249 803 2285 in
829 2249 926 2286 hisce
953 2251 1162 2300 usurparint
1186 2251 1336 2288 verbum
1364 2250 1422 2303 ε’γ-

764 2305 951 2357 γίνεσθαι
970 2320 998 2343 s.
1020 2307 1216 2358 γίνεσθαι.
1234 2307 1422 2356 Schweig-

763 2362 959 2400 haeuserus
970 2392 982 2411 ,
1012 2364 1073 2412 qui
1091 2364 1171 2414 ipse
1187 2364 1340 2413 requirit
1361 2363 1421 2417 ἐγ-

763 2414 991 2470 γεγονότος,
1022 2421 1107 2457 ferri
1142 2423 1267 2458 tamen
1311 2433 1420 2470 posse

763 2475 946 2524 vulgatam
985 2476 1145 2522 iudicat,
1193 2477 1223 2513 si
1273 2477 1422 2515 abesset

762 2534 924 2570 πολλοῦ.
977 2531 1160 2582 Equidem
1179 2532 1277 2570 libris
1299 2533 1420 2571 invitis

762 2588 849 2624 nihil
870 2589 1047 2625 mutarim.
1073 2609 1131 2616 —
1160 2588 1203 2626 In
1231 2602 1335 2639 seqq.
1360 2603 1421 2628 re-

761 2644 852 2681 tinui
872 2640 1193 2696 καταχθόμενον,
1224 2659 1305 2683 cum
1324 2645 1419 2684 alte-

762 2713 802 2737 ra
822 2700 928 2738 lectio
949 2699 1018 2740 καὶ
1037 2696 1267 2752 ἀχθόμενον
1284 2703 1420 2752 proba-

762 2760 881 2794 torum
912 2757 1086 2796 librorum
1118 2759 1331 2797 auctoritate
1359 2771 1419 2796 ca-

761 2817 851 2851 reat.

818 2866 1064 2920 ἒνθυμιστόν
1081 2865 1371 2922 ποιησάμενον]
1393 2870 1415 2908 i.

763 2938 794 2964 e.
822 2926 1152 2965 animadvertentem
1187 2930 1221 2965 et
1252 2927 1421 2975 religioni
