1805 3315
343 221 401 260 44
761 218 1229 258 HERODOTI

345 344 438 384 γων
467 343 511 370 τε
539 326 613 370 καὶ
640 329 882 384 πηκτίδων,
928 327 1000 370 καὶ
1036 326 1176 371 αὐλοῦ
1200 332 1462 385 γυναικηίου
1494 345 1539 373 τε
1563 330 1683 374 καὶόο

300 410 324 447 4
347 406 574 462 ἀνδρηίου.
619 404 679 458 ὥς
715 405 762 450 δὲ
793 406 837 457 ἐς
868 403 948 461 τὴν
990 408 1206 464 Μιλησίην
1243 407 1467 464 ἀπίκοιτο,
1523 408 1638 467 οῑκή-
1685 416 1711 456 9

301 627 385 666 γων
404 626 444 651 τε
468 610 536 650 καὶ
561 610 780 662 πηκτίδων,
796 609 864 650 καὶ
891 627 961 650 αυ-

303 672 380 709 λοῦ
398 669 637 721 γυναικηίου
666 682 707 706 τε
729 666 796 706 καὶ
818 663 963 719 α’νδοη-

303 725 394 776 [ov]
445 722 528 764 ὕπο
561 725 675 776 συοίγ
679 739 760 776 γων
798 729 873 762 est:
915 723 964 761 ad

303 787 467 829 cantum,
507 781 555 818 ad
585 795 705 818 sonum
729 781 963 832 fistularum,-

304 840 404 889 quod
423 838 511 875 satis
531 843 658 875 notum
679 838 824 874 dicendi
845 850 962 887 genus

305 896 462 933 illustrat
508 894 641 931 Matth.
693 894 855 930 Gramm.
896 894 962 930 Gr.

307 952 347 1003 ἓ.
371 952 454 992 592
483 963 519 1000 p.
543 953 622 990 118
644 961 700 998 sq.
758 949 808 985 Et
836 962 965 999 quam-

305 1021 415 1057 quam
436 1005 558 1056 plures
585 1009 715 1054 gentes
738 1006 963 1055 antiquitatis

305 1064 509 1114 accepimus
542 1064 589 1099 ad
626 1063 738 1100 tibiae
768 1076 899 1098 sonum
926 1063 964 1098 in

303 1132 468 1173 pugnam
497 1120 685 1168 ingressas
716 1119 806 1167 (vid.
828 1118 962 1156 Siebel.

305 1179 356 1215 ad
384 1177 543 1213 Pausan.
570 1175 629 1222 X,
661 1175 711 1215 15
743 1174 779 1226 ἓ.
801 1178 879 1223 2),
909 1175 966 1212 hic

307 1234 417 1272 etiam
438 1232 542 1269 locus
565 1245 608 1269 eo
630 1231 747 1279 valet,
777 1236 816 1268 ut
847 1236 884 1268 et
912 1231 966 1267 lu-

304 1290 442 1328 xuriem
478 1287 738 1337 mollitiemque
776 1287 965 1336 Lydorum

306 1346 466 1384 declaret
504 1349 541 1382 et
580 1345 735 1381 musices
769 1344 967 1395 primordia

305 1407 418 1451 atque
434 1403 655 1439 incrementa
664 1400 851 1449 Lydorum
864 1400 965 1450 genti

308 1459 491 1505 vindicet,
529 1458 630 1494 cuius
661 1458 807 1494 omnino
835 1459 872 1494 in
898 1457 965 1493 hac

306 1530 349 1554 re
368 1517 540 1563 frequens
562 1515 711 1551 mentio.
739 1514 848 1561 Vide,
870 1526 964 1562 quae

308 1573 442 1609 Creuz.
476 1571 595 1607 attulit
623 1571 671 1608 ad
709 1570 896 1608 Xanthum
927 1570 965 1606 in

305 1630 473 1677 fragium.
497 1627 672 1664 historice.
701 1641 737 1678 p.
769 1628 848 1668 156
878 1626 964 1662 add.

307 1684 424 1722 Orelli
466 1683 595 1734 Suppl.
625 1687 716 1720 nott.
757 1684 806 1720 ad
845 1682 964 1720 Nicol.

308 1741 479 1779 Damasc.
511 1753 547 1790 p.
568 1741 620 1781 57
643 1752 700 1788 sq.
757 1738 846 1777 Non
869 1739 964 1776 enim

307 1802 449 1834 tantum
468 1795 658 1844 Lydorum
682 1796 818 1833 musica
850 1809 908 1832 ars
928 1795 964 1832 in

308 1855 516 1890 universum
550 1853 804 1903 praedicatur,
841 1865 965 1889 verum

309 1911 420 1948 etiam
443 1909 682 1946 instrumenta
709 1922 832 1947 eorum
854 1909 966 1945 musi-

309 1980 373 2013 ca·‚
413 1979 565 2015 quorum
603 1966 672 2002 hoc
700 1966 780 2003 loco
811 1966 965 2015 primum

309 2027 556 2061 memorantur
575 2022 738 2070 fistulae,
769 2024 816 2060 de
834 2023 965 2071 quibus

308 2080 450 2117 monitu
466 2080 523 2115 vix
537 2092 640 2129 opus.
671 2080 857 2130 πηκτίδες
870 2091 966 2127 quae

308 2137 482 2185 deinceps
502 2135 708 2183 laudantur,
730 2149 852 2173 earum
866 2134 967 2184 apud

308 2193 509 2230 Homerum
528 2192 674 2241 quidem
694 2193 790 2229 nulla
806 2192 966 2236 mentio,
955 2204 963 2211 ·

309 2250 377 2287 sed
410 2250 563 2285 occurrit
589 2249 732 2299 πηκτίς
758 2250 794 2286 in
828 2219 968 2298 Orphei

308 2305 449 2354 Argon.
480 2318 532 2342 vs.
553 2306 630 2346 411
654 2306 736 2343 etin
749 2306 967 2342 Anacreont

311 2362 384 2409 VI,
421 2364 498 2409 10,
524 2363 587 2398 ubi
621 2363 715 2399 conf.
744 2362 966 2399 Fischerum.

314 2418 504 2455 Gesnerus
537 2419 584 2454 ad
614 2419 754 2468 Orphei
784 2419 806 2455 1.
835 2417 857 2454 l.
898 2431 966 2468 pro

312 2475 445 2511 eodem
467 2474 706 2512 instrumento
737 2474 860 2512 haberi
891 2473 968 2510 vult

313 2534 425 2578 atque
454 2526 526 2580 τήν
551 2526 767 2581 φόρμιγγα,
800 2530 858 2567 alii
887 2542 968 2565 cum

312 2585 471 2633 magade
526 2587 761 2622 confundunt.
848 2585 968 2633 Atque

314 2641 461 2679 omnino
480 2640 605 2689 Lyrae
635 2655 750 2690 genus
772 2641 882 2689 idque
902 2654 968 2677 an-

314 2697 555 2746 tiquissimum
575 2699 652 2735 sere
673 2698 785 2735 fuisse
813 2698 967 2743 videtur,

314 2754 416 2803 quod
443 2753 542 2802 Lydi
581 2754 639 2791 vel
664 2754 734 2804 ipsi
767 2753 969 2790 invenerint

315 2810 372 2847 vel
409 2816 505 2848 certe
538 2810 758 2848 excoluerint
788 2810 967 2857 valdeque

317 2868 354 2905 in
371 2879 439 2904 usu
456 2867 658 2906 habuerint.
703 2866 761 2906 Cf.
781 2879 875 2917 quos
892 2864 968 2904 lau-

1029 612 1093 648 dat
1112 609 1190 648 Ast.
1220 611 1268 648 ad
1292 610 1383 649 Plat.
1401 610 1507 648 Polit.
1534 609 1609 658 ΙΙΙ,
1632 611 1685 650 10

1028 682 1066 719 p.
1088 668 1169 708 456
1191 667 1332 704 Comm.
1364 668 1419 717 (p.
1440 669 1523 708 399
1544 681 1580 717 p.
1603 668 1686 707 132

1029 725 1184 773 Bekk.).
1227 724 1355 761 'sertio
1385 724 1463 760 loco
1483 721 1686 772 appellatur

1032 777 1150 827 αὐλὸς
1181 781 1256 817 sive
1281 781 1394 828 tibia,
1425 779 1524 816 cuius
1550 779 1686 815 mentio

1031 837 1068 873 in
1096 837 1204 874 rebus
1226 836 1377 885 Lydicis
1408 840 1470 873 aut
1496 834 1686 884 Phrygicis

1030 894 1213 930 neminem
1235 895 1410 930 advertet.
1468 892 1546 929 Sed
1570 891 1687 928 maius

1031 950 1220 997 negotium
1238 950 1306 986 hoc
1328 949 1406 986 loco
1419 948 1589 985 exhibent
1607 960 1688 985 ver-

1030 1006 1080 1042 ba
1100 1006 1224 1042 addita
1246 1000 1313 1044 v‘n'
1337 1001 1496 1057 (αὐλοῦ)
1520 1018 1687 1056 γυναι-

1031 1076 1056 1100 x
1069 1077 1094 1112 η
1110 1063 1190 1100 ’ίόυ
1211 1076 1251 1100 τε
1277 1061 1344 1100 καὶ
1363 1057 1571 1113 ἀνδρηίου,
1593 1073 1689 1109 quae

1032 1132 1079 1155 ne
1108 1118 1250 1156 Gellius
1279 1119 1424 1167 quidem
1454 1121 1552 1154 recte
1581 1116 1690 1154 intel-

1032 1174 1139 1222 lexit,
1178 1188 1256 1211 cum
1291 1175 1327 1211 in
1358 1172 1629 1212 Noctt.Atticc.
1659 1171 1689 1220 I,

1035 1234 1086 1272 11
1124 1231 1215 1268 haec
1248 1231 1442 1268 scriberet:
1484 1229 1688 1278 „Alyattes

1031 1291 1179 1336 „autem
1192 1316 1203 1334 ‚
1224 1300 1288 1324 rex
1299 1292 1416 1325 terrae
1425 1286 1588 1334 Lydiae,
1610 1298 1690 1322 mo-

1032 1357 1073 1381 re
1094 1348 1204 1392 atque
1220 1343 1303 1380 luxu
1333 1343 1520 1380 barbarico
1541 1341 1690 1392 praedi-

1031 1404 1090 1437 tus
1117 1413 1226 1449 quum
1250 1399 1383 1437 bellum
1412 1398 1565 1436 Milesiis
1591 1399 1691 1435 sace-

1031 1461 1108 1503 ret,
1148 1461 1189 1493 ut
1215 1457 1428 1494 Herodotus
1461 1456 1499 1492 in
1528 1454 1689 1491 historiis

1031 1513 1162 1559 tradit,
1201 1514 1434 1550 concinentes
1466 1510 1688 1548 fistulatores

1034 1574 1070 1606 et
1088 1569 1250 1606 fidicines
1271 1574 1380 1619 atque
1404 1568 1563 1618 feminas
1581 1569 1689 1604 etiam

1033 1626 1193 1662 tibicines
1230 1626 1267 1661 in
1317 1625 1473 1663 exercitu
1503 1628 1613 1673 atque
1650 1623 1689 1659 in

1032 1682 1218 1732 procinctu
1243 1682 1389 1729 habuit,
1430 1679 1688 1717 lascivientium

1032 1738 1179 1776 delicias
1223 1738 1510 1775 conviviorum.“
1582 1736 1689 1779 Quae

1032 1795 1064 1831 si
1088 1794 1241 1843 legeris,
1281 1808 1362 1832 eam
1401 1794 1438 1830 in
1479 1792 1688 1844 opinionem

1032 1851 1152 1888 induci
1178 1852 1337 1901 poteri5‚
1386 1845 1513 1889 αυλὸν
1551 1863 1686 1901 γυναι-

1032 1904 1150 1957 κη’ϊον
1174 1921 1256 1945 esse
1279 1908 1426 1954 tibiam,
1456 1919 1550 1956 quae
1580 1918 1602 1943 a
1629 1906 1687 1942 fe-

1033 1965 1139 2002 minis
1153 1964 1310 2011 infletur,
1332 1959 1456 2003 αὐλὸν
1476 1956 1686 2014 οἷνὸρήϊον,

1034 2034 1128 2070 quae
1154 2033 1176 2057 a
1207 2021 1379 2057 maribus.
1437 2019 1522 2063 Quo
1561 2018 1688 2056 melius

1033 2078 1104 2114 iam
1122 2077 1211 2113 vidit
1227 2076 1446 2124 Larcherus,
1476 2070 1599 2114 αὐλὸν
1622 2089 1689 2126 yv-

1034 2129 1222 2185 ναικήϊον
1252 2146 1331 2170 eam
1361 2147 1467 2180 esse,
1505 2144 1599 2181 quae
1626 2144 1689 2167 so-

1035 2204 1120 2227 num
1134 2190 1336 2227 molliorem
1348 2194 1385 2227 et
1395 2189 1591 2226 acutiorem
1604 2188 1690 2225 red-

1037 2248 1159 2293 deret3
1201 2242 1419 2297 ανδρηὶᾋον
1449 2245 1548 2282 cuius
1576 2256 1688 2280 sonus

1036 2305 1180 2359 gravior
1200 2308 1309 2341 esset
1366 2302 1481 2339 Addit
1507 2300 1688 2349 Bottiger.

1037 2353 1088 2410 (U
1096 2362 1159 2398 ber
1178 2360 1238 2397 die
1254 2359 1311 2408 Ly
1315 2359 1438 2396 dische
1452 2356 1690 2407 Doppelfiote

1035 2419 1073 2454 iu
1098 2417 1145 2453 U
1149 2416 1280 2454 1eland
1305 2415 1458 2452 Attisch.
1482 2413 1579 2450 Mus.
1598 2412 1640 2457 Ι,
1660 2416 1689 2453 2

1035 2487 1072 2524 p.
1089 2473 1171 2513 334
1183 2474 1285 2521 sqq.)
1305 2471 1401 2508 illam
1421 2470 1535 2508 videri
1553 2470 1690 2519 proba-

1037 2530 1118 2566 liter
1146 2542 1249 2575 eam,
1300 2540 1395 2576 quae
1430 2526 1606 2564 Romanis
1641 2525 1689 2561 sit

1036 2586 1126 2621 tibia
1152 2586 1318 2630 sinistra,
1356 2583 1504 2619 alteram
1528 2582 1688 2627 (mascu-

1037 2641 1127 2687 lam)
1149 2653 1240 2686 eam,
1260 2652 1354 2688 quae
1365 2638 1543 2674 Romanis
1562 2637 1688 2674 dextra

1037 2693 1249 2746 appelletur.
1308 2695 1415 2737 Quae
1444 2694 1538 2731 enim
1559 2694 1687 2731 dextra

1036 2765 1146 2790 manu
1164 2754 1310 2788 canatur
1327 2751 1427 2798 tibia,
1449 2751 1592 2788 efficere
1604 2763 1685 2789 eum

1035 2820 1178 2856 sonum,
1208 2807 1270 2857 qui
1296 2807 1402 2844 nobis
1423 2806 1516 2843 Bass
1535 2807 1687 2854 dicatur,

1037 2864 1220 2903 sinistram
1240 2864 1364 2902 tibiam
1385 2876 1465 2902 eum
1477 2893 1487 2911 ‚
1509 2863 1571 2913 qui
1579 2863 1685 2902 nobis

1800 2493 1804 2575 ἐ
