1832 3315
406 238 486 278 138

794 236 1264 276 HERODOTI

402 361 502 390 κοτε
529 340 641 403 ἦσαν
671 349 784 390 τοῖσι
811 349 895 391 νῦν
914 350 1131 402 Δωριεῦσι
1156 345 1481 401 καλεομένοισι,
1512 347 1660 391 οἴκεον

403 426 448 469 δὲ
477 428 716 482 τηνικαῦτα
742 429 827 483 γῆν
855 425 934 482 τὴν
962 429 1046 469 νῦν
1067 429 1356 469 Θεσσαλιῶτιν
1379 425 1658 483 καλεομένην·

375 504 479 548 ἓκαὶ
508 504 586 560 τήν
616 505 814 561 Πλακίην
850 520 895 549 τε
922 505 995 549 καὶ
1018 504 1256 561 Σκυλάκην
1286 507 1523 561 Πελασγῶν
1555 506 1659 549 οἰκι-

347 688 419 725 alia
443 689 564 735 addit,
603 693 679 725 tum
705 689 864 726 convicia
886 690 924 726 in
953 689 995 726 li-

346 745 432 782 bros
479 744 661 781 Herodoti
699 757 807 781 manu
842 746 995 795 scriptos

345 813 457 850 prave
476 805 663 850 corruptos
678 828 688 847 ‚
710 804 787 837 tum
805 813 997 849 argumen—

346 861 385 893 ta
405 857 581 892 subtiliter
609 856 812 903 excogitata
826 885 836 904 ,
867 858 995 905 quibus

346 912 564 949 Crestonem
573 912 824 949 Herodoteam
844 913 997 950 eandem

346 972 458 1016 atque
479 968 662 1005 Cortonam
683 967 865 1016 Dionysii,
884 968 995 1005 Etru-

344 1024 420 1061 riae
440 1025 583 1071 urbem,
602 1037 684 1062 esse
701 1025 931 1074 comprobet,
951 1038 996 1063 ea

345 1079 432 1117 talia
457 1085 560 1127 sunt,
594 1085 632 1117 ut
658 1081 715 1117 vix
742 1081 797 1128 ei,
827 1082 889 1130 qui
916 1082 995 1120 sine

344 1140 609 1187 praeoccupato
648 1137 778 1174 iudicio
819 1139 867 1175 ad
902 1138 995 1175 hunc

344 1192 462 1230 locum
492 1194 701 1242 accesserit,
739 1194 883 1243 placere
906 1208 993 1244 pos-

344 1250 430 1286 sint.
487 1249 540 1286 Ac
570 1250 698 1287 mirum
724 1251 840 1287 videri
871 1256 994 1300 queat,

344 1308 407 1354 qui
436 1307 588 1354 factum,
628 1311 668 1343 ut
694 1307 763 1343 hoc
790 1306 891 1354 loco,
931 1308 993 1344 ubi

343 1362 391 1400 de
427 1363 604 1400 Graeciae
646 1363 814 1411 gentibus
854 1363 993 1401 Noster

343 1419 511 1467 disserit,
541 1420 660 1456 subito
678 1419 914 1457 Etruscorum
939 1421 994 1456 in-

342 1475 482 1512 iiciatur
528 1477 674 1513 mentio.
741 1475 870 1525 Itaque
933 1477 993 1514 alii

343 1531 450 1569 aliam
461 1532 723 1582 interpretandi
734 1533 827 1569 viam
837 1534 993 1581 ingressi

343 1592 428 1624 sunt
453 1589 544 1625 duce
564 1588 821 1636 wesselingio.
878 1589 994 1626 Nam-

342 1658 415 1694 que
435 1657 478 1682 ex
498 1644 533 1681 T
535 1645 715 1693 hucydide
741 1645 805 1692 lv,
830 1648 907 1693 109
927 1659 994 1682 no-

341 1702 478 1748 vimus,
518 1700 698 1739 Thraciae
731 1714 832 1739 oram
858 1703 994 1739 mariti-

340 1770 440 1794 mam
477 1757 658 1796 insedisse
706 1757 885 1807 Pelasgos
917 1759 994 1797 sive

341 1813 578 1862 Tyrrhenos,
618 1815 680 1864 qui
702 1814 787 1852 olim
812 1815 993 1853 Lemnum

342 1874 379 1908 et
407 1869 570 1907 Athenas
595 1875 810 1919 tenuerant,
847 1872 992 1909 eadem-

341 1939 412 1975 que
441 1926 478 1962 in
503 1927 655 1975 regione
690 1927 804 1965 fuisse
844 1933 991 1976 gentem

343 1982 576 2019 Crestom'cam
587 2012 598 2030 ,
611 1984 711 2021 cuius
731 1984 845 2034 ipsius
856 1984 892 2021 N
895 1990 992 2022 oster

340 2039 503 2076 meminit
529 2039 614 2087 VH,
643 2039 734 2091 124.
767 2040 875 2087 vill,
900 2043 990 2081 116.

340 2094 449 2132 Nunc
468 2094 547 2131 loeo
566 2108 701 2132 nomen
716 2096 930 2143 Christama,
944 2098 992 2134 ad

340 2150 642 2189 Echidorisontes
654 2153 746 2189 intra
759 2153 990 2201 Strymonem

341 2211 379 2245 et
409 2206 561 2254 Axium,
593 2209 878 2258 septentrionem
908 2222 989 2247 ver-

341 2277 402 2300 sus
424 2264 470 2300 ab
493 2276 536 2301 ea
553 2264 664 2312 urbe,
706 2265 761 2301 cui
790 2265 899 2302 hodie
922 2278 990 2301 110-

340 2332 424 2357 men
445 2319 641 2357 Salonichi.
697 2321 774 2358 Illic
794 2322 991 2369 igiturHe·

340 2376 461 2412 rodoti
503 2376 696 2414 Crestonem
744 2377 990 2414 collocandam

341 2446 424 2470 esse
459 2433 553 2470 bene
588 2434 679 2470 vidit
713 2434 989 2482 lVesselingius.

341 2487 373 2525 A
396 2501 468 2537 quo
484 2490 536 2525 ita
554 2490 708 2527 discedit
721 2490 763 2526 C.
782 2491 829 2527 Ο.
847 2490 989 2526 Miiller.

341 2544 520 2592 (Etrusec.
533 2545 549 2581 I
560 2559 596 2596 p.
607 2546 660 2587 94
670 2548 781 2587 -98
793 2546 989 2592 coll.345),

342 2605 381 2637 ut
390 2601 568 2651 duplicem
587 2607 734 2651 gentem
751 2615 792 2640 ac
803 2603 988 2651 regionem

340 2657 591 2695 Cres-‚tonicam
612 2659 786 2707 distingui
809 2659 894 2696 velit
908 2687 918 2705 ,
936 2658 988 2694 al-

341 2716 456 2751 teram
473 2727 576 2762 eam,
615 2715 663 2752 de
688 2727 762 2764 qua
792 2715 902 2751 modo
933 2714 988 2750 di-

340 2770 477 2819 ximus,
522 2771 672 2809 alteram
708 2772 745 2808 in
783 2770 987 2808 Chalcidice

340 2827 554 2876 paeninsula
595 2829 700 2864 sitam
756 2827 986 2874 Crestonem,

342 2896 435 2934 quae
458 2897 570 2938 supra
589 2883 801 2935 Tyrrhenos
831 2885 868 2923 in
892 2883 987 2924 Atho

1063 693 1187 727 monte
1206 688 1411 728 habitantes
1442 690 1550 728 suerit
1579 689 1649 726 sita
1679 692 1716 727 et

1062 746 1131 783 hoc
1152 746 1232 784 loco
1243 746 1423 784 Herodoti
1440 747 1487 783 sit
1511 745 1716 794 intelligen-

1063 802 1121 839 da.
1184 802 1316 839 Utram
1352 803 1516 851 sequaris
1564 806 1716 840 senten-

1063 858 1170 905 tiam,
1215 859 1261 895 de
1299 858 1443 896 Etruria
1484 858 1629 896 minime
1658 858 1716 895 hic

1064 914 1297 961 cogitandum
1307 943 1318 961 ,
1334 914 1491 963 indeque
1506 914 1603 952 nulla
1621 927 1714 964 opus

1065 969 1316 1007 emendatione
1356 970 1393 1006 in
1422 971 1512 1020 ipsis
1532 971 1715 1008 Herodoti

1062 1026 1204 1073 verbis,
1244 1030 1284 1062 ut
1311 1025 1410 1063 idem
1432 1027 1476 1063 C.
1497 1027 1543 1064 Ο.
1569 1026 1713 1064 Miiller.

1062 1081 1133 1118 iam
1155 1086 1263 1119 antea
1290 1087 1480 1119 monuerat
1505 1084 1543 1119 in
1573 1083 1716 1120 Orcho-

1062 1150 1157 1175 men.
1189 1151 1225 1188 p.
1245 1137 1338 1178 444.
1398 1137 1460 1175 Tu
1480 1139 1566 1175 add.
1598 1139 1715 1188 potis-

1061 1194 1189 1230 simum
1248 1194 1468 1231 Dahlmann.
1536 1194 1715 1232 Herodot.

1065 1264 1099 1299 p.
1122 1251 1175 1291 59
1193 1255 1268 1286 not.
1289 1253 1354 1292 60.
1394 1251 1528 1288 Kruse.
1550 1250 1680 1288 Hellas
1698 1251 1715 1288 Ι

1059 1320 1095 1357 p.
1119 1306 1201 1347 435
1231 1306 1309 1343 coll.
1339 1306 1422 1347 464
1461 1311 1498 1344 et
1520 1319 1614 1356 quae
1649 1306 1713 1344 Cr.

1060 1363 1205 1400 laudat:
1261 1362 1441 1412 Schlegel.
1487 1363 1525 1399 in
1571 1361 1714 1401 Annall.

1060 1419 1322 1467 Heidelbergg.
1334 1422 1383 1460 18
1392 1422 1440 1460 16
1452 1432 1506 1455 nr.
1516 1419 1568 1460 53
1581 1432 1617 1469 p-
1630 1419 1713 1461 855

1061 1488 1164 1524 seqq.
1204 1475 1536 1512 Raoul-Rochette
1561 1475 1713 1513 Histoir.

1063 1532 1110 1569 de
1131 1531 1327 1568 l’Etahliss.
1365 1532 1399 1569 d.
1429 1531 1545 1568 colon.
1578 1533 1712 1581 Grecq.

1061 1587 1134 1637 lp.
1152 1589 1234 1628 431
1265 1601 1368 1637 seqq.
1411 1587 1532 1625 Schol.
1562 1587 1712 1625 Aristid.

1061 1657 1149 1694 pag
1178 1645 1231 1684 33
1249 1645 1307 1682 ed.
1320 1644 1529 1692 Frommel„
1550 1644 1714 1682 ubihaec

1063 1704 1226 1738 exstant:
1262 1700 1403 1754 λῇσταί
1418 1715 1522 1747 τινες
1540 1693 1646 1751 ἦσαν
1673 1700 1715 1740 οἱ

1063 1755 1264 1808 Πελασγοὶ
1306 1756 1511 1804 οἰκοῦντες
1543 1755 1636 1808 περὶ
1664 1772 1713 1795 τα

1061 1811 1159 1865 μέρη
1180 1814 1252 1863 τῆς
1269 1813 1514 1879 Τνῤῥηνίας,
1533 1828 1587 1860 ως
1604 1809 1711 1878 Ἡρό-

1061 1869 1176 1915 §owe
1202 1869 1246 1909 ἐν
1275 1872 1330 1924 τῷ
1356 1865 1406 1919 α’,
1454 1870 1494 1909 οὶ
1529 1865 1713 1916 ἐλθόντες

1059 1938 1295 1980 κατωκησαν
1327 1925 1369 1966 ἐν
1404 1926 1614 1966 Θετταλία·
1653 1925 1712 1966 ἐκ·

1061 1981 1316 2033 διδαχθέντες
1334 1980 1378 2022 δὲ
1394 1980 1474 2022 υπὸ
1491 1984 1572 2022 τῶν
1591 1994 1711 2035 προσ-

1061 2039 1182 2079 οίκων
1201 2034 1361 2090 ἧλθον’
1345 2055 1383 2086 ες
1399 2035 1621 2089 Ἀθήναςκ-
1630 2054 1662 2080 τ.
1675 2042 1711 2079 λ.

1118 2111 1156 2135 οι
1175 2092 1344 2147 όμουροί
1375 2110 1464 2135 κοτε
1491 2097 1597 2147 ’ἦσαν
1623 2111 1659 2135 κ.
1678 2110 1710 2134 τ.

1060 2154 1094 2190 λ.
1098 2150 1111 2202 ]
1133 2153 1315 2190 Herodoti
1330 2153 1422 2191 haec
1438 2157 1495 2191 est
1510 2153 1710 2191 sententia:

1059 2208 1237 2257 Pelasgos
1278 2209 1390 2257 istos,
1451 2209 1515 2258 qui
1550 2222 1648 2247 nunc
1672 2209 1710 2245 in

1059 2264 1094 2302 Τ
1096 2265 1218 2302 hracia
1229 2265 1406 2313 habitant,
1436 2266 1482 2313 (e
1499 2266 1630 2315 quibus
1652 2278 1711 2302 ar-

1059 2325 1271 2369 gumentum
1291 2322 1339 2359 de
1360 2322 1484 2370 lingua
1514 2322 1613 2359 ducit
1630 2321 1711 2359 No-

1058 2378 1153 2425 ster)
1182 2378 1267 2414 olim
1298 2378 1335 2414 in
1374 2377 1568 2416 Thessalia
1598 2378 1712 2416 fuisse

1059 2433 1177 2481 iisque
1197 2433 1235 2469 in
1264 2433 1374 2481 locis,
1413 2446 1506 2482 quae
1539 2446 1636 2472 nunc
1662 2435 1710 2471 ad

1060 2488 1096 2525 T
1098 2489 1369 2526 hessaliotidem
1389 2492 1523 2526 terram
1535 2502 1630 2538 quae
1645 2502 1710 2527 vo-

1059 2549 1159 2581 catur
1198 2546 1402 2595 pertinent,
1455 2546 1620 2595 proxima
1662 2545 1711 2582 illi

1056 2605 1176 2638 terrae
1192 2629 1203 2648 ‚
1236 2614 1330 2651 quae
1350 2614 1444 2638 nunc
1452 2601 1563 2639 Don's
1582 2602 1710 2654 appel-

1054 2657 1158 2694 latur.

1111 2711 1179 2751 καὶ
1218 2711 1293 2764 τήν
1341 2713 1523 2764 Πλακίην
1562 2728 1604 2754 τε
1639 2713 1709 2754 καὶ

1056 2765 1269 2821 Σκυλάκην
1294 2772 1512 2824 Πελασγῶν
1532 2766 1707 2810 οἰκισάν-

1057 2840 1136 2865 των
1157 2841 1192 2864 r..
1205 2825 1293 2877 τ.λ.]
1324 2827 1383 2866 Ad
1403 2829 1594 2866 verborum
1612 2831 1707 2865 stru-

1057 2887 1193 2924 cturam
1213 2885 1306 2924 benc
1334 2898 1378 2925 ex
1408 2885 1706 2926 antecedentibus
