1805 3315
368 243 451 285 124

780 243 1254 284 HERODOTI

343 350 511 409 5μένων
539 350 651 397 εἶναι
678 350 906 410 ἀνάθημα·
937 353 1018 398 οὐκ
1048 352 1198 409 ὀρθῶς
1225 354 1432 411 λέγοντες.
1464 353 1552 397 ἔστι
1565 352 1651 410 γάρ

365 431 441 475 καὶ
469 435 598 476 τοῦτο
628 432 838 488 Κροίσου.
897 432 1111 489 ἐπέγραψε
1148 434 1195 478 δὲ
1230 438 1319 478 τῶν
1347 451 1411 486 τις
1447 437 1698 490 Δελφῶν,85

365 512 750 567 Λακεδαιμονίοισι
779 510 1047 568 βουλόμενος
1074 513 1341 568 χαρίζεσθαι·
1374 516 1455 557 τοῦ
1484 511 1654 557 ἐπιστά-

365 606 495 645 μενος
523 588 572 633 τό
600 588 794 646 οὕνομα,
825 587 909 633 οὐκ
938 589 1237 648 ἐπιμνήσομαι.
1275 590 1364 637 ἀλλ’
1396 592 1420 637 ὁ
1439 592 1519 648 μὲν
1536 595 1652 643 παῖς,

366 666 419 712 δι’
444 663 499 712 οὗ
519 672 595 725 τῆς
621 667 764 724 χειρός
782 667 867 724 ῥέει
895 668 944 712 τὸ
974 668 1119 726 ὕδωρ,
1149 673 1512 728 Λακεδαιμονίων
1541 671 1649 715 ἐστι’·

342 746 419 791 6οὖ
449 747 598 803 μέντοι
642 750 731 790 τῶν
767 762 816 801 γε
852 748 1222 805 περιρραντηρίων
1260 749 1501 806 οὐδέτερον.
1544 749 1651 793 ἄλλα

362 842 407 870 τε
439 823 699 882 ἀναθήματα
727 822 810 867 οὐκ
836 824 1022 883 ἐπίσημα
1045 828 1184 871 πολλοὶ
1207 827 1427 886 ἀπέπεμψε
1446 829 1535 885 ἅμα
1552 826 1696 872 τού-90

361 915 474 947 τοισι
503 902 528 947 ὁ
557 906 771 959 Κροῖσος,
809 905 884 949 καὶ
919 905 1108 962 χεύματα
1146 905 1340 962 ἀργύρεα
1368 907 1647 963 κυκλοτερέα·

362 982 436 1026 καὶ
466 981 520 1039 δή
549 982 624 1026 καὶ
660 983 870 1039 γυναικὸς
909 985 1091 1029 εἴδωλον
1126 984 1312 1041 χρύσεον
1347 987 1551 1042 τρίπηχυ,
1595 984 1645 1028 τό

361 1061 532 1118 Δελφοὶ
559 1064 636 1119 τῆς
666 1060 919 1120 ἀρτοκόπου
947 1067 1023 1122 τῆς
1050 1066 1245 1121 Κροίσου
1282 1063 1432 1110 εἰκόνα
1471 1064 1648 1120 λέγουσι

323 1247 442 1284 suasit
456 1247 689 1286 Hermannus
701 1278 712 1297 ‚
740 1249 839 1287 cuius
858 1248 976 1287 locum

320 1303 386 1341 Cr.
416 1305 661 1355 adscripserat
698 1298 827 1354 (Uber
846 1306 881 1344 d.
901 1306 975 1344 Be-

320 1359 445 1397 handl.
485 1361 521 1398 d.
560 1361 737 1400 Inschrift.
777 1375 864 1412 pag.
894 1365 972 1403 191

316 1416 429 1466 seq).
459 1438 515 1445 —-
544 1417 586 1454 In
603 1430 708 1468 seqq.
737 1419 858 1456 verbis
889 1431 973 1456 sen-

316 1485 396 1509 sum
425 1473 543 1522 magis
567 1486 676 1523 quam
698 1476 968 1523 grammaticam

316 1533 531 1566 structuram
592 1529 732 1568 Noster
787 1531 970 1582 respexit3

315 1598 395 1623 cum
415 1587 510 1623 enim
532 1586 698 1624 dixisset:
723 1602 753 1636 φ
766 1603 790 1625 α
803 1586 894 1637 μέν
905 1602 934 1626 ω
946 1602 968 1626 v

315 1637 421 1680 εἶναι
463 1637 680 1692 ἀνάθημα·
712 1645 855 1693 pergit:
895 1639 969 1683 οὔκ

312 1693 451 1750 ὀρθῶς
480 1696 722 1749 λέγοντες
740 1714 777 1739 κ.
792 1702 884 1748 τ.λ.,
904 1701 966 1737 ubi

312 1755 550 1805 exspectabas
571 1751 762 1807 λεγόντων
777 1756 834 1796 vel
865 1755 964 1793 aliud

313 1811 413 1861 quid.

369 1867 727 1919 Λακεδαιμονίοισι
777 1864 965 1920 βουλόμε-

312 1937 383 1970 νος
415 1922 672 1977 χαρίζεσθαι]
719 1925 806 1962 Una
832 1924 965 1962 Aldina

313 1983 351 2017 et
368 1985 550 2030 quotquot
566 1981 653 2019 inde
677 1982 875 2018 fluxerunt:
899 1996 964 2031 χα-

311 2035 517 2086 ρίσασθαι.
567 2036 754 2075 Mediceus
775 2049 817 2074 ac
835 2036 964 2086 reliqui

312 2091 393 2129 libri
413 2092 648 2144 χαρίζεσθαι
661 2122 672 2141 ,
701 2093 801 2142 quod
819 2094 962 2132 reduxit

311 2147 599 2198 Wesselingius,
629 2162 651 2187 a
672 2161 745 2198 quo
762 2162 824 2185 cur
842 2163 962 2187 neces-

309 2205 423 2241 serint
442 2205 645 2254 Schweigh.
667 2210 704 2243 et
723 2205 840 2242 Gaisf.
862 2205 960 2243 libris

308 2260 448 2308 invitis,
477 2261 610 2298 nullam
638 2261 806 2310 equidem
832 2262 961 2299 idone-

308 2328 368 2353 am
385 2317 565 2367 perspicio
598 2329 754 2355 causam.
812 2317 961 2354 Rescri-

306 2372 367 2423 psi
398 2386 478 2410 cum
503 2373 682 2411 Matthiae
716 2373 959 2426 χαρίζεσθαι.

306 2449 365 2456 ·—-
391 2427 538 2467 Nomen
556 2429 730 2477 hominis,
767 2430 868 2480 quod
897 2443 957 2467 ce-

305 2484 357 2521 lat
386 2484 620 2533 Herodotus,
666 2485 816 2522 Aetkum
843 2486 958 2524 fuisse

304 2544 429 2577 auctor
447 2546 505 2579 est
524 2541 756 2579 Ptolemaeus
780 2542 817 2578 in
836 2541 956 2578 Photii

303 2595 473 2635 Biblioth.
496 2597 594 2635 Cod.
615 2599 695 2638 190
714 2611 800 2649 pag.
822 2597 916 2639 481.

362 2660 462 2703 ἄλλα
505 2679 547 2704 τε
595 2659 840 2715 ἀναθήματα
882 2660 957 2703 οὐκ

304 2717 503 2772 ἐπίσημα]
533 2722 558 2758 ἰ.
586 2734 618 2759 e.
649 2721 797 2758 (lunaria
816 2723 957 2758 minoris

300 2779 417 2827 pretii.
475 2777 676 2825 Schweigh.
722 2778 784 2827 qui
828 2778 956 2815 vertit:

304 2833 427 2880 „nullo
446 2836 592 2882 signata
602 2833 708 2871 titulo
723 2834 956 2883 (donaria)‚“

305 2888 340 2928 h.
378 2889 400 2928 1.
429 2890 577 2940 haeret,
612 2903 691 2930 cum
727 2889 956 2929 simulacrum

1043 1250 1143 1288 istud
1162 1261 1311 1288 aureum
1339 1246 1563 1295 tricubitale,
1593 1246 1694 1296 quod

1042 1319 1125 1344 mox
1149 1309 1391 1352 memoratur,
1422 1317 1497 1341 non
1518 1308 1593 1341 tam
1610 1302 1692 1340 vilis

1041 1363 1148 1400 fuerit
1174 1362 1293 1414 pretii.
1351 1361 1426 1398 Sed
1458 1360 1568 1398 hocce
1597 1372 1691 1410 opus

1041 1420 1171 1467 adea,
1199 1432 1293 1468 quae
1325 1432 1400 1456 ουκ
1428 1415 1602 1466 ἐπίσημα
1633 1416 1689 1453 di-

1039 1480 1187 1523 cuntur,
1218 1488 1261 1512 ex
1287 1474 1468 1511 Herodoti
1508 1472 1689 1510 sententia

1036 1544 1112 1568 non
1148 1531 1389 1569 referendum.
1425 1551 1480 1557 -—-
1514 1524 1688 1579 χεύματα

1036 1600 1132 1637 quae
1163 1587 1211 1624 ad
1241 1598 1380 1623 sacram
1403 1585 1688 1636 suppellectilem

1036 1643 1244 1694 pertinent,
1264 1654 1351 1679 vasa
1368 1642 1535 1679 videntur
1555 1654 1638 1679 esse
1657 1654 1687 1679 S.

1036 1712 1150 1737 urnae
1180 1699 1229 1735 ad
1265 1698 1436 1735 libamina
1465 1697 1689 1735 effundenda

1035 1756 1073 1792 in
1092 1755 1238 1805 templis
1256 1754 1458 1801 adhibitae,
1486 1756 1594 1802 gatti.
1626 1753 1687 1791 In-

1033 1815 1090 1850 ter
1132 1811 1254 1849 lances
1286 1823 1329 1848 ac
1365 1810 1510 1861 patinas
1557 1809 1686 1847 Pollux

1034 1869 1227 1906 Onomast.
1255 1866 1329 1915 VI,
1358 1866 1423 1908 84.
1463 1866 1521 1915 X,
1542 1867 1598 1908 82
1626 1878 1684 1904 re-

1032 1926 1102 1963 fert
1131 1920 1315 1976 χεύματα.

1086 2007 1131 2032 το
1161 1989 1315 2041 Δελφοὶ
1349 1991 1439 2055 τῆς
1458 2004 1684 2042 αρτοκοπου

1028 2050 1102 2099 τῆς
1131 2049 1312 2100 Κροίσου
1355 2041 1493 2087 εἰκόνα
1523 2045 1681 2098 λέγουσι

1029 2102 1163 2156 εἶναι]
1203 2106 1385 2152 Causam,
1422 2116 1484 2141 cur
1528 2103 1601 2141 tale
1631 2103 1682 2139 si-

1027 2162 1223 2199 mulacrum
1252 2161 1472 2198 dedicaverit
1505 2159 1681 2208 Croesus,

1027 2219 1146 2268 aperit
1156 2218 1369 2255 Plutarchus
1381 2217 1428 2254 de
1448 2216 1552 2266 Pyth.
1563 2228 1679 2253 oracc.

1028 2275 1128 2324 Opp.
1149 2274 1197 2312 T.
1218 2274 1252 2311 fl
1275 2287 1362 2324 pag.
1385 2273 1480 2319 401,
1501 2272 1549 2310 E.
1590 2272 1678 2309 Ser-

1025 2335 1131 2367 vatus
1153 2331 1249 2367 euim
1270 2330 1338 2367 fuit
1358 2342 1426 2380 per
1445 2328 1537 2365 illius
1548 2328 1677 2365 mulie-

1024 2387 1074 2423 ris
1104 2387 1214 2423 fidem
1227 2415 1238 2433 ,
1273 2399 1354 2423 cum
1381 2397 1538 2422 noverca
1566 2397 1678 2422 vene-

1024 2446 1112 2478 nato
1138 2454 1235 2492 pane
1267 2455 1350 2479 enm
1378 2441 1582 2478 interficere
1610 2453 1676 2476 vo-

1023 2498 1161 2535 luisset.
1227 2498 1339 2541 Quod
1383 2497 1433 2533 ad
1477 2495 1674 2543 imaginem

1022 2554 1139 2603 ipsam
1167 2554 1316 2599 attinet,
1350 2553 1427 2590 iure
1454 2552 1523 2588 hoc
1552 2564 1674 2589 exem—

1023 2609 1108 2660 plo,
1137 2614 1176 2646 ut
1194 2609 1259 2646 Cr.
1279 2610 1453 2655 adnotat,
1481 2621 1573 2644 usus
1601 2612 1672 2654 est,

1021 2666 1257 2703 Hermannus
1309 2666 1348 2702 in
1401 2665 1491 2701 libro
1533 2664 1671 2701 laudat.

1022 2735 1109 2773 pag.
1128 2721 1209 2763 205
1223 2751 1233 2769 ‚
1248 2735 1321 2770 quo
1340 2721 1474 2759 scilicet
1490 2725 1673 2757 monstra-

1023 2783 1099 2825 ret,
1130 2778 1415 2826 „antiquissima
1442 2778 1514 2814 iam
1549 2781 1672 2814 aetate

1022 2838 1159 2871 statuas
1182 2835 1361 2881 extitisse,
1382 2847 1475 2883 quae
1496 2834 1596 2884 ipsos
1605 2833 1671 2870 ho-

1022 2890 1138 2930 mines
1171 2892 1541 2943 repraesentaverint3
1570 2892 1670 2944 quod
