1759 3324
25 389 91 433 10

522 266 940 309 EUTERPE.
998 267 1043 305 11.

1318 270 1402 311 497

143 460 330 513 κατάπερ
371 459 414 501 οἱ
451 455 560 510 ἱρέες
593 455 765 511 ἔλεγον,
812 453 954 500 ἐδόκεε
988 453 1034 497 δὲ
1062 453 1137 497 καὶ
1166 453 1286 513 αὐτῷ
1314 461 1444 512 μοι45

117 537 260 582 Ξεῖναι
288 537 508 593 ἐπίκτητος
536 536 823 590 Αἰγυπτίοισι.
880 536 971 576 τῶν
998 531 1082 588 γὰρ
1113 530 1285 587 οὐρέων
1312 539 1399 578 τῶν

143 615 378 671 εἰρημένων
411 618 499 658 τῶν
545 611 653 669 ὑπὲρ
702 613 885 669 Μέμφιν
923 609 1051 655 πόλιν
1093 611 1304 669 κειμένων
1345 612 1393 657 τὸ

139 694 295 750 μεταξὺ
333 691 533 750 ἐφαίνετό
571 709 645 749 μοι,
683 689 795 735 εἷναί
829 707 928 735 κοτε
967 690 1130 743 κόλπος
1157 690 1395 749 θαλάσσης,

308 889 421 940 Cap.
458 887 506 925 X.

136 968 281 1023 ταύτης
316 965 372 1010 ὦν
398 973 469 1022 τῆς
494 967 625 1023 χώρης
660 973 730 1022 τῆς

84 1028 290 1080 εἰρημένης
309 1027 338 1078 ἦ
356 1025 503 1078 πολλή]
530 1029 651 1066 Secuti
671 1043 728 1065 su-

82 1100 159 1124 mus
175 1085 376 1133 Schweigh.
397 1089 433 1122 et
455 1085 569 1122 Gaisf.
609 1084 728 1133 Vulgo

81 1142 174 1179 male
194 1142 362 1177 omittunt
371 1143 442 1191 τῆς
455 1136 584 1191 χώρης
600 1144 635 1178 et
643 1154 727 1178 mox

80 1197 289 1248 particulam
318 1194 359 1235 δὲ
388 1201 472 1246 post
505 1193 644 1236 ἐδόκεε.
672 1219 728 1227 —-

80 1254 139 1292 De
157 1267 195 1292 re
211 1254 292 1304 ipsa
312 1255 405 1291 conf.
424 1256 513 1289 nott.
531 1254 578 1290 ad
595 1253 642 1300 ΙΙ,
660 1253 697 1294 5.

135 1334 178 1376 vd
206 1333 349 1388 μεταξύ
375 1332 559 1385 ἐφαίνετό
581 1351 648 1386 μοι
675 1333 725 1375 εἷ-

79 1393 149 1433 ναί
181 1408 275 1432 ποτε
311 1387 457 1438 κόλπος
495 1388 723 1443 θαλάσσης]

75 1448 236 1486 Aliorum
257 1450 466 1495 sententias,
497 1462 591 1498 quae
607 1449 725 1486 exhoc

76 1506 156 1556 ipso
176 1505 254 1542 loco
273 1507 472 1552 fluxerunt,
500 1505 571 1542 iam
587 1506 727 1542 notavit

78 1561 297 1609 l'Vesseling.
332 1561 401 1597 Est
419 1562 630 1611 praecipuus
650 1561 725 1598 Pli-

77 1617 126 1654 nii
143 1618 240 1655 locus
259 1618 308 1654 H.
327 1616 374 1654 N.
396 1617 449 1663 ll,
465 1616 540 1664 85,
570 1617 631 1666 qui
647 1617 724 1655 He-

76 1674 196 1710 rodoti
214 1674 322 1711 verba
341 1674 483 1723 repetit,
494 1673 571 1710 coll.
582 1673 723 1711 Arrian.

77 1729 216 1779 Exped.
243 1729 344 1767 Alex.
360 1728 413 1777 V,
445 1731 470 1768 6
491 1733 527 1766 et
554 1729 723 1766 Strabon.

77 1785 164 1822 XIII
184 1799 219 1835 p.
240 1786 346 1826 1013
374 1798 401 1821 s.
420 1787 514 1832 691,
544 1786 605 1834 qui
626 1785 723 1823 idem

76 1841 304 1879 Herodotum
325 1841 448 1877 laudat
475 1845 584 1890 atque
602 1840 721 1878 Near-

75 1898 188 1935 chum.
223 1898 414 1947 lmpugnat
430 1898 575 1946 quidem
593 1896 721 1934 Nostri

75 1954 290 1991 sententiam
306 1953 487 1990 Mannert.
502 1952 524 1989 l.
536 1952 558 1989 l.
576 1953 623 2000 X,
648 1956 665 1993 1
682 1967 719 2003 p.

74 2009 157 2051 245
177 2023 295 2059 seqq.,
315 2010 369 2046 cui
395 2010 609 2059 opponimus
625 2022 719 2058 quae

75 2067 123 2103 ad
154 2065 208 2113 ΙΙ,
239 2066 266 2107 4
295 2069 331 2103 et
363 2065 388 2106 5
416 2066 590 2102 adnotata
625 2069 718 2102 sunt.

75 2121 233 2159 Maxime
241 2134 327 2159 vero
338 2122 407 2159 huc
417 2122 549 2158 faciunt
558 2134 613 2169 ea,
626 2134 721 2170 quae

76 2178 206 2216 Ritter.
237 2178 404 2215 disseruit
429 2177 466 2213 in
489 2177 680 2214 Erdkund.
706 2177 723 2214 I

75 2247 161 2287 pag.
172 2235 264 2276 852.
278 2235 414 2271 Rerum
428 2234 640 2271 naturalium
657 2247 723 2284 pe-

76 2289 164 2327 ritos
181 2290 239 2328 ille
264 2291 407 2337 scribit,
435 2290 496 2339 qui
513 2289 723 2340 Aegyptum

77 2344 146 2383 huc
177 2358 290 2396 usque
327 2346 541 2393 inviserint„
565 2359 645 2383 eam
684 2346 722 2382 in

79 2403 291 2440 sententiam
318 2403 494 2439 adductos
512 2402 644 2449 fuisse,
684 2405 724 2439 ut

80 2469 220 2495 omnem
237 2457 310 2494 Nili
334 2458 529 2496 convallem
547 2458 656 2495 maris
676 2458 725 2495 si-

79 2525 163 2549 num
183 2512 265 2550 olim
293 2515 404 2552 fuisse
431 2515 586 2565 (pariter
614 2519 724 2563 atque

80 2580 175 2604 nunc
198 2569 310 2606 sinum
334 2569 542 2618 Arabicum)
562 2570 724 2621 suspica-

82 2627 220 2671 rentur,
255 2625 290 2662 in
311 2637 417 2674 quem
436 2639 536 2665 mare
557 2639 624 2677 per
643 2639 722 2664 eam

81 2678 219 2716 intrarit
250 2681 456 2730 regionem,
500 2695 595 2731 quae
629 2695 725 2719 nunc

82 2733 193 2771 Delta
217 2737 463 2786 perhibeatur,
503 2739 549 2775 ab
566 2737 724 2776 Alexan-

83 2789 162 2827 dria
176 2803 289 2840 usque
306 2793 353 2829 ad
369 2794 549 2831 Pelusium
560 2799 725 2844 porrecta

84 2845 176 2882 intra
194 2845 395 2886 Mokattam
411 2854 448 2887 et
464 2850 603 2899 Libyae
621 2863 724 2887 mon-

84 2904 139 2938 tes
160 2903 411 2950 prominentes.
438 2904 559 2955 Atque
577 2906 667 2957 ipsis
686 2906 725 2943 in

136 2955 338 2996 Hssnono‘r.
369 2959 396 2998 Ι.

798 886 1052 937 praecipitibus
1079 887 1174 924 saxis
1205 889 1336 925 montis
1362 887 1446 925 Mo-

797 944 936 980 kattam
962 944 1090 993 (supra
1109 943 1316 993 Memphin)
1336 946 1445 982 vesti-

797 1000 858 1048 gia
878 1004 975 1037 certa
989 1000 1168 1049 quaedam
1179 1001 1355 1038 undarum
1366 1014 1446 1038 ma-

795 1056 843 1091 ris
863 1056 1023 1105 reperiri.
1054 1056 1131 1093 Sed
1145 1055 1294 1093 multum
1318 1058 1444 1106 utique

793 1112 976 1149 effluxisse
995 1112 1191 1162 temporis,
1221 1111 1278 1148 vix
1298 1125 1444 1150 accura-

794 1167 865 1204 tius
887 1167 1138 1215 infflcandum,
1168 1169 1254 1204 dum
1274 1168 1385 1206 Delta
1403 1182 1446 1207 ex

794 1223 899 1260 undis
918 1224 1026 1260 maris
1044 1224 1262 1275 provenerit.
1291 1225 1444 1262 Faciunt

792 1292 940 1328 quoque
957 1280 1044 1328 huc,
1075 1293 1169 1329 quae
1186 1280 1281 1317 idem
1303 1282 1444 1331 profert

792 1335 925 1373 Ritter.
955 1335 977 1372 l.
1001 1335 1025 1373 l.
1049 1348 1134 1385 pag.
1155 1336 1236 1376 858
1257 1349 1333 1385 seq.
1359 1338 1441 1378 860

791 1404 894 1440 seqq.
913 1404 957 1429 ex
978 1391 1164 1428 Gallorum
1185 1392 1369 1429 doctorum
1387 1394 1442 1429 in-

789 1448 1100 1495 vestigationibus.
1131 1447 1216 1485 Veri
1230 1449 1322 1485 enim
1342 1449 1442 1486 simi-

789 1502 824 1540 le
842 1504 976 1550 videri,
991 1503 1127 1550 Nilum,
1147 1508 1341 1554 antequam
1353 1504 1442 1542 Del-

790 1563 864 1596 tam
892 1559 977 1597 limo
999 1564 1035 1597 et
1056 1573 1167 1598 arena
1195 1560 1440 1610 compleverit,

791 1615 860 1652 alia
885 1616 941 1653 via
968 1628 1036 1665 per
1064 1615 1204 1665 Libyae
1232 1616 1375 1654 deserta
1400 1617 1437 1653 in

789 1684 889 1709 mare
909 1672 1027 1708 undas
1046 1684 1128 1709 suas
1146 1672 1299 1711 volvisse
1314 1677 1349 1710 et
1359 1673 1440 1722 qui-

790 1728 873 1765 dem
901 1741 968 1777 per
990 1741 1068 1765 eam
1096 1728 1315 1775 convallem,
1345 1741 1438 1777 quae

787 1796 883 1821 nunc
901 1787 1048 1821 vocetur
1076 1783 1169 1821 Thac
1196 1784 1257 1820 der
1278 1783 1436 1821 Natron—

787 1852 862 1876 seen
879 1844 916 1877 et
938 1839 1032 1876 Thac
1053 1839 1110 1876 (les
1122 1839 1436 1877 Balar-hem-md

787 1896 828 1943 (i.
842 1909 873 1933 e.
890 1896 989 1932 vallis
1001 1897 1099 1932 fluvii
1109 1909 1282 1945 aquarum
1296 1892 1435 1946 inopis)

788 1966 815 1989 s.
834 1951 937 1988 Balcr
961 1955 994 1988 et
1024 1951 1163 2000 Farz‘gloe
1193 1952 1245 2000 (i.
1275 1966 1306 1990 e.
1336 1953 1435 1989 fluvii

784 2008 932 2057 vacui),
962 2008 1008 2045 ab
1027 2012 1200 2047 euronoto
1220 2009 1270 2045 ad
1289 2013 1433 2058 septen-

785 2065 939 2102 trionem
957 2068 993 2101 et
1013 2064 1234 2102 occidentem
1251 2077 1438 2111 conversa,

786 2121 836 2157 ita
854 2124 893 2157 ut
912 2133 934 2157 a
949 2121 1100 2158 meridie
1116 2119 1242 2158 vallem
1260 2119 1436 2158 Moeridis

787 2177 996 2214 continuare
1017 2177 1192 2214 videatur.
1222 2177 1263 2213 ln
1274 2177 1438 2226 quaipsft

787 2236 864 2270 tum
885 2232 954 2269 alia
973 2245 1053 2270 esse
1070 2233 1229 2280 inventa,
1250 2237 1326 2270 tum
1339 2234 1439 2281 frag-

787 2293 910 2326 menta
930 2288 1018 2337 ligni
1033 2289 1234 2338 petrificata
1263 2289 1438 2338 ipsosque

786 2349 933 2382 truncos
950 2345 1169 2395 petrificatos
1191 2346 1277 2382 satis
1293 2345 1438 2394 longos,

788 2401 941 2452 piscium
960 2413 1044 2438 ossa
1061 2401 1274 2451 petrificata,
1293 2405 1330 2439 et
1344 2413 1438 2450 quae

789 2457 843 2495 his
865 2461 949 2495 sunt
967 2457 1103 2494 similia.
1143 2457 1252 2494 Conf.
1277 2461 1368 2493 nott.
1389 2456 1439 2493 ad

788 2513 836 2560 II,
858 2517 911 2555 12
926 2513 1003 2550 init.
1024 2517 1062 2551 et
1083 2513 1130 2561 ΙΙ,
1149 2515 1214 2554 99.
1243 2512 1336 2550 Eam
1356 2525 1439 2549 sen-

788 2570 939 2607 tentiam
968 2570 1101 2620 probat
1132 2568 1302 2605 Minutoli
1326 2568 1438 2606 Reise

790 2626 880 2663 nach
898 2627 981 2663 dem
1002 2625 1156 2676 Tempel
1168 2625 1203 2662 d.
1221 2625 1305 2675 Jup.
1320 2623 1436 2661 Amm.

789 2695 876 2732 pag·
897 2684 976 2723 190
995 2694 1072 2731 seq.
1101 2681 1150 2717 Et
1168 2680 1440 2717 communicavit

789 2751 930 2775 mecum
951 2737 1016 2774 Cr.
1033 2737 1274 2787 scriptionem,
1295 2737 1340 2773 ab
1356 2735 1440 2772 Rit-

789 2798 868 2831 tero
888 2806 1035 2843 quoque
1051 2793 1246 2838 laudatam,
1268 2791 1329 2828 ubi
1347 2791 1438 2827 haec

791 2863 848 2887 res
867 2850 1065 2886 accuratius
1084 2852 1236 2885 tractata
1252 2852 1325 2884 est:
1354 2845 1438 2883 Me-

790 2906 904 2943 moire
921 2918 981 2942 sur
997 2904 1034 2942 la
1049 2904 1162 2941 vallee
1181 2904 1246 2940 des
1270 2901 1366 2939 Lacs
1391 2902 1440 2940 de

1108 2960 1164 2999 32

261 379 427 435 Ταύτης
455 373 518 422 ὦν
540 381 615 433 τῆς
641 374 783 434 χώρης
819 378 896 432 τῆς
930 373 1156 433 εἰρημένης
1183 374 1211 431 ἡ
1241 377 1392 434 πολλὴ,
1451 385 1548 415 Terra
1560 387 1724 419 intermon-

1450 424 1509 447 tem
1523 423 1675 451 Arabicum
1696 429 1726 453 et

1450 453 1623 495 Ifihyciim,·
1655 458 1724 486 olim

1447 494 1531 515 Slnus
1548 496 1649 518 matis.
