1805 3315
367 215 423 258 14
781 201 1247 246 HERODOTI
1788 198 1792 256 i

342 327 530 371 5σασθαι
572 319 622 363 τὸ
653 314 907 373 Ἑλληνικόν
957 312 1085 368 σφίσι
1127 306 1239 354 εἶναι
1276 305 1498 364 πολέμιον.
1561 304 1654 362 Τήν
1790 320 1794 349 ι

364 403 449 460 γὰρ
465 399 611 454 Ἀσίην
631 396 704 440 καὶ
733 394 788 439 τὰ
813 391 1060 439 ἐνοικέοντα
1079 390 1207 434 ἔθνεα
1225 388 1429 446 βάρβαρα
1450 385 1655 429 οῑκειεῦν·

365 497 437 524 ται
471 479 514 522 οἷ
548 476 735 531 Πέρσαι,
783 474 864 529 τὴν
902 471 948 516 δὲ
978 468 1202 526 Εὐρώπην
1230 467 1305 513 καὶ
1330 466 1380 511 τὸ
1400 461 1656 521 Ἑλληνικὸν
1792 477 1796 533 2

366 558 548 617 ἥγηνται
574 554 852 611 κεχωρίσθαι.
1794 543 1796 593 ᾗ

286 635 318 681 5
482 635 607 681 Οὕτω
649 633 728 689 μὲν
774 630 942 685 Πέρσαι
982 628 1157 685 λέγουσι
1187 624 1418 683 γενέσθαι,
1465 620 1539 665 καὶ
1583 617 1703 667 διά7ο
1793 598 1798 674 i

48 706 325 767 a.¹1¹⁴}31¹1'1'.¹13{i‹‘›⁵a¹ii3
370 716 450 775 τὴν
462 715 588 760 Ἰλίου
617 713 782 758 ἅλωσιν
809 708 1062 767 εὑρίσκουσι
1082 708 1208 765 σφίσι
1226 705 1387 750 ἐοῦσαν
1413 702 1494 759 τὴν
1519 697 1659 755 ἀρχὴν
1794 676 1801 758 i

51 772 183 813 narratio
229 770 326 799 Phoe-

50 814 158 834 lucum.

327 908 471 954 τούτου
490 911 513 947 i.
532 923 563 948 e.
589 908 632 945 ab
657 921 694 946 eo
722 904 802 944 inde
828 909 985 955 tempore,
1041 905 1194 940 notante
1233 897 1438 946 Heerenio‚
1484 894 1598 936 Ideen
1636 897 1703 932 etc.

329 971 391 1008 ubi
405 968 513 1017 vulgo
531 965 703 1015 supplent
725 958 884 1016 χρόνου.
901 961 985 997 Vid.
1042 960 1079 1005 1,
1126 961 1148 999 1
1195 971 1231 1007 p.
1276 956 1379 1003 476‚
1434 957 1545 1002 atque
1591 951 1700 989 etiam

329 1026 442 1065 modo
467 1023 654 1061 Lambert.
671 1021 758 1057 Bos.
779 1019 838 1057 De
859 1017 986 1066 Ellips.

330 1081 376 1121 L.
404 1081 468 1117 Gr.
500 1093 537 1130 p.
567 1077 647 1119 546
677 1090 731 1126 sq.
789 1073 989 1114 Literulam

331 1135 364 1178 τ’
389 1141 473 1174 ante
496 1134 574 1174 αἰεὶ
595 1133 713 1169 ἰῐιὴῒίε
735 1132 834 1169 libris
865 1144 888 1167 a
912 1129 991 1178 qui-

333 1194 489 1232 busdam
505 1192 677 1228 insertam
693 1202 774 1225 cum
790 1186 991 1234 Schweigh.

334 1254 373 1289 et
407 1249 525 1285 Gaisf.
565 1246 673 1292 eieci,
718 1257 809 1294 quos
843 1243 994 1281 eosdem

335 1309 482 1344 secutus
511 1303 597 1341 dedi
627 1312 740 1351 σφισι
763 1313 832 1352 pro
856 1309 995 1350 σφισιν

337 1377 369 1401 S.
395 1374 478 1412 σφι.

393 1447 468 1501 τήν
485 1445 559 1502 γαρ
575 1443 709 1498 Ἀσίην
726 1443 795 1485 καὶ
823 1440 871 1484 voi
897 1441 995 1483 ἔνοι-

337 1506 480 1550 κέοντα
508 1505 630 1545 ἔθνεα
667 1498 851 1555 βάρβαρα
881 1500 997 1539 οἰκει-

341 1568 478 1606 εῦνται
510 1561 551 1602 οἱ
581 1559 755 1611 Πέρσαι]
795 1558 855 1596 De
880 1559 998 1594 forma

342 1621 583 1662 οἰκειεῦνται
610 1619 653 1654 cf.
679 1617 727 1653 ad
752 1615 789 1662 Ι,
820 1613 884 1655 94.
926 1612 1000 1649 Ex-

340 1677 477 1730 pressit
503 1676 619 1712 Schw.
647 1673 738 1709 haec
762 1672 828 1707 ita:
861 1669 938 1717 „ad
965 1681 1000 1705 se

335 1736 508 1786 pertinere
575 1731 763 1766 autumant
831 1725 998 1763 Persae.“

344 1789 518 1828 wessel.:
555 1785 719 1834 „Persae
753 1797 879 1820 suum
905 1794 1001 1819 esse

337 1847 525 1899 ferebant,
588 1857 605 1879 s
620 1844 635 1878 ι’
653 1843 671 1878 b
692 1844 707 1878 ί
723 1854 743 1891 (1
758 1854 781 1877 u
799 1853 816 1877 e
873 1851 1001 1876 onmem

343 1904 487 1949 Asiam,
527 1911 700 1937 armorum
729 1900 804 1934 iure
837 1910 860 1932 α
892 1897 1002 1932 maio-

345 1961 443 1997 ribus
496 1959 723 2004 occupatam,
785 1953 1001 1990 vindica—

346 2015 474 2053 bant.“
514 2014 615 2050 Idem
638 2011 726 2048 haec
748 2009 878 2047 Nostri
890 2009 1002 2046 verba

346 2071 515 2110 disertius
554 2067 739 2105 declarant
777 2066 852 2112 IX,
902 2067 1001 2106 116:

347 2124 455 2178 ,,τη“ν
478 2122 611 2175 Ἀσίην
639 2125 772 2162 πᾶσαν
798 2121 1004 2173 νομίζουσι

347 2184 500 2224 ἑαυτῶν
523 2180 675 2232 Πέρσαι
704 2174 807 2218 εἶναι
832 2176 900 2217 καὶ
930 2178 1004 2216 τοῦ

349 2239 430 2280 αἰεὶ
450 2232 769 2291 βασιλεύοντος.“
798 2235 848 2271 Et
869 2235 1005 2271 faciunt

348 2297 420 2335 hue
442 2309 485 2333 ea
508 2307 653 2343 quoque
674 2293 802 2339 verba,
833 2303 928 2340 quae
941 2303 1003 2326 su-

349 2365 420 2405 pra
434 2352 602 2400 leguntur
620 2349 759 2386 addita:
791 2346 914 2397 σφέας
931 2343 1003 2397 μὲν

352 2405 428 2460 δὴ,
473 2403 587 2453 τούς
626 2404 675 2445 ἐκ
711 2406 799 2455 τῆς
833 2398 1002 2454 Ἀσίης,

351 2464 520 2517 λέγουσι.
555 2463 625 2499 Est
651 2474 737 2499 vero
761 2461 850 2497 haec
870 2460 1005 2510 prima-

354 2523 409 2559 ria
432 2520 537 2570 quasi
567 2518 747 2556 sententia
778 2518 827 2554 ad
849 2516 1006 2554 orienta-

353 2577 439 2615 lium
451 2575 656 2612 istiusmodi
680 2586 876 2622 regnorum
896 2573 1007 2609 ratio-

355 2646 422 2671 nes
446 2632 697 2680 intelligendas
722 2631 889 2678 adeoque
917 2629 1007 2666 Per-

355 2690 421 2727 sici
450 2689 555 2737 regni
593 2686 837 2724 conditionem
863 2686 1008 2735 perspi-

357 2745 545 2790 ciendam3
611 2743 749 2792 quippe
799 2742 848 2778 ad
898 2754 1009 2790 quam

358 2801 480 2839 omnia
502 2800 627 2837 referri
645 2799 803 2835 debeant
820 2798 924 2845 regni
953 2797 1009 2834 in-

359 2859 484 2897 stituta
525 2868 568 2895 ac
609 2854 810 2908 principum
851 2852 1011 2901 consilia,

1046 1016 1252 1059 Creuzero,
1301 1013 1361 1060 qui
1405 1011 1578 1047 admonet
1615 1007 1702 1044 anni

1048 1072 1154 1112 1281
1187 1082 1259 1118 quo
1283 1067 1398 1104 Troia
1412 1067 1564 1103 obsessa
1577 1065 1705 1109 fertur,

1050 1131 1088 1165 et
1111 1126 1212 1173 559,
1243 1136 1314 1173 quo
1344 1136 1440 1160 anno
1474 1122 1591 1170 Cyn-us
1612 1119 1705 1157 Per-

1050 1195 1173 1219 sarum
1203 1193 1275 1217 rex.
1323 1180 1435 1216 Cuius
1463 1176 1590 1214 similia
1617 1187 1705 1213 con-

1051 1239 1131 1275 silia
1157 1237 1388 1285 eandemque
1413 1234 1516 1283 regni
1543 1232 1703 1270 indolem

1051 1308 1132 1332 cum
1152 1293 1393 1344 reperiamus,
1429 1291 1527 1329 haud
1549 1289 1624 1326 scio
1655 1301 1705 1325 an

1052 1352 1129 1389 eius
1154 1362 1308 1398 regnum
1331 1348 1429 1384 haud
1459 1358 1609 1396 prorsus
1636 1357 1706 1381 no-

1050 1420 1135 1444 vum
1171 1405 1381 1451 existimari,
1431 1415 1540 1452 quam
1583 1401 1706 1451 potius

1053 1463 1297 1501 continuatum
1319 1474 1339 1497 e
1366 1459 1478 1510 priori
1498 1457 1568 1494 dici
1582 1459 1708 1507 queat,

1052 1524 1191 1557 mutato
1218 1522 1358 1554 tantum
1387 1528 1476 1563 rege
1503 1514 1579 1550 sive
1604 1513 1707 1563 prin-

1054 1576 1134 1625 cipe
1171 1586 1321 1611 summ0.
1388 1571 1448 1609 De
1484 1582 1557 1619 quo
1585 1573 1710 1607 tamen

1054 1632 1135 1682 ipso
1156 1631 1343 1680 disputare
1362 1627 1511 1676 longum
1533 1629 1609 1671 est3
1637 1625 1710 1663 vid.

1055 1700 1150 1737 quae
1215 1684 1370 1722 disserui
1450 1683 1499 1720 ad
1562 1682 1710 1720 Ctesiae

1054 1746 1175 1791 fragg.
1196 1757 1232 1793 p.
1254 1744 1306 1782 86
1327 1753 1408 1790 sqq.
1446 1738 1602 1777 Faciunt
1635 1740 1712 1776 for-

1056 1804 1157 1837 tasse
1194 1800 1264 1836 huc
1298 1810 1364 1844 ea,
1411 1808 1505 1845 quae
1547 1795 1594 1831 de
1631 1793 1722 1832 Nini

1057 1868 1174 1905 regno
1206 1858 1352 1892 enarrat
1389 1852 1539 1889 Diodor.
1570 1849 1606 1886 ΙΙ
1642 1850 1720 1887 init.

1058 1913 1158 1962 quod
1195 1910 1300 1947 simul
1337 1908 1447 1945 Asiae
1481 1906 1631 1944 minoris
1663 1920 1723 1945 re-

1058 1970 1187 2018 giones
1202 1997 1212 2014 ‚
1263 1965 1451 2003 Troadem
1464 1993 1474 2011 ‚
1513 1963 1723 2012 Phrygiam,

1058 2025 1127 2063 alia
1142 2054 1152 2071 ‚
1193 2022 1417 2073 complexum
1446 2019 1562 2057 fuerit.
1622 2019 1715 2063 Qui-

1057 2083 1210 2119 buscum
1237 2079 1267 2117 C
1274 2092 1301 2115 r.
1331 2075 1516 2125 coniungit
1542 2074 1635 2113 Plat.
1666 2076 1716 2113 de

1057 2137 1176 2186 Legg.
1204 2150 1241 2187 p.
1271 2134 1378 2182 685,
1406 2133 1450 2170 C.
1488 2145 1518 2169 s,
1555 2144 1592 2183 p.
1631 2134 1715 2174 296

1058 2193 1180 2232 Bekk.

1114 2256 1285 2313 ἥγηνται
1321 2255 1588 2309 κεχωρίσθαι]
1625 2253 1717 2293 Per-

1057 2319 1151 2356 fecto
1179 2321 1220 2353 ut
1245 2318 1440 2366 praesente
1474 2314 1551 2350 fere
1579 2311 1719 2349 Noster

1058 2374 1192 2419 utitur3
1229 2372 1330 2422 quod
1362 2383 1437 2407 non
1463 2368 1560 2418 fugit
1584 2367 1717 2405 Matth.

1062 2431 1127 2467 Gr.
1159 2429 1225 2466 Gr.
1265 2426 1302 2479 ἓ.
1332 2425 1426 2468 505.
1445 2421 1511 2463 “111
1545 2438 1583 2475 p.
1620 2422 1715 2465 959.

1059 2486 1120 2524 De
1150 2482 1495 2536 plusquamperfecti
1536 2493 1607 2518 usu
1647 2492 1717 2531 pro

1060 2543 1273 2595 imperfecto
1302 2541 1346 2577 cf.
1365 2539 1405 2587 Ι,
1432 2540 1499 2579 79.

1290 2651 1401 2702 Cap.
1430 2647 1475 2686 V.

1122 2733 1226 2778 οὕτω
1261 2731 1333 2787 μὲν
1377 2730 1532 2784 Πέρσαι
1565 2729 1723 2783 λέγουσι

1065 2793 1254 2847 γενέσθαι
1291 2789 1360 2830 καὶ
1401 2786 1467 2828 διὰ
1503 2785 1577 2840 τὴν
1605 2785 1722 2828 Ἰλίου

1067 2847 1216 2891 ἅλωσιν
1242 2862 1278 2889 κ.
1302 2861 1334 2887 τ.
1363 2847 1414 2893 λ.]
1445 2845 1558 2891 Quod
1579 2845 1724 2895 insigne
