1759 3324
625 264 842 306 cL10.
900 266 932 306 1.

1334 270 1421 312 369

153 378 228 424 καὶ
256 378 302 423 οἵ
331 374 550 432 Τυρσηνοὶ
584 373 739 430 ἔλαχόν
787 389 834 418 τε
874 372 1021 418 αὐτῶν
1048 378 1197 433 πολλῷ
1223 377 1412 431 πλείους,

125 458 233 502 exa).
258 454 442 506 τούτους
470 452 749 510 ἐξαγαγόντες
765 452 1040 498 κατέλευσαν.
1069 454 1176 510 μετὰ
1207 455 1252 499 δὲ
1270 454 1411 513 Ἀγυλ-

152 537 312 580 λαίοισι
348 533 489 578 πάντα
523 531 578 576 τοὶ
615 531 833 588 παριόντα
868 532 948 578 τὸν
984 537 1152 591 χῶρον,
1203 533 1250 578 έν
1278 539 1341 593 τῷ
1370 537 1416 581 οἱ

154 613 368 664 Φωκαιέες
395 611 757 664 καταλευσθέντες
782 612 952 666 ἐκέατο,
983 614 1144 670 ἐγίνετο
1166 612 1414 672 διάστροφα

1469 389 1616 423 quomodo
1635 391 1692 420 eibi
1712 394 1748 421 Α,

1469 423 1622 456 gyllenses
1684 428 1747 461 plu·-

1468 459 1550 483 cent:
1566 457 1662 491 Hyela
1678 460 1746 487 urbs

1468 496 1488 515 a
1506 488 1744 519 Phocaeensibus

1471 522 1609 551 condita:
1630 524 1746 560 Cyrnus

1470 554 1581 585 Her-os.

149 693 223 737 καὶ
257 692 426 748 ἔμπηρα
467 692 540 736 καὶ
578 691 857 749 ἀπόπληκτα,
906 692 1069 749 ὁμοίως
1105 692 1303 750 πρόβατα
1337 695 1469 739 καὶ50

119 770 367 828 3ὑποζύγια
395 771 470 816 καὶ
498 770 745 828 ἄνθρωποι.

802 773 847 823 οἱ
875 771 921 816 δὲ
951 769 1196 828 Ἀγυλλαῖοι
1234 771 1277 824 ἐς
1303 777 1411 818 Δελ-

149 850 264 908 φοὺς
303 851 519 907 ἔπεμπον,
577 851 840 908 βουλόμενοι
875 850 1118 897 ἀκέσασθαι
1152 851 1233 909 τήν
1272 849 1411 909 ἆμαρ-

145 929 268 975 τάδα.
327 930 353 988 ἡ
384 930 431 975 δὲ
463 931 616 988 Πυθίη
659 931 795 989 σφέας
829 931 1022 978 ἐκέλευσε
1060 931 1224 977 ποιέειν
1251 931 1304 976 τὰ
1332 933 1409 977 καὶ

90 1126 196 1154 enses
212 1116 374 1154 referens
385 1145 397 1163 ‚
426 1115 545 1154 locum
563 1116 613 1154 sic
630 1115 743 1154 inter-

87 1176 250 1223 pretatus
260 1177 324 1210 est:
333 1172 636 1222 Carthaginienses
648 1172 742 1223 Tyr-

89 1228 252 1279 rhenique
262 1230 386 1279 plures
409 1232 567 1280 captivos
577 1229 741 1280 fecerunt

89 1297 194 1335 quam
215 1284 445 1323 Phocaeenses
462 1299 581 1336 eosque
598 1288 688 1323 inter
706 1298 741 1323 se

83 1343 215 1391 partiti
233 1346 338 1386 sunt‚·
366 1342 446 1379 dein
465 1343 596 1380 eosdem
614 1344 651 1380 in
671 1345 741 1378 ter-

86 1409 163 1436 ram
197 1400 369 1449 expositos
408 1398 587 1449 lapidibus
620 1398 740 1435 obrue-

85 1457 178 1491 runt.
238 1454 470 1504 lungendum
509 1455 605 1493 enim
635 1466 737 1492 esse:

86 1509 130 1549 οἵ
163 1524 184 1549 τ
203 1524 222 1550 ε
251 1507 520 1564 Καρχηδόνιοι
557 1525 582 1551 κ
602 1508 661 1550 αὶ
698 1509 741 1550 οἱ

88 1566 210 1619 Τυρῤ.
241 1567 327 1606 (lein
343 1563 500 1619 ἕλλαχόν
526 1583 548 1607 τ
561 1581 578 1607 ε
600 1587 660 1597 ·-
680 1588 741 1596 -

83 1622 172 1662 καὶ
200 1622 452 1664 κατέλευσαν.
513 1625 620 1669 Quae
654 1624 736 1674 qui-

85 1679 170 1718 dem
191 1685 287 1719 recte
305 1682 456 1728 monuit,
474 1681 512 1718 in
532 1694 576 1718 eo
597 1684 734 1728 tamen,

85 1736 117 1772 si
133 1737 227 1775 bene
247 1737 322 1775 eius
342 1739 556 1775 sententiam
573 1737 735 1787 percepi,

82 1791 227 1843 lapsus,
256 1794 357 1843 quod
376 1789 510 1833 αὐτῶν
535 1793 734 1843 genitivum

81 1860 104 1886 a
133 1850 376 1899 comparativo
413 1852 546 1903 πολλῷ
572 1849 735 1896 πλείους

79 1906 241 1955 pendere
280 1906 458 1944 existimat
495 1911 532 1945 et
568 1905 664 1943 hunc
692 1906 730 1943 in

79 1962 227 1999 modum
252 1963 360 2000 etiam
394 1963 512 2000 locum
550 1962 729 2012 interpre-

80 2021 174 2055 tatus
196 2021 264 2056 est.
321 2018 412 2056 Mihi
432 2020 528 2057 enim
547 2019 726 2067 genitivus

79 2074 287 2124 partstivus,
316 2080 357 2112 ut
376 2076 495 2123 aiunt,
527 2089 607 2113 esse
626 2075 727 2113 vide-

73 2133 154 2179 tur,
182 2135 224 2169 ut
240 2132 297 2168 hic
314 2131 383 2169 loci
401 2133 447 2170 sit
465 2145 610 2170 sensus:
631 2131 724 2169 mul-

77 2189 113 2224 to
125 2186 244 2237 plures
264 2190 418 2226 virorum
439 2202 456 2226 e
474 2189 624 2226 navibus
642 2188 725 2225 sub-

75 2247 193 2281 mersis
210 2247 473 2296 interceptarum
495 2245 725 2283 Phocaeensi—

76 2311 153 2348 um,
193 2300 499 2351 Carthaginienses
530 2301 725 2353 Tyrrheni-

76 2367 158 2406 que,
180 2361 359 2395 sortitione
386 2358 519 2410 factet,
555 2359 723 2397 abductos

76 2411 249 2463 lapidibus
269 2415 462 2454 obruerunt.
501 2413 599 2453 Nam
621 2419 726 2466 post-

76 2480 183 2517 quam
202 2471 304 2508 initio
321 2472 460 2510 dixerat
471 2469 564 2519 τούς
575 2469 726 2525 ἄνδρας

76 2524 159 2574 (qui
181 2528 401 2565 accusativus
422 2529 553 2567 obiecti
573 2530 620 2566 ad
642 2541 726 2566 ver-

75 2580 125 2617 ba
159 2585 345 2632 sequentia
382 2586 601 2636 pertineat),
640 2597 727 2623 mox

76 2639 270 2676 accuratius
291 2643 506 2679 sententiam
533 2654 634 2679 suam
663 2654 726 2681 ex-

77 2691 232 2742 plicans,
260 2696 443 2747 subiungit
463 2693 596 2737 αὕτῶν
624 2698 667 2746 (1.
690 2711 722 2736 e.

76 2749 156 2786 τῶν
178 2743 354 2802 ἀνδρῶν)
383 2757 514 2808 πολλῷ
538 2755 723 2803 πλείους,-

76 2802 129 2840 ita
147 2808 187 2841 ut
203 2808 350 2857 proprie
374 2810 409 2847 ei
424 2811 616 2849 dicendum
635 2811 726 2848 fuis-

78 2862 135 2896 set
162 2863 241 2900 τῶν
272 2858 442 2916 ἀνδρῶν.
497 2867 575 2906 Sed
602 2867 728 2905 huius-

75 2915 177 2953 modi
197 2919 372 2966 genitivos
381 2921 479 2963 haud
499 2935 581 2964 raro
597 2923 726 2976 negle-

135 2969 341 3015 Hrnono'r.
371 2976 401 3017 1.

809 1121 886 1156 ctos
917 1131 998 1157 esse
1024 1121 1229 1156 monstrant
1261 1130 1326 1167 ea,
1366 1131 1462 1169 quae
1511 1160 1515 1166 ,

807 1175 987 1214 Matthiae
1006 1175 1153 1224 collegit
1179 1176 1217 1212 in
1243 1176 1309 1213 Gr.
1328 1176 1460 1214 Graec.

810 1229 847 1282 ἓ.
875 1233 979 1280 319,
1008 1232 1138 1281 quibus
1166 1232 1225 1269 hic
1250 1232 1330 1282 ipse
1358 1231 1459 1270 locus

808 1288 944 1338 optime
961 1288 1047 1324 addi
1066 1288 1210 1338 poterit.
1241 1288 1460 1339 Scripsimus

806 1357 893 1381 vero
935 1338 1103 1383 αὐτῶν
1140 1357 1161 1381 e
1192 1344 1307 1381 tribus
1358 1344 1459 1382 libris

806 1413 888 1437 cum
908 1400 1093 1437 Gaisford.
1125 1413 1192 1450 pro
1211 1400 1308 1450 vulg.
1330 1395 1402 1439 αὐτ
1416 1399 1460 1440 έ-

807 1470 874 1495 ων.
892 1477 948 1485 -
965 1457 1040 1500 Qui
1061 1457 1233 1507 deinceps
1252 1469 1460 1494 memoran-

803 1516 864 1550 tur
881 1512 1069 1564 Agyllaei‚
1099 1516 1184 1550 sunt
1211 1513 1351 1551 incolae
1380 1513 1458 1551 eius

804 1569 901 1607 urbis
914 1598 925 1617 ,
938 1583 1032 1619 quae
1049 1573 1134 1620 post
1154 1569 1252 1607 dicta
1270 1574 1325 1607 est
1338 1570 1457 1619 Caere,

803 1638 988 1676 quamque
1011 1625 1096 1663 olim
1123 1624 1291 1675 Agyllam
1324 1626 1458 1665 dictam

802 1695 883 1721 esse
902 1683 1096 1733 scriptores
1116 1695 1187 1719 uno
1201 1684 1278 1721 fere
1295 1695 1358 1720 ore
1368 1696 1458 1733 pro-

802 1739 990 1786 nuntiant,
1019 1751 1042 1775 a
1073 1738 1239 1788 Pelasgis
1268 1738 1458 1776 Thessali-

801 1795 872 1842 cis,
903 1799 944 1832 ut
967 1794 1114 1843 volunt,
1143 1795 1336 1832 conditam.
1394 1796 1454 1833 Cf.

799 1851 920 1889 Raoul
940 1873 958 1879 -
974 1851 1155 1889 Rochette
1198 1851 1363 1888 Histoire
1405 1852 1454 1890 de

800 1904 993 1945 l’etabliss.
1021 1908 1086 1945 des
1116 1907 1233 1945 colon.
1268 1907 1401 1958 Grecq.
1432 1907 1452 1947 I

794 1976 883 2015 pag.
906 1963 990 2006 305
1017 1968 1054 2001 et
1082 1964 1154 2001 alia
1181 1977 1276 2013 quae
1293 1977 1452 2012 conges-

794 2021 842 2058 sit
866 2020 1069 2059 Creuzerus
1096 2021 1135 2057 in
1157 2019 1348 2070 Antiquitt.
1370 2022 1454 2058 Ro·-

791 2089 913 2115 mann.
933 2077 1149 2127 compendio
1169 2090 1255 2127 pag.
1274 2080 1323 2118 12
1342 2090 1370 2114 s.
1395 2077 1450 2119 14

792 2133 851 2172 ed.
872 2147 943 2171 sec.
973 2133 1070 2171 Add.
1099 2133 1143 2171 C.
1163 2134 1210 2170 O.
1228 2132 1370 2170 Miiller.
1393 2133 1449 2170 Ε-6

789 2193 918 2227 truscc.
936 2190 952 2227 I
969 2204 1008 2241 p.
1027 2191 1081 2232 87
1110 2203 1188 2239 seq.
1217 2209 1273 2218 --
1293 2189 1352 2227 De
1370 2190 1448 2227 for-

791 2259 850 2285 ma
866 2246 989 2284 Ionica
1009 2243 1182 2286 ἐκέατο
1203 2247 1298 2284 conf.
1309 2245 1448 2285 Matthc

790 2302 815 2342 l.
833 2302 856 2341 l.
876 2316 962 2354 pag.
980 2301 1077 2345 468.

814 2406 817 2409 Ι
848 2355 1074 2411 διάστροφα
1103 2356 1172 2399 καὶ
1195 2356 1350 2410 ἔμπηρα
1375 2355 1446 2397 καὶ

793 2411 1048 2468 ἀπόπληκτα]
1079 2416 1103 2453 1.
1120 2429 1152 2454 e.
1181 2415 1344 2462 distorta,
1364 2426 1444 2452 mu-

791 2473 861 2511 tila
883 2477 920 2510 et
936 2473 1093 2510 membris
1110 2477 1216 2524 capta
1234 2486 1262 2510 s.
1274 2472 1415 2523 fracta.

850 2524 1074 2569 ἀκέσασθαι
1100 2527 1174 2581 τήν
1206 2522 1442 2581 ἁμαρτάδα]

792 2586 920 2625 mederi
948 2585 1074 2624 delicto
1102 2599 1131 2624 s.
1158 2598 1340 2636 reparare,
1380 2596 1444 2621 ex-

786 2645 891 2694 piare
919 2642 1097 2680 delictum.
1153 2642 1292 2681 Vocem
1322 2639 1446 2692 ἆμαρ-

791 2695 892 2739 τάδα
908 2700 1068 2738 Ionicam
1093 2700 1218 2737 dicunt
1244 2697 1448 2736 terminati-

790 2770 899 2794 onem
913 2785 924 2804 ,
954 2768 1174 2806 quamquam
1195 2754 1238 2793 ea
1264 2754 1324 2792 alii
1350 2765 1445 2803 quo-

790 2826 863 2863 que
883 2813 996 2851 multo
1012 2813 1231 2864 posteriores
1251 2811 1446 2861 scriptores

790 2873 876 2907 sunt
890 2870 957 2906 usi.
999 2869 1062 2907 Tu
1081 2868 1155 2906 vid.
1176 2866 1352 2906 Creuzeri
1368 2869 1446 2902 not.

791 2926 842 2966 ad
876 2925 1131 2979 Olympiodor.
1158 2924 1380 2963 Commentt.
1408 2921 1444 2958 in
