<?xml version="1.0" encoding="UTF-8"?>
<!DOCTYPE html PUBLIC "-//W3C//DTD XHTML 1.0 Transitional//EN"
    "http://www.w3.org/TR/xhtml1/DTD/xhtml1-transitional.dtd">
<html xmlns="http://www.w3.org/1999/xhtml" xml:lang="en" lang="en">
 <head>
  <title>
</title>
<meta http-equiv="Content-Type" content="text/html;charset=utf-8" />
  <meta name='ocr-system' content='tesseract 3.04.00' />
  <meta name='ocr-capabilities' content='ocr_page ocr_carea ocr_par ocr_line ocrx_word'/>
</head>
<body>
  <div class='ocr_page' id='page_1' title='image "./musaeher01hero/musaeher01hero_0229.png"; bbox 0 0 1768 3315; ppageno 0'>
   <div class='ocr_carea' id='block_1_1' title="bbox 622 216 926 255">
    <p class='ocr_par' dir='ltr' id='par_1_1' title="bbox 622 216 926 255">
     <span class='ocr_line' id='line_1_1' title="bbox 622 216 926 255; baseline -0.003 0"><span class='ocrx_word' id='word_1_1' title='bbox 622 216 926 255; x_wconf 87' lang='lat' dir='ltr'>cL10.1.</span> 
     </span>
    </p>
   </div>
   <div class='ocr_carea' id='block_1_2' title="bbox 1328 223 1415 262">
    <p class='ocr_par' dir='ltr' id='par_1_2' title="bbox 1328 223 1415 262">
     <span class='ocr_line' id='line_1_2' title="bbox 1328 223 1415 262; baseline 0.011 -1"><span class='ocrx_word' id='word_1_2' title='bbox 1328 223 1415 262; x_wconf 78' lang='lat'>215</span> 
     </span>
    </p>
   </div>
   <div class='ocr_carea' id='block_1_3' title="bbox 149 324 1523 465">
    <p class='ocr_par' dir='ltr' id='par_1_3' title="bbox 149 324 1523 465">
     <span class='ocr_line' id='line_1_3' title="bbox 150 324 1523 387; baseline -0.002 -12"><span class='ocrx_word' id='word_1_3' title='bbox 150 328 508 387; x_wconf 79' lang='grc' dir='ltr'><strong><em>ἐπιφραζόμενος,</em></strong></span> <span class='ocrx_word' id='word_1_4' title='bbox 552 327 624 371; x_wconf 82' lang='grc' dir='ltr'>καὶ</span> <span class='ocrx_word' id='word_1_5' title='bbox 655 325 708 382; x_wconf 78' lang='grc' dir='ltr'>δή</span> <span class='ocrx_word' id='word_1_6' title='bbox 736 325 809 370; x_wconf 80' lang='grc' dir='ltr'>καὶ</span> <span class='ocrx_word' id='word_1_7' title='bbox 839 325 883 377; x_wconf 77' lang='grc' dir='ltr'>ἐς</span> <span class='ocrx_word' id='word_1_8' title='bbox 911 324 1119 382; x_wconf 78' lang='grc' dir='ltr'><strong><em>Δελφούς</em></strong></span> <span class='ocrx_word' id='word_1_9' title='bbox 1145 327 1242 382; x_wconf 79' lang='grc' dir='ltr'><em>περὶ</em></span> <span class='ocrx_word' id='word_1_10' title='bbox 1272 327 1411 374; x_wconf 83' lang='grc' dir='ltr'><strong><em>αὐτοῦ</em></strong></span> <span class='ocrx_word' id='word_1_11' title='bbox 1469 334 1523 377; x_wconf 84' lang='grc'>43</span> 
     </span>
     <span class='ocr_line' id='line_1_4' title="bbox 149 403 1406 465; baseline -0.002 -9"><span class='ocrx_word' id='word_1_12' title='bbox 149 409 386 465; x_wconf 80' lang='grc' dir='ltr'><em>ἐπεπόμφεε</em></span> <span class='ocrx_word' id='word_1_13' title='bbox 413 406 724 463; x_wconf 78' lang='grc' dir='ltr'><strong><em>χρησομένους.</em></strong></span> <span class='ocrx_word' id='word_1_14' title='bbox 772 403 799 461; x_wconf 85' lang='grc' dir='ltr'><strong><em>ἡ</em></strong></span> <span class='ocrx_word' id='word_1_15' title='bbox 830 405 876 449; x_wconf 77' lang='grc' dir='ltr'>δὲ</span> <span class='ocrx_word' id='word_1_16' title='bbox 908 407 1059 462; x_wconf 79' lang='grc' dir='ltr'><strong><em>Πυθίη</em></strong></span> <span class='ocrx_word' id='word_1_17' title='bbox 1090 408 1135 450; x_wconf 79' lang='grc' dir='ltr'>οἱ</span> <span class='ocrx_word' id='word_1_18' title='bbox 1163 405 1255 452; x_wconf 81' lang='grc' dir='ltr'><em>εἶπε</em></span> <span class='ocrx_word' id='word_1_19' title='bbox 1283 407 1406 454; x_wconf 76' lang='grc' dir='ltr'><em>τάδε·</em></span> 
     </span>
    </p>
   </div>
   <div class='ocr_carea' id='block_1_4' title="bbox 109 484 1278 591">
    <p class='ocr_par' dir='ltr' id='par_1_4' title="bbox 109 484 1278 591">
     <span class='ocr_line' id='line_1_5' title="bbox 109 484 1278 532; baseline 0 -10"><span class='ocrx_word' id='word_1_20' title='bbox 109 493 131 527; x_wconf 87' lang='grc'>3</span> <span class='ocrx_word' id='word_1_21' title='bbox 267 485 365 524; x_wconf 80' lang='grc' dir='ltr'><strong><em>Λυδὲ</em></strong></span> <span class='ocrx_word' id='word_1_22' title='bbox 381 485 505 531; x_wconf 84' lang='grc' dir='ltr'><strong><em>γένος,</em></strong></span> <span class='ocrx_word' id='word_1_23' title='bbox 529 486 674 520; x_wconf 78' lang='grc' dir='ltr'><strong><em>πολλῶν</em></strong></span> <span class='ocrx_word' id='word_1_24' title='bbox 693 486 862 532; x_wconf 80' lang='grc' dir='ltr'><strong><em>βασιλεῦ,</em></strong></span> <span class='ocrx_word' id='word_1_25' title='bbox 883 484 976 531; x_wconf 79' lang='grc' dir='ltr'><strong><em>μέγα</em></strong></span> <span class='ocrx_word' id='word_1_26' title='bbox 993 485 1102 531; x_wconf 80' lang='grc' dir='ltr'><strong><em>νήπιε</em></strong></span> <span class='ocrx_word' id='word_1_27' title='bbox 1123 489 1278 530; x_wconf 83' lang='grc' dir='ltr'><strong><em>Κροῖσε,</em></strong></span> 
     </span>
     <span class='ocr_line' id='line_1_6' title="bbox 268 540 1222 591; baseline 0.001 -13"><span class='ocrx_word' id='word_1_28' title='bbox 268 543 318 590; x_wconf 80' lang='grc' dir='ltr'><em>μή</em></span> <span class='ocrx_word' id='word_1_29' title='bbox 336 542 469 591; x_wconf 78' lang='grc' dir='ltr'><strong><em>βούλευ</em></strong></span> <span class='ocrx_word' id='word_1_30' title='bbox 485 542 712 580; x_wconf 78' lang='grc' dir='ltr'><strong><em>πολύευκτον</em></strong></span> <span class='ocrx_word' id='word_1_31' title='bbox 735 541 799 588; x_wconf 80' lang='grc' dir='ltr'>ἰὴν</span> <span class='ocrx_word' id='word_1_32' title='bbox 817 541 892 578; x_wconf 63' lang='lat' dir='ltr'>dvo}</span> <span class='ocrx_word' id='word_1_33' title='bbox 914 540 1053 588; x_wconf 81' lang='grc' dir='ltr'><em>δώματ’</em></span> <span class='ocrx_word' id='word_1_34' title='bbox 1071 541 1222 580; x_wconf 69' lang='grc' dir='ltr'><strong><em>οἰκουέιν</em></strong></span> 
     </span>
    </p>
   </div>
   <div class='ocr_carea' id='block_1_5' title="bbox 268 599 1266 647">
    <p class='ocr_par' dir='ltr' id='par_1_5' title="bbox 268 599 1266 647">
     <span class='ocr_line' id='line_1_7' title="bbox 268 599 1266 647; baseline 0 -10"><span class='ocrx_word' id='word_1_35' title='bbox 268 600 401 642; x_wconf 83' lang='grc' dir='ltr'><strong><em>παιδὸς</em></strong></span> <span class='ocrx_word' id='word_1_36' title='bbox 423 599 693 647; x_wconf 70' lang='grc' dir='ltr'><strong><em>φθεγγομένου.</em></strong></span> <span class='ocrx_word' id='word_1_37' title='bbox 718 599 805 636; x_wconf 84' lang='grc' dir='ltr'><strong><em>τόδε</em></strong></span> <span class='ocrx_word' id='word_1_38' title='bbox 825 612 883 636; x_wconf 91' lang='grc' dir='ltr'>σοι</span> <span class='ocrx_word' id='word_1_39' title='bbox 901 600 995 636; x_wconf 74' lang='grc' dir='ltr'><strong><em>πολύ</em></strong></span> <span class='ocrx_word' id='word_1_40' title='bbox 1015 601 1129 637; x_wconf 80' lang='grc' dir='ltr'><strong><em>λώϊον</em></strong></span> <span class='ocrx_word' id='word_1_41' title='bbox 1146 599 1266 647; x_wconf 76' lang='grc' dir='ltr'><strong><em>οἷμφὶς</em></strong></span> 
     </span>
    </p>
   </div>
   <div class='ocr_carea' id='block_1_6' title="bbox 1416 605 1463 640">
    <p class='ocr_par' dir='ltr' id='par_1_6' title="bbox 1416 605 1463 640">
     <span class='ocr_line' id='line_1_8' title="bbox 1416 605 1463 640; baseline -0.021 0"><span class='ocrx_word' id='word_1_42' title='bbox 1416 605 1463 640; x_wconf 91' lang='grc'>50</span> 
     </span>
    </p>
   </div>
   <div class='ocr_carea' id='block_1_7' title="bbox 266 655 1227 707">
    <p class='ocr_par' dir='ltr' id='par_1_7' title="bbox 266 655 1227 707">
     <span class='ocr_line' id='line_1_9' title="bbox 266 655 1227 707; baseline -0.003 -12"><span class='ocrx_word' id='word_1_43' title='bbox 266 658 429 705; x_wconf 71' lang='grc' dir='ltr'>ἔμμεναι.</span> <span class='ocrx_word' id='word_1_44' title='bbox 454 655 611 706; x_wconf 77' lang='grc' dir='ltr'><em>αὐδήσει</em></span> <span class='ocrx_word' id='word_1_45' title='bbox 626 659 696 705; x_wconf 61' lang='lat' dir='ltr'>yde</span> <span class='ocrx_word' id='word_1_46' title='bbox 715 659 753 695; x_wconf 80' lang='grc' dir='ltr'>ἐν</span> <span class='ocrx_word' id='word_1_47' title='bbox 771 656 883 704; x_wconf 79' lang='grc' dir='ltr'><strong><em>ἤματι</em></strong></span> <span class='ocrx_word' id='word_1_48' title='bbox 904 661 1051 704; x_wconf 81' lang='grc' dir='ltr'><strong><em>πρῶτον</em></strong></span> <span class='ocrx_word' id='word_1_49' title='bbox 1070 656 1227 707; x_wconf 74' lang='grc' dir='ltr'><strong><em>ἀνόλβῳ.</em></strong></span> 
     </span>
    </p>
   </div>
   <div class='ocr_carea' id='block_1_8' title="bbox 112 726 1403 785">
    <p class='ocr_par' dir='ltr' id='par_1_8' title="bbox 112 726 1403 785">
     <span class='ocr_line' id='line_1_10' title="bbox 112 726 1403 785; baseline 0.002 -15"><span class='ocrx_word' id='word_1_50' title='bbox 112 728 444 784; x_wconf 83' lang='grc' dir='ltr'><strong><em>4Ἁλισκομένου</em></strong></span> <span class='ocrx_word' id='word_1_51' title='bbox 475 728 520 772; x_wconf 79' lang='grc' dir='ltr'>δὲ</span> <span class='ocrx_word' id='word_1_52' title='bbox 550 732 630 772; x_wconf 79' lang='grc' dir='ltr'>τοῦ</span> <span class='ocrx_word' id='word_1_53' title='bbox 658 729 837 784; x_wconf 81' lang='grc' dir='ltr'><strong><em>τείχεος,</em></strong></span> <span class='ocrx_word' id='word_1_54' title='bbox 874 726 942 785; x_wconf 81' lang='grc' dir='ltr'>ἤϊε</span> <span class='ocrx_word' id='word_1_55' title='bbox 970 726 1054 784; x_wconf 77' lang='grc' dir='ltr'>γὰρ</span> <span class='ocrx_word' id='word_1_56' title='bbox 1084 731 1173 771; x_wconf 83' lang='grc' dir='ltr'>τῶν</span> <span class='ocrx_word' id='word_1_57' title='bbox 1201 744 1267 780; x_wconf 80' lang='grc' dir='ltr'>τις</span> <span class='ocrx_word' id='word_1_58' title='bbox 1297 731 1403 784; x_wconf 80' lang='grc' dir='ltr'><strong><em>Περ-</em></strong></span> 
     </span>
    </p>
   </div>
   <div class='ocr_carea' id='block_1_9' title="bbox 85 848 358 858">
    <p class='ocr_par' dir='ltr' id='par_1_9' title="bbox 85 848 358 858">
     <span class='ocr_line' id='line_1_11' title="bbox 85 848 358 858; baseline 0 0"><span class='ocrx_word' id='word_1_59' title='bbox 85 848 358 858; x_wconf 95' lang='lat' dir='ltr'> </span> 
     </span>
    </p>
   </div>
   <div class='ocr_carea' id='block_1_10' title="bbox 68 935 736 2271">
    <p class='ocr_par' dir='ltr' id='par_1_10' title="bbox 68 935 736 2271">
     <span class='ocr_line' id='line_1_12' title="bbox 83 935 736 986; baseline -0.002 -12"><span class='ocrx_word' id='word_1_60' title='bbox 83 936 227 974; x_wconf 84' lang='lat' dir='ltr'>Platoni</span> <span class='ocrx_word' id='word_1_61' title='bbox 256 950 434 986; x_wconf 82' lang='lat' dir='ltr'><strong>perquam</strong></span> <span class='ocrx_word' id='word_1_62' title='bbox 456 935 607 973; x_wconf 82' lang='lat' dir='ltr'>usitatis.</span> <span class='ocrx_word' id='word_1_63' title='bbox 662 935 736 973; x_wconf 86' lang='lat' dir='ltr'>Va-</span> 
     </span>
     <span class='ocr_line' id='line_1_13' title="bbox 84 991 734 1043; baseline 0.002 -14"><span class='ocrx_word' id='word_1_64' title='bbox 84 993 132 1031; x_wconf 87' lang='lat' dir='ltr'>let</span> <span class='ocrx_word' id='word_1_65' title='bbox 150 997 288 1030; x_wconf 84' lang='lat' dir='ltr'>autem:</span> <span class='ocrx_word' id='word_1_66' title='bbox 331 995 446 1030; x_wconf 73' lang='lat' dir='ltr'>omnia</span> <span class='ocrx_word' id='word_1_67' title='bbox 461 992 584 1043; x_wconf 81' lang='lat' dir='ltr'>facere</span> <span class='ocrx_word' id='word_1_68' title='bbox 602 991 734 1041; x_wconf 83' lang='lat' dir='ltr'>(quae-</span> 
     </span>
     <span class='ocr_line' id='line_1_14' title="bbox 82 1049 733 1099; baseline -0.003 -13"><span class='ocrx_word' id='word_1_69' title='bbox 82 1062 223 1098; x_wconf 88' lang='lat' dir='ltr'>cunque</span> <span class='ocrx_word' id='word_1_70' title='bbox 243 1050 362 1087; x_wconf 85' lang='lat' dir='ltr'>facere</span> <span class='ocrx_word' id='word_1_71' title='bbox 380 1049 473 1096; x_wconf 86' lang='lat' dir='ltr'>lieet,</span> <span class='ocrx_word' id='word_1_72' title='bbox 490 1062 557 1099; x_wconf 86' lang='lat' dir='ltr'>pro</span> <span class='ocrx_word' id='word_1_73' title='bbox 579 1049 733 1095; x_wconf 77' lang='lat' dir='ltr'>viribus)</span> 
     </span>
     <span class='ocr_line' id='line_1_15' title="bbox 82 1104 732 1155; baseline 0 -13"><span class='ocrx_word' id='word_1_74' title='bbox 82 1118 210 1142; x_wconf 85' lang='lat' dir='ltr'>omnem</span> <span class='ocrx_word' id='word_1_75' title='bbox 235 1104 386 1155; x_wconf 71' lang='lat' dir='ltr'>lapidem</span> <span class='ocrx_word' id='word_1_76' title='bbox 423 1118 574 1151; x_wconf 74' lang='lat' dir='ltr'>movere,</span> <span class='ocrx_word' id='word_1_77' title='bbox 626 1109 665 1142; x_wconf 92' lang='lat' dir='ltr'>ut</span> <span class='ocrx_word' id='word_1_78' title='bbox 694 1106 732 1142; x_wconf 90' lang='lat' dir='ltr'>in</span> 
     </span>
     <span class='ocr_line' id='line_1_16' title="bbox 81 1161 729 1211; baseline 0.002 -13"><span class='ocrx_word' id='word_1_79' title='bbox 81 1162 273 1211; x_wconf 85' lang='lat' dir='ltr'>proverbio</span> <span class='ocrx_word' id='word_1_80' title='bbox 303 1163 440 1200; x_wconf 87' lang='lat' dir='ltr'>dicitur.</span> <span class='ocrx_word' id='word_1_81' title='bbox 499 1162 582 1199; x_wconf 84' lang='lat' dir='ltr'>Vid.</span> <span class='ocrx_word' id='word_1_82' title='bbox 606 1161 729 1210; x_wconf 81' lang='lat' dir='ltr'>Viger.</span> 
     </span>
     <span class='ocr_line' id='line_1_17' title="bbox 80 1218 730 1269; baseline -0.003 -14"><span class='ocrx_word' id='word_1_83' title='bbox 80 1218 253 1255; x_wconf 83' lang='lat' dir='ltr'>Idiotism.</span> <span class='ocrx_word' id='word_1_84' title='bbox 283 1232 319 1269; x_wconf 93' lang='lat' dir='ltr'>p.</span> <span class='ocrx_word' id='word_1_85' title='bbox 343 1221 435 1260; x_wconf 81' lang='lat'><strong>287.</strong></span> <span class='ocrx_word' id='word_1_86' title='bbox 466 1218 659 1255; x_wconf 82' lang='lat' dir='ltr'>Heindorf.</span> <span class='ocrx_word' id='word_1_87' title='bbox 682 1219 730 1254; x_wconf 82' lang='lat' dir='ltr'>ad</span> 
     </span>
     <span class='ocr_line' id='line_1_18' title="bbox 79 1273 728 1325; baseline -0.002 -14"><span class='ocrx_word' id='word_1_88' title='bbox 79 1274 266 1312; x_wconf 86' lang='lat' dir='ltr'>Phaedon.</span> <span class='ocrx_word' id='word_1_89' title='bbox 295 1288 330 1325; x_wconf 84' lang='lat' dir='ltr'>p.</span> <span class='ocrx_word' id='word_1_90' title='bbox 363 1274 444 1316; x_wconf 77' lang='lat'>249</span> <span class='ocrx_word' id='word_1_91' title='bbox 476 1288 553 1323; x_wconf 82' lang='lat' dir='ltr'>seq.</span> <span class='ocrx_word' id='word_1_92' title='bbox 600 1273 728 1311; x_wconf 82' lang='lat' dir='ltr'>Monk.</span> 
     </span>
     <span class='ocr_line' id='line_1_19' title="bbox 80 1328 727 1381; baseline 0 -14"><span class='ocrx_word' id='word_1_93' title='bbox 80 1331 128 1368; x_wconf 85' lang='lat' dir='ltr'>ad</span> <span class='ocrx_word' id='word_1_94' title='bbox 153 1330 317 1380; x_wconf 84' lang='lat' dir='ltr'>Euripid.</span> <span class='ocrx_word' id='word_1_95' title='bbox 356 1330 508 1381; x_wconf 88' lang='lat' dir='ltr'>Hippol.</span> <span class='ocrx_word' id='word_1_96' title='bbox 547 1328 641 1371; x_wconf 79' lang='grc'><strong>284.</strong></span> <span class='ocrx_word' id='word_1_97' title='bbox 673 1350 727 1357; x_wconf 90' lang='grc'>-·</span> 
     </span>
     <span class='ocr_line' id='line_1_20' title="bbox 79 1382 724 1437; baseline -0.002 -13"><span class='ocrx_word' id='word_1_98' title='bbox 79 1386 125 1433; x_wconf 79' lang='grc' dir='ltr'>ἐς</span> <span class='ocrx_word' id='word_1_99' title='bbox 155 1382 242 1425; x_wconf 74' lang='grc' dir='ltr'>αὐτ</span> <span class='ocrx_word' id='word_1_100' title='bbox 257 1383 277 1426; x_wconf 84' lang='grc' dir='ltr'>ὁ</span> <span class='ocrx_word' id='word_1_101' title='bbox 292 1402 314 1425; x_wconf 85' lang='lat' dir='ltr'><em>v</em></span> <span class='ocrx_word' id='word_1_102' title='bbox 333 1387 495 1437; x_wconf 81' lang='lat' dir='ltr'>plerique</span> <span class='ocrx_word' id='word_1_103' title='bbox 516 1386 609 1433; x_wconf 86' lang='lat' dir='ltr'>libri,</span> <span class='ocrx_word' id='word_1_104' title='bbox 632 1399 724 1435; x_wconf 87' lang='lat' dir='ltr'>quos</span> 
     </span>
     <span class='ocr_line' id='line_1_21' title="bbox 78 1443 725 1493; baseline 0.002 -14"><span class='ocrx_word' id='word_1_105' title='bbox 78 1445 178 1493; x_wconf 82' lang='lat' dir='ltr'>ipsos</span> <span class='ocrx_word' id='word_1_106' title='bbox 198 1444 284 1480; x_wconf 88' lang='lat' dir='ltr'>citat</span> <span class='ocrx_word' id='word_1_107' title='bbox 295 1443 546 1490; x_wconf 78' lang='lat' dir='ltr'>Gaisfordius,</span> <span class='ocrx_word' id='word_1_108' title='bbox 578 1443 613 1480; x_wconf 90' lang='lat' dir='ltr'>in</span> <span class='ocrx_word' id='word_1_109' title='bbox 626 1447 725 1480; x_wconf 79' lang='lat' dir='ltr'>textu</span> 
     </span>
     <span class='ocr_line' id='line_1_22' title="bbox 77 1496 722 1548; baseline 0.003 -12"><span class='ocrx_word' id='word_1_110' title='bbox 77 1501 240 1548; x_wconf 81' lang='lat' dir='ltr'>quamvis</span> <span class='ocrx_word' id='word_1_111' title='bbox 271 1500 430 1537; x_wconf 85' lang='lat' dir='ltr'>scribens</span> <span class='ocrx_word' id='word_1_112' title='bbox 461 1498 478 1538; x_wconf 82' lang='grc' dir='ltr'>ἐ</span> <span class='ocrx_word' id='word_1_113' title='bbox 496 1515 515 1546; x_wconf 83' lang='grc' dir='ltr'><strong><em>ς</em></strong></span> <span class='ocrx_word' id='word_1_114' title='bbox 546 1516 569 1538; x_wconf 87' lang='grc' dir='ltr'>α</span> <span class='ocrx_word' id='word_1_115' title='bbox 584 1498 612 1538; x_wconf 76' lang='lat' dir='ltr'>v‘</span> <span class='ocrx_word' id='word_1_116' title='bbox 625 1514 643 1538; x_wconf 79' lang='grc' dir='ltr'><strong>τ</strong></span> <span class='ocrx_word' id='word_1_117' title='bbox 655 1496 676 1539; x_wconf 81' lang='grc' dir='ltr'><em>ὀ</em></span> <span class='ocrx_word' id='word_1_118' title='bbox 689 1514 722 1548; x_wconf 87' lang='lat' dir='ltr'>v,</span> 
     </span>
     <span class='ocr_line' id='line_1_23' title="bbox 76 1555 724 1606; baseline 0 -14"><span class='ocrx_word' id='word_1_119' title='bbox 76 1555 166 1604; x_wconf 85' lang='lat' dir='ltr'>nisi,</span> <span class='ocrx_word' id='word_1_120' title='bbox 196 1556 296 1606; x_wconf 90' lang='lat' dir='ltr'>quod</span> <span class='ocrx_word' id='word_1_121' title='bbox 315 1556 500 1606; x_wconf 79' lang='lat' dir='ltr'>suspicor,</span> <span class='ocrx_word' id='word_1_122' title='bbox 530 1569 724 1606; x_wconf 83' lang='lat' dir='ltr'>operarum</span> 
     </span>
     <span class='ocr_line' id='line_1_24' title="bbox 75 1612 724 1650; baseline 0.002 -2"><span class='ocrx_word' id='word_1_123' title='bbox 75 1612 160 1649; x_wconf 86' lang='lat' dir='ltr'>vitio</span> <span class='ocrx_word' id='word_1_124' title='bbox 183 1613 252 1649; x_wconf 91' lang='lat' dir='ltr'>hoc</span> <span class='ocrx_word' id='word_1_125' title='bbox 272 1612 510 1650; x_wconf 86' lang='lat' dir='ltr'>tribuendum.</span> <span class='ocrx_word' id='word_1_126' title='bbox 540 1613 624 1649; x_wconf 88' lang='lat' dir='ltr'>Bini</span> <span class='ocrx_word' id='word_1_127' title='bbox 644 1613 724 1649; x_wconf 84' lang='lat' dir='ltr'>libri</span> 
     </span>
     <span class='ocr_line' id='line_1_25' title="bbox 74 1664 721 1719; baseline -0.002 -13"><span class='ocrx_word' id='word_1_128' title='bbox 74 1681 268 1719; x_wconf 85' lang='lat' dir='ltr'>perperam</span> <span class='ocrx_word' id='word_1_129' title='bbox 289 1667 329 1716; x_wconf 79' lang='grc' dir='ltr'>ἐς</span> <span class='ocrx_word' id='word_1_130' title='bbox 347 1664 485 1709; x_wconf 77' lang='grc' dir='ltr'><strong><em>ἔαυτόν</em></strong></span> <span class='ocrx_word' id='word_1_131' title='bbox 498 1698 508 1717; x_wconf 82' lang='grc'>,</span> <span class='ocrx_word' id='word_1_132' title='bbox 538 1670 636 1706; x_wconf 91' lang='lat' dir='ltr'>unde</span> <span class='ocrx_word' id='word_1_133' title='bbox 645 1668 721 1706; x_wconf 88' lang='lat' dir='ltr'>vul-</span> 
     </span>
     <span class='ocr_line' id='line_1_26' title="bbox 74 1721 723 1774; baseline -0.005 -10"><span class='ocrx_word' id='word_1_134' title='bbox 74 1738 123 1774; x_wconf 87' lang='lat' dir='ltr'>go</span> <span class='ocrx_word' id='word_1_135' title='bbox 151 1724 190 1771; x_wconf 83' lang='grc' dir='ltr'>ἒς</span> <span class='ocrx_word' id='word_1_136' title='bbox 220 1721 380 1765; x_wconf 69' lang='grc' dir='ltr'>ἑωυτόν.</span> <span class='ocrx_word' id='word_1_137' title='bbox 445 1726 638 1763; x_wconf 80' lang='lat' dir='ltr'>Caeterum</span> <span class='ocrx_word' id='word_1_138' title='bbox 673 1724 723 1773; x_wconf 79' lang='grc' dir='ltr'>ἐς</span> 
     </span>
     <span class='ocr_line' id='line_1_27' title="bbox 75 1775 722 1833; baseline -0.003 -13"><span class='ocrx_word' id='word_1_139' title='bbox 75 1775 237 1821; x_wconf 67' lang='grc' dir='ltr'><strong><em>αὐτόν</em></strong></span> <span class='ocrx_word' id='word_1_140' title='bbox 276 1786 351 1820; x_wconf 87' lang='lat' dir='ltr'>est:</span> <span class='ocrx_word' id='word_1_141' title='bbox 402 1782 492 1833; x_wconf 76' lang='lat' dir='ltr'>qzcocl</span> <span class='ocrx_word' id='word_1_142' title='bbox 518 1784 645 1820; x_wconf 68' lang='lat' dir='ltr'>attinet</span> <span class='ocrx_word' id='word_1_143' title='bbox 674 1782 722 1819; x_wconf 83' lang='lat' dir='ltr'>ad</span> 
     </span>
     <span class='ocr_line' id='line_1_28' title="bbox 71 1837 721 1889; baseline 0.002 -15"><span class='ocrx_word' id='word_1_144' title='bbox 71 1837 171 1875; x_wconf 79' lang='lat' dir='ltr'>illum</span> <span class='ocrx_word' id='word_1_145' title='bbox 199 1851 229 1875; x_wconf 82' lang='lat' dir='ltr'>s,</span> <span class='ocrx_word' id='word_1_146' title='bbox 259 1839 359 1876; x_wconf 77' lang='lat' dir='ltr'>illius</span> <span class='ocrx_word' id='word_1_147' title='bbox 380 1852 500 1877; x_wconf 80' lang='lat' dir='ltr'>causa.</span> <span class='ocrx_word' id='word_1_148' title='bbox 542 1838 721 1889; x_wconf 81' lang='lat' dir='ltr'>Exempla</span> 
     </span>
     <span class='ocr_line' id='line_1_29' title="bbox 72 1893 718 1948; baseline 0.011 -18"><span class='ocrx_word' id='word_1_149' title='bbox 72 1894 173 1931; x_wconf 88' lang='lat' dir='ltr'>dabit</span> <span class='ocrx_word' id='word_1_150' title='bbox 192 1893 324 1933; x_wconf 82' lang='lat' dir='ltr'>Matth.</span> <span class='ocrx_word' id='word_1_151' title='bbox 347 1895 384 1948; x_wconf 61' lang='grc' dir='ltr'>ἓ.</span> <span class='ocrx_word' id='word_1_152' title='bbox 398 1896 493 1943; x_wconf 86' lang='grc'>578,</span> <span class='ocrx_word' id='word_1_153' title='bbox 513 1910 531 1933; x_wconf 92' lang='lat' dir='ltr'>c</span> <span class='ocrx_word' id='word_1_154' title='bbox 548 1909 583 1946; x_wconf 90' lang='lat' dir='ltr'>p.</span> <span class='ocrx_word' id='word_1_155' title='bbox 599 1894 718 1936; x_wconf 79' lang='lat'>1144.</span> 
     </span>
     <span class='ocr_line' id='line_1_30' title="bbox 72 1949 720 2004; baseline -0.009 -11"><span class='ocrx_word' id='word_1_156' title='bbox 72 1971 127 1978; x_wconf 86' lang='lat'>-·</span> <span class='ocrx_word' id='word_1_157' title='bbox 151 1949 240 1987; x_wconf 83' lang='grc' dir='ltr'>ΜΟΧ</span> <span class='ocrx_word' id='word_1_158' title='bbox 279 1950 571 2004; x_wconf 66' lang='grc' dir='ltr'>ἕπιφριὶζεσθαι</span> <span class='ocrx_word' id='word_1_159' title='bbox 615 1951 720 1988; x_wconf 85' lang='lat' dir='ltr'>simili</span> 
     </span>
     <span class='ocr_line' id='line_1_31' title="bbox 72 2007 719 2060; baseline 0.002 -17"><span class='ocrx_word' id='word_1_160' title='bbox 72 2008 149 2045; x_wconf 89' lang='lat' dir='ltr'>fere</span> <span class='ocrx_word' id='word_1_161' title='bbox 164 2020 274 2045; x_wconf 89' lang='lat' dir='ltr'>sensu</span> <span class='ocrx_word' id='word_1_162' title='bbox 296 2010 566 2060; x_wconf 86' lang='lat' dir='ltr'>accipiendum,</span> <span class='ocrx_word' id='word_1_163' title='bbox 596 2021 668 2058; x_wconf 89' lang='lat' dir='ltr'>quo</span> <span class='ocrx_word' id='word_1_164' title='bbox 690 2007 719 2055; x_wconf 86' lang='grc' dir='ltr'>Ι,</span> 
     </span>
     <span class='ocr_line' id='line_1_32' title="bbox 72 2062 719 2117; baseline -0.003 -13"><span class='ocrx_word' id='word_1_165' title='bbox 72 2064 127 2104; x_wconf 80' lang='grc'>84</span> <span class='ocrx_word' id='word_1_166' title='bbox 175 2064 237 2101; x_wconf 86' lang='lat' dir='ltr'>fin.</span> <span class='ocrx_word' id='word_1_167' title='bbox 283 2066 437 2117; x_wconf 80' lang='lat' dir='ltr'>simplex</span> <span class='ocrx_word' id='word_1_168' title='bbox 481 2062 719 2116; x_wconf 74' lang='grc' dir='ltr'><strong>φράζεσθαι.</strong></span> 
     </span>
     <span class='ocr_line' id='line_1_33' title="bbox 71 2119 722 2164; baseline 0.002 -8"><span class='ocrx_word' id='word_1_169' title='bbox 71 2119 196 2164; x_wconf 83' lang='lat' dir='ltr'>Quare</span> <span class='ocrx_word' id='word_1_170' title='bbox 213 2133 288 2157; x_wconf 87' lang='lat' dir='ltr'>non</span> <span class='ocrx_word' id='word_1_171' title='bbox 309 2123 404 2160; x_wconf 86' lang='lat' dir='ltr'>male</span> <span class='ocrx_word' id='word_1_172' title='bbox 427 2123 603 2161; x_wconf 80' lang='lat' dir='ltr'>reddunt:</span> <span class='ocrx_word' id='word_1_173' title='bbox 632 2123 722 2158; x_wconf 80' lang='lat' dir='ltr'>inire</span> 
     </span>
     <span class='ocr_line' id='line_1_34' title="bbox 68 2177 721 2233; baseline 0.006 -21"><span class='ocrx_word' id='word_1_174' title='bbox 68 2177 243 2225; x_wconf 70' lang='lat' dir='ltr'>rationes,</span> <span class='ocrx_word' id='word_1_175' title='bbox 271 2181 387 2217; x_wconf 78' lang='lat' dir='ltr'>animo</span> <span class='ocrx_word' id='word_1_176' title='bbox 401 2181 542 2228; x_wconf 74' lang='lat' dir='ltr'>agitare</span> <span class='ocrx_word' id='word_1_177' title='bbox 563 2178 721 2233; x_wconf 62' lang='lat' dir='ltr'>consilt‘q,</span> 
     </span>
     <span class='ocr_line' id='line_1_35' title="bbox 69 2232 265 2271; baseline 0.01 -2"><span class='ocrx_word' id='word_1_178' title='bbox 69 2232 265 2271; x_wconf 74' lang='lat' dir='ltr'>deliberare.</span> 
     </span>
    </p>
   </div>
   <div class='ocr_carea' id='block_1_11' title="bbox 69 2309 719 2923">
    <p class='ocr_par' dir='ltr' id='par_1_11' title="bbox 69 2309 719 2923">
     <span class='ocr_line' id='line_1_36' title="bbox 126 2309 719 2365; baseline -0.003 -12"><span class='ocrx_word' id='word_1_179' title='bbox 126 2310 180 2365; x_wconf 76' lang='grc' dir='ltr'>μή</span> <span class='ocrx_word' id='word_1_180' title='bbox 202 2310 347 2365; x_wconf 78' lang='grc' dir='ltr'><strong><em>βούλευ</em></strong></span> <span class='ocrx_word' id='word_1_181' title='bbox 368 2309 613 2354; x_wconf 75' lang='grc' dir='ltr'><strong><em>πολύευκτον</em></strong></span> <span class='ocrx_word' id='word_1_182' title='bbox 635 2310 719 2364; x_wconf 80' lang='grc' dir='ltr'>ἰήν]</span> 
     </span>
     <span class='ocr_line' id='line_1_37' title="bbox 69 2368 716 2422; baseline 0.002 -16"><span class='ocrx_word' id='word_1_183' title='bbox 69 2369 236 2420; x_wconf 85' lang='lat' dir='ltr'>Plerique</span> <span class='ocrx_word' id='word_1_184' title='bbox 269 2371 349 2408; x_wconf 83' lang='lat' dir='ltr'>libri</span> <span class='ocrx_word' id='word_1_185' title='bbox 380 2368 554 2422; x_wconf 83' lang='grc' dir='ltr'><strong><em>βούλου,</em></strong></span> <span class='ocrx_word' id='word_1_186' title='bbox 598 2372 716 2408; x_wconf 76' lang='lat' dir='ltr'>forma</span> 
     </span>
     <span class='ocr_line' id='line_1_38' title="bbox 69 2426 715 2466; baseline 0.006 -4"><span class='ocrx_word' id='word_1_187' title='bbox 69 2426 194 2463; x_wconf 85' lang='lat' dir='ltr'>rariori</span> <span class='ocrx_word' id='word_1_188' title='bbox 219 2427 256 2464; x_wconf 89' lang='lat' dir='ltr'>in</span> <span class='ocrx_word' id='word_1_189' title='bbox 275 2440 500 2466; x_wconf 83' lang='lat' dir='ltr'>communem</span> <span class='ocrx_word' id='word_1_190' title='bbox 529 2440 715 2466; x_wconf 82' lang='lat' dir='ltr'>conversa.</span> 
     </span>
     <span class='ocr_line' id='line_1_39' title="bbox 69 2481 713 2536; baseline 0.012 -18"><span class='ocrx_word' id='word_1_191' title='bbox 69 2481 149 2519; x_wconf 93' lang='lat' dir='ltr'>Vid.</span> <span class='ocrx_word' id='word_1_192' title='bbox 171 2482 302 2521; x_wconf 83' lang='lat' dir='ltr'>Matth.</span> <span class='ocrx_word' id='word_1_193' title='bbox 331 2483 368 2536; x_wconf 59' lang='grc' dir='ltr'>ἓ.</span> <span class='ocrx_word' id='word_1_194' title='bbox 391 2485 472 2526; x_wconf 76' lang='lat'>205</span> <span class='ocrx_word' id='word_1_195' title='bbox 507 2497 593 2535; x_wconf 79' lang='lat' dir='ltr'>pag.</span> <span class='ocrx_word' id='word_1_196' title='bbox 620 2486 713 2525; x_wconf 80' lang='lat'>379-</span> 
     </span>
     <span class='ocr_line' id='line_1_40' title="bbox 69 2535 715 2590; baseline -0.003 -13"><span class='ocrx_word' id='word_1_197' title='bbox 69 2557 124 2565; x_wconf 90' lang='lat'>-—</span> <span class='ocrx_word' id='word_1_198' title='bbox 146 2535 213 2588; x_wconf 77' lang='grc' dir='ltr'>ἰήν</span> <span class='ocrx_word' id='word_1_199' title='bbox 231 2553 310 2577; x_wconf 87' lang='lat' dir='ltr'>cum</span> <span class='ocrx_word' id='word_1_200' title='bbox 339 2545 487 2579; x_wconf 89' lang='lat' dir='ltr'>recentt.</span> <span class='ocrx_word' id='word_1_201' title='bbox 506 2540 715 2590; x_wconf 83' lang='lat' dir='ltr'>scripsimus</span> 
     </span>
     <span class='ocr_line' id='line_1_41' title="bbox 70 2594 714 2646; baseline 0.006 -15"><span class='ocrx_word' id='word_1_202' title='bbox 70 2605 136 2643; x_wconf 86' lang='lat' dir='ltr'>pro</span> <span class='ocrx_word' id='word_1_203' title='bbox 158 2594 235 2646; x_wconf 74' lang='grc' dir='ltr'>ἴην.</span> <span class='ocrx_word' id='word_1_204' title='bbox 291 2596 428 2635; x_wconf 84' lang='lat' dir='ltr'>Vocem</span> <span class='ocrx_word' id='word_1_205' title='bbox 455 2597 629 2634; x_wconf 86' lang='lat' dir='ltr'>rariorem</span> <span class='ocrx_word' id='word_1_206' title='bbox 658 2596 714 2632; x_wconf 82' lang='lat' dir='ltr'>in-</span> 
     </span>
     <span class='ocr_line' id='line_1_42' title="bbox 70 2650 714 2691; baseline 0.009 -7"><span class='ocrx_word' id='word_1_207' title='bbox 70 2650 182 2686; x_wconf 88' lang='lat' dir='ltr'>veniri</span> <span class='ocrx_word' id='word_1_208' title='bbox 207 2655 309 2689; x_wconf 83' lang='lat' dir='ltr'>notat</span> <span class='ocrx_word' id='word_1_209' title='bbox 336 2653 538 2691; x_wconf 81' lang='lat' dir='ltr'>Larcherus</span> <span class='ocrx_word' id='word_1_210' title='bbox 575 2654 613 2690; x_wconf 87' lang='lat' dir='ltr'>in</span> <span class='ocrx_word' id='word_1_211' title='bbox 641 2651 714 2690; x_wconf 84' lang='lat' dir='ltr'>Ae-</span> 
     </span>
     <span class='ocr_line' id='line_1_43' title="bbox 71 2704 714 2759; baseline 0.009 -20"><span class='ocrx_word' id='word_1_212' title='bbox 71 2704 181 2752; x_wconf 83' lang='lat' dir='ltr'>schyl.</span> <span class='ocrx_word' id='word_1_213' title='bbox 208 2706 308 2744; x_wconf 80' lang='lat' dir='ltr'>Pers.</span> <span class='ocrx_word' id='word_1_214' title='bbox 328 2709 421 2751; x_wconf 83' lang='lat'><strong>940.</strong></span> <span class='ocrx_word' id='word_1_215' title='bbox 454 2710 580 2759; x_wconf 90' lang='lat' dir='ltr'>Eurip.</span> <span class='ocrx_word' id='word_1_216' title='bbox 598 2709 714 2746; x_wconf 83' lang='lat' dir='ltr'>Rhes.</span> 
     </span>
     <span class='ocr_line' id='line_1_44' title="bbox 71 2758 717 2813; baseline 0.005 -14"><span class='ocrx_word' id='word_1_217' title='bbox 71 2758 154 2800; x_wconf 83' lang='lat'>940</span> <span class='ocrx_word' id='word_1_218' title='bbox 181 2761 253 2808; x_wconf 85' lang='lat' dir='ltr'>(al.</span> <span class='ocrx_word' id='word_1_219' title='bbox 280 2766 394 2813; x_wconf 79' lang='lat'>922).</span> <span class='ocrx_word' id='word_1_220' title='bbox 452 2766 559 2804; x_wconf 85' lang='lat' dir='ltr'>Valet</span> <span class='ocrx_word' id='word_1_221' title='bbox 595 2770 717 2803; x_wconf 86' lang='lat' dir='ltr'>autem</span> 
     </span>
     <span class='ocr_line' id='line_1_45' title="bbox 72 2821 719 2871; baseline 0.011 -20"><span class='ocrx_word' id='word_1_222' title='bbox 72 2827 161 2863; x_wconf 71' lang='lat' dir='ltr'>vox,</span> <span class='ocrx_word' id='word_1_223' title='bbox 188 2831 301 2857; x_wconf 80' lang='lat' dir='ltr'>sonus.</span> <span class='ocrx_word' id='word_1_224' title='bbox 355 2822 474 2870; x_wconf 79' lang='lat' dir='ltr'>Hinc,</span> <span class='ocrx_word' id='word_1_225' title='bbox 509 2822 611 2871; x_wconf 89' lang='lat' dir='ltr'>quod</span> <span class='ocrx_word' id='word_1_226' title='bbox 639 2821 719 2858; x_wconf 87' lang='lat' dir='ltr'>obi-</span> 
     </span>
     <span class='ocr_line' id='line_1_46' title="bbox 73 2873 719 2923; baseline 0.011 -16"><span class='ocrx_word' id='word_1_227' title='bbox 73 2873 129 2908; x_wconf 88' lang='lat' dir='ltr'>ter</span> <span class='ocrx_word' id='word_1_228' title='bbox 149 2883 298 2923; x_wconf 88' lang='lat' dir='ltr'>mone0,</span> <span class='ocrx_word' id='word_1_229' title='bbox 325 2877 450 2915; x_wconf 86' lang='lat' dir='ltr'>vocula</span> <span class='ocrx_word' id='word_1_230' title='bbox 475 2891 549 2915; x_wconf 84' lang='lat' dir='ltr'>non</span> <span class='ocrx_word' id='word_1_231' title='bbox 570 2877 719 2916; x_wconf 82' lang='lat' dir='ltr'>videba-</span> 
     </span>
    </p>
   </div>
   <div class='ocr_carea' id='block_1_12' title="bbox 782 934 1459 2926">
    <p class='ocr_par' dir='ltr' id='par_1_12' title="bbox 789 934 1459 1774">
     <span class='ocr_line' id='line_1_47' title="bbox 805 934 1459 974; baseline 0.003 -2"><span class='ocrx_word' id='word_1_232' title='bbox 805 939 861 972; x_wconf 85' lang='lat' dir='ltr'>tur</span> <span class='ocrx_word' id='word_1_233' title='bbox 880 934 1072 973; x_wconf 85' lang='lat' dir='ltr'>inserenda</span> <span class='ocrx_word' id='word_1_234' title='bbox 1094 935 1202 973; x_wconf 87' lang='lat' dir='ltr'>indici</span> <span class='ocrx_word' id='word_1_235' title='bbox 1221 948 1349 973; x_wconf 90' lang='lat' dir='ltr'>vocum</span> <span class='ocrx_word' id='word_1_236' title='bbox 1378 935 1459 974; x_wconf 89' lang='lat' dir='ltr'>inu-</span> 
     </span>
     <span class='ocr_line' id='line_1_48' title="bbox 804 991 1458 1041; baseline 0.003 -14"><span class='ocrx_word' id='word_1_237' title='bbox 804 991 1015 1040; x_wconf 83' lang='lat' dir='ltr'>sitatarum,</span> <span class='ocrx_word' id='word_1_238' title='bbox 1044 992 1175 1041; x_wconf 90' lang='lat' dir='ltr'>quibus</span> <span class='ocrx_word' id='word_1_239' title='bbox 1199 992 1363 1029; x_wconf 85' lang='lat' dir='ltr'>Rhesum</span> <span class='ocrx_word' id='word_1_240' title='bbox 1381 992 1458 1029; x_wconf 84' lang='lat' dir='ltr'>Eu-</span> 
     </span>
     <span class='ocr_line' id='line_1_49' title="bbox 803 1047 1457 1098; baseline 0.005 -14"><span class='ocrx_word' id='word_1_241' title='bbox 803 1047 981 1097; x_wconf 89' lang='lat' dir='ltr'>ripideum</span> <span class='ocrx_word' id='word_1_242' title='bbox 1018 1049 1232 1098; x_wconf 85' lang='lat' dir='ltr'>posterioris</span> <span class='ocrx_word' id='word_1_243' title='bbox 1267 1049 1345 1086; x_wconf 84' lang='lat' dir='ltr'>aevi</span> <span class='ocrx_word' id='word_1_244' title='bbox 1376 1050 1457 1087; x_wconf 86' lang='lat' dir='ltr'>soe-</span> 
     </span>
     <span class='ocr_line' id='line_1_50' title="bbox 801 1104 1456 1155; baseline 0.003 -15"><span class='ocrx_word' id='word_1_245' title='bbox 801 1108 876 1140; x_wconf 87' lang='lat' dir='ltr'>tum</span> <span class='ocrx_word' id='word_1_246' title='bbox 900 1117 981 1141; x_wconf 80' lang='lat' dir='ltr'>esse</span> <span class='ocrx_word' id='word_1_247' title='bbox 1006 1108 1093 1154; x_wconf 85' lang='lat' dir='ltr'>post</span> <span class='ocrx_word' id='word_1_248' title='bbox 1116 1104 1206 1141; x_wconf 86' lang='lat' dir='ltr'>alios</span> <span class='ocrx_word' id='word_1_249' title='bbox 1235 1117 1355 1155; x_wconf 89' lang='lat' dir='ltr'>nuper</span> <span class='ocrx_word' id='word_1_250' title='bbox 1390 1106 1456 1142; x_wconf 85' lang='lat' dir='ltr'>ad-</span> 
     </span>
     <span class='ocr_line' id='line_1_51' title="bbox 801 1160 1455 1198; baseline 0.003 -2"><span class='ocrx_word' id='word_1_251' title='bbox 801 1161 949 1197; x_wconf 85' lang='lat' dir='ltr'>modum</span> <span class='ocrx_word' id='word_1_252' title='bbox 995 1161 1183 1198; x_wconf 84' lang='lat' dir='ltr'>contendit</span> <span class='ocrx_word' id='word_1_253' title='bbox 1227 1160 1455 1198; x_wconf 79' lang='lat' dir='ltr'>Morstadius</span> 
     </span>
     <span class='ocr_line' id='line_1_52' title="bbox 798 1216 1454 1268; baseline 0.005 -16"><span class='ocrx_word' id='word_1_254' title='bbox 798 1229 899 1253; x_wconf 80' lang='lat' dir='ltr'>meus</span> <span class='ocrx_word' id='word_1_255' title='bbox 920 1216 955 1253; x_wconf 89' lang='lat' dir='ltr'>in</span> <span class='ocrx_word' id='word_1_256' title='bbox 976 1218 1111 1266; x_wconf 83' lang='lat' dir='ltr'>scripto</span> <span class='ocrx_word' id='word_1_257' title='bbox 1148 1216 1322 1267; x_wconf 83' lang='lat' dir='ltr'>peculiari</span> <span class='ocrx_word' id='word_1_258' title='bbox 1343 1230 1454 1268; x_wconf 82' lang='lat' dir='ltr'>super</span> 
     </span>
     <span class='ocr_line' id='line_1_53' title="bbox 799 1272 1452 1323; baseline 0.002 -14"><span class='ocrx_word' id='word_1_259' title='bbox 799 1272 927 1317; x_wconf 80' lang='lat' dir='ltr'>Rhes.‚</span> <span class='ocrx_word' id='word_1_260' title='bbox 957 1274 1056 1321; x_wconf 88' lang='lat' dir='ltr'>quod</span> <span class='ocrx_word' id='word_1_261' title='bbox 1081 1273 1219 1323; x_wconf 83' lang='lat' dir='ltr'>prodiit</span> <span class='ocrx_word' id='word_1_262' title='bbox 1236 1272 1452 1311; x_wconf 87' lang='lat' dir='ltr'>Heidelber-</span> 
     </span>
     <span class='ocr_line' id='line_1_54' title="bbox 797 1329 1452 1379; baseline 0 -13"><span class='ocrx_word' id='word_1_263' title='bbox 797 1330 1007 1377; x_wconf 77' lang='lat' dir='ltr'>gae1827.</span> <span class='ocrx_word' id='word_1_264' title='bbox 1046 1329 1154 1366; x_wconf 81' lang='lat' dir='ltr'>Cous.</span> <span class='ocrx_word' id='word_1_265' title='bbox 1180 1341 1266 1379; x_wconf 81' lang='lat' dir='ltr'>pag.</span> <span class='ocrx_word' id='word_1_266' title='bbox 1298 1331 1363 1369; x_wconf 85' lang='lat'>61.</span> <span class='ocrx_word' id='word_1_267' title='bbox 1408 1329 1452 1366; x_wconf 92' lang='lat' dir='ltr'>In</span> 
     </span>
     <span class='ocr_line' id='line_1_55' title="bbox 794 1384 1451 1436; baseline 0.002 -14"><span class='ocrx_word' id='word_1_268' title='bbox 794 1385 950 1422; x_wconf 91' lang='lat' dir='ltr'>Diodori</span> <span class='ocrx_word' id='word_1_269' title='bbox 970 1385 1155 1436; x_wconf 80' lang='lat' dir='ltr'>Excerptt.</span> <span class='ocrx_word' id='word_1_270' title='bbox 1177 1384 1214 1436; x_wconf 61' lang='grc' dir='ltr'>ἓ.</span> <span class='ocrx_word' id='word_1_271' title='bbox 1237 1386 1292 1426; x_wconf 85' lang='grc'>30</span> <span class='ocrx_word' id='word_1_272' title='bbox 1322 1385 1391 1434; x_wconf 88' lang='lat' dir='ltr'>(T.</span> <span class='ocrx_word' id='word_1_273' title='bbox 1416 1386 1451 1423; x_wconf 94' lang='lat' dir='ltr'>ll</span> 
     </span>
     <span class='ocr_line' id='line_1_56' title="bbox 792 1441 1449 1492; baseline 0 -15"><span class='ocrx_word' id='word_1_274' title='bbox 792 1455 829 1492; x_wconf 90' lang='lat' dir='ltr'>p.</span> <span class='ocrx_word' id='word_1_275' title='bbox 842 1444 895 1483; x_wconf 81' lang='lat'>26</span> <span class='ocrx_word' id='word_1_276' title='bbox 908 1454 990 1478; x_wconf 91' lang='lat' dir='ltr'>nov.</span> <span class='ocrx_word' id='word_1_277' title='bbox 1015 1442 1152 1492; x_wconf 85' lang='lat' dir='ltr'>seriptt.</span> <span class='ocrx_word' id='word_1_278' title='bbox 1163 1441 1242 1479; x_wconf 86' lang='lat' dir='ltr'>coll.</span> <span class='ocrx_word' id='word_1_279' title='bbox 1255 1441 1312 1479; x_wconf 82' lang='lat' dir='ltr'>ed.</span> <span class='ocrx_word' id='word_1_280' title='bbox 1325 1441 1449 1490; x_wconf 58' lang='lat' dir='ltr'>Mau),</span> 
     </span>
     <span class='ocr_line' id='line_1_57' title="bbox 793 1498 1449 1548; baseline 0.002 -14"><span class='ocrx_word' id='word_1_281' title='bbox 793 1498 853 1534; x_wconf 90' lang='lat' dir='ltr'>ubi</span> <span class='ocrx_word' id='word_1_282' title='bbox 875 1501 1033 1548; x_wconf 85' lang='lat' dir='ltr'>quatuor</span> <span class='ocrx_word' id='word_1_283' title='bbox 1059 1498 1095 1535; x_wconf 87' lang='lat' dir='ltr'>hi</span> <span class='ocrx_word' id='word_1_284' title='bbox 1121 1511 1247 1536; x_wconf 83' lang='lat' dir='ltr'>versus</span> <span class='ocrx_word' id='word_1_285' title='bbox 1277 1498 1449 1536; x_wconf 85' lang='lat' dir='ltr'>exhiben-</span> 
     </span>
     <span class='ocr_line' id='line_1_58' title="bbox 792 1550 1447 1605; baseline 0.003 -14"><span class='ocrx_word' id='word_1_286' title='bbox 792 1558 869 1602; x_wconf 79' lang='lat' dir='ltr'>tur,</span> <span class='ocrx_word' id='word_1_287' title='bbox 899 1555 1072 1605; x_wconf 85' lang='lat' dir='ltr'>scriptum</span> <span class='ocrx_word' id='word_1_288' title='bbox 1090 1555 1196 1592; x_wconf 86' lang='lat' dir='ltr'>video</span> <span class='ocrx_word' id='word_1_289' title='bbox 1219 1554 1304 1593; x_wconf 81' lang='grc' dir='ltr'>ἴαν</span> <span class='ocrx_word' id='word_1_290' title='bbox 1325 1550 1447 1604; x_wconf 74' lang='grc' dir='ltr'><strong><em>(ἰὰν),</em></strong></span> 
     </span>
     <span class='ocr_line' id='line_1_59' title="bbox 791 1599 1446 1649; baseline 0.003 -2"><span class='ocrx_word' id='word_1_291' title='bbox 791 1611 888 1648; x_wconf 81' lang='lat' dir='ltr'>haud</span> <span class='ocrx_word' id='word_1_292' title='bbox 916 1611 990 1648; x_wconf 86' lang='lat' dir='ltr'>scio</span> <span class='ocrx_word' id='word_1_293' title='bbox 1016 1599 1234 1649; x_wconf 67' lang='lat' dir='ltr'>an⁶rectius.</span> <span class='ocrx_word' id='word_1_294' title='bbox 1306 1611 1446 1649; x_wconf 84' lang='lat' dir='ltr'>Ibidem</span> 
     </span>
     <span class='ocr_line' id='line_1_60' title="bbox 789 1663 1444 1718; baseline 0.006 -15"><span class='ocrx_word' id='word_1_295' title='bbox 789 1680 937 1717; x_wconf 89' lang='lat' dir='ltr'>quoque</span> <span class='ocrx_word' id='word_1_296' title='bbox 992 1663 1155 1718; x_wconf 82' lang='grc' dir='ltr'><strong><em>βούλου</em></strong></span> <span class='ocrx_word' id='word_1_297' title='bbox 1221 1671 1258 1706; x_wconf 86' lang='lat' dir='ltr'>et</span> <span class='ocrx_word' id='word_1_298' title='bbox 1315 1663 1444 1707; x_wconf 74' lang='grc' dir='ltr'><strong><em>κατὰ</em></strong></span> 
     </span>
     <span class='ocr_line' id='line_1_61' title="bbox 791 1719 919 1774; baseline -0.016 -11"><span class='ocrx_word' id='word_1_299' title='bbox 791 1725 813 1763; x_wconf 76' lang='grc' dir='ltr'><strong>ὅ</strong></span> <span class='ocrx_word' id='word_1_300' title='bbox 827 1726 859 1762; x_wconf 74' lang='grc' dir='ltr'><em>ὦ</em></span> <span class='ocrx_word' id='word_1_301' title='bbox 870 1719 919 1774; x_wconf 75' lang='grc' dir='ltr'>μ’.</span> 
     </span>
    </p>

    <p class='ocr_par' dir='ltr' id='par_1_13' title="bbox 782 1799 1442 2926">
     <span class='ocr_line' id='line_1_62' title="bbox 845 1799 1442 1854; baseline 0.003 -13"><span class='ocrx_word' id='word_1_302' title='bbox 845 1800 1108 1854; x_wconf 72' lang='grc' dir='ltr'><strong><em>ἁλισκομένου</em></strong></span> <span class='ocrx_word' id='word_1_303' title='bbox 1130 1799 1173 1842; x_wconf 77' lang='grc' dir='ltr'>δὲ</span> <span class='ocrx_word' id='word_1_304' title='bbox 1190 1804 1264 1842; x_wconf 80' lang='grc' dir='ltr'>τοῦ</span> <span class='ocrx_word' id='word_1_305' title='bbox 1285 1801 1442 1854; x_wconf 80' lang='grc' dir='ltr'><strong><em>τείχεος,</em></strong></span> 
     </span>
     <span class='ocr_line' id='line_1_63' title="bbox 789 1856 1442 1912; baseline 0 -14"><span class='ocrx_word' id='word_1_306' title='bbox 789 1856 855 1910; x_wconf 80' lang='grc' dir='ltr'>ἤϊε</span> <span class='ocrx_word' id='word_1_307' title='bbox 873 1857 947 1912; x_wconf 66' lang='grc' dir='ltr'>γάρ</span> <span class='ocrx_word' id='word_1_308' title='bbox 965 1861 1044 1898; x_wconf 80' lang='grc' dir='ltr'>τῶν</span> <span class='ocrx_word' id='word_1_309' title='bbox 1063 1874 1122 1906; x_wconf 85' lang='grc' dir='ltr'>τις</span> <span class='ocrx_word' id='word_1_310' title='bbox 1149 1857 1342 1911; x_wconf 76' lang='grc' dir='ltr'><strong><em>Περσέων</em></strong></span> <span class='ocrx_word' id='word_1_311' title='bbox 1361 1874 1399 1899; x_wconf 85' lang='grc' dir='ltr'>κ.</span> <span class='ocrx_word' id='word_1_312' title='bbox 1410 1875 1442 1898; x_wconf 85' lang='grc' dir='ltr'>τ.</span> 
     </span>
     <span class='ocr_line' id='line_1_64' title="bbox 788 1916 1442 1966; baseline 0 -13"><span class='ocrx_word' id='word_1_313' title='bbox 788 1919 847 1963; x_wconf 87' lang='grc' dir='ltr'>λ.]</span> <span class='ocrx_word' id='word_1_314' title='bbox 892 1916 934 1954; x_wconf 91' lang='lat' dir='ltr'>In</span> <span class='ocrx_word' id='word_1_315' title='bbox 969 1916 1261 1966; x_wconf 85' lang='lat' dir='ltr'>interpunctione</span> <span class='ocrx_word' id='word_1_316' title='bbox 1296 1920 1442 1954; x_wconf 85' lang='lat' dir='ltr'>secutus</span> 
     </span>
     <span class='ocr_line' id='line_1_65' title="bbox 788 1972 1441 2020; baseline 0.002 -11"><span class='ocrx_word' id='word_1_317' title='bbox 788 1986 867 2010; x_wconf 78' lang='lat' dir='ltr'>suin</span> <span class='ocrx_word' id='word_1_318' title='bbox 897 1976 1045 2011; x_wconf 87' lang='lat' dir='ltr'>recentt.</span> <span class='ocrx_word' id='word_1_319' title='bbox 1079 1973 1204 2020; x_wconf 58' lang='lat' dir='ltr'>editt„</span> <span class='ocrx_word' id='word_1_320' title='bbox 1238 1985 1318 2010; x_wconf 92' lang='lat' dir='ltr'>cum</span> <span class='ocrx_word' id='word_1_321' title='bbox 1355 1972 1441 2010; x_wconf 88' lang='lat' dir='ltr'>olim</span> 
     </span>
     <span class='ocr_line' id='line_1_66' title="bbox 788 2023 1442 2080; baseline -0.002 -14"><span class='ocrx_word' id='word_1_322' title='bbox 788 2030 881 2068; x_wconf 87' lang='lat' dir='ltr'>male</span> <span class='ocrx_word' id='word_1_323' title='bbox 927 2033 1015 2080; x_wconf 82' lang='lat' dir='ltr'>post</span> <span class='ocrx_word' id='word_1_324' title='bbox 1049 2023 1299 2067; x_wconf 80' lang='grc' dir='ltr'><strong><em>οἷποκτενέων</em></strong></span> <span class='ocrx_word' id='word_1_325' title='bbox 1327 2029 1442 2066; x_wconf 89' lang='lat' dir='ltr'>maior</span> 
     </span>
     <span class='ocr_line' id='line_1_67' title="bbox 787 2085 1440 2137; baseline -0.002 -14"><span class='ocrx_word' id='word_1_326' title='bbox 787 2090 986 2137; x_wconf 89' lang='lat' dir='ltr'>poneretur</span> <span class='ocrx_word' id='word_1_327' title='bbox 1016 2085 1218 2131; x_wconf 86' lang='lat' dir='ltr'>distinctio,</span> <span class='ocrx_word' id='word_1_328' title='bbox 1265 2098 1374 2134; x_wconf 82' lang='lat' dir='ltr'>quam</span> <span class='ocrx_word' id='word_1_329' title='bbox 1402 2085 1440 2122; x_wconf 89' lang='lat' dir='ltr'>in</span> 
     </span>
     <span class='ocr_line' id='line_1_68' title="bbox 787 2142 1439 2180; baseline -0.002 0"><span class='ocrx_word' id='word_1_330' title='bbox 787 2143 962 2180; x_wconf 86' lang='lat' dir='ltr'>minorem</span> <span class='ocrx_word' id='word_1_331' title='bbox 1000 2154 1096 2179; x_wconf 89' lang='lat' dir='ltr'>nunc</span> <span class='ocrx_word' id='word_1_332' title='bbox 1119 2145 1295 2178; x_wconf 81' lang='lat' dir='ltr'>mutatam</span> <span class='ocrx_word' id='word_1_333' title='bbox 1324 2142 1439 2179; x_wconf 85' lang='lat' dir='ltr'>vides.</span> 
     </span>
     <span class='ocr_line' id='line_1_69' title="bbox 787 2194 1439 2250; baseline 0 -14"><span class='ocrx_word' id='word_1_334' title='bbox 787 2199 887 2237; x_wconf 84' lang='lat' dir='ltr'>Nam</span> <span class='ocrx_word' id='word_1_335' title='bbox 907 2199 1125 2249; x_wconf 80' lang='lat' dir='ltr'>interposita</span> <span class='ocrx_word' id='word_1_336' title='bbox 1147 2197 1324 2248; x_wconf 83' lang='lat' dir='ltr'>particula</span> <span class='ocrx_word' id='word_1_337' title='bbox 1350 2194 1439 2250; x_wconf 68' lang='grc' dir='ltr'>γάρ,</span> 
     </span>
     <span class='ocr_line' id='line_1_70' title="bbox 788 2254 1439 2302; baseline -0.003 -9"><span class='ocrx_word' id='word_1_338' title='bbox 788 2257 838 2293; x_wconf 90' lang='lat' dir='ltr'>uti</span> <span class='ocrx_word' id='word_1_339' title='bbox 858 2256 984 2293; x_wconf 85' lang='lat' dir='ltr'>crebro</span> <span class='ocrx_word' id='word_1_340' title='bbox 1005 2255 1063 2302; x_wconf 84' lang='lat' dir='ltr'>fit,</span> <span class='ocrx_word' id='word_1_341' title='bbox 1090 2254 1264 2292; x_wconf 82' lang='lat' dir='ltr'>orationis</span> <span class='ocrx_word' id='word_1_342' title='bbox 1283 2258 1439 2292; x_wconf 85' lang='lat' dir='ltr'>structu-</span> 
     </span>
     <span class='ocr_line' id='line_1_71' title="bbox 789 2309 1438 2359; baseline -0.002 -9"><span class='ocrx_word' id='word_1_343' title='bbox 789 2325 831 2350; x_wconf 81' lang='lat' dir='ltr'>ra</span> <span class='ocrx_word' id='word_1_344' title='bbox 850 2313 901 2349; x_wconf 80' lang='lat' dir='ltr'>ita</span> <span class='ocrx_word' id='word_1_345' title='bbox 920 2315 1101 2358; x_wconf 79' lang='lat' dir='ltr'>mutatur,</span> <span class='ocrx_word' id='word_1_346' title='bbox 1130 2314 1170 2347; x_wconf 88' lang='lat' dir='ltr'>ut</span> <span class='ocrx_word' id='word_1_347' title='bbox 1196 2309 1300 2348; x_wconf 83' lang='lat' dir='ltr'>aliter</span> <span class='ocrx_word' id='word_1_348' title='bbox 1327 2314 1438 2359; x_wconf 85' lang='lat' dir='ltr'>atque</span> 
     </span>
     <span class='ocr_line' id='line_1_72' title="bbox 785 2366 1439 2418; baseline -0.005 -11"><span class='ocrx_word' id='word_1_349' title='bbox 785 2374 862 2407; x_wconf 83' lang='lat' dir='ltr'>erat</span> <span class='ocrx_word' id='word_1_350' title='bbox 882 2369 1029 2418; x_wconf 88' lang='lat' dir='ltr'>incepta</span> <span class='ocrx_word' id='word_1_351' title='bbox 1050 2366 1330 2418; x_wconf 87' lang='lat' dir='ltr'>progrediatur,</span> <span class='ocrx_word' id='word_1_352' title='bbox 1359 2380 1439 2404; x_wconf 90' lang='lat' dir='ltr'>cum</span> 
     </span>
     <span class='ocr_line' id='line_1_73' title="bbox 785 2423 1435 2474; baseline -0.005 -11"><span class='ocrx_word' id='word_1_353' title='bbox 785 2438 807 2462; x_wconf 82' lang='lat' dir='ltr'>a</span> <span class='ocrx_word' id='word_1_354' title='bbox 825 2425 944 2463; x_wconf 77' lang='lat' dir='ltr'>verbis</span> <span class='ocrx_word' id='word_1_355' title='bbox 976 2437 1043 2474; x_wconf 87' lang='lat' dir='ltr'>per</span> <span class='ocrx_word' id='word_1_356' title='bbox 1067 2423 1304 2474; x_wconf 81' lang='lat' dir='ltr'>parenthesin</span> <span class='ocrx_word' id='word_1_357' title='bbox 1330 2423 1435 2472; x_wconf 86' lang='lat' dir='ltr'>quasi</span> 
     </span>
     <span class='ocr_line' id='line_1_74' title="bbox 783 2475 1436 2532; baseline -0.002 -14"><span class='ocrx_word' id='word_1_358' title='bbox 783 2482 856 2518; x_wconf 62' lang='lat' dir='ltr'>una</span> <span class='ocrx_word' id='word_1_359' title='bbox 874 2494 955 2518; x_wconf 90' lang='lat' dir='ltr'>cum</span> <span class='ocrx_word' id='word_1_360' title='bbox 975 2479 1152 2530; x_wconf 78' lang='lat' dir='ltr'>particula</span> <span class='ocrx_word' id='word_1_361' title='bbox 1176 2475 1252 2532; x_wconf 66' lang='grc' dir='ltr'>γάρ</span> <span class='ocrx_word' id='word_1_362' title='bbox 1282 2480 1436 2517; x_wconf 80' lang='lat' dir='ltr'>interca-</span> 
     </span>
     <span class='ocr_line' id='line_1_75' title="bbox 784 2536 1435 2588; baseline -0.002 -13"><span class='ocrx_word' id='word_1_363' title='bbox 784 2538 865 2575; x_wconf 86' lang='lat' dir='ltr'>latis</span> <span class='ocrx_word' id='word_1_364' title='bbox 893 2538 1055 2588; x_wconf 79' lang='lat' dir='ltr'>pendeat</span> <span class='ocrx_word' id='word_1_365' title='bbox 1086 2536 1291 2585; x_wconf 89' lang='lat' dir='ltr'>iisdemque</span> <span class='ocrx_word' id='word_1_366' title='bbox 1320 2548 1435 2574; x_wconf 86' lang='lat' dir='ltr'>anne-</span> 
     </span>
     <span class='ocr_line' id='line_1_76' title="bbox 782 2593 1433 2643; baseline -0.003 -11"><span class='ocrx_word' id='word_1_367' title='bbox 782 2598 911 2633; x_wconf 87' lang='lat' dir='ltr'>ctatur.</span> <span class='ocrx_word' id='word_1_368' title='bbox 969 2593 1078 2630; x_wconf 86' lang='lat' dir='ltr'>conf.</span> <span class='ocrx_word' id='word_1_369' title='bbox 1115 2605 1228 2643; x_wconf 79' lang='lat' dir='ltr'>supra</span> <span class='ocrx_word' id='word_1_370' title='bbox 1258 2596 1350 2629; x_wconf 85' lang='lat' dir='ltr'>nott.</span> <span class='ocrx_word' id='word_1_371' title='bbox 1385 2594 1433 2630; x_wconf 86' lang='lat' dir='ltr'>ad</span> 
     </span>
     <span class='ocr_line' id='line_1_77' title="bbox 782 2648 1435 2699; baseline -0.002 -13"><span class='ocrx_word' id='word_1_372' title='bbox 782 2652 820 2699; x_wconf 87' lang='lat' dir='ltr'>l,</span> <span class='ocrx_word' id='word_1_373' title='bbox 839 2654 894 2692; x_wconf 80' lang='lat'>28</span> <span class='ocrx_word' id='word_1_374' title='bbox 915 2649 994 2687; x_wconf 84' lang='lat' dir='ltr'>coll.</span> <span class='ocrx_word' id='word_1_375' title='bbox 1015 2649 1053 2697; x_wconf 87' lang='lat' dir='ltr'>I,</span> <span class='ocrx_word' id='word_1_376' title='bbox 1083 2650 1121 2690; x_wconf 90' lang='grc'>8.</span> <span class='ocrx_word' id='word_1_377' title='bbox 1161 2648 1273 2686; x_wconf 88' lang='lat' dir='ltr'>Unde</span> <span class='ocrx_word' id='word_1_378' title='bbox 1286 2649 1435 2696; x_wconf 83' lang='lat' dir='ltr'>factum,</span> 
     </span>
     <span class='ocr_line' id='line_1_78' title="bbox 784 2702 1435 2757; baseline -0.002 -13"><span class='ocrx_word' id='word_1_379' title='bbox 784 2708 883 2757; x_wconf 90' lang='lat' dir='ltr'>quod</span> <span class='ocrx_word' id='word_1_380' title='bbox 912 2705 1061 2756; x_wconf 84' lang='lat' dir='ltr'>genitivi</span> <span class='ocrx_word' id='word_1_381' title='bbox 1085 2705 1369 2754; x_wconf 77' lang='lat' dir='ltr'>consequentiae</span> <span class='ocrx_word' id='word_1_382' title='bbox 1389 2702 1435 2743; x_wconf 76' lang='grc' dir='ltr'>οἳ·</span> 
     </span>
     <span class='ocr_line' id='line_1_79' title="bbox 785 2759 1434 2813; baseline -0.009 -11"><span class='ocrx_word' id='word_1_383' title='bbox 785 2762 1020 2813; x_wconf 83' lang='grc' dir='ltr'><strong><em>λισκομένου</em></strong></span> <span class='ocrx_word' id='word_1_384' title='bbox 1041 2759 1085 2801; x_wconf 78' lang='grc' dir='ltr'>δὲ</span> <span class='ocrx_word' id='word_1_385' title='bbox 1100 2763 1174 2801; x_wconf 78' lang='grc' dir='ltr'>τοῦ</span> <span class='ocrx_word' id='word_1_386' title='bbox 1199 2761 1349 2812; x_wconf 77' lang='grc' dir='ltr'><strong><em>τείχους</em></strong></span> <span class='ocrx_word' id='word_1_387' title='bbox 1367 2761 1434 2798; x_wconf 82' lang='lat' dir='ltr'>mi·-</span> 
     </span>
     <span class='ocr_line' id='line_1_80' title="bbox 787 2816 1435 2863; baseline -0.008 -6"><span class='ocrx_word' id='word_1_388' title='bbox 787 2833 856 2858; x_wconf 86' lang='lat' dir='ltr'>nus</span> <span class='ocrx_word' id='word_1_389' title='bbox 887 2821 981 2857; x_wconf 87' lang='lat' dir='ltr'>bene</span> <span class='ocrx_word' id='word_1_390' title='bbox 1014 2819 1234 2856; x_wconf 79' lang='lat' dir='ltr'>cohaereant</span> <span class='ocrx_word' id='word_1_391' title='bbox 1261 2830 1341 2854; x_wconf 91' lang='lat' dir='ltr'>cum</span> <span class='ocrx_word' id='word_1_392' title='bbox 1378 2816 1435 2863; x_wconf 78' lang='lat' dir='ltr'>iis,</span> 
     </span>
     <span class='ocr_line' id='line_1_81' title="bbox 788 2872 1432 2926; baseline -0.006 -13"><span class='ocrx_word' id='word_1_393' title='bbox 788 2876 1006 2926; x_wconf 79' lang='lat' dir='ltr'>quibuscum</span> <span class='ocrx_word' id='word_1_394' title='bbox 1019 2875 1213 2913; x_wconf 85' lang='lat' dir='ltr'>cohaerere</span> <span class='ocrx_word' id='word_1_395' title='bbox 1230 2872 1432 2911; x_wconf 80' lang='lat' dir='ltr'>debebant:</span> 
     </span>
    </p>
   </div>
  </div>
 </body>
</html>
