1805 3315
651 239 955 278 cL10.1.
1324 229 1457 283 *105

168 358 312 408 ξείνου
353 349 582 400 πεπονθώς
622 346 896 404 &eq-&nothe
944 349 990 393 δὲ
1024 348 1244 393 Ἐπίστιόν
1293 366 1336 392 τε
1383 351 1503 399 καὶ70

161 433 428 489 Ἑταιρήϊον,
463 429 542 473 τὸν
574 425 710 472 αὐτόν
738 432 901 472 τοῦτον
939 426 1170 484 ὀνομάζων
1208 427 1339 472 θεόν·

1379 428 1458 473 τὸν

165 514 243 569 μὲν
270 511 488 554 Ἐπίστιον
511 507 700 560 καλέων,
732 507 843 551 διότι
865 507 917 564 δὴ
938 509 1113 551 οἰκίοισι
1134 507 1457 564 ὑποδεξάμενος

164 590 241 634 τόν
269 591 432 641 ξεῖνον,
464 587 606 644 φονέα
636 591 719 631 τοῦ
738 586 897 638 παιδός
917 584 1131 631 ἐλάνθανε
1148 586 1346 644 βόσκων·
1377 586 1458 631 τόν

117 753 174 791 ed.
189 750 336 800 Basil.),
368 746 428 791 ὅτι
447 747 600 802 μάρτυς
622 747 772 802 λέγεται

115 812 198 855 τοῖς
221 806 367 854 ἱκέταις
397 806 418 848 ὁ
440 805 543 854 Ζευς
562 804 674 846 καθα
703 805 771 846 καὶ

115 869 196 912 τοῖς
226 862 353 912 ξένοις
381 863 449 904 καὶ
475 868 558 910 τοῖς
586 863 769 928 ἑταίροις,

114 921 183 961 ι’νοι
210 936 264 968 ως
289 922 332 960 εὐ
362 918 476 967 εἶδως
504 920 573 960 καὶ
596 916 773 971 ἐπιτιμη-

114 993 192 1030 τωρ
212 993 429 1028 ποιητικως
457 978 583 1017 εἰπεῖν
604 975 773 1029 ’ὕστερον

114 1039 198 1081 τοῖς
255 1051 308 1086 αμ
315 1032 528 1086 αοτάνουσι
585 1035 771 1087 γίγνοιτο.

114 1091 303 1129 Pertinent
329 1092 419 1130 h'iee
439 1092 487 1128 ad
514 1105 617 1128 sacra
632 1091 722 1142 priv
713 1096 773 1127 ita

116 1149 364 1195 Graecorum,
395 1162 468 1197 quo
501 1149 630 1186 eodem
670 1144 772 1193 Ζεύς

113 1200 313 1254 Ἐφίστιος
341 1210 376 1242 et
399 1203 636 1255 Ἑταιρεῖος,
668 1205 771 1241 item-

117 1275 188 1311 que
223 1262 381 1308 Φίλιος,
419 1260 576 1309 Ξένιος,
600 1260 775 1313 Ἑρκεῖος

117 1323 155 1356 et
189 1318 220 1354 si
254 1318 315 1367 qui
350 1317 484 1354 similes
519 1318 610 1354 tituli
644 1317 774 1353 sumini

117 1375 340 1412 Graecorum
362 1375 420 1411 dei
435 1375 675 1412 inveniuntur.
699 1374 774 1409 Cur

114 1444 201 1468 vero
231 1430 347 1468 Iovem
373 1427 630 1470 Ἐπίστιον
662 1444 691 1466 S.
713 1425 770 1467 'E-

117 1487 239 1537 φίστ
254 1502 266 1525 ι
281 1502 337 1526 ον
374 1487 536 1524 Croesus
570 1489 773 1525 advocave-

115 1544 185 1592 rit,
213 1544 303 1581 haec
322 1544 491 1594 proditur
508 1558 638 1581 causa:
671 1539 773 1582 διότι

117 1597 168 1651 δή
195 1600 359 1639 οἰκίοισι
381 1597 680 1652 ’ὑποδεξάμενος
701 1596 771 1639 τὸν

117 1658 269 1705 ξεῖνον,
314 1655 442 1707 φονέα
476 1660 548 1696 τοῦ
579 1653 718 1703 παιδὸς
739 1655 771 1695 ἐ-

118 1710 300 1752 λάνθανε
321 1709 499 1764 βόσκωνι
530 1714 654 1764 „quod
676 1713 773 1750 scili-

117 1775 191 1817 cet,
222 1770 365 1807 aedz'bus
386 1775 519 1820 recepto
538 1772 683 1820 hospite,
695 1770 775 1821 filii

116 1827 393 1877 interfectorem,
422 1840 457 1864 se
476 1830 551 1877 ipso
569 1830 691 1875 inscio,
710 1840 772 1863 szt-

116 1885 338 1922 stentasset.“
397 1882 451 1921 Ac
471 1898 582 1935 supra
604 1886 676 1921 iam
695 1897 773 1921 mo-

115 1941 230 1978 nitum
249 1941 317 1989 (ad
338 1940 378 1988 Ι,
397 1941 486 1990 35),
516 1942 603 1990 quid
627 1940 774 1991 proprie

116 1997 236 2035 valeat
271 1996 468 2046 ἐφίστιος,
507 2003 549 2034 ut
575 1998 624 2035 nil
645 1998 774 2035 mirum

117 2055 184 2102 sit,
218 2067 301 2091 eum
330 2055 462 2102 deum,
493 2055 555 2103 qui
591 2054 773 2105 supplices

117 2111 167 2148 ad
196 2112 317 2148 focum
348 2111 559 2149 adsidentes
587 2111 773 2148 auxilium-

118 2180 191 2217 que
221 2166 398 2217 hospitiS,
440 2169 488 2204 ad
529 2168 630 2205 cuius
661 2169 772 2205 aedes

119 2224 361 2273 confugerint,
375 2224 613 2275 implorantes
623 2228 773 2271 tutetur,

116 2279 216 2318 haud
235 2281 411 2318 minorem
436 2294 584 2330 quoque
606 2282 695 2329 eius,
725 2281 774 2317 ad

119 2337 218 2374 cuius
240 2338 357 2374 sorum
378 2337 426 2374 illi
446 2339 661 2385 adsideant,
692 2337 773 2386 qui-

118 2405 191 2442 que
211 2393 379 2430 auxilium
396 2407 503 2432 omne
513 2399 623 2444 atque
641 2394 772 2431 lustra—

119 2450 254 2487 tionem
274 2451 451 2500 praebere
472 2451 603 2489 iisdem
627 2452 772 2498 debeat,

120 2518 239 2543 curam
278 2519 406 2555 gerere
442 2509 604 2557 indeque
642 2508 773 2545 eodem

119 2562 198 2599 fere
215 2575 326 2600 sensu
347 2564 418 2600 dici
445 2565 525 2603 Δία
554 2560 772 2613 Ἐφίστιον,

122 2630 194 2666 quo
228 2618 317 2656 alias
354 2620 435 2658 Δία
461 2619 631 2660 Ἱκέσιον.
689 2621 772 2657 vid.

125 2673 296 2712 Creuzer.
317 2676 458 2714 Melett.
486 2677 504 2714 I
531 2691 569 2727 p.
598 2681 649 2719 16
674 2691 728 2714 nr.
750 2680 776 2719 6

126 2727 204 2765 coll.
239 2731 400 2780 Symbol.
432 2733 466 2770 II
494 2747 532 2784 p.
564 2734 646 2775 522
688 2735 775 2783 ibiq.

126 2788 202 2822 not·
220 2788 288 2827 97.
344 2787 441 2825 Nam
467 2791 587 2827 focum
614 2794 776 2829 veterum

125 2839 355 2888 religionibus
377 2845 595 2883 celebratum
616 2860 776 2884 summo-

128 2908 200 2946 que
235 2897 271 2936 in
302 2897 440 2940 honore
469 2902 655 2953 habitum,
694 2905 775 2955 quis

840 755 917 799 est,
958 751 1020 800 qui
1049 749 1226 800 ignoret?
1268 750 1346 788 Sed
1380 750 1502 787 omnia

839 809 949 856 haec,
980 809 1112 857 quibus
1135 808 1256 846 caedis
1279 808 1431 856 eiusque
1443 808 1499 843 in-

841 865 1004 902 consulto
1040 865 1252 902 commissae
1296 877 1379 902 reus
1407 864 1501 901 exci-

841 923 956 972 pitur,
986 922 1150 971 expiatur
1188 925 1225 959 et
1255 934 1277 957 a
1310 921 1500 969 sanguinis

842 980 1001 1016 vindicta
1021 979 1091 1015 hoc
1117 982 1224 1028 pacto
1257 982 1421 1014 servatur
1446 978 1502 1013 in-

843 1036 1013 1081 columis,
1044 1035 1128 1083 quia
1145 1035 1192 1071 ad
1216 1034 1405 1071 amicitiam
1415 1046 1501 1084 per-

841 1093 980 1138 tinent,
1022 1092 1094 1139 qua
1132 1095 1309 1139 uterque,
1339 1095 1376 1127 et
1398 1090 1500 1140 expi-

843 1163 909 1185 ans
951 1154 988 1186 et
1016 1149 1202 1196 expiatuS,
1245 1148 1314 1183 sibi
1347 1147 1500 1184 invicem

842 1207 984 1242 iunctus
1023 1208 1100 1250 est,
1151 1204 1314 1240 Croesus
1358 1204 1501 1239 invocat

840 1262 964 1299 lovem
993 1258 1231 1311 Ἑταιρεῖον,
1282 1273 1362 1296 cum
1393 1272 1500 1307 quem

841 1319 908 1355 sibi
928 1317 1183 1354 amicissimum
1206 1320 1305 1353 ratus
1337 1315 1410 1352 filio
1433 1328 1500 1351 suo

842 1376 1031 1413 custodem
1067 1373 1283 1419 addiderat,
1313 1385 1396 1410 eum
1432 1372 1501 1408 sibi

841 1431 1129 1468 inimicissimum
1179 1434 1279 1467 esset
1328 1433 1500 1479 expertus

841 1489 1032 1537 omnisque
1052 1488 1088 1524 in
1101 1486 1253 1524 amicum
1269 1486 1379 1522 officii
1396 1486 1501 1534 igna-

840 1559 931 1583 rum.
991 1544 1062 1582 Cui
1093 1557 1194 1590 cum,
1226 1543 1404 1593 quidquid
1440 1543 1498 1578 fas

841 1606 942 1651 erat,
972 1601 1151 1639 cumulate
1184 1600 1266 1651 ipse
1293 1599 1500 1649 praestitis-

841 1663 920 1706 set,
949 1659 1047 1695 illum
1067 1659 1188 1709 ipsum
1201 1669 1290 1705 erga
1310 1669 1351 1692 se
1376 1656 1501 1704 ingra-

839 1720 917 1752 tum
944 1717 1077 1762 fuisse,
1117 1713 1294 1762 neglectis
1321 1712 1500 1750 amicitiae

839 1773 968 1809 officiis
1000 1776 1036 1809 et
1064 1775 1189 1821 spreto
1220 1783 1263 1807 eo
1299 1770 1397 1816 de0,
1438 1770 1500 1818 qui

842 1829 1019 1866 amicitiae
1038 1840 1190 1878 praeses
1212 1827 1410 1872 habeatur,
1440 1838 1500 1862 ar-

842 1887 996 1923 bitratus
1038 1889 1105 1922 est.
1164 1884 1410 1920 Conferantur
1437 1895 1501 1919 ve-

841 1946 958 1980 terum
976 1941 1185 1979 testimonia
1206 1941 1254 1977 de
1273 1939 1359 1976 loxe
1375 1936 1498 1977 Ἑται-

843 2000 936 2053 ρείω
960 1998 1061 2049 apud
1082 1998 1255 2034 Cr.euzer
1276 1996 1298 2032 l
1310 1995 1332 2032 l.
1342 2008 1429 2045 pag.
1447 1998 1499 2036 17

841 2060 907 2093 not
928 2059 953 2096 7
977 2055 1056 2092 coll.
1087 2067 1174 2105 pag.
1198 2056 1249 2094 16
1271 2057 1347 2090 not.
1371 2055 1410 2099 6,
1439 2052 1501 2089 ubi

842 2113 951 2151 etiam
973 2113 1020 2149 de
1039 2111 1126 2149 Iove
1150 2110 1275 2163 Φιλίῳ
1292 2114 1401 2158 atque
1423 2107 1498 2151 Ξε-

840 2171 928 2224 νίῳ.
946 2168 1117 2206 Larcher.
1138 2167 1351 2204 laudaverat
1376 2165 1497 2203 Schol.

841 2228 889 2264 ad
907 2225 1074 2275 Euripid.
1104 2224 1247 2262 Hecub.
1279 2222 1361 2263 345
1388 2227 1424 2260 et
1452 2224 1501 2259 ad

840 2283 1077 2332 Aristophan.
1099 2281 1238 2330 Equitt.
1262 2283 1367 2325 4983
1389 2278 1438 2316 W
1441 2293 1501 2316 es-

841 2340 1017 2388 selingius
1035 2338 1148 2376 Dion.
1177 2337 1370 2385 Chrysost.
1394 2336 1499 2373 Orat.

839 2397 962 2447 Ipag.
986 2397 1031 2442 8,
1058 2395 1093 2432 D
1127 2398 1165 2432 et
1191 2393 1263 2431 ΧΠ
1295 2406 1382 2444 pag.
1403 2395 1500 2440 226,

840 2452 884 2491 A.
926 2452 1076 2500 Taylor.
1108 2451 1157 2488 ad
1191 2449 1281 2498 Lys.
1311 2448 1497 2487 Parental.

840 2522 928 2561 pag.
952 2510 1021 2550 35.
1080 2507 1191 2545 Plura
1212 2508 1260 2544 de
1292 2507 1348 2543 his
1373 2506 1501 2555 dispu-

841 2567 932 2603 tavit
978 2565 1154 2602 Creuzer.
1197 2563 1235 2600 in
1274 2562 1438 2612 Symbol.
1466 2561 1501 2598 ΙΙ

842 2637 880 2674 Ρ.
912 2622 995 2663 518
1021 2643 1078 2649 ·—·
1099 2621 1194 2662 523.
1253 2620 1308 2657 Ac
1339 2632 1387 2656 ne
1417 2619 1499 2668 quis

842 2678 1032 2728 Lydorum
1052 2690 1112 2715 res
1142 2676 1241 2726 apud
1267 2676 1500 2713 Herodotum

844 2736 906 2784 agi
943 2734 1109 2782 obiiciat,
1166 2745 1234 2770 nec
1262 2733 1499 2778 Graecorum,

845 2793 925 2842 ipse
945 2791 1084 2829 Noster
1101 2790 1273 2827 admonet
1293 2790 1332 2837 l,
1350 2790 1425 2835 35,
1445 2788 1499 2824 lu-

844 2848 1056 2885 strationem
1080 2847 1233 2886 similem
1266 2859 1350 2884 esse
1381 2844 1497 2894 Lydis

846 2909 883 2944 et
911 2904 1076 2944 Graecis·
