1759 3324
625 249 844 291 cL10.
899 249 928 288 1.

1321 252 1403 292 301

141 364 379 421 προτεραίῃ
408 359 544 417 εἶχον,
589 358 622 417 ἢ
648 358 701 404 τοὶ
729 360 949 415 παρεόντα
978 369 1058 414 σφι
1087 358 1152 415 εἴη
1183 357 1404 413 αἱρετώτε-

110 451 214 501 5ρα.
275 444 320 486 οἱ
348 441 394 485 δὲ
422 440 617 496 ἔφασαν,
657 438 825 483 πολλὰν
853 435 966 482 εἶναι
997 436 1146 482 αὐτῶν
1175 437 1224 481 τὸ
1255 438 1400 494 μέσον.
1414 445 1458 479 55

137 523 221 579 τήν
247 521 327 578 μὲν
353 518 438 576 γὰρ
457 518 674 574 προτέρην
691 515 860 575 ἡμέρην
877 518 1020 562 πάντα
1041 531 1121 574 σφι
1141 516 1255 562 κακὰ
1278 518 1401 574 ἔχειν’

108 600 220 658 στὴν
257 600 303 643 δὲ
345 597 443 643 τότε
480 600 753 653 παρεοῦσαν,
797 594 939 640 πάντα
979 595 1138 653 ἀγαθοί.

1198 601 1402 653 Παραλα-

135 679 228 737 βών
266 677 313 722 δὲ
349 681 480 720 τοῦτο
519 677 567 721 το“
607 678 709 728 ἔπος
758 674 784 720 ὁ
825 680 977 730 Κῦρος
1009 675 1293 733 παρεγύμνου
1320 676 1401 721 τὸν

132 756 276 803 πάντα
304 755 463 813 λόγον,
493 755 653 812 λέγων·
686 755 889 809 ,ξἈνδρες
919 755 1111 811 Πέρσαι,
1143 755 1258 800 οὕτω
1288 754 1397 812 ὑμῖν

129 871 154 891 ,,
167 838 261 894 ἔχει.

320 836 631 894 βουλομένοισι
660 835 739 892 μὲν
768 834 866 892 ἐμέο
893 837 1148 888 πείθεσθαι,
1179 834 1268 879 ἔστι
1297 835 1455 879 τάδεδο

294 916 304 932 l
349 915 369 929 ’l
580 917 590 931 Ι
663 913 673 929 9
782 913 792 928 ἱ
908 913 918 928 9
961 914 968 928 Ι
1110 914 1120 928 Ι

128 933 207 970 ,,τε
235 934 310 961 και
339 920 449 960 αλλα
478 932 619 972 μυρια
650 920 821 971 αγαθα,
865 917 1027 959 ουδενα
1062 931 1203 959 πονον
1242 917 1399 959 δουλο-

129 995 331 1052 ,,πρεπέα
354 995 523 1052 ἔχουσι·
547 994 605 1051 μὴ
632 993 942 1051 βουλομένοισι
964 994 1009 1037 δὲ
1031 993 1129 1050 ἐμέο
1148 996 1396 1049 πείθεσθαι,

129 1077 248 1128 „ezel
277 1074 386 1131 ὑμῖν
414 1074 546 1119 πόνοι
574 1077 636 1131 τῷ
663 1078 795 1132 χθιζῷ
832 1071 1124 1130 παραπλήσιοι
1153 1072 1396 1131 ἀναρίθμη-

99 1160 249 1207 7,,τοι.
308 1157 393 1198 νῦν
423 1150 487 1198 ὦν
516 1153 615 1210 ἐμέο
645 1153 925 1209 πειθόμενοι,
955 1155 1129 1210 γίνεσθε
1158 1152 1394 1208 ἐλεύθεροι.

129 1231 303 1286 »αὐτός
340 1249 387 1277 τε
422 1233 507 1289 γὰρ
548 1233 685 1277 δοκέω
721 1233 821 1290 θείῃ
859 1231 967 1290 τύχῃ
1000 1232 1191 1289 γεγονώς
1218 1231 1321 1276 τάδε
1350 1233 1394 1284 ἐς

127 1346 153 1366 ‚,
161 1318 304 1370 χεῖρας
333 1312 518 1371 ἄγεσθαι
531 1328 542 1340 ·

122 1496 269 1539 πολλὸν
288 1494 389 1539 εἷναι
406 1493 463 1539 αὖ
476 1514 496 1538 τ
509 1515 538 1539 ω
550 1514 573 1539 ν
591 1515 633 1540 το
657 1495 722 1550 με’-

67 1559 163 1603 σον]
203 1549 338 1595 αὐτῶν
367 1571 447 1594 cum
474 1557 592 1594 Gaisf.
617 1556 722 1594 dedi-

66 1626 148 1651 mus
166 1625 233 1663 pro
253 1608 434 1652 αὐτέων.
463 1613 506 1650 In
527 1626 632 1663 seqq.
647 1627 721 1652 πα-

67 1670 301 1721 ραγυμνοῦν
334 1666 436 1717 (τόν
459 1664 607 1721 λόγον)
634 1670 657 1706 ἰ.
686 1682 719 1707 e.

66 1725 218 1771 nudare,
243 1726 465 1776 patefacere,
496 1728 630 1775 aperire
640 1739 652 1769 ;
680 1729 721 1763 ut

65 1782 165 1831 apud
181 1781 365 1818 Plotinum
385 1795 471 1833 pag.
487 1784 566 1824 162
583 1812 593 1829 ‚
610 1782 641 1818 B
661 1782 720 1820 ed.

63 1836 175 1874 Basil.
191 1866 202 1885 ‚
241 1838 288 1874 ad
318 1851 427 1886 quem
462 1839 579 1876 locum
613 1837 721 1890 plura

62 1894 168 1931 nobis
189 1893 291 1931 dabit
312 1894 528 1933 Creuzerus.

111 1975 387 2028 βουλομένοισι
407 1975 480 2030 μὲν
501 1976 616 2029 ἐμέο
634 1977 718 2018 πεί-

62 2032 236 2085 θεσθαι]
274 2034 409 2072 Rarior
439 2036 539 2073 verbi
577 2035 716 2074 πείθε·

63 2093 161 2130 σθαι
177 2094 353 2128 structura
379 2105 461 2129 cum
480 2092 639 2142 genitivo
659 2092 715 2129 lo-

60 2159 104 2184 co
144 2147 255 2184 dativi
296 2160 344 2185 ne
387 2161 495 2198 quem
535 2149 711 2187 offendat.

59 2201 231 2240 Laudant
261 2203 356 2241 enim
381 2205 510 2242 similia
539 2219 560 2243 e
582 2210 709 2242 nostro

58 2259 235 2310 scriptore
261 2259 316 2307 V,
348 2261 414 2302 33.
456 2262 524 2310 VI,
556 2264 620 2304 12.
662 2261 710 2310 V,

58 2317 125 2357 29
164 2315 226 2354 Tu
240 2316 323 2355 vide
340 2316 391 2353 sis
406 2316 538 2356 Matth.
559 2317 597 2370 §-
612 2320 710 2368 362,

59 2368 188 2422 4pag.
210 2375 305 2415 677

115 2453 239 2495 δοκέω
275 2457 393 2512 θείῃ
437 2453 562 2515 τύχῃ
600 2473 710 2512 γεγο-

59 2505 160 2563 vde]
197 2512 290 2568 θείῃ
325 2513 422 2568 τύχῃ
464 2521 521 2553 est
555 2516 709 2554 formula

59 2576 135 2603 non
165 2553 277 2607 valde
299 2571 424 2622 dispar
452 2573 498 2608 ab
519 2584 581 2621 ea,
612 2585 707 2623 quae

59 2620 100 2668 Ῑ,
127 2624 202 2664 111
233 2624 363 2674 legitur
388 2625 487 2667 κατοὲ
520 2629 704 2680 δαίμονα,

61 2681 100 2715 et
118 2678 164 2715 ab
190 2679 267 2718 aliis
287 2682 393 2720 huius
414 2686 579 2733 generis,
609 2699 706 2735 quae

60 2733 190 2772 excitat
225 2736 436 2778 Valckenar.
472 2742 521 2779 ad
563 2741 706 2780 Herod.

57 2786 132 2836 ΠῙ,
171 2790 272 2840 153,
313 2792 411 2835 κατα
445 2793 567 2846 θεὸν,
604 2813 704 2838 κατα

58 2838 234 2896 τύχηνκ.
255 2863 286 2887 τ.
308 2852 342 2889 λ.
388 2851 559 2902 Namque
577 2867 621 2892 ex
643 2868 706 2894 ve-

57 2903 175 2939 terum
192 2906 393 2956 sententia,
421 2906 462 2946 1it
477 2910 528 2947 ait
549 2910 707 2949 Valcke-

601 1312 679 1357 καὶ
714 1311 850 1368 ὑμέας
886 1311 1051 1369 ἥγημαι
1088 1310 1254 1368 ἄνδρας
1291 1312 1449 1370 Μή-65

788 1497 912 1536 narius
935 1497 958 1536 l.
980 1497 1004 1535 l.
1032 1498 1209 1549 providae
1240 1497 1301 1536 dei
1337 1510 1444 1536 curae

789 1555 937 1594 suberat
958 1555 1090 1603 etiam,
1123 1568 1218 1606 quae
1239 1554 1329 1592 Fors
1347 1555 1446 1593 dice-

788 1611 915 1659 batur,
971 1613 1048 1650 sive
1089 1611 1273 1658 Fortuna,
1333 1607 1445 1662 τύχη.

789 1667 898 1705 Conf.
918 1667 1058 1707 Herod.
1078 1668 1154 1716 IV,
1175 1670 1212 1709 8.
1241 1668 1289 1716 V,
1310 1670 1350 1710 3.
1375 1671 1442 1710 92.

789 1727 826 1761 et
841 1723 988 1762 Livium
1015 1725 1053 1773 I,
1074 1724 1101 1766 4
1144 1725 1266 1775 (forte
1292 1725 1446 1775 quadam

788 1779 1005 1831 divinitus),
1034 1782 1097 1818 ubi
1126 1782 1198 1818 vid.
1221 1781 1250 1818 I.
1278 1782 1322 1820 F.
1347 1781 1445 1818 Gro-

787 1837 944 1875 novium.
975 1859 1032 1866 -—
1071 1838 1194 1875 Verba
1229 1838 1443 1887 sequentia:

785 1889 882 1933 τάδε
902 1893 940 1941 ἐς
964 1897 1096 1946 χεῖρας
1116 1891 1287 1946 ἄγεσθαι
1320 1899 1442 1933 verte:

785 1954 827 1987 ut
852 1950 937 1988 haec
967 1951 1159 1999 adgrediar
1194 1955 1301 2001 atque
1330 1953 1444 1989 susci-

778 2009 903 2056 piam,
935 2021 964 2045 s.
986 2008 1104 2056 magis
1129 2008 1178 2045 ad
1197 2008 1368 2046 verbum:
1398 2011 1439 2045 ut

783 2063 868 2101 haec
897 2065 935 2101 in
972 2076 1095 2101 manas
1133 2078 1226 2102 meas
1255 2064 1441 2112 abducam,

782 2120 805 2157 i.
819 2134 849 2158 e.
879 2122 917 2157 z'n
931 2125 1139 2170 potestatem
1158 2133 1266 2159 meam
1284 2122 1441 2171 redigere

780 2189 891 2214 coner.
947 2178 1118 2217 Recurrit
1135 2179 1245 2217 dictio
1270 2178 1342 2227 IV,
1371 2181 1438 2221 79.

835 2344 904 2386 και
923 2344 1050 2399 ’ὑμέας
1068 2343 1097 2399 η’
1108 2362 1266 2400 γημαι
1290 2344 1439 2400 ἄνδρας

775 2416 811 2442 κ
839 2417 873 2442 τ.
901 2402 959 2455 λ]
1002 2401 1200 2458 η’γημαι
1234 2407 1437 2456 perfectum

774 2458 834 2496 hic
853 2473 921 2510 pro
940 2462 1128 2512 praesenti
1154 2466 1322 2513 tempore
1341 2463 1436 2500 acci-

774 2516 948 2566 piendum
969 2522 1094 2555 monet
1120 2518 1252 2556 Matth
1279 2518 1345 2556 Gr.
1367 2519 1434 2557 Gr.

777 2570 815 2623 ἓ.
839 2573 933 2615 505.
962 2574 1015 2611 III
1032 2587 1120 2631 pag.
1142 2575 1238 2617 959.
1256 2596 1313 2602 —
1338 2575 1436 2613 For-

773 2629 909 2667 mulam
949 2646 1004 2677 ως
1045 2631 1102 2670 ὠν
1142 2627 1309 2683 ἐχόντων
1355 2625 1434 2671 ώδε

773 2684 884 2735 (quae
905 2699 983 2724 cum
1003 2690 1058 2726 ita
1079 2690 1174 2736 sint,
1203 2702 1233 2725 s.
1247 2701 1328 2736 vos,
1348 2701 1434 2738 per-

775 2755 916 2790 suasos,
947 2743 1038 2782 hanc
1059 2758 1130 2782 esse
1145 2757 1258 2782 rerum
1278 2745 1431 2794 statum)

773 2797 927 2837 illustrat
942 2799 1208 2851 VVesselingius
1226 2801 1304 2838 aliis
1325 2800 1429 2849 locis,

773 2853 882 2904 VIII,
906 2855 999 2898 144.
1037 2858 1212 2910 Sophocl.
1228 2857 1287 2895 ΑΞ.
1305 2856 1401 2898 915.
