1759 3324
313 273 399 314 456

709 271 1186 311 HERODOTI

316 381 452 436 ρέων·
497 376 628 436 εὖρος
657 382 722 434 δὲ,
773 385 827 439 τῇ
858 379 1074 437 εὐρυτάτη
1113 380 1201 425 ἐστὶ
1241 378 1351 436 αὐτή
1393 379 1578 438 ἑωυτῆς,

275 454 433 504 Ωόκτώ
462 458 668 516 ἡμερέων.
728 462 816 504 Καὶ
840 460 892 504 τοὶ
933 461 1013 517 μὲν
1041 460 1155 516 πρός
1183 460 1263 516 τὴν
1291 458 1475 516 ἕσπέρην
1507 459 1579 515 φέ-

314 556 449 594 ροντα
476 543 553 595 τῆς
586 537 811 596 θαλάσσης
849 539 1009 597 ταύτης
1049 540 1072 585 ὁ
1114 538 1350 591 Καύκασος
1378 540 1580 594 παρατεί-

313 633 401 671 νει,
431 617 514 661 ἐών
543 617 712 673 οὐρέων
739 619 814 662 καὶ
842 617 1003 676 πλήθεϊ
1028 620 1254 676 μέγιστον,
1293 619 1369 663 καὶ
1396 616 1580 676 μεγάθεϊ

260 837 328 874 lius
374 836 411 873 in
463 835 676 885 Geograph.
727 835 910 873 Herodot.

259 905 346 945 pag.
377 891 459 933 459
489 904 567 940 seq.
600 891 658 929 ed.
682 904 826 930 vernae.
854 893 913 929 ni-

259 949 350 987 mias
378 960 568 985 mensuras
596 960 678 986 esse
713 949 913 996 contendit,

260 1017 416 1054 eumque
438 1017 619 1052 errorem,
639 1005 688 1041 ad
705 1009 832 1042 nostra
852 1018 914 1042 us-

260 1074 333 1111 que
347 1065 514 1111 tempora
533 1065 798 1111 propagatum,
827 1062 915 1099 inde

258 1118 429 1164 fluxisse,
459 1116 714 1167 quodlacu1n‚
744 1118 800 1155 cui
818 1130 915 1155 nunc

259 1173 351 1212 Aral
379 1186 535 1221 nomen,
572 1173 809 1224 probabiliter
842 1175 917 1211 Ca·-

261 1231 332 1281 spii
343 1231 451 1268 maris
468 1233 611 1281 partem
629 1231 768 1280 opinati
783 1234 914 1268 essent.

259 1286 547 1336 Longitudinem
575 1286 702 1337 Caspii
734 1288 844 1324 maris
872 1299 917 1325 ex

259 1343 444 1381 Herodoti
473 1347 596 1381 mente
623 1357 704 1382 esse
729 1345 808 1385 150
835 1343 916 1381 mil-

261 1399 403 1437 liarium
440 1399 790 1450 geographicorum‚
834 1399 917 1437 lati-

260 1455 424 1494 tudinem
467 1456 655 1505 octoginta
691 1456 917 1503 milliarium3

262 1525 343 1550 cum
361 1526 401 1551 re
409 1525 496 1550 vera
511 1511 702 1561 longitudo
718 1514 818 1550 istius
838 1526 916 1550 ma-

261 1569 311 1606 ris
342 1569 389 1606 sit
410 1573 553 1606 centum
576 1570 765 1619 sexaginta
788 1569 916 1607 millia-

261 1626 378 1673 rium,
406 1625 558 1662 latitudo
574 1626 611 1662 in
642 1625 916 1676 septentrionali

261 1686 368 1733 parte
398 1681 546 1731 triginta
569 1682 721 1719 duorum
749 1687 786 1720 et
807 1683 914 1719 unius

262 1738 440 1775 dimidiati
450 1766 460 1785 ‚
489 1738 527 1774 in
548 1738 774 1776 meridionali
786 1739 915 1788 viginti

262 1798 416 1844 quatuor
433 1794 646 1832 milliarium.
673 1794 771 1833 Add.
793 1796 916 1833 Szabo

261 1849 446 1902 Descript.
473 1851 601 1901 imper.
632 1851 767 1889 Persic.
789 1866 827 1903 p.
847 1852 914 1893 53.

262 1907 341 1944 Sed
359 1920 447 1945 cave
466 1907 697 1946 Herodotum
720 1909 838 1958 ipsum
859 1921 917 1946 er-

261 1963 355 2000 roris
375 1964 538 2009 incuses3
569 1977 675 2013 quem
691 1965 828 2015 optime
845 1965 918 2000 tui-

262 2023 321 2056 tus
375 2024 431 2057 est
468 2019 618 2058 Dureau
664 2021 711 2058 de
751 2020 917 2059 Lamalle

262 2074 301 2112 in
329 2075 569 2128 Geographie
595 2076 775 2127 physique
803 2077 850 2113 de
879 2076 914 2114 la

262 2144 341 2168 mer
368 2133 472 2169 noire
508 2135 575 2168 etc.
615 2131 748 2180 (Paris
777 2133 912 2180 1807)

263 2187 368 2237 chap.
383 2187 526 2224 XXVII
552 2200 638 2238 pag.
662 2187 807 2229 184—
820 2188 912 2229 195.

263 2242 333 2280 Vix
353 2244 448 2280 enim
467 2244 614 2280 dubium
626 2257 708 2282 esse
728 2257 914 2282 common-

264 2303 374 2347 strat,
403 2300 548 2337 deserta
576 2300 647 2337 ista
668 2305 779 2349 atque
797 2300 916 2350 plani-

264 2355 332 2393 ties
353 2368 548 2402 arenosas,
579 2369 674 2405 quae
692 2369 787 2393 nunc
803 2357 915 2394 inter-

264 2415 350 2448 sunt
376 2413 470 2450 inter
487 2412 661 2462 Caspium
680 2425 779 2450 mare
808 2417 845 2450 et
862 2413 915 2450 la·-

264 2480 345 2505 cum
369 2467 479 2516 Aral,
508 2482 678 2517 magnam
698 2473 838 2519 partem
865 2470 915 2506 ad

263 2524 362 2561 istud
387 2525 505 2576 ipsum
543 2538 645 2563 mare
686 2525 768 2562 olim
803 2526 916 2577 perti-

263 2580 386 2619 nuisse
398 2611 409 2629 ‚
437 2586 641 2631 temporum
659 2595 744 2619 vero
761 2583 914 2620 decursu

263 2638 360 2674 terra
371 2642 480 2687 atque
496 2639 606 2675 arena
624 2638 743 2676 fluviis
761 2638 914 2676 advecta

269 2706 349 2731 cum
366 2694 504 2743 reliqua
526 2695 624 2733 terra
647 2695 842 2732 continenti
862 2695 914 2731 ita.

264 2749 378 2788 fuisse
399 2751 621 2798 coniunctas,
642 2755 682 2787 ut
700 2764 783 2788 mox
801 2752 911 2788 maris

263 2806 385 2844 undae
404 2807 549 2857 penitus
567 2808 794 2845 recesserint.
830 2807 913 2844 Ma-

264 2874 357 2911 gnas
371 2864 518 2900 omniuo
537 2863 607 2900 illic
617 2865 912 2901 commutationes

263 2918 302 2957 in
321 2920 511 2958 fluviorum
530 2932 635 2960 cursu
646 2921 830 2973 ipsiusque
839 2924 913 2960 ter-

980 849 1044 875 rae
1065 837 1281 874 continentis
1294 837 1415 876 indole
1427 841 1538 888 atque
1549 850 1637 875 con-

980 893 1120 930 ditione
1150 894 1325 931 accidisse
1352 907 1470 931 rerum
1490 898 1637 932 natura-

978 948 1065 986 lium
1114 949 1246 986 curiosi
1289 951 1482 986 affirmant.
1541 950 1636 988 Vide

981 1018 1078 1055 quae
1096 1005 1204 1042 affert
1221 1006 1348 1042 Gallus
1370 1007 1497 1043 doctus
1521 1005 1579 1043 1.l.
1601 1011 1637 1044 et

981 1062 1210 1112 potissimlnn
1244 1075 1339 1111 quae
1365 1063 1516 1111 egregia
1545 1062 1638 1100 hanc

981 1118 1021 1155 in
1043 1131 1119 1155 rem
1131 1118 1293 1168 disputat
1310 1118 1472 1156 Ritterus
1493 1119 1531 1155 in
1540 1117 1639 1156 Erd-

982 1174 1107 1212 kunde
1128 1174 1162 1211 Π
1181 1188 1218 1225 p.
1236 1174 1329 1217 648.
1364 1176 1518 1225 Semper
1542 1176 1637 1212 enim

982 1231 1053 1268 illic
1087 1235 1208 1268 terrae
1244 1231 1469 1281 superficiem
1505 1231 1639 1268 mutari

983 1288 1198 1335 observant,
1254 1287 1365 1337 idque
1407 1288 1638 1339 potissimum

982 1344 1155 1393 cognosci
1187 1344 1224 1380 in
1258 1348 1356 1382 terra
1385 1357 1480 1394 quae
1517 1345 1637 1393 magis

983 1400 1175 1450 magisque
1195 1400 1259 1437 fiat
1280 1401 1372 1438 sicca
1387 1405 1423 1438 et
1447 1401 1551 1449 dura,
1571 1402 1638 1440 de-

984 1461 1169 1495 crescente
1192 1469 1368 1505 aquarum
1398 1457 1531 1507 copia·‚
1561 1471 1636 1507 quo

984 1514 1081 1562 fieri,
1096 1517 1137 1550 ut
1156 1513 1194 1549 in
1213 1514 1292 1551 dies
1314 1513 1412 1551 lacus
1433 1514 1637 1551 diminuan-

982 1575 1064 1617 tur,
1094 1569 1249 1621 paludes
1286 1582 1328 1607 ac
1357 1575 1488 1618 stagna
1519 1571 1635 1608 exsic-

983 1630 1128 1674 centur,
1160 1625 1351 1675 solumque
1369 1626 1433 1663 fiat
1453 1627 1576 1663 durius
1593 1639 1636 1664 ac

981 1683 1132 1721 firmius.
1191 1683 1300 1719 Conf.
1326 1683 1433 1720 etiam
1459 1681 1638 1733 Kephali-

983 1738 1088 1778 desl.
1109 1739 1132 1776 l
1144 1751 1252 1806 *pag
1266 1739 1345 1780 158
1364 1752 1471 1809 seqq.
1484 1742 1579 1781 219

1039 1797 1092 1849 τῇ
1109 1790 1304 1847 εὖουτατη
1321 1794 1400 1834 ἐστι
1421 1791 1523 1847 αὕτη
1542 1793 1637 1834 ἕωυ-

982 1851 1077 1903 τῆς]
1126 1851 1185 1890 De
1214 1851 1395 1890 locutione
1424 1852 1497 1889 vid.
1528 1853 1576 1888 ad
1606 1851 1636 1899 I,

986 1910 1079 1950 193.
1108 1930 1164 1935 ——
1194 1908 1301 1951 Quae
1331 1912 1531 1957 sequuntur
1554 1919 1637 1946 ver-

982 1965 1031 2002 ba
1051 1964 1100 2001 sic
1117 1964 1278 2013 intellige
1290 1993 1301 2010 ‚
1330 1969 1370 2001 ut
1388 1964 1434 2001 ab
1450 1964 1637 2002 occidente

982 2033 1089 2058 mons
1140 2020 1326 2058 Caucasus
1375 2021 1637 2071 praetendatur

981 2075 1077 2114 Mari
1098 2076 1235 2126 Caspio
1250 2107 1260 2124 ,
1291 2077 1366 2115 sive
1388 2082 1427 2114 ut
1447 2077 1635 2125 Schweig-

980 2132 1177 2171 haeuserus
1189 2134 1385 2184 expressit:
1407 2135 1440 2171 ei
1451 2136 1554 2183 parti
1567 2133 1634 2170 Ῐιιι-

980 2192 1037 2226 ius
1067 2190 1198 2236 maris,
1239 2203 1326 2240 quae
1352 2190 1400 2227 ad
1428 2190 1635 2228 occidentem

980 2249 1138 2295 spectat,
1159 2246 1338 2284 Caucasus
1358 2259 1453 2285 mons
1469 2251 1635 2299 praeten-

982 2301 1092 2339 ditur.

1040 2355 1117 2398 ἔων
1136 2355 1288 2412 ουρὲων
1305 2359 1374 2400 καὶ
1394 2356 1548 2411 πλήθεϊ
1569 2358 1634 2412 μέ-

981 2426 1137 2468 γιστον,
1156 2415 1224 2455 καὶ
1241 2413 1415 2469 μεγάθεϊ
1432 2414 1636 2467 υψηλότα-

982 2475 1076 2518 τον]
1120 2468 1288 2525 ου’ρέων
1323 2487 1402 2511 cum
1431 2474 1634 2523 Schweigh.

982 2532 1020 2565 et
1046 2528 1166 2566 Gaisf.
1193 2530 1360 2567 dedimus
1393 2544 1461 2581 pro
1485 2530 1635 2579 vulgato

982 2579 1125 2636 ορέων.
1181 2584 1241 2622 Ad
1277 2591 1531 2635 argumentum
1566 2586 1636 2624 loci

982 2644 1068 2689 apte
1095 2647 1308 2692 comparant
1318 2616 1568 2681 βΑιί5ῒοῐθΙεηι
1596 2644 1635 2680 in

981 2695 1173 2734 Meteorol.
1194 2697 1232 2744 Ι,
1252 2700 1324 2764 134
1317 2712 1325 2720 ·
1358 2697 1384 2739 ὅ
1401 2697 1443 2738 δὲ
1462 2695 1635 2739 Καύκα-

982 2764 1051 2798 σος
1082 2751 1263 2804 μέγιστον
1295 2751 1464 2806 ὄρος-
1483 2776 1539 2784 -·
1565 2755 1634 2796 καὶ

980 2806 1132 2859 πλήθει
1156 2807 1223 2847 καὶ
1242 2806 1341 2859 ὕψει
1361 2816 1397 2849 et
1415 2812 1524 2863 paulo
1534 2817 1635 2863 post:

980 2867 1055 2904 τοῦ
1071 2863 1113 2904 δὲ
1134 2861 1322 2916 πληθους
1345 2865 1597 2918 (σημεῖον)“
1574 2883 1634 2908 οτι

981 2918 1163 2971 πολλάς’
1151 2921 1227 2974 ἔχει
1245 2921 1403 2976 3690(ss
1387 2939 1429 2966 εν
1449 2926 1513 2974 αἱς
1530 2923 1633 2978 ἔθνη
