1805 3315
629 229 935 270 cL10.1.
1373 236 1402 273 9

124 357 198 391 σαι
224 346 305 389 τοῦ
339 338 538 398 βασιλέος
563 340 644 395 τὴν
681 338 904 395 θυγατέρα
931 335 1168 396 Εὐρώπην.
1227 339 1405 395 (εἴησαν

101 422 166 469 36’
197 422 251 466 ἂν
279 415 402 463 οὗτοι
422 419 626 476 Κρῆτες.)
650 422 787 462 ταῦτα
809 418 888 475 μὲν
917 417 970 474 δὴ
1001 420 1074 462 ἰ’σα
1100 429 1182 475 σφι
1202 417 1313 473 πρὸς
1331 420 1405 463 ἰ’σοι

123 501 337 559 γενέσθαι.
396 496 521 542 Μετὰ
573 497 620 542 δὲ
663 501 830 552 ταῦτα,
863 496 1074 554 Ἕλληνας
1119 498 1282 551 αἰτίους
1329 502 1449 556 τῆς35

79 745 312 783 vetustissimi
368 745 501 795 poetae
547 744 734 796 Europam

82 801 291 851 simpliciter
318 801 508 839 Phoenicis
535 802 646 839 filiam
668 815 734 853 ap-

83 857 238 909 pellent,
272 857 501 895 Herodotum
542 858 617 895 vult
667 872 735 909 pro

82 914 256 952 historiae
280 915 421 952 ratione
444 915 735 963 (historisirend)

83 971 238 1021 primum
294 971 389 1021 patri
455 970 554 1020 regis
603 984 736 1009 nomen

83 1027 272 1065 indidisse.
307 1027 377 1064 Est
397 1027 520 1077 utique
540 1028 664 1065 fabula
688 1028 736 1064 (le

83 1083 250 1134 Europa,
308 1096 417 1132 quam
462 1083 622 1133 Iuppiter
669 1084 735 1120 sub

84 1141 178 1177 tauri
199 1139 320 1189 specie
337 1140 503 1189 rapuisse
525 1141 648 1186 fertur,
678 1152 737 1176 ce-

84 1195 324 1234 lebratissima
349 1209 416 1233 nec
442 1197 558 1232 minus
583 1197 631 1232 ad
653 1195 737 1232 reli-

85 1253 232 1301 gionem
251 1265 358 1301 quam
383 1253 430 1288 ad
454 1251 640 1288 historiam
672 1264 737 1288 an-

85 1308 323 1358 tiquissimam
337 1309 533 1357 pertinens
590 1308 650 1345 De
666 1320 740 1356 qua

85 1365 183 1402 idem
212 1363 276 1401 Cr.
299 1377 366 1400 nos
389 1365 560 1400 amandat
580 1364 626 1400 ad
647 1365 739 1402 Bist-

85 1421 241 1469 tigerum
272 1420 409 1469 (Ideen
444 1434 508 1457 zur
537 1421 739 1469 Kunstmy-

85 1477 248 1526 thologie
299 1491 336 1527 p.
379 1478 461 1517 307
508 1478 638 1526 sqq),
676 1477 738 1525 qui

85 1533 196 1571 hacce
231 1533 353 1570 fabula
386 1533 473 1570 nihil
516 1533 613 1570 aliud
666 1533 737 1570 nisi

86 1590 246 1627 colonias
278 1590 317 1626 in
351 1589 500 1627 Cretam
527 1590 681 1626 insulam
717 1601 740 1625 a

86 1645 326 1683 Phoenicibus
394 1647 566 1683 deductas
625 1645 739 1694 signi-

87 1702 186 1739 ficari
227 1702 421 1739 contendit.
478 1701 644 1739 Pluribus
673 1715 740 1752 po-

87 1762 166 1796 stea
207 1759 245 1794 in
283 1758 442 1795 fabulam
482 1759 529 1796 de
570 1760 741 1808 Europae

87 1819 195 1865 raptu
213 1815 443 1864 inquisivisse
463 1815 569 1853 video
596 1814 738 1853 Hoeck.

87 1871 125 1908 in
168 1870 281 1908 Creta
319 1870 336 1907 I
378 1885 414 1921 p.
455 1873 509 1912 83
541 1885 641 1921 sqq.‚
691 1871 739 1908 ad

87 1927 339 1966 commercium
356 1926 575 1965 Phoenicum
596 1928 741 1976 religio-

88 1996 227 2032 nesque
249 1984 295 2020 ab
322 1983 389 2020 illis
417 1984 594 2022 Graeciae
621 1984 740 2021 illatas

87 2040 318 2091 potissimum
342 2041 604 2090 respicientem.
644 2041 742 2078 Inter

88 2100 248 2144 veteres,
276 2097 337 2146 qui
373 2097 531 2134 fabulam
564 2097 742 2147 explicare

88 2154 319 2200 studuerunt,
357 2153 474 2203 primo
495 2152 573 2190 loco
593 2153 653 2192 ille
674 2166 743 2204 po-

90 2209 144 2246 nit
158 2209 400 2257 Herodotum,
420 2223 528 2259 quem
547 2214 669 2248 tamen
687 2211 742 2246 in-

89 2269 231 2303 ternam
253 2266 397 2303 fabulae
428 2267 606 2304 rationem
624 2267 741 2304 minus

90 2322 323 2372 perspexisse
337 2323 523 2360 contendit
542 2323 585 2371 („
594 2336 633 2360 er
647 2324 742 2360 fass-

92 2381 131 2415 te
163 2379 235 2415 den
267 2377 415 2426 Mythus
443 2379 573 2416 hochst
602 2381 745 2417 ausser-

92 2432 220 2483 lieh“)
266 2447 343 2472 non
384 2435 454 2472 alio
504 2437 581 2474 fere
621 2436 746 2482 modo,

94 2502 204 2540 quam
222 2503 294 2540 quo
312 2492 534 2541 posteriores
550 2492 744 2542 scriptores

94 2545 151 2585 vel
179 2559 201 2583 a
221 2559 413 2598 parasemo
437 2549 531 2585 tauri
557 2548 615 2586 vel
647 2562 668 2586 a
686 2560 745 2584 ra-

95 2606 219 2651 ptore,
257 2604 312 2640 cui
336 2617 471 2642 nomen
497 2604 662 2653 Taurus,
690 2606 746 2642 fa-

94 2657 201 2696 bulae
216 2659 373 2708 origines
389 2661 611 2710 repetierint.
631 2661 747 2710 Equi-

97 2713 182 2750 dem
195 2718 316 2753 tamen
335 2717 458 2754 malim
482 2718 527 2754 iis
552 2717 748 2764 accenseri,

99 2768 161 2831 qui
185 2782 263 2808 cum
291 2772 482 2811 Herodoto
511 2774 630 2811 minus
663 2786 748 2824 per-

99 2823 259 2872 spicaces
281 2833 382 2877 sunt,
412 2843 522 2879 quam
538 2831 598 2879 qui
619 2831 666 2867 de
681 2830 746 2866 hu-

100 2879 253 2918 iusmodi
293 2885 399 2922 rebus
438 2887 610 2925 historiae
642 2892 749 2938 patre

789 746 908 783 verius
944 758 986 784 se
1020 750 1180 783 statuere
1218 756 1330 795 posse
1368 746 1448 795 opi-

789 807 930 840 nentur.

850 857 988 909 εὶήσαν
1009 852 1047 896 δ’
1076 852 1127 895 ἂν
1149 850 1260 896 οὗτοι
1275 859 1447 909 Κρῆτες]

791 915 904 952 Haud
938 915 1018 951 sine
1045 913 1193 950 consilio
1221 914 1312 952 haec
1342 915 1447 951 addi-

794 972 891 1008 disse
937 971 1079 1008 videtur
1110 973 1216 1019 pater
1262 971 1447 1018 historiae,

793 1041 870 1064 cum
892 1027 1012 1076 prisco
1034 1026 1231 1062 admodum
1247 1040 1336 1064 aevo
1356 1027 1448 1063 Cre-

791 1088 914 1121 tenses
931 1112 942 1129 ,
988 1082 1180 1119 calliditate
1218 1095 1260 1119 ae
1292 1083 1450 1119 versutia.

791 1139 986 1190 postmodo
1019 1139 1193 1184 infames,
1231 1150 1271 1175 re
1307 1140 1450 1176 nautica

792 1197 887 1232 inter
920 1193 1075 1242 reliquas
1104 1194 1280 1231 Graeciae
1318 1199 1447 1242 gentes

793 1250 1002 1289 excelluisse
1037 1249 1190 1287 constet
1257 1250 1378 1293 Quam
1410 1251 1450 1287 in

794 1321 870 1345 rem
914 1306 978 1343 Cr.
1020 1307 1105 1343 citat
1148 1305 1312 1354 Thucyd.
1355 1306 1391 1353 1,
1419 1306 1448 1347 4

793 1369 903 1414 atque
948 1362 1178 1414 proverbium
1213 1360 1235 1402 ὁ
1264 1359 1379 1414 Κρής
1406 1359 1450 1401 δὲ

792 1435 862 1460 τον
882 1415 1051 1467 πόντον,
1087 1419 1186 1456 0111115
1207 1419 1365 1456 rationes
1387 1432 1450 1456 ex-

792 1477 916 1528 posuit
959 1474 1077 1513 Schol.
1122 1474 1290 1512 Aristidis
1334 1488 1451 1525 nuper

794 1533 960 1582 vulgatus
991 1546 1013 1569 a
1045 1531 1263 1569 Frommelio
1297 1530 1450 1582 p.'185

796 1604 869 1639 sq.²
899 1589 978 1626 coll.
990 1587 1285 1637 ErasinAdagg.
1300 1601 1336 1638 p.
1355 1587 1450 1628 653.

794 1645 877 1684 Alia
909 1646 957 1683 de
994 1645 1223 1682 Cretensium
1253 1646 1451 1683 θαλασσο-

795 1702 936 1755 κρατίᾳ
956 1701 1197 1751 adEphorum
1212 1701 1332 1737 citavit
1348 1700 1452 1736 Mar—

795 1760 873 1796 xius
902 1759 939 1794 in
969 1759 1098 1806 fragm.
1136 1771 1172 1807 p.
1197 1759 1289 1798 162·
1316 1778 1372 1783 —-
1391 1756 1452 1794 De

797 1815 948 1866 optativi
972 1827 1039 1849 usu
1061 1814 1186 1850 addita
1207 1812 1382 1863 particula
1399 1808 1452 1850 ἂν

797 1873 866 1920 (sie
880 1870 1034 1907 mo'chten
1051 1869 1244 1917 melleiclaet)
1264 1871 1309 1906 cf.
1318 1867 1450 1906 Matth.

797 1927 834 1980 ἓ
860 1927 954 1974 514,
976 1930 1003 1968 2
1027 1939 1063 1976 p-
1082 1929 1176 1968 977

852 1985 977 2023 ταῦτα
1003 1980 1074 2034 μὲν
1097 1979 1147 2032 δη
1174 1981 1241 2021 ἰ’σα
1261 1993 1337 2034 σφι
1357 1976 1454 2032 πρὸς

798 2040 866 2080 ἰ’σα
885 2038 1090 2093 γενέσθαι]
1120 2039 1164 2076 111
1182 2039 1309 2075 ordine
1322 2038 1454 2075 verbo-

798 2111 877 2135 rum
902 2098 977 2134 iure
993 2096 1105 2133 secuti
1129 2108 1252 2132 sumus
1276 2094 1390 2131 Schw.
1416 2097 1453 2131 et

799 2155 918 2191 Gaisf.
955 2153 1017 2189 Vir
1058 2152 1185 2189 doctus
1223 2151 1371 2200 quidam
1414 2150 1454 2186 in

798 2210 953 2261 Ephem.
977 2209 1140 2246 Ienenss.
1164 2209 1271 2249 1817
1297 2220 1350 2243 nr.
1372 2207 1453 2247 163

799 2281 836 2317 p.
860 2267 943 2308 362
975 2265 1113 2303 mavult
1147 2264 1340 2315 pristinum
1373 2274 1454 2299 ver-

802 2325 930 2361 borum
964 2322 1130 2358 ordinem
1172 2320 1337 2358 retineri:
1386 2317 1454 2357 ἴσα

800 2376 898 2429 πρὸς
925 2378 992 2417 ἰ’σα
1014 2389 1087 2427 σφι
1096 2406 1106 2425 ‚
1135 2389 1182 2414 ne
1209 2376 1346 2413 scilicet
1369 2388 1456 2426 pro-

800 2435 969 2473 verbialis
985 2434 1174 2471 locutionis
1199 2446 1293 2481 quae
1312 2433 1360 2468 sit
1380 2433 1455 2468 for-

801 2505 862 2530 ma
879 2491 964 2539 (der
976 2488 1289 2541 sprfichw'ortliche
1302 2488 1455 2529 Schein)

801 2549 965 2586 intereat.
1007 2547 1160 2583 Confert
1182 2544 1339 2582 Wessel.
1360 2544 1457 2581 infra

800 2604 873 2652 IX,
902 2604 973 2644 48:
1003 2601 1084 2642 ἴσοι
1099 2597 1193 2653 πρὸς
1214 2600 1324 2647 ἰ’σους
1340 2597 1456 2653 ἅριθ-

803 2674 880 2712 μον
901 2655 1174 2711 μαχεσόμεθα,
1203 2657 1364 2706 aliosque
1386 2657 1458 2693 So-

802 2716 939 2767 phoclis
964 2716 1082 2762 locos,
1109 2714 1234 2763 Antig.
1255 2714 1346 2756 146.
1369 2712 1458 2750 Phi-

801 2773 883 2810 loct.
903 2772 997 2815 695.
1027 2771 1082 2808 Ut
1100 2771 1195 2809 enim
1212 2771 1250 2807 in
1266 2769 1462 2807 sententiis

802 2829 900 2867 haud
923 2841 1005 2865 raro
1030 2828 1124 2865 inter
1153 2831 1346 2875 utrumque
1369 2825 1457 2861 scri—

803 2889 946 2937 ptorem
966 2884 1151 2932 convenit,
1179 2884 1227 2922 de
1246 2896 1317 2933 quo
1343 2891 1459 2931 nuper
