1759 3324
22 388 89 438 58

523 272 945 315 EUTERPE.
997 272 1044 311 11.

114 546 257 588 Ξκαὶ
244 542 361 597 παροὶ
390 542 557 586 τούτων
583 542 785 598 Ἕλληνες
819 538 1107 597 μεμαθηκασι.
1164 539 1400 595 τεκμήριον
1455 530 1490 590 pi
1487 526 1566 584 imo's
1591 558 1622 584 in

143 622 190 666 δέ
231 638 302 677 μοι
339 620 524 673 τούτου,
560 619 684 665 τόδε·

142 704 307 744 πολλοῦ
344 717 418 743 τευ
458 699 622 755 χρόνου
660 699 934 755 ποιεύμεναι·

20 785 86 833 59
142 780 294 823 νεωστὶ
339 777 622 836 ἐποιήθησαν.

113 858 231 904 Ξούκ
261 859 372 910 ἅπαξ
400 863 480 902 τοῦ
511 858 738 911 ἐνιαυτοῦ,
768 858 1009 913 πανηγύρις
1039 857 1085 900 δὲ
1116 869 1288 912 συχνας
1317 857 1401 912 μοί-
1458 887 1517 940 fe„
1534 889 1567 907 „g
1585 888 1648 907 ωε

113 1021 198 1075 3τῇ
221 1015 446 1074 Ἀρτέμιδι.
503 1017 684 1072 δεύτερα
713 1016 756 1069 ἐς
786 1015 999 1071 Βούσιριν
1028 1014 1181 1070 πόλιν,
1220 1019 1275 1073 τῇ
1295 1014 1399 1061 Ἴσι·

86 1239 310 1277 oraculorum
332 1238 535 1276 institutum
556 1250 600 1276 ex
617 1235 739 1287 Aegy-

87 1301 152 1346 pto
173 1297 288 1346 repeti
311 1295 386 1332 vult
396 1295 620 1332 Herodotus.
642 1295 738 1331 Gro-

87 1353 196 1388 novio
217 1351 299 1388 olim
327 1351 528 1401 placuerat:
557 1350 638 1388 τοῖν
662 1348 738 1401 ἱρέ-

89 1422 146 1447 ων
166 1405 195 1458 ἦ
215 1403 384 1457 μαντική
412 1407 480 1454 (ut
507 1407 544 1443 in
568 1406 737 1444 Mediceo

88 1463 179 1502 libro
201 1464 338 1511 exstat)
365 1464 387 1500 i.
407 1477 437 1500 e.
467 1463 654 1500 divinandi
675 1476 739 1513 per

87 1520 277 1558 sacerdotes
297 1521 401 1556 ratio.
438 1520 513 1556 Sed
537 1521 740 1568 refragatur

88 1577 359 1627 quodammodo
386 1575 515 1613 Nostri
557 1576 656 1614 locus
693 1575 740 1622 ΙΙ,

89 1635 155 1675 83.

275 1715 306 1753 C
320 1728 388 1766 ap.
425 1713 556 1753 LVIII.

131 1814 370 1867 πανηγυρις
393 1797 435 1838 δὲ
452 1820 508 1827 --·
535 1811 742 1851 προσαγω-

89 1852 164 1908 γιῖς
183 1859 332 1905 πρῶτοι
351 1871 388 1895 κ.
401 1871 432 1894 τ.
442 1855 491 1906 L]
514 1855 572 1898 Ad
589 1858 741 1893 sormam

89 1913 280 1950 accusativi
299 1909 519 1963 πανηγύρις
537 1914 630 1950 conf.
644 1912 742 1949 Mat-

87 1968 184 2006 thiae
207 1969 271 2005 Gr.
297 1969 361 2005 Gr.
383 1967 421 2019 §.
445 1971 499 2009 80
531 1972 606 2006 not.
627 1971 664 2010 6.
686 1988 741 1996 --

89 2021 349 2076 προσαγωγοῖς
387 2026 593 2062 Gronovius
629 2025 741 2075 expli-

88 2082 159 2119 cuit
179 2081 366 2117 oblatz'ones
379 2081 438 2129 ,in
461 2082 541 2131 ipsa
561 2082 739 2131 interpre-

88 2137 225 2174 tatione
241 2137 373 2174 Latina
392 2151 533 2187 ponens
556 2137 742 2174 adductio-

87 2206 156 2230 nes.
187 2193 331 2240 Melius,
352 2194 494 2244 opinor,
517 2194 739 2243 Schweigh.:

89 2249 299 2299 „Hesychio
308 2248 544 2302 προσαγωγή
554 2255 610 2288 est
619 2261 740 2302 προσ-

92 2303 256 2353 έλευσις,
278 2311 393 2344 recte:
414 2310 585 2354 accessio,
607 2320 740 2357 nempe

92 2361 138 2398 ad
167 2361 303 2400 deorum
336 2376 444 2411 aras,
487 2363 739 2414 supplicatio.“

91 2417 329 2456 Schneiderus
356 2420 393 2456 in
423 2420 512 2458 Lex.
549 2421 614 2457 Gr.
646 2434 674 2457 s.
705 2433 739 2456 v.

92 2473 212 2510 reddit
248 2475 406 2512 solemnes
440 2479 530 2514 retus
566 2489 742 2516 sacrorum

93 2528 230 2579 diesque
250 2530 373 2580 festos.
399 2554 456 2561 —-
483 2534 543 2570 Ad
562 2546 665 2583 seqq.
686 2547 743 2571 τε-

94 2582 264 2636 κμήριον
292 2586 333 2626 δέ
367 2604 433 2638 μοι
461 2585 625 2637 τούτου,
657 2586 743 2629 τόδε

97 2640 161 2678 Cr.
187 2643 338 2680 conferri
366 2645 441 2682 vult
460 2645 572 2683 Wolf.
596 2647 644 2683 ad
665 2646 743 2684 De-

94 2697 273 2736 mosthem
301 2699 447 2752 Leptin.
487 2715 572 2753 pag.
592 2705 674 2744 225
708 2706 745 2741 et

95 2753 133 2790 in
157 2753 266 2792 indic.

297 2839 328 2876 C
340 2852 406 2891 ap.
435 2839 535 2879 LIX.

153 2917 193 2966 ἐς
213 2916 435 2973 Βούβαστιν
450 2921 580 2976 πόλιν,
601 2927 652 2980 τῇ
666 2921 749 2979 ’Λρ-

1322 273 1408 314 617

745 638 791 663 αἱ
831 637 908 676 μεν
955 618 1037 675 γὰρ
1079 636 1314 674 φαινθνΐθίι
1357 637 1404 664 &Z

996 715 1040 741 αι
1079 698 1124 740 δὲ
1160 695 1313 754 Ἕλλην
1317 700 1406 743 ικαὶ

692 779 1048 835 Πανηγυρίζουσι
1087 778 1132 821 δὲ
1172 777 1404 832 Αἰγύπτιοι
1459 778 1505 839 0¹¹
1508 778 1574 806 Μ)

805 1234 955 1287 τέμιὸι]
985 1249 1032 1273 sc.
1054 1236 1366 1288 πανηγυρίζουσι
1393 1236 1462 1286 (ad

800 1293 935 1344 festum
959 1293 1196 1330 celebrandum
1219 1296 1460 1344 conveniunt).

805 1351 962 1388 Dianam
980 1349 1197 1399 Aegyptiam
1210 1349 1347 1387 Noster
1362 1364 1463 1388 com-

806 1410 982 1444 memorat
1002 1406 1095 1442 infra
1114 1406 1147 1442 ΙΙ
1162 1434 1173 1453 ,
1193 1408 1258 1447 80.
1285 1406 1377 1453 155,
1400 1407 1461 1443 ubi

806 1464 878 1499 vid.
908 1462 966 1500 De
980 1462 1118 1511 reliquo
1133 1466 1348 1510 argumento
1365 1464 1461 1500 conf.

807 1519 866 1566 II,
888 1521 952 1560 60.
975 1520 1067 1560 138.
1098 1518 1209 1561 Quod
1239 1532 1323 1555 vero
1356 1519 1460 1557 sestis

808 1575 1026 1627 pompisque
1044 1575 1293 1623 frequentibus
1319 1575 1369 1611 uti
1387 1575 1463 1613 Ae-

810 1632 955 1681 gyptios
985 1631 1199 1668 Herodotus
1233 1631 1385 1678 scribit,
1423 1632 1462 1668 id

812 1700 1010 1736 sanequam
1049 1688 1202 1724 maxime
1235 1687 1463 1734 confirmant,

807 1756 903 1794 quae
941 1744 1093 1793 plurima
1125 1745 1162 1780 in
1196 1742 1462 1793 Aegyptiorum

809 1800 1024 1849 anaglyphis
1047 1800 1240 1850 picturisve
1270 1801 1376 1836 variis
1407 1800 1462 1836 lo-

809 1857 859 1894 cis
880 1857 1168 1906 conspiciuntur,
1198 1856 1259 1892 ubi
1276 1860 1313 1893 et
1334 1856 1383 1892 dii
1402 1869 1461 1894 re·-

808 1917 1090 1963 praesentantur
1109 1916 1146 1949 et
1164 1925 1323 1963 pompae
1335 1941 1345 1959 ‚
1367 1914 1461 1950 festa

807 1969 947 2006 illorum
996 1969 1032 2005 in
1072 1968 1246 2005 honorem
1284 1969 1460 2010 instituta.

807 2025 917 2062 Plura
957 2025 1128 2062 Creuzer
1170 2025 1207 2061 in
1244 2025 1408 2074 Symbol.
1445 2025 1462 2062 l

807 2095 845 2133 p.
865 2080 947 2122 248
969 2094 1044 2130 seq.

866 2138 906 2176 δε
892 2134 1028 2188 εύτερα
1048 2136 1087 2184 ἒς
1108 2132 1301 2187 Βούσιριν
1331 2132 1464 2185 πόλιν,

808 2196 859 2248 τῇ
876 2191 966 2244 Ἴσι]
996 2194 1166 2231 Formam
1187 2194 1296 2230 dativi
1315 2190 1389 2232 ’Ίσι
1409 2197 1465 2231 at-

808 2251 891 2300 tigit
910 2251 1042 2287 Matth.
1072 2251 1137 2289 Gr.
1160 2250 1225 2287 Gr.
1255 2248 1292 2300 ᾗ.
1312 2252 1365 2291 73
1382 2279 1393 2297 ,
1425 2252 1461 2291 1.

807 2307 865 2345 De
885 2308 965 2358 ipso
994 2308 1087 2344 festo
1108 2308 1180 2343 vid.
1200 2306 1246 2354 II,
1267 2309 1319 2348 61
1339 2306 1463 2355 ibique

808 2367 898 2400 nott.
941 2363 1054 2407 Quod
1081 2364 1128 2400 ad
1162 2363 1286 2400 urbem
1313 2362 1464 2400 Busirin

809 2420 958 2466 attinet,
987 2420 1077 2457 haec
1104 2420 1268 2470 disputat
1303 2419 1466 2456 Creuze-

808 2489 868 2513 rus
881 2476 1217 2523 (CommHerodd.
1230 2489 1266 2526 p.
1283 2477 1362 2516 110
1376 2476 1464 2524 sq.):

810 2533 1010 2581 „Quatuor
1036 2533 1189 2582 amplius
1228 2532 1366 2582 oppida
1396 2532 1466 2569 hoc

810 2590 955 2626 nomine
973 2589 1140 2639 praedita
1164 2589 1322 2626 habebat
1342 2590 1468 2637 Aegy-

810 2650 894 2696 ptus
916 2646 1031 2693 (conf.
1050 2645 1172 2682 Strab.
1195 2644 1299 2680 XVII
1320 2658 1355 2694 p.
1371 2646 1466 2690 802,

810 2715 896 2752 pag.
909 2702 991 2743 541
1007 2700 1157 2749 Tzsch.‚
1177 2700 1397 2750 VVesseling.
1418 2701 1467 2738 ad

810 2758 968 2796 Diodor.
1010 2757 1045 2805 I,
1084 2759 1137 2799 85
1185 2761 1224 2794 et
1270 2757 1468 2807 praecipue

813 2813 1200 2865 Champoll.,l’Egypt.
1224 2826 1308 2850 sous
1329 2813 1467 2862 I.phar.

813 2870 883 2908 vol.
901 2870 917 2907 Ι
938 2884 974 2920 p.
987 2870 1080 2911 365.
1112 2870 1158 2916 ΙΙ,
1172 2868 1227 2910 42
1243 2873 1279 2907 et
1300 2883 1336 2919 p.
1353 2870 1465 2916 190).

813 2924 865 2969 At
887 2927 974 2964 urbs
1003 2925 1237 2968 celeberrima
1266 2925 1337 2962 suit
1378 2924 1467 2977 haec

1501 821 1605 847 sor-qu

240 384 491 444 Πανηγύρις
520 385 566 429 δὲ
596 384 683 438 ἄρα
712 383 786 426 καὶ
813 379 989 438 πομπὰς
1017 380 1090 425 καὶ
1117 380 1404 436 προσαγωγας
1460 388 1543 449 Extftn
1531 390 1593 425 spic
1608 399 1683 427 n‚cm
1684 399 1733 421 n-n

142 470 305 522 πρῶτοι
339 462 586 518 ἀνθρώπων
617 461 848 518 Αἰγύπτιοί
887 463 969 505 εἶσι
1010 462 1052 503 οἱ
1091 458 1400 515 ποιησάμενον
1415 458 1557 516 850‘11‘
1536 432 1652 517 ‘J
1640 434 1725 518 ,ἵζ’,ἓζε
1728 447 1736 461 ’

1546 526 1736 558 ‚Aegyptios

1597 788 1645 840 11111

1625 559 1738 585 stituis-

1461 846 1739 873 oooooooooooooooo

345 937 356 951 κ
489 939 498 954 ι
736 937 746 951 e
897 937 908 952 ‚
1055 934 1064 948 r
1308 935 1318 949 ,
1519 923 1527 940 z
1557 913 1612 940 Lis
1633 922 1668 940 ca

141 943 265 983 λιστα
312 954 390 993 μεν
431 955 504 981 και
540 943 857 994 προθυμοτατοι
892 954 934 988 ες
972 938 1223 991 Βουβαστιν
1258 917 1538 988 nommeoiiuae
1556 947 1660 976 Ceres.

1460 1020 1540 1060 132
