1805 3315
345 235 403 277 32
767 231 1238 271 HERODOTI

346 341 524 388 ἀπίκετο
537 373 547 394 ,
588 341 703 396 ἔλεγε
741 337 770 396 ἡ
810 339 921 396 γυνὴ
961 339 1085 384 τάδε’
1133 343 1271 392 ,,Νὕν
1308 355 1379 384 τοι
1409 338 1537 381 δυοῖν
1564 350 1644 380 πα-

344 419 627 477 ,,ρεουσε’ων,
670 417 820 475 Γύγη,
861 421 1019 476 δίδωμι
1057 421 1245 475 αἵρεσιν,
1288 416 1500 472 ὁκοτέρην
1539 413 1690 472 βού-7ο

346 506 476 553 „ism
505 496 773 553 τραπέσθαι·
803 497 833 554 ἢ
860 497 944 554 γὰρ
973 497 1235 542 Κανδαύλεα
1265 495 1538 546 ἀποκτείνας,
1569 492 1642 549 ἐμέ

344 595 423 631 »τε
453 578 526 622 καὶ
555 576 635 633 τὴν
665 579 897 634 βασιληίην
933 577 997 634 ἔχε
1037 577 1119 635 τήν
1147 579 1333 628 Λυδῶν,
1364 573 1394 631 ἢ
1425 572 1563 618 αὐτὸν
1594 572 1642 616 σὲ

344 691 370 709 „
384 655 539 700 αὐτίκα
580 655 697 700 οὕτω
735 655 1034 712 ἀποθνήσκειν
1073 659 1160 702 δεῖ·
1201 654 1260 707 ὥς
1290 654 1347 698 ἂν
1376 652 1459 709 μὴ,
1496 652 1641 696 πάντα

344 735 643 792 »πειθόμενος
679 736 945 794 Κανδαύλῃ,
983 740 1065 780 τοῦ
1104 739 1265 780 λοιποῦ
1294 736 1393 791 ἴδῃς
1421 730 1473 774 τοὶ
1505 731 1562 787 μή
1592 741 1639 774 σε

320 820 370 868 4,,
383 818 458 860 δεῖ.

518 812 614 858 ἄλλ’
655 814 754 871 ἤτοι
789 814 938 860 κεῖνόν
977 832 1026 871 γε
1062 815 1139 859 τὸν
1166 817 1303 858 ταῦτα
1333 811 1639 869 βουλεύσαντα

345 929 369 948 ,,
383 897 449 939 δεῖ
477 893 776 947 ἀπόλλυσθαι,
816 894 844 951 ἢ
875 895 943 943 σὲ,
986 893 1065 938 τὸν
1102 894 1174 951 ἐμὲ
1214 893 1387 949 γυμνὴν
1423 888 1687 946 θηησάμε-Ίὸ

323 982 485 1027 5,,νον,
526 973 601 1017 καὶ
627 972 872 1029 ποιήσαντα
903 971 958 1017 ου’
987 972 1289 1030 νομιζόμενα.“
1342 970 1392 1015 Ὃ
1421 970 1467 1014 δὲ
1498 969 1643 1025 Γύγης

345 1054 452 1106 τέως
490 1054 570 1110 μὲν
612 1050 896 1109 ἀπεθώυμαζε
932 1052 985 1097 τα
1025 1052 1256 1110 λεγόμενα·
1295 1050 1400 1109 μετοὶ
1441 1049 1510 1100 δὲ,
1551 1046 1642 1092 ἱκέ-

347 1150 444 1178 τευε
482 1132 541 1190 μή
588 1149 664 1189 μιν
712 1131 928 1190 ἀναγκαίῃ
979 1132 1122 1176 ἐνδεῖν
1162 1134 1383 1187 διακρῖναι
1431 1129 1642 1187 τοιαύτην

324 1214 528 1269 6αἵρεσιν.

358 1428 385 1463 η
428 1405 549 1450 αύτόν
589 1406 633 1449 σὲ
675 1405 819 1449 αὐτίκα
857 1407 961 1451 ούτω

303 1463 583 1535 αποθνήρκειν
624 1465 706 1517 δεῖ]
759 1462 881 1507 αύτόν
921 1466 963 1507 σὲ

302 1527 391 1576 (pro
424 1519 560 1563 αὐτόν
602 1525 680 1572 σε)
722 1537 802 1560 cum
830 1525 946 1562 Schw.
941 1554 962 1572 .‚

305 1583 426 1619 Gaisf.
457 1585 493 1618 et
523 1579 656 1617 Matth.
690 1581 870 1617 dedimus.
919 1581 963 1617 In

303 1638 432 1676 vocula
462 1633 566 1676 οὕτω
596 1637 751 1685 insignis
782 1638 962 1685 quaedam

303 1696 358 1732 vis
382 1695 478 1731 inest
498 1695 546 1730 ad
563 1693 844 1742 descriptionem
864 1698 962 1743 apta,

304 1756 346 1788 ut
371 1752 488 1799 digito
509 1750 614 1799 quasi
635 1754 843 1786 monstrans
873 1750 963 1787 haec

304 1808 464 1846 edixisse
501 1807 630 1855 regina
665 1806 847 1843 videatur:
896 1808 963 1853 ita,

304 1869 379 1913 „ut
409 1863 544 1901 scilicet
567 1863 664 1899 illum
685 1862 849 1911 (regem)
869 1875 964 1899 nime

305 1921 399 1959 mori
445 1923 603 1970 oportet.
619 1920 643 1939 ‘⁶
701 1919 836 1968 Neque
870 1920 965 1957 enim

303 1978 395 2015 haec
412 1977 461 2014 ita
491 1976 627 2013 dixisse
644 1975 806 2023 videtur,
835 1980 877 2012 ut
905 1988 966 2013 sa-

305 2034 439 2072 tellites
465 2032 573 2069 simul
603 2032 718 2080 digito
743 2033 965 2079 monstrarit,

303 2091 354 2129 ad
377 2090 666 2126 obtruncandum
699 2094 864 2138 paratos.
906 2089 966 2125 Si—

305 2147 390 2185 mile
401 2146 680 2184 Ciceronianum
697 2145 785 2182 illud
806 2158 849 2182 ex
873 2150 964 2182 orat.

305 2218 374 2256 pro
408 2204 520 2240 Rose.
560 2205 636 2249 26,
675 2204 727 2242 71
770 2214 881 2249 „non
914 2204 966 2239 sic

304 2261 426 2298 nudos
448 2261 484 2296 in
502 2261 637 2296 flumen
651 2258 867 2308 proiieere‚“
888 2257 966 2294 lau-

306 2318 406 2355 davit
427 2316 557 2353 Matth.
571 2344 582 2362 ‚
612 2315 755 2364 aliaque
791 2315 867 2352 eius
899 2328 965 2363 ge-

306 2374 426 2420 neris,
455 2373 517 2409 ubi
545 2372 592 2408 sit
620 2367 746 2417 οὕτως
777 2376 964 2412 nostrum:

307 2430 428 2478 „ohne
463 2431 638 2475 averteres,
681 2428 764 2464 elme
799 2427 967 2465 Umstc'in-

307 2486 390 2523 de.“
408 2506 464 2513 --
494 2485 689 2521 Caeterum
710 2497 785 2520 non
814 2497 965 2535 prorsus

309 2541 497 2579 dissimilia
550 2540 588 2576 in
634 2539 967 2588 Longobardorum

306 2598 460 2635 historia
509 2597 556 2632 de
595 2595 838 2632 Rosamunda
882 2608 967 2632 nar-

310 2660 457 2700 rantur,
487 2663 582 2702 quae
599 2650 837 2688 Helmichidis
854 2663 967 2701 opera

307 2710 471 2747 adhibita
516 2707 685 2746 maritum
734 2720 860 2756 regem
903 2707 967 2744 AI-

309 2766 459 2804 buinum
497 2763 654 2801 sustulit.
697 2763 754 2800 Cf.
779 2763 844 2802 Fr.
878 2764 966 2801 Chr.

311 2822 515 2860 Schlosser.
562 2818 789 2869 VVeltgesch.
839 2819 896 2868 II,
943 2824 963 2863 1

312 2891 352 2930 p.
374 2880 428 2921 82
455 2879 542 2928 ibiq.
562 2874 662 2914 laud.

598 1210 745 1256 οὔκων
791 1211 845 1269 δὴ
895 1211 1062 1266 ἔπειθε,
1112 1209 1207 1256 ἀλλ’
1257 1211 1352 1267 ὥρα
1397 1210 1642 1268 ἀναγκαίην
1686 1215 1713 1253 7

1088 1426 1142 1457 ως
1163 1406 1212 1450 ἒῖν
1240 1406 1295 1461 μή
1311 1409 1476 1450 -τοῦ
1498 1410 1688 1449 λοιποῦ

1031 1466 1145 1521 ἴδῃς]
1192 1469 1266 1506 τοῦ
1296 1468 1443 1506 λοιποῦ
1484 1467 1600 1517 probe
1633 1467 1688 1503 di-

1031 1524 1292 1572 stinguendum
1313 1536 1334 1559 a
1354 1538 1397 1562 το
1417 1518 1573 1562 λοιπόν.
1603 1523 1688 1560 Hoc

1030 1581 1167 1617 indicat
1210 1584 1355 1629 tempus
1399 1580 1609 1617 continuum
1651 1584 1688 1617 et

1031 1641 1267 1688 perpetuum3
1317 1635 1405 1672 illud
1433 1636 1687 1687 repetitionem

1032 1693 1196 1730 eiusdem
1226 1691 1313 1729 facti
1338 1693 1477 1743 reliquo
1506 1697 1686 1743 tempore.

1030 1749 1168 1787 Docuit
1185 1749 1387 1787 Hermann.
1418 1751 1467 1787 ad
1487 1749 1613 1798 Viger.
1641 1750 1689 1787 de

1030 1805 1199 1846 idiotism.
1232 1817 1322 1856 pag.
1355 1809 1461 1855 706,
1500 1807 1537 1845 h·
1557 1806 1583 1844 l.
1609 1805 1688 1843 lau-

1034 1863 1132 1900 dato.

1091 1916 1238 1958 ἱκέτευε
1278 1915 1334 1970 μή
1373 1934 1442 1971 μιν
1487 1913 1688 1984 αναγκαίῃ

1032 1973 1161 2015 ἐνδεῖν
1185 1975 1386 2027 διακρῖναι
1410 1971 1601 2026 τοιαύτην
1630 1976 1690 2016 αἵ-

1034 2029 1171 2084 ρεσιν]
1218 2033 1244 2071 i.
1279 2046 1313 2071 e.
1371 2062 1395 2080 „
1408 2033 1609 2070 obsec-rabat
1647 2046 1689 2070 ne

1032 2091 1148 2138 ipsum
1180 2091 1382 2126 necessitati
1408 2090 1568 2139 illzgaret
1590 2090 1687 2127 diiu-

1033 2145 1205 2183 dicandae
1224 2146 1310 2183 talis
1332 2148 1520 2196 optionisf‘
1549 2146 1688 2185 Admo-

1032 2202 1111 2239 nuit
1132 2201 1162 2239 C
1171 2215 1200 2238 r.
1232 2202 1465 2252 Pythagorici
1486 2203 1571 2240 dicti
1590 2203 1690 2254 apud

1032 2258 1193 2307 Diogen.
1224 2257 1347 2297 La‘ert.
1391 2259 1477 2297 VIII
1531 2258 1569 2311 ἓ.
1615 2259 1688 2301 14:

1032 2311 1194 2367 πρῶτόν
1221 2314 1262 2354 τὲ
1287 2328 1388 2365 φασι
1412 2318 1557 2356 τοῦτον
1586 2311 1689 2356 oino-

1034 2386 1167 2422 φηναι
1217 2369 1292 2423 τήν
1347 2369 1486 2424 ψυχὴν
1541 2367 1690 2412 κύκλον

1033 2424 1270 2496 οἷναγῖιης
1309 2424 1582 2481 οἷμείβουσαν,
1622 2426 1690 2469 ἄλ·

1033 2487 1152 2524 λοτε
1166 2482 1300 2532 α’λλοις
1345 2485 1690 2526 ἐνδεῖσθαι

1034 2536 1164 2587 ζώοις.
1233 2541 1367 2589 Plura,
1406 2542 1475 2580 nei:
1504 2542 1575 2580 hoc
1608 2541 1690 2580 loco

1033 2596 1250 2634 Herodoteo
1294 2599 1454 2645 omisso,
1509 2597 1612 2636 Idem
1651 2598 1689 2636 in

1032 2651 1188 2700 Dionys,
1210 2667 1248 2703 p.
1278 2656 1346 2695 72.
1371 2652 1439 2694 74.

1091 2705 1263 2747 οὔκων
1294 2706 1345 2760 δή
1382 2708 1520 2748 ἔπειθε
1553 2731 1607 2738 -
1632 2709 1692 2749 αῖ-

1033 2762 1162 2815 ρέεται
1199 2760 1317 2811 αύτός
1345 2765 1564 2816 περιεῖναι]
1612 2765 1691 2804 An-

1031 2825 1137 2857 notat
1164 2821 1201 2858 h.
1231 2821 1256 2858 l.
1296 2821 1498 2869 Matthiae,
1540 2823 1692 2861 voculae

1032 2874 1168 2917 οὔκων
1196 2889 1301 2916 usum
1334 2879 1433 2930 apud
1460 2878 1690 2917 Herodotum
