1768 3315
328 256 413 297 258

726 249 1195 291 HERoDo'rl

330 367 442 409 δων·
483 360 591 404 ἀλλὰ
620 360 995 417 στρατευσάμενος
1024 360 1092 405 ἐπὶ
1121 359 1227 412 τούς
1256 359 1453 417 Πέρσας,
1480 359 1594 416 πρῶ-
1606 367 1652 402 95

330 442 441 486 τοισί
469 456 514 484 τε
537 439 733 484 τούτοισι
762 439 1031 496 ἐπεθήκατο,
1070 441 1143 484 καὶ
1183 440 1386 496 πρώτους
1425 439 1599 496 Μήδων

302 517 560 576 3ὑπηκόους
588 519 771 576 ἐποίησε.
800 521 906 576 μετὰ
935 520 1010 571 δὲ,
1041 519 1150 576 ἔχων
1180 520 1261 565 δύο
1293 524 1432 565 ταῦτα
1453 519 1599 572 ἔθνεα,

331 600 406 644 καὶ
435 598 663 655 ἀμφότερα
694 598 875 655 ἰσχυροὶ,
906 600 1220 656 κατεστρέφετο
1252 600 1334 656 τὴν
1350 598 1510 656 Ἀσίην,
1530 595 1600 642 ἀπ’

304 679 476 723 4ἅλλου
515 677 577 722 ἐπ’
618 677 726 722 ἄλλο
765 678 846 722 ἰών
885 678 1026 730 ἔθνος.
1084 678 1127 731 ἐς
1165 679 1190 723 ὃ
1230 678 1603 735 στρατευσάμενος

332 759 403 803 ἐπὶ
434 757 536 810 τοὺς
560 755 838 812 Ἀσσυρίους,
869 757 943 801 καὶ
970 756 1208 813 Ἀσσυρίων
1234 759 1423 810 τούτους
1452 761 1495 802 οἳ
1523 759 1603 801 Νῖ-

334 854 416 883 νον
456 835 598 894 εἶχον,
651 837 725 881 καὶ
763 832 898 894 ἦρχον
935 834 1153 892 πρότερον
1181 837 1388 892 πάντων,
1428 837 1526 882 τότε
1556 837 1626 881 δὲΙ

335 912 450 973 ἦσαν
473 915 802 974 μεμουνωμένοι
821 916 902 972 μὲν
923 915 1180 974 συμμάχων,
1210 916 1284 962 ἅτε
1307 916 1601 971 ἀπεστεώτων,

282 1104 402 1154 Vulgo
431 1097 644 1154 οἷπεχρῆτο.
691 1101 832 1140 Sensus
864 1105 939 1139 est:

283 1190 308 1209 „
320 1174 389 1198 non
409 1164 589 1197 contentus
615 1163 691 1196 erat
718 1159 801 1196 solis
820 1157 943 1196 Medis

282 1219 493 1268 imperamf‘
553 1217 662 1254 Conf.
692 1229 806 1266 supra
824 1215 862 1263 I,
886 1216 942 1256 37

284 1279 322 1312 et
341 1273 450 1322 VIII,
471 1272 537 1320 14,
561 1273 624 1310 ubi
646 1274 767 1310 medio
781 1272 850 1309 hoc
860 1284 942 1310 ver-

284 1331 333 1368 bo
356 1330 495 1368 Noster
518 1343 605 1366 usus
631 1333 707 1376 est,
746 1342 826 1366 cum
851 1328 942 1365 alias

284 1386 531 1437 impersonale
588 1390 772 1432 occurrat3
859 1383 940 1422 coll.

285 1443 417 1482 Matth.
437 1443 475 1479 in
505 1443 667 1480 Gramm.
697 1441 763 1478 Gr.
798 1439 835 1492 ᾗ.
859 1439 942 1483 255

286 1513 374 1552 pag.
395 1500 488 1541 497.
536 1498 641 1536 Facit
659 1498 729 1535 hue
750 1498 945 1535 Gramma-

286 1557 346 1594 tic.
359 1557 396 1593 in
406 1555 741 1593 BekkeriAnecdd.
762 1554 779 1591 I
797 1554 943 1605 p.423‚

289 1617 361 1656 26:
405 1607 663 1679 οἷπεχρᾶτο
679 1623 687 1630 ·
728 1606 944 1663 Ἡρόδοτος

289 1667 362 1722 μὲν
391 1683 480 1707 avve
515 1670 588 1707 τοῦ
615 1663 753 1735 ἄρκεῖν
792 1665 945 1719 ἡγεῖτο·

292 1725 544 1775 Θουκυδίδης
557 1722 600 1763 δὲ
620 1720 947 1775 απεχρῶνται

290 1777 381 1821 ἀντὶ
418 1784 492 1821 τοῦ
528 1776 718 1836 ἄνῄροον.
776 1780 949 1818 Herodo-

290 1844 389 1877 teum
421 1851 527 1875 usum
562 1822 761 1889 postmodo
789 1837 947 1874 imitatus

292 1899 348 1933 est
366 1895 569 1932 Pausanias
581 1924 592 1942 ‚
622 1895 670 1932 de
688 1906 761 1944 quo
782 1893 949 1931 vid.S1e-

292 1950 363 1989 bel.
380 1953 429 1988 ad
450 1951 507 1998 ΙΙ,
523 1953 549 1991 7
574 1949 612 2001 ἓ.
633 1954 668 1991 1.

351 2005 419 2046 καὶ
435 2003 654 2056 Ἀσσυρίων
682 2001 877 2053 τούτους,
908 2004 948 2044 οἳ

296 2066 428 2103 Νῖνον
443 2059 571 2113 εἶχον]
601 2062 723 2111 Vulgo
734 2063 847 2100 edunt
858 2060 947 2112 ἔχον

295 2120 396 2169 quod
434 2119 543 2156 etiam
582 2123 734 2169 propter
773 2119 948 2155 omissum

295 2173 805 2225 augmentumlaudatMatth.
819 2173 856 2225 ἓ.
869 2176 949 2215 160

295 2244 382 2283 pag.
405 2234 497 2272 292.
529 2231 606 2268 Sed
623 2230 845 2281 optimilibri
867 2231 951 2281 plu-

296 2301 356 2326 res
375 2287 464 2324 dant
481 2282 608 2337 εἶχον,
625 2288 726 2335 quod
738 2300 818 2324 cum
830 2287 950 2324 Gaisf.

297 2343 663 2393 rece1›imuS,=1ni1s
699 2343 789 2380 liber
823 2342 951 2394 ε’σχον,

298 2399 400 2449 quod
431 2403 554 2436 tamen
575 2398 673 2435 haud
691 2400 950 2447 necessarium,

298 2456 370 2493 iam
393 2456 474 2505 ipse
499 2455 766 2504 WVesselingius
793 2457 954 2495 sensisse

298 2512 452 2549 videtur.

354 2567 414 2605 Ad
432 2571 683 2616 argumentum
700 2567 768 2605 loci
781 2568 873 2606 bene
887 2567 954 2605 ad-

300 2636 490 2662 monemur
509 2637 530 2660 a
548 2624 808 2673 u⁷esselingio‚
834 2624 955 2662 Hero-

301 2681 426 2718 dotum
440 2679 673 2728 Assyriorum
691 2681 837 2718 nomine
847 2694 954 2718 usum

302 2749 385 2775 esse
403 2748 513 2773 sensu
538 2736 678 2784 latiori,
708 2737 759 2773 ita
778 2742 818 2773 ut
829 2737 954 2786 Baby-

303 2792 390 2830 lonii
404 2805 550 2842 quoque
562 2821 573 2838 ‚
604 2792 684 2839 alii,
714 2793 952 2843 comprehen-

302 2850 454 2894 dantur3
481 2849 526 2886 cf.
546 2848 582 2895 Ι,
604 2851 696 2890 178.
718 2850 809 2890 185.
849 2849 950 2887 Idem

301 2909 427 2944 monet
435 2904 589 2944 Rennel.
601 2905 638 2943 in
654 2905 865 2957 Geograph.
873 2905 951 2944 He-

1008 1103 1087 1140 rod.
1106 1116 1143 1153 p.
1166 1100 1261 1143 458.
1296 1101 1350 1140 Ac
1377 1103 1540 1154 pluribus
1568 1102 1663 1140 hanc

1009 1160 1048 1197 in
1067 1172 1145 1196 rem
1159 1159 1325 1209 disputat
1345 1159 1543 1209 Iablonsky
1559 1159 1663 1197 Diss.

1011 1217 1059 1254 de
1083 1215 1171 1264 ling.
1190 1214 1352 1264 Lycaon.
1381 1216 1429 1254 T.
1449 1216 1501 1253 III
1522 1229 1559 1267 p.
1582 1217 1664 1256 129

1011 1273 1186 1323 Opuscc.‚
1213 1271 1386 1321 Assyriae
1408 1273 1555 1310 nomine
1571 1272 1665 1309 anti-

1011 1329 1196 1379 quissimis
1214 1330 1439 1380 temporibus
1454 1342 1530 1367 non
1548 1328 1666 1366 solam

1010 1385 1199 1434 Assyriam
1212 1385 1327 1423 fuisse
1338 1387 1591 1436 significatam,
1603 1397 1667 1423 ve-

1011 1455 1090 1478 rum
1122 1445 1158 1479 et
1195 1441 1382 1491 complura
1428 1442 1500 1493 alja
1535 1453 1665 1491 regna,

1011 1510 1164 1548 quorum
1200 1498 1307 1548 potiti
1344 1499 1481 1537 fuerint
1513 1496 1669 1546 Assyrii,

1012 1567 1088 1592 non
1117 1566 1201 1591 raro
1245 1556 1508 1606 comprehensa
1540 1554 1669 1592 fuisse.

1012 1611 1178 1659 Indeque
1206 1610 1316 1648 etiam
1341 1611 1566 1661 Babylonios
1591 1611 1669 1648 sive

1015 1667 1246 1715 Chaldaeos,
1275 1667 1476 1706 debellatos
1494 1667 1541 1704 ab
1552 1665 1669 1715 Assy-
1744 1665 1745 1672 ¹

1013 1724 1098 1771 riis,
1135 1723 1264 1761 horum
1296 1725 1444 1762 nomine
1474 1723 1670 1773 aliquando

1014 1779 1218 1830 appellatos
1239 1793 1322 1818 esse
1342 1784 1477 1819 monet.
1507 1781 1568 1818 De
1587 1781 1670 1830 ipsa

1015 1836 1105 1874 Nini
1122 1836 1211 1874 urbe
1229 1849 1303 1873 non
1320 1838 1408 1875 satis
1429 1837 1555 1886 liquet.
1585 1835 1670 1874 Me-

1015 1897 1133 1930 morat
1147 1892 1286 1931 Noster
1307 1906 1389 1930 eam
1416 1893 1608 1942 aliquoties
1630 1893 1670 1930 in

1014 1961 1121 1998 capp.
1141 1949 1305 1999 proxime
1324 1950 1575 1998 sequentibus,
1593 1954 1671 1986 tum
1741 1971 1743 2016 i

1015 2006 1125 2042 etiam
1156 2004 1196 2052 Ι,
1236 2007 1329 2046 193.
1361 2005 1454 2048 185.
1485 2007 1579 2047 178·
1622 2004 1670 2052 H,

1018 2060 1110 2102 150.
1150 2058 1210 2098 Ad
1237 2074 1330 2111 quos
1354 2061 1454 2099 locos
1474 2062 1580 2113 plura
1605 2062 1673 2098 ad-

1017 2116 1224 2154 notabimus
1247 2119 1294 2156 de
1305 2119 1475 2156 dissensu
1490 2117 1675 2156 Herodoti
1739 2140 1741 2167 J

1017 2177 1128 2222 atque
1142 2172 1296 2212 Diodori
1310 2175 1368 2213 vel
1379 2176 1502 2225 potius
1513 2174 1674 2223 Ctesiae,
1739 2198 1741 2207 ι

1019 2241 1173 2280 quorum
1195 2230 1286 2268 alter
1308 2232 1356 2268 ad
1385 2231 1552 2281 Tigrim,
1581 2230 1674 2268 alter

1019 2287 1069 2323 ad
1081 2285 1306 2336 Euphratem
1321 2288 1460 2326 Ninum
1475 2288 1598 2326 urbem
1619 2287 1672 2324 si·
1738 2301 1739 2304 ¹

1018 2346 1094 2379 tam
1115 2342 1229 2381 fuisse
1246 2345 1369 2383 refert.

1077 2393 1525 2448 ἅτεᾶπεστεώτων,
1546 2395 1674 2447 ἄλλως
1737 2399 1739 2425 ³

1023 2451 1158 2505 μέντοι
1195 2455 1356 2496 ἑωυτῶν
1399 2451 1448 2496 εὐ
1478 2452 1671 2523 ἥκοντες]
1737 2485 1739 2488 >

1020 2510 1192 2550 Formam
1206 2513 1365 2551 Ionicam
1380 2513 1560 2564 participii
1580 2506 1674 2552 ἄπε-

1022 2579 1144 2615 στεως
1163 2569 1376 2607 hinclaudat
1386 2569 1517 2607 Matth.
1531 2567 1568 2619 ὃ.
1579 2570 1674 2616 198,
1736 2561 1737 2565 ¹

1021 2625 1042 2662 f
1053 2637 1139 2675 pag.
1159 2625 1254 2667 359.
1284 2627 1486 2676 Sequentia
1503 2628 1675 2663 tuverte:

1021 2684 1232 2728 „caeterum
1255 2682 1416 2733 profecto
1437 2684 1592 2733 ipsorum
1617 2694 1675 2719 re·
1707 2726 1710 2728 ,

1019 2737 1082 2774 bus
1094 2739 1343 2788 florentibus,“
1354 2753 1383 2777 s.
1395 2740 1495 2776 rebus
1516 2741 1574 2775 sat
1592 2737 1672 2776 lau-

1021 2796 1067 2830 tis
1092 2807 1135 2831 ac
1149 2796 1363 2845 florentibus
1380 2797 1574 2833 constituti.
1614 2794 1674 2833 De

1018 2849 1201 2890 locutione
1223 2852 1306 2903 ipsa
1322 2854 1419 2892 conf.
1440 2853 1479 2901 Ι,
1499 2855 1555 2895 30
1586 2851 1672 2901 ibiq.

1016 2910 1092 2946 not.
