1759 3324
524 263 950 304 EUTERPE.
998 264 1045 302 Il.

1324 265 1408 304 763

143 379 224 423 εἶσι
254 378 297 421 οῖ
325 376 536 429 εἰπόντες,
567 374 626 426 ὥς
656 371 900 431 ἀνθρώπου
921 374 1037 431 ψυχή
1058 370 1282 424 ἀθάνατός
1302 372 1404 416 ἐστι·
1420 379 1465 413 75

89 550 279 602 [Sequitur
290 550 490 588 Clementis
504 550 664 588 Romani
687 549 742 587 lo-

88 621 151 645 cus
174 621 217 644 ex
237 607 371 644 Homil.
393 608 409 644 I
429 606 564 658 §.3.5.
594 607 740 645 Deinde

86 665 136 701 sic
151 663 272 713 pergit
292 663 352 701 Cr.
366 663 391 714 ι]
422 664 591 701 Davisius
618 668 740 702 autem

85 720 134 757 ad
152 720 268 757 Cicer.
289 718 450 758 Tuscull.
470 721 499 768 I,
521 724 571 762 16
591 725 740 772 postea-

85 788 193 825 quam
214 775 419 815 Pausaniae
445 777 608 815 Messen.
634 792 664 815 c.
685 779 741 819 32

87 831 164 883 [ubi
185 832 361 871 Chaldaei
386 838 423 871 et
444 834 525 871 Indi
546 835 651 884 primi
672 835 741 871 im‘

85 888 313 927 mortalitatis
327 891 531 928 doctrinam
543 892 740 929 tradidisse

86 945 270 996 dicuntur]
303 948 489 994 excitavit,
526 949 576 984 ita
599 949 740 998 pergit:

83 1000 355 1054 „‚,Aegyptios
381 1009 502 1042 autem
539 1004 607 1042 hac
633 1004 742 1042 laude

85 1062 247 1096 mactant
274 1061 489 1097 Herodotus
515 1061 572 1109 II,
596 1063 675 1102 123
700 1064 737 1098 et

86 1115 256 1153 Clemens
266 1116 463 1154 Alexandr.
474 1117 570 1168 ΥΙΡ.
588 1118 683 1159 752
687 1118 739 1138 ““

84 1171 184 1210 Nolo
206 1172 311 1222 plura
331 1187 552 1223 congerere,
569 1188 664 1224 qnae
682 1187 741 1212 ar-

86 1233 223 1277 guant,
253 1231 358 1267 nimis
378 1231 489 1267 arctis
509 1236 545 1268 et
572 1231 740 1280 angustis

85 1286 248 1323 terminis
282 1286 376 1324 hunc
411 1288 596 1325 Herodoti
622 1288 741 1324 locum

86 1342 260 1379 inclusum
304 1356 326 1380 a
360 1344 444 1380 viris
483 1345 597 1382 doctis
649 1357 741 1382 esse.

86 1398 290 1437 Planiorem
311 1404 348 1437 et
363 1402 539 1438 veriorem
559 1401 740 1451 interpre-

85 1456 259 1493 tationem
281 1457 401 1494 eidem
420 1461 507 1495 ante
522 1457 742 1495 Larcherum

86 1513 315 1563 impertierat
359 1513 662 1563 W‘yttenbachius
704 1515 743 1551 in

88 1570 242 1620 disput.:
290 1569 393 1612 Quae
433 1570 550 1621 fuerit
589 1575 742 1609 veterum,

81 1626 364 1678 philosophorum
391 1630 562 1664 sententia
597 1628 638 1665 de
665 1630 744 1665 vita

89 1687 121 1721 et
150 1687 248 1720 statu
275 1686 468 1721 animorum
495 1689 572 1734 post
591 1689 745 1731 mortem,

88 1739 287 1777 Amstelod.
310 1742 417 1781 1783
444 1753 481 1789 p.
501 1741 617 1778 XVII.
672 1742 746 1785 Qui

87 1797 269 1834 Herodoti
293 1797 411 1834 locum
435 1796 566 1836 Latine
603 1799 652 1835 sic
688 1811 746 1836 re-

88 1855 184 1891 sert:
223 1852 452 1901 ‚‚„Fuemnt
484 1867 614 1905 qnoque
635 1856 747 1904 primi

86 1910 279 1959 Aegyptii,
310 1912 372 1960 qui
391 1910 560 1958 dicerent,
590 1914 745 1949 (mimam

89 1967 236 2004 hominis
274 1980 344 2004 esse
378 1967 628 2015 immortalem,
664 1972 744 2017 post

89 2026 240 2073 corporis
268 2036 347 2061 vero
376 2026 556 2061 interitum
577 2027 615 2062 in
643 2024 745 2062 aliud

88 2079 244 2131 deinceps
275 2093 423 2117 nascens
456 2081 591 2118 am'mal
626 2084 743 2119 immi-

88 2149 210 2186 grare:
244 2150 388 2187 cumque
419 2150 480 2187 per
504 2140 618 2176 omnia
639 2143 746 2176 terre-

88 2196 177 2230 stria
191 2223 202 2241 ,
219 2197 356 2231 marina
375 2199 407 2231 et
425 2194 585 2232 volucria
605 2198 745 2233 anima-

89 2250 140 2287 lia
168 2252 352 2288 circuitum
376 2251 546 2302 fecisset,
577 2264 652 2289 eam
677 2255 745 2290 ite-

90 2319 167 2344 rum
183 2311 378 2345 nascentem
410 2306 571 2358 [secutus
601 2310 746 2347 videtur

90 2363 209 2412 Wytt.
227 2364 420 2402 lectionem
437 2363 664 2417 γινομένην,
685 2380 747 2404 cu-

91 2420 147 2456 ius
170 2419 250 2457 loco
280 2434 347 2458 nos
373 2421 560 2471 vulgatam
595 2423 746 2460 retinui-

92 2489 169 2512 mus
189 2471 350 2527 γινόμεν
364 2492 439 2527 011,-
468 2480 567 2516 unde
597 2480 647 2516 sic
664 2493 747 2517 ver-

93 2532 264 2571 tendum:
293 2547 367 2571 eam
388 2537 514 2571 iterum
535 2537 572 2572 in
600 2536 748 2573 hominis

94 2600 215 2637 corpus
233 2602 382 2628 nascens
397 2591 614 2643 immigrare]
635 2596 672 2630 in
684 2593 745 2630 Ιιο-

93 2646 197 2681 minis
218 2658 340 2696 corpus
357 2650 577 2696 immigrare.-
608 2653 641 2686 et
657 2650 746 2687 hunc

97 2700 141 2736 ab
163 2713 202 2738 ea
219 2703 403 2741 circuitum
414 2718 473 2740 con
468 2706 539 2755 fici
548 2709 656 2743 trium
666 2706 748 2743 mil-

98 2755 185 2792 lium
206 2771 372 2797 annorum
390 2763 578 2810 spatio.““
627 2763 750 2800 Hero-

98 2813 178 2848 doti
202 2817 449 2854 auctoritatem
470 2820 750 2867 praeferendam

100 2881 179 2905 esse
206 2873 414 2910 auctoritati
430 2873 610 2923 Diogenis
630 2875 750 2924 (vlu,

101 2924 153 2965 14
166 2926 226 2974 qui
239 2926 483 2978 Pythagoram
505 2931 663 2981 primum
680 2932 752 2969 dici

807 549 978 600 perhibet
988 551 1059 600 τῆς
1077 542 1465 600 μετενσωματώσεως

807 607 1041 655 auctorem),
1090 606 1306 657 praesertim
1351 608 1466 641 testes

808 662 926 700 nullos
955 664 1164 709 excitantis,
1205 675 1280 699 non
1313 665 1370 698 est
1400 661 1468 697 du-

808 720 918 757 bium.
976 719 1094 757 Addit
1121 720 1216 757 enim
1244 719 1324 768 ipse
1344 718 1467 754 Hero-

809 778 919 814 dotus
937 807 948 825 ‚
994 780 1172 826 tanquam
1219 775 1467 812 testimonium

810 835 1042 871 sententiae:
1111 833 1271 880 „„Hoc
1318 831 1467 882 placito,

807 895 983 939 tanquam
1007 903 1072 926 suo
1103 894 1152 927 et-
1172 889 1344 939 proprio,
1387 888 1468 936 qui-

809 948 895 984 dam
928 947 1060 984 Graeci
1088 947 1142 983 usi
1169 950 1282 992 sunt,
1312 944 1372 981 alii
1402 957 1469 981 an-

807 1004 966 1053 tiquiore
987 1002 1045 1040 alii
1062 1003 1264 1040 recentiore
1279 1006 1466 1051 tempore:

810 1073 966 1109 quorum
981 1073 1052 1109 ego
1067 1060 1226 1105 nomina,
1245 1070 1467 1108 quamquam

808 1117 904 1164 scio,
934 1130 1009 1153 non
1036 1116 1273 1153 memor0.““
1322 1115 1379 1151 Sit
1397 1115 1468 1163 igi-

807 1178 866 1210 tur
897 1173 1083 1210 Herodoti
1108 1173 1231 1223 potior
1259 1171 1466 1217 sententia3

806 1234 930 1268 tamen
948 1242 1137 1276 cavemus,
1177 1242 1223 1266 ne
1241 1227 1322 1279 plus
1347 1228 1380 1265 ei
1404 1229 1469 1264 tri-

809 1288 985 1334 buamus,
1016 1299 1126 1336 quam
1152 1286 1231 1336 ipse
1258 1284 1383 1321 voluit.
1427 1285 1469 1321 Si

810 1345 900 1393 quid
927 1343 1021 1380 enim
1051 1342 1182 1389 video,
1220 1343 1256 1379 in
1285 1353 1470 1390 gramma-

809 1402 884 1438 tica
900 1401 1204 1450 interpretatione
1223 1411 1297 1435 non
1316 1411 1469 1435 necesse

810 1461 894 1504 est,
933 1460 975 1493 ut
1005 1457 1062 1494 hic
1087 1456 1136 1492 sit
1168 1468 1316 1502 sensuS‚
1345 1454 1470 1504 Aegy-

809 1515 906 1565 ptios
927 1513 1089 1562 singulos
1101 1512 1165 1549 has
1185 1513 1375 1563 opiniones
1394 1512 1471 1561 pri-

811 1584 910 1608 mum
936 1569 1158 1621 protulisse,
1198 1570 1263 1606 sed
1283 1569 1469 1606 universas

813 1629 859 1665 ab
890 1627 958 1664 illis
985 1628 1033 1664 ad
1058 1627 1153 1663 hanc
1174 1626 1369 1663 doctrinam
1390 1637 1471 1661 con-

807 1684 988 1735 formatas
1009 1696 1098 1720 esse:
1128 1687 1171 1719 ut
1186 1683 1279 1720 adeo
1304 1682 1390 1718 illud
1408 1693 1471 1718 vo-

815 1741 922 1778 luerit
942 1741 1172 1778 Herodotus:
1201 1768 1225 1786 „
1238 1738 1470 1789 „Aegyptios

813 1798 950 1848 primos
970 1797 1126 1842 dixisse,
1156 1797 1336 1842 animam,
1359 1808 1472 1844 quum

814 1856 859 1891 sit
881 1853 1094 1890 immortalis
1108 1882 1118 1900 ,
1148 1854 1183 1889 in
1206 1853 1276 1889 alia
1298 1853 1470 1901 deinceps

812 1924 967 1961 corpora
988 1911 1216 1959 immigrare,
1258 1913 1368 1958 atque
1401 1909 1473 1946 ite-

811 1981 891 2005 rum
912 1969 950 2004 in
969 1968 1166 2004 humanum
1183 1980 1313 2017 corpus
1331 1966 1472 2012 redire3

813 2030 851 2062 et
871 2025 966 2061 hunc
988 2025 1175 2061 circuitum
1197 2023 1338 2061 absolvi
1362 2022 1473 2059 trium

812 2081 962 2119 millium
986 2093 1163 2118 annorum
1193 2080 1314 2131 spatio
1327 2081 1366 2126 ,“
1379 2080 1404 2099 ‘⁴
1433 2082 1474 2116 et

814 2139 886 2175 sint
911 2137 1086 2188 Aegyptii
1111 2150 1186 2174 non
1216 2141 1292 2174 tam
1323 2137 1475 2173 Immor-

814 2194 965 2233 talitatis
986 2224 998 2242 ‚
1040 2206 1150 2244 quam
1175 2192 1475 2244 Metempsycho-

815 2265 897 2289 seos
924 2252 1133 2289 auctores.“
1178 2251 1283 2288 Haec
1302 2250 1475 2298 W'ytten-

814 2308 962 2346 bachius
994 2308 1180 2359 planeque
1211 2308 1259 2344 ad
1291 2307 1368 2345 eius
1390 2319 1476 2344 sen-

815 2366 971 2403 tentiam
994 2370 1128 2415 postea
1150 2363 1368 2401 Lareherus.
1426 2363 1476 2400 Et

814 2423 896 2471 quis
924 2422 1070 2460 dubitet
1094 2422 1188 2459 hanc
1216 2421 1322 2458 unice
1350 2433 1476 2458 veram

813 2479 1090 2528 legitimamque
1129 2478 1324 2515 verborum
1353 2477 1476 2515 Hero-

814 2536 1008 2573 doteorum
1018 2535 1358 2585 interpretationem
1369 2532 1476 2571 esse?

816 2591 867 2628 Et
896 2605 982 2629 vero
1000 2620 1011 2639 ‚
1048 2592 1238 2629 Hecataeo
1267 2595 1306 2628 et
1328 2590 1475 2627 Arista-

817 2661 910 2697 gora
936 2661 979 2686 ac
1003 2647 1230 2686 Manethone
1251 2648 1476 2694 auctoribus,

816 2705 888 2742 alio
900 2705 980 2742 loco
993 2706 1061 2742 hoc
1077 2706 1156 2755 ipse
1174 2705 1367 2742 confirmat
1383 2704 1476 2741 Dio-

817 2775 932 2811 genes
956 2762 1123 2799 Laertius
1148 2761 1187 2809 I,
1218 2763 1288 2802 11:
1327 2775 1402 2811 την
1433 2757 1476 2798 δὲ

817 2832 899 2857 των
943 2818 1179 2882 Αἰγυπτίων
1226 2816 1476 2867 φιλοσοφίαν

820 2871 924 2913 εἶναι
947 2870 1138 2924 τοιαύτην
1153 2895 1211 2902 -—
1231 2895 1288 2902 —
1310 2888 1384 2924 την
1397 2882 1477 2923 ψυ-

820 2928 894 2982 χήν
923 2930 991 2971 καὶ
1017 2929 1287 2983 ἐπιδιαμένειν
1311 2928 1377 2969 καὶ
1411 2943 1475 2980 με·
