1805 3315
380 240 436 281 58
784 241 1257 282 HERODOTI

354 348 607 404 5προϊέντα,
645 350 790 406 ψυχὴν
825 350 871 393 δὲ
908 351 1266 407 παραιτεόμενον.
1307 352 1455 398 οὔκων
1491 353 1544 410 δή
1583 355 1670 399 πεί-

377 434 477 473 θειν
509 427 647 472 αὐτὸν
673 428 893 472 τούτοισι·
935 428 1043 473 ἀλλὰ
1082 430 1271 475 κελεύειν
1308 433 1414 484 τούς
1442 433 1670 489 πορθμέας

376 507 407 564 ἢ
436 506 571 551 αὐτόν
600 508 864 563 διαχρᾶσθαί
891 524 983 564 μιν,
1025 506 1085 561 ὠς
1125 509 1182 554 ἂν
1210 515 1352 567 ταφῆς
1380 511 1427 555 ἐν
1458 517 1514 571 γῇ
1543 512 1713 570 τύχῃ,4ο

353 586 405 644 6ἢ
443 586 638 644 ἐκπηδᾷν
676 587 719 638 ἐς
761 586 842 643 τήν
880 587 1112 632 θάλασσαν
1143 588 1224 646 τὴν
1252 592 1465 647 ταχίστην.
1496 591 1667 650 ἀπειλη-

373 665 511 709 θέντα
555 665 601 710 δὲ
639 665 718 711 τὸν
751 666 924 722 Ἀρίονα
965 668 1008 720 ἐς
1045 667 1253 726 ἀπορίην,
1299 669 1666 728 παραιτήσασθαι,

372 744 521 802 ἐπειδή
570 756 649 802 σφι
698 745 813 790 οὕτω
851 748 1021 802 δοκέοι,
1071 747 1300 805 περιϊδέειν
1348 747 1485 794 αὐτόν
1523 750 1571 794 ἐν
1612 754 1667 805 τῇ

374 829 510 882 σκευῇ
563 823 682 884 πάσῃ
733 825 895 871 στάντα
943 828 992 873 ἐν
1043 833 1158 872 τοῖσι
1205 828 1446 882 ἑδωλίοισι,
1502 827 1665 873 ἀεῖσαι·

330 1022 447 1058 Gaisf.
486 1022 758 1072 anteposuimus
796 1023 982 1061 meliorum

327 1078 500 1115 librorum
521 1079 745 1116 aucton'tate.
759 1101 815 1107 -—
830 1080 889 1118 De
901 1080 982 1119 δια-

329 1137 505 1186 χρᾶσθαι
536 1135 781 1187 (ιἠΐρζῄςενε)
825 1138 919 1174 conf.
952 1137 982 1185 Ι,

331 1194 413 1233 110
433 1192 519 1241 ibiq.
536 1197 612 1229 not.

386 1243 655 1298 απειληθέντα
678 1245 721 1287 δὲ
744 1245 810 1288 τὸν
827 1244 985 1300 Ἀρίονα

327 1302 370 1350 ἐς
392 1299 590 1355 ἀπορίην]
622 1306 644 1342 i.
669 1319 699 1344 e.
726 1335 751 1352 „
760 1306 986 1343 Arzonemacl

328 1360 393 1397 has
411 1365 599 1410 angustzas
618 1376 646 1399 s.
660 1362 707 1399 ad
724 1363 813 1400 Ιιαιισ
830 1365 984 1412 mopiam

327 1418 555 1455 redactum.“
597 1435 621 1457 α
633 1434 662 1458 π
672 1433 689 1458 ε
700 1434 713 1457 ι
725 1418 776 1457 λ’
758 1434 776 1458 ε
789 1434 818 1457 ω
852 1419 905 1456 uti
941 1414 983 1458 ἆ-

327 1475 473 1513 πείλλω
494 1476 624 1513 eadem
644 1476 825 1526 primitiva
844 1475 983 1513 volven-

327 1531 368 1568 di
378 1561 389 1579 ,
427 1531 602 1578 vertendi,
640 1533 725 1570 dein
749 1533 982 1582 compellendi,

326 1589 506 1625 coercendi
521 1589 785 1637 significatione
797 1619 807 1636 ‚
826 1590 983 1626 illustra-

325 1650 476 1692 verunt,
505 1649 677 1682 monente
698 1645 728 1682 C
733 1659 775 1694 r.‚
787 1646 982 1683 Ruhnken.

326 1706 438 1751 atque
462 1701 714 1740 Hemsterhus.
747 1705 796 1740 ad
837 1703 982 1740 Timaei

326 1757 417 1796 Lex.
440 1758 584 1795 Platon.
612 1771 648 1808 p.
671 1760 724 1799 69
743 1773 826 1809 sqq.
864 1759 982 1796 Hein-

302 1865 305 1867 ,
326 1815 421 1851 dorf.
442 1816 489 1851 ad
511 1815 653 1852 Platon.
679 1815 795 1865 Gorg.
825 1830 862 1867 p.
884 1816 980 1856 259.

325 1869 422 1908 Add.
445 1871 575 1908 Matth.
590 1870 625 1922 §-
645 1872 730 1911 233
748 1877 823 1911 not.
835 1887 871 1923 p
887 1872 980 1913 455.

381 1927 594 1979 περιῑδέειν
607 1922 725 1967 αὐτὸν
738 1928 779 1969 ἐν
798 1932 847 1983 τῇ
859 1931 983 1984 σκευῇ

324 1996 436 2052 πασῃ
460 1980 606 2023 στάντα
627 1983 668 2023 ἐν
690 1989 793 2024 τοῖσι
809 1985 981 2025 ἑδωλίοι-

325 2054 386 2089 σι,
412 2037 524 2080 αεῐσα
528 2040 568 2092 ι]
599 2040 659 2077 Ad
678 2043 981 2080 constructionem

324 2098 416 2146 loci,
444 2099 506 2135 ubi
526 2102 672 2148 praeter
693 2112 830 2136 morem
857 2100 979 2137 infini-

322 2155 416 2192 tivus
435 2155 546 2192 verbo
566 2157 832 2206 περιορᾶσθαι
846 2185 855 2203 ,
879 2157 979 2206 quod

326 2212 425 2249 idem
446 2211 542 2248 valet
572 2216 681 2260 atque
704 2211 773 2250 ἐᾶν
787 2244 798 2259 ,
829 2213 975 2250 additus

325 2272 402 2315 est,
423 2269 519 2307 conf.
539 2267 669 2304 Matth.
691 2267 727 2319 ἓ.
745 2271 827 2311 550
841 2275 914 2307 not.
937 2272 975 2310 3

325 2323 486 2361 Vocibus
533 2323 575 2363 ἐν
621 2326 671 2378 τῇ
710 2328 832 2380 σκευῇ
868 2321 976 2380 πάσῃ

324 2393 469 2418 omnem
496 2381 693 2419 solemnem
722 2384 912 2431 poetarum
941 2387 978 2419 et

325 2437 613 2476 citharoedarum
635 2443 800 2474 ornatum
821 2439 867 2475 ab
898 2439 977 2476 He-

325 2494 456 2530 rodoto
476 2494 627 2543 exprimi
655 2499 778 2531 monet
810 2494 890 2541 Cr„
915 2496 977 2543 qui

324 2547 449 2587 laudat
483 2550 671 2599 W'yttenb.
711 2552 759 2588 ad
795 2551 974 2587 Plutarch.

323 2604 454 2643 Moral.
463 2606 732 2644 Animadverss.
752 2607 780 2654 I,
793 2610 818 2647 2
830 2621 866 2657 p.
878 2609 972 2649 982-

323 2661 575 2702 Hemsterhus.
635 2664 683 2700 ad
726 2663 877 2701 Lucian.
937 2663 972 2700 II

323 2731 360 2768 p.
384 2721 462 2759 371
498 2732 553 2768 sq.
585 2719 643 2757 ed.
672 2719 756 2770 Bip.
802 2720 971 2770 Inprimis

323 2787 408 2811 vero
434 2774 491 2810 hic
519 2775 648 2812 stolam
678 2776 773 2813 illam
795 2777 972 2814 citharoe-

323 2831 451 2867 darum
470 2831 518 2867 ad
535 2831 627 2868 tales
645 2845 764 2880 usque
785 2834 971 2883 pertinen-

320 2891 394 2925 tem
403 2916 414 2935 ‚
425 2886 525 2925 cuius
545 2900 676 2926 nomen
689 2883 972 2940 ὄρθοσταδίας,

1051 1018 1318 1076 ὄρθοστοίδιος
1347 1037 1377 1063 s,
1409 1021 1455 1064 το“
1473 1018 1707 1077 ὀρθοστάδι-

1052 1096 1118 1129 ον,
1137 1081 1332 1130 significari
1351 1082 1475 1121 credo.
1531 1081 1591 1119 De
1621 1094 1707 1130 qua,

1051 1139 1182 1176 eodem
1208 1138 1238 1174 C
1248 1151 1276 1174 r.
1295 1142 1466 1175 monente
1481 1168 1492 1186 ‚
1512 1139 1605 1176 conf.
1621 1137 1707 1174 Pol-

1050 1195 1110 1231 lux
1150 1195 1341 1233 Onomast.
1375 1194 1466 1242 VII,
1508 1196 1575 1235 48.
1633 1194 1707 1232 Dio

1054 1251 1206 1288 Cassius
1227 1250 1369 1298 LXIII,
1395 1253 1446 1291 17
1467 1264 1504 1301 p.
1523 1251 1704 1300 999ibiq.

1051 1311 1128 1344 not.
1185 1307 1356 1344 LorentZ.
1379 1307 1401 1344 l.
1421 1307 1444 1344 l.
1466 1320 1554 1358 pag.
1577 1311 1630 1349 12
1659 1308 1707 1345 de

1052 1367 1182 1401 ornatu
1223 1368 1409 1401 cantorum
1440 1369 1603 1401 vetemm
1628 1363 1707 1401 lau-

1052 1422 1116 1457 ‹lat
1130 1421 1268 1469 Gierig.
1282 1421 1330 1456 ad
1339 1420 1447 1459 Ovid.
1459 1419 1705 1470 Metamorph.

1049 1476 1127 1525 IX,
1150 1478 1242 1518 165.
1261 1477 1310 1514 ad
1326 1476 1428 1514 Fast.
1448 1476 1504 1523 ΙΙ,
1529 1477 1623 1517 105.
1644 1476 1705 1513 Ad

1049 1546 1174 1571 vocem
1196 1529 1340 1583 σκευή,
1371 1546 1466 1582 quae
1490 1533 1636 1570 omnino
1657 1532 1705 1570 de

1049 1591 1208 1628 vestibus
1252 1589 1466 1626 histrionum
1508 1590 1704 1640 praecipue

1049 1651 1263 1696 usurpatur,
1309 1645 1406 1683 idem
1460 1646 1490 1683 C
1498 1659 1526 1683 r.
1563 1647 1705 1683 confert

1048 1703 1212 1742 Pierson.
1235 1707 1326 1740 nott.
1348 1703 1396 1739 ad
1416 1702 1534 1740 Moer.
1563 1716 1599 1753 p.
1623 1705 1702 1749 223

1049 1761 1098 1796 ad
1116 1773 1192 1797 rem
1212 1760 1330 1809 ipsam
1349 1759 1543 1809 adscripsit
1569 1761 1702 1809 poetae

1047 1816 1166 1853 locum
1188 1817 1287 1866 apud
1315 1815 1478 1852 Mallium
1509 1815 1699 1853 Theodor.

1049 1874 1097 1910 de
1117 1873 1240 1910 metris
1255 1886 1290 1922 p.
1315 1875 1388 1913 30:
1411 1872 1572 1919 „Celsus
1590 1884 1700 1921 eque,

1051 1928 1243 1966 Phoenicia
1266 1933 1359 1966 veste
1378 1929 1497 1966 nitens
1511 1958 1522 1976 ‚
1555 1929 1631 1965 ibat
1646 1926 1700 1964 A-

1048 1987 1168 2034 rion,“
1189 1987 1235 2023 de
1247 1999 1319 2035 quo
1330 1985 1526 2024 Ruhnken.
1540 1985 1698 2035 Opuscc.

1046 2042 1081 2080 II
1112 2058 1149 2094 p.
1175 2045 1258 2085 712
1287 2043 1345 2080 ed.
1377 2042 1485 2081 Leid.
1526 2039 1699 2080 ἑδωλί-

1048 2115 1068 2139 ο
1084 2112 1131 2138 ισ
1143 2114 1156 2138 ι
1203 2100 1332 2137 merito
1379 2098 1502 2150 plures
1541 2097 1699 2135 retinent

1044 2157 1151 2194 codd.
1182 2161 1218 2194 et
1245 2156 1462 2193 novissimae
1497 2155 1697 2192 editiones:

1045 2209 1228 2252 ἒδιόλοισι
1246 2226 1266 2249 e
1293 2211 1461 2250 Mediceo
1489 2212 1581 2249 libro
1603 2211 1697 2249 male

1043 2275 1165 2307 tuetur
1191 2269 1420 2306 Gronovius:
1459 2273 1546 2305 sunt
1575 2272 1697 2305 autem

1046 2322 1213 2375 ἓδωλια,
1233 2326 1359 2362 εειῖίίια
1381 2339 1411 2364 s.
1436 2341 1484 2364 τα
1505 2326 1577 2375 τῆς
1596 2338 1697 2371 νεως

1046 2380 1163 2434 ζυγα,
1216 2377 1279 2432 ἐφ’
1309 2384 1365 2421 ών
1397 2381 1437 2421 οἷ
1470 2380 1695 2433 ἐρέσσοντες

1044 2437 1305 2487 καθέζονται,
1341 2443 1383 2475 ut
1408 2438 1565 2476 Glossae
1593 2441 1694 2475 vete-

1042 2509 1122 2541 res·,
1152 2495 1255 2545 plura
1283 2495 1383 2531 dabit
1407 2493 1613 2531 Blomfield.
1654 2493 1692 2530 in

1044 2552 1207 2587 Glossar.
1226 2553 1273 2589 ad
1290 2550 1457 2598 Aeschyl.
1478 2551 1516 2587 S.
1528 2564 1558 2587 c.
1571 2549 1690 2587 Theb.

1041 2608 1138 2648 451.
1195 2607 1252 2644 Ex
1280 2606 1491 2655 Etymolog.
1528 2606 1689 2645 Gudian.

1040 2677 1078 2715 p-
1120 2666 1222 2711 161,
1279 2665 1329 2703 13
1385 2663 1450 2700 Cr.
1494 2662 1586 2700 haec
1624 2662 1691 2699 ad-

1039 2720 1204 2770 scripsit.
1235 2715 1378 2758 ἑδώλια
1406 2717 1472 2758 ἐπὶ
1490 2734 1572 2758 των
1595 2734 1690 2758 ναυ-

1038 2778 1160 2815 τικῶν
1188 2776 1420 2827 καθεδρῶν·
1468 2791 1576 2828 παρα
1613 2790 1689 2828 γαρ

1038 2835 1112 2872 τοῦ
1132 2832 1201 2879 ε’ζω
1221 2829 1492 2898 ζυγακυρίως,
1523 2833 1689 2884 εἰτατῆς

1038 2886 1133 2941 νηὸς
1152 2884 1262 2942 §vya-
