1814 3315
318 229 399 272 152
729 216 1195 259 HERODOTI

290 335 553 393 Ξθυγατὲρα.
596 330 667 376 οἷα
698 329 744 374 δὲ
773 330 943 373 παίδων
971 329 1015 373 τέ
1046 330 1087 372 οῖ
1115 325 1401 381 ὑπαρχόντων
1430 338 1577 378 νεηνι-

319 417 422 469 έων,
455 415 526 458 καὶ
555 408 800 467 λεγομένων
829 408 1018 465 ἐναγέων
1049 407 1160 450 εἶναι
1190 409 1276 448 τῶν
1302 403 1577 457 Ἀλκμαιωνι-

321 496 449 545 ὁέων,
481 491 534 535 οὐ
564 488 832 548 βουλόμενός
871 491 914 532 οἱ
942 488 1148 544 γενέσθαι
1179 485 1224 528 ἐκ
1254 487 1328 540 τῆς
1357 480 1578 537 νεογάμου

291 572 528 632 3γυναικὸς
567 571 721 622 τέκνα,
769 566 962 625 ἐμίσγετό
1008 569 1050 611 οἱ
1080 563 1134 609 οὐ
1175 563 1286 608 κατά
1316 561 1468 619 νόμον.
1526 560 1579 604 τὰ

321 653 398 710 μέν
431 667 515 695 νυν
543 653 695 704 πρῶτα
734 648 917 702 ἔκρυπτε
960 651 1095 690 ταῦτα
1133 642 1160 700 ἡ
1191 641 1323 699 γυνή·
1383 641 1486 697 μετὰ
1520 640 1637 693 δὲ,50

323 734 403 776 εἴτε
434 729 687 786 ἱστορεύσῃ,
716 729 797 771 εἴτε
827 726 902 770 καὶ
930 724 1006 777 οὔ,
1048 723 1202 780 φράζει
1231 726 1283 779 τῇ
1315 721 1476 777 ἑωυτῆς
1506 737 1581 776 μη-

297 812 418 865 4τρί·
462 809 490 865 ἡ
521 809 587 862 δὲ,
620 810 681 864 τῷ
709 807 846 860 ἀνδρί.
907 804 985 848 τόν
1015 804 1061 847 δὲ
1091 800 1237 847 δεινόν
1272 817 1313 843 τι
1341 800 1455 855 ἔσχε,
1497 798 1585 842 ἄτι-

325 889 534 944 μάζεσθαι
571 887 682 941 πρὸς
730 883 1059 939 Πεισιστράτου.
1120 879 1231 936 ὀργῇ
1267 878 1334 930 δὲ,
1382 876 1441 928 ὦς
1481 876 1584 933 εἶχε,

298 968 642 1012 5καταλλάσσετο
671 965 752 1021 τήν
782 964 944 1019 ἔχθρην
972 966 1084 1005 τοῖσι
1115 957 1385 1014 στασιώτῃσι.
1429 955 1587 1012 μαθών

327 1049 372 1092 δὲ
401 1048 425 1091 ὁ
458 1048 770 1101 Πεισίστρατος
808 1042 862 1086 τά
892 1039 1130 1096 ποιεύμενα
1160 1036 1221 1081 ἐπ’
1253 1037 1400 1094 ἑωυτῷ
1411 1069 1422 1087 ,
1453 1035 1586 1080 οἷπαλ-
1598 1044 1643 1078 55

327 1126 506 1171 λάσσετο
536 1126 583 1170 ἐκ
611 1129 685 1182 τῆς
712 1122 853 1180 χώρης
889 1120 939 1165 τὸ
977 1118 1199 1175 παράπαν.
1250 1114 1512 1173 ἀπικόμενος
1541 1115 1588 1160 δὲ

275 1358 429 1396 rumque
475 1347 521 1384 de
568 1347 728 1385 foemina
774 1345 927 1391 dicatur,

276 1415 365 1453 quae
382 1416 416 1440 se
444 1403 501 1451 (in
526 1403 814 1451 matrimonium)
845 1400 929 1437 duca·

271 1462 433 1509 patitur,
479 1472 545 1497 seu
577 1462 655 1496 viro
678 1459 788 1496 nubit.
828 1458 927 1494 Citat

278 1516 344 1553 Cr.
372 1517 508 1564 Odyss
537 1516 612 1564 XI,
643 1517 725 1557 273
744 1515 829 1564 ibiq.
850 1513 926 1549 Eu-

277 1572 386 1609 stath.
433 1585 469 1622 p.
508 1571 610 1618 434,
648 1572 701 1613 46
737 1571 848 1608 Basil.
896 1574 932 1606 et

279 1628 412 1665 'thom
441 1627 609 1678 Magistr.
631 1640 718 1679 pag.
748 1629 827 1668 191
848 1640 876 1662 S·
897 1638 929 1661 V·

277 1686 414 1737 Υῆμαι·

335 1738 557 1791 λεγομένων
607 1738 780 1793 ἐναγέων
830 1733 933 1777 εἶναι

279 1800 358 1837 τῶν
377 1793 730 1867 Ἀλκμαιωνιδέων]
758 1795 933 1845 Appella-

280 1855 415 1892 tionem
451 1852 622 1905 ἐναγέων
672 1854 752 1904 ipse
795 1851 933 1889 Noster

282 1910 436 1962 explicat
458 1910 506 1957 V,
527 1913 594 1957 70,
614 1910 676 1947 ubi
701 1909 774 1946 vid.

337 1961 514 2019 ἐμίσγετό
542 1965 583 2006 οἷ
611 1961 669 2005 ου’
696 1980 819 2004 κατα
847 1958 933 2003 νό-

284 2021 390 2075 μον]
430 2022 541 2072 Apud
566 2022 762 2073 Uipianum
791 2022 829 2058 in
856 2020 933 2058 De-

283 2079 415 2117 mosth.
448 2078 600 2116 Midian.
631 2079 698 2116 hac
727 2079 775 2116 de
802 2090 842 2114 re
874 2089 934 2114 re-

284 2137 459 2174 ferentem
502 2134 674 2183 legimus:
734 2129 935 2186 χρώμενος

285 2186 391 2246 αὐτῇ
437 2188 567 2242 παρεὶ
620 2186 806 2239 φύσιν,
873 2189 936 2226 ubi

284 2251 438 2296 uterque
481 2246 634 2298 scriptor
674 2260 750 2285 rem
793 2251 935 2296 turpem

286 2304 448 2340 indicare
466 2316 573 2353 quam
593 2303 770 2353 explicare
799 2302 936 2340 maluit.

286 2359 451 2397 Pertinet
481 2360 576 2397 enim
621 2359 690 2397 hoc
726 2360 774 2397 ad
813 2359 936 2395 titium

287 2415 409 2462 istud,
445 2427 517 2463 quo
540 2416 603 2451 viri
630 2417 808 2465 sequioris
829 2427 936 2452 sexus

289 2472 383 2509 vices
407 2472 583 2518 subeunt,
612 2472 745 2521 pathici
774 2472 860 2508 inde
881 2470 936 2507 di-

289 2527 348 2565 cti.
387 2526 467 2564 Nee
494 2527 562 2563 alio
588 2529 697 2565 modo
717 2528 772 2564 hic
791 2527 938 2574 semina,

292 2595 401 2632 quam
423 2583 566 2632 pathico
594 2596 681 2620 usus
711 2585 852 2621 videtur
875 2583 938 2620 Pi-

291 2640 469 2676 sistratus.
501 2639 607 2675 Conf.
627 2639 670 2676 C.
689 2640 735 2676 G.
762 2640 884 2676 Stark.
901 2639 939 2675 in

291 2694 434 2732 Prolus.
455 2694 502 2731 de
522 2690 653 2747 νούσῳ
673 2696 818 2750 θηλείοι
840 2696 940 2747 apud

292 2749 691 2792 Herodot.len.1827
719 2765 805 2802 pag.
825 2752 863 2793 5.

370 2802 443 2845 τόν
488 2803 532 2844 δὲ
575 2802 709 2846 δεινόν
763 2823 801 2846 τι
840 2806 937 2858 ε’,σχε

295 2857 574 2914 ατιμάζεσθαι]
611 2863 669 2901 De
695 2863 802 2902 huius
821 2864 940 2902 infini-

993 1342 1056 1379 tivi
1101 1341 1264 1388 ratione,
1313 1341 1374 1389 qui
1416 1340 1566 1378 subiecti
1607 1344 1647 1377 ut

992 1399 1093 1436 aiunt
1120 1398 1197 1434 loco
1230 1397 1277 1434 ad
1320 1392 1454 1436 δεινόν
1490 1412 1528 1436 τι
1563 1395 1647 1446 ἔσχε

993 1455 1175 1505 pertinere
1195 1454 1349 1502 videtur,
1365 1453 1500 1491 consul.
1515 1453 1646 1490 Matth.

997 1510 1034 1562 ἓ.
1060 1511 1163 1557 534,
1195 1524 1217 1548 a
1242 1523 1328 1560 pag.
1359 1510 1478 1551 1044.
1509 1509 1569 1546 Ad
1594 1509 1648 1545 lo-

999 1569 1178 1605 cutionem
1199 1568 1292 1604 conf.
1313 1566 1469 1603 Pausan.
1491 1566 1555 1613 IV,
1580 1565 1649 1613 25,

1001 1623 1039 1674 ἓ.
1052 1628 1087 1670 1,
1107 1623 1167 1660 1ὼί
1187 1623 1302 1659 nostri
1321 1623 1390 1660 loci
1405 1623 1503 1660 haud
1524 1623 1650 1660 imme-

1000 1693 1080 1717 mor
1096 1681 1163 1716 fuit
1179 1679 1347 1717 Siebelis.

1057 1731 1154 1791 ὀργῇ
1177 1733 1239 1784 δὲ,
1283 1733 1336 1782 (ὅς
1362 1730 1465 1785 εἶχε]
1503 1736 1654 1773 recurrit

997 1792 1130 1830 locutio
1163 1792 1201 1839 I,
1243 1792 1343 1839 114,
1383 1793 1484 1829 cuius
1515 1792 1583 1829 loci
1620 1793 1652 1828 si

999 1862 1138 1887 memor
1160 1849 1291 1885 fuisset
1309 1848 1547 1897 Schaeferus,
1576 1862 1651 1886 non

999 1906 1205 1956 scripsisset
1241 1900 1361 1956 ὀργῆς
1394 1902 1438 1944 δὲ
1474 1903 1528 1951 ὥς
1560 1901 1651 1956 εἶχε,

999 1963 1067 2000 sed
1085 1962 1353 1998 distinctionem
1371 1962 1556 2012 posuisset
1566 1966 1654 2012 post

1001 2016 1062 2065 δὲ,
1092 2017 1235 2067 qualem
1258 2030 1353 2055 nunc
1369 2019 1530 2055 additam
1550 2019 1654 2057 vide-

1000 2088 1093 2112 muS.
1123 2075 1176 2112 Ut
1195 2074 1291 2111 enim
1309 2074 1438 2111 dicitur
1462 2072 1517 2121 ὥς
1536 2070 1655 2127 ὀργῆς

1002 2130 1102 2182 ἔχειν
1115 2132 1179 2178 (cf.
1203 2131 1333 2167 Matth.
1349 2129 1385 2181 ᾗ.
1407 2132 1490 2172 337
1510 2144 1547 2181 p.
1570 2135 1653 2174 643

1003 2187 1102 2237 seq.)
1132 2188 1184 2224 ita
1205 2200 1273 2225 nec
1301 2187 1465 2234 dativus,
1495 2201 1568 2237 quo
1595 2189 1654 2227 hie

1001 2245 1092 2282 ratio
1153 2257 1182 2280 s.
1237 2243 1369 2280 modus
1433 2245 1656 2294 exprimitur,

1003 2301 1203 2350 quidquam
1230 2300 1362 2346 habet,
1392 2313 1465 2349 quo
1488 2301 1655 2339 offenda-

1001 2358 1063 2394 ris
1092 2378 1148 2384 ——
1175 2354 1265 2392 Mox
1283 2352 1518 2410 στασιώτῃσι
1537 2358 1575 2394 in
1590 2358 1656 2395 ali-

1003 2417 1092 2463 quot
1122 2412 1221 2449 libris
1255 2416 1432 2449 mutatum
1469 2413 1507 2448 in
1544 2425 1655 2465 στρα-

1003 2464 1179 2522 τιώτῃσι,
1207 2468 1305 2505 haud
1324 2480 1406 2504 rara
1426 2470 1654 2517 confusione,

1005 2527 1052 2563 de
1077 2537 1149 2574 qua
1177 2524 1397 2572 VVesseling.
1421 2525 1469 2560 ad
1487 2525 1521 2560 h.
1544 2524 1568 2562 l.

1062 2575 1298 2631 απικόμενος
1324 2554 1399 2618 ὅς’
1382 2595 1422 2626 ες
1439 2575 1658 2632 Ἐρέτριαν]

1005 2637 1243 2686 Intelligenda
1271 2640 1329 2673 est
1353 2637 1538 2674 Euboeica
1563 2638 1658 2676 Ere-

1006 2695 1095 2741 tria,
1123 2706 1203 2731 cum
1233 2705 1277 2730 ex
1296 2692 1449 2730 Euboea
1468 2695 1656 2743 profectus

1007 2750 1218 2787 Pisistratus
1239 2749 1358 2786 denuo
1383 2749 1570 2788 invaderet
1588 2749 1657 2787 At-

1006 2807 1134 2853 ticam,
1168 2809 1314 2843 auctore
1340 2805 1525 2855 Polyaeno
1552 2807 1656 2845 Stra-

1006 2867 1078 2912 teg.
1105 2862 1142 2910 1,
1175 2865 1225 2905 21
1250 2860 1287 2914 §.
1315 2863 1350 2903 1.
