1814 3315
238 513 312 560 70
371 524 568 578 δωτίνην.

37 578 164 640 ctatern
167 587 187 621 3¹
202 579 297 608 Lace-

37 614 95 640 dae
78 621 144 653 emo
191 614 280 640 sroC
265 622 315 641 o-e

37 655 70 674 80
88 622 206 682 1111θὲ088,
223 647 314 676 luter-

39 685 153 717 ceptus.

364 260 448 301 18⁰

762 251 1234 293 HERODOTI

363 382 448 425 τῳ,
505 362 555 407 τό
600 365 685 406 νῦν
722 365 799 418 τῆς
838 366 1095 420 Λακωνικῆς
1138 363 1185 407 ἐν
1224 361 1420 417 Θόρνακι
1459 360 1634 416 ἵδρυται

365 443 633 493 ’Λπόλλωνος
647 456 656 465 ·

312 722 401 762 pro:
451 702 600 760 τούτῳ,
649 701 692 745 τὸ
727 705 895 756 Schwgh.
945 721 966 746 e

313 766 412 804 libris
433 763 613 801 nonnullis
632 763 747 800 edidit
766 765 882 802 τοῦτο
908 760 967 812 τό,

312 821 555 860 distinctionis
580 819 686 868 signo
724 823 808 857 ante
846 821 965 859 τοῦτο

312 879 446 930 posito.
487 875 569 915 Nos
605 875 724 914 Gaisf.
757 876 870 914 secuti
905 889 968 913 su-

312 947 406 972 mus.

369 986 413 1030 τό
443 991 522 1029 νῦν
554 990 627 1041 τῆς
656 990 900 1040 Λακωνικῆς
923 988 967 1028 ἐν

314 1043 489 1099 Θόρνακι
521 1045 678 1097 ἵδρυται
707 1041 965 1093 Ἀπόλλωνος]

311 1103 526 1140 Herodotus
553 1102 641 1139 nihil
662 1102 766 1150 dicit,
796 1116 882 1139 num
903 1115 968 1139 au-

312 1171 393 1197 rum
419 1172 441 1196 a
467 1159 609 1197 Croeso
629 1163 816 1209 acceptum
835 1172 968 1209 reapse

313 1217 364 1253 ad
407 1215 542 1253 hancce
588 1215 766 1265 Apollinis
809 1220 966 1253 statuam

313 1271 480 1309 collatum
501 1272 627 1317 fuerit3
657 1272 889 1309 sedPausan.
902 1271 966 1319 III,

316 1330 370 1369 10
391 1326 428 1378 §.
456 1330 507 1368 10
532 1327 727 1364 adhibitum
748 1341 830 1365 esse
850 1328 927 1365 vult
944 1340 966 1364 a

313 1382 615 1422 Lacedaemoniis
650 1383 690 1429 ἐς
718 1380 865 1435 κόσμον
893 1385 968 1423 τοῦ

315 1438 359 1480 ἐν
376 1434 589 1490 Ἀμύκλαις
613 1434 838 1492 α’γαλματος
867 1454 896 1477 s.
918 1440 968 1477 ad

313 1497 517 1534 ornandam
561 1496 739 1546 Apollinis
784 1496 967 1545 Amyclaei

313 1556 482 1589 statuam.
540 1552 652 1591 Unde
670 1553 756 1590 nihil
776 1558 970 1602 utrumque

314 1609 526 1658 scriptorem
563 1609 758 1647 dissentire
783 1610 970 1647 contendit

313 1664 481 1702 Siebelis.
509 1665 545 1701 in
565 1666 727 1702 adnotat.
760 1667 807 1702 ad
830 1665 968 1702 Pausa-

313 1721 397 1757 niae
412 1721 528 1758 locum
542 1734 578 1771 p.
602 1724 666 1763 28.
696 1722 861 1765 Quocum
880 1734 969 1759 con-

314 1777 418 1825 iungi
462 1777 597 1827 poterit
641 1777 818 1815 Athenaei
869 1778 969 1815 locus

314 1833 406 1881 (VI,
436 1832 462 1874 4
488 1847 525 1884 p-
544 1836 639 1881 232,
661 1834 714 1880 A)
744 1836 841 1873 unde
865 1838 969 1885 patet

313 1901 402 1926 auro
431 1902 520 1926 usos
549 1904 632 1928 esse
653 1889 966 1929 Lacedaemonios

313 1945 364 1982 ad
398 1945 534 1983 vultum
574 1946 752 1997 Apollinis
788 1960 832 1984 eo
862 1947 969 1984 indu-

314 2002 469 2038 cendum
491 2002 710 2055 (χρυσῶσαι
730 1995 990 2054 βουλόμενοι’
1010 2033 1016 2046 .

314 2053 360 2096 τό
402 2053 643 2109 πρόσωπον).
699 2059 810 2103 Quod
847 2059 967 2110 ipsum

310 2112 431 2150 minus
471 2115 661 2164 probabile
702 2116 846 2153 ridetur
886 2117 964 2152 xiro

312 2168 421 2205 Gallo
466 2171 595 2219 docto,
637 2172 875 2215 Quatremere
918 2172 966 2210 de

314 2224 480 2274 Quincy,
512 2227 573 2276 qui
591 2227 639 2264 ad
657 2227 766 2265 talem
785 2241 889 2265 usum
908 2228 967 2265 vix

312 2284 416 2318 tanto
444 2294 532 2319 auro
568 2297 660 2333 opus
686 2284 800 2322 fuisse
829 2288 966 2332 censet,

311 2340 352 2373 ut
407 2338 624 2376 extrinsecus
672 2340 711 2376 id
765 2341 966 2390 petendum

311 2393 430 2431 fuerit.
475 2394 565 2432 Inde
586 2396 634 2432 ad
653 2396 872 2433 Pausaniam
887 2409 966 2434 ma-

312 2449 370 2497 gis
408 2462 491 2488 sese
526 2451 705 2502 applicat,
766 2465 967 2502 aurumque

310 2507 521 2554 contendit,
568 2520 644 2545 non
679 2509 728 2545 ad
769 2509 965 2557 imaginem

311 2560 451 2611 ipsam,
489 2575 612 2601 verum
639 2565 688 2601 ad
705 2564 874 2602 thronum
903 2565 965 2614 qui

312 2619 515 2655 ornamenti
548 2632 656 2657 causa
680 2620 795 2657 multo
831 2625 918 2671 post
942 2633 965 2658 a

310 2671 487 2723 Bathycle
506 2678 647 2714 statuae
659 2689 857 2726 sanequam
873 2677 967 2714 mul-

309 2732 349 2766 tio
366 2730 561 2780 antiquiori
581 2733 690 2769 fuerit
711 2733 858 2770 additus
875 2733 919 2781 (i.
932 2747 964 2772 e.

307 2782 350 2831 ἒς
388 2781 541 2836 κόσμον
589 2790 664 2827 τοῦ
706 2784 964 2841 ἀγάλματος),

307 2840 508 2880 adhibitum
536 2842 661 2882 fuisse.
720 2844 831 2882 Unde
859 2845 963 2883 simul

306 2901 451 2950 tempus
468 2899 612 2937 definiri
630 2913 743 2951 posse
759 2906 878 2952 putat,
891 2914 964 2951 quo

714 444 909 496 Κροῖσος
961 442 1007 487 δέ
1052 453 1133 499 σφι
1178 440 1459 499 ὠνεομένοισι
1499 439 1632 485 ἔδωκε

633 519 815 565 Τούτων
843 537 888 566 τε
922 516 986 566 ὧν
1022 523 1184 566 εἵνεκεν
1214 523 1257 566 οἱ
1287 518 1631 577 Λακεδαιμόνιοι

1032 707 1226 758 Bathycles
1252 708 1416 746 floruerit
1446 706 1689 754 thronumque

1033 765 1131 802 illum
1153 765 1406 811 elaboraverit,
1436 763 1604 800 nimirum
1631 762 1689 798 in-

1035 823 1084 860 de
1126 822 1172 859 ab
1213 821 1360 871 Olymp.
1402 819 1435 856 L
1478 832 1595 868 usque
1640 818 1689 855 ad

1036 877 1186 928 Olymp.
1222 877 1316 924 LX,
1372 876 1424 912 ita
1460 880 1502 912 ut
1538 875 1689 912 thronus

1033 932 1215 984 Apollinis
1258 931 1442 981 Amyclaei
1486 943 1562 967 non
1604 935 1690 968 ante

1033 990 1168 1028 bellum
1199 989 1329 1026 Croesi
1357 1001 1438 1024 cum
1463 987 1562 1035 Cyro
1592 986 1690 1024 ince-

1033 1051 1120 1097 ptus
1155 1046 1275 1083 fuerit.
1332 1044 1447 1082 Vide:
1479 1041 1536 1080 Le
1553 1042 1691 1093 Iupiter

1035 1103 1232 1153 Olympien
1274 1115 1311 1152 p.
1353 1102 1445 1142 137.
1483 1102 1564 1141 200
1611 1112 1690 1148 seq-

1032 1159 1148 1197 Aliter
1183 1163 1307 1196 tamen
1347 1157 1509 1195 sensisse
1547 1156 1692 1193 videtur

1034 1217 1078 1254 C.
1100 1217 1147 1253 O.
1164 1215 1305 1252 Miiller.
1323 1212 1491 1261 (DorerI
1512 1226 1549 1263 p.
1572 1211 1690 1260 358),

1033 1273 1096 1322 qui
1142 1272 1360 1309 Pausaniam
1406 1273 1572 1316 secutus,
1629 1268 1692 1304 ubi

1033 1329 1212 1379 Apollinis
1235 1328 1431 1377 imaginem
1448 1326 1486 1363 in
1496 1325 1692 1364 Thornace

1035 1386 1165 1424 eodem
1202 1385 1336 1431 modo,
1387 1396 1460 1432 quo
1509 1380 1690 1432 Apollinis

1033 1441 1216 1491 Amyclaei
1255 1441 1476 1478 elaboratam
1514 1451 1597 1476 esse
1632 1449 1692 1475 re-

1034 1499 1130 1545 fert,
1171 1497 1351 1547 Apollinis
1376 1495 1480 1532 huius
1506 1495 1635 1533 faciem
1667 1505 1692 1530 a

1035 1553 1339 1593 Lacedaemoniis
1370 1553 1571 1589 inauratam
1601 1550 1691 1587 fuis-

1036 1625 1076 1649 se
1095 1611 1229 1648 scribit.
1287 1610 1381 1646 Utut
1408 1612 1487 1655 est,
1513 1606 1691 1658 Apollinis

1035 1671 1156 1704 statua
1172 1667 1210 1703 in
1235 1665 1430 1703 Thornace
1453 1663 1613 1710 condita,
1642 1661 1693 1699 si-

1035 1723 1184 1761 millima
1211 1721 1406 1771 Amyclaeo
1433 1719 1614 1771 Apollini,
1643 1718 1693 1756 ad

1034 1779 1326 1829 antiquissimam
1369 1781 1525 1815 aetatem
1574 1787 1692 1825 aeque

1034 1837 1218 1887 pertinere
1261 1835 1424 1882 videtur,
1485 1833 1692 1882 cultumque

1034 1894 1170 1930 referre
1196 1891 1484 1941 antiquissimum
1511 1888 1692 1940 Apollinis

1035 1949 1135 2000 a-pud
1163 1949 1386 1999 Spartanos,
1425 1947 1547 1997 stirpis
1578 1945 1692 1983 Dori-

1079 2018 1100 2043 e
1127 2009 1285 2054 gentem.
1317 2004 1425 2041 Conf.
1450 2004 1494 2041 C.
1523 2003 1571 2040 O.
1593 2000 1692 2038 Miil-

1035 2061 1100 2099 ler.
1129 2062 1146 2098 I
1174 2075 1211 2113 p.
1242 2062 1347 2108 249,
1376 2064 1486 2110 atque
1503 2058 1692 2108 Heynein

1034 2118 1192 2168 Opuscc.
1207 2116 1347 2155 Acadd.
1371 2116 1405 2154 V
1430 2130 1468 2166 p.
1494 2115 1578 2157 350
1597 2127 1691 2164 seq.,

1033 2175 1096 2223 qui
1121 2175 1228 2212 etiam
1255 2174 1470 2211 Herodoteo
1494 2172 1574 2209 loco
1601 2183 1692 2208 usus

1034 2235 1091 2267 est
1126 2231 1175 2267 ad
1212 2230 1348 2267 metalli
1387 2227 1613 2280 pretiosioris
1651 2227 1691 2264 in

1035 2286 1193 2325 Graecia
1241 2287 1430 2336 penuriam
1467 2285 1535 2322 illis
1593 2287 1692 2322 certe

1033 2343 1258 2394 temporibus
1288 2341 1655 2380 commonstrandam.

1228 2425 1261 2463 C
1274 2439 1341 2477 ap.
1369 2425 1489 2464 Lxx.

1088 2505 1242 2549 iozivcov
1259 2524 1300 2549 τε
1330 2504 1388 2549 ὧν
1407 2507 1571 2560 εἵνεκεν]
1601 2502 1692 2548 τού·

1031 2580 1112 2604 των
1139 2579 1219 2603 cum
1247 2567 1435 2604 Gaisford.
1466 2578 1511 2604 ex
1543 2565 1691 2616 optimis

1033 2621 1133 2659 libris
1153 2622 1330 2660 dedimus.
1360 2622 1482 2672 Vulgo
1505 2620 1690 2661 τουτέων.

1035 2678 1113 2715 Sed
1138 2680 1232 2715 conf.
1259 2678 1298 2727 Ι,
1321 2681 1387 2720 66.
1410 2681 1477 2721 68.
1510 2679 1605 2716 Cum
1626 2691 1692 2716 eo·-

1034 2734 1119 2772 dem
1151 2735 1269 2772 Gaisf.
1305 2736 1550 2773 revocavimus
1583 2728 1692 2786 ἦσαν

1034 2795 1072 2828 et
1102 2791 1312 2828 retinuimus
1352 2793 1453 2843 ἦγον
1480 2804 1552 2842 pro
1590 2790 1690 2840 vulg.

1033 2841 1144 2897 ἆγον.
1187 2847 1281 2884 Cum
1305 2849 1401 2885 enim
1428 2848 1467 2884 in
1492 2851 1691 2896 augmento

1032 2903 1238 2941 adiiciendo
1276 2904 1334 2942 vel
1378 2904 1581 2942 abiiciendo
1613 2916 1690 2941 non
