1759 3324
594 262 900 305 cL10.1.

1295 263 1379 302 383

116 382 319 439 βασσίης,
366 373 522 433 ἐούσης
551 388 597 419 τε
625 372 767 429 πάσης
793 374 869 428 τῆς
904 371 1104 427 Κνιδίης,
1150 371 1260 428 πλὴν
1290 368 1376 416 ὀλί-

115 478 212 518 γης,
252 455 510 513 περιρρόου·

576 453 657 507 (τὰ
694 452 772 509 μὲν
806 451 892 508 γὰρ
933 449 1068 507 αὐτῆς
1096 450 1207 506 πρὸς
1236 453 1379 507 βορῆν

115 538 277 594 ἄνεμον
288 568 298 588 ,
330 534 353 578 ὁ
386 531 655 588 Κεραμεικὸς
683 530 848 582 κόλπος
878 528 1078 586 ἀπέργει·
1110 529 1163 572 τοὶ
1193 530 1238 574 δὲ
1267 532 1434 585 πρός75

113 616 269 668 νότον,
298 612 324 670 ἦ
358 611 469 656 κατὰ
501 611 662 668 Σύμην
690 627 735 655 τε
763 610 837 654 καὶ
861 607 1018 653 Ῥόδον
1044 608 1249 654 θάλασσα
1260 612 1285 666 ·)
1327 609 1376 655 τὸ

112 689 174 739 ὧν
203 692 254 750 δὴ
286 691 437 749 ὀλίγον
465 695 622 745 τοῦτο,
654 689 729 734 ἐόν
760 689 868 734 ὅσον
896 705 940 733 τε
969 688 1038 733 ἐπὶ
1064 689 1189 733 πέντε
1209 689 1377 743 στάδια,

112 773 316 828 ὤρυσσον
346 773 391 816 οῖ
425 772 621 824 Κνίδιοι,
663 770 709 814 ἐν
739 769 827 825 ὅσῳ
853 768 1074 826 ’Ἅρπαγος
1102 769 1182 827 τήν
1205 767 1378 827 Ἰωνίην

108 851 443 908 κατεστρέφετο,
491 849 752 908 βουλόμενοι
790 853 928 906 νῆσον
966 848 1048 906 τὴν
1081 849 1228 907 χώρην
1255 854 1378 908 ποιῆ-

81 934 200 976 4σοιι.
250 931 372 984 ἐντός
402 932 448 976 δὲ
476 929 595 976 πᾶσά
625 941 705 987 σφι
733 928 923 987 ἐγένετο·
962 933 1017 987 τῇ
1045 929 1129 988 γάρ
1155 929 1183 988 ἡ
1213 933 1374 989 Κνιδίη
1388 940 1434 974 80

53 1119 100 1157 Is.
119 1119 270 1157 Vossius
299 1117 504 1157 coniecerat
530 1118 577 1155 ad
595 1116 708 1155 Pom-

52 1189 140 1227 pon.
160 1176 248 1214 Mel.
279 1176 317 1224 Ι,
348 1177 422 1221 16,
460 1176 512 1215 10
543 1174 706 1225 Βυβασ-

55 1233 156 1283 σίης.
191 1233 298 1269 Conf.
319 1231 471 1270 Diodor.
491 1230 562 1268 Sic.
586 1231 631 1278 V,
651 1234 704 1272 62

53 1289 140 1339 ibiq.
162 1288 382 1337 lVesseIing.
409 1287 501 1323 Plin.
518 1286 569 1324 H.
585 1286 635 1324 N.
658 1286 704 1334 V,

53 1347 109 1387 28
145 1348 181 1383 et
218 1345 326 1382 Ovid.
364 1342 609 1393 Metamorph.
636 1342 703 1391 ΙΧ,

52 1401 148 1443 642.
201 1401 356 1438 Sensum
378 1399 446 1437 loci
477 1403 575 1437 recte
597 1399 704 1437 intel-

52 1456 181 1495 lexisse
199 1457 342 1495 videtur
367 1455 592 1503 Larcherus,
622 1469 703 1493 cum

51 1513 102 1551 ita
119 1513 260 1551 verba
252 1513 354 1562 iungi
381 1512 502 1550 vellet:
531 1527 604 1578 ‘1:319
625 1514 702 1551 Βυ-

52 1565 264 1636 βασσίης’
239 1567 435 1621 αργμένης
457 1567 499 1608 ἐκ
517 1570 588 1618 τῆς
605 1570 703 1620 Χερ-

53 1621 251 1677 σονήσουτ
289 1626 314 1663 i.
347 1639 378 1664 e.
413 1638 490 1662 cum
517 1624 703 1662 Bubassus

51 1685 153 1732 regio
174 1696 198 1720 a
217 1682 419 1720 Chersoneso
439 1683 627 1732 inciperet,
647 1683 704 1718 in-

52 1740 101 1777 de
122 1743 222 1777 extra
235 1739 503 1777 Chersonesum
524 1739 593 1776 sita
614 1741 705 1786 erat,

52 1808 147 1846 quae
164 1796 244 1846 ipsa
262 1798 339 1832 tota
357 1796 406 1832 ad
416 1795 630 1833 Cnidiorum
649 1794 706 1832 di-

51 1852 186 1890 tionem
203 1852 410 1902 pertinebat
431 1856 488 1900 et,
519 1852 548 1888 si
565 1852 610 1889 ab
630 1863 705 1888 una

53 1920 170 1957 eaque
204 1908 335 1957 exigua
361 1912 467 1958 parte
492 1907 702 1946 discesseris

53 1964 147 2013 (scil.
166 1965 230 2012 ea,
261 1965 332 2014 qua
352 1977 432 2002 cum
466 1965 564 2003 terra
588 1964 704 2001 conti-

51 2021 153 2059 nenti
181 2021 370 2058 coniuncta
404 2023 506 2070 erat)
521 2050 532 2069 ,
570 2021 701 2058 circum

51 2077 144 2115 circa
175 2078 289 2115 ferme
327 2077 419 2115 mari
457 2081 535 2115 erat
574 2077 702 2115 cincta.

50 2132 106 2171 Ibi
147 2133 281 2184 igitur,
320 2134 383 2171 ubi
436 2134 702 2182 Chersonesus,

52 2202 147 2239 quae
172 2194 252 2227 tota
271 2190 487 2229 Cnidiorum
507 2195 605 2240 erat,
635 2191 702 2228 de-

51 2246 131 2294 siit,
167 2247 362 2298 incipiebat
387 2247 425 2284 in
460 2252 558 2286 terra
583 2247 702 2285 conti-

50 2303 151 2340 nenti
193 2303 380 2341 Bubassus
424 2304 548 2354 ibique
593 2303 701 2342 etiam

50 2358 216 2396 isthmum
240 2360 434 2410 perfodere
471 2362 703 2399 instituerunt

53 2413 184 2453 Cnidii.
221 2414 255 2453 A
270 2418 519 2467 septentrione
541 2418 702 2456 Cherso-

52 2482 178 2508 nesum
201 2472 307 2510 istam
331 2473 433 2511 alluit
458 2475 558 2511 sinus
585 2474 702 2512 Cera-

52 2526 186 2575 micus,
224 2529 286 2578 qui
314 2542 410 2568 nunc
435 2531 564 2568 dicitur
588 2530 700 2568 Golfo

54 2582 93 2618 di
112 2583 234 2622 Castel
248 2584 452 2633 Marmora·
479 2591 603 2625 vetere
631 2600 700 2638 ap-

53 2637 248 2687 pellatione
276 2616 509 2692 probabiliter
543 2645 702 2682 deducta

54 2693 101 2730 ab
121 2694 210 2733 urbe
240 2697 417 2748 Ceramo,
455 2712 550 2750 quae
579 2701 628 2737 ad
655 2700 700 2736 il-

52 2747 128 2786 lum
165 2751 231 2788 fuit
271 2759 469 2803 exstructa3
513 2756 702 2795 meridiem

53 2815 177 2842 versus
195 2819 306 2857 mare,
320 2812 420 2860 quod
443 2812 541 2850 iuxta
564 2813 703 2862 Symen

53 2863 92 2897 et
117 2859 285 2902 Rhodum
311 2870 389 2916 est,
433 2868 703 2909 Chersonesum

52 2914 258 2958 circumdat.

831 1112 881 1156 vo?
907 1113 980 1168 μὲν
1006 1113 1081 1170 γάρ
1105 1112 1230 1168 αὐτῆς
1247 1132 1284 1158 κ.
1306 1134 1338 1157 τ.
1369 1121 1402 1158 λ.
1415 1122 1429 1166 ]

775 1168 900 1224 αὐτῆς
927 1173 1001 1210 scil.
1037 1170 1301 1226 χερσονήσου,
1332 1177 1432 1241 quod

771 1243 883 1281 prave
906 1230 990 1266 olim
1025 1230 1129 1269 litera
1156 1230 1281 1268 initiali
1304 1234 1432 1270 maiori

772 1291 851 1324 erat
877 1287 1061 1336 scriptum.
1091 1307 1148 1314 —-
1149 1282 1331 1353 απέργει
1351 1303 1429 1327 cum

772 1343 890 1380 Gaisf.
927 1343 1014 1380 dedi
1037 1356 1106 1394 pro
1134 1337 1330 1398 απείργει,
1363 1347 1432 1383 ad-

770 1398 971 1436 dicentibus
999 1400 1114 1438 tribus
1138 1399 1249 1439 libris.
1289 1402 1430 1442 Confer

767 1455 807 1505 1,
835 1458 903 1497 72.

825 1508 855 1563 ἠ’
873 1508 973 1551 uate?
1000 1507 1148 1565 Σύμην
1183 1527 1225 1553 τε
1255 1512 1324 1554 καὶ
1352 1509 1428 1555 Ῥό-

771 1568 843 1607 δον
864 1565 1065 1618 θάλασσα]
1090 1570 1198 1621 Syme
1216 1571 1333 1609 insula
1349 1585 1428 1611 me-

769 1625 897 1662 ridiem
924 1639 1050 1664 versus
1082 1640 1104 1664 a
1124 1627 1259 1665 Cnidia
1291 1629 1430 1667 ditione

772 1682 864 1729 sita,
894 1695 962 1720 nec
989 1683 1071 1734 ipsa
1098 1683 1205 1722 valde
1235 1689 1377 1723 remota
1406 1698 1429 1723 a

770 1742 869 1776 terra
887 1740 1106 1788 continenti,
1127 1740 1221 1778 inter
1243 1742 1374 1779 Chium
1392 1746 1430 1780 et

771 1794 944 1832 Rhodum
963 1796 1128 1834 insulam.
1186 1797 1310 1836 Hodie
1338 1799 1430 1836 dici-

771 1855 832 1887 tur
871 1851 981 1903 Symo
1018 1867 1047 1890 s.
1075 1853 1210 1903 Symio.
1268 1854 1330 1892 Tu
1352 1856 1426 1894 vid.

772 1907 893 1945 VVass.
924 1909 972 1946 ad
1000 1909 1207 1958 Thucydid.
1237 1911 1344 1960 VIII,
1372 1911 1426 1953 41

773 1968 809 2002 et
833 1964 966 2015 Poppo
1005 1966 1054 2003 ad
1086 1966 1293 2016 Thucydid.
1326 1969 1369 2017 Ι,
1399 1972 1428 2010 2

769 2033 856 2071 pag.
878 2021 972 2062 471.

820 2074 1036 2129 ὤρυσσον]
1067 2078 1107 2115 id
1132 2082 1205 2116 est:
1242 2078 1428 2130 perfodere

769 2136 1043 2179 constituerunt;
1073 2135 1136 2172 ubi
1153 2136 1191 2172 in
1213 2136 1428 2187 imperfecto

767 2191 964 2230 voluntatis
984 2195 1095 2242 atque
1115 2196 1265 2230 conatus
1286 2194 1428 2243 signifi-

769 2248 864 2286 catio
889 2248 995 2287 inest‚
1055 2248 1164 2286 Conf.
1193 2249 1233 2297 I,
1255 2252 1310 2292 68
1335 2251 1424 2301 ibiq.

767 2309 845 2342 not.

827 2357 940 2408 ἐντός
967 2359 1010 2400 δὲ
1026 2356 1137 2401 πᾶσά
1157 2372 1229 2411 σφι
1249 2359 1423 2414 ἐγένετο]

769 2416 831 2456 Ad
861 2414 971 2466 ἐντὸς
999 2419 1129 2470 supple
1155 2420 1230 2458 τοῦ
1259 2419 1425 2471 ἰσθμοῦ,

768 2478 806 2513 et
830 2475 879 2512 ad
915 2477 1025 2514 πᾶσα
1059 2475 1220 2524 intellige
1257 2471 1367 2528 χώρη
1398 2475 1426 2528 ἦ

768 2531 930 2582 Κνιδίη.
966 2561 991 2580 ,,
1006 2532 1130 2570 Omnis
1151 2532 1350 2570 Cnidiorum
1367 2534 1423 2571 di-

767 2590 818 2626 tio
838 2590 936 2626 intra
953 2589 1120 2627 isthmum
1137 2589 1238 2627 illum
1257 2594 1333 2627 erat
1342 2590 1425 2640 (qui

770 2644 844 2682 scil.
861 2645 1089 2696 peninsulam
1099 2650 1218 2684 terrae
1228 2647 1426 2685 continenti

768 2701 986 2751 iungebat);
1015 2705 1069 2740 ita
1091 2706 1131 2740 ut
1150 2703 1202 2740 ibi
1222 2705 1426 2740 terminare-

770 2761 852 2806 tur,
891 2759 954 2796 ubi
990 2760 1139 2797 isthmus
1169 2759 1230 2796 ille
1264 2764 1426 2811 terraque

770 2814 879 2852 Asiae
897 2818 1073 2854 continens
1092 2817 1297 2866 inciperet.“
1320 2817 1425 2855 Haec

772 2871 804 2907 si
828 2875 977 2921 teneas,
1006 2874 1064 2910 vix
1087 2872 1161 2909 ulla
1187 2885 1278 2922 opus
1301 2885 1425 2910 emen-

771 2926 939 2976 datione3
969 2941 1056 2967 nam
1077 2928 1241 2968 certatim
1264 2928 1330 2966 viri
1357 2929 1424 2966 do-
