1759 3324
526 261 952 302 EUTERPE.
1004 262 1051 301 ΙΙ.

1325 264 1410 304 769

145 374 538 431 διαπεραιωθέντας
575 372 620 415 δὲ
656 371 734 415 τόν
763 370 961 426 ποταμὸν
989 372 1182 415 πλοίοισι
1209 370 1315 422 τούς
1343 372 1408 415 λί-

144 462 254 506 θους
285 454 464 507 ἑτέροισι
498 452 614 502 ἔταξε
646 450 914 499 ἐκδέκεσθαι,
945 451 1014 493 καὶ
1049 449 1158 506 πρὸς
1186 450 1238 495 τὸ
1266 453 1407 507 Λιβυ-

113 535 222 579 4κόν
251 531 518 586 καλεύμενον
548 530 676 583 ὅρος,
708 531 817 585 πρὸς
841 534 972 573 τοῦτο
994 529 1145 573 ἕλκειν.
1174 529 1407 587 ἐργάζοντο

141 616 186 658 δὲ
217 611 325 656 κατὰ
364 611 468 653 δέκα
505 607 723 666 μυριάδας
755 608 1006 664 ἀνθρώπων
1036 610 1118 652 αἰεὶ
1145 608 1224 665 τὴν
1252 611 1462 666 τρίμη-95

110 702 223 736 5νον
253 690 451 745 ἑκάστην.
513 689 676 745 χρόνον
707 689 752 732 δὲ
796 689 1045 744 ἐγγενέσθαι
1074 687 1316 746 τριβομένῳ
1345 693 1407 749 τῷ

137 777 252 830 λαῷ,
312 771 416 813 δέκα
455 769 534 825 μὲν
575 769 668 812 ἔτεα
708 773 782 824 τῆς
827 767 938 812 ὁδοῦ
986 769 1097 812 κατὰ
1143 768 1220 825 τὴν
1260 765 1407 812 εἷλκον

137 852 240 902 τοὺς
279 852 456 902 λίθους,
507 848 588 906 τήν
625 849 824 905 ἔδειμαν·
883 848 1013 903 ἔργον
1054 847 1126 892 ἐὸν
1162 845 1218 891 οὐ
1254 851 1405 906 πολλῷ

109 931 220 984 6τέῳ
252 930 435 974 ἔλασσον
465 933 540 985 τῆς
568 929 831 982 πυραμίδος,
874 927 932 979 ὦς
961 927 1056 984 ἐμοὶ
1086 925 1273 971 δοκέειν·
1313 929 1405 984 (τῆς

135 1011 219 1067 γοέρ
251 1014 388 1066 μῆκος
418 1008 497 1065 μέν
527 1010 606 1052 εἰσι
637 1007 761 1051 πέντε
793 1006 985 1051 στάδιοι·
1037 1001 1167 1062 εὖρος
1197 1007 1260 1060 δὲ,
1299 1005 1404 1051 δέκα

79 1228 152 1272 Qui
180 1228 278 1265 idem
311 1242 347 1279 p.
376 1226 457 1269 411
485 1229 649 1265 coniicit:
687 1229 733 1265 de

78 1285 120 1322 iis
139 1289 282 1322 tantum
301 1286 496 1335 lapidibus,
520 1286 646 1333 quibus
666 1298 733 1334 py-

76 1342 255 1378 ramidum
292 1342 402 1378 facies
439 1343 573 1378 fuerint
607 1347 733 1378 eonte-

77 1402 158 1435 ctae
197 1398 280 1445 (ll,
308 1398 438 1446 125),
477 1398 732 1447 intelligendos

78 1468 158 1492 esse
179 1459 320 1492 veteres
341 1456 548 1505 scriptores,
565 1455 624 1503 qui
642 1468 732 1492 una-

77 1512 192 1548 nimes
211 1513 288 1548 fere
315 1516 500 1557 asserant,
532 1512 733 1560 lapicidinis

77 1568 114 1604 in
150 1567 303 1604 Arabico
347 1568 461 1605 latere
506 1569 732 1618 potissimum

77 1637 161 1661 usos
193 1625 302 1661 fuisse
330 1624 472 1661 illarum
504 1626 731 1671 conditores3

76 1693 162 1718 nam
190 1681 349 1730 lapidem
385 1682 472 1718 inde
508 1686 731 1730 protractum

78 1738 125 1774 ob
149 1738 454 1787 praestantiorem
478 1750 520 1774 ac
551 1739 729 1788 politurae

76 1795 194 1842 magis·
214 1795 383 1831 idom-am
408 1798 573 1831 naturam
593 1795 638 1830 ad
660 1809 727 1845 py-

76 1851 234 1887 ramidas
270 1852 476 1888 vestiendas
529 1851 730 1901 praelatum

75 1908 187 1944 fuisse
201 1935 212 1953 ,
241 1920 319 1944 cum
341 1908 389 1944 ad
417 1907 548 1945 molem
567 1921 730 1945 coarcer-

75 1964 232 2001 vandam
249 1965 455 2002 sufficerent
478 1977 563 2001 saxa
583 1978 625 2002 ex
648 1965 728 2015 ipso

75 2024 221 2067 monte,
253 2022 309 2057 cui
332 2026 598 2072 superstructae
618 2023 700 2058 sint.

131 2073 340 2129 ἐργάζοντο
389 2076 432 2117 δὲ
470 2075 596 2116 κατά
637 2077 731 2116 δέκα

75 2129 286 2185 μυριάδας]
300 2135 404 2172 Haec
420 2134 631 2185 explicanda
646 2139 730 2172 sunt

77 2191 276 2228 secundum
295 2204 350 2237 ea,
370 2204 465 2241 quae
483 2191 730 2228 monuitMat-

73 2246 172 2284 thiae
200 2246 236 2299 ἓ.
258 2250 353 2294 298,
377 2251 399 2289 1
427 2261 514 2298 pag.
536 2249 630 2290 596.
688 2248 731 2285 ln

75 2303 156 2352 ipso
186 2304 370 2342 hominum
411 2318 584 2351 numero,
622 2319 731 2354 quem

72 2359 209 2397 Plinius
246 2361 280 2398 h.
310 2375 345 2398 n.
386 2361 568 2409 XXXVI,
601 2364 672 2408 17,
703 2363 729 2402 3

73 2416 245 2454 maiorem
293 2419 388 2455 adeo
434 2419 544 2456 fuisse
592 2423 729 2464 narrat,

75 2484 154 2509 cum
174 2473 368 2512 Herodoto
386 2476 569 2513 consentit
586 2476 731 2513 Diodo-

74 2541 136 2565 rus
159 2528 196 2576 l,
214 2532 278 2571 63.

133 2581 276 2636 χρόνον
308 2584 348 2626 δὲ
379 2586 611 2639 ἐγγενέσθαι
652 2603 730 2639 τρι-

78 2640 232 2696 βομένῳ
261 2646 317 2696 τῷ
345 2644 447 2699 λαῷ]
489 2646 598 2682 Conf.
629 2644 731 2681 Mat-

77 2697 176 2735 thiae
197 2699 262 2736 Gr.
283 2701 346 2738 Gr.
370 2714 454 2751 pag.
478 2704 558 2742 711
590 2706 626 2739 et
646 2702 729 2739 Sie-

76 2753 145 2790 bel.
165 2755 213 2791 ad
232 2755 386 2795 Pausan.
400 2758 448 2805 X,
472 2760 522 2799 18
542 2756 577 2809 ξ.
597 2762 643 2804 2,
665 2758 729 2807 qui

76 2814 203 2848 monet
226 2812 262 2848 in
284 2814 393 2850 verbo
414 2813 646 2866 ἐγγενέσθαι
669 2816 727 2850 in-

78 2878 159 2903 esse
206 2867 506 2916 significationem
552 2872 728 2921 temporis

77 2921 269 2971 longioris,
299 2926 426 2962 addito
446 2927 567 2964 dativo
587 2927 645 2964 vel
661 2927 729 2963 ho-

122 2979 331 3019 Hfinono'r.
363 2983 392 3020 I.

802 1229 930 1274 minis,
960 1227 1036 1273 cui,
1067 1227 1124 1265 vel
1150 1228 1222 1274 rei,
1251 1227 1291 1264 in
1315 1239 1389 1277 qua
1415 1227 1458 1265 il-

801 1285 863 1321 lud
890 1288 1132 1321 consumatur.
1168 1305 1226 1312 —
1262 1283 1322 1321 Ad
1349 1297 1459 1334 argu-

802 1346 961 1378 mentum
992 1341 1060 1377 loci
1099 1341 1237 1378 faciunt
1271 1339 1457 1379 Aristotel.

801 1398 917 1449 politt.
938 1398 985 1443 V,
1012 1400 1058 1438 11
1084 1397 1151 1445 (9)
1179 1410 1265 1447 pag.
1286 1399 1367 1438 229
1398 1398 1455 1435 ed.

803 1455 1015 1492 Schneider.
1036 1458 1074 1491 et
1093 1454 1235 1503 Ioseph.
1258 1454 1397 1503 antiqq.
1410 1453 1457 1502 ll,

803 1514 852 1558 9,
882 1514 915 1552 1.
977 1511 1083 1554 Quae
1118 1511 1316 1559 respiciens
1345 1510 1457 1557 Hirt„

802 1568 891 1605 libro
911 1581 993 1604 mox
1009 1567 1287 1618 laudandopig.
1304 1568 1353 1608 17
1365 1579 1457 1615 seq.,

801 1625 1007 1675 pyramides
1030 1628 1153 1661 censet
1179 1627 1379 1660 exstructas
1399 1636 1457 1660 es-

800 1695 838 1719 se
869 1694 913 1718 eo
939 1680 1109 1726 consilio,
1142 1692 1189 1717 ne
1213 1692 1326 1729 egens
1353 1678 1456 1729 plebs

799 1739 874 1775 otio
905 1737 1098 1786 langueret
1125 1749 1219 1773 neve
1247 1736 1371 1786 inopia
1403 1735 1457 1773 la-

798 1796 956 1832 boraret.
1023 1792 1106 1829 Alia
1132 1796 1173 1829 tu
1202 1793 1286 1830 vide
1320 1792 1369 1830 ad
1397 1791 1455 1841 Il,

802 1853 893 1892 128.

853 1904 927 1958 τήν
958 1904 1007 1945 ἔδ
1023 1902 1201 1956 ειμαν]
1233 1902 1367 1955 δέμειν
1391 1917 1456 1942 eo-

799 1965 884 2002 dem
911 1963 1021 2000 modo
1046 1963 1135 2012 poni
1161 1963 1352 2009 docemur,
1382 1973 1455 2010 quo

799 2021 898 2071 apud
943 2019 1097 2057 Latinos
1132 2020 1211 2055 vias
1249 2022 1454 2064 construere,

798 2081 979 2114 instruere.
1038 2075 1121 2112 Vid.
1142 2075 1231 2121 Vll,
1253 2077 1336 2116 200
1364 2074 1453 2124 ibiq.

799 2134 1016 2181 Wesseling.
1075 2131 1189 2169 Paulo
1218 2135 1305 2168 ante
1326 2129 1455 2180 reliqui

800 2205 881 2231 cum
902 2190 1018 2227 Gaisf.
1037 2186 1137 2227 κατά
1155 2184 1249 2238 τήν,
1277 2186 1375 2224 cuius
1400 2186 1455 2223 lo-

800 2261 842 2286 co
863 2248 997 2284 Str-uve
1015 2258 1111 2296 spec.
1136 2247 1278 2293 quaest.
1301 2244 1348 2281 de
1367 2242 1452 2281 dial.

800 2305 889 2342 Her.
907 2318 941 2354 p.
962 2305 1016 2344 36
1039 2302 1240 2352 repositam
1258 2299 1335 2337 vult
1352 2303 1454 2337 vete-

799 2375 874 2399 rem
891 2360 1084 2397 lectionem
1113 2353 1215 2396 κατ’
1236 2353 1297 2408 ἣν
1327 2355 1388 2405 (ut
1406 2355 1454 2404 II,

802 2417 865 2459 15.
887 2418 983 2465 90),
1013 2428 1057 2454 ex
1087 2428 1158 2452 uno
1188 2414 1278 2451 libro
1307 2416 1453 2451 vetusto

799 2478 978 2511 mutatam
1002 2473 1039 2509 in
1056 2486 1079 2510 κ
1093 2485 1147 2510 ατ
1161 2467 1185 2509 ά
1215 2485 1235 2508 τ
1247 2466 1276 2521 η’
1287 2484 1319 2508 ν.
1352 2469 1454 2513 Quid

799 2531 929 2579 reliqui
964 2529 1046 2566 libri
1093 2526 1286 2566 recentiori
1330 2529 1454 2563 aetate

799 2587 920 2625 collati
945 2585 1121 2631 afferant,
1150 2596 1225 2621 non
1252 2583 1339 2620 satis
1358 2582 1454 2618 indi-

797 2648 920 2692 catur,
939 2641 1102 2692 quamvis
1123 2654 1167 2679 ex
1184 2639 1327 2677 silentio
1347 2650 1453 2676 sane-

797 2713 908 2750 quam
929 2699 1103 2748 colligas,
1139 2697 1315 2747 scriptum
1343 2694 1453 2732 fuisse

795 2758 833 2793 in
851 2757 918 2794 illis
949 2752 1073 2794 κατά
1103 2750 1206 2805 τήν.

851 2814 924 2864 τῆς
944 2808 1019 2864 γάρ
1039 2813 1166 2862 μῆκος
1188 2806 1259 2860 μέν
1273 2806 1347 2845 εἰσι
1360 2803 1453 2844 πέν-

795 2883 836 2908 τε
871 2864 1041 2918 στάδιοι]
1083 2868 1225 2915 Vulgo:
1256 2865 1329 2913 τῆς
1358 2859 1452 2912 μὲν

795 2922 869 2979 γάρ
893 2927 1030 2976 μῆκος.
1087 2922 1169 2962 Nos
1189 2918 1394 2966 Schweigh.
1414 2921 1452 2955 et
