1759 3324
622 260 844 300 CLIO.
903 260 930 300 1.
1328 263 1413 303 423

146 375 225 419 νὲα
252 372 476 431 ποιήσειν,
523 368 632 413 ὥστε
670 373 753 414 τοῦ
788 371 950 414 λοιποῦ
987 369 1062 412 καὶ
1088 368 1301 426 γυναῖκάς
1330 387 1409 427 μιν

116 452 377 503 3εύπετέως,
407 450 456 493 τὰ
485 446 596 505 γόνυ
627 447 683 493 ού
712 447 977 505 βρεχούσας,
1007 447 1307 505 διαβήσεσθαι.
1338 455 1465 505 gis-30

142 532 196 576 τοὶ
223 531 268 575 δὲ
297 529 377 586 τήν
409 527 616 584 ἀπειλήν,
648 528 785 584 μετεὶς
814 527 894 584 τὴν
911 527 979 571 ἐπὶ
1006 531 1253 584 Βαβυλῶνα
1280 526 1407 583 στρά-

140 622 305 661 τευσιν,
337 609 497 662 διαίρεε
524 609 605 664 τήν
635 606 843 663 στρατιήν
863 608 971 663 δίχα.
1004 605 1160 650 διελών
1181 606 1249 660 δὲ,
1277 607 1406 651 κατέ-

137 704 248 733 τεινε
286 687 582 744 σχοινοτενέας
629 686 845 740 ὑποδέξας
892 684 1111 742 διώρυχας
1149 684 1404 743 ὀγδώκοντα

137 768 213 812 καὶ
247 767 405 811 ἑκατόν
440 765 548 822 παρ’
606 766 812 822 ἑκάτερον
849 763 898 810 τὸ
938 769 1078 821 χεῖλος
1111 765 1404 823 τετραμμένας

109 850 225 892 4τοῦ
251 846 432 892 Γύνδεω
462 845 607 890 πάντα
634 845 813 901 τρόπον.
865 843 1067 898 διατάξας
1096 845 1143 889 δὲ
1170 842 1249 889 τὸν
1279 855 1404 899 στρα-

136 925 216 971 *cdv
225 958 237 979 ,
282 924 490 983 ὀρύσσειν
518 925 696 970 ἐκέλευε.

747 923 820 970 οἶα
850 924 896 968 δὲ
941 923 1097 981 ὁμίλου
1134 927 1301 969 πολλοῦ
1330 924 1401 977 ἐρ·
1414 930 1459 966 35

135 1004 402 1063 γαζομένου,
450 1004 577 1062 ἤνετο
606 1005 685 1062 μὲν
714 1004 763 1049 τὸ
793 1004 947 1062 ἔργον,
996 1002 1114 1060 ὅμως
1142 1002 1290 1060 μέντοι
1321 1002 1402 1060 τήν

135 1088 315 1142 θερείην
343 1088 489 1129 πᾶσαν
525 1083 664 1129 αὐτοῦ
690 1083 827 1142 ταύτῃ
856 1083 1082 1138 διέτριψαν
1110 1081 1403 1139 ἐργαζόμενοι.

20 1167 115 1213 190
135 1164 211 1217 Ὡς
234 1165 280 1209 δὲ
300 1163 377 1208 τὸν
400 1163 577 1221 Γύνδην
597 1165 797 1222 ποταμόν
826 1164 994 1209 ἐτίσατο
1016 1167 1191 1218 Κῦρος,
1222 1162 1265 1215 ἐς
1286 1179 1402 1219 τριη-

1459 1157 1557 1193 Cyrufl
1575 1157 1736 1199 Babyloni

1458 1199 1492 1219 un
1506 1192 1625 1232 prinae!

1663 1198 1737 1220 leot!

1457 1229 1536 1253 etin
1547 1201 1692 1253 urbomoo
1675 1235 1737 1253 ιιι-ιι

1457 1259 1524 1294 pulo
1527 1267 1585 1295 on,
1622 1259 1737 1288 frustra

1457 1280 1585 1322 obsidet.

80 1409 176 1446 equo
197 1408 321 1442 sacro,
353 1395 466 1445 copiis
491 1408 638 1444 quoque
657 1395 730 1431 suis
796 1395 983 1445 peificere,
1025 1392 1225 1438 absolvere,-
1265 1393 1365 1432 unde
1398 1392 1459 1431 vel

79 1467 126 1491 ne
155 1452 355 1498 accideret,
393 1451 563 1488 timuerit.
623 1452 730 1488 conf.

78 1510 255 1547 Senecam
276 1508 395 1546 deira
427 1507 500 1555 ΙΙΙ,
520 1510 572 1549 21
601 1509 732 1547 eadem

78 1569 319 1605 enarrantem.
361 1583 418 1591 —
455 1563 497 1600 In
535 1559 731 1614 seqq-013

80 1618 298 1674 βρεχούσας
323 1633 404 1658 cum
422 1619 606 1671 plerisque
630 1620 732 1658 libris

79 1679 272 1717 edidimus.
324 1676 445 1726 Vulgo
479 1692 533 1728 μη
571 1672 736 1729 βρεχού-

80 1747 164 1782 σας.

135 1788 331 1829 κατέτεινε
347 1811 394 1817 —-
408 1785 667 1840 διώρυχας]
656 1803 678 1828 ι.
702 1803 735 1828 e.

78 1849 222 1896 „tensis
238 1847 392 1897 funibus
411 1849 617 1884 ”constravit
649 1847 735 1895 (de-

77 1904 255 1953 signavit)
274 1903 398 1954 fossas
419 1903 635 1940 ducendas.“
672 1903 734 1940 Sic

78 1960 441 2009 Schweighaeuserus
474 1961 510 1997 in
537 1959 634 1997 ΙΛΞΧΥ
654 1959 733 1996 He·-

78 2017 221 2064 rodot.‚
251 2016 311 2053 ubi
340 2017 409 2053 hoe
439 2017 575 2054 dictum
607 2019 733 2053 monet

78 2086 165 2124 pro:
204 2070 373 2120 ύπέδεξε
392 2071 626 2140 διώρυχας,
663 2086 731 2110 κα-

78 2128 257 2176 τατείνας
302 2125 425 2176 αύτας
463 2127 732 2180 σχοινοτενέας

79 2200 108 2223 s.
141 2184 336 2225 κατέτεινε
382 2186 589 2236 σχοίνους,
633 2183 733 2224 ύπτο

79 2240 193 2289 δέξας
224 2237 419 2294 διώρυχας
450 2240 733 2294 σχοινοτενέας.

78 2298 122 2336 In
141 2312 241 2348 seqq.
263 2313 344 2337 eum
363 2299 534 2348 Schwgh.
564 2313 584 2337 e
606 2299 733 2336 Schel-

79 2354 185 2393 lersh.
204 2356 295 2393 libro
323 2356 489 2393 dedimus
521 2353 733 2407 τετραμμέ-

79 2425 152 2457 νας
170 2414 243 2451 τοῦ
257 2407 419 2451 Γύνδεω
442 2425 509 2463 pro
522 2415 596 2451 τοῦ
609 2408 732 2451 Γύνδ.

80 2481 234 2519 τετραμ.
262 2489 320 2498 -—
347 2464 480 2508 πάντα
497 2464 645 2521 τρόπον
674 2468 734 2516 (ut

81 2522 122 2570 Ῑ,
139 2525 246 2573 199)
281 2529 353 2563 est:
395 2538 674 2576 quaquaversum
702 2539 733 2563 s,

84 2579 232 2628 qualibet
250 2583 288 2618 in
307 2581 503 2620 directione.

141 2631 205 2674 οἷα
228 2635 269 2676 δὲ
295 2659 341 2666 -
365 2635 482 2688 ἤνετο
505 2635 578 2689 μὲν
606 2634 651 2677 to*
672 2637 730 2690 ἕρ-

83 2690 180 2742 γον]
213 2693 271 2731 De
285 2690 351 2733 οἷα
370 2694 413 2733 δὲ
439 2699 524 2733 ante
550 2695 731 2744 genitivos

86 2746 268 2786 absolutos
304 2763 395 2799 quos
424 2756 578 2799 vocant,
607 2751 731 2788 notavi

87 2804 264 2851 quaedam
300 2807 348 2843 ad
386 2807 567 2845 Plutarch.
598 2806 729 2856 Pyrrh.

87 2871 124 2908 p-
138 2860 226 2899 176.
238 2858 418 2912 -ἤνετο
437 2876 459 2900 a
477 2864 589 2901 verbo
601 2860 729 2911 ἄνειν,

87 2915 187 2963 quod
214 2915 298 2954 olim
336 2919 459 2957 dixere
481 2932 550 2971 pto
574 2914 727 2969 α’νύειν,

799 1452 869 1488 hoc
890 1450 969 1488 loco
990 1449 1070 1487 libri
1093 1449 1277 1498 nonnulli,
1308 1451 1370 1500 qui
1392 1463 1456 1487 au-

800 1508 941 1557 tiquum
959 1506 1104 1545 dicendi
1121 1519 1238 1556 genus
1261 1507 1310 1544 ad
1332 1506 1459 1556 vulga-

800 1577 877 1602 rem
904 1576 1109 1601 sermonem
1126 1563 1340 1613 plerumque
1369 1576 1460 1601 con-

801 1621 981 1666 formant,
1001 1619 1173 1657 exhibent
1193 1615 1351 1670 ἥνύετο.
1381 1619 1461 1657 Sed

803 1678 899 1714 conf.
936 1676 1117 1714 Herodot.
1144 1676 1237 1723 VII,
1263 1679 1329 1719 20.
1359 1675 1458 1722 VIII,

802 1736 856 1774 71
870 1733 1033 1782 aliosque
1044 1736 1234 1783 poetarum
1251 1732 1349 1770 locos
1359 1733 1462 1782 apud

803 1789 1087 1838 Wesselingium
1112 1789 1151 1825 in
1182 1793 1260 1827 not.
1292 1790 1341 1826 ad
1368 1788 1403 1826 h.
1435 1787 1462 1825 l'.

803 1846 937 1894 ‚‚Add.
956 1846 1093 1894 Odyss.
1111 1844 1168 1892 II,
1195 1846 1250 1888 58
1277 1846 1368 1894 (ubi
1392 1859 1460 1883 κα-

801 1898 964 1954 τήνετο)
993 1906 1030 1940 et
1059 1901 1229 1952 Apollon.
1251 1901 1342 1940 Lex.
1372 1901 1456 1938 Ho-

801 1959 921 1997 meric.
944 1972 981 2009 p.
1005 1959 1098 1999 133.
1134 1958 1214 1996 Ast.
1238 1959 1286 1995 ad
1307 1958 1458 1995 Piudar.

802 2017 839 2053 in
864 2016 1130 2052 Commentarr.
1157 2014 1293 2063 philoll.
1331 2014 1457 2064 Lipss.

799 2072 870 2110 vol.
890 2071 943 2119 II,
974 2076 991 2112 l
1024 2084 1111 2122 pag.
1132 2070 1187 2112 24
1211 2084 1289 2121 seq.
1331 2071 1457 2113 Quare

800 2129 1020 2180 probamus,
1077 2128 1177 2177 quod
1225 2128 1261 2164 in
1298 2126 1459 2164 Platonis

802 2185 939 2234 Cratyl.
970 2197 1056 2235 pag.
1075 2183 1182 2231 415,
1203 2183 1246 2221 A
1272 2184 1420 2221 Heimh
1424 2196 1459 2219 r-

800 2242 868 2280 fius
897 2242 1012 2292 (pag.
1053 2240 1161 2288 105)
1199 2240 1326 2290 reponi
1357 2239 1458 2306 iubet

801 2295 912 2338 α’νειν
934 2311 1002 2348 pro
1021 2291 1158 2335 dvszvf
1162 2296 1269 2336 ‘.Cr
1303 2316 1355 2324 -—
1386 2291 1458 2333 αύ-

799 2370 872 2394 του
901 2350 1025 2420 ταύτῃ
1057 2352 1200 2401 (eodem
1218 2352 1292 2390 loco
1317 2352 1456 2399 ibidem,

802 2425 839 2449 eo
857 2415 933 2462 ipso
950 2424 987 2448 m
1008 2410 1108 2459 loco)
1138 2409 1360 2458 coniungere
1394 2422 1456 2445 so-

801 2468 851 2517 let
869 2467 1100 2514 Herodotus,
1129 2469 1170 2502 ut
1184 2465 1221 2513 I,
1242 2468 1336 2508 210.
1360 2464 1456 2506 214.

800 2524 873 2569 ΙΙΙ,
893 2527 960 2565 77.
988 2523 1053 2572 IV,
1075 2525 1141 2565 80.
1162 2522 1266 2569 135,
1297 2522 1359 2558 1ὼί
1379 2521 1454 2558 vid.

800 2581 1017 2618 Valckenar.
1074 2578 1159 2616 Alia
1174 2578 1354 2627 quaedam
1372 2578 1454 2627 ipse

800 2638 885 2676 dedi
904 2637 952 2674 ad
978 2635 1106 2684 Pyrrh.
1132 2647 1220 2685 pag.
1252 2634 1332 2676 144
1358 2647 1452 2682 seq.‚

799 2695 930 2743 quibus
953 2692 1039 2730 add.
1061 2690 1196 2730 Siebel.
1222 2690 1271 2728 ad
1289 2690 1450 2727 I'ausan.

797 2750 854 2799 l[‚
871 2752 925 2792 28
956 2747 994 2800 ἓ,
1014 2751 1053 2790 7.

994 2832 1108 2884 Cap.
1137 2831 1254 2870 CXC.

852 2917 896 2966 ἐς
916 2915 1146 2970 τριηκοσίας
1170 2913 1240 2956 καὶ
1256 2908 1452 2966 ἐξήκοντά
