1759 3324
28 863 124 910 211

630 270 936 311 cL10.1.

1338 275 1423 316 467

130 395 186 439 3„
199 385 406 442 ἄρχεσθαι
432 380 514 426 ὑπ’
548 380 714 432 ἄλλων,
763 378 912 436 ἄρχειν
942 377 1160 424 ἁπάντων.
1218 381 1256 424 εἰ
1285 381 1332 425 δέ
1356 383 1420 435 τίς
1432 390 1477 424 20

157 482 259 519 ,,τοι
288 463 389 513 ὄψις
417 459 669 516 ἀπαγγέλλει
698 461 835 504 παῖδα
863 459 942 504 τόν
969 458 1077 516 ἐμὸν
1105 458 1295 516 νεώτερα
1315 465 1418 518 βου-

155 542 333 596 ,,λεύειν
360 540 458 595 περὶ
490 540 584 592 σέο,
615 538 698 596 ἐγώ
727 556 796 583 τοι
823 540 1101 601 παραδίδωμι
1130 543 1320 596 χρῆσθαι
1340 540 1416 586 αὐ-

152 626 246 680 ,,τς5
274 624 402 664 τοῦτο
442 619 468 664 ὅ
493 636 534 663 τι
563 619 619 664 σύ
661 619 881 676 βούλεαι.“
934 618 1178 675 Ὑστάσπης
1206 618 1285 675 μὲν
1312 619 1418 664 τού-

152 713 264 745 τοισι
294 699 609 756 ἀμειψάμενος,
650 699 725 742 καὶ
754 697 910 755 διαβάς
940 698 1018 743 τὸν
1047 697 1242 753 Ἀράξεα,
1271 698 1339 756 ἤϊε
1373 700 1417 752 ἐς

150 781 346 836 Πέρσας,
376 779 582 836 φυλάξων
611 777 747 837 Κύρῳ
776 777 855 822 τὸν
882 780 1018 823 παῖδα
1046 782 1251 834 Δαρεῖον.

118 939 279 993 Ξὸδόν,
310 939 448 982 ἐποίεε
476 937 552 989 τὰς
581 938 778 993 Κροίσου
807 936 1054 994 ὑποθήκας.
1100 938 1207 994 μετά
1237 937 1282 982 δὲ
1310 941 1413 982 ταῦ-

150 1037 228 1073 τα,
270 1018 425 1074 Κύρου
455 1034 499 1061 τε
530 1017 602 1061 καὶ
639 1017 847 1072 Περσέων
883 1021 964 1061 τοῦ
991 1021 1193 1074 καθαροῦ
1224 1028 1411 1073 στράτου

1393 1021 1413 1031 u

147 1097 447 1150 ἀπελάσαντος
477 1096 615 1141 ὀπίσω
650 1096 718 1140 ἐπὶ
745 1095 824 1140 τὸν
846 1094 1050 1153 Ἀράξεα,
1080 1096 1337 1153 λειφθέντος
1366 1096 1414 1142 δὲ

146 1182 229 1223 τοῦ
259 1177 468 1234 ἀχρηΐου,
519 1177 766 1234 ἐπελθοῦσα
793 1180 882 1220 τῶν
914 1176 1242 1232 Μασσαγετέων
1270 1193 1413 1234 τριτη-

146 1258 271 1315 μορὶς
299 1260 379 1299 τοῦ
409 1259 622 1310 στρατοῦ,
659 1254 765 1307 τούς
790 1271 835 1299 τε
864 1254 1121 1313 λειφθέντας
1149 1260 1224 1313 τῆς
1255 1256 1412 1312 Κύρου

262 862 413 914 Κῦρος
443 859 489 902 δὲ
526 858 758 913 προελθών
796 855 882 902 ἀπὸ
921 862 1001 901 τοῦ
1040 856 1225 912 Ἀράξεω
1253 856 1711 928 ἦμέρηςρ5ἒξπῐεεεὲειηηπι

1527 902 1540 920 s
1567 896 1657 922 tertia
1686 904 1744 930 quo

1468 931 1536 954 astu
1545 928 1747 964 caesa:Spar-

1468 961 1588 1000 gapiscs
1605 961 1745 999 Tomyris

1466 994 1546 1022 nlius
1563 998 1678 1031 captus.

147 1339 348 1392 στρατιῆς
383 1334 567 1391 ἐφόνευε
606 1333 916 1391 ἀλεξομένους,
964 1335 1037 1379 καὶ
1075 1334 1156 1392 τὴν
1193 1335 1468 1391 προκειμέ-3ο

144 1431 228 1472 νην
257 1413 424 1466 ἰδόντες
453 1416 604 1467 δαῖτα,
635 1412 694 1466 ὦς
722 1413 1003 1470 ἐχειρώσαντο
1031 1414 1137 1468 τούς
1165 1414 1403 1467 ἐναντίους,
1463 1422 1543 1462 100

141 1494 362 1545 κλιθέντες
399 1494 634 1538 δαίνυντο·
696 1494 998 1552 πληρωθέντες
1043 1495 1090 1539 δὲ
1128 1496 1300 1552 φορβῆς
1334 1494 1409 1538 καὶ

267 1718 299 1756 c
317 1730 339 1757 a
357 1731 394 1769 p.
430 1716 563 1755 ccxi.

146 1799 336 1854 Περσέων
345 1803 419 1841 τοῦ
429 1803 619 1854 καθαροῦ
631 1814 743 1854 στρα-

86 1861 160 1900 τοῦ
183 1854 479 1906 ἀπελάσαντος]
510 1857 535 1898 0‘
562 1856 743 1911 καθαρός

88 1912 267 1968 στρατὸς,
297 1916 353 1953 cui
380 1928 465 1952 mox
497 1917 693 1966 opponitur
715 1915 739 1956 ὅ

87 1968 254 2024 ἆχρήϊος
272 1972 339 2020 (de
359 1985 431 2021 quo
442 1971 512 2009 vid.
523 1973 571 2009 ad
585 1973 612 2020 l,
623 1974 737 2021 191),

86 2029 128 2067 de
157 2029 291 2066 melion·
324 2031 496 2066 exercitus
532 2033 657 2078 parte,
696 2030 737 2066 cle

79 2087 172 2136 flore
190 2087 361 2123 exercitus
373 2114 384 2132 ,
415 2087 566 2136 copiisve
584 2088 736 2135 integris

83 2141 283 2192 validisque
299 2141 451 2191 intelligi
472 2142 592 2180 debet.
622 2143 737 2180 Haud

84 2198 190 2237 aliter
228 2197 414 2237 Letronne
456 2198 635 2246 (Journal
666 2199 732 2237 des

85 2255 248 2302 Savans,
270 2257 379 2296 1817
407 2267 494 2305 pag.
515 2255 590 2304 97)
607 2256 733 2293 vertit:

86 2324 200 2359 „cum
225 2313 368 2361 integra
391 2316 494 2361 parte
527 2312 734 2349 exercitus.“

85 2365 252 2405 Recurrit
277 2367 410 2405 locutio
437 2367 502 2415 IV,
534 2368 638 2416 135,
670 2368 734 2405 ubi

87 2423 172 2461 vide
213 2423 494 2473 Wesselingium
540 2425 736 2475 ipsumque

86 2478 465 2528 Schweighaeuserum
509 2482 624 2518 nostri
664 2481 735 2518 loci

85 2533 184 2570 haud
215 2536 373 2574 oblitum.
459 2537 584 2581 Quare
624 2538 737 2574 miror

88 2590 241 2628 eundem
273 2592 410 2639 virum,
451 2594 553 2642 quod
582 2597 737 2644 propter

88 2644 264 2684 adiectum
275 2647 481 2700 Περσέων,
512 2662 608 2699 quae
625 2663 736 2687 vocu-

87 2699 125 2736 la
141 2700 273 2751 alioqui
301 2706 490 2743 commode
516 2706 646 2744 abesse
666 2719 736 2756 po-

88 2756 217 2804 tuerit,
252 2758 308 2796 hie
351 2773 427 2798 eam
474 2761 626 2811 intelligi
661 2761 738 2799 vult

91 2814 261 2849 exercitus
278 2820 430 2864 partem,
459 2831 548 2867 quae
568 2831 611 2855 esc
633 2821 737 2868 puris

84 2869 186 2916 putis
213 2867 329 2908 Persis
360 2875 511 2911 maxime
547 2877 738 2924 composita

91 2926 178 2961 erat.
207 2945 261 2955 —
287 2925 347 2965 Ad
365 2934 618 2979 argumentum
637 2932 739 2983 capi-

809 1690 856 1728 tis
887 1690 1022 1728 Strabo
1056 1690 1211 1728 conferri
1244 1689 1378 1741 poterit
1407 1689 1462 1728 XI

809 1759 896 1797 pag.
918 1749 1023 1794 780,
1051 1745 1096 1784 A.
1125 1747 1180 1795 B,
1220 1747 1282 1797 qui
1323 1747 1462 1796 Cyrum

808 1807 935 1840 contra
954 1803 1066 1840 Sacas
1093 1804 1224 1841 eodem
1253 1802 1336 1843 dolo
1357 1816 1462 1840 usum

809 1872 890 1897 esse
912 1864 1067 1897 enarrat.
1124 1859 1250 1897 Simile
1273 1860 1461 1908 quoddam

808 1928 829 1953 e
847 1915 951 1952 Livio
971 1915 1083 1963 XLI,
1101 1919 1129 1957 2
1158 1917 1207 1954 de
1226 1915 1327 1953 Istris
1351 1915 1460 1953 affert

803 1971 1082 2021 Wesselingius.

862 2023 1012 2075 ἰδόντες
1039 2029 1154 2068 δαῖτα
1172 2048 1230 2055 -
1253 2024 1458 2075 κλιθέντες

804 2083 1015 2135 δαίνυντο]
1033 2085 1191 2123 Sensum
1213 2085 1329 2133 magis
1347 2096 1457 2133 quam

801 2142 914 2179 verba
958 2142 1042 2193 ipsa
1079 2153 1299 2192 praegressa
1345 2140 1456 2188 (τῶν

804 2195 1100 2250 Μασσαγετέων
1124 2194 1352 2249 τριτημορὶς
1381 2197 1457 2235 τοῦ

802 2256 990 2307 στρατοῦ)
1016 2255 1214 2305 respiciens
1241 2267 1263 2292 e
1283 2252 1456 2302 singulari

800 2311 838 2348 in
854 2311 1028 2361 pluralem
1053 2311 1220 2357 transiit3
1247 2310 1346 2348 cuius
1369 2322 1457 2346 usus

802 2368 970 2419 exempla
981 2368 1097 2405 ubivis
1115 2367 1356 2417 reperiuntur.
1382 2365 1456 2402 Pro

804 2424 993 2464 δαίνυντο
1008 2428 1095 2462 vett.
1110 2424 1194 2462 edd.
1212 2436 1254 2461 ac
1274 2423 1354 2459 libri
1374 2421 1457 2471 qui-

804 2482 889 2518 dam
925 2480 1157 2528 ἐδαίννντο,
1195 2492 1290 2516 unus
1326 2477 1456 2518 ἐδαίν-

802 2552 935 2577 ν-υντο.
991 2537 1072 2575 Nos
1108 2536 1358 2574 Gaisfordium
1397 2547 1456 2572 se-

802 2594 874 2632 cuti
895 2607 1015 2632 sumus
1035 2607 1077 2631 ac
1096 2592 1301 2642 Schweigh.
1356 2591 1458 2628 Infra

802 2663 883 2688 cum
910 2651 1041 2688 iisdem
1065 2649 1314 2700 rescripsimus
1345 2647 1458 2699 βασι-

803 2707 911 2758 λείης
940 2707 1033 2757 (pro
1062 2705 1323 2758 βασιληίης),
1354 2702 1455 2753 quod

804 2777 932 2801 sensus
950 2764 1143 2812 flagitabat
1170 2775 1238 2800 nec
1261 2760 1342 2798 libri
1362 2771 1456 2796 non-

803 2819 893 2857 nulli
931 2820 1151 2857 reiiciebant.
1219 2817 1317 2856 Nam
1343 2814 1458 2866 βασί-

804 2878 889 2915 λεια
907 2876 1036 2913 dicitur
1054 2876 1200 2923 regina,
1229 2877 1270 2910 ut
1298 2884 1407 2922 supra
1426 2870 1456 2916 Ι,

810 2933 891 2974 187
908 2931 987 2970 init.
1025 2931 1168 2980 „Confi
1187 2929 1308 2967 Sturz.
1334 2926 1458 2965 Lexic,

1092 2986 1150 3026 30
1169 2983 1188 3008 '⁸
