1759 3324
319 269 404 310 896

733 266 1200 308 HERODOTI

290 376 434 436 ἓνομᾶ
462 378 550 423 ἐστι
569 375 818 436 Εὐφρήτης.
849 376 937 432 ῥέει
965 377 1012 422 δὲ
1040 376 1083 431 ἐξ
1109 374 1370 433 Ἀρμενίων,
1399 375 1484 420 ἐών
1511 375 1581 433 με’-

317 474 418 515 γας,
447 456 523 502 καὶ
549 456 713 513 βαθύς,
753 457 828 502 καὶ
856 455 1013 513 ταχύς·
1060 456 1160 510 ἐξίει
1189 455 1236 500 δὲ
1266 450 1395 507 οὗτος
1426 455 1469 507 ἐς
1497 456 1578 512 τὴν
1591 463 1635 498 60

290 535 542 594 3Ἐρυθρήν
586 535 829 580 θάλασσαν.
886 536 935 581 τὸ
982 531 1045 581 cii'v
1087 535 1141 593 δὴ
1187 540 1325 591 τεῖχος
1373 535 1581 591 ἑκάτερον

317 615 423 669 τούς
452 615 652 672 ἀγκῶνας
679 614 724 667 ἐς
751 614 829 659 τὸν
856 615 1054 672 ποταμὸν
1082 613 1293 672 ἐλήλαται.
1331 613 1381 659 td
1415 614 1462 660 δὲ
1488 612 1576 659 ἀπὸ

260 835 339 876 ‘tam
381 834 606 875 contendunt
650 835 917 883 ruderibusque

263 894 383 932 adhuc
395 892 547 929 inventis
560 891 784 929 confirmant.
811 892 918 935 Quae

264 950 301 986 in
331 947 544 986 occidentali
572 948 671 984 fluvii
695 948 774 998 ripa
800 947 918 996 ²fuerit

263 1004 362 1042 urbis
392 1017 499 1054 pars,
528 1016 609 1042 eam
642 1004 768 1053 utique
800 1003 917 1040 maio-

264 1074 342 1100 rem
358 1061 470 1098 fuisse
484 1060 599 1098 videri
608 1064 645 1098 et
655 1060 895 1110 antiquiorem
906 1073 917 1106 ς

264 1117 476 1156 orientalem
493 1117 671 1155 minorem
699 1129 741 1154 ac
763 1116 918 1154 recenti-

264 1174 337 1213 oris
366 1175 493 1211 forsan
523 1174 663 1211 aetatis.
721 1172 919 1211 Praeterea

263 1244 333 1269 nec
358 1229 583 1282 Euphratem
619 1229 770 1267 multum
796 1230 842 1267 ab
873 1242 916 1268 eo

264 1300 394 1334 cursu,
422 1299 532 1337 quem
553 1286 636 1324 olim
657 1286 828 1333 tenuerit,
852 1286 919 1324 de-

264 1344 411 1382 scivisse
433 1342 578 1394 alioque
608 1356 649 1383 se
681 1342 827 1382 flexisse
863 1342 917 1380 η’-

264 1401 358 1440 deri.

322 1454 403 1508 ῥέει
423 1453 466 1496 δὲ
483 1454 522 1504 ἐξ
538 1451 756 1507 Ἀρμενίων
773 1468 809 1494 κ.
819 1469 850 1494 τ.
864 1452 915 1504 λ.]

263 1513 407 1552 Eodem
423 1515 500 1552 fere
528 1514 639 1550 modo
666 1524 776 1560 supra
801 1511 838 1559 I,
861 1514 917 1553 72

265 1572 314 1609 (le
333 1569 540 1618 Halye:—
552 1567 632 1620 ῥέει
650 1566 690 1615 ἐξ
707 1563 916 1618 Ἀρμενίου

266 1624 419 1677 οὔρεος.
475 1625 536 1663 Ad
557 1638 634 1663 rem
668 1624 787 1675 ipsam
816 1624 917 1673 quod

264 1684 415 1731 attinet,
447 1694 535 1721 vera
550 1681 727 1719 Nostrum
752 1680 917 1718 retulisse

266 1739 414 1779 minime
446 1742 607 1788 negant,
642 1750 767 1775 verum
798 1737 915 1774 minus

265 1800 431 1835 accurate
469 1795 566 1832 illum
604 1795 738 1832 dixisse
767 1798 918 1832 conten-

266 1854 374 1900 dunt,
415 1853 608 1901 minusque
653 1850 824 1897 definite3
879 1850 919 1887 id

266 1909 368 1960 quod
402 1908 597 1946 Herodoto
634 1920 696 1945 eas
736 1907 918 1956 regiones,

266 1966 328 2003 ubi
351 1964 547 2015 Euphratis
569 1968 654 2000 sunt
670 1965 814 2010 fontes,
843 1975 919 1999 non

265 2021 396 2058 visenti
413 2021 518 2058 facile
537 2021 788 2069 ignoscamus,
812 2031 919 2069 prae-

266 2078 390 2115 sertim
421 2090 501 2114 cum
529 2076 748 2114 Strabonem
782 2074 919 2112 habea-

265 2147 346 2172 mus
378 2134 575 2170 accuratius
603 2131 798 2182 Euphratis
836 2133 919 2169 fon-

267 2194 322 2228 tes
353 2201 570 2239 cursumque
600 2192 828 2226 enarrantem
864 2187 919 2224 XI

267 2259 305 2297 p.
329 2247 434 2294 792,
453 2245 498 2282 A.
555 2244 609 2282 Ac
627 2257 668 2282 re
684 2257 771 2282 vera
796 2257 839 2282 ex
857 2243 918 2280 illa

266 2301 395 2340 fluvius
415 2301 582 2353 provenit
606 2301 777 2349 regione,
808 2313 916 2350 quam

267 2358 474 2396 Armeniam
491 2361 666 2395 vocarunt
688 2361 843 2405 veteres,
864 2357 918 2393 vi·

270 2415 386 2452 cinam
408 2414 688 2466 Cappadociae,
715 2426 834 2464 prope
856 2426 918 2450 ur—

268 2471 375 2517 bem,
405 2483 499 2520 quae
528 2482 624 2507 nunc
653 2469 783 2506 dicitur
803 2469 920 2507 Erze-

268 2539 349 2563 rum
393 2540 422 2563 s.
455 2526 650 2573 Arzerum,
689 2526 726 2562 in
756 2526 918 2564 eiusdem

269 2581 426 2619 nominis
443 2582 641 2631 provincia.
686 2582 795 2619 Conf.
812 2582 919 2619 Brei-

271 2650 348 2688 ger.
368 2639 415 2675 de
433 2637 566 2674 difficil.
587 2637 917 2685 Geogrflerodot.

269 2706 358 2745 pag.
391 2695 446 2735 39
473 2706 576 2743 seqq.
618 2692 780 2743 pluribus
807 2694 845 2730 in
874 2705 919 2731 ea

270 2750 352 2802 ipsa
377 2749 639 2799 inquirentem,
666 2748 744 2786 coll.
763 2747 918 2787 Rennel.

271 2818 358 2858 pag.
377 2804 471 2847 505.
489 2805 613 2843 Szabo
630 2804 812 2856 Descript.
829 2804 920 2842 Per-

273 2862 335 2900 sic.
357 2861 484 2912 imper.
513 2860 768 2912 (Heidelberg.
789 2859 919 2910 1810)

272 2930 361 2971 pag.
381 2918 438 2960 38
458 2929 537 2969 seq.

1041 834 1133 882 ἐξίει
1157 832 1199 874 δὲ
1223 824 1341 881 οὗτος
1364 833 1403 880 ἒς
1432 831 1506 887 τήν
1526 830 1634 886 Ἐρυ-

985 888 1095 943 ’θρὴν
1113 887 1350 942 θάλασσαν]
1373 892 1537 929 Rubrum
1558 903 1636 928 ma-

985 960 1047 994 re,
1078 948 1152 996 qus>
1182 946 1272 984 alias
1295 959 1370 983 non
1396 947 1510 984 solum
1537 948 1634 984 sinus

983 1002 1180 1050 Arabicus,
1211 1003 1277 1040 sed
1306 1006 1422 1039 totum
1453 1004 1553 1052 quod
1571 1015 1638 1040 vo-

985 1072 1105 1098 camus
1133 1059 1295 1096 Indicum
1326 1072 1426 1096 mare
1454 1059 1525 1096 una
1557 1071 1637 1096 cum

985 1117 1066 1154 sinu
1102 1114 1257 1153 Arabico
1291 1114 1512 1165 Persicoque
1539 1115 1637 1152 desi-

985 1177 1117 1222 gnatur
1155 1172 1278 1221 (conf.
1310 1176 1403 1209 nott.
1432 1172 1482 1208 ad
1507 1171 1545 1219 Ι,
1568 1172 1636 1220 1),

985 1230 1043 1267 hic
1061 1230 1109 1267 de
1124 1241 1197 1266 uno
1221 1229 1301 1265 sinu
1330 1228 1477 1266 Persico
1506 1227 1638 1266 intelli-

985 1299 1074 1336 gere
1104 1285 1208 1332 licet,
1248 1285 1310 1334 qui
1338 1285 1439 1335 apud
1465 1284 1637 1322 Herodo-

984 1348 1062 1380 tum
1079 1355 1153 1380 non
1166 1341 1239 1378 alia
1249 1341 1494 1392 appellatione
1512 1353 1637 1378 occur-

983 1400 1040 1437 rit.
1097 1398 1209 1436 Unde
1249 1398 1490 1436 coniecturam
1537 1397 1636 1434 ducit

983 1455 1111 1504 Heyse
1148 1455 1212 1502 (in
1240 1454 1408 1497 Quaestt.
1437 1454 1635 1492 Herodott.

986 1512 1086 1560 104)
1110 1511 1147 1548 in
1168 1511 1238 1549 hoc
1256 1510 1337 1547 sinu
1353 1523 1427 1547 non
1440 1511 1635 1560 navigasse

982 1568 1234 1615 Herodotum,
1263 1580 1383 1616 neque
1412 1567 1557 1604 omnino
1575 1566 1636 1604 In·-

984 1625 1055 1663 dici
1079 1624 1188 1662 maris
1218 1637 1318 1660 oram
1336 1623 1532 1661 accuratius
1551 1635 1637 1674 per-

986 1685 1146 1732 spectam
1174 1680 1356 1718 habuisse.
1425 1680 1565 1717 Confer
1587 1679 1636 1717 de

984 1738 1041 1775 his
1061 1750 1208 1787 quoque
1224 1735 1379 1788 Rennel.
1398 1733 1422 1774 l.
1441 1735 1464 1773 l.
1488 1749 1525 1786 p.
1538 1734 1634 1777 463.

983 1793 1149 1843 Breiger.
1188 1793 1211 1830 l.
1243 1793 1267 1830 l.
1298 1805 1384 1844 pag.
1410 1794 1462 1834 11
1495 1805 1571 1842 seq.
1597 1795 1636 1829 et

986 1863 1096 1901 supra
1115 1851 1163 1887 ad
1183 1849 1222 1897 I,
1244 1851 1267 1890 1
1289 1849 1475 1886 adnotata.
1490 1868 1547 1876 —
1573 1846 1634 1885 De

983 1908 1103 1946 forma
1120 1905 1213 1953 ἐξίει
1227 1906 1321 1942 conf.
1340 1918 1450 1955 supra
1469 1905 1517 1942 ad
1537 1904 1573 1952 I,
1594 1905 1633 1945 6.

1040 1959 1083 2002 τὸ
1115 1957 1171 2001 ὦν
1202 1958 1252 2012 δὴ
1292 1965 1417 2012 τεῖχος
1446 1955 1634 2012 ἑκάτερον

985 2016 1080 2065 τούς
1101 2014 1284 2071 ἀγκῶνας
1311 2016 1350 2065 ἐς
1368 2015 1436 2057 τὸν
1453 2013 1635 2068 ποταμόν

986 2071 1192 2126 ἐλήλαται]
1227 2075 1250 2112 i.
1283 2087 1315 2112 e.
1352 2087 1476 2111 murus
1507 2073 1635 2111 utrim-

986 2145 1057 2181 que
1076 2132 1118 2179 (i.
1136 2145 1167 2170 e.
1186 2131 1231 2168 ab
1247 2135 1400 2180 utraque
1418 2130 1516 2168 fluvii
1534 2130 1633 2181 ripa)

986 2188 1131 2225 brachia
1162 2188 1273 2225 habet
1310 2187 1358 2224 ad
1387 2187 1534 2224 fluvium
1566 2187 1634 2224 de-

985 2245 1093 2282 ducta
1130 2258 1158 2281 s.
1189 2244 1280 2281 muri
1310 2243 1458 2280 brachia
1489 2247 1566 2280 tum
1593 2243 1632 2279 in

982 2300 1146 2338 orientali
1163 2304 1237 2337 tum
1267 2300 1304 2336 in
1331 2299 1542 2337 occidentali
1569 2311 1631 2335 ur-

983 2357 1038 2394 bis
1060 2361 1163 2407 parte
1185 2357 1232 2393 ad
1250 2356 1410 2403 fluvium,
1431 2355 1493 2404 qui
1506 2355 1632 2393 urbem

982 2413 1134 2461 dividit,
1163 2413 1356 2463 pertinent.
1414 2411 1552 2459 „Quod
1574 2423 1633 2449 se-

985 2470 1107 2519 quitur
1127 2466 1171 2509 ro*
1190 2464 1266 2508 α’πὸ
1284 2463 1447 2515 τούτου,
1466 2467 1631 2516 intelligo

985 2527 1034 2564 de
1061 2539 1105 2563 eo
1128 2525 1266 2577 spatio,
1296 2524 1395 2573 quod
1427 2524 1507 2573 ripa
1532 2523 1632 2560 fluvii

983 2583 1070 2619 inde
1084 2583 1130 2619 ab
1149 2594 1220 2618 uno
1237 2580 1329 2617 muri
1350 2579 1497 2616 brachio
1515 2592 1631 2629 usque

984 2639 1035 2676 ad
1050 2637 1202 2675 alterum
1227 2635 1380 2673 obtinet.
1431 2635 1507 2673 Ubi
1534 2637 1632 2673 enim

984 2693 1078 2732 muri
1103 2693 1247 2730 brachia
1265 2692 1414 2728 fiuvium
1434 2692 1630 2742 attingunt,

984 2749 1072 2787 inde
1099 2749 1268 2786 inflexam
1305 2748 1393 2785 dicit
1429 2748 1632 2798 procedere

983 2805 1152 2854 utrinque
1182 2803 1231 2851 (i.
1261 2817 1293 2842 e.
1318 2804 1417 2841 iuxta
1437 2808 1631 2854 utramque

984 2859 1082 2898 fluvii
1098 2860 1232 2910 ripam)
1250 2860 1442 2898 maceriam
1457 2873 1502 2899 ex
1519 2860 1630 2898 cocti-

984 2915 1078 2956 libus
1115 2916 1286 2955 lateribus
1299 2945 1311 2965 ,
1357 2929 1453 2967 quae
1483 2917 1630 2967 utrique

1647 384 1704 428 85

1757 764 1759 796 ι

1757 798 1759 843 4
