1814 3315
649 244 867 284 CLIO.
925 245 956 284 Ι.
1358 248 1443 290 183

171 362 316 416 ,,οἰ’νῳ
345 357 638 412 διαχρέονται,
685 353 795 399 ἄλλα
831 351 1180 411 ὑδροποτέουσι·
1229 351 1285 398 οὐ
1327 357 1440 400 σῦκα

143 444 203 493 4,,
214 440 261 484 δὲ
281 438 423 494 ἔχουσι
441 432 651 490 τρώγειν,
682 433 767 478 οὐκ
797 431 902 478 ἄλλο
933 432 1109 490 ἀγαθόν
1131 431 1278 478 οὐδέν.
1307 438 1439 478 τοῦτο

167 518 282 574 »μὲν
309 515 387 573 δή,
434 515 471 558 εἰ
501 512 716 569 νικήσεις,
753 514 796 557 τί
825 525 964 569 σφεας
996 513 1284 570 ἀπαιρήσεαι,
1324 515 1440 557 τοῖσί

166 612 249 654 ,,γε
275 595 335 652 μή
365 594 454 638 ἐστι
482 593 642 649 μηδὲν,
700 595 832 637 τοῦτο
863 593 930 644 δὲ,
982 592 1036 650 ἢν
1065 596 1277 650 νικηθῇς,
1319 592 1434 649 μάθε
1450 600 1497 635 70

165 674 282 729 »ὅσα
312 671 460 730 ἀγαθοὶ
489 671 760 729 ἀποβαλέεις.
812 670 1078 730 γευσάμενοι
1105 671 1190 728 γάρ
1219 674 1310 715 τῶν
1336 671 1438 729 ἡμε-

164 753 342 810 ,,τε’ρων
371 751 578 808 ἀγαθοῖν,
616 753 911 808 περιέξονται,
961 749 1066 796 οὐδὲ
1096 750 1290 795 οἷπωστοὶ
1321 751 1439 795 ἔσον-

133 841 187 888 5,,
202 850 284 878 ται.
343 832 427 890 ἐγώ
458 832 538 890 μέν
567 849 651 877 νυν
689 836 834 876 θεοῖσι
876 831 956 888 ἔχω
986 830 1139 888 χάριν,
1178 834 1221 875 οἳ
1252 829 1334 876 οὐκ
1363 831 1434 875 ἐπὶ

162 912 307 967 ,,νόον
335 912 536 958 ποιέουσι
564 912 760 970 Πέρσῃσι
790 909 1105 966 στρατεύεσθαι
1125 910 1193 954 ἐπὶ
1215 910 1434 962 Λυδούς.“

170 997 319 1038 Ταῦτα
348 994 508 1050 λέγων,
554 991 638 1037 οὐκ
679 992 822 1036 ἔπειθε
857 991 936 1035 τόν
965 993 1175 1046 Κροῖσον.
1234 990 1431 1048 Πέρσῃσι

164 1073 274 1130 γὰρ,
305 1074 411 1128 πρὶν
440 1071 619 1124 Λυδούς
635 1071 1044 1128 καταστρέψασθαι,
1074 1064 1130 1126 ἦν
1148 1068 1247 1113 οὔτε
1271 1068 1430 1125 ἁβρὸν,

39 1148 106 1195 72
165 1153 267 1198 οὔτε
297 1151 467 1209 ἀγαθὸν
497 1151 640 1197 οὐδέν.
681 1153 735 1196 Οἱ
765 1151 810 1195 δὲ
840 1148 1137 1194 Καππαδόκαι
1164 1147 1252 1193 ὑπὸ
1278 1147 1474 1206 Ἑλλή-75
1486 1133 1769 1209 gssgsssss'ffissssstsy‘!

1487 1211 1556 1296 ἓξὲξ
1574 1202 1769 1304 {griffi

1483 1302 1562 1330 fines
1591 1303 1678 1330 tcrmi
1682 1311 1767 1338 nnnnn

1487 1344 1545 1371 quo
1571 1344 1663 1365 cursu
1686 1336 1768 1365 fera-

104 1363 231 1416 paucis
262 1364 469 1400 contentam
510 1363 548 1397 et
576 1357 677 1397 tenui
706 1357 761 1394 vi-

105 1425 183 1458 ctus
215 1418 341 1469 generi
375 1415 596 1454 adstrictam.
649 1415 759 1451 Conf.

103 1476 216 1514 modo
236 1473 406 1525 Xenoph.
427 1473 563 1523 Cyrop.
583 1471 621 1519 I,
644 1473 692 1519 3,
721 1473 760 1512 2.

102 1532 185 1580 VII,
203 1531 243 1580 5,
263 1533 329 1573 67.
360 1530 411 1577 V,
443 1532 490 1577 2,
522 1532 585 1570 16.
604 1528 763 1565 Posthac

103 1589 142 1627 in
166 1601 275 1626 omne
314 1587 520 1625 deliciarum
548 1590 585 1623 et
612 1584 761 1622 luxuriei

104 1657 222 1696 genus
258 1644 394 1682 Persas
432 1643 626 1694 prolapsos
666 1654 761 1689 esse,

104 1702 195 1739 satis
213 1706 361 1747 notum,
391 1703 431 1736 ut
449 1699 542 1737 adeo
566 1699 662 1745 vino,
687 1710 761 1747 quo

103 1758 161 1796 hic
191 1763 228 1796 et
245 1758 343 1809 apud
361 1756 647 1806 Xenophontem
667 1754 762 1803 (Cy-

101 1828 182 1866 rop.
211 1815 249 1862 Ι,
289 1818 339 1861 2,
376 1813 434 1862 8.)
476 1825 598 1850 carere
637 1812 763 1848 dicun-

100 1875 181 1919 tur,
210 1870 316 1909 valde
334 1869 561 1907 indulserint.
590 1868 673 1905 Vid.
701 1868 763 1904 In-

99 1928 157 1966 fra
175 1927 206 1976 1,
230 1928 322 1969 133-
345 1947 401 1954 -
418 1924 665 1978 διαχρέονται
683 1937 762 1962 cum

100 1988 250 2023 recentt.
284 1984 368 2022 edd.
403 1983 536 2020 retinui
570 1995 639 2033 pro
669 1981 761 2021 δια-

101 2039 337 2095 χρέωνται.
369 2039 478 2077 Conf.
507 2039 543 2088 Ι,
568 2038 634 2080 34.

159 2103 208 2149 οὕ
227 2110 330 2148 σῦκα
361 2104 405 2148 δὲ
432 2106 565 2158 ἔχουσι
585 2102 760 2159 τρώγειν,

102 2160 178 2206 οὐκ
199 2162 294 2205 ἄλλο
317 2159 486 2217 ἀγαθὸν]
517 2164 695 2214 Disputat
714 2164 761 2202 de

100 2222 170 2260 hoc
192 2222 270 2260 loco
290 2234 334 2260 ac
352 2221 535 2260 sententia
544 2221 761 2259 Herodotea

100 2278 260 2316 Iulianus
305 2278 475 2330 Imperat.
526 2277 597 2329 Ep.
634 2277 759 2314 XXlV

100 2349 138 2387 p.
167 2338 250 2377 390
278 2348 356 2385 seq.
402 2334 574 2383 Namque
600 2334 688 2371 ficus
721 2334 759 2370 in

100 2393 266 2441 frugibus
295 2391 538 2438 suavissimis,
579 2391 761 2439 arborque

100 2448 182 2499 ipsa
207 2449 246 2486 in
265 2448 588 2499 praestantissimis
607 2447 761 2484 habetur

101 2506 202 2555 apud
220 2509 374 2553 veteres,
404 2505 542 2555 quippe
559 2516 634 2553 qua
654 2503 761 2552 quid-

102 2561 191 2610 quid
209 2566 341 2598 natura
359 2574 470 2599 suave
489 2573 531 2598 ac
551 2559 654 2597 dulce
674 2573 762 2610 pro-

103 2617 198 2654 ferre
226 2622 356 2667 queat,
386 2618 532 2654 omnino
562 2617 761 2654 indicatum

104 2672 360 2711 existimemus.
383 2674 563 2718 Quocirca
584 2672 651 2710 Cr.
671 2685 760 2710 con-

103 2727 176 2765 fert
201 2728 353 2769 Homeri
380 2731 521 2780 odyss.
548 2729 642 2779 VH,
677 2731 759 2771 116

104 2795 210 2833 seqq.

160 2852 278 2891 τοῦτο
309 2849 381 2903 μὲν
411 2851 485 2905 δή,
523 2853 560 2893 εἰ
579 2849 760 2905 νικήσεις

104 2920 141 2946 κ.
159 2920 193 2946 τ.
212 2906 262 2957 L]
292 2908 434 2953 Quibus
449 2911 620 2948 continuo
638 2922 760 2962 oppo-

829 1360 983 1394 nuntur:
1012 1357 1129 1396 τοῦτο
1150 1352 1193 1395 δὲ
1209 1350 1237 1406 ἢ
1248 1370 1272 1395 ν
1297 1357 1549 1411 νικηθῇς.ωι·.

829 1413 910 1452 Nec
929 1417 1053 1451 tamen
1081 1426 1164 1450 raro
1193 1413 1245 1450 sic
1276 1413 1415 1463 opponi
1447 1412 1493 1451 εἰ

832 1474 869 1508 et
893 1465 922 1521 ἢ
937 1486 979 1517 ν,
1005 1470 1177 1520 exemplis
1198 1469 1493 1507 commonstravit

830 1527 988 1565 Werser.
1017 1527 1054 1563 in
1081 1526 1176 1564 Actt.
1196 1525 1297 1577 phill.
1321 1525 1490 1564 Monace.

829 1583 858 1632 Ι,
882 1586 903 1624 1
925 1597 1013 1635 pag.
1035 1586 1129 1625 101.

885 1657 940 1714 ἦν
966 1659 1058 1702 οὔτε
1078 1658 1254 1714 οἷβρὸν,
1283 1658 1374 1701 οὔτε
1396 1656 1491 1713 οἷγα-

830 1717 912 1758 θόν
941 1714 1083 1769 οὐδὲν]
1115 1720 1138 1756 i.
1163 1732 1195 1756 e.
1224 1718 1312 1754 nihil
1352 1717 1491 1755 Persae

831 1776 967 1814 deliciis
988 1776 1048 1824 (ut
1075 1775 1226 1826 postea)
1250 1774 1491 1823 indulgebant

829 1846 897 1870 nec
921 1833 1124 1882 quidquam
1154 1843 1280 1869 eorum
1311 1835 1389 1868 erat
1421 1830 1488 1866 illis

830 1890 1028 1935 bonorum,
1066 1901 1161 1937 quae
1191 1889 1240 1925 ad
1264 1887 1410 1925 mollem
1436 1886 1491 1924 vi-

829 1950 904 1984 tam
928 1945 1192 1995 delicatamque
1217 1945 1431 1995 perducant.

1015 2029 1082 2067 oa
1090 2043 1128 2081 p.
1157 2028 1313 2067 Lxxu.

887 2114 929 2155 οἷ
947 2112 990 2155 δὲ
1012 2109 1288 2154 Καππαδόκαι
1305 2108 1387 2151 ὖπό
1406 2109 1487 2150 Ἑλ-

829 2167 965 2224 λήνων
1014 2167 1160 2223 Σύριοι
1205 2164 1484 2219 ὀνομάζονται]

828 2230 943 2267 Hisce
970 2229 1178 2277 iungenda,
1229 2236 1329 2277 quae·
1353 2226 1393 2273 Ι,
1432 2228 1487 2267 71

828 2287 906 2324 init.
939 2289 1099 2323 exstant:
1151 2285 1326 2335 Κροῖσος
1359 2279 1402 2321 δὲ
1430 2301 1487 2310 --

828 2341 1002 2382 ἐποιέετο
1036 2341 1251 2394 στρατηΐην
1291 2338 1330 2386 ἐς
1374 2341 1487 2376 Καπ-

827 2399 1046 2446 παδοκίαν,
1096 2399 1147 2435 ita
1191 2401 1230 2434 ut
1277 2409 1371 2446 quae
1416 2395 1488 2432 hoc

828 2469 907 2506 cap.
940 2458 993 2497 71
1023 2458 1235 2501 narrantur,
1269 2452 1488 2502 interposita

827 2513 988 2562 reliquae
1016 2511 1216 2548 narrationi
1247 2510 1488 2559 quodammo-

828 2571 877 2607 do
912 2569 1116 2606 videantur.
1172 2566 1243 2604 Est
1275 2578 1360 2603 vero
1397 2564 1488 2601 illud

827 2625 1027 2664 tenendum
1066 2624 1195 2673 Syriae
1224 2634 1357 2659 nomen
1392 2621 1488 2658 anti-

826 2683 948 2732 quitus
985 2681 1099 2718 multo
1127 2679 1232 2717 latius
1267 2678 1431 2730 patuisse
1463 2689 1486 2714 a

825 2738 1031 2787 Babylonia
1055 2750 1173 2786 usque
1191 2737 1240 2774 ad
1259 2734 1487 2785 Aegyptum,

828 2795 993 2832 Ciliciam
1024 2806 1199 2842 oramque
1240 2790 1337 2828 illam
1375 2789 1487 2827 maris

826 2850 1083 2890 mediterranei
1108 2850 1269 2898 indeque
1292 2859 1419 2884 rursus
1438 2844 1487 2881 ad

828 2908 988 2947 Pontum
997 2906 1181 2944 Euxinum
1203 2917 1332 2954 usque.
1359 2900 1486 2940 Testis
