1832 3315
652 236 957 278 cL10.L
1366 241 1450 281 127

1296 345 1373 398 Ὡς
1403 347 1474 392 δὲ5

163 431 416 487 ἀπικόμενοι
443 428 488 480 ἐς
517 425 571 471 τοὶ
602 424 950 484 ἀπεπέμφθησαν
990 427 1035 469 οἱ
1063 426 1205 470 Λυδοὶ
1235 424 1453 470 οἷνέθεσαν

140 355 206 404 252⁹
229 369 328 399 τινα
358 346 542 406 στρατόν
581 345 758 403 ἀνδρῶν
788 344 1053 404 προσθέοιτο
1092 345 1253 402 φίλον,·

161 512 214 555 τὰ
243 507 500 564 ἀναθήματα
510 539 527 558 ,
568 504 776 563 ἐχρέωντο
807 511 923 550 τοῖσι
953 506 1270 562 χρηστηρίοισι,
1302 505 1451 562 λέγον·

160 601 247 640 τες·
274 620 298 640 ,,
312 590 531 643 Κροῖσος,
562 585 586 629 ὁ
619 587 783 629 Λυδῶν
804 601 848 629 τε
875 585 948 630 καὶ
979 583 1122 627 ἄλλων
1141 584 1307 628 ἐθνέων
1329 587 1453 641 βασι-
1495 590 1552 634 25

158 665 316 720 ,,λευ“ς,
345 666 530 721 νομίσας
560 664 662 709 τάδε
687 664 875 721 μαντήϊα
903 662 1016 708 εἶναι
1043 666 1186 719 μοῦνα
1212 663 1258 707 ἐν
1278 662 1498 720 ἀνθρώ-10

157 756 334 800 ,,ποισι,
373 743 480 801 ὑμῖν
504 760 548 788 τε
578 744 675 797 ἄξια
706 747 826 801 δῶρα
859 744 991 788 ἔδωκε
1019 746 1108 786 τῶν
1139 742 1453 800 ἐξευρημάτων,

156 859 181 879 ,,
196 826 268 870 καὶ
285 828 371 869 νῦν
399 821 532 880 ὑμέας
549 823 782 882 ἐπειρωτᾷ,
814 825 850 867 εἰ
869 820 1152 880 στρατεύηται
1175 824 1245 866 ἐπὶ
1265 822 1452 879 Πέρσας,

156 905 267 957 ,,καὶ
287 906 326 948 εἴ
342 920 439 948 τινα
461 902 647 958 στρατόν
674 903 851 958 ἀνδρῶν
874 901 1138 957 προσθέοιτο
1172 900 1454 959 σύμμαχονςίς

135 985 214 1028 3οῑ
244 983 325 1040 μὲν
355 987 492 1027 ταῦτα
534 982 804 1039 ἐπειρώτεον.
864 985 953 1026 τῶν
979 982 1025 1025 δὲ
1055 984 1278 1038 μαντηίων
1311 981 1454 1038 οἷμφο-

157 1062 295 1119 τέρων
321 1064 362 1115 ἐς
383 1060 523 1107 τώυτὸ
549 1065 595 1106 αἱ
624 1066 795 1120 γνῶμαι
832 1062 1131 1117 συνέδραμον,
1161 1059 1452 1118 προλέγουσαι

157 1144 358 1203 Κροίσῳ,
397 1142 452 1199 ἢν
477 1141 763 1199 στρατεύηται
785 1142 852 1185 ἐπὶ
877 1141 1072 1196 Πέρσας,
1101 1139 1291 1196 μεγάλην
1316 1139 1499 1197 ἀρχήν15

157 1239 234 1279 μιν
256 1226 507 1266 καταλῦσαι.
537 1222 639 1273 τούς
657 1223 703 1265 δὲ
717 1221 934 1278 Ἑλλήνων
967 1218 1303 1269 δυνατωτάτους
1324 1229 1453 1262 συνε-

44 1300 111 1348 54

157 1300 372 1359 βούλευόν
396 1303 440 1345 οἱ
462 1300 693 1357 ἐξευρόντα
720 1302 880 1357 φίλους
907 1300 1196 1356 προσθέσθαι.
1253 1296 1368 1341 Ἐπεί
1408 1314 1453 1342 τε
1499 1303 1603 1332 Croesi
1621 1302 1712 1339 gaudi
1717 1311 1775 1338 um

1709 1339 1774 1365 ulos

157 1380 204 1425 δὲ
245 1378 545 1437 ἀνενειχθέντα
590 1397 643 1424 τα
680 1379 926 1435 θεοπρόπια
968 1377 1153 1423 ἐπύθετο
1193 1375 1217 1421 ὁ
1245 1380 1453 1435 Κροῖσος,
1499 1372 1573 1432 Ρῗᾚ
1558 1346 1776 1439 ῙῙΟΒῘῙΞἻ·

156 1456 384 1516 ὑπερήσθη
421 1476 466 1504 τε
498 1465 612 1505 τοῖσι
639 1461 961 1517 χρηστηρίοισι·
1013 1456 1157 1514 πάγχυ
1191 1473 1235 1501 τε
1273 1457 1453 1510 ἐλπίσας
1501 1473 1541 1499 vr
1516 1444 1685 1501 qrrinf‘siiun
1664 1477 1695 1501 et
1687 1446 1776 1508 112⁵

154 1538 416 1584 καταλύσειν
449 1538 531 1597 τήν
564 1539 721 1598 Κύρου
752 1542 1006 1598 βασιληίην,
1048 1536 1221 1595 πέμψας
1255 1532 1379 1590 αὖτις
1410 1506 1564 1589 gemm)

111 1735 344 1774 statuendum
368 1735 426 1774 sit.
455 1756 512 1765 —
538 1735 598 1776 De
620 1736 771 1787 optativi
842 1735 923 1774 libri
956 1730 1214 1782 καταλύσειν,
1264 1734 1366 1784 quod
1401 1734 1500 1773 idem

110 1793 228 1829 forma
240 1791 480 1843 προσθέοιτο
492 1794 628 1830 consul.
639 1794 770 1831 Matth.

110 1848 176 1885 Gr.
190 1849 254 1885 Gr.
279 1847 314 1900 ἓ.
330 1851 412 1891 213
432 1851 548 1891 not.3
570 1863 658 1902 pag.
672 1851 767 1892 407.

166 1912 341 1969 μεγάλην
379 1913 509 1970 οἷρχήν
549 1933 618 1968 μιν
651 1933 768 1957 κατα-

109 1972 248 2024 λῦσαι]
279 1973 412 2011 Exstat
431 1975 567 2012 oraculi
587 1988 716 2013 versus
728 1975 767 2013 in

107 2030 263 2068 Diodori
297 2029 483 2081 Excerptt.
524 2031 593 2069 VII
632 2030 669 2082 ἓ.
711 2033 766 2073 28

109 2085 240 2135 (Tom.
281 2086 316 2124 II
347 2101 383 2137 p.
413 2087 466 2130 25
506 2101 590 2126 nov.
642 2088 766 2140 script.

109 2142 188 2180 coll.
220 2143 278 2181 ed
300 2143 431 2193 Mai.):

171 2212 349 2276 Κροῖσος
357 2209 486 2251 Αλυν
506 2209 674 2265 διαβάς,
698 2227 768 2264 με-

220 2263 348 2320 γαλην
379 2264 505 2321 α’ρχήν
540 2266 766 2309 καταλυσει.

111 2334 218 2379 Quae
238 2336 367 2374 Cicero
393 2337 441 2375 de
471 2337 619 2376 divinat.
642 2338 690 2386 II,
711 2338 766 2380 56

110 2391 162 2429 ita
182 2393 365 2430 reddidit:

166 2476 191 2497 ,‚
203 2449 364 2487 Croesus
384 2449 519 2499 Halym
551 2454 763 2501 penetranS‚

247 2518 419 2555 magnam
436 2512 623 2559 pervertet
651 2519 763 2558 opum

249 2562 361 2599 vim.“

112 2613 187 2653 Ubi
206 2616 311 2667 plura
330 2618 402 2656 alia
416 2624 579 2659 veterum
599 2621 765 2658 testimo-

113 2670 175 2708 nia
200 2673 319 2711 citavit
345 2674 528 2715 Davisius.
594 2676 765 2727 Namque

114 2725 163 2763 ob
192 2729 397 2779 ambiguum
434 2746 582 2772 sensum
629 2733 764 2771 oraculi

114 2793 238 2820 versus
268 2786 372 2826 valde
404 2789 606 2828 celebratus
626 2803 694 2841 per
724 2802 766 2826 o-

113 2849 234 2877 mnem
253 2842 512 2893 antiquitatem.
531 2847 766 2886 -καταλῦ-

114 2903 181 2934 σαι
220 2895 368 2948 reliqui,
415 2903 578 2951 quamvis
617 2903 767 2954 quidam

838 1793 1007 1842 sequenti
1019 1793 1136 1843 capite
1157 1804 1285 1829 omnes
1305 1791 1498 1842 praebent,

837 1863 909 1886 uno
933 1849 1118 1886 Sancrofti
1138 1848 1230 1886 libro
1254 1852 1431 1900 excepto,
1460 1847 1499 1885 in

837 1918 910 1956 quo
931 1907 1162 1945 καταλῦσαι.

1047 1984 1079 2022 C
1091 1998 1161 2036 ap.
1191 1983 1290 2023 LIV.

891 2049 1057 2104 πέμψας
1111 2046 1224 2099 αὖτις
1270 2050 1310 2098 ές
1361 2047 1498 2091 Πυθώ

835 2107 1020 2159 Δελφούς
1035 2107 1247 2161 δωρέεται]
1271 2107 1499 2157 wesseling.

835 2165 960 2204 laudat
993 2166 1112 2204 Schol.
1142 2167 1191 2203 ad
1219 2165 1372 2203 Homer.
1395 2165 1498 2202 Iliad.

834 2222 909 2270 IX,
939 2223 1043 2271 405,
1085 2223 1147 2259 ubi
1187 2223 1300 2260 haec:
1348 2218 1499 2270 Πυθώ,

834 2275 949 2326 πόλις
973 2279 1184 2327 Φωκίδος,
1214 2273 1265 2329 ἧς
1290 2274 1500 2328 οἷοίκήτο-

835 2350 899 2388 ρες
937 2336 1104 2385 Δελφοί.
1175 2330 1310 2373 Πυθώ
1359 2347 1498 2372 nomen

833 2398 890 2431 est
907 2397 985 2431 tum
1012 2394 1061 2431 de
1089 2393 1170 2430 loco
1195 2393 1272 2429 sive
1303 2390 1394 2430 sede
1413 2403 1500 2429 ora-

833 2449 925 2498 culi,
964 2453 1041 2487 tum
1075 2451 1121 2487 de
1151 2451 1349 2500 serpente,
1387 2460 1500 2497 quem

829 2506 901 2544 illic
929 2504 1063 2557 Apollo
1102 2505 1330 2543 interfecisse
1368 2505 1499 2551 fertur,

829 2564 1023 2609 usitatum3
1064 2563 1165 2612 quod
1197 2563 1337 2599 dudum
1368 2561 1499 2599 obser-

832 2620 929 2657 vavit
960 2619 1161 2670 Spanhem.
1194 2619 1243 2656 ad
1282 2616 1497 2655 Callimach.

831 2676 881 2713 H.
913 2676 953 2713 in
978 2675 1139 2726 Apollin.
1171 2686 1225 2712 vs·
1261 2676 1354 2716 100.
1414 2673 1501 2711 Hoc

834 2731 937 2779 loco,
967 2732 1029 2770 ubi
1056 2731 1273 2770 Herodotus
1304 2730 1500 2778 distinguit

833 2789 928 2827 inter
950 2785 1085 2828 Πυθώ
1109 2792 1146 2827 et
1166 2783 1380 2838 Δελφούς,
1408 2786 1498 2823 illud

834 2845 883 2883 de
903 2845 1030 2896 templi
1053 2849 1164 2895 atque
1176 2843 1311 2883 oraculi
1331 2843 1421 2881 sede
1442 2843 1498 2878 in-

834 2901 1096 2952 telligendum,
1126 2901 1197 2940 hoc
1218 2902 1267 2940 de
1293 2899 1422 2939 incolis
1453 2896 1497 2934 il-
