1759 3324
542 283 1063 323 EUTERPE.11.
1341 287 1424 329 517

164 393 501 450 ἀποσχισθέντα,
541 391 735 447 φέροντα
763 391 807 443 ἐς
840 390 1088 436 θάλασσαν·
1146 395 1262 436 τοῖσι
1291 391 1425 438 οὖνὸ-
1483 403 1563 443 112

163 491 276 531 ματα
304 472 443 515 κέεται
471 469 595 524 τάδε,
625 474 687 528 τῷ
717 471 796 526 μὲν
825 471 1040 514 Σαϊτικὸν
1070 467 1237 524 αὐτῶν,
1268 476 1328 529 τῷ
1361 474 1422 525 δὲ,

134 550 436 607 7Μενδήσιον.
494 547 544 592 τό
577 549 622 593 δὲ
652 551 912 605 Βολβίτινον
950 549 1089 606 στόμα
1117 551 1191 594 καὶ
1221 551 1271 594 τὸ
1301 555 1418 595 Bov-

159 629 338 676 κολικὸν
371 626 453 672 οὐκ
493 627 695 684 ἰθαγενέα
735 627 926 684 στόματα
957 629 1068 681 εστι,
1114 627 1208 674 αλλ’
1241 629 1419 685 ὀρυκτά.

38 720 103 766 18
157 706 409 764 Μαρτυρέει
442 707 488 751 δέ
516 724 593 764 μοι
620 711 674 764 τῇ
703 705 876 764 γνώμῃ,
908 706 975 752 ὅτι
1005 708 1196 766 τοσαύτη
1225 708 1313 752 ἐστὶ
1335 711 1416 752 Αἴ-
1474 726 1520 753 fla
1505 733 1618 786 {mmo
1601 727 1646 754 ιιῑι
1703 736 1736 755 ιιι

154 803 319 846 ymnos
358 786 467 843 ὅσην
503 786 601 831 τινὰ
630 785 714 843 ἐγω
750 785 1037 844 αποδείκνυμι
1064 792 1126 849 τῷ
1154 787 1295 844 λόγῳ,
1342 789 1522 861 καὶ,95ῑ;ῗ[Ι
1510 768 1638 863 uqui
1650 769 1751 864 ἓξὲξ

1343 871 1417 924 τῆς
1473 835 1539 895 Μ’

156 947 377 1003 ἐμεωυτοῦ
414 945 588 1003 γνώμης
624 945 809 1001 ὕστερον
846 947 944 1003 περὶ
984 949 1212 1002 Αἴγυπτον
1251 945 1418 990 ἐπυθό-

155 867 205 912 τὸ
242 865 473 923 ’Ἀμμωνος
511 866 772 924 χρηστήριον
814 866 1073 924 γενόμενον
1131 866 1181 911 τὸ
1220 867 1302 924 ἐγώ

129 1033 262 1083 Ωμην.
316 1026 360 1069 οἱ
386 1024 468 1081 γάρ
499 1024 551 1082 δὴ
581 1024 628 1070 ἐκ
656 1025 837 1083 Μαρέης
865 1042 910 1070 τε
946 1025 1099 1078 πόλιος
1135 1026 1210 1070 καὶ
1239 1023 1417 1079 Ἄπιος,

158 1247 217 1298 τῷ
237 1240 309 1296 μὲν
320 1240 509 1283 Σαὶτικον
533 1239 678 1293 αὐτῶν,
700 1247 757 1300 τῷ

104 1299 161 1349 δὲ,
189 1286 451 1351 Μενδήσιον]
489 1301 548 1338 De
577 1305 756 1340 structura

104 1359 197 1397 conf.
219 1357 348 1395 Matth.
367 1357 432 1394 Gr.
454 1356 518 1394 Gr.
551 1370 637 1408 pag.
658 1361 752 1399 610.

103 1435 158 1443 -—-
183 1408 332 1453 αὐτων
360 1425 438 1450 cum
464 1413 580 1451 Gaisf.
607 1415 753 1464 reposui

102 1483 169 1523 pro
207 1464 400 1508 αὐτέων.
443 1491 499 1496 -
546 1467 751 1522 ἰθαγενής,

102 1527 202 1577 quod
221 1526 396 1576 reperitur
416 1525 509 1562 infra
527 1539 674 1577 quoque
686 1527 749 1575 VI,

102 1584 179 1630 53,
208 1582 398 1632 exponitur
414 1577 598 1634 γνήσιος,
622 1586 749 1632 genui-

102 1653 190 1687 nus,
227 1640 385 1676 nativus.
472 1638 614 1676 Natura
656 1641 750 1678 enim

103 1708 199 1746 quae
236 1698 320 1732 sunt
349 1694 469 1742 ostia,
519 1700 752 1746 opponuntur

103 1753 171 1800 iis,
201 1763 294 1801 quae
319 1751 504 1788 hominum
533 1764 588 1789 ars
620 1752 752 1800 effecit,

104 1821 184 1848 cum
200 1807 364 1858 primitus
384 1807 530 1845 minime
542 1809 756 1856 exstiterint,

101 1869 296 1913 antequam
336 1863 520 1900 hominum
565 1866 757 1902 accesserit

101 1932 226 1972 opera.
283 1920 392 1957 Cons.
409 1919 565 1969 Gregor.
587 1921 754 1958 Corinth.

102 1978 149 2016 de
177 1976 320 2014 dialect.
362 1975 441 2013 lon.
483 1974 520 2026 ἓ.
553 1979 656 2024 161,
693 1978 753 2014 ubi

100 2033 203 2086 plura
243 2032 362 2070 Koen.
410 2037 522 2082 atque
568 2033 752 2071 Schaefer.

101 2102 188 2142 pag.
218 2089 298 2131 551
332 2087 410 2126 coll.
442 2101 528 2139 pag.
556 2089 638 2130 294
667 2090 753 2127 edit,

102 2146 244 2183 Schaef.
267 2149 304 2183 et
313 2144 475 2183 Lobeck.
494 2145 543 2182 ad
561 2145 753 2195 Phrynich.

103 2214 189 2254 pag.
218 2200 312 2244 648.

296 2285 408 2337 cap
437 2285 571 2324 xvm

161 2386 204 2410 το
225 2366 301 2435 ἐγω
325 2385 397 2421 της
425 2369 625 2421 ἐμεωυτοῦ
651 2387 756 2425 γνω-

109 2441 185 2477 μης
219 2422 384 2492 ’ὕστερον
420 2426 511 2480 περὶ
547 2428 753 2480 Αἴγυπτον

107 2478 339 2534 ἐπυθόμην]
369 2482 468 2521 Male
490 2484 574 2521 olim
599 2488 753 2539 τῇσι-

108 2540 298 2593 γνωμῇσι.
353 2539 487 2578 Verum
506 2542 660 2579 restituit
668 2543 700 2579 V
702 2541 755 2579 al

110 2578 253 2632 ekena'r.
270 2596 510 2646 probavitque
530 2597 661 2636 Matth.
687 2598 753 2635 Gr.

111 2650 176 2687 Gr·
196 2663 280 2701 pag·
301 2654 394 2693 847.
450 2651 548 2691 Nam
578 2657 648 2705 τῆς
669 2654 754 2705 ἐμε-

112 2708 242 2745 ωυτοῦ
277 2704 436 2759 γνώμης
459 2705 551 2749 ν’στε
535 2725 646 2777 cqpov
658 2711 756 2748 idem

111 2762 187 2799 sere
214 2766 269 2801 est
297 2769 404 2814 atque
435 2761 602 2817 ὕστερον
627 2762 654 2817 ἢ
681 2763 757 2819 ἐγω

113 2815 249 2869 ε’.γνων
297 2820 397 2858 Idem
433 2821 608 2862 Valcken.
650 2823 757 2860 scribi

113 2873 188 2910 vult
224 2873 312 2925 περὶ
331 2873 560 2928 Αἰγύπτους
604 2892 678 2928 quo
702 2884 759 2916 ta-

112 2942 196 2968 men
217 2943 290 2968 non
311 2944 413 2983 opus.
447 2933 555 2972 Conf.
571 2935 600 2983 I,
625 2934 718 2977 158.

881 1244 925 1285 οἵ
937 1241 1012 1298 γοῖρ
1031 1241 1083 1296 δή
1102 1242 1145 1285 ἔκ
1160 1241 1329 1298 Μαρέης
1344 1258 1384 1284 τε
1400 1239 1474 1285 πό-

823 1303 907 1348 λιος
925 1317 959 1341 κ.
980 1317 1011 1340 τ.
1031 1300 1081 1352 λ.]
1111 1299 1245 1340 Mai-ea
1268 1301 1353 1339 urbs
1374 1305 1474 1339 extra

821 1357 967 1397 Deltam
981 1363 1060 1397 erat
1077 1358 1144 1395 sita
1153 1359 1375 1396 occidentem
1391 1370 1474 1395 ver-

822 1429 884 1452 sus
903 1415 939 1452 in
959 1428 1003 1453 eo
1020 1419 1139 1453 terrae
1159 1418 1295 1461 tractu,
1325 1426 1399 1463 quo
1419 1413 1474 1450 la-

818 1485 881 1509 cus
900 1471 1075 1508 Mareotis
1105 1483 1127 1508 3
1147 1483 1247 1509 mare
1275 1474 1474 1520 separatur.

818 1527 958 1576 Magna
983 1527 1067 1565 olim
1093 1527 1161 1564 fuit
1183 1527 1290 1574 urbs,
1319 1527 1474 1575 insignis

819 1597 966 1633 quoque
996 1584 1069 1621 vini
1100 1583 1225 1634 copia,
1256 1583 1355 1633 quod
1381 1597 1401 1620 e
1421 1583 1475 1619 vi-

817 1641 913 1677 tibus
923 1639 1129 1678 Mareoticis
1149 1639 1205 1677 vel
1224 1640 1473 1677 Romanorum

820 1701 940 1735 aetate
979 1697 1218 1734 celeberrimis
1247 1696 1473 1746 percipieba-

818 1756 888 1790 tur.
946 1753 1054 1790 Conf.
1082 1752 1207 1802 Virgil.
1250 1753 1388 1801 Georg.
1425 1752 1474 1799 Il,

824 1811 876 1850 91
899 1809 984 1858 ibiq.
1009 1810 1211 1859 interprett.
1222 1806 1354 1846 Athen.
1374 1807 1407 1855 I,
1419 1807 1473 1849 25

822 1879 859 1916 p.
885 1867 961 1912 33,
989 1865 1023 1903 D
1067 1868 1104 1903 et
1132 1877 1225 1914 quae
1254 1864 1325 1901 alia
1351 1864 1476 1901 laudat

822 1921 1092 1958 Schlichthorst.
1113 1920 1136 1958 l.
1156 1921 1179 1958 l.
1208 1933 1294 1971 pag.
1314 1919 1368 1962 58
1391 1932 1472 1968 sqq.

821 1977 917 2014 Add.
955 1977 1212 2025 Schulzeitung
1241 1979 1348 2018 1829
1382 1975 1473 2025 (ll)

822 2047 876 2071 nr.
902 2033 956 2075 55
988 2047 1074 2084 pag.
1098 2032 1181 2075 462
1199 2046 1304 2082 seqq.
1344 2032 1475 2070 Primi-

822 2091 935 2128 tivum
955 2091 1051 2127 urbis
1071 2103 1205 2127 nomen
1225 2088 1478 2138 Champollio-

823 2147 860 2184 ni
881 2146 1007 2196 (l'Eg.
1027 2160 1111 2183 sous
1131 2146 1154 2183 l.
1173 2146 1276 2197 phar.
1292 2145 1325 2181 Il
1345 2158 1381 2194 p.
1396 2144 1479 2187 265

824 2204 950 2252 seqq.)
982 2203 1124 2240 videtur
1161 2202 1273 2239 fuisse
1309 2200 1420 2238 Mare*
1448 2215 1477 2238 s.

824 2259 948 2307 Mari,
983 2260 1083 2309 quod
1110 2258 1228 2296 valeat
1261 2258 1387 2294 (Ionum
1418 2272 1474 2293 so-

823 2317 887 2363 lis,
899 2316 1172 2365 Coptarumque
1190 2327 1324 2351 nomen
1336 2313 1472 2350 Pleaiut

823 2388 852 2411 s.
875 2371 1074 2422 Niplcaz'at‚
1112 2384 1184 2420 quo
1215 2371 1307 2408 hanc
1353 2370 1474 2419 regio-

821 2443 905 2468 nem
925 2428 1034 2477 vulgo
1052 2428 1269 2477 designent,
1288 2427 1384 2464 idem
1401 2426 1473 2463 Ae-

823 2486 950 2537 gyptio
983 2498 1148 2522 sermone
1184 2496 1314 2521 sonare
1326 2513 1337 2531 ,
1377 2483 1478 2532 quod

823 2543 967 2580 Graeco
988 2540 1118 2591 Libya.
1162 2539 1270 2577 Nunc
1287 2539 1389 2588 regio
1409 2552 1475 2588 ap-

821 2598 978 2650 pellatur
1003 2597 1167 2635 Mariuth
1201 2596 1382 2644 valdeque
1411 2595 1475 2632 de-

824 2659 922 2693 serta
950 2658 1005 2692 est
1032 2668 1099 2691 nec
1116 2653 1185 2690 nisi
1207 2651 1389 2689 Arabibus
1408 2664 1478 2687 n0-.

825 2711 994 2749 madibus
1041 2712 1282 2759 frequentata.
1367 2707 1477 2744 Plura

824 2767 958 2806 Ritter.
980 2766 1172 2804 Erdkund.
1187 2765 1203 2801 I
1221 2778 1257 2814 p.
1279 2763 1372 2805 864.
1392 2764 1471 2803 871

826 2837 904 2873 seq.
935 2843 992 2851 -—
1026 2822 1086 2861 De
1110 2821 1237 2872 Apidis
1271 2820 1361 2858 urbe
1390 2818 1476 2855 nihil

826 2880 973 2918 aliunde
990 2883 1145 2917 constat.
1204 2876 1277 2920 Qui
1306 2876 1400 2913 enim
1425 2874 1477 2910 vi-

827 2949 890 2974 cus
917 2935 1021 2973 huius
1063 2934 1219 2973 nominis
1248 2944 1271 2969 a
1297 2931 1479 2968 Strabone
