1777 3324
344 257 428 297 856
760 253 1230 293 HERODOTI

344 363 512 419 ἐγένετο
555 362 940 418 εὐδαιμονέστατος
984 366 1073 406 τῶν
1119 361 1334 416 πρότερον
1381 361 1610 418 βασιλέων,

344 441 407 486 ἐπ’
447 442 541 485 ἔτεα
577 442 700 485 πέντε
738 443 809 486 καὶ
851 445 986 486 εἴκοσι
1026 441 1178 495 ἄρξας·
1242 441 1287 484 ἐν
1315 445 1428 483 τοῖσι
1467 440 1534 484 ἐπί
1562 447 1665 484 τε85

343 523 521 565 Σιδῶνα
552 521 740 575 στρατὸν
773 522 928 576 ἤλασε,
959 521 1032 564 καὶ
1062 518 1330 576 ἐναυμάχησε
1357 523 1417 575 τῷ
1447 521 1608 576 Τυρίῳ.

315 599 458 642 3Ἐπεὶ
487 600 533 642 δέ
564 601 608 642 οἱ
637 599 726 642 ἔδεε
755 604 899 650 κακῶς
927 598 1150 654 γενέσθαι,
1183 599 1349 654 ἐγένετο
1381 597 1467 642 ἀπὸ
1499 614 1609 653 προ-

346 678 506 734 φάσιος
541 676 620 733 τὴν
669 677 752 732 ἐγώ
791 678 981 733 μεζόνως
1021 678 1098 732 μὲν
1133 678 1180 721 ἐν
1220 683 1331 721 τοῖσι
1373 681 1609 734 Λιβυκοῖσι

348 756 517 810 λόγοισι
556 754 856 812 ἀπηγήσομαι,
902 759 1085 812 μετρίως
1127 756 1168 799 δ’
1209 757 1256 799 ἐν
1290 760 1352 813 τῷ
1388 756 1609 809 παρεόντι.

318 833 611 888 4ἇποπέμψας
639 833 721 888 γὰρ
753 834 996 888 στράτευμα
1027 834 1050 878 ὁ
1078 833 1254 889 Ἀπρίης
1285 835 1351 877 ἐπὶ
1375 836 1606 890 ’Κυρηναί-
1620 841 1666 875 90

319 921 450 966 5ους,
494 911 731 968 μεγαλωστὶ
773 916 1071 967 προσέπταισε.
1131 912 1362 968 Αἰγύπτιοι
1401 913 1610 956 δὲταῦτα

348 988 722 1046 ἐπιμεμφόμενοι,
772 988 1022 1049 ἀπέστησαν
1063 991 1143 1036 ἀπ’
1175 990 1338 1043 αὐτοῦ,
1386 992 1610 1043 δοκέοντες

347 1070 428 1113 τὸν
454 1069 632 1125 Ἀπρίην
660 1069 707 1112 ἐκ
736 1073 948 1127 προνοίης
978 1069 1140 1123 αὐτούς
1169 1069 1421 1127 α’ποπέμψαι
1441 1071 1483 1122 ἐς
1506 1088 1610 1127 φαι-

345 1149 536 1205 νόμενον
565 1148 728 1201 κακὸν,
759 1151 833 1192 ἵνα
864 1150 916 1206 δὴ
949 1151 1098 1206 σφέων
1129 1150 1280 1206 φθορὴ
1311 1151 1499 1206 γένηται,
1532 1149 1611 1193 αὐ-

345 1228 418 1280 τὸς
448 1229 494 1271 δὲ
521 1232 612 1270 τῶν
641 1232 809 1271 λοιπῶν
838 1230 1091 1284 Αἰγυπτίων
1134 1227 1460 1285 ἀσφαλέστερον
1489 1228 1667 1286 ἄρχῃ.95

317 1311 486 1350 6ταῦτα
517 1307 562 1350 δὲ
593 1308 715 1351 δεινὰ
753 1308 1003 1363 ποιεύμενοι
1041 1303 1165 1352 οὗτοί
1203 1325 1247 1352 τε
1287 1311 1330 1352 οῖ
1364 1307 1611 1365 ἀπονοστή-

347 1397 521 1438 σαντες,
570 1387 645 1429 καὶ
677 1389 720 1430 οἵ
748 1391 837 1430 τῶν
867 1385 1154 1444 ἀπολομένων
1185 1390 1325 1443 φίλοι,
1365 1386 1609 1444 ἀπέστησαν

189 1479 288 1524 162
346 1464 394 1509 ἐκ
424 1469 499 1521 τῆς
527 1467 678 1521 ἰθείης.
742 1467 1004 1522 Πυθόμενος
1035 1468 1080 1511 δὲ
1107 1467 1281 1522 Ἀπρίης
1310 1471 1471 1519 ταῦτα,
1501 1466 1608 1522 πέμ-
1776 1510 1777 1522 ¹

1584 1544 1607 1589 ὁ
1654 1552 1735 1594 184

20 1544 291 1571 ¹¹0b2¹¹e⁸⁴⁴¹¹¹³⁸¹¹¹
346 1560 416 1588 πει
444 1542 506 1587 ἐπ’
538 1543 700 1596 αὐτούς
726 1543 934 1601 Ἄμασιν,
974 1544 1311 1590 καταπαύσοντα
1341 1544 1523 1601 λόγοισι.

21 1586 122 1612 regem
181 1579 291 1605 consti-

20 1617 124 1644 tuunt,
144 1616 174 1638 et
194 1613 292 1646 Aegy-

20 1645 73 1679 μῆ
108 1646 218 1673 caeteri
255 1645 292 1672 01,
350 1623 395 1667 δὲ
426 1623 514 1667 ἐπεί
542 1640 586 1667 τε
616 1623 877 1681 ἀπικόμενος
896 1625 1190 1682 κατελάμβανε
1213 1626 1316 1676 τοὺς
1332 1626 1610 1680 Αἰγυπτίους,

20 1679 129 1706 sactum
148 1679 245 1713 Apriis
262 1679 294 1706 in

18 1713 227 1745 Patartmmin,
254 1712 292 1740 ad
349 1706 485 1746 ταῦτα
514 1703 572 1759 μή
611 1703 774 1747 ποιέειν
811 1704 1015 1761 λέγοντος
1054 1703 1214 1758 αὐτοῦ,
1261 1708 1349 1748 τῶν
1378 1721 1442 1755 τις
1470 1706 1638 1759 slew-1

25 1748 40 1772 Α
47 1748 140 1775 masin
194 1751 292 1774 trans-

19 1785 100 1809 cunt.

290 1888 367 1926 licis
382 1888 488 1927 valde
508 1891 651 1928 deditus
675 1894 792 1938 esset,
822 1890 946 1940 Aegy-

290 1946 447 1995 ptiorum
474 1947 612 1984 animos
641 1960 786 1984 aversos
816 1960 946 1998 exper-

293 2006 352 2038 tus
380 2008 450 2048 est,
470 2004 607 2053 quippe
624 2004 685 2052 qui
704 2017 771 2053 pro
794 2016 859 2039 suo
878 2017 945 2054 pe-

292 2058 520 2106 regrinorum
543 2061 627 2096 odio
656 2060 860 2096 istiusmodi
883 2072 945 2097 ex-

289 2114 496 2164 peditiones
515 2116 714 2164 aegerrime
741 2115 867 2153 tulisse
890 2116 945 2151 vi-

291 2169 458 2206 deantur.
523 2171 606 2208 Vid.
632 2172 792 2209 Heeren.
830 2172 943 2209 Ideen

285 2223 342 2270 Π,
361 2229 387 2266 2
405 2238 490 2275 pag·
503 2226 596 2267 404.
625 2227 684 2265 De
708 2229 942 2277 expeditione

287 2281 489 2329 Cyrenaica
513 2283 613 2319 huius
633 2284 731 2330 regis
754 2285 799 2319 cf.
829 2284 940 2321 etiam

287 2336 440 2373 Diodor.
462 2337 572 2374 Sicul.
596 2339 629 2385 Ι,
651 2341 715 2379 68.
747 2360 798 2365 -

345 2395 398 2445 τῷ
438 2392 591 2446 Τυρίῳ]
627 2394 648 2429 i.
680 2408 711 2431 e.
758 2394 941 2443 Tyriorum

289 2451 378 2497 regi.
420 2449 527 2485 Cons.
549 2450 584 2496 Ι,
609 2453 634 2490 2
650 2479 661 2497 ‚
689 2462 736 2486 ne
757 2450 938 2499 plura.—

291 2504 404 2541 Paulo
434 2509 541 2542 antea
566 2518 646 2542 cum
672 2505 790 2542 Gaisf.
813 2507 943 2542 rescri-

291 2561 349 2611 psi
376 2559 583 2610 βασιλέων
613 2575 680 2612 pro
707 2558 940 2612 βασιλήων.

349 2615 433 2655 ἐπεὶ
453 2615 494 2655 δέ
517 2616 558 2655 οἷ
579 2616 660 2656 ἔθεε
688 2620 820 2663 κακῶς
839 2617 942 2669 γενέ-

292 2671 404 2722 σθαι]
435 2673 517 2709 Vid.
539 2672 577 2720 l,
599 2676 624 2714 8
646 2674 732 2722 ibiq.
755 2678 847 2710 nott.

347 2727 390 2767 ἐν
411 2732 513 2768 τοῖσι
532 2730 747 2780 Λιβυκοῖσι
775 2726 938 2781 λόγοισι]

291 2784 374 2821 vid.
393 2785 486 2822 infra
506 2785 568 2831 lV,
593 2786 693 2834 159,
732 2786 794 2822 ubi
818 2787 865 2823 de
884 2787 940 2823 his

291 2842 399 2878 rebus
431 2842 632 2891 exponitur.
698 2841 849 2879 Minime
878 2855 944 2879 au-

291 2903 363 2934 tem
385 2897 440 2935 hic
457 2898 692 2946 cogitandum
706 2898 751 2935 de
772 2898 941 2948 peculiari

1013 1892 1228 1942 scriptione,
1255 1902 1364 1940 quam
1383 1891 1430 1928 de
1450 1889 1570 1939 Libya
1588 1889 1668 1928 He-

1011 1949 1163 1986 rodotus
1192 1948 1448 1998 composuerit.

1069 2016 1286 2070 μεγαλωστὶ
1307 2015 1583 2067 προσέπταισε]
1608 2014 1667 2053 De

1012 2076 1124 2112 verbo
1147 2075 1405 2125 προσπταίειν
1422 2074 1494 2110 vid.
1519 2077 1594 2109 not.
1619 2072 1668 2108 ad

1011 2131 1051 2178 Ι,
1072 2131 1136 2171 65.
1171 2152 1227 2159 -
1256 2131 1296 2167 In
1324 2143 1426 2178 seqq.
1459 2129 1498 2175 ἒς
1529 2125 1667 2178 φαινό-

1012 2201 1134 2237 μενον
1163 2184 1288 2226 κακόν
1320 2190 1395 2223 est:
1440 2187 1479 2222 in
1513 2184 1666 2234 mam'fe-

1011 2247 1101 2280 stum
1114 2272 1124 2290 ,
1154 2247 1310 2293 apertum
1331 2244 1488 2278 exitium.

1065 2309 1188 2359 αὐτός
1225 2311 1267 2352 δὲ
1293 2333 1348 2339 —
1380 2309 1501 2363 ἄρχῃ]
1551 2307 1667 2364 ἄρχῃ,

1009 2371 1109 2418 quod
1131 2370 1213 2405 libri
1232 2368 1393 2405 nonnulli
1418 2367 1668 2405 subministra-

1008 2426 1117 2470 bant,
1149 2438 1227 2461 cum
1252 2425 1369 2461 Gaisf.
1391 2424 1547 2474 reposui.
1578 2423 1666 2459 Vul-

1010 2494 1058 2530 go
1080 2477 1202 2530 σ’ίρχοι.
1220 2502 1275 2507 -
1300 2481 1359 2516 Ad
1380 2480 1600 2517 locutionem
1623 2478 1666 2518 ἐκ

1009 2539 1079 2586 τῆς
1094 2536 1226 2586 ἰθείης
1245 2538 1280 2583 (e
1299 2539 1460 2585 vestigio,
1482 2537 1664 2584 continuo)

1009 2594 1104 2630 cons.
1125 2592 1167 2632 ἐκ
1190 2591 1280 2644 νέης
1301 2593 1340 2641 Ι,
1361 2596 1413 2635 60
1436 2593 1521 2642 ibiq.
1542 2592 1664 2630 laudd.

1191 2705 1222 2742 C
1234 2717 1302 2756 ap.
1334 2704 1484 2742 CLXII.

1053 2785 1227 2838 ’Ἁμασιν
1251 2817 1262 2836 ,
1309 2783 1544 2827 καταπαύ
1558 2799 1663 2827 σον-

1009 2859 1029 2881 τ
1039 2859 1063 2881 α
1094 2840 1270 2896 λόγοισι]
1301 2845 1360 2881 Ad
1378 2845 1527 2882 verbum
1548 2858 1662 2882 κατα-

1009 2896 1157 2939 παύειν
1179 2903 1273 2939 conf.
1294 2901 1324 2949 l,
1344 2903 1409 2942 86.
1427 2903 1493 2942 90.
1512 2900 1559 2948 ll,
1574 2900 1665 2942 144.
