1759 3324
536 232 1050 272 EUTERPEII.
1328 237 1412 278 593

152 340 311 396 τράγος
339 340 530 396 ἐμίσγετο
561 337 834 395 ἀναφανδόν.
882 345 1013 385 τοῦτο
1044 341 1087 393 ἐς
1117 342 1303 395 ἐπίδεξιν
1332 344 1411 389 ἀυ-

27 419 96 465 4Ί
150 418 340 473 θρώπων
369 417 555 462 ἀπίκετο.

646 420 746 463 νὸὲ
775 419 1009 475 Αἰγύπτιοι
1036 420 1198 476 μιαρόν
1226 422 1407 478 ἥγηνται

1466 421 1542 449 Sues
1561 426 1591 451 et
1603 424 1739 455 subulcos

1464 456 1603 491 Aegwtii
1653 467 1739 487 aver-

1462 494 1582 517 samur:

1634 491 1739 521 Lunae

149 499 311 553 θηρίον
341 494 476 550 dvm,
506 497 578 540 καὶ
608 502 738 541 τοῦτο
766 498 866 553 μὲν,
905 497 960 555 ἦν
987 514 1052 550 τις
1079 499 1228 557 ψαύσῃ
1259 499 1497 547 mthvQOa,
1515 523 1736 554 nanchooemi

1460 562 1516 590 pel·
1533 565 1661 591 aunum,
1688 568 1738 586 (30-

144 575 313 629 παριών
340 573 419 626 ὑὸς
448 573 619 620 αυτοῖσι
658 579 887 632 ἱματίοισι,
933 577 1010 621 ἀπ’
1043 581 1106 621 ὠν
1134 578 1265 636 ἔβαψε
1293 579 1403 623 ἐωυ-
1459 578 1738 657 geffquewgffllsusso

142 653 246 705 τόν,
275 652 356 710 βὰς
383 654 453 698 ἐπὶ
481 654 560 699 τὸν
588 655 810 713 ποταμόν·

142 732 286 784 ἐόντες
322 733 556 790 Αἰγύπτιοι
592 735 802 792 ἐγγενέες,
852 737 895 788 ἐς
935 735 1036 793 ἱρόν
1074 735 1204 782 οὐδὲν
1238 741 1327 781 τῶν
1356 737 1403 781 ἐν

83 963 259 1013 religione
292 964 490 1015 petendam
530 978 630 1013 esse,
670 967 742 1015 qna

83 1021 216 1059 ductae
236 1021 403 1059 mulieres
422 1021 513 1058 Pani
533 1023 608 1060 sive
628 1023 740 1069 hirco,

84 1077 160 1115 eius
199 1077 385 1126 symbolo,
427 1091 467 1116 se
497 1080 739 1128 permiserint,

82 1133 119 1170 in
137 1133 285 1170 dubium
304 1134 425 1171 vocari
456 1136 592 1184 nequit.
644 1135 738 1173 Vide

82 1202 192 1239 supra
211 1194 361 1236 notata3
391 1191 521 1239 quibus
551 1191 615 1228 Cr.
649 1191 684 1228 h.
713 1191 736 1228 l.

81 1245 169 1282 addi
186 1246 261 1283 vult
283 1246 592 1296 Payne—Knight
618 1247 737 1296 inqui-

79 1313 122 1350 ry
141 1314 189 1339 on
207 1302 358 1351 symbol.
378 1302 550 1352 languag.
570 1316 655 1354 pag.
680 1302 734 1345 24

134 1416 253 1453 τοῦτο
291 1412 333 1461 ἐς
363 1413 536 1462 ἐπίδεξιν
572 1410 733 1466 α’νθρώ-

77 1484 166 1509 πων
185 1465 372 1521 απίκετο]
403 1471 546 1520 Steger.
571 1471 730 1509 Praestat

76 1539 162 1578 pag.
182 1527 256 1564 XII
280 1531 366 1578 post
390 1529 506 1566 τοῦτο
525 1528 634 1565 inseri
657 1528 732 1565 vult

77 1581 131 1622 δ’
113 1597 143 1622 ε.
182 1582 285 1621 Libri
300 1585 432 1622 vetusti
451 1597 524 1621 non
544 1585 729 1621 addicunt.

74 1639 160 1689 Ipsa
183 1640 295 1677 verba
315 1641 459 1678 Graeca
485 1640 569 1678 olim
587 1641 637 1677 sic
656 1639 730 1677 La-

73 1696 151 1733 tine
179 1696 341 1733 reddita:
371 1696 432 1733 hoc
459 1698 498 1733 in
524 1699 728 1733 ostentatio-

73 1764 151 1789 nem
169 1751 342 1789 hominum
359 1755 538 1802 pervenit,
562 1765 583 1789 a
603 1766 731 1790 recen-

73 1808 213 1845 tissimo
244 1808 442 1858 interprete
477 1808 602 1846 melius
634 1808 729 1846 hunc

73 1864 110 1901 in
136 1865 285 1902 modum
319 1877 491 1915 expressa
529 1870 630 1902 sunt:
666 1865 729 1902 hoc

74 1921 305 1968 (concubitus
332 1921 542 1970 intelligitur
572 1921 657 1958 hirci
684 1934 727 1959 ac

71 1976 228 2014 mulieris
249 1977 368 2026 palam
387 1979 523 2022 factus)
548 1978 596 2015 ad
616 1977 727 2015 leomi-

71 2045 154 2071 num
170 2035 333 2070 notitiam
351 2036 523 2083 pervenit.
582 2033 728 2071 Iablon-

72 2089 171 2128 skins
212 2089 295 2126 olim
326 2094 504 2128 verterat:
556 2090 727 2139 huiusque

71 2148 125 2184 rei
142 2145 310 2184 videndae
325 2146 519 2184 hominibus
538 2148 639 2196 copia
654 2146 725 2196 fa-

71 2207 131 2240 ιτα
164 2206 226 2239 est.
284 2201 338 2240 Ac
364 2203 520 2252 denique
550 2202 722 2240 Aemilius

69 2257 201 2296 Portus
218 2259 273 2297 ita
289 2258 359 2296 loci
377 2272 523 2297 sensum
536 2271 724 2309 expresse-

69 2318 144 2352 rat:
174 2315 237 2352 Iaeoc
252 2317 290 2352 in
316 2315 489 2352 hominum
508 2315 723 2352 demonstra-

69 2372 194 2408 tionem
213 2367 330 2419 venit,
360 2372 399 2408 id
419 2376 499 2419 est,
529 2372 722 2408 hominibus

66 2429 244 2476 innotuit,
272 2429 326 2465 ita
345 2431 386 2465 ut
415 2441 526 2464 omnes
550 2428 611 2465 hoc
629 2428 724 2466 indi-

68 2488 187 2522 carent
205 2497 249 2522 ac
272 2483 553 2521 demonstrarent.

251 2567 284 2606 C
296 2581 317 2605 a
326 2581 363 2619 p.
391 2567 542 2606 XLVII.

124 2642 177 2688 ὗν
198 2647 240 2689 δέ
261 2647 477 2704 Αἰγύπτιοι
502 2648 648 2704 μιαρόν
676 2647 721 2702 ἥ-

68 2719 206 2756 γηνται
232 2708 381 2759 θηρίον
408 2704 535 2759 εἶναι]
595 2708 720 2746 Nolim

67 2759 138 2798 huc
165 2762 295 2802 afferre
323 2764 474 2802 aliorum
504 2765 719 2815 scriptorum

66 2817 271 2855 testimonia
304 2824 380 2857 tum
425 2822 472 2859 de
511 2820 717 2871 Aegyptiis,

67 2876 142 2909 tum
171 2872 218 2910 de
243 2873 319 2911 aliis
347 2877 573 2927 antiquitatis
598 2878 718 2926 genti-

119 2925 327 2968 HERonor.
357 2932 386 2969 Ι.

859 660 992 701 τοῦτο
1024 657 1092 711 δὲ,
1124 659 1168 701 οἱ
1196 659 1399 714 συβῶται,

809 966 876 1003 bus
907 979 988 1004 sues
1010 967 1276 1015 aversantibus,
1313 973 1376 1006 aut
1396 982 1459 1006 va-

808 1023 879 1059 rias
912 1035 1124 1061 enumerare
1156 1037 1282 1061 causas
1319 1026 1364 1062 ab
1391 1026 1458 1064 illis

806 1079 993 1129 proditas,
1023 1092 1104 1116 cum
1130 1081 1278 1119 abunde
1308 1081 1376 1118 hoc
1404 1083 1460 1119 fe-

806 1136 896 1171 cerit
920 1136 1089 1172 Bochart.
1109 1135 1314 1174 Hierozoic.
1336 1137 1382 1184 ll,
1402 1140 1458 1179 57

803 1203 891 1241 pag.
909 1194 1002 1233 702.
1036 1191 1101 1228 Cr.
1123 1193 1259 1229 consuli
1279 1192 1356 1230 vult
1378 1194 1456 1231 Ge-

805 1260 883 1284 sen.
908 1248 954 1283 ad
984 1248 1090 1284 Iesai.
1115 1246 1232 1296 LXV,
1250 1247 1275 1289 4
1305 1262 1341 1298 p.
1359 1252 1455 1297 278,

803 1303 864 1351 qui
884 1303 1038 1340 Iudaeos
1059 1304 1097 1339 in
1119 1304 1197 1340 suili
1220 1317 1326 1342 carne
1351 1318 1455 1343 aver-

803 1359 919 1395 sanda
934 1360 1052 1396 minus
1084 1359 1301 1397 valetudinis
1332 1374 1454 1399 curam

799 1414 988 1462 habuisse,
1019 1416 1086 1453 sed
1111 1416 1340 1454 finitimarum
1361 1429 1453 1466 gen-

798 1471 885 1507 tium
905 1471 1238 1523 ‚Aegjptiorum‚
1277 1472 1451 1521 Arabum,

795 1527 1019 1565 Phoenicum
1047 1541 1186 1566 morem
1214 1533 1354 1566 secutos
1392 1543 1451 1567 es-

798 1597 837 1621 se
858 1585 995 1621 statuit.
1056 1584 1175 1627 Quam
1197 1590 1317 1623 antem
1340 1586 1449 1623 moris

797 1652 942 1677 causam
971 1640 1162 1677 habuerint
1190 1645 1226 1679 et
1249 1641 1340 1678 aliae
1360 1655 1451 1691 gen-

796 1700 850 1733 tes
873 1700 909 1734 et
928 1709 1013 1733 vero
1026 1696 1253 1746 potissimum
1264 1697 1451 1748 Aegyptii,

796 1752 944 1788 vixdum
982 1757 1080 1789 certo
1121 1753 1283 1790 indicare
1316 1753 1451 1791 licebit.

797 1808 856 1845 Cf.
876 1809 1034 1846 Heeren.
1052 1808 1164 1846 Ideen
1182 1809 1215 1845 Il
1227 1838 1238 1856 ‚
1260 1812 1286 1850 2
1303 1823 1340 1860 p.
1356 1810 1448 1850 151.

796 1863 856 1900 Ad
875 1864 1055 1901 Herodoti
1071 1865 1186 1901 locum
1207 1865 1342 1902 huncce
1361 1867 1449 1902 facit

795 1919 976 1957 Plutarch.
990 1922 1036 1958 de
1048 1921 1092 1957 ls.
1109 1925 1145 1958 et
1157 1921 1292 1958 Osirid.
1304 1935 1340 1972 p.
1352 1922 1450 1967 353,

795 1976 846 2024 F,
893 1977 954 2013 ubi
980 1977 1286 2026 lVyttenbaehius
1326 1990 1348 2014 a
1382 1977 1450 2015 Cr.

793 2032 962 2069 laudatus
981 2033 1017 2068 in
1028 2033 1296 2070 Animadverss.
1318 2047 1355 2083 p.
1370 2036 1451 2074 176

794 2102 870 2137 seq.
890 2093 1035 2138 praeter
1064 2089 1133 2126 alia
1165 2089 1289 2126 laudat
1309 2090 1450 2127 Aelian.

792 2145 841 2182 N.
860 2144 903 2182 A.
932 2145 980 2193 X,
1004 2148 1054 2186 16
1078 2150 1115 2182 et
1131 2144 1298 2181 Proclum
1317 2145 1353 2182 in
1372 2145 1451 2183 He-

793 2201 886 2238 siod.
909 2202 1010 2251 Opp.
1033 2205 1070 2238 et
1090 2201 1139 2239 D.
1161 2204 1256 2242 767.

848 2252 1001 2296 οιῦτοῖσι
1024 2255 1234 2308 ἱματίοισι]
1248 2256 1449 2295 Articulum

790 2317 891 2353 τοῖσι
908 2318 993 2351 ante
1015 2313 1205 2364 ἵματίοισι
1225 2318 1324 2351 recte
1347 2313 1449 2351 dele·

790 2371 841 2407 vit
859 2369 1102 2420 Wesseling.,
1132 2370 1195 2419 qui
1228 2370 1325 2407 idem
1347 2369 1449 2406 locu-

789 2427 924 2464 tionem
943 2427 1081 2474 aliquot
1099 2426 1272 2475 exemplis
1292 2426 1449 2463 illustra-

788 2483 849 2521 vit.
908 2482 969 2519 Tu
989 2483 1062 2520 vid.
1092 2482 1270 2520 Matthiae
1291 2482 1357 2518 Gr.
1379 2482 1446 2519 Gr.

789 2552 876 2590 pag.
893 2538 988 2579 741.
1046 2538 1107 2576 Ad
1138 2538 1248 2575 verba
1281 2552 1336 2576 απ
1348 2532 1445 2577 ’ὦν

791 2594 918 2647 ἔβαψε
937 2596 1032 2632 conf.
1051 2594 1107 2642 ΙΙ,
1132 2596 1199 2635 39
1225 2596 1290 2634 40-

847 2652 888 2691 οἰ
915 2651 1111 2701 συβωται,
1151 2646 1283 2695 ἐόντες
1313 2645 1444 2699 Αἰγυ-

788 2722 895 2747 πτιοι
914 2704 1086 2771 ἐγγενέες
1107 2721 1142 2745 κ.
1154 2722 1185 2745 τ.
1195 2704 1243 2757 λ]
1266 2705 1443 2743 Valckeu.

788 2770 873 2802 ante
891 2758 1017 2810 ἐόντες
1040 2763 1153 2800 inseri
1183 2763 1259 2800 vult
1287 2763 1448 2813 palticu-

785 2820 858 2857 lam
877 2819 966 2867 καὶ,
997 2824 1037 2856 ut
1069 2832 1196 2858 sensus
1227 2819 1293 2855 sit:
1325 2830 1448 2866 quam-

785 2879 840 2914 vis
867 2877 1054 2926 indigenae
1091 2878 1173 2912 sint.
1249 2874 1328 2911 Sed
1358 2873 1445 2910 nihil

1110 2932 1166 2971 38

1457 656 1581 689 molant,
1597 659 1738 686 etimmo-

1458 678 1587 717 latarum
1599 692 1737 719 carnibus

1462 728 1643 752 v2escuutur
1663 733 1735 760 quo-

1459 756 1545 783 modo
1565 766 1615 785 eas
1633 758 1656 784 Ι
1659 767 1735 787 uuae

1456 790 1619 826 immolent,
1639 796 1670 820 et
