1814 3315
667 192 884 233 CLIO.
942 194 970 232 1.
1365 201 1444 240 151

178 306 517 364 εὐπρεπέστατον
557 302 802 359 φανέεσθαι
853 303 1035 360 ἔχουσα,
1079 303 1275 361 ἤλαυνον
1314 305 1357 357 ές
1395 308 1444 351 τὸ

179 387 304 436 ἄστυ,
352 382 632 439 προδρόμους
667 381 863 440 κήρυκας
899 382 1256 441 προπέμψαντες,
1309 391 1353 433 οἳ
1391 388 1444 433 τοὶ

176 463 452 519 ἐντεταλμένα
481 461 699 519 ἠγόρευον
727 464 770 516 ἐς
781 464 830 508 τό
855 463 966 508 ἄστυ
986 462 1269 521 ἀπικόμενοι,
1298 467 1444 524 λέγον-
1456 475 1501 510 35

148 554 244 596 7τες
271 541 441 586 τοιάδε·
472 537 546 594 „³52
575 541 823 600 Ἀθηναῖοι,
855 543 1034 588 δέκεσθε
1055 543 1212 603 ἀγαθῷ
1233 546 1324 608 νόῳ
1346 551 1444 592 Πει-

173 624 461 678 ,,σίστρατον,
493 621 572 666 τὸν
598 620 707 680 αὐτὴ
731 622 757 680 ἡ
784 621 995 681 Ἀθηναίη
1025 624 1240 682 τιμήσασα
1270 623 1441 681 ἀνθρώ-

171 735 196 754 ,,
209 717 305 745 πων
332 701 541 758 μάλιστα,
572 702 748 759 κατάγει
777 703 821 755 ἐς
849 703 930 760 τήν
959 705 1124 760 ἑωυτῆς
1154 703 1440 759 άκρόπολιν.“

145 782 235 824 8οῑ
264 781 343 837 μὲν
373 780 426 837 δὴ
458 786 595 825 ταῦτα
625 783 951 839 διαφοιτέοντες
979 784 1150 838 ἔλεγον·
1207 782 1364 828 αὐτίκα
1392 785 1440 829 δὲ

170 861 214 912 ἔς
239 877 283 905 τε
312 860 416 912 τοὺς
440 861 606 918 δήμους
636 861 767 919 φάτις
797 862 997 917 ἀπίκετο,
1028 863 1088 914 ὦς
1113 862 1316 920 Ἀθηναίη
1331 868 1437 908 Πει-
1496 871 1551 910 29

169 942 404 995 σίστρατον
433 940 631 997 κατάγει·
683 942 758 986 καὶ
787 944 832 987 οἱ
859 943 906 986 ἐν
945 947 1007 1000 τῷ
1036 942 1158 987 ἄστεϊ
1183 945 1491 1001 πειθόμενοι41

169 1019 249 1076 τήν
275 1025 464 1076 γυναῖκα
494 1020 606 1065 εἶναι
637 1019 776 1079 αὐτὴν
805 1021 886 1079 τὴν
913 1022 1046 1076 θεὸν,
1077 1022 1373 1079 προσεύχοντό
1393 1040 1438 1068 τε

166 1098 248 1157 τὴν
277 1098 547 1156 ἄνθρωπον,
580 1101 653 1144 καὶ
686 1101 887 1146 ἐδέκοντο
917 1101 996 1146 τὸν
1025 1104 1349 1157 Πεισίστρατον.

45 1170 109 1215 61

281 1177 532 1236 Ἀπολαβών
560 1180 606 1224 δὲ
635 1179 716 1237 τὴν
744 1183 988 1237 τυραννίδα
1012 1180 1162 1237 τρόπῳ
1186 1185 1249 1238 τῷ
1271 1181 1434 1239 εἰρημέ-
1492 1196 1590 1226 Uxore
1630 1197 1766 1259 Ybutens.

168 1275 231 1319 νῳ
262 1257 286 1303 ὁ
319 1261 649 1315 Πεισίστρατος,
697 1259 808 1304 κατοὲ
836 1261 916 1318 τὴν
945 1258 1183 1317 ὁμολογίην
1212 1260 1293 1317 τὴν
1321 1262 1432 1316 πρός
1444 1238 1632 1324 453ἓῗυῐῗῆῑῗ
1645 1237 1767 1313 532¹?-

1488 1307 1503 1325 (τ
1519 1307 1542 1324 ns
1561 1299 1673 1332 illlam,
1698 1307 1768 1326 οο-ι-

167 1339 401 1395 Μεγακλέα
438 1338 677 1396 γενομένην
712 1339 863 1397 γαμέει
907 1344 989 1384 τοῦ
1034 1341 1320 1398 Μεγακλέους
1353 1358 1432 1398 την
1488 1332 1769 1402 3ζιζῖἷ“ἳῗξῗᾱὲ;ξξῖ

1486 1402 1596 1469 ἷῆἒῗιέἱῖἐ
1609 1400 1767 1462 υῗιὶιίῑῖἱῖο

108 1550 245 1596 bitum,
275 1561 342 1599 quo
365 1548 518 1586 maxime
545 1546 668 1585 decora
696 1561 767 1586 esse

108 1606 357 1655 adparitura.“
414 1604 475 1641 Ad
512 1617 660 1642 sensum
691 1619 765 1642 non

109 1663 224 1710 male3
253 1675 409 1711 namque
430 1659 690 1710 προδέξαντες
709 1662 767 1698 vix

109 1719 207 1757 aliud
237 1732 322 1757 esse
352 1719 510 1764 videtur,
540 1730 670 1766 quum:
701 1721 767 1765 „ei

110 1775 306 1825 (mulieri)
334 1777 408 1812 iam
434 1773 632 1810 indicantes
661 1775 764 1812 laabi-

108 1837 183 1871 tum
213 1845 257 1869 ac
284 1834 445 1882 speciem,
501 1844 571 1880 qua
607 1835 766 1869 assumta

102 1890 362 1941 formosissima
380 1887 572 1925 videbatur.
597 1888 765 1938 Scripse-

107 1959 186 1984 ram
219 1946 327 1993 haec,
365 1958 446 1982 cum
480 1956 502 1980 a
542 1946 619 1981 viro
655 1946 762 1981 docto

108 2004 270 2052 quodam
288 2003 326 2039 in
342 2001 575 2052 Ephemerid.
587 2001 760 2038 Halenss.

110 2061 219 2102 1828
241 2072 320 2097 nro,
342 2061 397 2101 64
412 2072 448 2108 p.
468 2059 550 2099 519
574 2057 691 2095 locum
710 2058 763 2095 sic

106 2115 321 2166 explicatum
359 2115 573 2153 invenirem:
630 2144 653 2163 ,,
667 2129 763 2163 προ-

108 2171 288 2220 δέξαντες
317 2174 447 2223 σχῆμα
480 2166 569 2210 οἶόν
593 2186 631 2210 τι
667 2169 764 2220 (ὥς)

109 2224 421 2281 εὐπρεπέστατον
451 2226 593 2278 ἔχουσα
634 2227 765 2279 ἔμελλε

108 2284 347 2335 φανέεσθαι,
371 2287 474 2336 prius
492 2287 766 2322 monstraverant

109 2342 267 2380 habitum
291 2343 428 2393 qualem
453 2342 661 2392 (tanquam)
691 2354 767 2379 ma·-

109 2401 202 2436 xime
222 2399 381 2436 decorum
402 2399 529 2436 habens
555 2401 766 2448 apparitura

109 2460 218 2500 esset3
253 2458 303 2493 sie
330 2456 452 2493 hatten
478 2456 538 2493 ihr
564 2457 637 2493 eine
665 2454 764 2494 Hal-

109 2515 200 2561 tung
236 2515 399 2562 gemigt,
434 2514 473 2550 in
498 2512 559 2549 der
588 2514 660 2560 xie,
699 2514 766 2549 wie

111 2579 193 2605 man
211 2573 410 2617 erwartete,
439 2569 494 2606 als
514 2571 553 2606 in
562 2567 622 2605 der
640 2569 763 2605 scleb'n—

113 2627 187 2660 sten
213 2626 404 2663 erscheinen
424 2625 582 2663 wardef‘
594 2647 650 2654 -—
665 2625 764 2662 Pau-

113 2678 149 2715 lo
174 2685 259 2737 ante
279 2681 319 2729 ἐς
346 2678 453 2734 ἅρμα
483 2677 765 2734 ἐσβιβάσαντες

114 2738 188 2771 est:
217 2750 331 2783 „cum
357 2741 396 2776 in
423 2751 564 2776 currum
578 2741 764 2789 imposuis-

115 2794 190 2827 sent
208 2792 344 2831 illam.“
381 2795 534 2833 Confert
557 2795 623 2835 Cr.
648 2795 764 2833 Hem-

117 2847 226 2884 sterh.
248 2850 295 2887 ad
311 2848 460 2889 Lucian.
489 2851 523 2889 11
552 2865 589 2902 p.
609 2853 703 2893 238.

893 1544 1036 1588 αὐτίκα
1073 1546 1117 1588 δὲ
1159 1547 1199 1596 ἔς
1227 1562 1267 1588 τε
1290 1544 1385 1595 τούς
1422 1544 1492 1600 δή-

836 1620 936 1656 μους
974 1602 1093 1655 φάτις
1135 1601 1324 1656 ἀπίκετο]
1373 1602 1494 1653 φάτις

835 1662 892 1699 hie
912 1668 987 1700 est:
1018 1675 1154 1709 rumor,
1173 1662 1302 1712 fama,
1331 1661 1408 1699 coll.
1435 1662 1493 1698 in-

833 1720 890 1755 fra
915 1719 971 1766 ΙΙ,
1007 1723 1098 1760 102.
1128 1718 1219 1756 Aliis
1248 1718 1337 1756 locis
1363 1718 1493 1755 dicitur

834 1771 947 1826 λόγος
981 1777 1136 1826 μῦθος,
1183 1774 1253 1812 alia
1289 1775 1327 1812 id
1362 1788 1492 1824 genus,

835 1832 882 1870 (le
918 1833 1049 1882 quibus
1082 1833 1287 1869 Creuzerus
1314 1831 1376 1869 in:
1421 1830 1492 1869 Hi-

832 1894 921 1926 stor.
944 1889 1068 1927 Kunst
1088 1889 1154 1927 der
1175 1887 1320 1927 Griech.
1349 1901 1386 1939 p.
1409 1890 1491 1930 178

831 1959 911 1996 seq.

888 2000 958 2041 καὶ
985 2000 1027 2040 οἵ
1052 2000 1094 2041 ἐν
1124 2002 1179 2055 τῷ
1206 1997 1320 2040 ι’ίστεϊ
1336 1995 1489 2040 πειθό-

831 2058 958 2111 μενοι]
991 2057 1044 2105 oi,
1075 2059 1175 2108 quod
1194 2058 1408 2109 plerumque
1424 2058 1488 2095 de-

832 2120 912 2164 est,
940 2116 1116 2153 adscitum
1141 2128 1163 2153 e
1192 2115 1410 2164 quibusdam
1445 2114 1488 2150 li-

832 2173 927 2221 bris,
986 2172 1024 2208 in
1055 2172 1185 2221 quibus
1215 2171 1333 2208 lineae
1359 2183 1489 2221 supra-

832 2230 1005 2279 scriptum
1051 2228 1194 2277 legitur.
1251 2223 1490 2278 πειθόμενοι

831 2298 1025 2337 perperam
1045 2299 1067 2323 a
1090 2285 1242 2322 librariis
1262 2284 1300 2320 in
1324 2284 1489 2334 pluribus

833 2343 940 2380 codd.
972 2345 1148 2379 mutatum
1171 2341 1209 2378 in
1237 2337 1464 2391 πυθόμενοι
1473 2354 1487 2386 ‚·

832 2400 1057 2449 „namque‚“
1081 2403 1123 2435 ut
1145 2397 1382 2446 VVesselingii
1406 2401 1489 2433 utar

831 2455 975 2502 verbis,
1004 2459 1077 2502 „ut
1110 2454 1294 2492 mulierem
1320 2466 1387 2505 pro
1416 2454 1487 2491 dea

829 2513 1050 2558 adorarent,
1111 2512 1294 2548 incessere
1345 2510 1487 2547 animos

823 2570 1007 2619 persuasio
1026 2568 1153 2606 debuit
1169 2567 1413 2604 divinitatisf‘

1038 2652 1070 2690 C
1081 2664 1104 2689 a
1113 2665 1151 2703 p.
1179 2650 1280 2689 LXI.

888 2735 1025 2790 γαμέει
1046 2739 1120 2776 τοῦ
1139 2733 1402 2788 Μεγακλέους
1415 2731 1490 2786 τὴν

830 2792 1048 2846 θυγατέρα]
1081 2808 1104 2846 y
1115 2808 1140 2832 α
1152 2791 1205 2845 μέ
1219 2807 1236 2831 ε
1246 2808 1261 2832 ι
1293 2793 1332 2829 in
1359 2792 1490 2838 activo,

832 2855 873 2889 ut
891 2852 940 2890 de
966 2853 1068 2899 viro,
1096 2862 1178 2888 cum
1206 2851 1244 2887 in
1273 2849 1395 2887 medio
1410 2847 1488 2900 ple-
