1759 3324
554 234 977 273 EUTERPE.
1028 235 1075 273 IL

1349 237 1434 278 599

173 344 401 401 συλλαβῶν
427 341 506 386 τόν
543 341 679 398 λόγον
708 341 861 397 ἔφηνε·
910 341 1007 386 ἀλλ’
1049 345 1094 387 οἱ
1133 342 1432 400 ἐπιγενόμενοι

143 424 311 478 4τούτῳ
341 421 546 477 σοφισταὶ
576 419 767 476 μεζόνως
795 421 1019 477 ἐξέφηναν.
1049 420 1130 466 τόν
1158 421 1203 465 δ’
1235 417 1296 466 ὧν
1318 428 1432 479 φαλ-

172 503 252 547 λόν
279 499 358 544 τόν
395 503 458 555 τῷ
486 498 692 557 Διονύσῳ
734 500 1014 557 πεμπόμενον
1043 500 1315 557 Μελάμπους
1344 502 1431 546 ἐστὶ
1443 509 1489 543 60

172 581 196 626 ὁ
225 577 599 636 κατηγησάμενος·
629 580 702 623 καὶ
733 579 818 623 ἀπὸ
849 580 1009 624 τούτου
1036 579 1255 636 μαθόντες
1281 585 1431 625 ποιεῦ-

138 666 216 703 5σι
243 657 296 702 τοὶ
325 662 496 702 ποιεῦσι
511 657 729 715 Ἕλληνες.

787 658 892 714 Ἐγώ
939 659 1019 716 μέν
1058 659 1142 703 νύν
1184 677 1296 717 φημι
1334 664 1432 704 Me·-

166 737 368 794 λα’μποδα
395 736 630 792 γενόμενον
660 737 801 794 ἄνδρα
827 739 992 795 σοφόν,
1022 737 1236 796 μαντικήν
1253 755 1297 783 τε
1319 739 1429 783 ἑωυ-

164 821 226 876 τῷ
257 821 489 873 συστῆσαι,
519 818 592 860 καὶ
623 817 881 872 πυθόμενον
918 815 997 861 ἀπ’
1026 817 1278 874 Αἰγύπτου,
1319 816 1429 863 ἄλλα

164 913 210 941 τε
237 896 379 939 πολλὰ
414 896 711 953 ἐσηγήσασθαι
745 896 944 953 Ἕλλησι,
999 897 1072 940 καὶ
1109 897 1163 941 τὰ
1211 899 1313 953 περὶ
1349 897 1428 942 τὸν

135 973 412 1026 6Διόνυσον,
442 974 567 1031 ὀλίγα
598 973 745 1018 αὐτῶν
774 974 1122 1029 παραλλάξαντα.
1172 975 1227 1019 οὐ
1255 976 1339 1032 γὰρ
1371 975 1424 1033 δή
1487 973 1566 1012 128

165 1055 419 1110 συμπεσέειν
456 1072 503 1111 γε
543 1054 670 1111 φήσω
703 1053 757 1098 τά
792 1071 836 1098 τε
873 1055 920 1098 ἐν
948 1054 1156 1112 Αἰγύπτῳ
1186 1055 1481 1112 ποιεύμενα66

104 1265 180 1288 non
216 1251 338 1288 omnia
373 1249 536 1299 singula,
585 1262 680 1298 quae
708 1250 756 1287 ad

104 1307 236 1345 Bacchi
266 1319 368 1344 sacra
395 1307 622 1356 pertineant,
651 1319 757 1343 accu-

102 1363 280 1401 ratissime
293 1363 442 1400 Graecis
461 1363 679 1412 exposuerit,
690 1363 756 1400 sed

103 1419 187 1468 alii,
216 1419 279 1468 qui
298 1419 416 1469 ipsum
443 1419 555 1455 secuti
579 1422 664 1455 sunt
692 1431 756 1455 va—

103 1480 158 1514 tes
187 1476 461 1523 sacerdotesve,
489 1474 579 1512 haec
610 1475 758 1525 supple-

102 1532 221 1570 verint
230 1544 446 1581 omnemque
459 1531 658 1568 doctrinam
672 1545 757 1581 per-

102 1588 265 1626 fecerint.
323 1588 446 1626 Verba
477 1587 652 1639 φαίνειν,
679 1587 755 1626 δει-

101 1639 250 1684 κνύναι
285 1646 322 1682 in
373 1657 553 1681 sacrorum
590 1644 755 1681 doctrina

102 1701 357 1751 mysteriisque
376 1701 570 1751 praecipue
592 1700 755 1738 adhiberi

102 1758 271 1795 observat
288 1758 386 1794 idem
407 1757 538 1794 CreuZ.
558 1756 581 1793 l.
605 1756 628 1793 l.

158 1808 250 1852 ἀλλ’
278 1813 319 1852 οἱ
334 1809 603 1864 ἐπιγενόμενοι
622 1806 751 1864 τούτῳ

102 1868 290 1920 σοφισταὶ
323 1865 496 1920 μεζόνως
527 1867 747 1919 ἐξέφηναν]

101 1923 295 1975 σοφιστάς
314 1926 349 1963 h.
371 1926 393 1962 1.
414 1926 503 1962 dixit
520 1925 674 1963 honesto
691 1924 750 1962 vel

99 1983 221 2033 potius
242 1982 440 2019 honorifico
455 1995 577 2029 sensu,
590 1986 630 2018 ut
640 1993 752 2031 supra

99 2038 130 2087 I,
151 2041 227 2086 29,
255 2039 318 2076 ubi
344 2039 418 2076 vid.
465 2038 545 2076 Nee
566 2038 670 2076 aliter
696 2037 751 2073 in-

98 2096 156 2132 fra
182 2094 455 2146 Melampodem
484 2098 589 2131 vocat
611 2089 752 2143 σοφόν.

97 2150 196 2189 Add.
222 2150 380 2189 Pausan.
415 2150 522 2195 VIII,
550 2149 604 2191 49
642 2149 679 2201 ἓ.
712 2153 750 2191 2.

97 2207 353 2256 Intelliguntur
382 2211 502 2244 autem
523 2206 557 2243 h.
580 2205 603 2244 l.
631 2219 751 2243 sacer-

98 2264 204 2301 dotes
239 2263 488 2314 Melampodei
526 2263 602 2300 sive
630 2275 750 2300 sacer-

97 2320 203 2358 dotes
221 2319 271 2357 illi
284 2349 296 2368 ‚
326 2320 388 2370 qui
403 2318 673 2369 Melampodem
691 2332 749 2357 se-

96 2376 169 2414 cuti
194 2375 252 2414 vel
287 2388 332 2414 ex
363 2389 407 2413 eo
441 2375 612 2426 prognati
646 2387 750 2413 sacra

95 2431 272 2469 Bacchica
305 2431 458 2483 amplius
498 2434 749 2482 propagarunt

96 2500 166 2538 per
183 2488 387 2526 Graeciam.
444 2488 488 2525 In
510 2488 640 2537 quibus
673 2488 747 2525 Or-

95 2544 230 2594 pheum
276 2544 485 2582 habendum
532 2557 615 2582 esse
664 2556 746 2581 cum

95 2599 280 2638 Creuzero
311 2600 493 2650 (Symbol.
511 2600 564 2637 ΠΙ
586 2613 624 2650 Ρ
645 2600 746 2648 168)

97 2653 196 2692 haud
235 2657 485 2695 dubitandum.
540 2656 592 2693 Et
620 2657 746 2694 confer

97 2709 238 2749 Herod.
257 2711 306 2760 ΙΙ,
327 2715 393 2755 81.
428 2713 552 2751 Verba
571 2706 747 2764 μεζόνως

99 2763 295 2816 ἐξέφηναν
331 2769 514 2817 (maiorem
542 2770 581 2806 in
608 2768 747 2805 modam

93 2820 356 2875 patefecerunt)
366 2827 414 2863 ad
430 2825 623 2864 meliorem
628 2829 667 2863 et
686 2838 748 2863 ac-

100 2877 315 2918 curatiorem
340 2882 597 2921 Bacchicorum
609 2923 616 2933 ⁴
627 2894 748 2921 sacro-

824 1263 902 1288 rum
941 1250 1168 1302 disciplinam
1200 1263 1244 1289 ac
1279 1252 1481 1292 doctrinam

824 1308 1015 1345 referenda
1035 1312 1136 1355 sunt,
1165 1321 1275 1357 quam
1294 1308 1392 1347 hisce
1416 1322 1481 1347 va-

823 1363 918 1400 tibus
946 1364 1072 1401 debuit
1108 1364 1286 1410 Graecia3
1326 1378 1480 1415 quorum

823 1420 1022 1457 eorundem
1038 1421 1151 1470 opera
1170 1421 1277 1458 etiam
1302 1420 1479 1472 Apollinis

824 1488 926 1513 sacra
952 1480 1063 1525 atque
1092 1476 1227 1514 Bacchi
1261 1481 1347 1528 post
1383 1478 1479 1516 bella

824 1545 959 1581 magna
980 1533 1221 1582 diuturnaque
1239 1533 1333 1571 inter
1348 1534 1479 1571 utrius-

824 1602 896 1637 que
928 1589 987 1626 dei
1019 1588 1174 1627 cultores
1203 1594 1348 1638 exorta,
1387 1603 1479 1639 quo-

823 1645 1018 1682 dammodo
1051 1645 1253 1696 composita
1285 1651 1322 1683 et
1348 1659 1479 1684 recon-

821 1700 943 1738 ciliata
968 1701 1122 1748 fuerint,
1151 1707 1325 1739 monente
1353 1702 1418 1740 Cr.
1440 1703 1477 1740 in

821 1756 981 1805 Symbol.
1000 1757 1051 1793 ΙΙΙ
1073 1769 1159 1806 pag.
1184 1759 1285 1805 163,
1310 1758 1373 1807 qui
1394 1771 1476 1796 cum

820 1812 1034 1850 Herodoteo
1073 1813 1152 1851 loco
1194 1815 1352 1851 conferri
1399 1815 1475 1852 vult

819 1868 962 1906 Platon.
982 1869 1117 1917 Cratyl.
1139 1883 1175 1920 p.
1190 1869 1286 1917 407,
1306 1870 1350 1908 B.
1370 1884 1405 1921 p.
1418 1873 1472 1912 81

818 1924 970 1962 Heindf.
1001 1929 1038 1963 et
1063 1925 1155 1962 haec
1182 1930 1374 1976 praeterea
1405 1928 1474 1964 ad-

819 1982 980 2032 scripsit:
1010 2009 1036 2029 „
1048 1982 1142 2018 Cum
1161 1981 1230 2019 hac
1250 1983 1474 2020 emendatio·

818 2050 866 2075 ne
885 2037 1070 2075 doctrinae
1090 2037 1287 2075 Bacchicae
1304 2039 1472 2088 adeoque

817 2093 997 2145 phallicae
1039 2094 1238 2144 comparari
1278 2095 1390 2132 debet
1426 2108 1472 2133 ea

816 2150 1025 2187 vicissitudo
1076 2149 1283 2187 Indicarum
1326 2150 1472 2200 religio-

816 2219 926 2254 num,
962 2218 1035 2255 qua
1064 2205 1241 2244 Wischnu
1268 2206 1471 2256 phallorum

815 2262 949 2300 cultum
967 2274 991 2300 a
1010 2262 1153 2300 Schiwa
1168 2263 1339 2300 traditum
1346 2276 1470 2301 emen-

815 2319 925 2357 dasse
959 2319 1083 2356 fertur.
1152 2318 1263 2356 Conf.
1295 2319 1470 2359 GoerreS.

813 2374 1092 2424 Mythengesch.
1119 2387 1157 2426 p.
1179 2374 1261 2416 559
1282 2387 1361 2426 seq.
1378 2376 1468 2426 ibiq.

813 2431 963 2469 laudd.“

869 2482 1064 2539 μαντικήν
1088 2500 1129 2526 τε
1160 2483 1296 2540 ἑωυτῷ
1316 2488 1468 2538 συστῆ-

814 2542 902 2594 σαι]
935 2544 959 2581 ἰ.
982 2556 1015 2581 e.
1046 2546 1156 2581 artem
1173 2543 1399 2581 vaticinandi
1418 2546 1469 2581 ει·-

812 2600 849 2638 bi
867 2601 1119 2650 acquisivisse,
1149 2611 1374 2651 comparasse.
1404 2600 1466 2638 Cf.

807 2656 972 2706 I,103

869 2727 918 2752 ου
959 2727 1034 2778 γαρ
1071 2707 1123 2763 δη
1160 2708 1394 2762 σνμπεσὲειν
1423 2724 1467 2763 γε

814 2763 935 2820 φήσω
952 2783 1001 2808 τα
1027 2782 1067 2807 τε
1097 2766 1140 2808 ἐν
1159 2763 1351 2822 Αἰγύπτῳ
1377 2781 1466 2806 ποι-

815 2821 985 2877 εύμενα]
1033 2824 1138 2862 Haec
1164 2825 1275 2862 verba
1304 2825 1351 2862 ab
1384 2823 1463 2860 aliis

816 2882 936 2921 minus
956 2884 1054 2920 recte
1073 2879 1278 2929 intellecta,
1304 2881 1398 2918 bene
1414 2879 1465 2917 sic
