1759 3324
368 260 453 300 762
765 263 1236 304 HERODOTI

370 364 493 422 αὖτις
531 369 668 415 ὀπίσω
699 372 746 416 ἐκ
769 377 850 417 τοῦ
888 375 988 428 ἱροῦ
1025 373 1208 431 ἀπάγειν
1236 391 1312 431 μιν
1338 374 1441 427 τούς
1469 374 1632 429 λύκους

206 447 305 491 123
365 449 408 501 ἐς
446 449 586 494 τώυτό
626 453 798 507 χωρίον.
865 458 986 498 Τοῖσι
1025 454 1104 510 μέν
1142 470 1226 497 νυν
1265 452 1339 499 ὑπ’
1379 457 1631 512 Αἰγυπτίων

30 510 199 538 inferorum
259 512 310 551 qni

29 545 209 579 principes:
245 553 308 572 am·
367 530 639 586 λεγομένοισι
674 531 849 587 χράσθω
891 533 998 591 ὅτεῳ
1029 533 1082 577 τοὶ
1111 537 1294 578 τοιαῦτα
1325 535 1493 579 πιθανά
1523 536 1631 580 ἐστι·

28 586 106 605 mam
117 578 243 605 hominis
250 579 310 613 pri-

28 619 92 638 ¹¹¹⁰³
145 613 309 651 *tegyvffl’s
367 609 461 665 ἐμοὶ
492 609 537 653 δὲ
568 609 684 665 παρὰ
714 609 855 654 πάντα
892 612 971 656 τόν
1009 613 1143 669 λόγον
1178 611 1428 667 ὑπόκειται,
1478 614 1543 659 ὅτι
1573 614 1625 658 τοὶ
1642 622 1688 655 70

28 644 139 672 dixisse
158 652 308 672 immorta-

27 679 84 706 lem
121 687 188 706 esse
230 687 308 713 quae

27 713 124 746 epm„
152 716 200 739 m
228 713 307 740 ,nme
364 687 575 744 λεγόμενα
614 687 692 731 ὑπ’
725 688 916 734 ἑκάστων
945 689 1057 748 ἀκοῇ
1093 691 1263 748 γράφω.
1331 691 1631 750 ἇρχηγετεύειν

27 754 171 772 annorum
215 745 308 773 finitis

27 779 161 806 amamus
212 783 309 806 muta-
367 766 413 810 δὲ
442 771 531 809 τῶν
558 764 674 810 κάτω
711 768 942 824 Αἰγύπτιοι
972 771 1148 826 λέγουσι
1177 770 1390 828 Δήμητρα
1418 774 1492 816 καὶ
1520 772 1630 817 Διό-

25 812 156 839 tionibus
175 813 203 839 in
214 812 309 840 homi-

26 854 94 873 ¹¹⁶¹¹¹
113 846 267 882 remigret.
337 853 520 889 Ξνυσον.
581 849 758 902 Πρῶτοι
788 848 834 892 δὲ
862 849 936 892 καὶ
969 848 1095 893 τόνδε
1123 850 1201 894 τὸν
1233 849 1367 906 λόγον
1395 850 1629 907 Αἰγύπτιοί

305 1055 414 1092 cem.“
470 1054 566 1092 Add.
587 1055 717 1093 Creuz.
742 1057 904 1105 Symbol.
926 1058 961 1095 II

300 1125 390 1163 pag.
419 1112 498 1152 130
519 1125 621 1162 seqq.
651 1113 729 1154 154
749 1126 852 1163 seqq.
882 1115 961 1152 coil.

303 1169 464 1206 Heeren.
487 1168 600 1207 ldeen
624 1169 678 1216 ΙΙ,
705 1174 732 1212 2
759 1184 846 1221 pag.
866 1174 960 1212 201.

361 1251 506 1291 ἐείκοσι
529 1252 728 1303 σταδίους]
759 1254 880 1304 Vulgo
902 1254 961 1294 εἴ·

303 1321 404 1348 κοσι.
464 1309 618 1358 Vid.11,
641 1313 718 1352 121
748 1312 837 1361 ibiq.
868 1317 959 1350 nott.

475 1423 581 1474 Cap.
613 1423 786 1461 cxxni.

359 1504 444 1558 ἐμοὶ
465 1504 506 1545 δὲ
528 1503 635 1558 παρὰ
656 1503 787 1547 πάντα
811 1505 880 1548 τόν
902 1504 960 1549 λό-

300 1579 373 1616 γον
396 1559 604 1603 ὑπόκειται
627 1579 660 1602 κ.
684 1579 714 1602 τ.
741 1564 788 1615 λ.]
820 1566 855 1602 id
881 1570 956 1603 est:

299 1621 389 1658 mihi
412 1634 493 1657 vero
521 1623 558 1657 in
580 1623 673 1657 omni
692 1621 757 1658 liac
776 1625 955 1659 narratio—

298 1690 341 1714 ne
362 1677 400 1714 τά
418 1680 616 1728 impositum
636 1681 706 1725 est,
733 1682 794 1724 ut,
826 1693 913 1729 quae
933 1693 958 1716 a

298 1734 451 1783 singulis
486 1738 637 1772 narrata
673 1735 820 1782 audivi,
868 1738 958 1773 scri-

299 1791 388 1828 bam.
415 1791 566 1828 Retinui
586 1786 654 1830 ὕπ’
676 1787 874 1841 ἑκάστων,
896 1806 958 1830 cu-

298 1849 355 1884 ius
375 1847 456 1884 loeo
475 1848 677 1897 Schweigh.
707 1853 743 1886 et
769 1849 955 1886 Gaisford.

298 1909 514 1954 receperunt
536 1902 635 1956 ὑπὲρ
657 1900 852 1953 ἑκάστων,
879 1907 956 1943 sine

266 1967 269 1969 ’
298 1961 432 1998 idonea
452 1974 583 2008 causa,
623 1965 664 1998 ut
692 1962 776 1998 mihi
808 1963 956 2011 quidem

298 2018 454 2054 videtur.
512 2017 692 2055 Matthiae
723 2019 871 2055 retinuit
888 2013 955 2057 ὑπ’

299 2069 487 2112 ἑκάστων.
516 2094 573 2101 —
599 2073 657 2110 Ad
679 2069 782 2127 οἷκοῇ
808 2076 903 2112 conf.
926 2075 955 2122 I,

302 2131 393 2169 171.
438 2129 494 2176 ΙΙ,
524 2132 590 2171 29.
624 2129 716 2170 148.
747 2130 880 2167 Siebel.
907 2131 955 2167 ad

299 2185 456 2222 Pausan.
487 2185 559 2233 Ill,
579 2185 632 2226 25
663 2184 699 2236 ἓ.
722 2187 746 2227 5
777 2199 865 2236 pag.
887 2189 952 2228 80.

355 2236 629 2292 ἄρχηγετεόειν
660 2240 703 2281 δὲ
732 2244 812 2281 τῶν
846 2238 952 2281 κάτω

298 2294 515 2347 Αἰγύπτιοι
555 2296 712 2348 λέγουσι
757 2293 952 2349 Δήμητρα

297 2352 366 2392 καὶ
388 2349 602 2403 Διόνυσον]
633 2354 655 2391 i.
676 2368 706 2393 e.
737 2359 953 2402 „memorant

296 2413 413 2446 autem
463 2410 658 2459 Aegyptii,
713 2413 952 2460 principatum

295 2466 392 2516 apud
422 2466 554 2516 inferos
589 2470 699 2503 tenere
739 2467 889 2503 Cererem
919 2470 952 2504 et

296 2522 518 2560 Bctccltimzf‘
557 2517 750 2573 Δήμητρα
771 2524 950 2570 dedimus,

297 2578 499 2627 Schweigh.
521 2580 632 2615 secuti
661 2584 770 2627 atque
790 2579 951 2616 Creuze-

297 2648 378 2672 rum
398 2636 435 2671 in
454 2647 582 2671 comm.
602 2636 740 2673 Herod.
761 2648 845 2685 pag.
868 2637 949 2675 308

297 2694 374 2728 not.
397 2694 503 2737 291,
534 2691 595 2727 ubi
613 2691 737 2741 plura,
768 2693 830 2739 qui
855 2691 952 2727 idem

297 2747 346 2784 de
374 2751 591 2796 argumento
622 2749 785 2797 disputat
810 2761 844 2797 p.
872 2748 951 2786 173

296 2815 375 2852 seq.
402 2805 506 2844 310:
545 2802 641 2849 „De
665 2803 809 2840 Baccho
830 2808 865 2840 et
887 2802 950 2838 Ce-

297 2871 388 2906 rere,
426 2863 602 2909 tanquam
630 2865 853 2897 mortuorum
883 2859 951 2894 do-

298 2915 427 2964 minis,
444 2928 519 2953 non
538 2920 591 2954 est
609 2917 711 2966 quod
728 2915 850 2953 multis
871 2927 951 2952 ver-

1030 1059 1086 1096 bis
1119 1071 1309 1110 exponam.
1379 1058 1476 1096 Sunt
1506 1058 1622 1096 Osiris
1649 1063 1686 1097 et

1030 1114 1123 1164 Isis,
1154 1116 1215 1164 qui
1226 1115 1430 1153 Amenthen
1447 1120 1628 1165 occupant
1647 1119 1684 1153 et

1030 1174 1273 1209 moderantur.
1329 1172 1514 1209 Diodorus
1541 1171 1683 1209 Siculus

1028 1229 1070 1277 I,
1094 1231 1159 1270 96.
1179 1251 1235 1255 ——
1263 1228 1321 1266 De
1342 1229 1497 1265 Osiridis
1521 1232 1557 1265 et
1577 1228 1682 1265 Isidis

1028 1286 1231 1321 nominibus
1266 1285 1416 1322 Graecis
1434 1285 1512 1334 ipse
1529 1288 1684 1322 testatur

1027 1342 1242 1379 Herodotus
1260 1342 1293 1378 Π
1307 1370 1318 1389 ,
1337 1341 1392 1383 42
1423 1346 1460 1378 et
1481 1342 1546 1382 59.
1595 1341 1682 1378 Plu-

1027 1399 1169 1435 tarchus
1187 1398 1234 1435 de
1254 1398 1299 1435 Is.
1323 1402 1362 1435 et
1383 1398 1518 1434 Osirid.
1539 1411 1574 1447 p.
1597 1399 1682 1438 362

1029 1468 1056 1492 s.
1079 1454 1160 1495 485
1192 1456 1298 1503 seq.“
1345 1454 1556 1503 Sequuntur
1577 1454 1681 1504 plura

1027 1512 1074 1548 de
1096 1511 1296 1556 Amenthe,
1322 1523 1417 1559 quae
1437 1509 1556 1546 malim
1580 1510 1682 1560 apud

1026 1567 1145 1618 ipsum
1187 1568 1409 1604 Creuzerum
1456 1566 1540 1615 legi.
1597 1566 1680 1604 Nec

1026 1625 1122 1662 enim
1153 1624 1323 1670 dubium,
1363 1623 1456 1660 hanc
1479 1623 1680 1672 Aegyptio-

1024 1693 1103 1717 rum
1131 1681 1362 1717 sacerdotum
1397 1680 1511 1716 fuisse
1544 1679 1680 1716 doctri-

1024 1750 1130 1781 nam,
1161 1740 1221 1783 ut,
1252 1737 1316 1786 qui
1342 1735 1391 1772 dii
1413 1736 1534 1772 omnia
1556 1736 1604 1772 ad
1624 1735 1679 1771 lu-

1025 1807 1103 1831 cem
1122 1793 1307 1842 vitamque
1333 1793 1490 1839 ducant,
1521 1804 1564 1829 ea
1586 1804 1680 1841 quo-

1024 1863 1096 1899 que
1130 1854 1274 1886 mortua
1305 1849 1483 1898 recipiant
1519 1849 1678 1898 indeque

1023 1906 1100 1944 iure
1121 1906 1245 1944 inferis
1265 1905 1439 1955 praesint.

1081 1964 1232 2013 πρῶτοι
1249 1959 1291 2000 δὲ
1314 1961 1381 2000 καὶ
1402 1956 1517 2001 τόνδε
1530 1957 1677 2001 τόνλό-

1023 2033 1095 2071 γον
1120 2034 1154 2057 κ.
1174 2034 1205 2057 τ.
1228 2017 1276 2068 λ.]
1321 2018 1494 2056 Creuzer.
1521 2018 1544 2055 l.
1578 2018 1675 2056 laud.

1022 2088 1108 2126 pag.
1135 2075 1218 2116 315
1257 2087 1379 2124 seqq.:
1437 2074 1675 2123 „Larcherus

1022 2132 1239 2169 Herodotea
1258 2131 1369 2168 verba
1387 2132 1437 2168 ita
1465 2131 1542 2168 vult
1562 2130 1677 2180 expli-

1021 2188 1115 2234 cari,
1140 2192 1181 2224 ut
1199 2187 1371 2237 Aegyptii
1390 2187 1524 2224 fuerint
1540 2187 1677 2235 migra-

1019 2244 1127 2281 tionis
1155 2244 1356 2280 animorum
1381 2243 1487 2293 primi
1518 2247 1677 2279 asserto-

1019 2313 1088 2336 res.
1147 2299 1262 2336 Recte
1274 2328 1284 2346 ,
1316 2299 1381 2336 sed
1399 2303 1521 2336 tamen
1539 2312 1618 2335 curn
1637 2299 1676 2336 in

1018 2356 1124 2392 aliam
1154 2355 1369 2392 sententiam
1399 2355 1435 2391 h.
1468 2354 1490 2391 l.
1520 2356 1675 2393 traxisse

1019 2412 1210 2448 videantur
1236 2415 1272 2448 et
1300 2415 1440 2447 veteres
1468 2411 1607 2460 aliquot
1637 2415 1675 2449 et

1019 2468 1269 2504 recentiores:
1318 2468 1518 2504 accuratius
1555 2468 1592 2504 in
1621 2468 1675 2504 his

1018 2524 1200 2572 agendum
1241 2522 1382 2560 videtur
1419 2536 1509 2560 esse.
1576 2523 1674 2561 Nam

1018 2579 1173 2629 primum
1203 2578 1370 2616 Clemens
1408 2579 1674 2617 Alexandrinus

1018 2636 1190 2671 Stromat.
1212 2634 1284 2681 VI,
1307 2639 1333 2675 2
1361 2648 1396 2684 p.
1424 2637 1507 2677 752
1536 2636 1672 2674 Potter.

1020 2692 1209 2728 seiunctim
1235 2690 1293 2727 illa
1314 2692 1542 2740 pronuntiat:
1565 2689 1673 2743 παροὶ

1021 2743 1265 2798 Πυθαγόρου
1289 2744 1330 2784 δὲ
1352 2746 1418 2785 καὶ
1442 2744 1514 2797 τήν
1535 2745 1672 2799 ψυχήν

1019 2797 1226 2841 ἀθάνατον
1248 2799 1350 2841 εἶναι
1371 2799 1541 2842 Πλάτων
1555 2803 1671 2843 ἕσποι-

1018 2870 1110 2897 κεν·
1152 2858 1193 2897 οἰ
1219 2856 1282 2906 δὲ,
1313 2854 1403 2910 παρ’
1426 2859 1670 2911 Αἰγυπτίων,

1017 2915 1183 2952 nimirum
1220 2914 1326 2952 Plato
1367 2919 1402 2953 et
1429 2915 1669 2967 Pythagoras
