1832 3315
267 672 336 720 58

61 738 165 772 Quare
171 738 340 778 plurimum

62 772 199 800 creverin
184 777 215 799 ιι
236 773 340 801 Helle-

63 813 136 837 nes3
175 805 307 842 Pelasgi,

62 839 170 869 miuus·

398 247 482 287 14⁰

791 246 1259 286 HERODOTI

369 355 475 399 4καὶ
511 356 595 411 γὰρ
635 355 690 414 δὴ
727 354 829 401 οὔτε
869 357 913 400 οἱ
951 359 1277 413 Κρηστωνιῆται
1308 353 1540 412 οὐδαμοῖσι
1567 358 1657 400 τῶν

397 437 480 478 νῦν
510 446 646 491 σφεας
673 434 1006 490 περιοικεόντων
1036 435 1118 479 εἰσὶ
1144 433 1439 491 ὁμόγλωσσοι,
1482 432 1582 478 οὔτε
1612 436 1659 478 οἱ
1726 443 1780 482 27

398 515 661 570 Πλακιηνοί·
691 516 816 571 σφίσι
845 514 912 565 δὲ,
943 512 1234 570 ὁμόγλωσσοι·
1268 515 1448 570 δηλοῦσί
1476 529 1544 566 τε,
1574 512 1654 566 ὅτι,

394 593 472 637 τὸν
502 592 728 649 ἠνείκαντο
757 591 953 649 γλώσσης
981 597 1238 650 χαρακτῆρα
1258 594 1588 649 μεταβαίνοντες
1612 592 1655 645 ἐς
1666 599 1711 634 70

393 676 530 716 ταῦτα
558 671 610 714 τα
639 672 799 727 χωρία,
828 674 988 714 τοῦτον
1016 671 1159 727 ἔχουσι
1191 672 1237 716 ἐν
1267 676 1456 729 φυλακῇ.

1521 671 1579 715 Τὸ
1607 671 1655 716 δὲ

392 749 642 807 Ἑλληνικὸν
667 747 841 805 γλώσσῃ
872 749 971 804 μὲν,
1021 750 1112 793 ἐπεί
1139 766 1184 794 τε
1213 750 1402 806 ἐγένετο,
1447 752 1530 795 αἰεί
1558 767 1656 794 κοτε

396 832 450 885 τῇ
491 826 603 883 αὐτῇ
640 827 904 883 διαχρέεται,
956 826 1014 879 ὥς
1052 828 1149 884 ἐμοὶ
1185 830 1497 884 καταφαίνεται
1527 829 1651 873 εἶναι.

366 905 664 961 2ἆποσχισθὲν
691 904 838 961 μέντοι
867 904 952 950 ἀπὸ
984 910 1064 949 τοῦ
1103 910 1389 962 Πελασγικοῦ,
1423 908 1497 951 ἐὰν
1526 907 1654 951 ἀσθε-

395 984 490 1036 νὲς,
533 982 617 1028 ἆπό
652 989 837 1040 σμικροῦ
865 1001 936 1029 τεο
965 983 1045 1041 τὴν
1074 982 1211 1041 ἀρχὴν
1241 984 1544 1041 ὁρμειόμενον,
1574 983 1649 1029 αὔ·
1663 993 1708 1028 75

395 1065 518 1121 ξηται
563 1063 607 1116 ἐς
654 1068 823 1121 πλῆθος
869 1068 957 1109 τῶν
1002 1063 1171 1108 ἐθνέων
1207 1068 1409 1117 πολλῶν,
1467 1063 1652 1122 μάλιστα

396 1259 465 1300 καὶ
485 1256 560 1313 γοῖρ
596 1256 647 1312 δή
685 1257 778 1300 οὔτε
814 1260 855 1300 οἱ
883 1263 990 1311 Κρη-

341 1318 554 1368 στωνιῆται
576 1332 613 1356 κ.
635 1331 670 1356 τ.
691 1316 741 1368 λ.]
771 1316 881 1368 Apud
900 1317 989 1354 Dio-

338 1373 482 1421 nysium
538 1373 786 1411 Halicarnass.
839 1373 987 1423 Antiqq.

339 1428 485 1466 Romm.
511 1429 549 1477 l,
581 1433 634 1472 29
663 1443 749 1481 pag.
778 1433 832 1471 77
859 1430 988 1467 Reisk.

337 1484 428 1523 haec
446 1486 638 1534 citantem,
664 1486 796 1534 legitur
826 1488 982 1534 Κροτω-

337 1543 491 1589 νιᾶται,
521 1544 621 1591 quod
652 1546 776 1580 tamen
807 1542 844 1579 in
863 1543 984 1580 Hero-

336 1598 414 1635 doti
441 1602 540 1635 textu
573 1612 752 1648 reponere
778 1598 899 1635 nolim.
928 1618 984 1624 --

336 1654 458 1697 Quam
475 1654 676 1692 Bouherius
707 1655 825 1702 (Diss.
844 1655 984 1692 Herod.

337 1723 393 1760 cp.
411 1710 466 1759 X)
496 1710 579 1747 olim
597 1710 763 1759 vulgarat
779 1711 984 1760 inscriptio-

336 1778 441 1813 nem,
471 1767 520 1803 ad
546 1767 705 1803 Placiam
730 1767 983 1816 pertinentem,

336 1835 419 1859 cum
438 1822 629 1861 Placianae
650 1823 772 1860 matris
793 1823 857 1860 fiat
880 1836 982 1860 men-

335 1879 408 1926 tio,
454 1891 498 1916 ea
531 1880 579 1916 ad
613 1879 787 1928 Cyzicum
816 1881 986 1930 pertinet,

335 1947 412 1971 non
441 1934 547 1974 valde
589 1940 767 1973 remotum
803 1949 825 1972 a
849 1936 984 1984 Placia,

335 1991 522 2040 sacrisque
560 1991 738 2040 Cybeles,
779 2005 871 2042 quae
904 1993 986 2042 ipsa

336 2051 395 2084 est
431 2052 547 2085 mater
588 2048 778 2096 Placiana‚
828 2049 984 2097 insigne.

336 2103 460 2151 „Hinc
473 2105 570 2154 apud
586 2105 805 2142 Pausaniam
819 2105 866 2153 V,
883 2107 946 2151 13,
958 2103 984 2145 4

331 2159 499 2196 Siebelis.
521 2161 557 2197 in
580 2160 777 2200 Amalthea
799 2162 882 2212 ΙΙΙ).
896 2160 978 2202 265

335 2216 539 2253 restitutum
562 2216 635 2253 mlt
660 2220 731 2268 τῆς
753 2219 986 2268 Πλακιηνῆς

336 2272 433 2321 (pro
461 2269 726 2324 Πλαστηνης)
767 2270 909 2325 μητρὸς
939 2288 983 2312 το

337 2323 447 2377 ἱερὸν
460 2328 497 2364 in
518 2334 641 2367 monte
661 2331 800 2380 Sipy.lo
803 2333 827 2351 ‘⁶
859 2330 983 2368 Cr.—

336 2383 450 2420 Paulo
472 2390 556 2422 ante
577 2399 658 2422 cum
680 2387 796 2424 Gaisf.
816 2387 984 2424 dedimus

334 2455 503 2508 τοιοντο
548 2454 615 2491 pro
655 2445 852 2483 τοιοῦτον
881 2444 984 2480 item-

335 2508 409 2544 que
435 2512 460 2547 η
476 2497 652 2537 νείκαντο
677 2513 745 2550 pro
774 2500 985 2540 ἐνείκαντο

335 2557 374 2589 et
400 2552 644 2593 είνείκαντο.

392 2609 509 2661 σφίσι
529 2608 594 2657 δὲ,
619 2607 879 2664 ὁμόγλωσσοι]
910 2611 986 2648 Ex-

334 2668 408 2702 stat
427 2666 476 2702 ad
493 2666 527 2702 h.
550 2666 573 2702 l.
595 2668 684 2704 scita
710 2668 866 2717 Augusti
886 2669 985 2705 Mat-

335 2721 432 2760 thiae
471 2724 661 2759 annotatio
700 2725 747 2762 de
778 2725 985 2762 discrimine

334 2777 429 2815 inter
448 2779 562 2828 σφίσι
585 2784 621 2816 et
641 2780 714 2828 σφί
735 2781 834 2830 apud
864 2781 983 2818 Hero—

335 2835 484 2881 dotum3
515 2835 588 2884 σφί
613 2836 825 2885 plerumque
856 2837 983 2875 tertiae

335 2903 515 2941 personae
535 2904 738 2944 pronomen
774 2906 856 2932 esse
878 2894 983 2932 docet

1056 1274 1125 1312 pro
1154 1255 1289 1308 αὐτοῖς
1314 1260 1403 1310 (iis,
1432 1260 1548 1310 illis),
1595 1259 1709 1309 σφίσι

1056 1318 1278 1368 reciprocum
1299 1331 1381 1355 esse
1406 1318 1493 1366 sibi,
1523 1316 1707 1366 sibiipsis,

1056 1372 1251 1413 ἑωυτοῖσι.
1290 1394 1346 1400 -
1392 1372 1451 1410 Ad
1489 1373 1708 1412 locutionem

1057 1429 1100 1469 ἐν
1125 1431 1288 1484 φυλακῇ
1312 1429 1412 1480 ἔχειν
1441 1430 1620 1479 (servare,
1650 1442 1706 1466 re-

1053 1489 1194 1535 tinere),
1206 1486 1343 1523 Nostro
1356 1488 1597 1534 frequentem,
1610 1487 1703 1522 cons.

1052 1544 1086 1590 l,
1109 1546 1198 1584 160.
1228 1543 1274 1591 V,
1295 1546 1360 1584 77.
1390 1542 1469 1590 Vll,
1491 1545 1584 1584 207.
1607 1541 1705 1589 Vm,

1245 1683 1277 1721 C
1291 1696 1312 1720 a
1324 1696 1359 1733 p.
1389 1681 1521 1720 LVIII.

1109 1765 1189 1806 αἰεί
1207 1781 1296 1806 κοτε
1315 1768 1364 1821 τῇ
1391 1761 1496 1820 αὐτῇ
1522 1766 1634 1817 διαχρ
1648 1763 1707 1805 εἐ-

1054 1823 1139 1874 ται]
1170 1824 1292 1873 Vulgo
1330 1824 1565 1875 διαχρᾶται.
1623 1822 1704 1860 Nos

1053 1879 1288 1931 praetulimus
1312 1880 1423 1930 διαχρ
1437 1877 1455 1918 ἑ
1467 1893 1575 1926 εται,
1605 1879 1704 1929 quod

1053 1936 1187 1974 Aldina
1211 1936 1375 1986 aliaeque
1393 1936 1477 1974 edd.
1495 1935 1675 1973 exhibent.

1111 1990 1279 2044 αὔξηται
1327 1991 1366 2039 ἐς
1418 1994 1580 2042 πλῆθος
1625 1993 1704 2030 τῶν

1053 2047 1208 2089 ἐθνέων
1238 2051 1421 2094 πολλῶν]
1470 2048 1594 2086 Verba
1623 2049 1703 2086 τῶν

1053 2104 1208 2145 ἐθνέων
1227 2107 1386 2144 πολλῶν
1408 2106 1503 2143 bene
1521 2104 1573 2142 sic
1593 2104 1705 2142 inter-

1051 2167 1214 2212 pretatur
1232 2161 1428 2199 Matthiae:
1469 2160 1705 2210 „populorum

1053 2231 1070 2255 e
1093 2219 1214 2268 quihus
1233 2222 1388 2255 constare
1405 2217 1568 2255 Hellenes
1585 2221 1705 2254 notum

1052 2278 1124 2322 est,
1155 2277 1280 2324 quique
1300 2274 1404 2311 multi
1420 2274 1539 2310 suntf‘
1567 2274 1608 2310 Si
1618 2285 1704 2310 vero

1053 2344 1073 2369 e
1083 2331 1318 2380 sequentibus
1330 2328 1505 2377 (ἐθνέων
1527 2329 1703 2380 συχνῶν)

1052 2387 1121 2424 huc
1136 2387 1310 2423 translata
1327 2386 1388 2423 illa
1408 2387 1623 2436 suspicatur,
1634 2385 1703 2422 mi—

1052 2456 1120 2480 nus
1160 2456 1219 2480 me
1247 2443 1396 2480 habebit
1431 2443 1702 2479 assentientem.

1052 2499 1185 2548 Neque
1206 2499 1244 2536 in
1274 2498 1373 2536 hisce
1401 2498 1542 2535 verbis:
1573 2494 1702 2536 ἄλλων

1054 2553 1209 2595 ἐθνέων
1227 2549 1442 2605 βαρβάρων
1464 2555 1619 2603 συχνῶν
1637 2567 1702 2590 vo-

1053 2611 1168 2649 culam
1187 2610 1340 2650 ἐθνέων
1362 2610 1574 2648 exstinctam
1583 2609 1702 2656 velim,

1053 2682 1133 2705 cum
1154 2669 1283 2705 iterata
1306 2680 1394 2704 voce
1419 2666 1588 2715 equidem
1615 2665 1702 2702 nihil

1053 2725 1231 2762 offendar.
1288 2723 1366 2760 Sed
1388 2722 1616 2760 coniunctum
1633 2723 1702 2759 hoc

1052 2784 1109 2818 est
1127 2793 1206 2817 cum
1216 2779 1285 2816 loci
1296 2779 1598 2828 interpunctione,
1608 2791 1702 2827 quae

1051 2836 1135 2873 olim
1156 2836 1226 2873 alia
1254 2836 1321 2872 suit
1358 2840 1469 2884 atque
1496 2847 1592 2872 nunc
1619 2837 1701 2879 est3

1050 2905 1189 2931 comma
1207 2892 1304 2931 enim
1319 2896 1406 2944 post
1433 2893 1592 2943 πλῆθος
1624 2894 1700 2929 erat
