1759 3324
200 844 300 888 137

354 243 440 284 320

757 244 1228 284 HERODOTI

358 353 553 406 σαέτεος,
591 356 691 411 τρία
720 358 889 412 μοῦνα,
943 354 1164 408 ἱππεύειν,
1204 355 1278 399 καὶ
1306 353 1520 409 τοξεύειν,
1551 356 1626 400 καὶ

359 433 661 492 ἀληθίζεσθαι.
719 435 823 490 πρὶν
861 435 908 479 δὲ
946 435 975 491 ἢ
1013 434 1244 491 πενταετὴς
1282 434 1481 491 γένηται,
1536 433 1654 480 οὐκ5

359 514 607 559 ἀπικνέεται
622 514 664 565 ἐς
682 513 788 567 ὅφιν
807 519 870 573 τῷ
889 516 1045 570 πατρὶ,
1072 513 1181 558 ἀλλὰ
1201 514 1322 570 παρὰ
1343 518 1443 571 τῇσι
1455 515 1629 571 γυναιξὶ

332 597 537 639 3δίαιταν
566 594 660 649 ἔχει·
719 597 800 636 τοῦ
831 594 877 637 δὲ
907 596 1051 637 εἵνεκα
1084 598 1218 638 τοῦτο
1264 594 1380 637 οὕτω
1419 594 1626 646 ποιέεται,

362 678 438 719 ἵνα
472 673 528 730 ἦν
567 671 773 729 ἀποθάνῃ
812 672 1100 728 τρεφόμενος,
1157 675 1371 729 μηδεμίαν
1416 671 1528 730 ἄσην
1567 676 1629 732 τῷ

361 754 493 806 πατρὶ
520 749 762 808 προσβάλῃ,

472 830 615 875 Αἰνέω
645 830 726 886 μέν
739 828 837 874 “νυν
863 828 993 874 τόνδε
1019 831 1098 874 τὸν
1125 829 1289 888 νόμον·
1321 832 1449 876 αἰνέω
1479 832 1526 876 δὲ
1554 831 1630 876 καὶ

27 908 202 938 Immunitas
213 916 230 935 a
239 915 312 944 poe-

28 951 68 971 na
110 942 233 979 capitali
261 943 298 970 ob

305 1040 415 1094 paulo
434 1040 540 1078 aliter
567 1039 681 1077 tradit
706 1037 813 1076 Plato
837 1039 874 1075 in
900 1036 964 1076 Al·-

306 1098 438 1137 cibiad.
484 1097 502 1134 I
543 1109 630 1147 pag.
670 1098 773 1144 121,
820 1095 856 1134 D
885 1108 962 1145 seq.

309 1156 397 1205 (cp.
432 1157 484 1195 17
516 1152 626 1202 Ast.)
683 1152 818 1203 Neque
854 1154 964 1190 etiam

309 1225 390 1250 eum
399 1210 623 1248 Herodoteis
644 1222 796 1260 prorsus
816 1210 965 1259 conspi-

308 1271 413 1314 rant,
443 1280 538 1316 quae
558 1267 605 1305 de
632 1271 829 1317 puerorum
854 1270 965 1315 atque

308 1323 656 1362 adolescentulorum
683 1323 907 1360 institutione
928 1335 968 1358 a-

308 1381 386 1432 pud
408 1380 542 1418 Persas
573 1381 709 1417 usitata
738 1379 860 1416 scribit
889 1379 965 1415 Xe-

309 1436 462 1487 nophon
484 1437 521 1473 in
543 1436 753 1486 Cyropaed.
781 1435 820 1483 Ι,
839 1439 865 1477 2
883 1434 919 1486 ἓ.
938 1437 966 1476 4

310 1507 415 1543 seqq.
437 1493 515 1530 coll.
536 1493 565 1540 Ι,
587 1494 613 1533 3
633 1492 669 1544 ἓ.
685 1494 722 1534 3.
752 1492 817 1539 IV,
836 1493 862 1532 3
876 1491 911 1543 §.
926 1492 963 1533 5.

309 1550 354 1587 In
374 1562 513 1587 summa
540 1554 661 1587 tamen
688 1551 747 1586 vix
768 1549 825 1586 ille
844 1553 880 1585 et
908 1562 966 1587 re-

310 1606 399 1656 liqui
419 1607 611 1656 scriptores
631 1607 676 1643 ab
686 1606 878 1643 Herodoto
899 1606 966 1642 ad-

308 1664 458 1700 modum
488 1663 710 1699 discordant.
767 1661 866 1699 Nam
895 1662 965 1698 tria

308 1719 393 1766 illa,
424 1732 520 1769 quae
538 1732 672 1770 pueros
701 1718 824 1756 doceri
843 1718 967 1756 scribit

308 1775 469 1824 Noster,
499 1777 545 1813 ab
581 1776 680 1814 hisce
704 1776 841 1826 pariter
871 1775 966 1811 indi-

309 1836 456 1880 cantur,
484 1833 680 1883 praecipue
703 1832 850 1870 tertium
878 1831 967 1868 illud

307 1893 541 1940 praeceptum
553 1919 564 1937 ‚
583 1902 657 1938 quo
671 1890 859 1927 veritatem
871 1901 968 1925 sum-

310 1959 370 1983 me
394 1945 556 1983 colerent
578 1946 720 1996 ipsique
752 1957 861 1993 quam
890 1956 968 1980 ma-

310 2003 406 2039 xime
452 2005 576 2039 essent
616 2001 774 2039 veridici.
840 2000 967 2037 Nolim

310 2062 478 2108 repetere
495 2058 702 2095 testimonia
730 2070 752 2093 a
778 2056 968 2093 Brissonio

311 2114 462 2151 collecta
484 2112 541 2150 l.l.
564 2113 618 2160 II,
640 2115 706 2154 83.
728 2115 871 2154 101-
886 2112 967 2154 104

310 2170 438 2207 inclus.
469 2168 631 2208 Nostrae
662 2170 793 2207 aetatis
822 2169 967 2217 Persas,

308 2238 531 2276 quamquam
563 2226 600 2263 in
628 2226 682 2263 his
710 2225 815 2263 valde
834 2225 966 2263 similes

309 2282 506 2320 maioribus
538 2283 631 2330 suis,
661 2283 761 2332 quod
785 2283 966 2329 venando,

311 2338 530 2389 equitando,
549 2339 759 2388 sagittando
784 2338 969 2376 delectan-

310 2400 389 2442 tur,
418 2394 456 2431 in
472 2395 616 2444 reliquis
636 2394 890 2432 dissimillimos
910 2409 968 2433 re-

309 2451 441 2503 periri,
473 2451 621 2490 minime
659 2451 860 2499 veridicos,
901 2453 967 2489 sed

307 2508 470 2546 omnium
489 2508 642 2546 maxime
657 2508 835 2559 perfidiae
855 2512 967 2557 atque

307 2564 506 2603 mendaciis
540 2564 706 2611 deditos,
756 2564 866 2602 fidem
896 2564 966 2601 fal-

307 2621 424 2660 lentes
443 2633 511 2658 nec
538 2620 611 2658 ullo
639 2622 750 2658 modo
777 2620 965 2671 promissis

310 2682 472 2724 stantes,
510 2689 584 2713 uno
614 2678 691 2715 sere
717 2690 780 2715 ore
810 2677 966 2714 clamant

308 2734 424 2772 nostri
444 2734 629 2781 homines,
660 2734 721 2783 qui
747 2732 825 2770 illas
844 2733 966 2781 regio-

306 2805 373 2830 nes
403 2790 676 2842 perlustrarunt.
734 2790 817 2826 vid.
847 2789 966 2826 Hum-

307 2861 396 2886 mer.
442 2847 480 2883 in
530 2846 682 2884 Wiener
715 2846 841 2883 Jahrb.
879 2845 966 2882 vlll

307 2918 395 2956 Pag-
417 2902 683 2951 375—-383,
713 2903 775 2953 qui
802 2905 963 2940 veterum

1029 1038 1239 1078 testimonia
1261 1038 1308 1076 de
1326 1038 1488 1078 veritatis
1511 1039 1632 1078 studio
1651 1043 1688 1077 et

1031 1095 1127 1134 cultu
1146 1096 1246 1146 apud
1263 1095 1396 1133 Persas
1423 1096 1589 1134 nonnihil
1608 1108 1687 1133 am·-

1031 1153 1146 1203 pliata
1165 1157 1310 1200 censet,
1339 1166 1420 1191 cum
1439 1153 1476 1190 in
1503 1153 1545 1190 iis
1566 1153 1686 1204 potius

1031 1210 1271 1246 insistendum
1302 1209 1365 1257 sit,
1404 1222 1500 1259 quae
1524 1211 1572 1247 de
1598 1209 1687 1247 Per-

1032 1278 1155 1303 sarum
1191 1266 1350 1302 moribus
1389 1266 1427 1303 in
1465 1266 1689 1304 nobilissima

1035 1322 1294 1373 Cyropaediae
1323 1322 1483 1359 clausula
1508 1322 1687 1372 legantur.

1091 1378 1289 1429 μηδεμίαν
1339 1375 1443 1429 ἄσην
1480 1381 1538 1433 τῷ
1568 1377 1688 1432 πατρὶ

1032 1431 1265 1488 προσβάλῃ]
1336 1436 1534 1487 μηδεμίαν
1584 1433 1689 1486 ἐίσην

1032 1491 1132 1528 haud
1169 1492 1280 1529 dubie
1312 1505 1398 1529 vera
1429 1497 1485 1530 est
1513 1492 1689 1529 librorum

1031 1547 1161 1596 lectio,
1191 1548 1289 1585 cuius
1306 1548 1386 1585 loco
1413 1562 1506 1586 unus
1525 1548 1689 1600 μηδεμί-

1035 1619 1084 1643 αν
1105 1601 1282 1656 βλάβην,
1312 1605 1494 1643 locutione
1514 1605 1689 1643 Herodo-

1033 1665 1093 1699 tea
1131 1662 1179 1698 ad
1215 1661 1402 1709 vulgarem
1451 1662 1690 1710 conformata,

1034 1717 1093 1755 alii
1114 1717 1310 1768 μηδεμίαν
1330 1713 1487 1769 βλάβην
1508 1713 1616 1770 οἷηδῆ
1631 1719 1690 1757 vel

1035 1775 1233 1825 μηδεμίην
1254 1771 1358 1822 ἄσην
1382 1770 1513 1826 οἷηδῆ,·
1543 1776 1580 1814 in
1609 1776 1691 1824 qui-

1033 1832 1101 1868 bus
1121 1832 1286 1868 omnibus
1301 1831 1543 1880 glossatorum
1559 1844 1688 1869 manus

1034 1888 1140 1925 facile
1160 1901 1349 1936 agnoscas.
1371 1887 1542 1936 Namque
1555 1888 1689 1924 Gram-

1034 1944 1155 1981 matici
1176 1944 1332 1981 Atticam
1353 1957 1478 1981 vocem
1503 1941 1607 1994 ἐίσην
1628 1957 1690 1982 ex-

1034 2000 1171 2050 plicant
1198 1995 1366 2049 ἄηὸίαν,
1396 1999 1530 2038 Latino
1551 2014 1691 2038 sermo-

1035 2069 1144 2094 mone
1168 2056 1326 2104 luctum,
1355 2057 1505 2094 dolorem
1530 2069 1573 2094 ac
1602 2070 1691 2107 pro-

1034 2113 1114 2162 prie
1141 2114 1288 2163 quidem
1321 2113 1458 2160 sordes,
1480 2113 1689 2164 fastidium.

1037 2169 1098 2206 'I'u
1128 2169 1228 2218 legas
1259 2169 1345 2207 mihi
1372 2170 1558 2220 copiosam
1587 2170 1691 2208 Pier-

1036 2227 1117 2262 soni
1146 2227 1429 2276 disputationem
1456 2227 1505 2264 ad
1534 2225 1691 2264 Moerid.

1036 2295 1124 2332 pag.
1155 2286 1208 2324 60
1235 2296 1333 2332 seq.,
1361 2283 1399 2320 in
1426 2296 1499 2332 qua
1519 2283 1693 2321 Herodo-

1034 2343 1133 2376 teum
1171 2339 1290 2376 locum
1332 2352 1408 2376 non
1444 2339 1621 2389 neglexit.
1641 2362 1681 2367 —

1034 2391 1243 2449 προσβάλῃ
1279 2409 1360 2433 cum
1401 2396 1613 2433 Gaisfordio
1647 2408 1691 2434 ex

1033 2452 1221 2489 meliorum
1257 2452 1431 2489 librorum
1477 2453 1691 2490 auctoritate

1033 2509 1280 2559 rescripsimus
1301 2521 1369 2558 pro
1382 2508 1479 2557 vulg.
1491 2505 1690 2560 wpoossoik-

1032 2567 1094 2618 λῃ.
1116 2585 1173 2592 -—
1198 2565 1311 2608 Quod
1339 2565 1528 2615 praecedit
1548 2561 1691 2616 τρεφό-

1033 2635 1151 2672 μενος
1161 2625 1258 2658 recte
1269 2621 1462 2671 exponitur
1472 2633 1493 2657 a
1502 2621 1690 2671 Schwgh:

1031 2677 1166 2725 „dum
1206 2676 1304 2726 apud
1334 2677 1495 2715 mulieres
1526 2678 1692 2716 educa-

1033 2737 1079 2770 tu
1092 2746 1109 2769 r
1122 2735 1250 2785 puer.“

1174 2817 1206 2855 C
1218 2830 1239 2856 a
1248 2831 1286 2869 p.
1317 2817 1542 2856 CXXXVII.

1089 2900 1220 2942 Αἰνέω
1249 2900 1323 2955 μέν
1363 2918 1438 2943 νυν
1468 2897 1586 2943 τόνδε
1620 2899 1690 2943 τόν
1731 2923 1735 2935 v

1739 2300 1748 2575 l

1736 2582 1742 2696 f

1734 2697 1739 2787 ι

1731 2835 1735 2920 ι

1729 2955 1733 3074 i

1727 3182 1729 3218 i
