1759 3324
490 256 1021 298 EUTERPE.11.
1309 261 1393 301 481

128 372 406 416 ἐπίστασθαι·
447 365 502 410 τὰ
530 364 574 409 δ’
606 364 663 410 ἂν
691 364 948 422 ἐπιμνησθῶ
976 365 1148 422 αὐτῶν,
1188 366 1280 412 ὑπὸ
1311 372 1392 412 τοῦ
1403 377 1450 411 55

129 450 265 506 λόγου
293 443 690 500 ἐξαναγκαζόμενος
719 442 1110 502 ἐπιμνησθήσομαι.

37 523 73 567 4
230 526 342 570 Ὅσα
371 524 418 569 δὲ
448 522 708 579 ἀνθρωπήϊα
735 525 988 580 πρήγματα,
1014 519 1095 569 ὦδε
1112 524 1259 581 ἔλεγον
1276 523 1384 582 ὁμο-
1440 521 1718 590 „pgffflffiussegezvgg

99 606 348 662 Ξλογέοντες
387 605 521 660 σφίσι.
580 601 794 658 Πρώτους
830 604 1099 658 Αἰγυπτίους
1137 602 1387 660 ἀνθρώπων
1445 605 1526 646 105

1442 667 1507 695 eius
1526 671 1625 703 partes
1633 669 1716 698 inve-

126 685 331 730 ἁπάντων
371 682 582 738 ἐξευρέειν
617 683 694 727 τὸν
729 681 952 735 ἐνιαυτὸν,
1011 681 1209 728 δυώδεκα
1254 682 1385 740 μέρεα
1440 701 1547 735 nisse,
1594 703 1717 739 Diisque

125 763 399 820 δασαμένους
427 767 516 807 τῶν
546 761 697 817 ὡρέων
725 762 768 814 ἐς
798 759 946 805 αὐτόν.
975 766 1111 805 ταῦτα
1141 763 1186 807 δὲ
1216 761 1380 818 ἐξευρὲ-
1391 737 1717 806 δοέιτιὸξξὲῗῗῖτῗιῗῖιὲῗ

96 851 193 888 3ειν
221 843 268 887 ἐκ
296 847 385 887 τῶν
414 842 585 899 ἄστρων
614 842 772 897 ἔλεγον.

124 923 320 981 φώτερον
345 921 584 978 Ἑλλήνων,
620 921 713 977 ἐμοὶ
745 921 931 971 δοκέειν,
970 919 1058 980 ὅσῳ
1076 920 1278 978 Ἕλληνες
1302 922 1383 978 μὲν

123 1004 196 1048 διὰ
222 1004 370 1058 τρίτου
399 1002 514 1054 ἔτεος
542 1000 781 1058 ἐμβόλιμον
799 998 1135 1058 ἐπεμβάλλουσι,
1164 1004 1253 1045 τῶν
1270 998 1378 1057 ὠρέ-

67 1220 222 1276 νόματα
242 1219 379 1263 αὐτῶν
402 1237 450 1262 sc.
476 1224 557 1263 τῶν
576 1221 715 1262 θείων.

67 1281 110 1320 In
128 1294 200 1332 quo
221 1294 370 1329 vereor,
398 1284 440 1317 ut
456 1281 531 1317 viro
549 1279 718 1317 doctissi-

66 1351 128 1375 mo
176 1338 343 1375 assentiri
390 1337 538 1387 possim.
615 1334 717 1373 Nihil

68 1395 163 1432 enim
185 1394 283 1431 aliud
308 1393 393 1431 mihi
410 1392 623 1430 Herodotus
641 1391 717 1429 elo-

67 1452 128 1500 qui
149 1450 308 1487 voluisse
329 1441 492 1495 videtur,
521 1448 591 1485 nisi
608 1448 714 1485 illud:

64 1507 211 1558 placere
229 1507 297 1543 sibi
320 1518 392 1542 una
408 1509 548 1542 tantum
568 1505 715 1542 nomina

66 1564 218 1601 deorum
264 1561 528 1612 Aegyptiorum
565 1562 715 1608 referre,

65 1620 204 1669 quippe
233 1631 327 1668 quae
356 1618 521 1655 omnibus
556 1617 629 1654 sint
654 1630 716 1654 co-

66 1676 185 1725 gnita3
225 1687 318 1725 quae
355 1675 464 1723 igitur
499 1686 718 1711 commemo-

65 1744 189 1778 rasse,
211 1731 355 1769 minime
370 1731 473 1768 nefas
493 1730 607 1768 videri
628 1742 717 1778 que-

66 1792 127 1835 at,
155 1801 239 1825 cum
259 1787 356 1824 nullo
385 1786 497 1824 modo
526 1785 718 1834 mysterio-

64 1857 145 1881 rum
172 1845 372 1881 doctrinam
399 1847 563 1893 tangant.
621 1842 716 1879 Vide

63 1899 282 1938 Dahlmann.
314 1900 454 1938 Herod.
483 1911 567 1950 pag.
592 1898 684 1940 145.

119 1953 167 1994 τὰ
208 1952 247 1995 δ’
282 1952 333 1995 ἂν
371 1955 611 2006 ἐπιμνησθῶ
646 1950 717 1993 αυ’-

64 2010 170 2064 τῶν]
201 2012 244 2050 In
263 2013 374 2051 verbo
397 2011 633 2062 ἐπιμνησθῶ
654 2024 717 2049 ea-

65 2070 148 2106 dem
177 2070 255 2107 sere
282 2069 561 2120 praepositionis
593 2066 715 2116 (ἐπὶ)

65 2126 160 2163 inest
175 2126 248 2172 vis,
278 2138 372 2175 quae
402 2138 512 2176 supra
537 2125 574 2162 in
603 2125 716 2161 verbo

65 2178 298 2233 ἐπεκράτεε
317 2181 373 2229 ΙΙ,
396 2184 417 2222 1
432 2211 442 2228 ,
463 2181 523 2219 ubi
543 2181 615 2217 vid.
645 2180 715 2218 Est

67 2238 160 2275 enim
185 2238 275 2276 haec
304 2238 486 2276 Herodoti
515 2237 712 2275 sententia:

65 2294 204 2342 „Quae
221 2307 300 2332 vero
314 2297 498 2344 praeterea
518 2294 586 2342 (sc.
607 2305 716 2344 prae-

65 2354 121 2388 ter
140 2351 220 2401 ipsa
239 2351 390 2389 deorum
400 2351 559 2398 nomina,
580 2351 617 2387 in
633 2349 715 2398 qui-

66 2406 135 2443 bus
160 2407 242 2444 solis
260 2411 387 2458 utpote
406 2407 602 2444 notissimis
619 2417 714 2442 nunc

67 2474 127 2499 me
161 2463 354 2502 subsistere
392 2464 563 2514 oportet)
601 2462 642 2499 ele
667 2463 714 2498 iis

68 2516 307 2567 disputavero,
336 2532 377 2557 ea
395 2533 463 2556 non
481 2521 552 2557 nisi
570 2522 713 2556 coactus

68 2573 112 2610 ab
144 2576 222 2623 ipsa
245 2578 444 2613 narratione
478 2575 535 2624 (s.
562 2589 602 2613 re
632 2575 714 2625 ipsa

69 2630 275 2678 postulante
293 2637 329 2670 et
339 2633 509 2682 cogente)
521 2631 711 2682 proferam.

70 2684 146 2721 Ubi
186 2699 230 2723 ea
273 2689 496 2738 potissimum
529 2687 714 2734 intellexit,

71 2752 167 2788 quae
210 2745 457 2791 mysteriorum
502 2745 714 2791 doctrinam,

69 2796 143 2844 qua
157 2796 235 2846 ipse
258 2800 410 2837 imbutus
441 2805 539 2848 erat,
568 2800 715 2837 minime

69 2850 326 2903 evulgandam‚
362 2862 514 2906 tangere
548 2857 717 2894 videren-

72 2910 141 2942 tur.

116 2961 323 3003 Hssnono'r.
353 2965 383 3004 Ι.

1437 808 1518 842 cm,-
1540 805 1571 828 et
1591 802 1716 842 delubra

1455 842 1586 869 uenisse,
1603 844 1715 864 amma-

833 840 989 897 ἄγουσι
1028 842 1074 886 δὲ
1112 844 1272 898 τοσῷδε
1301 853 1377 887 σο-
1433 841 1455 895 Γῑ

995 1221 1028 1258 C
1050 1233 1127 1272 ap.
1168 1219 1231 1258 IV.

841 1300 917 1345 ὅσα
935 1302 978 1344 δὲ
996 1299 1243 1356 ἅνθρωπήϊα
1257 1299 1436 1356 πρήγμα-

782 1359 858 1413 τα]
890 1361 964 1399 scil.
982 1359 1087 1407 ἐστί,
1117 1362 1240 1399 ταῦτα
1262 1355 1338 1399 ὦδε
1357 1359 1437 1400 ἕλε-

783 1432 866 1471 yov.
905 1418 959 1455 lta
990 1417 1093 1455 facile
1121 1416 1283 1468 suppleri
1308 1420 1346 1455 et
1373 1429 1437 1456 ex-

782 1475 907 1527 plicari
926 1477 1048 1525 potest
1067 1472 1176 1511 locus.

840 1541 1022 1586 δυώδεκα
1041 1542 1159 1595 μέρεα
1188 1540 1436 1594 δασαμένους

782 1623 840 1632 ·-
869 1601 908 1648 ἐς
936 1596 1084 1651 αὐτόν]
1125 1599 1207 1637 Alia
1243 1601 1435 1638 verborum

783 1658 966 1696 dividendi
992 1660 1170 1695 structura
1196 1655 1235 1703 I,
1265 1655 1343 1704 94,
1374 1656 1435 1692 ubi

783 1716 855 1752 vid.
875 1727 969 1764 quae
990 1713 1226 1750 laudavimus.
1252 1732 1309 1739 ·—-
1334 1706 1435 1764 ὧραι

785 1775 868 1809 sunt
890 1773 978 1808 anni
996 1772 1230 1819 tempestates,
1260 1780 1350 1817 quas
1370 1781 1434 1805 eo-

784 1829 867 1866 dem
905 1827 1015 1864 modo
1044 1826 1145 1862 horas
1171 1823 1332 1875 appellat
1359 1823 1435 1860 Pli-

782 1884 863 1921 nius
882 1883 931 1921 H.
947 1883 996 1921 N.
1015 1882 1105 1929 Xll,
1122 1883 1160 1922 3.
1191 1880 1264 1927 IX,
1283 1880 1350 1922 35.

842 1950 1125 2007 ὅσῳ”Έλληνες
1156 1947 1228 2002 μὲν
1255 1946 1321 1989 διὰ
1345 1949 1432 2001 τρί-

783 2026 853 2051 του
875 2010 977 2057 ἔτεος
998 2004 1214 2060 ἐμβόλιμον
1241 2002 1432 2057 ἐπεμβάλ-

783 2064 919 2118 λουσι]
961 2063 1026 2105 διὰ
1063 2064 1196 2116 τρίτου
1239 2061 1342 2109 ἔτεος
1377 2066 1434 2100 est

783 2127 886 2162 tertio
935 2135 1066 2173 quoque
1114 2134 1225 2166 anno,
1282 2123 1434 2156 notante

782 2180 912 2219 Matth.
941 2178 978 2230 ξ.
998 2179 1099 2224 580,
1130 2190 1151 2215 e
1178 2190 1216 2228 p·
1237 2176 1346 2218 1150
1375 2174 1433 2212 vel

780 2238 901 2288 potius
912 2237 1050 2273 ineunte
1065 2235 1167 2271 tertio
1186 2244 1289 2279 anno,
1304 2243 1432 2281 quem-

781 2293 979 2331 admodum
1009 2290 1178 2328 Petavius
1211 2288 1430 2338 interpreta-

781 2354 839 2388 tur
857 2348 1002 2386 Auctar.
1023 2346 1131 2384 Doct.
1154 2344 1286 2394 Temp.
1308 2342 1372 2390 IV,
1388 2344 1428 2383 3.

780 2404 840 2443 Ad
857 2405 973 2456 ipsam
992 2416 1067 2442 rem
1083 2400 1275 2439 Censorini
1294 2398 1431 2437 adscri-

780 2462 864 2500 bam
883 2461 1000 2499 locum
1020 2460 1069 2497 de
1087 2458 1147 2496 die
1165 2456 1275 2495 natal.
1295 2469 1351 2506 cp.
1374 2457 1428 2496 18

781 2516 820 2569 §.
843 2521 890 2560 2:
928 2516 1091 2565 „ltaque
1119 2512 1318 2562 (Graeciae
1343 2511 1432 2548 civi-

780 2578 873 2612 tates
891 2574 984 2622 scil.)
1013 2583 1128 2609 annos
1151 2568 1270 2607 civiles
1291 2567 1341 2604 sic
1357 2570 1432 2603 sta-

779 2634 947 2678 tuerunt,
987 2632 1028 2666 ut
1060 2624 1305 2665 intercalando
1332 2624 1431 2660 sace-

781 2691 863 2725 rent
879 2686 1038 2723 alternos
1057 2682 1129 2721 XII
1149 2680 1348 2726 mensium,
1377 2677 1432 2714 al-

780 2746 904 2781 ternos
931 2741 1042 2789 XllI,
1077 2743 1269 2786 utrumque,
1295 2746 1431 2772 annum

784 2798 981 2850 separatim
1016 2798 1237 2839 vertentem;
1292 2791 1433 2827 iunctos

783 2855 911 2892 ambos
940 2865 1073 2890 annum
1098 2860 1270 2898 magnum
1297 2856 1431 2883 vocan-

783 2914 861 2959 tes,
897 2910 1010 2959 idque
1040 2912 1185 2958 tempus
1211 2899 1434 2956 τριετηρίδα

1458 875 1535 902 aque
1564 869 1595 895 in
1614 869 1715 904 lapide

1438 902 1582 929 caelasse:
1594 902 1714 932 Menem

1437 934 1714 971 exhominibnspri-

1436 975 1516 995 mum
1550 968 1714 998 Thebaidis

1434 1008 1537 1035 regem
1545 1011 1552 1033 3
1561 1006 1712 1032 caeteram

1435 1036 1516 1069 Aegy
1540 1039 1601 1075 tnm
1626 1038 1710 1072 palu-

1434 1067 1502 1096 dem
1534 1077 1622 1098 urseo-
