1759 3324
569 250 984 291 EUTERPE.

1045 250 1090 287 II.
1370 252 1453 291 7417

189 368 292 410 δεκα
320 365 398 419 μὲν
428 363 640 412 Αἰθίοπες
681 356 813 416 ἦσαν,
872 360 949 414 μία
988 358 1034 401 δὲ
1071 358 1183 414 γυνὴ
1223 358 1448 413 ἐπιχωρίη·

165 453 183 465 n
229 447 241 461 ρ
299 444 309 458 x
353 442 374 457 η
527 441 548 454 51
753 440 763 454 ν
807 439 816 450 1
1043 440 1061 448 συ
1122 436 1131 449 ε
1327 438 1335 452 ι
1410 436 1427 448 ἰ

164 466 185 485 .)
198 463 239 489 οι
271 447 316 488 δε
345 446 489 494 αλλοι,
521 443 674 493 ανδρες
707 445 950 494 Αιγυπτιοι.
1007 455 1058 495 τῃ
1092 439 1138 480 δε,
1164 453 1341 492 γυναικι
1372 454 1449 480 ου-

188 540 303 579 νομα
350 517 406 578 ἦν
443 521 472 576 ἥ
510 537 572 570 τις
613 519 858 574 ἐβασίλευσε
904 515 1034 571 τόπερ
1075 522 1129 573 τῇ
1168 517 1453 571 Βαβυλωνίῃ,

160 603 418 655 4Νίτωκρις.
477 598 556 655 τὴν
586 598 733 653 ἔλεγον
762 597 1064 651 τιμωρέουσαν
1106 592 1326 653 ἀδελφεῷ,
1375 594 1509 638 τὸνῖΟ

187 680 420 736 Αἰγύπτιοι
450 676 738 734 βασιλεύοντα
769 676 915 733 σφέων
939 674 1216 719 ἀπέκτειναν·
1249 672 1452 717 ἀποκτεί-

187 776 338 810 ναντες
369 759 441 810 δὲ,
489 757 604 800 οὕτω
638 757 780 813 ἐκείνῃ
825 755 1044 799 ἀπέδοσαν
1081 754 1161 810 τὴν
1199 755 1450 810 βασιληίην·

187 838 328 898 τούτῳ
358 838 682 894 τιμωρέουσαν,
735 836 926 886 πολλούς
955 835 1206 890 Αἰγυπτίων
1247 835 1450 888 διαφθεῖ-

160 927 266 974 5ραι
294 917 418 974 δόλῳ.
477 915 774 973 ποιησαμένην
804 913 886 971 γάρ
932 930 1006 969 μιν
1037 915 1196 968 οἴκημα
1224 914 1454 967 περίμηκες

132 1103 222 1140 haec
260 1101 495 1151 intelligenda
528 1106 654 1139 monet
694 1101 787 1138 Lar-

132 1159 271 1197 cherus.

191 1211 455 1255 ὄκτωκαίὅεκα
485 1212 556 1265 μὲν
588 1213 786 1260 Αἰθίοπες

134 1266 261 1323 ἦσαν]
309 1272 384 1309 Iam
414 1272 504 1319 dixi,
544 1284 650 1307 unam
676 1283 785 1319 quam

133 1328 307 1366 Manetho
326 1329 465 1379 profert
473 1340 599 1376 regum
613 1327 785 1364 familiam

132 1391 301 1435 quartam
318 1413 328 1431 ,
359 1384 615 1434 septemdecim
636 1384 705 1420 dici
726 1397 784 1420 re—

134 1455 219 1490 gum
238 1454 390 1490 eamque
407 1441 650 1490 peregrinam.
709 1440 784 1476 Ubi

132 1498 328 1548 Aethiopes
345 1497 600 1545 intelligendos
620 1509 700 1534 esse
718 1497 785 1532 du-

135 1555 193 1592 bio
224 1558 331 1592 caret.
399 1553 480 1591 Nec
509 1553 656 1598 mirum3
700 1565 782 1590 nam

136 1612 222 1648 satis
247 1616 468 1661 compertum
487 1610 673 1655 habemus,
690 1622 783 1658 quae

133 1667 346 1719 Aethiopiae
374 1672 484 1716 atque
509 1666 669 1715 Aegypti
700 1665 784 1702 olim

135 1724 243 1760 fuerit
272 1723 486 1760 coniunctio.
547 1723 654 1758 Conf.
684 1722 784 1758 Hee-

135 1793 210 1816 ren.
230 1779 342 1817 ldeen
359 1779 415 1826 ΙΙ,
437 1783 464 1820 2
483 1792 518 1828 p.
542 1780 620 1819 118
640 1782 676 1815 et
692 1782 782 1815 nott.

135 1837 183 1873 ad
202 1836 341 1873 Herod.
364 1836 418 1882 ΙΙ,
442 1838 507 1876 29.

192 1889 310 1941 τόπερ
343 1894 392 1944 τῇ
419 1890 680 1943 ΒαίῖῗυλωνίῃἹ
713 1890 784 1928 Νί-

135 1947 300 1999 τωκρις]
348 1947 478 1995 Nulla,
509 1947 646 1996 siquid
667 1947 785 1994 video,

136 2005 389 2043 emendatione
406 2004 462 2041 hic
479 2008 562 2052 eget
577 2004 676 2040 locus
689 2032 699 2050 ,
718 2016 786 2040 nec

135 2062 364 2100 scribendum
394 2059 443 2098 ἐν
468 2063 529 2114 τῇ
550 2061 718 2110 Βαβυλ.,
748 2064 787 2095 ut

135 2119 280 2168 quidam
305 2117 385 2154 libri
403 2117 583 2163 offerunt,
611 2130 679 2153 nec
700 2131 722 2153 κ
735 2114 786 2153 αὶ

137 2177 188 2229 τῇ
226 2175 300 2212 sive
338 2175 390 2227 τῇ
419 2173 461 2212 ἐν
482 2202 492 2222 ,
532 2186 599 2210 nec
628 2173 786 2221 denique

135 2225 187 2281 ἦν
205 2233 273 2284 τῇ,
303 2235 344 2267 ut
368 2230 583 2279 quibusdam
605 2230 689 2265 viris
719 2230 785 2265 do-

136 2288 198 2324 ctis
233 2289 269 2323 in
295 2291 453 2324 mentem
483 2287 594 2322 venit.
633 2307 689 2312 -—
726 2284 785 2322 Ad

136 2347 386 2392 argumentum
414 2343 483 2380 loci
520 2343 591 2378 vid.
623 2342 662 2389 Ι,
693 2340 784 2382 185.

140 2401 231 2440 187.
286 2399 454 2448 Reginae
488 2411 623 2436 nomen
651 2398 786 2434 Erato-

141 2455 282 2493 sthenes
316 2456 575 2506 interpretatur
605 2450 785 2505 Ἀθηνᾶν

139 2508 360 2562 νικηφόρον
372 2541 382 2560 ,
402 2513 581 2562 probante
600 2511 784 2549 lablonsk.

139 2580 235 2604 voce.
252 2568 368 2617 Aegg.
387 2581 471 2618 pag.
488 2571 578 2609 162.
636 2567 695 2604 Ad
713 2567 786 2605 Ae-

140 2623 302 2673 thiopum
326 2638 452 2673 regum
477 2624 646 2661 familiam
666 2629 787 2661 utrum

142 2678 201 2715 illa
217 2680 416 2729 pertineat,
445 2681 543 2717 haud
562 2686 688 2718 monet
708 2680 789 2718 No-

143 2739 238 2781 ster,
284 2736 344 2784 qui
366 2738 416 2773 ita
440 2737 561 2786 potius
590 2738 637 2774 de
669 2749 714 2774 ea
738 2736 790 2773 lo-

144 2791 283 2839 quitur,
330 2796 369 2829 ut
414 2792 633 2842 Aegyptiam
679 2795 790 2831 fuisse

145 2847 344 2895 suspiceris.
401 2847 653 2897 Aethiopicam
670 2854 793 2886 tamen

145 2903 231 2940 dicit
245 2903 403 2941 Heeren.
423 2904 446 2942 l.
469 2904 491 2941 l.
521 2904 578 2953 11,
597 2908 620 2946 1
648 2905 793 2956 p.412,

855 1099 917 1137 ubi
932 1104 1078 1147 monet,
1108 1100 1144 1135 in
1160 1098 1427 1148 Aegyptiorum
1450 1110 1508 1134 re-

854 1157 923 1194 bus
952 1157 1086 1193 nullam
1110 1155 1385 1193 commemorari
1410 1155 1509 1201 regi—

854 1225 940 1250 nam
965 1212 1171 1258 muberem,
1208 1212 1273 1248 sed
1296 1211 1331 1247 in
1356 1210 1508 1259 anagly-

853 1269 935 1319 phis
954 1268 1175 1318 Aethiopicis
1203 1280 1328 1306 recens
1351 1268 1505 1304 detectis

852 1325 975 1376 plures
997 1325 1157 1374 conspici
1177 1326 1330 1361 feminas
1350 1324 1506 1372 reginas.

851 1381 912 1419 Ad
939 1394 1029 1430 quas
1059 1382 1165 1419 etiam
1196 1380 1412 1431 pertinuisse
1434 1380 1509 1417 vult

853 1435 1021 1476 Nitocrz'n
1038 1438 1303 1475 Herodoteam.

909 1492 1183 1545 ποιησαμένην
1205 1489 1281 1546 γάρ
1312 1507 1380 1544 μιν
1402 1491 1508 1543 οἴκη-

854 1566 907 1600 μα
930 1550 1145 1602 περίμηκες
1173 1566 1207 1589 κ.
1236 1565 1267 1588 τ.
1288 1549 1343 1600 L]
1384 1549 1506 1598 Vulgo

852 1608 942 1645 haec
960 1609 1013 1644 ita
1031 1608 1231 1658 accipiunt:
1250 1607 1414 1654 „secisse
1438 1606 1507 1642 sci-

851 1664 935 1700 licet
961 1663 1130 1701 conclave
1152 1663 1392 1713 praelongum
1422 1663 1506 1699 sub-

851 1724 1079 1767 terraneum,
1117 1732 1249 1756 novum
1271 1720 1447 1768 quiddam
1467 1732 1507 1756 se

851 1776 970 1813 moliri
998 1777 1181 1813 dicentem
1202 1805 1212 1822 ,
1260 1776 1380 1812 animo
1409 1774 1507 1811 aliud

852 1834 1113 1881 cogitantem.“
1143 1832 1220 1869 Ubi
1240 1834 1409 1870 καινοῦν
1427 1844 1506 1867 cum

853 1889 977 1938 glossa
996 1889 1175 1926 Herodot.
1188 1893 1396 1938 exponunt:
1414 1883 1507 1939 χρή-

855 1949 1004 1984 σασθαι
1023 1940 1122 1998 λόγῳ
1149 1946 1277 1998 καινῷ
1303 1957 1392 1981 novo
1421 1957 1506 1993 quo-

854 2002 936 2039 dam
951 2015 1101 2038 sermone
1111 2003 1184 2047 uti,
1201 2001 1507 2050 quemadmodum

854 2059 953 2109 apud
987 2057 1194 2106 Thucydid.
1235 2057 1306 2105 ΙΙΙ,
1337 2059 1392 2098 82
1420 2072 1507 2095 και·

854 2117 1031 2154 νοῦσθαι
1058 2111 1129 2160 τὰς
1158 2113 1338 2159 διανοίας
1357 2142 1367 2161 ,
1398 2126 1507 2150 novas

853 2173 1077 2220 excogitatas
1105 2184 1176 2207 esse
1211 2172 1371 2207 rationes.
1429 2170 1508 2207 Sed

853 2227 1113 2266 Valckenarius
1125 2227 1236 2264 verbo
1253 2228 1422 2266 καινοῦν
1442 2240 1509 2262 au-

851 2285 1041 2334 spicandi,
1070 2283 1318 2332 inaugurandi
1348 2288 1387 2321 et
1411 2282 1510 2319 decli-

855 2341 960 2378 camlz‘
992 2340 1115 2378 tribuit
1150 2341 1361 2386 notionem,
1399 2352 1508 2388 quam

853 2399 1011 2436 eandem
1028 2397 1065 2433 in
1087 2397 1197 2443 verbo
1222 2401 1401 2446 cognatae
1426 2396 1508 2432 stir-

853 2455 910 2505 pis
940 2467 983 2491 ac
1017 2453 1292 2502 significationis
1317 2452 1509 2498 καινίζειν

853 2511 950 2549 idem
968 2510 1191 2560 comprobat.
1239 2509 1316 2546 Iam
1338 2511 1392 2562 τῷ
1406 2504 1508 2561 λόγῳ

854 2567 923 2605 erit
958 2566 1168 2617 oppositum
1213 2566 1381 2615 sequenti
1417 2561 1511 2617 νόῳ,

855 2623 1162 2673 quemadmodum
1187 2622 1277 2659 alias
1307 2622 1375 2659 sibi
1393 2634 1511 2672 oppo-

856 2685 990 2717 nuntur
1026 2674 1125 2732 λόγῳ
1160 2675 1302 2728 μὲν-
1322 2677 1420 2731 ἔργῳ
1453 2675 1508 2724 δὲ,

856 2735 928 2774 alia
955 2736 994 2772 id
1016 2748 1155 2785 genus,
1185 2738 1222 2772 et
1242 2736 1342 2785 apud
1357 2734 1510 2771 Latinos

859 2793 959 2829 verbo
984 2813 1040 2820 —
1067 2804 1104 2829 re
1126 2804 1222 2828 vera.
1284 2791 1392 2828 Unde
1430 2803 1511 2827 eam

860 2862 942 2886 esse
962 2848 1037 2886 vult
1064 2849 1118 2884 vir
1132 2849 1260 2885 doctus
1277 2847 1347 2884 loci
1366 2850 1510 2884 senten-

860 2905 967 2943 tiam:
996 2904 1086 2955 quod
1108 2905 1197 2955 fieri
1221 2906 1407 2940 curaverat
1427 2915 1510 2952 spa-

1194 2960 1293 3000 45*

1516 915 1592 957 149
