1814 3315
617 233 835 273 cL10.
891 231 920 271 1.

1321 235 1404 275 191

114 347 224 404 Βτὴν
260 346 424 404 ἡμέρην
461 343 663 398 ἐξαπίνης
697 340 835 386 νύκτα
873 340 1091 398 γενέσθαι.
1148 357 1230 399 την
1260 341 1307 386 δὲ
1334 358 1406 398 με·

141 425 354 482 ταλλαγῆν
397 421 561 478 ταύτην
605 425 682 478 τῆς
729 419 891 478 ἡμέρης
933 424 1076 477 Θαλῆς
1116 420 1140 464 ὁ
1184 419 1461 477 Μιλήσιος25

137 511 248 550 τοῖσι
266 503 383 546 Ἴωσι
410 500 709 557 προηγόρευσε
738 500 936 553 ἔσεσθαι,
967 495 1109 555 οὖρον
1129 499 1405 556 προθέμενος

137 581 337 627 ἐνιαυτὸν
363 584 542 632 τοῦτον,
584 580 631 623 ἐν
661 574 696 638 ᾦ
726 579 778 635 δή
810 580 884 623 καὶ
913 578 1080 635 ἐγένετο
1114 578 1142 637 ἡ
1172 579 1401 636 μεταβολή.

104 664 180 706 4οἱ
207 661 253 705 δὲ
281 661 423 703 Λυδοί
452 675 496 702 τε
525 659 599 702 καὶ
629 661 674 703 οἱ
699 661 854 715 Μῆδοι
890 659 982 703 ἐπεί
1019 676 1064 703 τε
1102 657 1223 703 εἶδον
1261 659 1402 703 νύκτα
1458 662 1515 702 37

135 739 228 783 ἀντὶ
254 739 413 796 ἡμέρης
451 740 712 796 γινομένην,
762 742 839 796 τῆς
879 738 1017 796 μάχης
1055 755 1100 782 τε
1139 738 1459 789 ἐπαύσαντο,30

131 820 206 864 καὶ
234 817 402 875 μᾶλλόν
430 835 470 861 τι
501 819 716 862 ἔσπευσαν
735 819 809 862 καὶ
835 816 1076 876 ἀμφότεροι
1101 817 1273 876 εἰρήνην
1294 819 1400 862 ἑωυ-

103 903 249 943 5τοῖσι
277 897 494 954 γενέσθαι.
556 900 599 942 οἱ
629 899 675 942 δὲ
704 898 1049 955 συμβιβάσαντες
1070 896 1256 950 αὐτοὺς,
1283 894 1398 954 ἦσαν

133 979 248 1032 οἵδε,
289 977 527 1029 Συέννεσίς
555 994 599 1021 τε
629 976 653 1021 ὁ
684 979 833 1030 Κίλιξ,
870 977 945 1021 καὶ
972 977 1231 1034 Λαβύνητος
1260 974 1284 1021 ὅ
1314 981 1398 1021 Βα-

130 1057 370 1114 βυλώνιος·
422 1052 546 1101 οὗτοί
574 1068 653 1114 σφι
682 1058 756 1102 καὶ
783 1058 833 1102 τὸ
874 1057 1028 1112 ὅρκιον
1057 1059 1101 1100 οἰ
1132 1056 1397 1109 σπεύσαντες

127 1136 331 1193 γενέσθαι
379 1132 516 1194 ἦσαν,
576 1137 650 1181 καὶ
685 1136 836 1194 γάμων
873 1134 1118 1192 ἐπαλλαγὴν
1156 1135 1391 1193 ἐποίησαν·

73 1309 222 1348 Thales.
288 1309 364 1347 Iam
397 1310 444 1348 de
473 1322 518 1347 ea
546 1311 724 1361 supersti-

70 1366 170 1404 tione
200 1370 381 1414 veterum,
421 1379 493 1415 qua
522 1367 606 1404 mali
634 1368 723 1416 quid

70 1422 332 1460 defectionibus
341 1423 511 1472 portendi
522 1424 724 1474 opinaban-

69 1481 149 1527 tur,
175 1491 326 1517 monere
342 1492 417 1516 non
435 1492 538 1530 opus.

139 1558 347 1614 συνήνεικε
387 1558 514 1603 ὥστε
548 1584 605 1592 -·
645 1561 721 1616 τὴν

69 1617 222 1671 ’ἡμέρην
242 1619 525 1671 -γενέσθαι]
581 1621 625 1658 In
664 1622 721 1658 his

68 1680 199 1713 notant
235 1676 301 1713 viri
333 1677 430 1713 docti
464 1677 723 1715 abundantiam

68 1732 266 1782 particulae
299 1728 417 1782 ὥστε,
465 1746 544 1770 cum
572 1734 724 1784 simplex

67 1789 263 1825 infinitivus
284 1788 499 1839 plerumque
520 1790 587 1827 hac
604 1792 640 1827 in
666 1790 722 1827 lo-

67 1845 210 1883 cutione
242 1845 455 1883 inveniatur.
514 1847 591 1884 Sed
616 1847 722 1884 addi-

68 1904 128 1939 tae
171 1901 370 1952 particulae
419 1903 583 1953 exempla
619 1904 721 1941 dabit

67 1957 251 1996 Schaefer.
276 1959 325 1995 ad
343 1958 472 1996 Lamb.
486 1959 573 1996 Bos.
588 1961 634 1998 de
654 1960 721 1997 El-

68 2013 170 2064 lipss
192 2028 228 2065 p.
247 2015 331 2056 784
359 2015 438 2052 coll.
456 2015 656 2054 Hermann.
682 2017 720 2054 in

66 2069 165 2108 Diss.
185 2072 231 2110 de
249 2071 453 2110 Pleonasm.
477 2077 514 2110 et
529 2073 658 2123 Ellips.
680 2074 719 2111 in

66 2125 189 2164 Wolfii
242 2127 339 2165 Mus.
377 2130 473 2166 stud.
522 2129 673 2180 Antiqq.
701 2130 719 2168 I

63 2196 150 2234 pag.
177 2185 268 2227 195.
299 2205 357 2213 ·-
381 2185 441 2224 De
462 2186 579 2224 forma
607 2198 719 2225 συνε-

66 2235 279 2292 στεώσης,
311 2255 392 2279 cum
426 2242 516 2279 alias
542 2244 580 2280 in
612 2243 718 2280 huius

63 2298 212 2347 perfecti
268 2299 460 2349 participio
518 2300 718 2337 foeminino

63 2365 208 2404 semper
234 2359 400 2392 occurrat
429 2357 548 2394 forma
573 2361 720 2394 contra-

62 2411 120 2446 cta
138 2410 174 2446 in
194 2411 227 2449 ὤ
239 2422 296 2450 σα
315 2425 414 2449 conS.
431 2412 563 2451 Matth.
575 2411 611 2465 ἓ.
626 2415 719 2462 198,

63 2466 103 2513 3,
121 2467 141 2503 f
162 2479 248 2517 pag.
268 2469 363 2510 359.

117 2542 249 2600 ἦσαν
279 2551 386 2600 οἵδε,
427 2551 643 2601 Συέννεσίς
678 2569 719 2594 τε

63 2601 84 2644 ὅ
101 2605 228 2654 Κίλιξ,
249 2607 317 2648 καὶ
334 2607 579 2661 Λαβύνητος
605 2609 719 2651 όΒα-

64 2657 286 2714 βυλῶνιος]
354 2659 459 2717 ἦσαν
505 2667 716 2718 scripsimus

63 2721 214 2767 propter
253 2719 386 2770 libros,
431 2736 585 2772 quorum
623 2738 716 2762 unus

63 2775 204 2810 tantum
231 2775 413 2825 vulgatam
444 2779 637 2818 lectionem
670 2782 717 2819 ab

63 2825 160 2865 Aldo
198 2838 438 2882 propagatam
471 2839 572 2874 tenet
602 2836 717 2877 ἔσαν.

63 2902 121 2911 --
149 2883 337 2935 Syennesis
367 2902 501 2930 nomen
529 2893 718 2942 dignitatis

789 1308 1005 1359 titulumque
1035 1309 1325 1359 antiquissimum
1359 1308 1450 1346 Cili-

791 1367 867 1403 ciae
894 1379 1021 1415 regum
1057 1367 1193 1413 videri,
1236 1379 1309 1415 quo
1340 1366 1450 1403 etiam

789 1423 1010 1473 posteriores
1039 1423 1144 1460 huius
1173 1427 1294 1461 terrae
1327 1435 1450 1471 reges,

792 1479 917 1517 Persis
938 1480 1117 1517 tributarii
1138 1480 1245 1526 sacti,
1277 1479 1332 1515 usi
1351 1482 1450 1526 sunt,

791 1549 886 1573 nunc
901 1537 978 1574 fere
996 1549 1104 1573 nemo
1125 1536 1278 1573 dubitat.
1337 1536 1449 1572 Conf.

789 1592 955 1641 Aeschyl.
996 1592 1098 1630 Pers,
1130 1592 1225 1634 324.
1275 1592 1448 1643 Xenoph.

789 1647 906 1685 Anab.
929 1648 967 1696 I,
995 1652 1043 1696 2,
1064 1653 1116 1691 12
1137 1653 1173 1687 et
1190 1651 1238 1687 ad
1254 1654 1449 1699 utrumque

790 1704 909 1742 locum
957 1705 1187 1756 interpretes,
1272 1705 1452 1756 Labyneti

790 1774 924 1799 nomen
943 1762 1067 1799 itidem
1087 1763 1259 1811 frequens
1276 1763 1314 1799 in
1324 1763 1449 1811 Baby-

787 1818 881 1855 lonis
911 1819 1080 1867 regibus·‚
1121 1820 1165 1856 cf.
1192 1818 1231 1866 Ι,
1262 1821 1329 1860 77.
1354 1822 1447 1861 118.

790 1875 862 1918 Qui
895 1875 964 1912 hoc
990 1874 1071 1912 loco
1094 1878 1338 1923 memoratur,
1365 1888 1449 1913 eum

788 1931 1189 1969 Nabuchodonosorum
1201 1961 1211 1979 ,
1235 1933 1296 1981 qui
1314 1936 1351 1970 et
1369 1931 1448 1970 Ne-

790 1988 1018 2025 bucadnezar
1063 1992 1140 2036 est,
1190 1989 1305 2026 fuisse
1345 1992 1448 2026 notat

788 2045 1077 2094 lVesselingiuS‚
1119 2045 1256 2095 quippe
1291 2058 1450 2094 congru-

788 2101 930 2139 entibus
950 2106 1154 2152 temporum
1176 2101 1387 2139 rationibus.

843 2156 910 2196 καὶ
936 2153 1076 2210 γάμων
1098 2154 1323 2210 ἔπαλλαγήν
1341 2157 1448 2198 ἐποί-

786 2217 913 2265 ησαν]
957 2215 978 2251 i.
999 2228 1030 2253 e.
1061 2219 1186 2252 mutua
1218 2217 1450 2253 instituerunt

787 2271 966 2308 connubia.
1028 2271 1095 2309 Cr.
1116 2273 1257 2310 confert
1285 2273 1332 2309 de
1357 2285 1447 2311 voce

788 2328 963 2365 consimili
975 2324 1447 2377 {ndkkagthyttenbach

789 2385 837 2422 ad
863 2384 959 2422 Plut.
977 2385 1109 2422 Moral.
1130 2386 1169 2434 l,
1191 2389 1218 2426 2
1245 2398 1331 2436 pag.
1352 2386 1449 2434 885,

790 2442 850 2478 ubi
881 2442 1081 2492 explicatur
1121 2444 1264 2492 „quasi
1298 2445 1449 2480 mutatio

781 2511 847 2548 per
867 2500 961 2535 vices
985 2499 1203 2536 vinculorum
1237 2499 1445 2549 (connubii)

788 2558 821 2591 et
842 2558 960 2592 mutuo
976 2555 1125 2606 facta.“
1164 2550 1360 2607 ἀναγκαίη
1382 2569 1447 2594 ex-
1510 2598 1524 2608 θ

786 2612 935 2663 ponitur
954 2624 975 2648 a
996 2612 1174 2650 Matthiae
1206 2613 1255 2649 ad
1277 2612 1446 2663 Euripid.

785 2668 926 2706 Hecub.
947 2670 1028 2710 830
1057 2682 1144 2719 pag.
1162 2670 1215 2710 97
1244 2671 1445 2717 necessitas,

784 2726 842 2762 vis
859 2727 1021 2775 graviter
1044 2738 1180 2774 cogens.
1209 2746 1266 2752 --
1294 2725 1354 2763 Ad
1368 2728 1445 2763 for-

785 2794 882 2819 mam
921 2782 1081 2819 Ionicam
1119 2777 1336 2833 συμβάσιες
1368 2783 1442 2819 vid.

787 2839 943 2876 eundem
962 2839 999 2875 in
1020 2838 1086 2876 Gr.
1107 2839 1174 2876 Gr.
1196 2837 1233 2890 ὃ.
1253 2841 1307 2880 80
1326 2842 1402 2876 not.
1415 2840 1442 2879 6

785 2906 873 2945 pag.
899 2897 992 2937 179.
