<?xml version="1.0" encoding="UTF-8"?>
<!DOCTYPE html PUBLIC "-//W3C//DTD XHTML 1.0 Transitional//EN"
    "http://www.w3.org/TR/xhtml1/DTD/xhtml1-transitional.dtd">
<html xmlns="http://www.w3.org/1999/xhtml" xml:lang="en" lang="en">
 <head>
  <title>
</title>
<meta http-equiv="Content-Type" content="text/html;charset=utf-8" />
  <meta name='ocr-system' content='tesseract 3.04.00' />
  <meta name='ocr-capabilities' content='ocr_page ocr_carea ocr_par ocr_line ocrx_word'/>
</head>
<body>
  <div class='ocr_page' id='page_1' title='image "./musaeher01hero/musaeher01hero_0188.png"; bbox 0 0 1814 3315; ppageno 0'>
   <div class='ocr_carea' id='block_1_1' title="bbox 339 239 1206 287">
    <p class='ocr_par' dir='ltr' id='par_1_1' title="bbox 339 239 1206 287">
     <span class='ocr_line' id='line_1_1' title="bbox 339 239 1206 287; baseline -0.009 -1"><span class='ocrx_word' id='word_1_1' title='bbox 339 244 420 287; x_wconf 74' lang='lat'>174</span> <span class='ocrx_word' id='word_1_2' title='bbox 731 239 1206 281; x_wconf 88' lang='lat' dir='ltr'>HERODOTI</span> 
     </span>
    </p>
   </div>
   <div class='ocr_carea' id='block_1_2' title="bbox 334 346 1659 408">
    <p class='ocr_par' dir='ltr' id='par_1_2' title="bbox 334 346 1659 408">
     <span class='ocr_line' id='line_1_2' title="bbox 334 346 1659 408; baseline -0.004 -12"><span class='ocrx_word' id='word_1_3' title='bbox 334 351 546 408; x_wconf 82' lang='grc' dir='ltr'><strong><em>νόμενον·</em></strong></span> <span class='ocrx_word' id='word_1_4' title='bbox 577 348 651 392; x_wconf 84' lang='grc' dir='ltr'>καὶ</span> <span class='ocrx_word' id='word_1_5' title='bbox 679 347 727 392; x_wconf 79' lang='grc' dir='ltr'><strong><em>ἐν</em></strong></span> <span class='ocrx_word' id='word_1_6' title='bbox 754 349 957 405; x_wconf 77' lang='grc' dir='ltr'><strong><em>θώυματι</em></strong></span> <span class='ocrx_word' id='word_1_7' title='bbox 984 346 1062 406; x_wconf 82' lang='grc' dir='ltr'><strong><em>ἦν,</em></strong></span> <span class='ocrx_word' id='word_1_8' title='bbox 1094 348 1233 406; x_wconf 83' lang='grc' dir='ltr'><strong><em>ὁρέων</em></strong></span> <span class='ocrx_word' id='word_1_9' title='bbox 1254 348 1303 394; x_wconf 89' lang='grc' dir='ltr'>τὸ</span> <span class='ocrx_word' id='word_1_10' title='bbox 1325 347 1659 405; x_wconf 85' lang='grc' dir='ltr'><strong><em>ποιεόμενον.90</em></strong></span> 
     </span>
    </p>
   </div>
   <div class='ocr_carea' id='block_1_3' title="bbox 308 425 1605 566">
    <p class='ocr_par' dir='ltr' id='par_1_3' title="bbox 308 425 1605 566">
     <span class='ocr_line' id='line_1_3' title="bbox 308 425 1602 488; baseline -0.002 -16"><span class='ocrx_word' id='word_1_11' title='bbox 308 431 496 488; x_wconf 63' lang='grc' dir='ltr'><strong><em>Ξμαθών</em></strong></span> <span class='ocrx_word' id='word_1_12' title='bbox 518 428 564 472; x_wconf 81' lang='grc' dir='ltr'>δέ</span> <span class='ocrx_word' id='word_1_13' title='bbox 585 442 661 483; x_wconf 88' lang='grc' dir='ltr'><strong><em>μιν</em></strong></span> <span class='ocrx_word' id='word_1_14' title='bbox 687 425 711 469; x_wconf 88' lang='grc' dir='ltr'>ὁ</span> <span class='ocrx_word' id='word_1_15' title='bbox 735 428 917 483; x_wconf 78' lang='grc' dir='ltr'><strong><em>χαλκεύς</em></strong></span> <span class='ocrx_word' id='word_1_16' title='bbox 946 428 1348 486; x_wconf 78' lang='grc' dir='ltr'><strong><em>ἀποθωυμάζοντα,</em></strong></span> <span class='ocrx_word' id='word_1_17' title='bbox 1380 425 1471 471; x_wconf 79' lang='grc' dir='ltr'><strong><em>εἶπε</em></strong></span> <span class='ocrx_word' id='word_1_18' title='bbox 1493 443 1602 470; x_wconf 84' lang='grc' dir='ltr'><strong><em>παυ-</em></strong></span> 
     </span>
     <span class='ocr_line' id='line_1_4' title="bbox 337 503 1605 566; baseline -0.004 -12"><span class='ocrx_word' id='word_1_19' title='bbox 337 510 523 566; x_wconf 78' lang='grc' dir='ltr'><strong><em>σάμενος</em></strong></span> <span class='ocrx_word' id='word_1_20' title='bbox 551 509 634 550; x_wconf 87' lang='grc' dir='ltr'>τοῦ</span> <span class='ocrx_word' id='word_1_21' title='bbox 664 506 819 561; x_wconf 76' lang='grc' dir='ltr'><strong><em>ἔργον·</em></strong></span> <span class='ocrx_word' id='word_1_22' title='bbox 878 503 967 560; x_wconf 55' lang='grc' dir='ltr'>,ῘΗ</span> <span class='ocrx_word' id='word_1_23' title='bbox 989 525 1072 552; x_wconf 88' lang='grc' dir='ltr'>κου</span> <span class='ocrx_word' id='word_1_24' title='bbox 1101 508 1181 563; x_wconf 77' lang='grc' dir='ltr'><strong><em>ἂν,</em></strong></span> <span class='ocrx_word' id='word_1_25' title='bbox 1223 503 1258 552; x_wconf 73' lang='grc' dir='ltr'><em>ὦ</em></span> <span class='ocrx_word' id='word_1_26' title='bbox 1289 510 1398 561; x_wconf 80' lang='grc' dir='ltr'><strong><em>ξεῖνε</em></strong></span> <span class='ocrx_word' id='word_1_27' title='bbox 1427 505 1605 561; x_wconf 83' lang='grc' dir='ltr'><strong><em>Λάκων,</em></strong></span> 
     </span>
    </p>
   </div>
   <div class='ocr_carea' id='block_1_4' title="bbox 338 583 1602 645">
    <p class='ocr_par' dir='ltr' id='par_1_4' title="bbox 338 583 1602 645">
     <span class='ocr_line' id='line_1_5' title="bbox 338 583 1602 645; baseline -0.002 -12"><span class='ocrx_word' id='word_1_28' title='bbox 338 590 412 642; x_wconf 86' lang='grc' dir='ltr'><strong><em>,,εἰ’</em></strong></span> <span class='ocrx_word' id='word_1_29' title='bbox 438 603 519 643; x_wconf 76' lang='grc' dir='ltr'>περ</span> <span class='ocrx_word' id='word_1_30' title='bbox 559 583 672 635; x_wconf 81' lang='grc' dir='ltr'><strong><em>εἶδες</em></strong></span> <span class='ocrx_word' id='word_1_31' title='bbox 707 586 757 629; x_wconf 89' lang='grc' dir='ltr'>τό</span> <span class='ocrx_word' id='word_1_32' title='bbox 800 602 879 641; x_wconf 83' lang='grc' dir='ltr'>περ</span> <span class='ocrx_word' id='word_1_33' title='bbox 910 586 1016 643; x_wconf 71' lang='grc' dir='ltr'>ἐγώ,</span> <span class='ocrx_word' id='word_1_34' title='bbox 1060 586 1201 643; x_wconf 76' lang='grc' dir='ltr'><strong><em>κάρτα</em></strong></span> <span class='ocrx_word' id='word_1_35' title='bbox 1243 587 1300 632; x_wconf 71' lang='grc' dir='ltr'><strong><em>ἂν</em></strong></span> <span class='ocrx_word' id='word_1_36' title='bbox 1336 588 1602 645; x_wconf 77' lang='grc' dir='ltr'><strong><em>ἐθώυμαζες.</em></strong></span> 
     </span>
    </p>
   </div>
   <div class='ocr_carea' id='block_1_5' title="bbox 339 663 1604 724">
    <p class='ocr_par' dir='ltr' id='par_1_5' title="bbox 339 663 1604 724">
     <span class='ocr_line' id='line_1_6' title="bbox 339 663 1604 724; baseline -0.002 -12"><span class='ocrx_word' id='word_1_37' title='bbox 339 667 483 720; x_wconf 83' lang='grc' dir='ltr'><strong><em>,,ὅκου</em></strong></span> <span class='ocrx_word' id='word_1_38' title='bbox 513 668 600 709; x_wconf 87' lang='grc' dir='ltr'>νῦν</span> <span class='ocrx_word' id='word_1_39' title='bbox 629 663 745 708; x_wconf 80' lang='grc' dir='ltr'><strong><em>οὕτω</em></strong></span> <span class='ocrx_word' id='word_1_40' title='bbox 776 664 1001 721; x_wconf 78' lang='grc' dir='ltr'><strong><em>τυγχάνεις</em></strong></span> <span class='ocrx_word' id='word_1_41' title='bbox 1035 670 1195 724; x_wconf 77' lang='grc' dir='ltr'><strong><em>θῶυμα</em></strong></span> <span class='ocrx_word' id='word_1_42' title='bbox 1237 668 1495 723; x_wconf 81' lang='grc' dir='ltr'><strong><em>ποιεύμενος</em></strong></span> <span class='ocrx_word' id='word_1_43' title='bbox 1524 666 1604 723; x_wconf 80' lang='grc' dir='ltr'><strong><em>τήν</em></strong></span> 
     </span>
    </p>
   </div>
   <div class='ocr_carea' id='block_1_6' title="bbox 309 743 945 801">
    <p class='ocr_par' dir='ltr' id='par_1_6' title="bbox 309 743 945 801">
     <span class='ocr_line' id='line_1_7' title="bbox 309 743 945 801; baseline 0 -14"><span class='ocrx_word' id='word_1_44' title='bbox 309 754 365 798; x_wconf 85' lang='lat'>3„</span> <span class='ocrx_word' id='word_1_45' title='bbox 380 745 586 801; x_wconf 75' lang='grc' dir='ltr'><strong><em>ἐργασίην</em></strong></span> <span class='ocrx_word' id='word_1_46' title='bbox 624 748 705 788; x_wconf 86' lang='grc' dir='ltr'>τοῦ</span> <span class='ocrx_word' id='word_1_47' title='bbox 746 743 945 801; x_wconf 82' lang='grc' dir='ltr'><strong><em>σιδήρου.</em></strong></span> 
     </span>
    </p>
   </div>
   <div class='ocr_carea' id='block_1_7' title="bbox 1005 744 1663 803">
    <p class='ocr_par' dir='ltr' id='par_1_7' title="bbox 1005 744 1663 803">
     <span class='ocr_line' id='line_1_8' title="bbox 1005 744 1663 803; baseline -0.003 -15"><span class='ocrx_word' id='word_1_48' title='bbox 1005 744 1089 800; x_wconf 75' lang='grc' dir='ltr'>ἐγώ</span> <span class='ocrx_word' id='word_1_49' title='bbox 1117 745 1202 801; x_wconf 68' lang='grc' dir='ltr'>γάρ</span> <span class='ocrx_word' id='word_1_50' title='bbox 1243 746 1290 789; x_wconf 82' lang='grc' dir='ltr'><strong><em>ἐν</em></strong></span> <span class='ocrx_word' id='word_1_51' title='bbox 1326 748 1429 803; x_wconf 85' lang='grc' dir='ltr'><strong><em>τῇδε</em></strong></span> <span class='ocrx_word' id='word_1_52' title='bbox 1458 745 1663 790; x_wconf 72' lang='grc' dir='ltr'><strong><em>θέλωνθό</em></strong></span> 
     </span>
    </p>
   </div>
   <div class='ocr_carea' id='block_1_8' title="bbox 337 821 1606 882">
    <p class='ocr_par' dir='ltr' id='par_1_8' title="bbox 337 821 1606 882">
     <span class='ocr_line' id='line_1_9' title="bbox 337 821 1606 882; baseline 0.002 -15"><span class='ocrx_word' id='word_1_53' title='bbox 337 828 426 882; x_wconf 60' lang='grc' dir='ltr'>»τῇ</span> <span class='ocrx_word' id='word_1_54' title='bbox 458 821 572 881; x_wconf 82' lang='grc' dir='ltr'><em>αὐλῇ</em></span> <span class='ocrx_word' id='word_1_55' title='bbox 610 824 753 880; x_wconf 77' lang='grc' dir='ltr'><strong><em>φρέαρ</em></strong></span> <span class='ocrx_word' id='word_1_56' title='bbox 801 822 1089 879; x_wconf 81' lang='grc' dir='ltr'><strong><em>ποιήσασθαι,</em></strong></span> <span class='ocrx_word' id='word_1_57' title='bbox 1146 822 1352 880; x_wconf 83' lang='grc' dir='ltr'><strong><em>ὀρύσσων</em></strong></span> <span class='ocrx_word' id='word_1_58' title='bbox 1400 824 1606 882; x_wconf 78' lang='grc' dir='ltr'><strong><em>ἐπέτυχον</em></strong></span> 
     </span>
    </p>
   </div>
   <div class='ocr_carea' id='block_1_9' title="bbox 336 900 1606 962">
    <p class='ocr_par' dir='ltr' id='par_1_9' title="bbox 336 900 1606 962">
     <span class='ocr_line' id='line_1_10' title="bbox 336 900 1606 962; baseline 0.001 -14"><span class='ocrx_word' id='word_1_59' title='bbox 336 906 490 962; x_wconf 64' lang='grc' dir='ltr'><strong><em>»σορῷ</em></strong></span> <span class='ocrx_word' id='word_1_60' title='bbox 508 903 741 961; x_wconf 77' lang='grc' dir='ltr'><strong><em>ἑπταπήχεϊ</em></strong></span> <span class='ocrx_word' id='word_1_61' title='bbox 751 919 760 929; x_wconf 86' lang='grc'><em>·</em></span> <span class='ocrx_word' id='word_1_62' title='bbox 791 902 878 947; x_wconf 77' lang='grc' dir='ltr'>ὑπὸ</span> <span class='ocrx_word' id='word_1_63' title='bbox 911 902 958 947; x_wconf 80' lang='grc' dir='ltr'>δὲ</span> <span class='ocrx_word' id='word_1_64' title='bbox 986 900 1185 960; x_wconf 76' lang='grc' dir='ltr'><strong><em>ἀπιστίης</em></strong></span> <span class='ocrx_word' id='word_1_65' title='bbox 1211 904 1270 960; x_wconf 89' lang='grc' dir='ltr'>μὴ</span> <span class='ocrx_word' id='word_1_66' title='bbox 1300 904 1380 961; x_wconf 78' lang='grc' dir='ltr'><strong><em>μὲν</em></strong></span> <span class='ocrx_word' id='word_1_67' title='bbox 1398 907 1606 961; x_wconf 72' lang='grc' dir='ltr'><strong><em>γενέσθαι</em></strong></span> 
     </span>
    </p>
   </div>
   <div class='ocr_carea' id='block_1_10' title="bbox 282 1015 553 1021">
    <p class='ocr_par' dir='ltr' id='par_1_10' title="bbox 282 1015 553 1021">
     <span class='ocr_line' id='line_1_11' title="bbox 282 1015 553 1021; baseline 0 0"><span class='ocrx_word' id='word_1_68' title='bbox 282 1015 553 1021; x_wconf 95' lang='lat' dir='ltr'> </span> 
     </span>
    </p>
   </div>
   <div class='ocr_carea' id='block_1_11' title="bbox 274 1088 946 2944">
    <p class='ocr_par' dir='ltr' id='par_1_11' title="bbox 274 1088 946 2944">
     <span class='ocr_line' id='line_1_12' title="bbox 279 1088 936 1140; baseline -0.008 -10"><span class='ocrx_word' id='word_1_69' title='bbox 279 1092 367 1137; x_wconf 88' lang='grc' dir='ltr'><strong><em>νον]</em></strong></span> <span class='ocrx_word' id='word_1_70' title='bbox 406 1089 550 1128; x_wconf 88' lang='lat' dir='ltr'>Eodem</span> <span class='ocrx_word' id='word_1_71' title='bbox 575 1089 685 1127; x_wconf 88' lang='lat' dir='ltr'>modo</span> <span class='ocrx_word' id='word_1_72' title='bbox 710 1088 820 1140; x_wconf 89' lang='lat' dir='ltr'>paulo</span> <span class='ocrx_word' id='word_1_73' title='bbox 848 1093 936 1140; x_wconf 89' lang='lat' dir='ltr'>post</span> 
     </span>
     <span class='ocr_line' id='line_1_13' title="bbox 280 1143 936 1198; baseline -0.005 -12"><span class='ocrx_word' id='word_1_74' title='bbox 280 1146 301 1187; x_wconf 85' lang='grc' dir='ltr'>ὁ</span> <span class='ocrx_word' id='word_1_75' title='bbox 326 1143 512 1198; x_wconf 77' lang='grc' dir='ltr'><strong><em>χαλκεύς,</em></strong></span> <span class='ocrx_word' id='word_1_76' title='bbox 560 1159 780 1196; x_wconf 82' lang='lat' dir='ltr'>quamquam</span> <span class='ocrx_word' id='word_1_77' title='bbox 811 1146 936 1196; x_wconf 82' lang='lat' dir='ltr'>serra-</span> 
     </span>
     <span class='ocr_line' id='line_1_14' title="bbox 279 1202 936 1253; baseline -0.002 -12"><span class='ocrx_word' id='word_1_78' title='bbox 279 1207 372 1241; x_wconf 79' lang='lat' dir='ltr'>rium</span> <span class='ocrx_word' id='word_1_79' title='bbox 400 1204 515 1242; x_wconf 83' lang='lat' dir='ltr'>fuisse</span> <span class='ocrx_word' id='word_1_80' title='bbox 543 1203 735 1253; x_wconf 84' lang='lat' dir='ltr'>ipsamque</span> <span class='ocrx_word' id='word_1_81' title='bbox 755 1202 936 1240; x_wconf 81' lang='lat' dir='ltr'>officinam</span> 
     </span>
     <span class='ocr_line' id='line_1_15' title="bbox 274 1259 936 1312; baseline -0.003 -15"><span class='ocrx_word' id='word_1_82' title='bbox 274 1261 494 1312; x_wconf 77' lang='lat' dir='ltr'>ferrariam,</span> <span class='ocrx_word' id='word_1_83' title='bbox 542 1259 632 1296; x_wconf 89' lang='lat' dir='ltr'>satis</span> <span class='ocrx_word' id='word_1_84' title='bbox 669 1263 746 1296; x_wconf 87' lang='lat' dir='ltr'>tum</span> <span class='ocrx_word' id='word_1_85' title='bbox 786 1271 830 1296; x_wconf 76' lang='lat' dir='ltr'>ex</span> <span class='ocrx_word' id='word_1_86' title='bbox 866 1259 936 1295; x_wconf 90' lang='lat' dir='ltr'>hoc</span> 
     </span>
     <span class='ocr_line' id='line_1_16' title="bbox 280 1313 937 1368; baseline -0.003 -15"><span class='ocrx_word' id='word_1_87' title='bbox 280 1319 364 1368; x_wconf 90' lang='lat' dir='ltr'>ipso</span> <span class='ocrx_word' id='word_1_88' title='bbox 392 1316 472 1353; x_wconf 93' lang='lat' dir='ltr'>loco</span> <span class='ocrx_word' id='word_1_89' title='bbox 504 1321 581 1353; x_wconf 88' lang='lat' dir='ltr'>tum</span> <span class='ocrx_word' id='word_1_90' title='bbox 611 1328 655 1353; x_wconf 79' lang='lat' dir='ltr'>ex</span> <span class='ocrx_word' id='word_1_91' title='bbox 682 1315 887 1352; x_wconf 83' lang='lat' dir='ltr'>Pausaniae</span> <span class='ocrx_word' id='word_1_92' title='bbox 914 1313 937 1351; x_wconf 94' lang='lat' dir='ltr'>l.</span> 
     </span>
     <span class='ocr_line' id='line_1_17' title="bbox 280 1371 939 1422; baseline -0.005 -12"><span class='ocrx_word' id='word_1_93' title='bbox 280 1374 303 1410; x_wconf 93' lang='lat' dir='ltr'>l.</span> <span class='ocrx_word' id='word_1_94' title='bbox 324 1373 546 1422; x_wconf 79' lang='lat' dir='ltr'>intelligitur.</span> <span class='ocrx_word' id='word_1_95' title='bbox 576 1372 652 1409; x_wconf 90' lang='lat' dir='ltr'>Sed</span> <span class='ocrx_word' id='word_1_96' title='bbox 681 1376 767 1422; x_wconf 85' lang='lat' dir='ltr'>apte</span> <span class='ocrx_word' id='word_1_97' title='bbox 790 1372 861 1408; x_wconf 89' lang='lat' dir='ltr'>iam</span> <span class='ocrx_word' id='word_1_98' title='bbox 883 1371 939 1407; x_wconf 87' lang='lat' dir='ltr'>in-</span> 
     </span>
     <span class='ocr_line' id='line_1_18' title="bbox 280 1426 940 1468; baseline -0.005 -1"><span class='ocrx_word' id='word_1_99' title='bbox 280 1434 338 1468; x_wconf 87' lang='lat' dir='ltr'>ter</span> <span class='ocrx_word' id='word_1_100' title='bbox 368 1429 438 1466; x_wconf 90' lang='lat' dir='ltr'>alia</span> <span class='ocrx_word' id='word_1_101' title='bbox 477 1428 633 1466; x_wconf 80' lang='lat' dir='ltr'>Pollucis</span> <span class='ocrx_word' id='word_1_102' title='bbox 666 1427 785 1465; x_wconf 87' lang='lat' dir='ltr'>locum</span> <span class='ocrx_word' id='word_1_103' title='bbox 822 1426 940 1464; x_wconf 88' lang='lat' dir='ltr'>attulit</span> 
     </span>
     <span class='ocr_line' id='line_1_19' title="bbox 281 1484 939 1534; baseline -0.006 -10"><span class='ocrx_word' id='word_1_104' title='bbox 281 1485 571 1534; x_wconf 78' lang='lat' dir='ltr'>wesselingius‚</span> <span class='ocrx_word' id='word_1_105' title='bbox 626 1486 665 1521; x_wconf 90' lang='lat' dir='ltr'>in</span> <span class='ocrx_word' id='word_1_106' title='bbox 714 1484 939 1522; x_wconf 79' lang='lat' dir='ltr'>Onomastic.</span> 
     </span>
     <span class='ocr_line' id='line_1_20' title="bbox 280 1536 938 1593; baseline -0.002 -13"><span class='ocrx_word' id='word_1_107' title='bbox 280 1543 367 1590; x_wconf 84' lang='lat' dir='ltr'>Vll,</span> <span class='ocrx_word' id='word_1_108' title='bbox 401 1545 481 1583; x_wconf 86' lang='lat'>106</span> <span class='ocrx_word' id='word_1_109' title='bbox 509 1536 714 1593; x_wconf 79' lang='grc' dir='ltr'><strong><em>χαλκεύειν</em></strong></span> <span class='ocrx_word' id='word_1_110' title='bbox 737 1538 780 1580; x_wconf 83' lang='grc' dir='ltr'>δὲ</span> <span class='ocrx_word' id='word_1_111' title='bbox 809 1539 876 1579; x_wconf 77' lang='grc' dir='ltr'>καὶ</span> <span class='ocrx_word' id='word_1_112' title='bbox 894 1536 938 1579; x_wconf 79' lang='grc' dir='ltr'>το“</span> 
     </span>
     <span class='ocr_line' id='line_1_21' title="bbox 283 1593 939 1652; baseline -0.005 -14"><span class='ocrx_word' id='word_1_113' title='bbox 283 1593 508 1651; x_wconf 82' lang='grc' dir='ltr'><strong><em>σιδηρεύειν</em></strong></span> <span class='ocrx_word' id='word_1_114' title='bbox 550 1597 704 1652; x_wconf 75' lang='grc' dir='ltr'><strong><em>ἔλεγον,</em></strong></span> <span class='ocrx_word' id='word_1_115' title='bbox 745 1595 814 1636; x_wconf 77' lang='grc' dir='ltr'>καὶ</span> <span class='ocrx_word' id='word_1_116' title='bbox 850 1599 939 1647; x_wconf 83' lang='grc' dir='ltr'><strong><em>χαλ-</em></strong></span> 
     </span>
     <span class='ocr_line' id='line_1_22' title="bbox 280 1651 938 1706; baseline -0.005 -11"><span class='ocrx_word' id='word_1_117' title='bbox 280 1655 374 1702; x_wconf 74' lang='grc' dir='ltr'><strong><em>κέας</em></strong></span> <span class='ocrx_word' id='word_1_118' title='bbox 392 1652 485 1702; x_wconf 73' lang='grc' dir='ltr'><strong><em>τοὺς</em></strong></span> <span class='ocrx_word' id='word_1_119' title='bbox 512 1651 578 1694; x_wconf 86' lang='grc' dir='ltr'><strong><em>τὸν</em></strong></span> <span class='ocrx_word' id='word_1_120' title='bbox 599 1655 764 1705; x_wconf 81' lang='grc' dir='ltr'><strong><em>σίδηρον</em></strong></span> <span class='ocrx_word' id='word_1_121' title='bbox 784 1652 938 1706; x_wconf 71' lang='grc' dir='ltr'><strong><em>ἐργαζο-</em></strong></span> 
     </span>
     <span class='ocr_line' id='line_1_23' title="bbox 282 1710 939 1764; baseline -0.009 -12"><span class='ocrx_word' id='word_1_122' title='bbox 282 1710 440 1764; x_wconf 80' lang='grc' dir='ltr'><strong><em>μένους.</em></strong></span> <span class='ocrx_word' id='word_1_123' title='bbox 498 1711 670 1761; x_wconf 71' lang='lat' dir='ltr'>Namque</span> <span class='ocrx_word' id='word_1_124' title='bbox 709 1723 772 1748; x_wconf 88' lang='lat' dir='ltr'>aes</span> <span class='ocrx_word' id='word_1_125' title='bbox 812 1711 939 1759; x_wconf 83' lang='lat' dir='ltr'>cogni-</span> 
     </span>
     <span class='ocr_line' id='line_1_24' title="bbox 281 1767 939 1813; baseline -0.005 -7"><span class='ocrx_word' id='word_1_126' title='bbox 281 1774 357 1806; x_wconf 85' lang='lat' dir='ltr'>tum</span> <span class='ocrx_word' id='word_1_127' title='bbox 370 1768 520 1806; x_wconf 89' lang='lat' dir='ltr'>Graecis</span> <span class='ocrx_word' id='word_1_128' title='bbox 541 1772 625 1805; x_wconf 87' lang='lat' dir='ltr'>ante</span> <span class='ocrx_word' id='word_1_129' title='bbox 647 1769 805 1813; x_wconf 84' lang='lat' dir='ltr'>ferru1n3</span> <span class='ocrx_word' id='word_1_130' title='bbox 834 1767 939 1804; x_wconf 89' lang='lat' dir='ltr'>inde-</span> 
     </span>
     <span class='ocr_line' id='line_1_25' title="bbox 281 1822 943 1875; baseline -0.005 -13"><span class='ocrx_word' id='word_1_131' title='bbox 281 1839 353 1875; x_wconf 91' lang='lat' dir='ltr'>que</span> <span class='ocrx_word' id='word_1_132' title='bbox 376 1825 576 1862; x_wconf 89' lang='lat' dir='ltr'>communis</span> <span class='ocrx_word' id='word_1_133' title='bbox 609 1823 784 1862; x_wconf 84' lang='lat' dir='ltr'>remansit</span> <span class='ocrx_word' id='word_1_134' title='bbox 814 1822 943 1873; x_wconf 89' lang='lat' dir='ltr'>appel-</span> 
     </span>
     <span class='ocr_line' id='line_1_26' title="bbox 282 1880 943 1930; baseline -0.003 -12"><span class='ocrx_word' id='word_1_135' title='bbox 282 1882 387 1929; x_wconf 84' lang='lat' dir='ltr'>latio,</span> <span class='ocrx_word' id='word_1_136' title='bbox 417 1886 457 1918; x_wconf 88' lang='lat' dir='ltr'>ut</span> <span class='ocrx_word' id='word_1_137' title='bbox 486 1882 540 1928; x_wconf 88' lang='lat' dir='ltr'>is,</span> <span class='ocrx_word' id='word_1_138' title='bbox 569 1881 632 1930; x_wconf 90' lang='lat' dir='ltr'>qui</span> <span class='ocrx_word' id='word_1_139' title='bbox 660 1882 796 1918; x_wconf 87' lang='lat' dir='ltr'>ferrum</span> <span class='ocrx_word' id='word_1_140' title='bbox 819 1880 943 1917; x_wconf 84' lang='lat' dir='ltr'>elabo-</span> 
     </span>
     <span class='ocr_line' id='line_1_27' title="bbox 280 1936 942 1985; baseline -0.008 -9"><span class='ocrx_word' id='word_1_141' title='bbox 280 1943 400 1985; x_wconf 84' lang='lat' dir='ltr'>raret,</span> <span class='ocrx_word' id='word_1_142' title='bbox 431 1939 563 1975; x_wconf 88' lang='lat' dir='ltr'>eodem</span> <span class='ocrx_word' id='word_1_143' title='bbox 589 1938 735 1974; x_wconf 89' lang='lat' dir='ltr'>nomine</span> <span class='ocrx_word' id='word_1_144' title='bbox 754 1936 942 1981; x_wconf 85' lang='lat' dir='ltr'>diceretur,</span> 
     </span>
     <span class='ocr_line' id='line_1_28' title="bbox 282 1993 941 2043; baseline -0.005 -13"><span class='ocrx_word' id='word_1_145' title='bbox 282 2007 392 2043; x_wconf 86' lang='lat' dir='ltr'>quam</span> <span class='ocrx_word' id='word_1_146' title='bbox 420 1995 483 2043; x_wconf 92' lang='lat' dir='ltr'>qui</span> <span class='ocrx_word' id='word_1_147' title='bbox 511 1993 549 2030; x_wconf 85' lang='lat' dir='ltr'>in</span> <span class='ocrx_word' id='word_1_148' title='bbox 577 2006 661 2031; x_wconf 86' lang='lat' dir='ltr'>aere</span> <span class='ocrx_word' id='word_1_149' title='bbox 680 1993 941 2031; x_wconf 83' lang='lat' dir='ltr'>elaboraverat.</span> 
     </span>
     <span class='ocr_line' id='line_1_29' title="bbox 281 2049 945 2098; baseline -0.005 -11"><span class='ocrx_word' id='word_1_150' title='bbox 281 2050 422 2087; x_wconf 89' lang='lat' dir='ltr'>Probat</span> <span class='ocrx_word' id='word_1_151' title='bbox 449 2050 605 2087; x_wconf 88' lang='lat' dir='ltr'>Hesiodi</span> <span class='ocrx_word' id='word_1_152' title='bbox 632 2049 732 2086; x_wconf 91' lang='lat' dir='ltr'>locus</span> <span class='ocrx_word' id='word_1_153' title='bbox 771 2049 809 2085; x_wconf 88' lang='lat' dir='ltr'>in</span> <span class='ocrx_word' id='word_1_154' title='bbox 840 2049 945 2098; x_wconf 88' lang='lat' dir='ltr'>Opp.</span> 
     </span>
     <span class='ocr_line' id='line_1_30' title="bbox 282 2103 943 2146; baseline -0.006 -2"><span class='ocrx_word' id='word_1_155' title='bbox 282 2110 319 2144; x_wconf 87' lang='lat' dir='ltr'>et</span> <span class='ocrx_word' id='word_1_156' title='bbox 349 2106 397 2143; x_wconf 91' lang='lat' dir='ltr'>D.</span> <span class='ocrx_word' id='word_1_157' title='bbox 426 2119 480 2142; x_wconf 73' lang='lat' dir='ltr'>vs.</span> <span class='ocrx_word' id='word_1_158' title='bbox 513 2106 591 2146; x_wconf 85' lang='lat'>151</span> <span class='ocrx_word' id='word_1_159' title='bbox 626 2106 684 2142; x_wconf 92' lang='lat' dir='ltr'>ed.</span> <span class='ocrx_word' id='word_1_160' title='bbox 712 2105 775 2143; x_wconf 92' lang='lat' dir='ltr'>Br.</span> <span class='ocrx_word' id='word_1_161' title='bbox 806 2108 842 2142; x_wconf 90' lang='lat' dir='ltr'>et</span> <span class='ocrx_word' id='word_1_162' title='bbox 865 2103 943 2140; x_wconf 89' lang='lat' dir='ltr'>Lu-</span> 
     </span>
     <span class='ocr_line' id='line_1_31' title="bbox 284 2161 912 2210; baseline -0.005 -11"><span class='ocrx_word' id='word_1_163' title='bbox 284 2163 384 2200; x_wconf 89' lang='lat' dir='ltr'>cretii</span> <span class='ocrx_word' id='word_1_164' title='bbox 405 2162 470 2210; x_wconf 87' lang='lat' dir='ltr'>(V,</span> <span class='ocrx_word' id='word_1_165' title='bbox 499 2162 628 2210; x_wconf 74' lang='lat'>1292)</span> <span class='ocrx_word' id='word_1_166' title='bbox 657 2162 706 2198; x_wconf 91' lang='lat' dir='ltr'>ita</span> <span class='ocrx_word' id='word_1_167' title='bbox 726 2161 912 2197; x_wconf 83' lang='lat' dir='ltr'>canentis:</span> 
     </span>
     <span class='ocr_line' id='line_1_32' title="bbox 365 2216 943 2266; baseline -0.005 -11"><span class='ocrx_word' id='word_1_168' title='bbox 365 2218 471 2255; x_wconf 91' lang='lat' dir='ltr'>Prior</span> <span class='ocrx_word' id='word_1_169' title='bbox 490 2218 584 2255; x_wconf 85' lang='lat' dir='ltr'>aeris</span> <span class='ocrx_word' id='word_1_170' title='bbox 612 2222 690 2255; x_wconf 88' lang='lat' dir='ltr'>erat</span> <span class='ocrx_word' id='word_1_171' title='bbox 718 2230 827 2266; x_wconf 88' lang='lat' dir='ltr'>quarn</span> <span class='ocrx_word' id='word_1_172' title='bbox 856 2216 943 2253; x_wconf 86' lang='lat' dir='ltr'>ferri</span> 
     </span>
     <span class='ocr_line' id='line_1_33' title="bbox 587 2274 875 2323; baseline -0.01 -12"><span class='ocrx_word' id='word_1_173' title='bbox 587 2274 756 2323; x_wconf 86' lang='lat' dir='ltr'>cognitus</span> <span class='ocrx_word' id='word_1_174' title='bbox 775 2286 875 2310; x_wconf 79' lang='lat' dir='ltr'>usus,</span> 
     </span>
     <span class='ocr_line' id='line_1_34' title="bbox 283 2326 941 2378; baseline -0.003 -9"><span class='ocrx_word' id='word_1_175' title='bbox 283 2331 436 2378; x_wconf 85' lang='lat' dir='ltr'>Pariter,</span> <span class='ocrx_word' id='word_1_176' title='bbox 455 2333 497 2367; x_wconf 91' lang='lat' dir='ltr'>ut</span> <span class='ocrx_word' id='word_1_177' title='bbox 519 2336 643 2367; x_wconf 87' lang='lat' dir='ltr'>monet</span> <span class='ocrx_word' id='word_1_178' title='bbox 667 2329 732 2367; x_wconf 88' lang='lat' dir='ltr'>Cr.</span> <span class='ocrx_word' id='word_1_179' title='bbox 747 2358 757 2376; x_wconf 85' lang='lat'>,</span> <span class='ocrx_word' id='word_1_180' title='bbox 789 2326 836 2367; x_wconf 79' lang='grc' dir='ltr'>τὰ</span> <span class='ocrx_word' id='word_1_181' title='bbox 855 2331 941 2378; x_wconf 78' lang='grc' dir='ltr'><strong><em>χαλ-</em></strong></span> 
     </span>
     <span class='ocr_line' id='line_1_35' title="bbox 282 2381 946 2438; baseline -0.009 -12"><span class='ocrx_word' id='word_1_182' title='bbox 282 2391 370 2427; x_wconf 78' lang='grc' dir='ltr'><strong><em>κεῖα</em></strong></span> <span class='ocrx_word' id='word_1_183' title='bbox 407 2391 443 2425; x_wconf 89' lang='lat' dir='ltr'>et</span> <span class='ocrx_word' id='word_1_184' title='bbox 481 2383 529 2425; x_wconf 79' lang='grc' dir='ltr'>τα“</span> <span class='ocrx_word' id='word_1_185' title='bbox 556 2381 717 2438; x_wconf 78' lang='grc' dir='ltr'><strong><em>σιδήρια</em></strong></span> <span class='ocrx_word' id='word_1_186' title='bbox 745 2386 946 2434; x_wconf 87' lang='lat' dir='ltr'>iunguntur</span> 
     </span>
     <span class='ocr_line' id='line_1_36' title="bbox 283 2442 943 2492; baseline 0 -12"><span class='ocrx_word' id='word_1_187' title='bbox 283 2444 320 2481; x_wconf 91' lang='lat' dir='ltr'>in</span> <span class='ocrx_word' id='word_1_188' title='bbox 348 2443 511 2480; x_wconf 81' lang='lat' dir='ltr'>Platonis</span> <span class='ocrx_word' id='word_1_189' title='bbox 538 2442 758 2491; x_wconf 80' lang='lat' dir='ltr'>Euthydem.</span> <span class='ocrx_word' id='word_1_190' title='bbox 789 2456 826 2492; x_wconf 89' lang='lat' dir='ltr'>p.</span> <span class='ocrx_word' id='word_1_191' title='bbox 861 2444 943 2482; x_wconf 81' lang='lat'>300</span> 
     </span>
     <span class='ocr_line' id='line_1_37' title="bbox 282 2498 942 2551; baseline -0.003 -14"><span class='ocrx_word' id='word_1_192' title='bbox 282 2512 370 2551; x_wconf 84' lang='lat' dir='ltr'>pag.</span> <span class='ocrx_word' id='word_1_193' title='bbox 393 2500 474 2540; x_wconf 85' lang='lat'>449</span> <span class='ocrx_word' id='word_1_194' title='bbox 494 2498 612 2536; x_wconf 88' lang='lat' dir='ltr'>Bekk.</span> <span class='ocrx_word' id='word_1_195' title='bbox 626 2520 679 2525; x_wconf 87' lang='lat'>—-—</span> <span class='ocrx_word' id='word_1_196' title='bbox 698 2498 758 2535; x_wconf 88' lang='lat' dir='ltr'>De</span> <span class='ocrx_word' id='word_1_197' title='bbox 782 2498 942 2547; x_wconf 75' lang='grc' dir='ltr'><strong><em>ἐθηεῖτο</em></strong></span> 
     </span>
     <span class='ocr_line' id='line_1_38' title="bbox 282 2554 943 2601; baseline -0.006 -7"><span class='ocrx_word' id='word_1_198' title='bbox 282 2557 402 2594; x_wconf 67' lang='lat' dir='ltr'>forma</span> <span class='ocrx_word' id='word_1_199' title='bbox 417 2555 622 2592; x_wconf 89' lang='lat' dir='ltr'>monuimus</span> <span class='ocrx_word' id='word_1_200' title='bbox 642 2556 691 2592; x_wconf 89' lang='lat' dir='ltr'>ad</span> <span class='ocrx_word' id='word_1_201' title='bbox 711 2554 740 2601; x_wconf 82' lang='lat' dir='ltr'>l,</span> <span class='ocrx_word' id='word_1_202' title='bbox 756 2557 828 2600; x_wconf 81' lang='lat'>103</span> <span class='ocrx_word' id='word_1_203' title='bbox 857 2554 943 2591; x_wconf 86' lang='lat' dir='ltr'>item</span> 
     </span>
     <span class='ocr_line' id='line_1_39' title="bbox 283 2611 940 2660; baseline -0.005 -11"><span class='ocrx_word' id='word_1_204' title='bbox 283 2614 333 2650; x_wconf 88' lang='lat' dir='ltr'>ad</span> <span class='ocrx_word' id='word_1_205' title='bbox 354 2612 397 2659; x_wconf 89' lang='lat' dir='ltr'>l,</span> <span class='ocrx_word' id='word_1_206' title='bbox 422 2613 476 2653; x_wconf 89' lang='grc'>50</span> <span class='ocrx_word' id='word_1_207' title='bbox 501 2613 548 2649; x_wconf 88' lang='lat' dir='ltr'>de</span> <span class='ocrx_word' id='word_1_208' title='bbox 580 2624 645 2658; x_wconf 88' lang='lat' dir='ltr'>eo,</span> <span class='ocrx_word' id='word_1_209' title='bbox 674 2611 775 2660; x_wconf 91' lang='lat' dir='ltr'>quod</span> <span class='ocrx_word' id='word_1_210' title='bbox 796 2611 834 2647; x_wconf 92' lang='lat' dir='ltr'>in</span> <span class='ocrx_word' id='word_1_211' title='bbox 863 2623 940 2647; x_wconf 88' lang='lat' dir='ltr'>me-</span> 
     </span>
     <span class='ocr_line' id='line_1_40' title="bbox 284 2664 940 2714; baseline -0.006 -7"><span class='ocrx_word' id='word_1_212' title='bbox 284 2668 378 2707; x_wconf 83' lang='lat' dir='ltr'>tallis</span> <span class='ocrx_word' id='word_1_213' title='bbox 403 2668 600 2704; x_wconf 85' lang='lat' dir='ltr'>tractandis</span> <span class='ocrx_word' id='word_1_214' title='bbox 634 2667 681 2704; x_wconf 89' lang='lat' dir='ltr'>sit</span> <span class='ocrx_word' id='word_1_215' title='bbox 704 2664 940 2714; x_wconf 79' lang='grc' dir='ltr'><strong><em>ἐξελαύνειν.</em></strong></span> 
     </span>
     <span class='ocr_line' id='line_1_41' title="bbox 283 2723 942 2763; baseline -0.005 -1"><span class='ocrx_word' id='word_1_216' title='bbox 283 2725 397 2763; x_wconf 89' lang='lat' dir='ltr'>Unde</span> <span class='ocrx_word' id='word_1_217' title='bbox 424 2737 511 2761; x_wconf 78' lang='lat' dir='ltr'>vero</span> <span class='ocrx_word' id='word_1_218' title='bbox 531 2723 735 2761; x_wconf 86' lang='lat' dir='ltr'>Larcherus</span> <span class='ocrx_word' id='word_1_219' title='bbox 767 2723 804 2759; x_wconf 91' lang='lat' dir='ltr'>in</span> <span class='ocrx_word' id='word_1_220' title='bbox 825 2735 942 2760; x_wconf 90' lang='lat' dir='ltr'>anno-</span> 
     </span>
     <span class='ocr_line' id='line_1_42' title="bbox 284 2779 942 2828; baseline -0.005 -10"><span class='ocrx_word' id='word_1_221' title='bbox 284 2782 423 2818; x_wconf 81' lang='lat' dir='ltr'>tatione</span> <span class='ocrx_word' id='word_1_222' title='bbox 443 2781 490 2817; x_wconf 89' lang='lat' dir='ltr'>ad</span> <span class='ocrx_word' id='word_1_223' title='bbox 512 2779 547 2826; x_wconf 87' lang='lat' dir='ltr'>I,</span> <span class='ocrx_word' id='word_1_224' title='bbox 573 2780 628 2821; x_wconf 78' lang='lat'>25</span> <span class='ocrx_word' id='word_1_225' title='bbox 648 2779 816 2828; x_wconf 80' lang='lat' dir='ltr'>colligat,</span> <span class='ocrx_word' id='word_1_226' title='bbox 846 2779 942 2815; x_wconf 90' lang='lat' dir='ltr'>hunc</span> 
     </span>
     <span class='ocr_line' id='line_1_43' title="bbox 286 2836 941 2885; baseline -0.006 -10"><span class='ocrx_word' id='word_1_227' title='bbox 286 2837 461 2884; x_wconf 78' lang='lat' dir='ltr'>loculum,</span> <span class='ocrx_word' id='word_1_228' title='bbox 491 2849 562 2885; x_wconf 90' lang='lat' dir='ltr'>quo</span> <span class='ocrx_word' id='word_1_229' title='bbox 583 2836 726 2873; x_wconf 80' lang='lat' dir='ltr'>Orestis</span> <span class='ocrx_word' id='word_1_230' title='bbox 750 2848 836 2871; x_wconf 88' lang='lat' dir='ltr'>ossa</span> <span class='ocrx_word' id='word_1_231' title='bbox 856 2848 941 2872; x_wconf 91' lang='lat' dir='ltr'>con-</span> 
     </span>
     <span class='ocr_line' id='line_1_44' title="bbox 285 2892 943 2944; baseline -0.005 -11"><span class='ocrx_word' id='word_1_232' title='bbox 285 2895 517 2942; x_wconf 85' lang='lat' dir='ltr'>tinebantur,</span> <span class='ocrx_word' id='word_1_233' title='bbox 556 2895 593 2931; x_wconf 89' lang='lat' dir='ltr'>et</span> <span class='ocrx_word' id='word_1_234' title='bbox 630 2892 750 2944; x_wconf 87' lang='lat' dir='ltr'>ipsum</span> <span class='ocrx_word' id='word_1_235' title='bbox 786 2893 943 2930; x_wconf 82' lang='lat' dir='ltr'>ferreum</span> 
     </span>
    </p>
   </div>
   <div class='ocr_carea' id='block_1_12' title="bbox 1002 1088 1668 1409">
    <p class='ocr_par' dir='ltr' id='par_1_12' title="bbox 1002 1088 1668 1409">
     <span class='ocr_line' id='line_1_45' title="bbox 1002 1088 1666 1139; baseline 0.003 -13"><span class='ocrx_word' id='word_1_236' title='bbox 1002 1088 1138 1136; x_wconf 83' lang='lat' dir='ltr'>fuisse,</span> <span class='ocrx_word' id='word_1_237' title='bbox 1169 1089 1305 1139; x_wconf 82' lang='lat' dir='ltr'>quippe</span> <span class='ocrx_word' id='word_1_238' title='bbox 1335 1089 1404 1128; x_wconf 90' lang='lat' dir='ltr'>hoc</span> <span class='ocrx_word' id='word_1_239' title='bbox 1438 1089 1574 1128; x_wconf 87' lang='lat' dir='ltr'>metalli</span> <span class='ocrx_word' id='word_1_240' title='bbox 1600 1102 1666 1139; x_wconf 87' lang='lat' dir='ltr'>ge-</span> 
     </span>
     <span class='ocr_line' id='line_1_46' title="bbox 1003 1146 1667 1196; baseline 0 -14"><span class='ocrx_word' id='word_1_241' title='bbox 1003 1159 1093 1183; x_wconf 91' lang='lat' dir='ltr'>nere</span> <span class='ocrx_word' id='word_1_242' title='bbox 1117 1150 1202 1182; x_wconf 89' lang='lat' dir='ltr'>tunc</span> <span class='ocrx_word' id='word_1_243' title='bbox 1230 1147 1404 1196; x_wconf 87' lang='lat' dir='ltr'>temporis</span> <span class='ocrx_word' id='word_1_244' title='bbox 1443 1146 1667 1196; x_wconf 86' lang='lat' dir='ltr'>pretiosissi-</span> 
     </span>
     <span class='ocr_line' id='line_1_47' title="bbox 1002 1202 1667 1252; baseline 0 -13"><span class='ocrx_word' id='word_1_245' title='bbox 1002 1215 1084 1249; x_wconf 79' lang='lat' dir='ltr'>mo,</span> <span class='ocrx_word' id='word_1_246' title='bbox 1115 1215 1187 1251; x_wconf 93' lang='lat' dir='ltr'>quo</span> <span class='ocrx_word' id='word_1_247' title='bbox 1215 1203 1398 1240; x_wconf 86' lang='lat' dir='ltr'>carissima</span> <span class='ocrx_word' id='word_1_248' title='bbox 1419 1214 1588 1252; x_wconf 89' lang='lat' dir='ltr'>quaeque</span> <span class='ocrx_word' id='word_1_249' title='bbox 1609 1202 1667 1239; x_wconf 92' lang='lat' dir='ltr'>in-</span> 
     </span>
     <span class='ocr_line' id='line_1_48' title="bbox 1007 1259 1668 1308; baseline -0.002 -12"><span class='ocrx_word' id='word_1_250' title='bbox 1007 1259 1107 1296; x_wconf 90' lang='lat' dir='ltr'>clusa</span> <span class='ocrx_word' id='word_1_251' title='bbox 1126 1259 1261 1296; x_wconf 85' lang='lat' dir='ltr'>fuerint</span> <span class='ocrx_word' id='word_1_252' title='bbox 1276 1287 1287 1306; x_wconf 83' lang='lat'>‚</span> <span class='ocrx_word' id='word_1_253' title='bbox 1316 1259 1355 1295; x_wconf 90' lang='lat' dir='ltr'>id</span> <span class='ocrx_word' id='word_1_254' title='bbox 1372 1259 1543 1308; x_wconf 89' lang='lat' dir='ltr'>equidem</span> <span class='ocrx_word' id='word_1_255' title='bbox 1560 1259 1668 1308; x_wconf 79' lang='lat' dir='ltr'>igno-</span> 
     </span>
     <span class='ocr_line' id='line_1_49' title="bbox 1006 1314 1668 1364; baseline 0 -13"><span class='ocrx_word' id='word_1_256' title='bbox 1006 1328 1070 1362; x_wconf 82' lang='lat' dir='ltr'>ro,</span> <span class='ocrx_word' id='word_1_257' title='bbox 1101 1318 1272 1364; x_wconf 88' lang='lat' dir='ltr'>recteque</span> <span class='ocrx_word' id='word_1_258' title='bbox 1295 1315 1386 1352; x_wconf 88' lang='lat' dir='ltr'>alios</span> <span class='ocrx_word' id='word_1_259' title='bbox 1411 1316 1445 1353; x_wconf 91' lang='lat' dir='ltr'>ei</span> <span class='ocrx_word' id='word_1_260' title='bbox 1477 1314 1668 1353; x_wconf 86' lang='lat' dir='ltr'>oblocutos</span> 
     </span>
     <span class='ocr_line' id='line_1_50' title="bbox 1008 1384 1268 1409; baseline 0 -1"><span class='ocrx_word' id='word_1_261' title='bbox 1008 1384 1092 1409; x_wconf 84' lang='lat' dir='ltr'>esse</span> <span class='ocrx_word' id='word_1_262' title='bbox 1124 1384 1268 1408; x_wconf 85' lang='lat' dir='ltr'>censeo.</span> 
     </span>
    </p>
   </div>
   <div class='ocr_carea' id='block_1_13' title="bbox 1006 1449 1673 1832">
    <p class='ocr_par' dir='ltr' id='par_1_13' title="bbox 1006 1449 1673 1832">
     <span class='ocr_line' id='line_1_51' title="bbox 1061 1449 1666 1507; baseline -0.003 -12"><span class='ocrx_word' id='word_1_263' title='bbox 1061 1450 1158 1495; x_wconf 75' lang='grc' dir='ltr'><strong><em>ὅκου</em></strong></span> <span class='ocrx_word' id='word_1_264' title='bbox 1186 1457 1263 1494; x_wconf 80' lang='grc' dir='ltr'>νῦν</span> <span class='ocrx_word' id='word_1_265' title='bbox 1304 1451 1409 1495; x_wconf 77' lang='grc' dir='ltr'><strong><em>οὕτω</em></strong></span> <span class='ocrx_word' id='word_1_266' title='bbox 1444 1449 1666 1507; x_wconf 75' lang='grc' dir='ltr'><strong><em>τυγχάνεις]</em></strong></span> 
     </span>
     <span class='ocr_line' id='line_1_52' title="bbox 1009 1507 1670 1562; baseline -0.005 -11"><span class='ocrx_word' id='word_1_267' title='bbox 1009 1507 1107 1552; x_wconf 74' lang='grc' dir='ltr'><strong><em>ὅκου</em></strong></span> <span class='ocrx_word' id='word_1_268' title='bbox 1127 1512 1280 1549; x_wconf 87' lang='lat' dir='ltr'>causalis</span> <span class='ocrx_word' id='word_1_269' title='bbox 1303 1512 1361 1550; x_wconf 88' lang='lat' dir='ltr'>hic</span> <span class='ocrx_word' id='word_1_270' title='bbox 1391 1515 1447 1550; x_wconf 88' lang='lat' dir='ltr'>est</span> <span class='ocrx_word' id='word_1_271' title='bbox 1478 1511 1670 1562; x_wconf 87' lang='lat' dir='ltr'>particula,</span> 
     </span>
     <span class='ocr_line' id='line_1_53' title="bbox 1009 1568 1669 1619; baseline -0.002 -14"><span class='ocrx_word' id='word_1_272' title='bbox 1009 1582 1126 1619; x_wconf 79' lang='lat' dir='ltr'>quum,</span> <span class='ocrx_word' id='word_1_273' title='bbox 1174 1569 1232 1605; x_wconf 81' lang='lat' dir='ltr'>da.</span> <span class='ocrx_word' id='word_1_274' title='bbox 1289 1568 1401 1605; x_wconf 88' lang='lat' dir='ltr'>Plura</span> <span class='ocrx_word' id='word_1_275' title='bbox 1440 1568 1599 1607; x_wconf 75' lang='lat' dir='ltr'>VVerfer.</span> <span class='ocrx_word' id='word_1_276' title='bbox 1631 1568 1669 1604; x_wconf 89' lang='lat' dir='ltr'>in</span> 
     </span>
     <span class='ocr_line' id='line_1_54' title="bbox 1006 1623 1670 1675; baseline -0.002 -13"><span class='ocrx_word' id='word_1_277' title='bbox 1006 1625 1102 1662; x_wconf 88' lang='lat' dir='ltr'>Actt.</span> <span class='ocrx_word' id='word_1_278' title='bbox 1152 1624 1288 1675; x_wconf 83' lang='lat' dir='ltr'>philoll.</span> <span class='ocrx_word' id='word_1_279' title='bbox 1346 1624 1513 1661; x_wconf 86' lang='lat' dir='ltr'>Monaec.</span> <span class='ocrx_word' id='word_1_280' title='bbox 1562 1623 1602 1672; x_wconf 89' lang='grc' dir='ltr'>Ι,</span> <span class='ocrx_word' id='word_1_281' title='bbox 1645 1626 1670 1665; x_wconf 88' lang='grc'><strong>1</strong></span> 
     </span>
     <span class='ocr_line' id='line_1_55' title="bbox 1006 1679 1671 1732; baseline -0.003 -14"><span class='ocrx_word' id='word_1_282' title='bbox 1006 1694 1044 1732; x_wconf 88' lang='lat' dir='ltr'>p.</span> <span class='ocrx_word' id='word_1_283' title='bbox 1076 1683 1168 1722; x_wconf 85' lang='lat'>118.</span> <span class='ocrx_word' id='word_1_284' title='bbox 1197 1703 1253 1708; x_wconf 90' lang='lat'>—-</span> <span class='ocrx_word' id='word_1_285' title='bbox 1281 1681 1340 1720; x_wconf 86' lang='lat' dir='ltr'>De</span> <span class='ocrx_word' id='word_1_286' title='bbox 1369 1684 1551 1717; x_wconf 88' lang='lat' dir='ltr'>structura</span> <span class='ocrx_word' id='word_1_287' title='bbox 1569 1679 1671 1718; x_wconf 79' lang='lat' dir='ltr'>verbi</span> 
     </span>
     <span class='ocr_line' id='line_1_56' title="bbox 1006 1736 1673 1788; baseline -0.006 -12"><span class='ocrx_word' id='word_1_288' title='bbox 1006 1741 1216 1776; x_wconf 78' lang='grc' dir='ltr'><strong><em>ποιεῖσθαι</em></strong></span> <span class='ocrx_word' id='word_1_289' title='bbox 1235 1738 1273 1774; x_wconf 90' lang='lat' dir='ltr'>in</span> <span class='ocrx_word' id='word_1_290' title='bbox 1299 1750 1404 1787; x_wconf 88' lang='lat' dir='ltr'>seqq.</span> <span class='ocrx_word' id='word_1_291' title='bbox 1428 1750 1509 1774; x_wconf 90' lang='lat' dir='ltr'>cum</span> <span class='ocrx_word' id='word_1_292' title='bbox 1537 1736 1673 1788; x_wconf 88' lang='lat' dir='ltr'>duplici</span> 
     </span>
     <span class='ocr_line' id='line_1_57' title="bbox 1009 1793 1671 1832; baseline -0.003 -1"><span class='ocrx_word' id='word_1_293' title='bbox 1009 1795 1214 1832; x_wconf 85' lang='lat' dir='ltr'>accusativo</span> <span class='ocrx_word' id='word_1_294' title='bbox 1230 1796 1324 1831; x_wconf 91' lang='lat' dir='ltr'>conf.</span> <span class='ocrx_word' id='word_1_295' title='bbox 1349 1794 1481 1831; x_wconf 83' lang='lat' dir='ltr'>Matth.</span> <span class='ocrx_word' id='word_1_296' title='bbox 1512 1793 1578 1830; x_wconf 91' lang='lat' dir='ltr'>Gr.</span> <span class='ocrx_word' id='word_1_297' title='bbox 1604 1793 1671 1830; x_wconf 87' lang='lat' dir='ltr'>Gr.</span> 
     </span>
    </p>
   </div>
   <div class='ocr_carea' id='block_1_14' title="bbox 1011 1848 1544 1902">
    <p class='ocr_par' dir='ltr' id='par_1_14' title="bbox 1011 1848 1544 1902">
     <span class='ocr_line' id='line_1_58' title="bbox 1011 1848 1544 1902; baseline 0 -15"><span class='ocrx_word' id='word_1_298' title='bbox 1011 1849 1047 1902; x_wconf 62' lang='grc' dir='ltr'>ἓ.</span> <span class='ocrx_word' id='word_1_299' title='bbox 1074 1851 1155 1892; x_wconf 79' lang='lat'>421</span> <span class='ocrx_word' id='word_1_300' title='bbox 1187 1855 1262 1888; x_wconf 88' lang='lat' dir='ltr'>not.</span> <span class='ocrx_word' id='word_1_301' title='bbox 1288 1851 1315 1891; x_wconf 82' lang='grc'>4</span> <span class='ocrx_word' id='word_1_302' title='bbox 1341 1863 1429 1902; x_wconf 86' lang='lat' dir='ltr'>pag.</span> <span class='ocrx_word' id='word_1_303' title='bbox 1449 1848 1544 1890; x_wconf 87' lang='grc'><strong>775.</strong></span> 
     </span>
    </p>
   </div>
   <div class='ocr_carea' id='block_1_15' title="bbox 1004 1929 1677 2942">
    <p class='ocr_par' dir='ltr' id='par_1_15' title="bbox 1004 1929 1677 2942">
     <span class='ocr_line' id='line_1_59' title="bbox 1065 1929 1671 1985; baseline 0 -12"><span class='ocrx_word' id='word_1_304' title='bbox 1065 1931 1146 1974; x_wconf 73' lang='grc' dir='ltr'>’ὕπὸ</span> <span class='ocrx_word' id='word_1_305' title='bbox 1189 1932 1232 1973; x_wconf 79' lang='grc' dir='ltr'>δὲ</span> <span class='ocrx_word' id='word_1_306' title='bbox 1273 1930 1459 1985; x_wconf 65' lang='grc' dir='ltr'><strong><em>ἀπιστίης</em></strong></span> <span class='ocrx_word' id='word_1_307' title='bbox 1502 1929 1556 1985; x_wconf 85' lang='grc' dir='ltr'>μὴ</span> <span class='ocrx_word' id='word_1_308' title='bbox 1598 1931 1671 1985; x_wconf 81' lang='grc' dir='ltr'><strong><em>μὲν</em></strong></span> 
     </span>
     <span class='ocr_line' id='line_1_60' title="bbox 1013 1988 1671 2043; baseline -0.005 -13"><span class='ocrx_word' id='word_1_309' title='bbox 1013 1989 1203 2043; x_wconf 78' lang='grc' dir='ltr'><strong><em>γενέσθαι</em></strong></span> <span class='ocrx_word' id='word_1_310' title='bbox 1223 1988 1388 2043; x_wconf 73' lang='grc' dir='ltr'><em>μηδαμοῖ</em></span> <span class='ocrx_word' id='word_1_311' title='bbox 1417 2006 1452 2029; x_wconf 82' lang='grc' dir='ltr'>κ.</span> <span class='ocrx_word' id='word_1_312' title='bbox 1468 2004 1500 2029; x_wconf 87' lang='grc' dir='ltr'>τ.</span> <span class='ocrx_word' id='word_1_313' title='bbox 1523 1988 1575 2040; x_wconf 83' lang='grc' dir='ltr'>λ.]</span> <span class='ocrx_word' id='word_1_314' title='bbox 1598 1991 1622 2027; x_wconf 85' lang='lat' dir='ltr'>i.</span> <span class='ocrx_word' id='word_1_315' title='bbox 1639 2003 1671 2028; x_wconf 82' lang='lat' dir='ltr'>e.</span> 
     </span>
     <span class='ocr_line' id='line_1_61' title="bbox 1010 2046 1675 2098; baseline -0.002 -14"><span class='ocrx_word' id='word_1_316' title='bbox 1010 2050 1209 2098; x_wconf 76' lang='lat' dir='ltr'>„quoniam</span> <span class='ocrx_word' id='word_1_317' title='bbox 1248 2047 1456 2098; x_wconf 65' lang='lat' dir='ltr'>diffidebam</span> <span class='ocrx_word' id='word_1_318' title='bbox 1494 2046 1553 2095; x_wconf 77' lang='lat' dir='ltr'>(s,</span> <span class='ocrx_word' id='word_1_319' title='bbox 1588 2059 1675 2098; x_wconf 86' lang='lat' dir='ltr'>per-</span> 
     </span>
     <span class='ocr_line' id='line_1_62' title="bbox 1011 2102 1672 2154; baseline 0 -14"><span class='ocrx_word' id='word_1_320' title='bbox 1011 2105 1166 2142; x_wconf 88' lang='lat' dir='ltr'>suadere</span> <span class='ocrx_word' id='word_1_321' title='bbox 1216 2105 1304 2141; x_wconf 88' lang='lat' dir='ltr'>mihi</span> <span class='ocrx_word' id='word_1_322' title='bbox 1354 2117 1431 2140; x_wconf 92' lang='lat' dir='ltr'>non</span> <span class='ocrx_word' id='word_1_323' title='bbox 1472 2102 1672 2154; x_wconf 88' lang='lat' dir='ltr'>poteram)</span> 
     </span>
     <span class='ocr_line' id='line_1_63' title="bbox 1004 2160 1672 2211; baseline -0.001 -14"><span class='ocrx_word' id='word_1_324' title='bbox 1004 2161 1124 2211; x_wconf 75' lang='lat' dir='ltr'>fuisse</span> <span class='ocrx_word' id='word_1_325' title='bbox 1152 2174 1307 2211; x_wconf 78' lang='lat' dir='ltr'>unquam</span> <span class='ocrx_word' id='word_1_326' title='bbox 1333 2163 1480 2198; x_wconf 79' lang='lat' dir='ltr'>maiores</span> <span class='ocrx_word' id='word_1_327' title='bbox 1507 2160 1672 2206; x_wconf 76' lang='lat' dir='ltr'>homines,</span> 
     </span>
     <span class='ocr_line' id='line_1_64' title="bbox 1013 2216 1674 2267; baseline 0 -14"><span class='ocrx_word' id='word_1_328' title='bbox 1013 2231 1118 2267; x_wconf 77' lang='lat' dir='ltr'>quam</span> <span class='ocrx_word' id='word_1_329' title='bbox 1168 2220 1231 2267; x_wconf 77' lang='lat' dir='ltr'>qui</span> <span class='ocrx_word' id='word_1_330' title='bbox 1277 2230 1368 2254; x_wconf 71' lang='lat' dir='ltr'>mmo</span> <span class='ocrx_word' id='word_1_331' title='bbox 1417 2218 1539 2254; x_wconf 67' lang='lat' dir='ltr'>suntf‘</span> <span class='ocrx_word' id='word_1_332' title='bbox 1595 2216 1674 2254; x_wconf 89' lang='lat' dir='ltr'>Ubi</span> 
     </span>
     <span class='ocr_line' id='line_1_65' title="bbox 1011 2274 1674 2324; baseline 0.002 -14"><span class='ocrx_word' id='word_1_333' title='bbox 1011 2274 1240 2311; x_wconf 77' lang='lat' dir='ltr'>Valckenarii</span> <span class='ocrx_word' id='word_1_334' title='bbox 1273 2274 1547 2311; x_wconf 84' lang='lat' dir='ltr'>emendatione:</span> <span class='ocrx_word' id='word_1_335' title='bbox 1593 2288 1674 2324; x_wconf 85' lang='grc' dir='ltr'>μη·-</span> 
     </span>
     <span class='ocr_line' id='line_1_66' title="bbox 1014 2325 1676 2381; baseline -0.003 -12"><span class='ocrx_word' id='word_1_336' title='bbox 1014 2327 1216 2380; x_wconf 79' lang='grc' dir='ltr'><strong><em>δαμούς</em></strong></span> <span class='ocrx_word' id='word_1_337' title='bbox 1267 2329 1457 2381; x_wconf 81' lang='grc' dir='ltr'><strong><em>γενέσθαι</em></strong></span> <span class='ocrx_word' id='word_1_338' title='bbox 1511 2325 1676 2380; x_wconf 76' lang='grc' dir='ltr'><strong><em>μηδαμοὶ</em></strong></span> 
     </span>
     <span class='ocr_line' id='line_1_67' title="bbox 1013 2381 1675 2437; baseline 0 -13"><span class='ocrx_word' id='word_1_339' title='bbox 1013 2384 1179 2437; x_wconf 78' lang='grc' dir='ltr'><strong><em>μέζονας</em></strong></span> <span class='ocrx_word' id='word_1_340' title='bbox 1201 2381 1449 2437; x_wconf 63' lang='grc' dir='ltr'><strong><em>ἀνθρώπους</em></strong></span> <span class='ocrx_word' id='word_1_341' title='bbox 1470 2388 1551 2424; x_wconf 77' lang='grc' dir='ltr'><strong><em>τῶν</em></strong></span> <span class='ocrx_word' id='word_1_342' title='bbox 1579 2388 1675 2425; x_wconf 82' lang='grc' dir='ltr'>νῦν</span> 
     </span>
     <span class='ocr_line' id='line_1_68' title="bbox 1012 2442 1676 2491; baseline -0.002 -13"><span class='ocrx_word' id='word_1_343' title='bbox 1012 2443 1054 2490; x_wconf 90' lang='lat' dir='ltr'>(i.</span> <span class='ocrx_word' id='word_1_344' title='bbox 1077 2456 1107 2480; x_wconf 87' lang='lat' dir='ltr'>e.</span> <span class='ocrx_word' id='word_1_345' title='bbox 1128 2442 1242 2478; x_wconf 79' lang='lat' dir='ltr'>nullos</span> <span class='ocrx_word' id='word_1_346' title='bbox 1262 2444 1398 2491; x_wconf 79' lang='lat' dir='ltr'>uspiam</span> <span class='ocrx_word' id='word_1_347' title='bbox 1415 2442 1578 2491; x_wconf 82' lang='lat' dir='ltr'>fuisse),</span> <span class='ocrx_word' id='word_1_348' title='bbox 1607 2442 1676 2479; x_wconf 88' lang='lat' dir='ltr'>mi-</span> 
     </span>
     <span class='ocr_line' id='line_1_69' title="bbox 1010 2494 1676 2549; baseline -0.003 -14"><span class='ocrx_word' id='word_1_349' title='bbox 1010 2500 1107 2535; x_wconf 88' lang='lat' dir='ltr'>nime</span> <span class='ocrx_word' id='word_1_350' title='bbox 1127 2511 1232 2548; x_wconf 76' lang='lat' dir='ltr'>opus,</span> <span class='ocrx_word' id='word_1_351' title='bbox 1289 2497 1388 2535; x_wconf 88' lang='lat' dir='ltr'>Nam</span> <span class='ocrx_word' id='word_1_352' title='bbox 1405 2494 1460 2549; x_wconf 73' lang='grc' dir='ltr'>μή</span> <span class='ocrx_word' id='word_1_353' title='bbox 1483 2495 1555 2548; x_wconf 79' lang='grc' dir='ltr'><strong><em>μὲν</em></strong></span> <span class='ocrx_word' id='word_1_354' title='bbox 1573 2498 1676 2548; x_wconf 87' lang='lat' dir='ltr'>posi-</span> 
     </span>
     <span class='ocr_line' id='line_1_70' title="bbox 1011 2550 1676 2604; baseline -0.002 -13"><span class='ocrx_word' id='word_1_355' title='bbox 1011 2560 1087 2591; x_wconf 91' lang='lat' dir='ltr'>tum</span> <span class='ocrx_word' id='word_1_356' title='bbox 1105 2568 1172 2604; x_wconf 91' lang='lat' dir='ltr'>pro</span> <span class='ocrx_word' id='word_1_357' title='bbox 1197 2550 1251 2604; x_wconf 73' lang='grc' dir='ltr'><strong><em>μή</em></strong></span> <span class='ocrx_word' id='word_1_358' title='bbox 1274 2550 1379 2604; x_wconf 80' lang='grc' dir='ltr'><strong><em>μὴν,</em></strong></span> <span class='ocrx_word' id='word_1_359' title='bbox 1406 2566 1502 2603; x_wconf 85' lang='lat' dir='ltr'>qnae</span> <span class='ocrx_word' id='word_1_360' title='bbox 1521 2553 1676 2591; x_wconf 83' lang='lat' dir='ltr'>formula</span> 
     </span>
     <span class='ocr_line' id='line_1_71' title="bbox 1013 2611 1676 2658; baseline 0.002 -11"><span class='ocrx_word' id='word_1_361' title='bbox 1013 2616 1069 2648; x_wconf 83' lang='lat' dir='ltr'>est</span> <span class='ocrx_word' id='word_1_362' title='bbox 1098 2612 1135 2647; x_wconf 86' lang='lat' dir='ltr'>in</span> <span class='ocrx_word' id='word_1_363' title='bbox 1165 2611 1318 2647; x_wconf 86' lang='lat' dir='ltr'>iurando</span> <span class='ocrx_word' id='word_1_364' title='bbox 1343 2611 1490 2647; x_wconf 89' lang='lat' dir='ltr'>omnino</span> <span class='ocrx_word' id='word_1_365' title='bbox 1527 2612 1676 2658; x_wconf 84' lang='lat' dir='ltr'>usitata,</span> 
     </span>
     <span class='ocr_line' id='line_1_72' title="bbox 1009 2661 1676 2717; baseline 0.001 -15"><span class='ocrx_word' id='word_1_366' title='bbox 1009 2668 1131 2717; x_wconf 86' lang='lat' dir='ltr'>prouti</span> <span class='ocrx_word' id='word_1_367' title='bbox 1158 2661 1187 2717; x_wconf 78' lang='grc' dir='ltr'><em>ἦ</em></span> <span class='ocrx_word' id='word_1_368' title='bbox 1220 2663 1314 2716; x_wconf 78' lang='grc' dir='ltr'><strong><em>μήν.</em></strong></span> <span class='ocrx_word' id='word_1_369' title='bbox 1346 2667 1455 2703; x_wconf 88' lang='lat' dir='ltr'>Conf.</span> <span class='ocrx_word' id='word_1_370' title='bbox 1481 2667 1604 2705; x_wconf 87' lang='lat' dir='ltr'>Koen.</span> <span class='ocrx_word' id='word_1_371' title='bbox 1626 2667 1676 2703; x_wconf 87' lang='lat' dir='ltr'>ad</span> 
     </span>
     <span class='ocr_line' id='line_1_73' title="bbox 1012 2723 1675 2773; baseline 0 -14"><span class='ocrx_word' id='word_1_372' title='bbox 1012 2723 1169 2772; x_wconf 82' lang='lat' dir='ltr'>Gregor.</span> <span class='ocrx_word' id='word_1_373' title='bbox 1208 2723 1373 2759; x_wconf 85' lang='lat' dir='ltr'>Corinth.</span> <span class='ocrx_word' id='word_1_374' title='bbox 1402 2736 1438 2773; x_wconf 93' lang='lat' dir='ltr'>p.</span> <span class='ocrx_word' id='word_1_375' title='bbox 1478 2723 1557 2764; x_wconf 83' lang='lat'>471</span> <span class='ocrx_word' id='word_1_376' title='bbox 1593 2736 1675 2772; x_wconf 87' lang='lat' dir='ltr'>seq.</span> 
     </span>
     <span class='ocr_line' id='line_1_74' title="bbox 1011 2779 1677 2829; baseline 0.003 -13"><span class='ocrx_word' id='word_1_377' title='bbox 1011 2780 1070 2816; x_wconf 93' lang='lat' dir='ltr'>ed.</span> <span class='ocrx_word' id='word_1_378' title='bbox 1090 2779 1235 2817; x_wconf 84' lang='lat' dir='ltr'>Schaef.</span> <span class='ocrx_word' id='word_1_379' title='bbox 1260 2784 1297 2817; x_wconf 88' lang='lat' dir='ltr'>et</span> <span class='ocrx_word' id='word_1_380' title='bbox 1312 2779 1493 2816; x_wconf 89' lang='lat' dir='ltr'>Herodot.</span> <span class='ocrx_word' id='word_1_381' title='bbox 1516 2780 1572 2829; x_wconf 85' lang='grc' dir='ltr'>Π,</span> <span class='ocrx_word' id='word_1_382' title='bbox 1595 2781 1677 2820; x_wconf 88' lang='grc'>118</span> 
     </span>
     <span class='ocr_line' id='line_1_75' title="bbox 1012 2835 1677 2886; baseline 0 -14"><span class='ocrx_word' id='word_1_383' title='bbox 1012 2836 1099 2884; x_wconf 89' lang='lat' dir='ltr'>ibiq.</span> <span class='ocrx_word' id='word_1_384' title='bbox 1133 2840 1209 2872; x_wconf 89' lang='lat' dir='ltr'>not.</span> <span class='ocrx_word' id='word_1_385' title='bbox 1270 2835 1328 2873; x_wconf 90' lang='lat' dir='ltr'>De</span> <span class='ocrx_word' id='word_1_386' title='bbox 1359 2837 1560 2885; x_wconf 81' lang='lat' dir='ltr'>negatione</span> <span class='ocrx_word' id='word_1_387' title='bbox 1589 2839 1677 2886; x_wconf 88' lang='lat' dir='ltr'>post</span> 
     </span>
     <span class='ocr_line' id='line_1_76' title="bbox 1010 2889 1673 2942; baseline 0.003 -14"><span class='ocrx_word' id='word_1_388' title='bbox 1010 2891 1221 2931; x_wconf 78' lang='lat' dir='ltr'>vocabulum</span> <span class='ocrx_word' id='word_1_389' title='bbox 1284 2892 1493 2942; x_wconf 80' lang='lat' dir='ltr'>negativum</span> <span class='ocrx_word' id='word_1_390' title='bbox 1549 2889 1673 2942; x_wconf 75' lang='lat' dir='ltr'>(oim-</span> 
     </span>
    </p>
   </div>
  </div>
 </body>
</html>
