1777 3315
354 243 437 282 262

746 235 1215 276 HERODOTl

322 350 464 403 Βδικῇ.
498 342 552 387 οὐ
580 343 729 398 μέντοι
761 348 809 388 οἵ
833 363 881 402 γε
909 345 1087 390 Σκύθαι
1116 344 1253 403 ταύτῃ
1283 345 1510 401 ἐσέβαλον,
1535 343 1614 387 ἀλ·-

354 424 408 469 λὰ
435 423 513 480 τὴν
540 421 785 479 κατύπερθε
815 423 924 468 ὁδόν
961 429 1109 485 πολλῷ
1151 427 1426 480 μακροτέρην
1459 423 1614 480 ἐκτρα-

327 502 560 558 4πόμενοι,
589 501 636 546 ἐν
664 504 782 561 δεξιῇ
811 505 978 559 ἔχοντες
1016 505 1065 549 τό
1096 506 1355 549 Καυκάσιον
1386 502 1501 558 ὅρος.
1549 501 1610 545 ἐν·
1626 507 1672 542 30

351 585 497 626 θαῦτα
526 582 571 625 οἱ
607 582 689 638 μὲν
725 585 877 639 Μῆδοι
917 583 1213 641 συμβαλόντες
1253 589 1366 627 τοῖσι
1395 581 1616 639 Σκύθῃσι,

352 662 425 704 καὶ
456 659 716 711 ἑσσωθέντες
744 665 798 717 τῇ
829 663 966 718 μάχῃ,
1014 667 1089 718 τῆς
1127 661 1261 719 ἀρχῆς
1289 660 1613 718 κατελύθησαν·

198 735 294 783 105
353 742 397 783 οῖ
423 740 468 784 δὲ
498 739 678 785 Σκύθαι
706 740 787 796 τήν
813 739 958 796 Ἀσίην
984 745 1129 785 πᾶσαν
1157 741 1347 797 ἐπέσχον.
1395 741 1619 785 Ἐνθεῦτεν

23 802 207 837 Pergentibu
210 812 223 829 s
264 811 301 828 ns

24 837 243 875 inAegymum
256 844 303 862 oc—

26 870 120 896 currit
139 870 252 896 Psmam
255 870 304 895 it-

24 902 82 930 chu
85 911 98 929 ε
117 911 167 929 rex
175 923 184 937 ‚
209 904 305 938 nsque
362 901 634 956 Παλαιστίνῃ
674 900 845 956 Συρίη,

47 944 113 963 ιιι-ει]
98 936 184 963 adet
203 941 267 963 ut

48 973 125 996 eant.
174 969 300 1004 Scytha-

24 1011 91 1030 rum
99 1010 167 1036 pan
167 1011 191 1029 ·a
198 1011 265 1030 man
270 1012 303 1030 us

23 1036 129 1063 nedem
176 1037 240 1064 len
224 1038 304 1064 neris

26 1069 172 1096 Caciestis
212 1071 267 1097 Asc
253 1079 299 1097 ca-

26 1102 95 1130 lone
146 1103 301 1138 despoliat.

27 1136 81 1162 Ηί.
101 1140 212 1163 eteoru
196 1146 304 1174 uomp-

24 1171 114 1229 iiii&
92 1209 139 1230 cut
142 1170 303 1232 mmorggss
360 1192 460 1237 ἄλλα
489 1196 564 1249 τήν
588 1194 816 1249 κατυπερθε
853 1195 951 1237 οὸὀν

26 1237 209 1266 muliebrem.

302 1256 439 1308 πολλῷ
454 1254 698 1307 μακροτέρην
716 1250 952 1307 ἐκτραπόμε-

299 1325 364 1349 νοι
383 1325 461 1349 κ.τ.
479 1314 530 1358 λ.]
563 1309 846 1364 ἐκτραπόμενοι
869 1312 952 1348 bre-

300 1367 378 1404 u'us
399 1367 532 1405 dictum
551 1369 621 1406 hoc
646 1382 776 1406 sensu:
806 1368 951 1418 „defle-

301 1427 431 1460 etentes
451 1425 497 1461 ab
517 1425 577 1462 illa
596 1426 761 1463 breviore
781 1425 859 1472 via,
888 1423 955 1461 ali-

301 1493 435 1530 amque
453 1482 678 1531 superiorem
690 1494 844 1530 eamque
861 1479 957 1518 mul-

300 1541 340 1574 to
374 1536 576 1585 longiorem
605 1540 767 1587 ingressi.
776 1539 800 1557 “
856 1536 957 1574 Indi-

301 1597 404 1630 catur
424 1598 546 1631 autem
567 1607 610 1632 ea
626 1595 696 1642 via,
714 1594 786 1644 qua
798 1593 957 1642 Scythae

299 1650 389 1687 inde
417 1663 439 1687 a
464 1649 653 1689 Maeotide
692 1650 830 1701 palude
855 1652 956 1687 recta

302 1706 478 1744 orientem
502 1720 629 1745 versus
659 1707 833 1756 profecti,
857 1706 956 1743 Cau-

302 1775 387 1799 caso
409 1767 534 1800 monte
553 1765 601 1800 ad
629 1764 793 1802 dextram
818 1762 956 1809 relicto,

304 1819 391 1856 dein
425 1820 648 1857 occidentale
679 1819 807 1869 Caspii
846 1819 956 1856 maris

303 1876 387 1912 litus
415 1875 581 1924 legentes
604 1877 652 1913 ad
677 1877 815 1925 Cyrum
838 1888 955 1924 usque

302 1932 341 1968 in
366 1944 467 1970 meve
496 1932 594 1969 istud
626 1933 859 1978 influentem,
888 1943 956 1981 per

302 1987 461 2037 Casplas
497 1993 623 2039 portas
652 1989 691 2024 in
715 1987 879 2025 Mediam
906 1987 954 2022 ir-

301 2048 486 2092 ruperunt.
545 2045 666 2088 Quam
684 2045 839 2082 eandem
859 2043 955 2079 viam

302 2103 390 2149 post
402 2099 527 2136 Hunni
539 2104 575 2137 et
593 2100 686 2137 aliae
705 2113 850 2149 quoque
863 2112 955 2147 gen-

302 2160 358 2192 tes
385 2155 542 2203 ingressi
570 2156 757 2203 dicuntur,
806 2169 886 2193 curn
916 2155 954 2191 'm

301 2210 465 2248 Mediam
509 2211 747 2261 Persiamque
792 2212 955 2249 incursa-

303 2271 398 2314 rent,
418 2281 461 2305 ac
480 2268 671 2305 recentiori
691 2272 812 2306 aetate
823 2268 953 2305 Petrus

304 2335 460 2371 magnus
486 2323 546 2361 ille
571 2323 776 2361 Russorum
796 2325 954 2374 impera-

303 2386 362 2415 tor
383 2380 450 2417 hac
484 2380 542 2416 via
581 2381 753 2428 tetendit,
794 2380 954 2429 litusque

305 2434 393 2471 illud
416 2440 633 2484 angustum,
662 2449 729 2486 per
759 2438 860 2486 quod
886 2437 955 2474 iter

305 2491 403 2528 ducit
421 2492 467 2528 ab
484 2504 558 2528 una
575 2497 680 2542 parte
700 2494 790 2530 mari
824 2493 871 2530 ab
902 2492 957 2529 al-

304 2547 384 2585 tera
414 2548 596 2585 montibus
647 2548 729 2585 altis
768 2549 956 2596 inclusum,

303 2603 433 2640 ditioni
466 2617 556 2641 suae
580 2604 721 2642 adiecit.
780 2605 888 2643 Nunc
914 2605 956 2642 il-

305 2660 350 2697 lic
387 2659 599 2697 nobilitatae
630 2661 776 2708 fauces,
827 2661 957 2710 quibus

304 2728 438 2753 nomen
472 2715 640 2753 Derbend.
703 2717 780 2754 Sed
816 2718 864 2755 de
900 2717 958 2754 his

305 2772 471 2809 omnibus
504 2772 656 2822 plurima
685 2778 855 2810 accurate
883 2773 958 2810 dis-

307 2833 442 2878 putans
469 2828 678 2866 consulatur
706 2829 836 2868 Ritter.
863 2830 958 2869 Erd-

308 2884 433 2924 kunde
453 2885 486 2923 11
512 2898 547 2937 p.
571 2886 648 2928 861
677 2897 780 2936 seqq.

361 820 407 862 δὲ
436 818 568 876 ἤισαν
594 818 656 863 ἐπ’
687 821 936 876 Αἴγυπτον·
966 821 1041 864 καὶ
1071 820 1161 864 ἐπεί
1188 837 1231 864 τε
1260 820 1460 876 ἐγένοντο
1493 823 1540 866 ἐν
1565 825 1620 878 τῇ
1687 821 1742 863 53

905 899 1172 956 Ψαμμίτιχός
1218 910 1354 955 σφεας
1389 898 1674 956 Αἰγύπτου35

358 979 561 1034 βασιλεὺς
590 977 797 1031 ἀντιάσας
827 978 1008 1034 δώροισί
1034 995 1080 1023 τε
1110 979 1184 1023 καὶ
1211 982 1354 1036 λιτῇσι
1386 977 1619 1035 ἀποτρέπει

1074 1196 1306 1292 Ἐνθεῦτενᾶ
1316 1249 1359 1292 δὲ
1388 1249 1532 1304 η’ϊσαν]
1554 1251 1677 1301 Vulgo

1021 1311 1150 1365 ᾑσαν,
1189 1314 1251 1346 aut
1276 1303 1393 1359 ἦσαν.
1450 1309 1534 1348 Nos
1565 1309 1678 1346 secuti

1022 1380 1147 1403 sumus
1176 1366 1379 1414 Schweigh.
1415 1370 1453 1404 et
1490 1365 1677 1403 Gaisford.

1022 1426 1063 1459 ut
1093 1423 1135 1469 Ι,
1172 1421 1239 1463 43.
1276 1425 1342 1463 62.
1402 1423 1512 1460 Conf.
1555 1427 1678 1460 tamen

1023 1478 1155 1516 Matth.
1173 1491 1259 1529 pag.
1277 1477 1372 1519 417.

1081 1534 1167 1574 ἐπεί
1188 1549 1228 1574 τε
1250 1533 1430 1587 ἐγένοντο
1454 1532 1497 1573 ἓν
1521 1535 1573 1588 τῇ
1595 1535 1679 1572 Πα-

1024 1591 1205 1645 λαιστίνῃ
1232 1589 1388 1645 Συρίῃ]
1426 1590 1486 1629 De
1502 1589 1681 1628 Palaesti-

1021 1661 1070 1685 na
1096 1648 1204 1696 Syria
1232 1648 1397 1698 inprimis
1431 1659 1592 1697 compar.
1611 1646 1677 1694 ΠΙ,

1024 1705 1050 1746 5
1083 1704 1252 1753 aliosque
1301 1704 1403 1741 locos
1456 1703 1625 1740 laudatos
1655 1715 1679 1740 a

1022 1760 1239 1799 Billerbeck.
1266 1760 1304 1798 in
1314 1760 1414 1798 Diss.
1426 1760 1474 1797 de
1484 1760 1681 1808 quibusdd.

1022 1817 1133 1854 Asiae
1152 1817 1349 1854 Herodott.
1370 1816 1517 1853 difficill.
1538 1828 1625 1866 pag.
1639 1813 1677 1854 4.

1025 1873 1101 1916 Qui
1139 1873 1236 1910 idem
1268 1873 1428 1909 nominis
1461 1885 1542 1909 eam
1572 1872 1682 1909 affert

1023 1930 1222 1992 rationem,
1252 1930 1354 1978 quod
1379 1927 1588 1966 Palaestina
1605 1928 1678 1977 Sy-

1022 1986 1099 2022 riae
1123 1985 1194 2022 fuit
1231 1997 1317 2035 pars
1354 1985 1462 2034 eique
1495 1984 1681 2022 accenseri

1023 2041 1152 2088 solita,
1190 2041 1266 2078 sive
1292 2042 1392 2090 quod
1423 2040 1520 2090 Syrii
1547 2040 1679 2079 Palae-

1021 2098 1153 2135 stinam
1174 2097 1432 2134 inhabitarunt.
1489 2095 1589 2134 Nam
1607 2098 1680 2147 Sy-

1021 2155 1156 2191 riorum
1174 2153 1387 2191 vocabulum
1407 2153 1538 2191 latiore
1565 2167 1679 2193 sensu

1021 2223 1044 2248 a
1063 2210 1204 2248 Nostro
1228 2210 1421 2261 usurpari,
1461 2209 1534 2247 iam
1567 2223 1682 2260 supra

1021 2268 1072 2304 ad
1101 2267 1137 2314 Ι,
1168 2269 1206 2309 6.
1235 2269 1292 2308 72
1328 2267 1546 2304 notavimus.
1605 2266 1681 2304 Pa-

1021 2323 1178 2361 laestina
1206 2327 1330 2361 autem
1357 2323 1492 2361 haecce
1510 2327 1608 2361 terra
1634 2336 1679 2361 ex

1021 2380 1205 2417 Herodoti
1224 2380 1406 2418 sententia
1419 2379 1508 2417 inde
1526 2379 1679 2419 aPhoe-

1022 2437 1104 2474 nice
1134 2449 1253 2485 usque
1279 2437 1329 2473 ad
1358 2435 1570 2485 Aegyptum
1592 2450 1681 2487 pro-

1023 2493 1133 2530 cessit
1161 2493 1275 2540 (conf.
1303 2491 1368 2539 IV,
1394 2492 1492 2540 39),
1521 2496 1560 2529 et
1581 2502 1681 2530 com-

1022 2548 1193 2599 plectitur
1248 2548 1481 2598 potissimum
1525 2552 1681 2588 tractum

1025 2605 1262 2650 maritimum,
1316 2603 1454 2641 inclusa
1487 2602 1680 2643 Ascalonis

1026 2661 1116 2699 urbe
1146 2664 1183 2699 et
1202 2660 1369 2709 Iudaica,
1398 2673 1493 2711 quae
1518 2667 1680 2709 vocatur,

1025 2718 1133 2754 terra.
1193 2716 1255 2753 Tu
1270 2717 1341 2753 vid.
1361 2717 1492 2755 Ritter.
1505 2717 1679 2756 Erdkun-

1027 2774 1074 2811 de
1099 2773 1132 2809 ll
1152 2786 1188 2824 p.
1202 2775 1294 2814 302.
1315 2773 1398 2815 304
1419 2786 1498 2824 seq.

1091 2825 1340 2880 Ψαμμίτιχός
1361 2842 1487 2880 σφεας
1503 2853 1549 2859 ——
1567 2826 1679 2870 ἄντι-

1030 2881 1130 2934 «icas
1152 2881 1319 2941 δώροισί
1339 2901 1379 2930 τε
1402 2885 1469 2929 καὶ
1490 2890 1621 2944 λιτῇσι
1642 2903 1677 2929 κ.
