1758 3315
400 741 1031 801 HPOAOTOY

172 891 765 939 ΙΣΤΟΡΙΩΝ
842 892 1248 940 ΠΡΩΤΗ.

561 1069 606 1109 Κ
631 1071 671 1110 Λ
699 1070 741 1110 Ε
770 1071 798 1111 I
820 1070 878 1111 Ω.

73 1149 413 1204 ΗΡΟΔΟΤΟΤ
471 1155 840 1215 Ἀλικαρνησσῆος
903 1157 1094 1213 ἱστορίης
1159 1155 1355 1211 ἀπόδεξις

80 1370 291 1427 Ἡροδότου
323 1368 685 1426 Ἀλικαρνησσῆοῇ

0 1430 85 1469 De
110 1432 287 1482 scriptura
313 1431 466 1467 nominis
494 1431 597 1481 phua
620 1444 688 1468 no-

0 1483 1 1522 {
26 1491 104 1525 tare
123 1500 197 1523 non
230 1487 359 1523 attinet
395 1491 481 1537 post
502 1500 566 1534 ea,
595 1500 689 1536 quae

0 1550 1 1555 ’
26 1547 63 1581 et
99 1543 464 1591 Schweighaeuserus
495 1548 531 1581 et
577 1544 686 1580 Gais-

25 1599 162 1636 sordtus
187 1603 411 1636 monuerunt.
480 1600 585 1643 Quae
618 1601 685 1636 ad-

0 1655 80 1692 *dit
131 1656 358 1702 Creuzel‘us,
415 1657 464 1693 ad
502 1656 681 1693 Herodoti

26 1711 200 1760 imagines
241 1712 440 1761 pertinent:
492 1725 683 1761 „quarum

25 1767 146 1818 plures
187 1768 383 1817 antiquitus
415 1769 595 1805 exstitisse
626 1769 684 1805 vix

26 1823 173 1860 dubium
199 1827 275 1870 est,
305 1837 383 1860 cum
403 1825 520 1861 adhuc
539 1837 683 1862 carmen

25 1880 184 1930 supersit
231 1880 457 1917 Christodori
511 1881 684 1930 Coptitae

23 1935 63 1972 in
99 1936 279 1973 Herodoti
315 1937 532 1985 imaginem,
588 1950 683 1986 quae

26 1992 369 2042 Constantinopolin
393 1993 569 2029 translata
596 1997 683 2030 erat.

25 2047 106 2085 Vid.
136 2047 312 2086 Analectt.
340 2048 374 2085 H
406 2062 443 2099 p.
474 2048 567 2090 470.
626 2048 680 2086 Ac

24 2103 115 2154 lapis
134 2104 313 2153 hodieque
341 2109 458 2142 exstat
483 2106 520 2141 in
550 2104 681 2142 Museo

25 2160 120 2209 regis
141 2160 385 2210 Neapolitani,
415 2174 458 2199 ex
476 2160 682 2198 collectione

25 2215 248 2254 Farnesiana
266 2217 396 2264 illatus,
418 2218 479 2266 qui
498 2217 681 2254 Herodoti

25 2276 61 2311 et
82 2272 305 2322 Thucydidis
337 2273 527 2311 simulacra
559 2274 680 2311 iuncta

25 2327 131 2366 simul
164 2330 316 2366 exhibet.
373 2330 457 2367 Vid.
491 2330 604 2378 Imag.
638 2342 683 2366 ex

24 2384 117 2421 Bibl.
138 2384 181 2422 F.
204 2385 340 2422 Ursini.
362 2386 480 2427 1570.
506 2386 613 2422 Rom.
646 2389 683 2423 et

25 2439 187 2478 Visconti
194 2441 358 2490 Iconogr.
372 2442 520 2491 grecq.I
539 2441 683 2492 planch.

26 2499 80 2538 27
117 2497 172 2547 (p.
204 2497 285 2538 315
325 2511 406 2547 sqq.
441 2499 497 2535 ed.
525 2497 685 2546 Milan).

27 2549 157 2602 [Unde
183 2553 363 2591 Herodoti
387 2556 508 2602 imago
538 2567 686 2603 quoque

27 2608 205 2646 delineata
239 2611 456 2660 conspicitur
492 2610 529 2647 in
565 2612 685 2647 fronte

26 2662 137 2702 Italae
171 2666 283 2702 nostri
325 2666 510 2716 scriptoris
547 2666 685 2703 versio—

30 2718 116 2769 nis]
173 2719 291 2758 Aliam
320 2723 436 2760 adhuc
462 2723 683 2771 incognitam

29 2773 220 2822 imaginem
251 2791 272 2814 e
303 2791 415 2815 numo
449 2778 684 2815 Halicarnas-

29 2830 126 2866 sensi
149 2833 320 2881 temporis
347 2833 519 2871 Antonini
538 2834 595 2870 Pii
616 2847 686 2885 pu-

28 2884 173 2922 blicavit
213 2886 309 2925 idem
354 2889 560 2928 Viscontius
605 2889 627 2926 l
664 2890 687 2927 l.

85 2939 294 2980 Hnnonom.
323 2944 354 2983 Ι.

744 1373 929 1411 Monstrat
948 1373 1008 1411 illa
1025 1374 1139 1412 altera
1154 1376 1192 1413 in
1203 1381 1308 1427 parte
1324 1375 1401 1415 An-

744 1431 860 1468 tonini
877 1431 1105 1481 imperatoris
1121 1432 1316 1481 imaginem
1333 1435 1401 1471 ad-

746 1488 823 1524 dita
855 1487 1086 1537 inscriptione
1098 1517 1109 1534 ‚
1150 1488 1264 1526 altera
1296 1495 1402 1540 parte

724 1544 940 1592 ¹imaginem
968 1544 1118 1594 capitis,
1148 1546 1248 1594 quod
1281 1546 1402 1583 Hero-

742 1600 819 1636 doti
843 1612 925 1637 esse
950 1604 986 1637 et
1007 1602 1227 1649 comparatio
1251 1615 1329 1639 cum
1340 1602 1402 1639 illo

739 1655 861 1706 lapide
893 1659 930 1693 et
951 1656 1055 1706 ipsae
1085 1657 1211 1695 literae
1239 1659 1404 1696 adiectae

740 1712 964 1749 confirmant.
1023 1713 1080 1749 Cf.
1108 1713 1235 1750 Millin.
1260 1714 1405 1751 Annall.

741 1768 973 1818 encycloped.
994 1770 1112 1809 1817.
1134 1768 1233 1806 Aout
1264 1784 1299 1820 p.
1321 1773 1404 1812 218

739 1828 898 1866 —220
902 1824 926 1843 “
997 1823 1057 1861 De
1106 1825 1288 1862 Herodoti
1336 1839 1406 1877 pa-

740 1880 830 1928 tria,
859 1879 1141 1927 Halicarnasso,
1172 1887 1307 1919 certum
1341 1895 1403 1920 ex-

740 1940 813 1973 stat
834 1936 1024 1972 Strabonis
1051 1938 1297 1975 testimonium
1316 1938 1404 1976 XIV

739 2007 776 2043 p-
815 1992 895 2033 656
929 1992 1056 2041 (970,
1087 1995 1163 2042 a).
1191 1994 1303 2032 Plura
1337 1996 1403 2032 da-

741 2049 792 2086 bit
832 2048 959 2097 Heyse
999 2049 1168 2092 Quaestt.
1207 2051 1403 2089 Herodott.

736 2118 822 2174 pag.
855 2107 892 2145 7
923 2106 959 2145 8-

795 2160 971 2211 ἱστορίης
992 2155 1176 2208 οῗπόδεξις
1196 2155 1330 2212 ἥδε]’
1305 2156 1402 2201 από-

741 2217 843 2264 δεξις
869 2220 966 2254 recte
995 2218 1159 2254 redditur
1181 2231 1203 2254 a
1231 2218 1403 2266 Wytten-

737 2273 884 2310 bachio:
915 2273 1171 2310 (lemonstratw.
1229 2274 1284 2311 Ut
1305 2274 1402 2312 enim

739 2324 946 2368 δεικνύναι
966 2333 1023 2366 est
1042 2329 1201 2377 artificis,
1227 2330 1288 2379 qui
1309 2343 1403 2380 opus

740 2385 889 2435 exponit
909 2386 1159 2436 spectandum,
1188 2390 1229 2423 ut
1253 2386 1404 2424 aliorum

741 2446 940 2490 cognoscat
986 2442 1141 2489 iudicia,
1198 2455 1271 2491 quo
1319 2442 1403 2492 ipso

742 2510 855 2535 sensu
901 2498 1114 2534 Herodotus
1157 2511 1250 2548 opus
1298 2511 1404 2536 suum

743 2553 923 2603 Olympiis
945 2553 1030 2590 olim
1051 2558 1277 2592 monstrasse
1305 2555 1403 2601 (δεῖ-

742 2611 825 2658 ξαι)
849 2609 978 2646 dicitur
1006 2610 1044 2646 in
1071 2610 1205 2647 Lexico
1232 2611 1404 2648 Biblioth.

743 2665 892 2703 Coislin.
933 2678 1023 2715 pag.
1052 2669 1132 2707 619
1171 2680 1225 2703 nr.
1265 2668 1313 2715 3,
1353 2669 1404 2704 ita

741 2717 1030 2761 ἀποδεικνύναι
1077 2722 1282 2759 absolutum
1336 2724 1403 2760 de-

742 2778 853 2815 clarat
876 2791 967 2827 opus
996 2782 1033 2815 et
1059 2778 1162 2826 quasi
1190 2780 1402 2828 perfectum.

745 2833 819 2877 Qui
840 2834 935 2871 enim
964 2847 1055 2884 opus
1083 2847 1187 2870 suum
1211 2835 1248 2870 in
1276 2834 1404 2882 Olym-

743 2890 849 2941 piaca
886 2889 1128 2940 praelectione
1164 2891 1402 2941 spectandum

1138 2947 1165 2984 1
