1777 3324
465 292 549 332 AD
595 289 985 330 HERODOT.
1024 289 1202 338 11‚159.
1507 292 1592 332 923

77 408 116 445 in
142 407 326 458 specimm.
352 406 480 446 acadd.
507 405 687 453 Franecq.
710 405 818 444 1737
848 416 925 440 nro.
948 407 974 444 2
1003 406 1041 440 et
1070 403 1107 439 in
1141 415 1287 454 opuscc.
1317 402 1439 454 (Lips.
1464 406 1592 454 1808)

77 475 141 513 t.1
168 488 255 525 pag.
285 475 366 516 152
387 485 489 522 seqq.
510 472 672 522 inprimis
703 484 790 522 pag.
818 471 898 512 165
915 484 1018 520 seqq.
1052 473 1130 512 170
1152 483 1229 520 seq.
1255 475 1292 507 et
1323 475 1409 508 ante
1437 472 1593 511 Valcke-

79 543 218 580 narium
246 542 477 589 Harenberg.
506 542 544 577 in
573 540 736 577 biblioth.
763 540 884 577 Brem.
908 539 958 576 Vl
988 540 1076 578 fase.
1099 539 1134 575 Π
1162 552 1198 588 p.
1219 540 1302 579 282
1332 552 1435 588 seqq.
1494 539 1592 577 Alias

77 609 228 647 aliorum
258 608 456 646 sententias
485 608 637 658 praebet
667 607 889 656 lVesseling.
925 607 962 643 in
993 611 1069 644 not.
1101 607 1149 643 ad
1176 607 1318 643 Herod.
1344 606 1401 654 ll,
1436 606 1516 648 159
1557 611 1594 644 et

75 677 145 724 ΙΙΙ,
166 676 191 718 5
222 680 261 714 et
277 676 402 726 Heyse
434 679 572 725 quaest.
588 675 729 713 Herod.
755 675 772 712 I
797 688 882 726 pag.
903 674 1109 721 94—96‚
1149 674 1211 723 qui
1236 674 1315 724 ipse
1340 675 1377 710 in
1409 674 1593 711 Herodoti

76 744 164 782 locis
185 745 323 781 Gazam
345 744 498 793 intelligi
516 744 610 791 vult·,
640 756 748 793 quam
777 744 904 781 urbem
930 743 1019 781 mari
1046 743 1247 794 proximam
1284 743 1314 780 si
1344 742 1504 780 indicare
1529 755 1594 779 vo-

75 812 202 850 luisset
226 813 462 860 Herodotus,
492 825 556 850 suo
580 817 677 850 certe
705 811 834 862 opinor
855 812 1002 849 nomine
1029 812 1249 858 indicasset,
1280 823 1360 847 cum
1391 822 1492 847 oram
1516 822 1595 847 ma-

76 881 232 918 ritimam
264 884 457 929 totumque
499 879 596 917 illum
626 884 779 917 tractum
811 879 891 930 ipse
925 879 1179 930 perlustrasset
1207 879 1365 927 indeque
1393 879 1593 915 accuratius

77 948 321 997 cognovisset.
377 949 459 987 Nec
480 961 628 985 moveor
653 948 717 994 iis,
747 960 842 996 quae
861 947 1059 996 disputavit
1082 946 1300 984 Billerbeck.
1322 947 1360 983 in
1379 947 1466 983 diss.
1484 944 1595 983 Asiae

77 1016 217 1053 Herod.
241 1015 377 1053 difficil.
407 1029 493 1067 pag.
514 1018 567 1064 7,
598 1016 658 1052 ubi
690 1016 831 1052 Gazam
861 1015 986 1052 urbem
1015 1015 1164 1052 indicari
1194 1015 1291 1051 idem
1316 1015 1526 1060 contendit,
1558 1018 1594 1050 et

76 1096 171 1133 quae
200 1085 407 1134 nuperrime
440 1084 613 1135 peculiari
641 1084 836 1133 scriptione
864 1083 1033 1120 disseruit
1067 1081 1110 1120 F.
1132 1083 1295 1131 Hitzig.:
1340 1082 1421 1128 „de
1455 1082 1592 1130 Cadyti

75 1153 165 1190 urbe
186 1151 434 1190 Herodotea“
466 1153 633 1201 Gotting.
656 1154 788 1199 1829,
820 1151 883 1200 qui
910 1155 946 1188 et
976 1151 1055 1201 ipse
1082 1163 1156 1187 non
1184 1151 1254 1187 nisi
1282 1150 1421 1187 Gazam
1449 1149 1506 1186 hic
1536 1150 1592 1185 in-

76 1219 191 1269 telligi
208 1233 318 1271 posse
339 1221 507 1271 opinatur
534 1221 702 1269 adeoque
729 1220 979 1258 Herodoteam
1009 1219 1109 1256 urbis
1140 1217 1419 1269 appellationem
1446 1230 1490 1255 ex
1510 1218 1591 1268 ipso

75 1289 199 1326 Gazae
222 1289 370 1326 nomine
396 1289 596 1327 derivatam
619 1288 708 1326 vult.
