1759 3324
380 257 466 298 478

353 364 568 422 6ῥήξουσι
605 364 795 423 πρώτην.
833 365 965 423 τάπερ
1009 364 1073 412 ὦν
1109 369 1184 413 καὶ
1220 367 1402 424 ἐγένετο.

775 257 1250 299 HERODOTI

380 445 521 502 διέτης
548 444 708 501 χρόνος
727 446 917 501 ἐγεγόνεε
946 451 1083 491 ταῦτα
1113 452 1173 507 τῷ
1198 449 1370 504 ποιμένι
1391 448 1645 505 πρήσσοντι,

379 522 602 580 ἀνοίγοντι
631 524 711 581 τὴν
739 525 888 582 θύρην
926 528 999 570 καὶ
1038 527 1198 572 ἐσιόντι
1234 529 1287 572 τά
1315 531 1467 572 παιδία
1496 527 1644 585 ἀμφό-

377 620 482 659 τερα
521 606 850 659 προσπίπτοντα
885 605 1013 662 βεκὸς
1053 606 1280 663 ἐφώνεον,
1319 607 1531 665 ὀρέγοντα
1567 607 1645 660 τὰς

321 820 548 868 inarticule's,
578 820 636 856 des
655 823 904 869 vagissements
922 825 978 859 in-

320 878 500 915 articule's.
558 877 627 913 Est
665 878 762 914 enim
798 875 977 929 κνύζημα

320 936 490 983 vagitus,
509 933 663 970 eiulatus
680 933 875 983 infantium
887 964 897 981 ,
918 949 978 972 re-

321 1005 406 1028 cens
426 995 593 1027 natorum
618 991 824 1041 praecipue.
864 992 973 1029 Conf.

320 1048 472 1084 Suidam
495 1059 521 1084 s.
537 1060 569 1084 v,
594 1052 630 1084 et
642 1047 974 1096 Gregor.Corinth.

321 1105 369 1141 de
391 1103 474 1140 dial.
496 1103 607 1140 lonic.
631 1102 668 1154 ᾖ.
695 1105 784 1144 113.

377 1157 520 1210 ἥντινα
533 1157 677 1211 φωνήν
690 1156 857 1210 ῥήξουσι
867 1155 972 1212 πρῶ-

319 1215 417 1267 την]
459 1216 578 1267 ῥῆξαι
626 1214 771 1267 φωνὴν
817 1230 973 1267 rumpere

320 1273 471 1322 (edere)
495 1285 610 1310 vocem
641 1273 712 1310 iam
744 1286 855 1324 supra
886 1287 976 1312 eno-

319 1331 474 1367 tavimus
502 1329 546 1377 I,
584 1329 649 1371 85.
702 1330 798 1367 Add.
831 1329 876 1378 V,
905 1332 972 1373 93.

318 1386 400 1424 Alia
436 1386 660 1423 laudavimus
702 1387 750 1424 ad
790 1386 972 1425 Plutarch.

318 1442 432 1480 Alcib.
467 1454 552 1493 pag.
591 1445 667 1490 92,
710 1443 838 1492 quibus
875 1456 974 1481 nunc

319 1500 418 1536 addo
447 1500 595 1549 copiose
624 1500 671 1536 de
698 1498 766 1536 hac
790 1499 972 1538 locutione

319 1556 568 1606 disputantem
603 1555 817 1605 Kypkium,
859 1557 968 1594 Obss.

319 1624 426 1649 sacrr.
454 1611 502 1648 ad
524 1610 646 1649 Galat.
665 1611 729 1660 IV,
751 1615 804 1654 27
826 1626 863 1664 p.
888 1614 971 1655 283

319 1668 515 1706 Tom.111.

377 1740 432 1772 ως
455 1721 531 1777 γάρ
560 1721 690 1775 διέτης
719 1719 863 1777 χρόνος
894 1723 971 1790 ἔγε-

316 1796 431 1835 γονεε
449 1783 574 1820 ταῦτα
592 1782 646 1834 τῷ
667 1780 827 1831 ποιμένι
848 1777 970 1832 πρήσ-

319 1836 450 1888 σοντι]
517 1837 638 1875 Vertit
691 1837 971 1876 Valckenarius:

311 1899 501 1946 postquam
529 1895 618 1931 enim
644 1895 717 1931 ista
734 1898 861 1944 pastor
871 1894 972 1944 fece-

317 1956 375 1988 rat
407 1964 470 2001 per
505 1950 699 1997 biennium,
736 1950 888 1987 laudans
924 1952 972 1988 de

316 2007 496 2058 participii
528 2020 622 2054 usu,
652 2007 753 2055 quod
781 2007 818 2043 in
846 2007 969 2044 dativo

318 2064 368 2100 sic
402 2062 521 2100 verbis
555 2063 765 2116 γίγνεσθαι
805 2076 834 2099 s.
866 2058 970 2102 εἶναι

316 2119 454 2170 adponi
473 2118 587 2165 solet,
618 2119 798 2156 Herodot.
814 2118 851 2166 I,
876 2120 967 2160 113.

316 2175 390 2222 111,
419 2175 485 2216 56.
517 2175 591 2221 ΙΧ,
621 2176 686 2216 38.
718 2174 885 2223 Thucyd.
905 2174 969 2223 111,

317 2234 370 2272 29
383 2260 394 2278 ,
414 2230 494 2268 alia.
542 2230 605 2268 Tu
626 2231 720 2267 conf.
743 2231 851 2267 etiam
869 2230 969 2268 Mat-

315 2287 413 2324 thiae
433 2287 498 2323 Gr.
521 2287 586 2323 Gr.
610 2284 646 2337 ᾗ.
669 2288 751 2328 388
774 2290 968 2337 pag.711,

316 2343 380 2393 qui
410 2343 507 2380 idem
534 2343 582 2380 de
617 2342 687 2379 alio
719 2344 864 2391 dativo,
904 2344 966 2392 qui

316 2399 487 2437 continuo
514 2399 677 2435 adiicitur
706 2400 817 2436 verbo
845 2411 964 2449 προσ-

316 2456 528 2502 πίπτοντα,
558 2456 698 2492 monuit
716 2467 802 2505 pag.
822 2456 917 2497 735.

374 2522 486 2577 βεκὸς
515 2520 718 2577 ἐφώνεον]
759 2525 828 2564 ΑΙίἰ
853 2523 967 2577 βεκὸς

316 2581 448 2633 duplici
477 2595 557 2619 cum
585 2581 690 2620 litera
723 2585 747 2621 ξι
785 2582 966 2622 exhibent.

317 2639 403 2682 Qua
418 2651 507 2676 voce
527 2650 654 2689 panem
683 2639 782 2689 apud
801 2639 967 2689 Phryges

316 2695 524 2744 designari,
562 2695 656 2731 infra
691 2699 816 2732 monet
845 2696 967 2733 Hero-

316 2751 446 2799 dotus,
481 2763 525 2789 ex
550 2763 623 2800 quo
648 2750 870 2799 Hesychius:
903 2753 964 2803 βε-

315 2803 405 2854 κός·
437 2803 576 2859 &fotos-5
612 2807 668 2844 cui
696 2807 792 2845 adde
818 2807 964 2859 Hippo-

315 2864 430 2900 nactis
458 2863 575 2901 locum
614 2863 713 2913 apud
744 2863 962 2902 Strabonem

316 2919 401 2957 vm
419 2932 456 2971 p.
474 2919 576 2969 524,
594 2918 637 2957 Β.
659 2932 695 2971 p.
712 2919 793 2961 340
812 2920 869 2957 ed.
887 2921 962 2959 Ca-

1047 824 1170 872 saub.‚
1200 825 1260 862 ubi
1281 826 1395 876 Cypri
1410 826 1544 864 incolas
1569 826 1698 864 eadem

1045 883 1096 917 uti
1118 894 1206 919 voce
1231 883 1407 932 proditur.
1466 883 1508 919 In
1527 896 1599 932 qua
1617 897 1698 921 cum

1047 967 1091 997 ος
1121 952 1263 989 Graeca
1281 952 1327 988 sit
1353 953 1578 1000 terminatio,
1604 952 1699 990 Lar-

1045 1008 1150 1045 chero
1166 1007 1356 1058 probabile
1381 1009 1544 1057 videtur,
1574 1010 1694 1046 infan-

1043 1070 1097 1102 tes
1126 1064 1344 1102 exclamasse
1361 1065 1430 1115 βεκ
1461 1078 1503 1103 ex
1527 1066 1698 1103 imitatio-

1040 1134 1088 1158 ne
1111 1121 1208 1157 vocis
1238 1134 1437 1171 caprarum.
1496 1122 1602 1166 Quae
1633 1135 1697 1160 ea-

1042 1178 1125 1215 dem
1150 1178 1380 1215 inveniuntur
1421 1179 1458 1215 in
1498 1178 1618 1216 Schol.
1646 1179 1695 1216 ad

1041 1233 1213 1284 Apollon.
1236 1234 1357 1271 Rhod.
1379 1234 1441 1281 IV,
1464 1237 1546 1277 262
1577 1239 1614 1273 et
1632 1248 1691 1286 ap.

1041 1291 1144 1327 Suid.
1163 1304 1191 1327 s.
1212 1303 1245 1327 v.
1285 1290 1362 1328 Sed
1385 1290 1512 1328 Pollux
1529 1292 1565 1328 in
1587 1292 1692 1329 Ono-

1042 1352 1146 1384 mast.
1169 1347 1214 1395 V,
1235 1348 1383 1394 88‚ubi
1403 1360 1592 1399 caprarum
1611 1361 1693 1387 esse

1041 1408 1165 1441 monet
1201 1401 1447 1455 φριμαγμὸς,
1484 1400 1692 1455 φριμάττε-

1043 1464 1159 1507 σθαι,
1199 1459 1288 1497 haee
1320 1461 1446 1508 addit,
1482 1460 1580 1498 haud
1617 1462 1691 1498 scio

1039 1529 1086 1553 an
1112 1521 1275 1553 nostrum
1320 1516 1437 1554 locum
1474 1517 1690 1568 respiciens:

1040 1588 1094 1619 ως
1104 1568 1314 1623 Ἡρόδοτος
1334 1572 1553 1622 ε”σφαλται
1535 1588 1599 1612 sm
1611 1575 1692 1612 τῶν

1038 1630 1203 1680 βρεφῶν
1243 1632 1323 1668 τῶν
1363 1629 1551 1688 Φρυγίων
1586 1627 1690 1695 λόγῳ

1037 1687 1266 1738 βληχᾶσθαι
1301 1701 1371 1733 τας
1404 1681 1518 1738 αἶγας
1558 1681 1692 1737 οἰόμε-

1037 1757 1121 1789 νος.
1176 1741 1226 1780 At
1261 1754 1388 1780 vocem
1418 1743 1511 1793 βεκ,
1549 1743 1691 1781 abiecta

1040 1799 1185 1836 Graeca
1219 1799 1494 1847 terminatione,
1540 1799 1690 1848 originis

1038 1855 1222 1903 Phrygiae
1239 1868 1320 1892 esse
1337 1855 1448 1892 dubio
1459 1868 1581 1893 carere
1601 1856 1689 1892 scri-

1040 1912 1092 1948 bit
1111 1911 1336 1947 lablonskius
1359 1911 1512 1948 Dissert.
1536 1912 1584 1949 de
1601 1911 1690 1960 ling.

1037 1967 1199 2015 Lycaon.
1229 1967 1279 2014 (a
1307 1967 1372 2004 Cr.
1407 1968 1563 2017 citatus)
1591 1972 1617 2005 t.
1636 1967 1688 2005 ΙΙΙ

1037 2036 1073 2073 p.
1098 2024 1151 2063 68
1178 2023 1336 2073 Opuscc.
1375 2023 1509 2073 Neque
1537 2037 1583 2061 eo
1612 2037 1688 2061 non

1037 2082 1198 2130 spectat,
1228 2080 1327 2128 quod
1352 2081 1451 2130 apud
1474 2079 1689 2131 Aristopha-

1036 2147 1119 2172 nem
1147 2135 1265 2182 (Nub.
1300 2137 1402 2185 397)
1434 2136 1598 2186 aliosque
1624 2149 1688 2174 ex-

1038 2196 1109 2228 stat
1127 2190 1392 2242 βεκκεσέληνε.
1408 2193 1563 2243 Scripsit
1577 2193 1687 2231 etiam

1036 2260 1153 2297 nuper
1186 2248 1361 2285 nonnulla
1407 2249 1456 2287 de
1493 2250 1559 2287 hac
1596 2262 1686 2287 voce

1035 2303 1207 2341 Volneius
1237 2304 1433 2353 (Chronol.
1466 2305 1684 2343 d’Herodot.

1034 2373 1070 2411 p.
1093 2363 1159 2402 28.
1191 2364 1243 2403 29
1264 2363 1384 2411 not),
1412 2361 1473 2399 ubi
1499 2361 1686 2411 Phrygum

1032 2417 1192 2466 linguam
1222 2418 1321 2454 haud
1353 2417 1461 2455 aliam
1504 2430 1587 2455 esse
1608 2418 1686 2456 vult

1031 2477 1143 2521 atque
1164 2472 1365 2521 Thracum,
1394 2475 1495 2512 unde
1519 2474 1685 2523 Phryges
1743 2497 1745 2505 ι

1034 2529 1183 2565 omnino
1208 2530 1352 2567 oriundi
1379 2531 1535 2579 fuerint,
1563 2531 1685 2568 addit-
1742 2552 1743 2555 =

1034 2598 1106 2634 que
1128 2586 1166 2621 in
1189 2584 1530 2635 Anglo-Saxonum
1557 2585 1683 2635 lingua
1740 2594 1742 2621 5

1034 2645 1070 2678 to
1088 2640 1190 2678 Bake
1214 2642 1346 2692 (quod
1374 2643 1683 2693 pronuntiandum
1738 2639 1741 2683 j

1033 2698 1079 2734 sit
1110 2701 1170 2734 tou
1188 2697 1284 2747 Belc)
1314 2698 1519 2747 significare
1541 2711 1682 2749 panem.
1738 2696 1739 2700 ¹

1032 2753 1220 2801 »θὸτι-85.
1238 2755 1275 2791 in
1293 2754 1569 2805 Mythengesch.
1591 2756 1681 2805 ibiq.
1736 2770 1737 2773 ¹

1030 2810 1222 2847 Rudbeck.
1247 2810 1404 2848 Atlantis
1444 2815 1472 2848 t.
1496 2811 1510 2848 1
1537 2824 1574 2861 p.
1597 2813 1682 2854 808
1732 2819 1735 2851 ,ἒ

1029 2878 1154 2903 vocem
1180 2866 1274 2903 illam
1309 2879 1387 2904 cum
1417 2867 1680 2905 Scandinavio-
1730 2878 1734 2918 J

1030 2935 1106 2960 rum
1123 2921 1231 2962 Baka
1253 2923 1477 2975 componit.“
1506 2923 1574 2962 Cr.

1473 368 1533 421 ὥς
1561 370 1644 427 γὰρ
1657 377 1702 412 30
