1759 3324
365 258 452 300 378
760 259 1231 302 HERODOTI

365 369 553 412 Λυδοῖσι
581 369 768 424 μέτεστι,
799 369 857 423 ὥς
876 370 1171 429 κασιγνήτοισι
1193 371 1315 417 ἐοῦσι
1340 377 1453 417 τοῖσι
1468 375 1625 429 Καρσί.

309 447 441 491 ΙΟτόν
468 446 552 503 γὰρ
585 449 735 494 Λυδόν
764 451 838 494 καὶ
879 450 956 496 τὸν
994 451 1155 496 Μυσὸν
1183 450 1358 508 λέγουσι
1395 450 1506 497 εἶναι
1535 457 1623 497 Κα-

363 527 441 582 ρὸς
469 526 721 584 ἀδελφεούς.
778 528 972 574 τούτοισι
1002 531 1080 586 μὲν
1124 530 1176 588 δὴ
1207 530 1394 587 μέτεστι·
1437 531 1533 576 ὅσοι
1563 533 1623 585 δὲ,

361 606 505 660 ἐόντες
535 606 670 651 ἄλλου
702 608 875 662 ἔθνεος,
924 608 1196 666 ὁμόγλωσσοι
1224 617 1338 655 τοῖσι
1366 614 1510 666 Kane-2
1539 611 1623 668 ἐγέ-

25 949 78 969 nos
95 941 272 977 expellendi.

198 677 298 721 172
356 703 511 740 νοντο,
553 685 749 731 τούτοισι
788 687 833 730 δὲ
873 686 926 731 οὐ
957 688 1188 744 μέτα.οἱ
1228 690 1273 734 δὲ
1315 692 1504 735 Καύνιοι
1544 690 1620 736 αύ-

27 739 137 767 Caunii
163 747 252 774 quam
275 750 306 769 o-

27 773 84 808 rigi
66 782 154 834 Ιιιιιὲιιιιι
163 774 304 834 ιιιίαδιῖᾶιιιε
363 766 569 822 τόχθονες
581 798 593 818 ,

41 840 154 866 'an-icae.
186 842 305 869 affinis:

143 882 206 908 rum,
199 880 251 901 nau
252 874 304 909 nli,

23 911 55 934 et
56 882 152 934 ⁰Deos
139 916 204 941 sep
210 916 240 934 re
243 895 306 941 gri-

624 765 792 808 δοκέειν
821 767 939 822 ἐμοὶ,
969 769 1070 811 εἰσί·
1101 767 1226 812 αὐτοὶ
1255 770 1402 824 μέντοι
1431 771 1478 816 ἐκ
1498 771 1678 829 Κρή-3Ο

361 861 436 901 της
473 845 582 901 φασὶ
619 842 741 888 εἶναι.
797 846 1182 903 προσκεχωρήκασι
1221 849 1267 892 δὲ
1302 853 1505 905 γλῶσσαν
1542 851 1622 906 μὲν

362 925 473 979 πρὸς
501 923 549 968 τὸ
577 923 780 980 Καρικόν
807 923 962 980 ἔθνος,
991 924 1021 983 ἢ
1051 927 1094 971 οἱ
1118 930 1262 984 Κᾶρες
1289 928 1398 984 πρὸς
1424 928 1474 973 τὰ
1506 932 1621 974 Καυ-

297 1109 357 1147 vix
403 1110 554 1148 notione
604 1122 647 1149 ac
685 1111 952 1161 significatione

296 1166 448 1204 multum
477 1167 572 1204 inter
603 1171 796 1218 utrumque
830 1169 951 1206 lovem

295 1223 469 1261 intererit.
528 1222 700 1273 Namque
718 1229 859 1263 constat
877 1225 952 1263 Ca·-

296 1292 354 1318 res
385 1284 426 1317 ut
442 1279 647 1317 bellicosam
677 1286 825 1330 gentem
859 1283 948 1320 deos

296 1349 444 1386 quoque
472 1337 579 1374 armis
606 1338 751 1376 indutos
767 1368 777 1387 ,
807 1339 950 1376 militari

295 1395 410 1431 ferme
434 1394 556 1444 specie
579 1397 616 1431 et
635 1396 815 1444 cogitasse
832 1400 868 1433 et
889 1409 949 1433 re-

294 1453 572 1501 praesentasse3
600 1450 653 1488 ita
673 1456 712 1489 ut
731 1451 854 1489 Iovem
874 1452 949 1489 Ca-

294 1519 353 1544 res
390 1506 496 1543 simili
533 1508 667 1555 modo,
715 1521 786 1558 quo
825 1509 948 1546 Iovem

295 1558 503 1614 στράτιον,
564 1565 673 1602 armis
722 1565 947 1613 instructum,

293 1623 590 1670 repraesentasse
625 1625 662 1659 et
688 1620 841 1659 coluisse
871 1635 950 1659 cre-

293 1676 459 1713 diderim.
526 1676 638 1714 Plura
665 1679 726 1727 qui
757 1678 949 1728 discupiat,

293 1746 377 1771 eum
410 1733 646 1770 amandamus
685 1734 734 1771 ad
772 1735 948 1772 Creuzeri

294 1789 490 1838 Symbolic.
528 1789 563 1827 Π
591 1803 678 1841 pag.
705 1789 789 1833 493
811 1804 868 1841 sq.
898 1790 949 1829 IV

292 1858 380 1897 pag.
400 1849 455 1888 62
474 1859 528 1896 sq.

353 1900 407 1949 ὥς
421 1899 698 1954 κασιγνήτοισι
716 1901 829 1943 ἐοῦσι
847 1907 950 1942 τοῖσι

293 1958 452 2010 Καρσί]
487 1960 597 1997 Conf.
619 1960 840 1997 Strabonem
861 1959 949 1997 XlV

291 2029 329 2065 p.
342 2018 437 2058 976.
451 2037 500 2043 —
513 2016 582 2053 His
600 2015 719 2053 verbis
740 2020 777 2053 et
792 2029 949 2065 sequen-

291 2072 388 2109 tibus
416 2075 446 2108 si
475 2071 562 2108 nihil
590 2071 708 2118 aliud,
737 2076 834 2109 certe
851 2084 948 2109 com-

291 2140 437 2165 munem
457 2128 634 2177 originem
664 2132 774 2176 atque
797 2128 946 2177 stirpem

290 2184 441 2221 istarum
466 2184 629 2232 gentium
658 2184 744 2220 satis
773 2183 946 2221 declarari

289 2244 436 2289 putem3
475 2253 588 2289 quare
614 2241 651 2277 in
679 2239 795 2288 Lydis
835 2244 944 2289 atque

289 2295 419 2344 Mysiis
437 2296 584 2333 colonos
599 2297 734 2333 Carum
753 2301 943 2345 quaerunt,

290 2352 384 2389 hanc
403 2352 519 2402 ipsam
532 2353 578 2390 ob
594 2364 739 2390 causam
758 2364 941 2390 sacrorum

288 2408 495 2459 participes.
554 2409 663 2446 Conf.
695 2407 944 2446 Raoul-Ro-

289 2465 409 2502 chette
438 2465 599 2503 Histoire
632 2466 678 2503 de
708 2465 890 2503 l'e'tabliss.
925 2467 943 2504 I

288 2534 375 2572 pag.
390 2523 471 2562 389
490 2535 567 2571 seq.
598 2522 703 2566 Quae
719 2522 749 2558 si
772 2535 856 2559 vera
872 2525 944 2562 sint

292 2582 356 2614 aut
374 2583 471 2616 certe
487 2579 562 2616 veri
582 2577 738 2628 speciem
757 2581 942 2628 quandam

290 2634 512 2684 praebeant,
541 2634 772 2682 intelligitur,
801 2649 864 2672 cur
882 2650 941 2675 re-

290 2690 409 2740 liquos
429 2690 665 2740 alienigenos,
680 2691 841 2740 quamvis
854 2705 940 2730 ean-

290 2747 377 2785 dem
402 2747 562 2797 linguam
592 2748 742 2786 edentes
781 2749 942 2788 excluse-

289 2804 373 2841 rint.
418 2804 640 2844 Pertinuisse
675 2803 769 2842 enim
792 2804 851 2842 isti
887 2807 942 2843 vi-

290 2861 423 2899 dentur
449 2862 498 2898 ad
526 2861 613 2898 alias
643 2864 770 2910 gentes
798 2862 941 2911 indige-

291 2930 369 2968 naS,
394 2921 479 2957 ante
495 2917 633 2956 illorum
646 2917 854 2957 colonorum
876 2920 942 2957 ad-

1019 1116 1167 1150 ventum
1203 1112 1297 1151 hanc
1325 1116 1459 1152 terram
1496 1117 1676 1164 tenentes,

1021 1182 1105 1206 mox
1134 1183 1219 1207 vero
1256 1183 1452 1221 oppressas
1488 1183 1511 1209 a
1539 1171 1674 1209 colonis

1018 1226 1211 1264 victoribus
1224 1255 1235 1274 ‚
1265 1239 1419 1276 quorum
1440 1226 1498 1266 vel
1513 1227 1674 1278 linguam

1019 1286 1060 1320 ut
1077 1283 1161 1321 victi
1179 1284 1407 1322 adsciverint.

1187 1368 1219 1405 c
1233 1380 1301 1418 ap.
1332 1367 1520 1407 CLXXII.

1074 1451 1116 1492 οἷ
1143 1449 1187 1492 δὲ
1218 1448 1393 1492 Καύνιοι
1433 1448 1673 1504 αὐτόχθονες

1015 1523 1052 1547 κ.
1078 1524 1110 1547 τ.
1135 1507 1185 1560 λ.]
1216 1508 1297 1547 Nec
1312 1509 1370 1546 hic
1398 1522 1466 1547 nec
1489 1522 1569 1560 cap.
1590 1513 1670 1552 171

1018 1565 1093 1603 init.
1106 1565 1275 1604 Mediceo
1297 1566 1500 1616 parendum
1524 1579 1606 1604 esse
1616 1568 1673 1604 of-

1018 1623 1150 1660 ferenti
1164 1622 1427 1669 Καυκωνίους
1449 1626 1486 1660 et
1502 1618 1671 1661 Καυκώ-

1018 1693 1122 1726 νιοι,
1154 1679 1241 1716 satis
1267 1679 1375 1717 docet
1407 1682 1485 1715 tum
1513 1678 1670 1728 reliquo-

1016 1749 1098 1773 rum
1134 1735 1308 1772 librorum
1349 1747 1547 1773 consensus
1571 1737 1672 1786 apud

1016 1792 1272 1839 Herodotum,
1315 1795 1352 1830 et
1374 1792 1429 1829 his
1463 1791 1550 1828 locis
1578 1795 1615 1829 et
1638 1791 1670 1840 I,

1020 1851 1123 1896 176,
1151 1852 1227 1886 tum
1243 1849 1434 1886 Strabonis
1461 1848 1669 1896 auctoritas,

1017 1905 1178 1943 eNostro
1189 1904 1286 1942 haud
1301 1905 1412 1942 dubie
1433 1904 1669 1954 proficiscen-

1015 1962 1060 1998 tis
1081 1960 1169 1998 XIV
1188 1974 1225 2011 p.
1250 1961 1351 2009 964,
1369 1959 1403 1998 A
1429 1973 1457 1997 s.
1478 1972 1564 2010 pag.
1585 1962 1668 2003 652

1017 2017 1175 2054 Casaub.
1242 2017 1416 2066 Namque
1455 2016 1666 2055 Herodotus

1015 2073 1220 2111 Cauconios
1241 2075 1367 2123 utique
1385 2072 1578 2122 ignoravit,
1599 2086 1668 2111 nec

1013 2130 1204 2167 Caucones
1223 2130 1320 2168 idem
1339 2130 1452 2175 novit,
1469 2142 1562 2178 quos
1574 2143 1666 2179 poe·-

1011 2189 1050 2223 ta
1067 2186 1231 2224 nominat
1248 2187 1285 2224 in
1306 2187 1407 2224 lliad.
1426 2185 1461 2222 X
1473 2214 1484 2233 ‚
1504 2184 1598 2228 429.
1610 2207 1666 2214 —

1010 2241 1053 2279 In
1073 2243 1190 2280 verbis
1211 2257 1314 2293 seqq.
1335 2244 1382 2280 ad
1402 2239 1556 2281 δοκέειν
1576 2240 1666 2292 ἐμοὶ

1010 2300 1106 2336 conf.
1130 2297 1260 2337 Matth.
1285 2300 1350 2337 Gr.
1366 2300 1430 2337 Gr.
1442 2311 1528 2349 pag.
1542 2300 1663 2341 1070.

1067 2351 1419 2408 προσκεχωρήκασι
1453 2352 1496 2393 δὲ
1536 2357 1663 2406 γλῶσ-

1011 2423 1086 2451 σαν
1126 2408 1198 2462 μὲν
1229 2410 1327 2466 πρὸς
1351 2409 1397 2452 τό
1426 2408 1603 2462 Καρικὸν
1628 2410 1664 2451 ἕ-

1008 2466 1134 2518 θνος]
1174 2469 1197 2506 i.
1226 2484 1258 2508 e.
1297 2471 1534 2515 accesserunt,
1573 2466 1664 2518 quod

1010 2524 1058 2562 ad
1078 2525 1238 2574 linguam
1253 2529 1402 2574 attinet,
1431 2524 1479 2562 ad
1499 2523 1662 2563 Caricam

1009 2584 1183 2619 nationem
1195 2596 1224 2619 s.
1237 2581 1543 2620 accommodarunt
1561 2593 1662 2619 suam

1010 2637 1170 2687 lingnam
1188 2638 1236 2675 ad
1248 2640 1396 2677 Caricae
1415 2639 1573 2676 nationis
1591 2638 1661 2675 lin-

1004 2707 1125 2743 guam.
1146 2717 1202 2722 —
1231 2694 1441 2733 Iablonskio
1467 2694 1586 2743 (Diss.
1614 2694 1662 2732 de

1006 2750 1154 2800 Lingua
1199 2751 1361 2801 Lycaon.
1399 2755 1425 2789 t.
1450 2751 1501 2789 Ill
1540 2765 1578 2802 p.
1604 2749 1660 2793 95

1008 2807 1187 2857 Opuscc.)
1205 2808 1361 2846 scribere
1377 2807 1530 2858 placuit:
1559 2803 1660 2859 πρὸς

1007 2860 1052 2902 τό
1076 2860 1257 2912 Καρικὸν
1281 2863 1377 2909 ἔθος
1398 2867 1485 2914 (pro
1507 2862 1658 2912 ἔθνος)τ

1009 2919 1059 2958 ad
1081 2932 1203 2958 morem
1224 2920 1387 2972 loquendi
1414 2925 1447 2958 et
1474 2924 1656 2958 consuetu-
