1759 3324
3 2829 5 2869 i

5 2883 7 2943 l

8 2972 9 2995 l

8 3002 10 3019 l

510 270 932 312 EUTERPE.
984 271 1029 309 ll.

1307 273 1390 314 511

130 388 313 444 ὑπῆρχε,
360 385 403 426 τί
440 381 793 438 περιειργάζοντο
843 380 1068 431 δοκέοντες
1103 382 1272 436 πρῶτοι
1309 377 1390 423 ἆν-

125 467 320 521 θριόπων
346 461 598 518 γεγονέναις
658 459 762 504 οὐδὲ
791 460 879 504 ἔδει
918 459 1054 516 σφέας
1086 459 1128 510 ἐς
1157 459 1391 513 διάπειραν
1450 467 1525 504 111

123 549 211 587 τῶν
238 544 426 586 παιδίων
455 541 588 593 ἰέναι,
618 542 715 583 τίνα
734 543 937 595 γλῶσσαν
954 538 1132 596 πρώτην
1155 536 1387 594 ἀπήσουσι.
1402 546 1445 580 51

95 620 235 665 6Ἀλλ’
275 620 374 664 οὔτε
414 621 684 676 Αἰγυπτίους
734 621 871 663 δοκέω
912 618 1001 676 ἅμα
1039 622 1101 676 τῷ
1139 618 1282 662 Δέλτα
1326 621 1389 677 τῷ

121 698 199 744 ὑπ’
228 697 386 743 Ἰώνων
427 699 676 757 καλεομένῳ
705 699 934 755 γενέσθαι,
987 699 1072 741 αἰεί
1099 715 1144 742 τε
1174 698 1309 751 εἶναι,
1350 698 1394 750 {g

121 776 175 823 οὗ
207 777 455 834 ἀνθρώπων
483 779 609 835 γένος
638 778 825 834 ἐγένετο·
855 777 1096 836 προϊούσης
1127 778 1173 822 δὲ
1201 781 1276 834 τῆς
1303 776 1387 833 χώ-

121 876 220 915 ρης,
251 859 439 910 πολλοὺς
467 859 546 915 μὲν
574 857 680 910 τούς
708 857 1083 915 ὑπολειπομένους
1103 856 1249 902 αὐτῶν
1269 855 1387 914 γενέ-

93 944 252 992 7σθαι,
284 939 478 991 πολλοὺς
507 939 553 983 δὲ
578 937 683 991 τούς
707 936 1152 995 ὑποκαταβαίνοντας.
1181 937 1232 982 τό
1259 935 1302 982 δ’
1327 931 1445 980 αἶν55

119 1122 291 1172 πολλοῦς
307 1122 379 1176 μὲν
392 1121 486 1172 τούς
504 1122 719 1165 ’ὑπολειπο-

63 1180 209 1233 μένους
238 1197 273 1221 κ.
293 1197 326 1221 τ.
349 1184 405 1229 λ.]
445 1181 486 1221 οἰ
507 1178 720 1222 ὑπολειπό-

65 1253 176 1287 μενοι
198 1243 281 1276 sunt
305 1241 366 1288 qui
383 1239 542 1290 pristinis
565 1239 602 1275 in
622 1239 719 1276 sedi-

65 1295 130 1332 bus
161 1299 373 1342 remanent,
421 1300 518 1333 terra
553 1296 716 1345 quamvis

63 1356 170 1388 aucta
199 1356 236 1389 et
265 1355 455 1402 promota3
497 1351 539 1391 οἷ
564 1350 716 1391 ὑποκα-

62 1407 319 1459 ταβαίνοντες
338 1408 399 1457 qui
417 1408 590 1458 paulatim
602 1410 639 1445 in
658 1409 714 1445 in-

62 1465 212 1502 feriores
261 1465 488 1503 descendunt
531 1465 715 1514 regione8‚

60 1521 241 1572 prioribus
263 1521 408 1559 sedibus
427 1521 571 1559 relictis.
603 1522 718 1559 Colli-

63 1578 118 1626 git
134 1582 253 1615 autem
279 1591 323 1615 ex
350 1577 419 1615 hoc
445 1577 526 1615 loco
551 1583 587 1616 et
611 1592 714 1628 seqq.

62 1635 222 1671 Heeren.
248 1634 380 1681 (ldeen
396 1639 463 1672 etc.
483 1634 529 1682 ΙΙ,
547 1639 621 1687 21).
636 1638 716 1676 100

62 1691 141 1728 coll.
161 1690 274 1739 326)
314 1690 464 1728 Thebas
495 1705 522 1728 s.
553 1691 718 1742 superio-

63 1759 139 1784 rem
170 1746 378 1797 Aegyptum
412 1747 571 1798 priorem
605 1748 717 1785 fuisse

61 1803 214 1850 cultam,
241 1816 285 1840 ex
313 1804 386 1852 qua
418 1804 534 1841 omnis
561 1804 717 1842 cultioris

61 1859 156 1897 vitae
183 1860 322 1897 semina
349 1873 416 1910 per
447 1860 621 1910 reliquam
643 1860 716 1899 Ae-

61 1920 213 1966 gyptum
245 1928 373 1965 sparsa
404 1917 550 1956 fuerint.
612 1918 716 1962 Quo-

61 1985 140 2009 cum
164 1972 352 2019 convenit,
378 1974 479 2021 quod
508 1978 602 2012 teste
623 1974 715 2012 Dio-

61 2029 153 2065 doro
173 2028 211 2076 1,
230 2029 284 2070 50
306 2028 342 2066 Τ
343 2029 475 2067 hebani
493 2044 533 2068 se
553 2031 713 2069 omnium

59 2085 328 2134 antiquissiffles
341 2098 421 2124 esse
440 2087 713 2137 praedicabant.

64 2162 111 2170 —
135 2141 208 2179 Pro
226 2137 377 2182 αὐτέων
396 2156 476 2181 cum
499 2143 712 2182 Gaisfordio

61 2197 158 2235 edidi
183 2193 326 2237 αὐτῶν.

115 2251 157 2294 τὸ
187 2251 229 2295 δ’
259 2249 318 2294 ὦν
347 2253 468 2295 πάλαι
490 2255 536 2295 αἱ
565 2257 710 2307 Θῆβαι,

62 2309 261 2361 Αἴγυπτος
280 2311 478 2364 ἐκαλέετο]
509 2313 609 2352 Male
628 2313 710 2351 libri

62 2367 206 2416 quidam
250 2367 465 2409 ἐκαλέοντο.
541 2369 602 2407 Tu
636 2370 709 2408 vid.

62 2422 193 2462 Matth.
213 2425 278 2462 Gr.
298 2426 362 2463 Gr.
383 2425 419 2478 ἓ.
439 2426 534 2468 305.
556 2448 612 2455 ——
630 2427 710 2465 He-

63 2479 182 2516 rodoti
197 2483 410 2520 sententiam
428 2484 563 2521 diserte
576 2484 710 2535 repetit

64 2534 272 2576 Aristoteles
293 2538 484 2577 Meteorol.
507 2540 545 2588 Ι,
569 2540 643 2581 14;
665 2536 708 2580 τὸ

65 2586 230 2643 ἆρχαῖον
272 2591 302 2646 ἦ
339 2595 539 2643 Αἴγυπτος
577 2598 712 2648 Θῆβαι

0 2669 1 2686 ι
63 2644 330 2699 καλεούμεναι.
395 2651 449 2691 Ac
473 2653 623 2703 longum
654 2658 710 2692 est

0 2702 2 2731 ἓ
63 2702 99 2740 h.
129 2703 154 2741 l.
183 2705 230 2744 de
260 2706 339 2757 ipso
364 2707 522 2760 Aegypti
561 2711 710 2749 nomine

64 2772 264 2810 exponere,
293 2764 340 2802 de
364 2777 437 2815 quo
463 2766 583 2804 varias
608 2767 708 2805 viro-

63 2828 142 2852 rum
169 2817 354 2858 doctorum
386 2823 581 2861 sententias
620 2838 708 2874 sup-

64 2872 241 2922 peditabit
249 2874 358 2914 Beck.
374 2877 411 2914 in
422 2878 576 2928 Allgem.
589 2880 707 2918 Welt-

6 2946 9 2964 ι
63 2927 186 2977 gesch.
212 2929 228 2967 Ι
259 2943 344 2982 pag.
374 2935 456 2976 265
475 2949 554 2986 seq.
609 2936 704 2975 Add.

788 1129 879 1163 nott.
899 1137 1009 1175 supra
1030 1124 1078 1161 ad
1107 1123 1141 1161 Π
1156 1153 1168 1172 ,
1191 1126 1245 1166 12
1272 1127 1330 1171 et,
1348 1136 1443 1173 quae

789 1182 856 1220 Cr.
885 1182 1029 1228 laudat,
1071 1181 1205 1217 scholia
1231 1181 1268 1217 in
1296 1180 1443 1220 Platon.

785 1251 823 1290 p.
850 1242 931 1280 207
966 1238 1023 1275 ed.
1053 1237 1202 1274 Ruhnk.
1259 1236 1331 1274 Hic
1354 1236 1442 1274 illud

784 1296 896 1332 modo
925 1294 1115 1341 addimus,
1144 1293 1201 1331 vel
1225 1297 1352 1330 nostra
1375 1306 1440 1332 ae-

782 1355 859 1389 tate
877 1352 974 1389 idem
993 1351 1079 1388 ferri
1096 1363 1230 1388 nomen
1262 1354 1298 1388 et
1325 1349 1440 1398 urbis,

783 1420 877 1457 quae
902 1408 1070 1458 princeps
1101 1411 1157 1445 est
1186 1407 1224 1444 in
1249 1406 1438 1457 Aegypt0‚

785 1467 822 1502 et
850 1464 952 1501 huius
979 1464 1092 1514 ipsius
1121 1468 1263 1511 terrae,
1295 1464 1323 1500 si
1356 1463 1440 1512 qui·

785 1522 869 1558 dem
905 1520 1009 1558 Caz'ro
1056 1521 1141 1558 urbs
1181 1524 1218 1557 et
1261 1519 1312 1557 M
1311 1521 1438 1557 z'zraz'm

783 1578 884 1628 apud
903 1578 1057 1614 Iudaeos
1076 1582 1112 1615 et
1123 1575 1223 1614 Mesr
1236 1577 1335 1628 apud
1347 1576 1441 1614 Ara-

783 1634 850 1671 bes
873 1634 1021 1679 dicitur3
1044 1635 1116 1683 qua
1132 1639 1286 1683 utraque
1308 1633 1440 1684 appel-

783 1690 918 1728 latione
945 1690 1155 1740 Aegyptum
1185 1690 1302 1740 ipsam
1326 1689 1439 1739 vulgo

783 1747 933 1784 indicari
944 1751 1095 1784 constat.
1118 1747 1202 1783 Vid.
1219 1746 1438 1784 Hartmann.

783 1802 1064 1841 Erdbeschreib.
1082 1816 1116 1841 v.
1135 1801 1295 1853 Aegypt.
1306 1816 1343 1853 p.
1354 1804 1437 1844 883

783 1860 862 1897 coll.
886 1873 972 1910 pag.
992 1861 1031 1901 3.

839 1916 979 1954 Urbem
1000 1917 1117 1967 ipsam
1138 1915 1350 1954 Thebarum
1370 1914 1439 1952 ali-

782 1977 872 2022 quot
892 1973 1038 2022 quidem
1059 1973 1146 2011 locis
1176 1985 1438 2009 commemora-

780 2030 831 2065 vit
861 2029 1075 2067 Herodotus
1119 2029 1202 2078 (ll,
1230 2030 1269 2069 3.
1292 2030 1358 2071 56.
1379 2030 1436 2071 58

783 2086 884 2135 εἴα),
914 2099 982 2124 nec
1006 2091 1128 2124 tamen
1158 2085 1358 2135 quidquam
1388 2086 1436 2122 de

781 2155 825 2180 ea
847 2143 991 2190 retulit3
1015 2144 1114 2193 quod
1133 2155 1180 2180 ne
1197 2142 1351 2190 mireris,
1369 2142 1438 2179 do-

781 2199 827 2236 cti
863 2200 982 2247 Galli,
1030 2204 1202 2238 monente
1240 2198 1329 2245 Cn,
1366 2198 1437 2236 hoc

779 2261 922 2306 ponunt
951 2257 1164 2307 (Descript.
1195 2256 1243 2293 de
1272 2255 1436 2307 l’Egypt.

779 2318 867 2351 tom.
882 2313 938 2361 II,
960 2313 1079 2351 Theb.
1109 2327 1146 2364 p.
1164 2313 1262 2361 94),
1293 2312 1434 2350 Thebis

778 2370 925 2419 quidem
945 2383 1020 2407 non
1045 2374 1304 2408 commoratum
1321 2369 1435 2407 fuisse

777 2426 1007 2464 Herodotum
1026 2432 1088 2464 aut
1099 2426 1262 2465 consulto
1274 2426 1435 2464 noluisse

778 2483 922 2521 uberius
952 2485 1158 2522 describere
1175 2483 1436 2533 amplissimam

780 2552 861 2577 eam
880 2541 1007 2578 urbem
1019 2570 1030 2589 ‚
1049 2541 1221 2590 quoniam
1246 2544 1332 2578 ante
1351 2553 1435 2578 eum

778 2596 848 2634 hoc
867 2598 985 2647 ipsum
1002 2597 1226 2648 praestiterit
1251 2597 1436 2635 Hecatae-

778 2666 832 2690 us.
875 2655 953 2692 Sed
988 2654 1129 2692 Thebis
1172 2657 1434 2691 commoratum

777 2710 889 2748 fuisse
904 2711 1081 2748 Nostrum
1097 2739 1107 2758 ,
1139 2711 1270 2760 colligo
1294 2724 1337 2749 ex
1356 2710 1433 2748 col-

776 2766 900 2816 loquio
916 2780 997 2805 cum
1018 2767 1205 2805 Thebanis
1233 2767 1433 2805 sacerdoti-

776 2823 843 2860 bus
863 2824 986 2861 habito
1017 2825 1069 2872 ΙΙ,
1095 2824 1174 2865 143
1198 2823 1277 2861 coll.
1306 2824 1361 2872 ΙΙ,
1387 2826 1428 2870 3,

774 2883 811 2917 et
841 2881 968 2917 mirum
1001 2881 1166 2931 profecto
1204 2881 1319 2928 soret,
1368 2880 1429 2929 qui

773 2937 822 2974 ad
840 2936 1110 2988 Elephantinen
1128 2949 1245 2987 usque
1261 2936 1429 2987 pervenit
