1805 3315
81 1203 116 1228 eg
120 1194 275 1221 tttttttttt

355 233 412 273 30

765 232 1226 272 HERODOTI

358 339 451 398 ὥρη
480 343 556 397 τῆς
583 341 729 396 κοίτης
758 337 890 392 εἶναι,
931 339 1065 397 ἤγαγε
1093 343 1171 386 τὸν
1202 343 1346 400 Γύγεα
1375 343 1419 396 ἐς
1448 343 1497 387 τό
1528 346 1643 402 οἴκη-

356 435 440 477 μα·
489 420 562 464 καὶ
608 418 715 475 μετὰ
759 422 896 462 ταῦτα
936 417 1092 464 αὐτίκα
1131 427 1279 478 παρῆν
1326 424 1400 468 καὶ
1440 421 1468 480 ἡ
1515 424 1642 481 γυνή.

331 500 622 549 Ξέσελθοῦσαν
660 498 707 542 δὲ
745 497 819 542 καὶ
857 502 1055 542 τιθεῖσαν
1103 500 1155 543 τὰ
1202 501 1353 556 εἵματα
1400 503 1569 558 ἐθηεῖτο
1618 503 1642 547 ὁ

357 580 517 637 Γύγης.
559 577 617 630 ὥς
647 578 694 622 δὲ
722 575 833 622 κατα
872 576 1018 621 νώτου
1048 578 1246 634 ἐγένετο,
1283 581 1435 636 ἰούσης
1462 586 1538 638 τῆς
1569 599 1644 638 γυ-

331 659 505 710 ‘amends
544 657 587 710 ἐς
625 655 707 714 τήν
744 658 914 714 κοίτην,
955 656 1148 709 ὑπεκδύς
1185 657 1342 714 ἐχώρεε
1382 658 1476 710 ἔξω.
1515 661 1590 704 καὶ
1617 659 1689 717 ἡ55

351 737 463 795 γυνή
495 737 632 794 ἐπορᾷ
661 754 737 793 μιν
764 736 946 789 ἐξιόντα.
985 742 1192 793 μαθοῦσα
1222 737 1269 781 δὲ
1297 736 1347 781 τό
1377 739 1567 795 ποιηθὲν
1598 739 1646 782 ἐκ

353 821 434 862 τοῦ
464 815 641 872 ἀνδρὸς,
673 815 774 860 οὔτε
804 814 1027 871 οἷνέβωσεν
1057 818 1362 873 αἰσχυνθεῖσα,
1395 816 1497 861 οὔτε
1527 818 1646 871 ἔδοξε

352 896 553 955 μαθέειν,
603 896 650 939 ἐν
689 893 779 952 νόῳ
818 897 974 950 ἔχουσα
1011 897 1209 940 τίσεσθαι
1247 896 1327 941 τὸν
1369 899 1646 941 Κανδαύλεα.

331 975 473 1032 4παροὶ
502 975 586 1031 γὰρ
617 979 731 1018 τοῖσι
759 976 969 1027 Λυδοῖσι,
1009 976 1160 1031 σχεδὸν
1197 976 1243 1020 δὲ
1279 977 1353 1020 καὶ
1381 976 1501 1032 παρὰ
1531 982 1647 1021 τοῖσι

357 1056 526 1101 ἄλλοισι
558 1054 841 1112 βαρβάροισι,
882 1055 954 1098 καὶ
986 1054 1125 1110 ἄνδρα
1156 1055 1353 1112 ὀφθῆναι
1381 1055 1574 1112 γυμνὸν,
1604 1055 1694 1107 ἐςσο

278 1337 295 1354 n
312 1310 424 1358 mlgo
456 1309 614 1346 scribant
641 1307 807 1360 ἕτοιμος,
835 1310 903 1347 sed
924 1309 967 1346 il-

281 1370 294 1388 s
312 1367 375 1403 lud
398 1367 526 1403 Ionum
560 1370 669 1414 atque
686 1365 837 1403 Dorum.
867 1365 967 1403 Lau-

311 1424 376 1461 dat
421 1422 485 1459 Cr.
533 1422 695 1459 Boeckh.
732 1423 780 1460 ad
819 1423 968 1459 Pindar.

313 1480 463 1529 Olymp.
496 1478 552 1525 Π,
592 1480 646 1519 83
694 1492 752 1528 sq.
798 1493 836 1530 p.
871 1481 965 1520 389-

313 1537 471 1584 Gregor.
517 1534 685 1573 Corinth.
738 1536 785 1572 de
824 1535 966 1573 dialect.

311 1607 350 1644 p.
373 1596 426 1633 21
451 1592 510 1629 ed.
533 1591 718 1629 Schaefer.
752 1591 795 1628 In
815 1605 900 1641 sqq.
920 1593 969 1628 ad

311 1661 438 1687 vocem
483 1647 623 1698 κοίτην
680 1649 725 1685 cf.
776 1654 869 1686 nott.
921 1649 969 1685 ad

314 1718 393 1757 cap.
423 1704 492 1742 IX.

373 1783 534 1834 ἐθηεῖτο
570 1780 594 1822 ὅ
617 1778 778 1835 Γύγης]
811 1781 970 1834 ἐθηεῖτο

311 1841 491 1892 praebent
503 1839 692 1877 Mediceus
713 1840 804 1878 liber
826 1840 970 1890 aliique.

255 1933 264 1934 ε
310 1897 366 1934 Ac
414 1897 531 1935 tenuit
589 1896 968 1945 Schweighaeuserus.

311 1952 432 2002 Vulgo
477 1953 626 2002 quidem
678 1952 849 2004 ἐθηῆτο,·
902 1954 970 1991 sed

312 2009 410 2047 illam
449 2011 625 2057 formam,
682 2023 777 2059 quae
808 2022 830 2046 a
857 2011 969 2047 verbo

313 2064 490 2117 θηὲομαι
528 2070 584 2103 est
621 2067 841 2116 repetenda,
891 2066 970 2103 aliis

312 2135 462 2172 quoque
490 2121 578 2159 locis
608 2123 734 2172 optimi
764 2122 844 2159 libri
884 2136 971 2173 sup-

314 2180 494 2230 peditant.
525 2177 561 2226 I,
598 2179 664 2220 30.
698 2181 762 2220 68.
800 2178 874 2226 IV,
905 2179 970 2221 85.

314 2235 406 2283 VH,
448 2236 514 2277 56.
556 2235 650 2277 146.
709 2235 793 2272 Huc
827 2248 971 2285 quoque

314 2293 475 2342 pertinet
505 2288 707 2342 ἐθηήσατο
736 2292 815 2339 ΙΠ,
844 2291 912 2333 42.
942 2292 972 2339 Ι,

317 2350 369 2388 11
409 2352 445 2386 et
477 2346 697 2398 ἐθηεῦντο,
727 2343 970 2399 θηεύμενος,

314 2403 402 2442 alia.
436 2403 501 2441 Cr.
534 2405 581 2442 de
611 2405 667 2442 his
698 2405 836 2442 consuli
873 2405 973 2443 iubet

313 2459 497 2497 Maittaire
515 2461 562 2498 de
582 2461 722 2499 dialect.
744 2475 783 2512 p.
808 2464 887 2503 129
909 2461 970 2499 ed.

318 2515 441 2553 Sturz.
475 2516 599 2554 Koen.
634 2518 682 2555 ad
705 2518 865 2566 Gregor.
899 2518 973 2554 Co-

318 2570 428 2609 rinth.
458 2584 495 2621 p.
519 2575 601 2614 223
634 2574 692 2610 ed.
723 2574 868 2610 Schaef.

373 2662 565 2712 μαθοῦσα
613 2658 656 2700 δὲ
705 2658 750 2701 ‘ro'
799 2659 975 2713 ποιηθὲν

316 2715 370 2756 ἐκ
406 2719 479 2756 τοῦ
511 2712 681 2770 ἀνδρὸς]
729 2719 753 2755 i.
781 2731 813 2756 e.
857 2731 984 2768 „quae

316 2777 358 2810 ut
410 2773 585 2810 intellexit
635 2773 720 2823 quid
776 2787 800 2811 a
857 2777 984 2811 marito

317 2834 437 2867 actum
457 2831 581 2867 esset.“
612 2830 723 2873 Quod
747 2842 878 2868 moneo
895 2843 983 2881 pro-

316 2890 400 2936 pter
420 2886 728 2938 praepositionem
745 2885 808 2934 ἐκ,
839 2899 861 2924 a
890 2899 983 2924 non-

1034 1309 1140 1346 nullis
1161 1310 1256 1349 male
1286 1311 1518 1349 intellectam.
1549 1308 1694 1347 Eodem

1033 1367 1144 1402 modo
1165 1366 1207 1406 {a
1236 1368 1274 1405 in
1294 1368 1482 1419 prooemio
1495 1396 1505 1415 ‚
1535 1366 1598 1403 ubi
1618 1366 1691 1405 vid.

1090 1443 1181 1485 οὕτε
1219 1442 1493 1498 ἄνέβωσεν
1536 1443 1693 1495 αὴχυν-

1034 1503 1174 1553 θεῖσα]
1207 1499 1429 1555 εἷνέβωσεν,
1460 1507 1500 1539 ut
1519 1501 1549 1549 I,
1575 1503 1599 1541 8
1621 1495 1694 1551 οἷμ-

1037 1555 1170 1610 βώσας
1203 1560 1284 1598 coll.
1316 1560 1373 1607 II,
1417 1561 1509 1600 121.
1549 1557 1587 1604 Ι,
1627 1559 1694 1598 68.

1040 1616 1131 1657 146.
1151 1616 1213 1664 VI,
1239 1619 1316 1657 131
1344 1616 1485 1666 (ibique
1504 1613 1695 1662 Wessel.).

1036 1672 1103 1719 IX,
1134 1672 1199 1713 53.
1232 1673 1344 1716 Quod
1365 1675 1535 1723 repetunt
1563 1683 1586 1707 a
1614 1683 1694 1708 ver-

1038 1729 1088 1765 bo
1113 1723 1296 1780 οἷναβόω,
1325 1742 1391 1779 per
1419 1739 1607 1777 syncopen
1636 1738 1696 1763 or-

1039 1789 1116 1822 tum
1143 1798 1188 1822 ex
1219 1780 1421 1837 οἷναβοάω.
1481 1784 1559 1820 Sed
1587 1783 1695 1819 Butt-

1038 1854 1212 1879 mannum
1239 1843 1270 1878 si
1303 1842 1428 1879 audias
1460 1840 1652 1889 (Gramm.
1679 1838 1697 1875 I

1037 1900 1197 1959 p.—109.
1224 1898 1258 1935 Π
1295 1912 1335 1949 p.
1373 1895 1614 1960 92)-Ionum
1642 1898 1698 1932 est

1039 1982 1087 2017 οη
1129 1965 1344 2003 contrahere
1378 1965 1416 2001 in
1457 1981 1510 2013 ω,
1571 1965 1620 2001 ita
1659 1966 1699 2000 ut

1040 2022 1170 2075 ἕβωσα
1202 2026 1322 2059 ortum
1363 2021 1411 2058 sit
1448 2034 1515 2073 per
1554 2023 1700 2058 contra-

1041 2080 1197 2117 ctionem
1250 2091 1294 2115 ex
1351 2073 1539 2129 ἐβόησα.
1599 2075 1698 2113 Lau-

1040 2137 1104 2174 dat
1134 2135 1199 2173 Cr.
1237 2133 1422 2172 Maittaire
1461 2136 1509 2173 de
1528 2132 1700 2172 Dialect.

1039 2206 1076 2243 p.
1112 2193 1192 2233 158
1221 2192 1280 2229 ed.
1317 2191 1438 2228 Sturz.
1474 2195 1511 2229 et
1544 2190 1698 2227 Homer.

1041 2248 1222 2297 Od)⁴ss.I‚
1249 2249 1348 2288 378:
1374 2243 1514 2298 ἐπιβῶ
1532 2258 1702 2297 σομαι,

1039 2305 1102 2342 ubi
1123 2305 1168 2343 cf.
1192 2304 1360 2341 Eustath.
1382 2318 1418 2355 p.
1432 2306 1485 2345 66
1507 2315 1620 2353 supra
1641 2302 1701 2340 ed.

1039 2361 1152 2399 Basil.
1176 2373 1219 2398 ex
1240 2373 1312 2410 quo
1323 2360 1550 2398 Phavorinus
1563 2373 1600 2410 p.
1619 2361 1698 2399 701

1043 2418 1104 2455 lin.
1127 2419 1182 2459 38
1204 2430 1288 2466 sqq.
1311 2438 1368 2444 —
1393 2417 1437 2455 In
1464 2429 1568 2466 seqq.
1595 2413 1704 2462 ἔδοξε

1044 2478 1118 2512 est:
1149 2502 1173 2521 „
1186 2472 1392 2521 simulavit,
1422 2486 1464 2510 se
1487 2471 1703 2510 nesciisse.“

1041 2529 1201 2568 Laudat.
1227 2528 1294 2565 Cr.
1321 2528 1540 2566 Valckenar.
1564 2528 1613 2564 ad
1626 2526 1703 2563 Eu-

1042 2585 1149 2635 ripid.
1169 2584 1362 2635 Hippolyt.
1391 2584 1474 2626 462
1497 2597 1536 2634 p.
1563 2584 1661 2624 217.

1100 2661 1152 2708 ἐς
1181 2657 1377 2712 αἰσχύνην
1417 2656 1593 2713 μεγάλην
1634 2659 1704 2711 φέ-

1051 2717 1135 2770 ρει]
1173 2717 1214 2765 ἐς
1234 2718 1401 2755 meliores
1424 2718 1505 2755 libri
1535 2717 1706 2765 retinent,

1051 2774 1216 2824 quamvis
1271 2774 1327 2812 vel
1376 2774 1456 2811 sine
1505 2774 1709 2812 sententiae

1051 2832 1186 2868 damno
1219 2830 1351 2867 abesse
1377 2829 1497 2880 possit
1524 2833 1636 2880 atque
1669 2842 1710 2867 re

1051 2899 1137 2925 vera
1159 2887 1264 2924 absit.
1288 2887 1345 2924 Cf.
1372 2886 1529 2925 Wessel.
1559 2887 1608 2924 ad
1627 2886 1663 2925 h.
1681 2886 1706 2924 l.
