1759 3324
328 257 414 298 330

299 370 419 422 3μοῦ
446 382 492 410 τε
520 367 593 410 καὶ.
624 366 883 424 αὐχμώδεος.

723 256 1204 297 HERODOTI

947 371 1160 411 Γλώσσαν
1190 366 1236 412 δὲ
1266 364 1321 411 οὗ
1350 365 1429 423 τὴν
1457 363 1598 422 αὐτήν

329 441 455 490 οὗτοι
482 448 757 502 νενομίκασι,
795 445 905 492 ἀλλὰ
934 446 1126 501 τρόπους
1165 447 1366 501 τέσσερας
1396 461 1598 501 παραγω-

300 526 455 582 4γέων.
514 527 712 582 Μίλητος
749 527 828 582 μὲν
884 524 1030 570 αὐτῶν
1079 526 1230 583 πρώτη
1280 526 1420 570 κέεται
1472 524 1598 576 πόλις

328 604 440 659 πρὸς
467 607 761 663 μεσαμβρίην·
795 605 899 660 μετοέ
931 605 998 659 δὲ,
1029 605 1192 658 Μυοῦς
1224 622 1267 650 τε
1291 606 1365 650 καὶ
1397 603 1653 662 Πριήνη-90

329 678 458 728 αὗται
484 684 565 740 μὲν
602 684 650 727 ἐν
688 687 743 741 τῇ
781 685 928 741 Καρίῃ
964 683 1263 742 κατοίκηνται,
1310 684 1420 730 κατὰ
1458 681 1595 727 ταύτὰ

299 762 637 818 ὅδιαλεγόμεναί
665 774 758 819 σφι.
819 764 912 807 αἵδε
945 765 991 808 δὲ
1023 764 1070 808 ἐν
1096 768 1151 822 τῇ
1181 765 1347 821 Λυδίῃ·
1391 764 1595 820 Ἔφεσος,

272 937 426 973 formam
458 930 692 987 πιεζόμενος
716 936 928 987 praeferret.

271 992 370 1030 Nam
401 993 439 1030 in
468 1006 536 1031 usu
570 996 648 1030 erat
685 995 723 1030 et
748 990 866 1039 πιέζω
894 996 931 1029 et

270 1046 431 1098 πιεζέω;
461 1050 561 1099 quod
580 1050 700 1099 ipsmn
723 1048 779 1087 vel
799 1050 847 1087 ad
863 1047 930 1085 At-

271 1106 362 1144 ticos
394 1107 588 1157 scriptores
610 1104 762 1144 transiit.
819 1106 929 1143 Conf.

271 1174 370 1212 quae
388 1162 462 1200 dixi
479 1165 528 1201 ad
546 1161 729 1200 Plutarch.
749 1161 927 1200 Alcibiad.

270 1231 359 1271 pag.
380 1221 446 1261 82.
468 1221 522 1262 83
542 1219 623 1257 coll.
642 1221 708 1261 66.

329 1277 512 1330 γλῶσσαν
543 1272 586 1316 δὲ
619 1271 668 1315 ου’
695 1271 770 1326 τήν
803 1269 929 1326 αὐτήν

273 1326 386 1373 οὗτοι
416 1330 756 1384 νενομίκασι]
787 1331 809 1371 i.
829 1345 861 1370 e.
891 1333 929 1370 in

271 1403 342 1428 usu
357 1390 483 1428 habent
502 1403 530 1427 s.
543 1393 694 1427 utuntur
705 1418 717 1437 ‚
736 1391 794 1426 uti
807 1389 926 1426 solent.

273 1447 386 1484 Conf.
403 1446 442 1495 1,
459 1449 536 1488 131
559 1446 645 1496 ibiq.
667 1449 743 1483 not.

330 1498 428 1542 ἀλλὰ
447 1497 616 1554 τρόπους
646 1501 829 1554 τέσσερας
847 1517 927 1541 πα-

272 1557 509 1613 ραγωγέων]
543 1560 565 1597 i.
585 1573 616 1598 e.
645 1562 797 1610 quatum·
814 1558 930 1596 modos

271 1617 516 1654 deductionum
542 1616 773 1667 (usurpant)
803 1630 833 1653 s.
857 1615 928 1654 lin-

271 1673 350 1723 gud
370 1676 519 1710 utuntur
535 1676 572 1710 in
593 1676 744 1723 quatuor
762 1672 878 1710 modos
895 1676 930 1710 et

266 1731 500 1781 proprietates
529 1729 704 1778 deducta,
744 1733 783 1766 ut
811 1729 928 1768 locum

272 1787 532 1837 interpretatus
561 1791 618 1824 est
634 1787 684 1824 H.
706 1786 928 1836 Stephanus,

271 1843 454 1895 probante
466 1843 823 1892 Schweighaeusem.
838 1842 928 1891 Agi-

271 1904 330 1938 tur
349 1900 447 1937 enim
468 1900 525 1937 hic
554 1900 601 1937 de
631 1903 788 1949 quatuor
804 1899 928 1936 formis

272 1956 448 2004 diversis,
476 1956 514 1992 in
539 1969 630 2005 quas
649 1956 778 1992 Ionum
804 1955 930 2004 lingua

272 2012 422 2060 abierit,
451 2025 616 2061 quasque
650 2012 688 2048 in
715 2012 789 2048 fine
824 2011 927 2048 huius

272 2068 400 2118 capitis
420 2072 526 2105 vocat
545 2069 796 2119 χαρακτῆρας
811 2066 927 2114 (conf.

273 2124 434 2173 Gregor.
462 2124 629 2161 Corinth.
662 2136 748 2174 pag.
769 2126 794 2165 9
817 2124 927 2172 seq.)-

274 2180 437 2217 Easdem
462 2180 521 2217 hie
548 2179 710 2230 appellat
746 2194 928 2231 παραγω-

273 2232 347 2288 γοῖς
375 2236 398 2273 i.
427 2249 458 2274 e.
496 2235 723 2286 deflexiones,
760 2239 929 2274 mutatio-

272 2304 357 2330 num
383 2304 536 2341 genera,
566 2295 778 2338 varz'etates;
823 2305 930 2330 voca-

274 2348 359 2386 bulo
380 2349 537 2386 deducto
556 2362 579 2386 a
598 2350 709 2387 verbo
729 2345 928 2403 παράγειν

274 2405 474 2454 (seducere,
513 2407 552 2443 in
587 2405 760 2443 diversum
793 2407 928 2453 ducere,

267 2462 447 2514 flectere),
467 2461 515 2500 de
526 2475 599 2512 quo
610 2462 680 2500 vid.
693 2463 721 2511 1,
734 2466 800 2505 91.
825 2463 929 2501 Haec

273 2518 636 2567 Schweighaeuserus
673 2525 817 2568 monet,
861 2520 927 2556 ad-

274 2575 367 2612 dens
404 2578 596 2625 praeterea
609 2604 619 2622 ,
654 2577 783 2614 eodem
819 2590 928 2614 sensu

276 2631 405 2668 eadem
424 2631 462 2667 in
481 2644 520 2668 re
545 2644 567 2668 a
587 2632 769 2682 Gregorio
795 2634 928 2670 Corin-

277 2687 352 2723 thio
370 2691 408 2724 et
428 2688 564 2725 Ioanne
579 2688 824 2727 Grammatico
835 2690 927 2737 (vid.

277 2743 434 2793 Gregor.
455 2744 621 2781 Corinth.
648 2759 684 2796 p.
706 2746 800 2788 490.
823 2747 926 2795 491)

275 2799 347 2837 dici
376 2797 659 2852 παρατροπήν,
685 2803 784 2851 quod
815 2816 928 2852 prave

276 2855 343 2920 illic
370 2860 544 2894 mutatum
565 2859 675 2896 fuerit
695 2859 732 2895 iu
751 2874 927 2912 περιτρο-

276 2926 374 2964 πην.

1055 935 1240 987 Μίλητος
1263 933 1335 987 μὲν
1362 930 1496 975 αὐτῶν
1514 931 1652 986 πρώτη

997 1005 1033 1031 κ.
1043 1007 1076 1030 τ.
1089 990 1136 1043 L]
1168 987 1304 1031 αὐτῶν
1321 991 1378 1030 hic
1397 992 1566 1043 rescripsi
1585 1005 1654 1042 pro

999 1044 1199 1098 αὐτέων,
1228 1050 1389 1099 itemque
1415 1061 1500 1086 mox
1533 1048 1620 1088 αἳδ
1636 1063 1655 1088 ε

999 1105 1023 1146 δ
1037 1103 1054 1145 ὲ
1071 1104 1114 1146 ἐν
1134 1107 1185 1161 τῇ
1196 1106 1331 1160 Λυδίῃ
1345 1135 1357 1153 ,
1387 1105 1448 1144 ubi
1465 1104 1560 1143 male
1577 1105 1654 1143 vul-

997 1175 1048 1212 go
1074 1163 1189 1201 edunt
1216 1163 1268 1202 αἱ
1302 1164 1325 1202 ὃ
1337 1160 1366 1202 ε’.
1423 1161 1480 1199 Ita
1505 1174 1652 1212 quoque

996 1220 1205 1271 Stephanus
1215 1219 1441 1270 Byzantinus
1459 1232 1488 1256 s.
1499 1216 1614 1268 v.’'Eq>
1620 1232 1652 1257 ε-

998 1288 1078 1323 σος.
1126 1276 1243 1314 Mileti
1263 1281 1384 1314 autem
1403 1275 1565 1325 Neleus,
1593 1275 1654 1313 Io—

996 1346 1084 1371 num
1106 1347 1135 1371 s.
1154 1333 1433 1372 Atheniensium
1465 1332 1538 1369 dux
1564 1345 1653 1370 con-

996 1391 1135 1429 sedisse
1154 1391 1289 1439 fertur,
1315 1389 1474 1441 expulsis
1493 1388 1536 1426 iis
1557 1401 1652 1438 gen-

995 1447 1090 1485 tibus
1112 1447 1296 1496 barbaris,
1326 1459 1422 1496 quae
1442 1445 1526 1483 olim
1557 1445 1651 1483 hanc

995 1504 1183 1553 regionem
1195 1507 1390 1542 tenuerant
1409 1503 1473 1551 (cf.
1489 1502 1519 1550 I,
1537 1501 1649 1551 149).

999 1561 1075 1604 Qui
1094 1559 1230 1598 Neleus
1253 1573 1332 1598 cum
1349 1564 1422 1598 tres
1436 1559 1546 1597 urbes
1564 1572 1652 1596 con-

998 1617 1136 1655 didisse
1189 1617 1422 1668 perhibeatur
1438 1643 1451 1663 ,
1506 1619 1653 1666 praeter
1674 1639 1676 1641 >

997 1673 1182 1720 Miletum,
1211 1674 1269 1710 vix
1296 1673 1444 1711 dubium
1465 1676 1543 1720 est,
1572 1671 1652 1709 illas

996 1731 1109 1768 fuisse
1127 1728 1177 1767 Μ
1174 1733 1316 1781 yuntem
1335 1734 1372 1768 et
1391 1728 1551 1766 Prienen.
1569 1728 1653 1766 Un-

997 1788 1044 1825 de
1065 1787 1172 1826 etiam
1199 1787 1267 1824 illis
1295 1787 1408 1825 tribus
1428 1798 1652 1824 communem

995 1843 1158 1893 linguam
1187 1845 1299 1881 fuisse
1326 1855 1434 1880 nemo
1454 1842 1652 1879 mirabitur.

995 1899 1078 1938 Nec
1097 1913 1208 1950 porro
1228 1901 1357 1936 mirum
1367 1898 1530 1947 Myuntis
1552 1898 1653 1935 inco-

997 1956 1051 1993 las
1064 1985 1075 2004 ‚
1111 1969 1191 1993 cum
1222 1955 1458 1993 inundatione
1492 1954 1652 2004 quadam

996 2013 1080 2050 urbs
1101 2015 1197 2049 esset
1222 2016 1384 2059 vastata,
1412 2010 1579 2048 Miletum
1610 2023 1652 2048 se

997 2069 1178 2119 recepisse
1198 2073 1235 2106 et
1253 2069 1289 2106 in
1300 2081 1409 2105 unam
1422 2068 1651 2116 eandemque

997 2125 1178 2163 civitatem
1197 2139 1277 2162 cum
1299 2124 1450 2162 Milesiis
1465 2123 1650 2163 coaluisse.

997 2181 1163 2219 Pluribus
1205 2182 1375 2233 probavit
1421 2179 1652 2219 Raoul-Ro-

999 2238 1118 2276 chette
1139 2239 1162 2276 l.
1182 2237 1205 2277 l.
1226 2238 1276 2275 ΠΙ
1306 2253 1343 2290 p.
1365 2239 1418 2281 85
1441 2252 1518 2289 seq.
1548 2236 1652 2276 Prie-

998 2308 1069 2332 nen
1089 2298 1175 2346 post
1192 2295 1291 2333 venit
1310 2295 1572 2334 Thebanorum
1590 2308 1652 2333 co-

995 2351 1114 2399 lonia,
1147 2352 1238 2390 duce
1266 2352 1420 2390 Philota.

1055 2409 1141 2448 αἵδε
1163 2407 1206 2448 δὲ
1225 2407 1267 2448 ἐν
1287 2411 1337 2463 τῇ
1350 2408 1484 2462 Λυδίῃ
1500 2420 1508 2428 ·
1529 2405 1651 2456 ’Ἐφε-

997 2475 1089 2514 σος,
1121 2462 1323 2515 Κολοφών
1341 2480 1377 2504 κ.
1395 2480 1427 2503 τ.
1446 2463 1495 2515 λ.]
1524 2464 1650 2516 Ephe-

996 2535 1076 2570 sus,
1108 2535 1203 2572 quae
1219 2521 1337 2573 primo
1353 2521 1433 2559 loco
1457 2521 1515 2558 hic
1533 2521 1650 2559 nomi—

996 2583 1104 2616 natur
1123 2582 1160 2617 et
1178 2591 1274 2628 quae
1287 2590 1418 2628 reapse
1426 2577 1575 2627 longum
1584 2591 1650 2629 per

995 2640 1138 2686 tempus
1159 2635 1317 2672 omnium
1340 2635 1563 2672 Graecarum
1584 2645 1651 2686 per

996 2691 1120 2729 Asiam
1139 2692 1278 2728 urbium
1310 2691 1377 2727 suit
1400 2691 1650 2737 illustrissima,

996 2748 1148 2786 multum
1172 2751 1258 2785 ante
1292 2747 1420 2784 Ionum
1453 2748 1652 2785 adventum

996 2804 1067 2842 iam
1093 2803 1273 2842 exstitisse
1299 2805 1432 2848 ferturg
1469 2817 1578 2852 quam
1613 2804 1650 2840 in

997 2874 1072 2898 rem
1092 2860 1205 2897 multa
1235 2861 1397 2910 disputat
1417 2860 1560 2896 Raoul-
1574 2860 1650 2895 Ro-

997 2917 1115 2955 chette
1134 2917 1155 2954 l.
1175 2917 1198 2954 l.
1222 2916 1273 2953 lll
1291 2930 1327 2967 p.
1351 2918 1404 2957 87
1420 2929 1523 2966 seqq.
1544 2916 1650 2960 Quae
