1759 3324
317 215 400 254 840

716 212 1184 251 HERODOT1

317 325 460 377 Κᾶρες
505 324 689 374 τούτους
728 322 830 373 τούς
879 321 1048 378 χώρους
1093 321 1276 376 οἴκησαν
1314 320 1475 376 χρόνον
1512 319 1637 364 ἐπὶ55

319 399 502 445 πολλόν·

564 402 645 445 εἰσὶ
686 401 731 445 δὲ
771 395 897 444 οὗτοι
938 402 982 444 οἱ
1020 404 1155 456 χῶροι
1194 397 1302 454 πρὸς
1341 399 1580 456 θαλάσσης,

319 479 468 536 ὀλίγον
508 481 658 533 ἔνερθε
699 479 971 535 Βουβάστιος
998 478 1173 530 πόλιος,
1220 478 1286 521 ἐπὶ
1315 482 1375 536 τῷ
1407 482 1582 534 Πηλου-

289 560 400 611 5σίῳ
431 559 678 614 καλευμένῳ
718 557 897 613 στόματι
936 561 1017 600 τοῦ
1053 559 1229 600 Νείλου.
1287 555 1474 608 τούτους
1503 557 1581 614 μὲν

319 638 372 691 δὴ
410 637 554 693 χρόνῳ
592 636 776 690 ὕστερον
817 635 1018 692 βασιλεὺς
1056 634 1238 689 ’Ἄμασις
1280 635 1579 692 ἐξαναστήσας,

320 716 524 758 ἐνθεῦτεν
572 716 789 758 κατοίκισε
829 715 871 765 ἐς
912 715 1120 768 Μέμφιν,
1171 713 1374 768 φυλακήν
1415 714 1584 757 ἑωυτοῦ

292 803 312 835 6
322 793 578 848 ποιεύμενος
608 792 717 846 πρὸς
746 794 1009 847 Αἰγυπτίων.

1074 789 1257 833 Τούτων
1287 792 1332 834 δὲ
1363 792 1579 836 οἰκισθέν-
1595 801 1640 834 60

321 888 409 914 των
445 871 493 914 ἐν
520 870 746 926 Αἰγύπτῳ,
795 872 837 913 οἱ
861 870 1066 925 ’Έλληνες
1102 868 1218 913 οὕτω
1259 869 1584 926 ἐπιμισγόμενοι

321 950 516 993 τούτοισι
545 949 596 992 τά
626 949 724 1003 περὶ
755 951 980 1004 Αἴγυπτον
1009 947 1217 1004 γινόμενα
1248 947 1332 994 άπὸ
1369 951 1585 1005 Ψαμμιτί-

321 1046 402 1084 χου
432 1029 631 1085 βασιλέος
663 1026 896 1084 ἀρξάμενοι
926 1026 1068 1070 πάντα
1096 1027 1170 1070 καὶ
1199 1025 1250 1070 τοὶ
1281 1027 1462 1081 ὕστερον
1492 1026 1585 1070 ἐπι-

295 1115 315 1148 7
327 1107 520 1162 στάμεθα
550 1106 773 1163 ἀτρεκέως.

325 1334 472 1389 χρόνον
499 1337 565 1378 ἐπὶ
591 1335 765 1389 πολλόν]
815 1339 922 1376 Conf.

270 1395 325 1442 ΙΙ,
348 1398 437 1436 119.
465 1397 553 1451 131}

328 1451 403 1490 εἰσὶ
425 1449 467 1490 ὁὲ
493 1453 603 1491 οὑτοι
624 1450 666 1491 οἵ
683 1453 804 1502 χῶροι
823 1447 923 1501 πρὸς

271 1503 480 1558 θαλάσσης
508 1523 543 1547 κ.
575 1523 606 1546 τ.
633 1506 681 1558 λ.]
716 1504 819 1560 πρός
846 1510 921 1545 θα-

272 1561 421 1614 λάσσης
442 1568 496 1601 est
526 1577 619 1601 mare
639 1577 781 1611 versus,
811 1568 851 1600 ut
876 1563 923 1609 ΙΙ,

276 1621 375 1668 148,
405 1620 501 1657 alibi.
565 1621 624 1658 De
663 1620 820 1657 Bubastz·
851 1620 925 1658 vid.

272 1681 348 1714 not.
371 1677 418 1713 ad
438 1677 493 1724 ΙΙ,
511 1676 564 1718 59
594 1681 630 1714 et
654 1677 701 1714 de
726 1676 803 1714 Nili
832 1676 924 1713 ostio

275 1733 461 1770 Pelusiaco
492 1746 683 1770 excursum
707 1733 755 1769 ad
782 1732 838 1779 II,
861 1735 925 1772 17.

275 1790 408 1827 Scribit
439 1794 560 1827 autem
589 1789 776 1826 Diodorus
806 1789 925 1825 minus

274 1850 438 1884 accurate
452 1875 462 1893 ,
485 1858 594 1894 agros
612 1845 754 1896 amplos
779 1846 926 1881 sortitos

275 1916 355 1940 esse
392 1902 479 1939 istos
509 1898 650 1953 μικρὸν
683 1896 818 1940 ἐπάνω
856 1902 929 1940 τοῦ

278 1960 566 2009 Πηλουσιακοῦ
583 1953 786 2008 στόματος.

342 2014 588 2054 κατοίκισε
640 2013 679 2061 ἐς
727 2012 925 2064 Μέμφιν]

277 2070 375 2108 Male
397 2070 480 2107 olim
496 2086 567 2109 κατ
581 2070 659 2110 οἰκ
673 2085 697 2120 η
713 2082 735 2109 σ
748 2085 809 2115 εν,
827 2070 928 2119 quod

278 2127 425 2164 minime
440 2127 510 2164 huc
531 2127 698 2175 quadrat.
759 2126 930 2175 Requiri-

279 2187 336 2219 tur
364 2182 459 2219 enim
504 2184 652 2220 verbum
680 2183 927 2229 κατοικίζειν,

280 2239 381 2286 quod
401 2238 448 2274 de
464 2237 507 2274 iis
541 2239 689 2284 dicitur,
720 2239 780 2287 qui
800 2238 870 2275 alio
891 2239 930 2274 in

280 2295 358 2331 loco
378 2294 484 2330 sedes
501 2293 703 2330 habitatum
723 2295 777 2330 cui
798 2306 931 2330 conce-

281 2351 385 2387 dunt.
441 2350 558 2387 Recte
588 2348 770 2386 Diodorus
798 2349 836 2396 Ι,
855 2351 931 2389 67:

284 2402 355 2452 οὺς
376 2404 564 2444 ἐντεῦθεν
582 2401 752 2455 ’Ἄμασις
771 2425 825 2431 —-
844 2400 932 2442 α’νέ-

285 2473 425 2510 στησεν
456 2460 523 2500 καὶ
555 2475 626 2498 κατ
640 2456 702 2499 ώκ
715 2476 727 2498 ι
741 2472 762 2499 σ
774 2474 789 2498 ε
802 2475 847 2499 ιν
879 2459 934 2506 εἰς

287 2516 470 2566 Μέμφιν.
518 2517 614 2554 Hinc
632 2502 835 2565 Polyaenus
852 2516 934 2562 Vll,

286 2576 311 2616 3
333 2578 370 2611 et
396 2573 573 2624 Stephan.
593 2573 681 2622 Byz.
712 2586 740 2609 s.
760 2585 792 2608 v.
817 2574 937 2622 Καρι-

287 2625 362 2669 κόν
401 2630 550 2666 tradunt
571 2656 581 2674 ,
639 2630 753 2666 Cares
799 2633 938 2678 partem

289 2686 472 2734 quandam
503 2685 682 2735 Memphis
717 2684 813 2721 urbis
841 2685 941 2721 inco-

289 2742 397 2779 luisse
435 2741 594 2790 indeque
632 2740 943 2791 Καρομεμφίτας

291 2796 493 2847 appellatos
513 2809 603 2834 esse.
646 2797 858 2846 Suspicatur
880 2810 944 2833 au-

291 2859 365 2891 tem
382 2853 652 2890 Schliehthorst.
674 2853 697 2890 1.
718 2852 741 2888 l.
773 2865 856 2904 pag.
878 2855 944 2901 93,

832 1112 1000 1164 πρῶτοι
1023 1106 1108 1164 γὰρ
1142 1101 1265 1151 οὗτοι
1305 1106 1350 1150 ἐν
1379 1105 1585 1164 Αἰγύπτῳ

991 1350 1205 1389 comparans
1245 1337 1425 1375 Herodot.
1454 1337 1517 1384 II,
1550 1339 1643 1384 112,

989 1395 1191 1432 Phoenices
1225 1393 1410 1442 Tyriosve
1431 1422 1442 1440 ‚
1491 1407 1645 1442 quorum

990 1452 1025 1489 h.
1044 1451 1066 1488 l.
1085 1451 1221 1489 mentio
1242 1450 1328 1496 fiat,
1344 1451 1645 1487 mercenariorum

991 1509 1037 1546 ab
1053 1506 1178 1545 Amasi
1197 1506 1387 1557 Memphin
1404 1507 1646 1556 transposito-

990 1578 1070 1602 rum
1089 1577 1156 1614 pro
1178 1564 1333 1613 posteris
1353 1576 1432 1600 esse
1443 1563 1645 1600 habendos.

991 1621 1068 1658 Sed
1113 1619 1231 1657 nullos
1284 1619 1423 1657 Noster
1471 1622 1648 1656 memorat

991 1677 1192 1714 Phoenices
1234 1675 1417 1724 Tyriosve
1463 1688 1648 1713 mercena-

993 1734 1065 1770 rios
1086 1762 1097 1780 ,
1143 1732 1205 1781 qui
1236 1731 1343 1770 Iones
1382 1736 1494 1780 atque
1532 1732 1647 1769 Cares

993 1793 1133 1827 tantum
1154 1788 1276 1835 novit,
1307 1801 1461 1837 quorum
1484 1789 1590 1825 sedes
1611 1788 1649 1824 in

995 1846 1084 1883 urbe
1105 1843 1271 1895 Memphi
1291 1845 1349 1881 vix
1372 1843 1559 1895 Tyriorum
1580 1843 1650 1881 Ca-

996 1906 1072 1939 stra
1091 1900 1267 1951 appellari
1286 1902 1481 1951 potuerint.

1054 1955 1240 2007 φυλακην
1268 1979 1324 1984 —
1343 1954 1438 2007 πρὸς
1463 1956 1652 2009 Αἰγυπτί-

999 2015 1069 2064 ων]
1101 2010 1202 2065 πρός
1219 2013 1450 2064 Αἰγυπτίων
1470 2014 1651 2051 reddunt:

997 2074 1119 2108 contra
1137 2069 1354 2120 Aegyptioe5
1390 2071 1464 2107 vid.
1489 2069 1652 2107 Fischer.

997 2128 1046 2165 ad
1071 2125 1217 2164 Weller.
1237 2126 1301 2174 ΙΙΙ,
1315 2127 1337 2163 b
1360 2139 1396 2176 p.
1415 2126 1508 2168 253.
1538 2126 1653 2174 Equi-

997 2184 1081 2220 dem
1108 2182 1252 2219 malim:
1281 2196 1304 2219 α
1330 2187 1432 2231 parte
1459 2184 1653 2232 Aegyptio-

996 2250 1095 2285 rum,
1125 2241 1166 2274 ut
1188 2238 1259 2275 scil.
1290 2242 1388 2275 tutus
1414 2243 1499 2274 esset
1519 2238 1564 2274 ab
1582 2239 1652 2276 Ae-

996 2295 1133 2344 gyptiis
1154 2322 1165 2340 ‚
1211 2307 1278 2331 nec
1304 2294 1393 2343 quid
1421 2294 1505 2330 mali
1535 2295 1581 2331 ab
1609 2294 1653 2331 iis

999 2350 1190 2399 acciperet.
1248 2350 1354 2386 Conf.
1386 2349 1563 2388 Matthiae
1587 2351 1653 2388 Gr.

1002 2406 1067 2442 Gr.
1089 2418 1123 2455 p.
1147 2407 1266 2445 1179.

1059 2455 1357 2512 ἐπιμισγόμενοι
1377 2457 1566 2512 τούτοισι]
1596 2461 1655 2500 De

1003 2516 1283 2568 ἐπιμίσγεσθαι
1303 2519 1396 2555 conf.
1418 2518 1473 2566 ΙΙ,
1493 2521 1583 2560 151.
1614 2517 1658 2555 In

1005 2586 1108 2622 seqq.
1130 2573 1375 2622 iungendum:
1417 2570 1657 2624 οἵ““Ἐλληνες

1007 2629 1109 2677 (nos,
1148 2631 1305 2679 Graeci)
1327 2653 1382 2658 —
1402 2627 1656 2681 ἐπιστάμεθα.

1008 2681 1182 2724 τούτοισι
1209 2688 1257 2724 ad
1292 2687 1553 2734 mercenarios,
1595 2687 1658 2735 qui

1009 2741 1174 2792 Memphi
1194 2746 1318 2790 erant,
1346 2743 1585 2780 referendum.
1603 2765 1657 2770 —

1011 2797 1192 2849 βασιλέος
1217 2812 1296 2837 cum
1328 2798 1444 2836 Gaisf.
1476 2798 1562 2836 dedi
1592 2812 1659 2850 pro

1013 2854 1156 2906 βασιλῆ
1159 2869 1214 2901 ος.
