1759 3324
521 265 946 305 EUTERPE.
995 266 1041 304 ΙΙ.

1320 268 1405 308 747

139 378 290 421 παιδία
328 375 502 432 ἀνδρῶν
542 375 782 431 ἐπιχωρίων
804 407 817 430 ,
865 374 1026 431 ἔντομά
1067 386 1180 431 σφεα
1218 374 1460 432 ἐποίησε.90

111 456 248 512 3μετιὶ
278 457 346 509 δὲ,
377 455 436 506 (ὃς
464 452 664 506 ἐπάϊστος
693 453 859 511 ἐγένετο
876 458 1008 498 τοῦτο
1025 453 1311 511 ἐργασμένος,
1334 472 1407 510 μι-

140 537 290 592 σηθείς
337 551 380 579 τε
417 535 491 579 καὶ
532 532 828 590 διωκόμενος,
888 535 1029 590 οἴχετο
1085 534 1263 590 φεύγων
1306 538 1406 590 τῇσι

109 614 272 669 4νηυσὶ
301 614 369 658 ἐπὶ
393 612 571 670 Λιβύης.
630 612 679 656 τὸ
717 613 924 657 ἐνθεῦτεν
955 615 1001 658 δὲ
1039 613 1150 658 ὅκου
1180 611 1402 669 ἐτράπετο,

137 691 281 736 οὐκέτι
319 691 436 749 εἶχον
474 695 609 737 εἰπεῖν
637 692 889 749 Αἰγύπτιοι·

947 692 1119 737 τούτων
1159 693 1204 737 δὲ
1243 693 1295 737 τὰ
1325 694 1402 750 μὲν

135 773 351 830 ἱστορίῃσι
380 773 552 828 ἔφασαν
584 773 868 825 ἐπίστασθαι,
898 773 950 816 τὰ
972 773 1039 826 δὲ,
1071 771 1172 828 παρ’
1203 772 1459 817 ἑωυτοῖσι95

13 853 112 899 120
133 850 365 908 γενόμενα,
397 851 608 907 ἀτρεκέως
636 852 910 908 ἐπιστάμενοι
937 852 1088 908 λέγειν.

133 933 386 988 Αἰγυπτίων
416 935 458 976 οἰ
487 931 595 989 ἱρέες
624 933 794 989 ε’·λεγον
825 932 908 989 ἐγώ
939 933 985 976 δὲ
1007 937 1067 991 τῷ
1086 932 1199 988 λόγῳ
1218 936 1279 990 τῷ
1300 933 1398 988 περὶ
1456 967 1515 986 nou
1533 932 1577 985 'fai
1549 932 1608 985 ω’,ξ
1612 966 1638 985 e

136 1116 281 1170 ἔντομά
313 1131 416 1168 σφεα
446 1117 633 1170 ἐποίησε]
675 1117 733 1158 ἕν-

77 1191 178 1227 τομα
199 1190 248 1214 sc.
273 1173 424 1227 σφάγια
441 1177 588 1227 proprie
607 1177 733 1213 dicun-

76 1238 137 1270 tur
153 1233 320 1271 victimae
337 1233 507 1270 Manibus
523 1237 634 1282 atque
651 1232 730 1271 Diis

76 1290 199 1327 inferis
249 1294 456 1336 mactatae,
513 1290 732 1327 observante

76 1346 187 1383 schol.
205 1347 252 1383 ad
274 1345 442 1396 Apollon.
462 1345 583 1382 Rhod.
603 1345 632 1393 Ι,
649 1345 730 1386 587

76 1406 187 1451 atque
229 1402 422 1440 Eustathio
448 1403 496 1439 ad
528 1403 664 1451 Odyss.
701 1397 732 1440 λ’

75 1473 111 1510 p.
126 1458 207 1500 416
231 1459 317 1496 Bas.
340 1473 376 1510 p.
391 1461 497 1500 1671
518 1459 626 1495 Rom.
649 1458 732 1495 Hoc

74 1529 162 1553 vero
207 1515 286 1552 loco
320 1520 356 1553 et
383 1516 478 1552 infra
517 1516 610 1562 VII,
650 1517 726 1556 191

75 1576 159 1609 sunt
191 1574 356 1609 victimae
392 1572 580 1622 placandis
618 1574 731 1608 ventis

75 1642 218 1672 caesae‚·
248 1629 326 1666 coll.
354 1628 495 1665 Arrian.
520 1629 632 1666 Indic.
663 1632 729 1670 20.

75 1685 156 1723 Nec
175 1686 281 1723 aliter
310 1686 408 1736 apud
429 1685 555 1735 virgil.
576 1685 668 1722 Aen.
683 1685 730 1733 II,

134 1799 320 1847 Sanguine
338 1798 506 1848 placastis
536 1802 665 1835 ventos
690 1802 728 1836 et

294 1858 431 1904 virgine
453 1854 558 1892 caesct

130 1911 319 1962 Sanguine
374 1912 575 1962 quaerendi
633 1912 730 1950 redi-

294 1972 365 2005 tus.
395 1989 452 1996 —-

74 2021 225 2060 Addunt
245 2025 404 2074 denique
430 2020 486 2062 his
508 2024 728 2075 interpretes

73 2079 256 2117 Plutarchi
281 2081 422 2128 locum,
461 2080 522 2128 qui
550 2081 620 2118 huc
643 2095 730 2131 spe-

73 2140 167 2185 ctat,
198 2137 245 2175 de
264 2138 409 2186 malign.
427 2137 567 2175 Herod.
584 2151 620 2188 p.
634 2138 728 2185 857,

72 2192 116 2230 B.
177 2193 292 2237 Quod
310 2195 358 2231 ad
377 2195 534 2231 humana
554 2195 728 2231 sacrificia

73 2249 222 2298 attinet,
261 2251 436 2289 nonnulla
465 2251 727 2301 disputavimus

75 2306 123 2342 ad
147 2305 201 2354 ll,
224 2306 290 2348 45.

123 2359 176 2408 ὥς
205 2360 390 2411 ἔπάϊστος
427 2361 602 2416 ἐγένετο]
641 2364 664 2400 i.
692 2376 724 2402 e.

75 2417 137 2455 ubi
154 2425 355 2469 compertum
376 2424 448 2469 est,
473 2434 555 2459 eum
576 2419 727 2468 (Mene-

76 2474 190 2524 laum)
208 2476 275 2514 hoc
294 2482 538 2528 perpetrasse.
555 2477 615 2515 De
631 2481 726 2514 stru-

77 2533 178 2567 ctura
211 2535 302 2570 conf.
340 2533 521 2572 Matthiae
559 2534 626 2571 Gr.
661 2534 727 2571 Gr.

76 2599 112 2636 p-
132 2586 234 2634 5943
263 2590 310 2627 de
329 2590 409 2640 ipsa
432 2603 521 2629 voce
542 2586 729 2636 ἒπάϊστος

76 2641 249 2681 Nostrum
273 2647 367 2684 conf.
396 2647 463 2694 ΙΙΙ,
482 2649 544 2689 15
575 2647 640 2694 VI,
660 2646 727 2688 74·

77 2698 731 2750 V11,146.V111‚128.G10ssa

77 2754 289 2795 Herodotea
314 2759 361 2796 ad
386 2759 456 2807 111,
491 2759 542 2801 15
574 2760 730 2810 explicat

79 2809 316 2864 φανερός.
376 2815 438 2853 Tu
464 2816 536 2853 vid.
569 2817 729 2865 Gregor.

80 2866 244 2906 Corinth.
275 2871 324 2909 de
356 2872 499 2911 dialect.
532 2885 619 2923 pag.
646 2873 728 2915 530

79 2935 157 2972 seq.

1152 856 1300 896 Ταῦτα
1321 853 1400 908 μὲν
1456 854 1528 924 ξῗὶξῐῑ
1532 855 1637 916 ῗΗῦῡὲ

1455 924 1541 950 neem

859 1115 924 1157 ἐπὶ
955 1113 1140 1169 Λιβύης]
1181 1119 1204 1155 i.
1232 1131 1264 1156 e.
1301 1117 1458 1168 Libyam

800 1187 943 1221 versus,
973 1188 1041 1211 usu
1065 1175 1150 1211 satis
1175 1179 1284 1222 noto,
1315 1175 1361 1213 de
1384 1188 1456 1223 quo

800 1232 872 1269 iam
890 1231 1078 1268 monitum.
1126 1231 1177 1269 Et
1198 1232 1343 1268 firmant
1364 1231 1458 1268 hanc

800 1288 993 1326 lectionem
1010 1287 1090 1324 libri
1112 1301 1254 1335 omnes,
1272 1289 1340 1325 nisi
1356 1288 1457 1336 quod

801 1345 899 1395 apud
916 1344 1097 1381 Plutarch.
1115 1344 1137 1381 l.
1163 1344 1184 1381 l.
1213 1348 1332 1382 exstat
1364 1341 1454 1382 lov*

800 1400 882 1440 ἐπὶ
909 1396 1090 1451 Λιβύης,
1133 1402 1230 1438 unde
1251 1401 1457 1438 Valckena-

800 1459 874 1494 rius
904 1457 940 1493 in
958 1457 1153 1494 Herodoto
1180 1454 1273 1497 lav*
1291 1453 1457 1508 Λιβύης

798 1514 996 1563 legendum
1017 1515 1168 1552 censuit.
1222 1515 1328 1558 Quae
1348 1514 1453 1551 lectio

800 1572 877 1609 sine
928 1570 1000 1607 ulla
1039 1584 1149 1608 cansa
1186 1583 1208 1608 a
1248 1571 1377 1608 Reizio
1416 1574 1453 1607 et

798 1628 995 1665 Seliaefero
1033 1631 1181 1677 recepta
1217 1632 1283 1665 est.
1327 1649 1372 1654 —
1408 1627 1451 1664 In

798 1686 872 1721 fine
901 1684 1029 1733 capitis
1060 1685 1108 1721 ad
1141 1683 1335 1740 ἵστορίῃσι
1355 1685 1450 1721 conf.

797 1741 855 1789 II,
881 1742 961 1782 118
990 1740 1075 1790 ibiq.
1096 1744 1173 1777 not.

996 1825 1104 1875 Cap.
1136 1822 1255 1862 CXX.

854 1906 928 1962 ἐγώ
959 1906 1001 1949 δὲ
1030 1911 1087 1963 τῷ
1123 1904 1228 1962 λόγῳ
1268 1910 1326 1962 τῷ
1359 1907 1453 1960 περὶ

795 1964 955 2016 Ἑλένης
975 1963 1154 2017 λεχθέντι
1171 1982 1206 2004 κ.
1223 1980 1253 2004 τ.
1263 1968 1311 2012 λ.]
1344 1967 1451 2003 Conf.

797 2036 908 2074 supra
930 2023 968 2070 I,
988 2025 1027 2064 3.
1084 2022 1153 2059 Est
1172 2035 1257 2060 vero
1282 2023 1453 2071 gravissi-

797 2094 894 2117 mum
917 2080 1023 2117 huius
1050 2080 1176 2129 capitis
1198 2084 1454 2128 argumentum

797 2138 891 2174 binis
914 2137 961 2174 de
992 2137 1129 2174 causis:
1159 2140 1236 2173 tum
1268 2137 1367 2185 quod
1399 2137 1456 2172 in-

798 2195 902 2242 signe
934 2192 1118 2231 Herodoti
1149 2193 1306 2229 studium
1333 2192 1454 2242 aperit

796 2251 871 2288 veri
891 2250 1111 2300 reperiundi,
1131 2254 1205 2286 tum
1219 2249 1330 2298 quod,
1343 2262 1454 2297 quam

796 2309 877 2358 ipse
899 2306 1070 2344 historiae
1089 2310 1197 2357 pater
1218 2306 1382 2344 Homero
1413 2310 1452 2343 et

795 2364 934 2414 cyclicis
967 2363 1085 2414 poetis
1125 2363 1235 2400 fidem
1274 2362 1453 2409 tribuerit,

795 2421 944 2470 egregie
975 2420 1161 2458 declarare
1183 2419 1338 2456 videtur.
1396 2419 1451 2456 Ut

795 2477 891 2515 enim
917 2489 1151 2526 nequaquam
1179 2489 1246 2526 pro
1268 2475 1362 2513 veris
1386 2475 1454 2511 ha-

794 2534 904 2580 buit,
952 2546 1191 2584 quaecunque
1227 2531 1277 2569 illi
1318 2534 1453 2582 poetae

798 2590 1027 2638 cecinerant,
1057 2591 1109 2627 ita
1125 2602 1193 2627 nec
1222 2601 1367 2626 omnem
1397 2588 1453 2625 hi-

798 2647 932 2684 storiae
954 2648 1066 2685 fidem
1097 2647 1141 2684 iis
1176 2646 1361 2694 denegare
1385 2658 1452 2682 vo·-

796 2703 871 2741 luit.
942 2704 1052 2748 Quod
1079 2716 1166 2741 vero
1193 2701 1451 2740 Dahlmannus

797 2761 964 2808 (Herod.
1000 2774 1037 2811 p.
1064 2760 1172 2808 101)
1219 2758 1451 2796 Herodotum

795 2818 1009 2868 pronuntiat
1046 2817 1093 2855 de
1132 2816 1240 2854 rebus
1279 2814 1452 2852 Troianis

795 2874 846 2911 nil
882 2876 959 2912 fere
984 2877 1129 2924 praeter
1157 2873 1276 2923 ipsam
1313 2870 1451 2908 Troiae

797 2933 1104 2982 expugnationem
1143 2927 1341 2968 credidisse
1384 2939 1450 2964 ve-

1627 889 1664 916 d(

1621 923 1683 950 'lro

1675 856 1724 914 ‘Hi

1665 894 1716 950 liu(
