1759 3324
389 262 475 303 382
787 264 1255 306 HERODOTI

362 370 472 417 eo'md
508 375 597 417 ταῖν
632 372 846 430 πατέρων.
903 375 1132 431 εἰρομένου
1170 376 1216 420 δὲ
1256 376 1406 432 ἑτέρου
1440 376 1518 422 τόν
1553 382 1654 436 πλη-

391 455 513 505 σίον,
540 454 605 505 τίς
635 456 718 510 εἴη,
751 453 971 506 καταλέξει
1004 454 1172 498 ἑωυτόν
1200 455 1444 513 μητρόθεν,
1475 458 1549 500 καὶ
1577 461 1655 514 τῆς

361 532 552 589 7μητρός
585 531 863 587 ἀνανεμέεται
891 532 967 584 τοὶς
996 535 1190 590 μητέρας.
1221 536 1296 579 καὶ
1324 535 1378 592 ἢν
1407 536 1485 592 μέν
1506 553 1554 592 γε
1577 554 1652 592 γυ-

390 613 446 669 νὴ
478 610 585 668 ἀστὴ
616 611 761 668 δούλῳ
793 611 1058 669 συνοικήσῃ,
1085 619 1265 669 γενναῖα
1294 615 1347 659 τὰ
1375 616 1502 659 τέκνα
1531 614 1651 659 νενό-

389 703 557 748 μισται·
616 689 672 745 ἢν
697 690 743 734 δὲ
779 689 890 747 ἀνὴρ
931 690 1084 745 ἀστός,
1131 693 1205 737 καὶ
1235 693 1259 738 ὁ
1289 699 1459 750 πρῶτος
1490 693 1649 743 αὐτῶν,
1663 702 1708 736 65

387 773 576 827 γυναῖκα
614 769 758 824 ξείνην
793 767 823 825 ἢ
857 771 1081 827 παλλακὴν
1119 771 1214 829 ἔχῃ,
1261 771 1393 830 ἄτιμα
1431 774 1484 818 τοὶ
1521 773 1652 818 τέκνα

387 850 562 905 γίνεται.

227 920 327 965 174

57 984 148 1012 Cuia
191 984 333 1011 subacta:

54 1018 334 1080 ξπὲιὲῑωῖἰὲιῑίξέἓ-
391 1006 639 1063 δεξάμενοι,
671 1005 985 1063 ἐδουλώθησαν
1013 1006 1101 1051 ὑπὸ
1125 1006 1368 1065 Ἁρπάγου·
1401 1008 1503 1055 οὔτε
1524 1011 1652 1056 αὐτοὶ

56 1088 95 1114 mi
117 1085 318 1123 perfodiendi.

499 928 552 971 Οἱ
582 925 662 982 μέν
689 942 776 970 νυν
808 929 949 982 Κᾶρες
977 926 1108 972 οὐδὲν
1144 930 1344 985 λαμπρὸν
1373 931 1504 988 ἔργον
1543 931 1650 978 ἄπο-

391 1088 436 1132 οἷ
461 1089 605 1142 Κᾶρες
636 1084 951 1142 ἀποδεξάμενοι
979 1085 1134 1142 οὐδὲν,
1183 1087 1283 1132 οὔτε
1312 1088 1411 1133 ὅσοι
1433 1089 1652 1147 Ἑλλήνων

357 1166 553 1224 ἓταύτην
581 1165 661 1223 την
689 1165 836 1224 χώρην
865 1167 1072 1212 οἰκέουσι.
1110 1168 1304 1213 οἰκέουσι
1333 1170 1379 1213 δὲ
1407 1170 1483 1213 καὶ
1512 1169 1650 1223 ἄλλοι,
1661 1178 1707 1212 70

384 1246 460 1291 καὶ
488 1247 848 1303 Λακεδαιμονίων
877 1245 1055 1291 ἄποικοι
1084 1248 1280 1302 Κνίδιοι,
1310 1253 1386 1305 τῆς
1413 1248 1556 1306 χώρης
1573 1253 1650 1307 τῆς

388 1325 596 1383 σφετέρης
634 1325 923 1382 τετραμμένης
962 1326 1006 1378 ἐς
1033 1327 1222 1381 πόντον,
1269 1326 1319 1372 τὸ
1348 1328 1402 1385 δή
1436 1327 1650 1383 Τριόπιον

358 1405 598 1450 3καλέεται.
647 1405 864 1464 ἀργμένης
893 1405 940 1450 δὲ
966 1404 1014 1450 ἐκ
1051 1409 1126 1464 τῆς
1163 1406 1431 1465 χερσονήσου
1460 1412 1536 1466 τῆς
1565 1411 1649 1453 Βυ-

329 1623 376 1660 tis
402 1622 568 1660 nationes
595 1620 692 1658 hunc
713 1632 852 1658 morem
877 1633 982 1657 secu-

328 1685 385 1717 tas
404 1692 506 1727 esse,
533 1678 621 1715 mihi
638 1690 712 1714 non
737 1677 862 1726 liquet.
902 1676 980 1714 Ad-

329 1736 436 1774 vertit
455 1739 597 1782 tamen,
627 1734 728 1783 quod
753 1734 797 1770 C.
817 1734 863 1771 O.
884 1733 981 1769 Mill-

327 1792 391 1831 ler.
423 1791 605 1841 (Etrusco.
629 1791 646 1827 I
673 1803 759 1840 pag.
776 1790 859 1831 403
881 1788 979 1839 seq.)

328 1848 447 1887 attulit
475 1862 496 1887 e
525 1846 782 1898 sepulcralibus
809 1847 983 1884 Etrusco-

328 1919 409 1943 rum
442 1904 756 1956 inscriptionibus,
784 1904 822 1940 in
850 1903 979 1952 quibus

325 1962 439 1999 multo
471 1961 630 1999 crebrius
665 1960 790 1997 matris
822 1972 981 1996 comme-

325 2022 487 2055 moratur
513 2029 671 2063 nomen,
709 2028 820 2064 quam
851 2014 978 2065 patris.

328 2073 440 2117 Quod
455 2073 513 2111 ille
539 2074 587 2110 ad
609 2073 842 2121 praecipuum
865 2083 981 2119 quen-

327 2130 414 2166 dam
432 2131 531 2179 apud
546 2129 719 2165 Etruscos
735 2127 913 2165 honorem
923 2128 978 2164 fe-

326 2186 504 2223 minarum
549 2185 670 2222 refert.
739 2183 846 2227 Quae
884 2183 979 2220 Lar-

327 2242 455 2280 cherus
483 2242 531 2279 ad
560 2239 742 2277 Herodoti
771 2239 887 2276 locum
912 2240 979 2276 ad-

325 2298 468 2348 scripsit
491 2298 537 2335 de
556 2296 697 2344 origine
727 2295 829 2333 istius
855 2297 979 2344 moris,

324 2355 502 2392 malumus
527 2352 668 2391 silentio
687 2353 894 2402 praeterire.
921 2372 978 2380 —-

325 2411 368 2448 In
389 2412 512 2448 futuro
527 2406 726 2455 καταλέξει
752 2410 845 2446 inest
865 2409 978 2458 signi-

326 2467 446 2505 ficatio
463 2467 557 2514 eius,
579 2465 680 2515 quod
700 2465 777 2502 fieri
794 2465 893 2503 solet.
917 2465 978 2503 Tu

325 2525 422 2562 conf.
437 2522 567 2560 Matth.
589 2522 655 2558 Gr.
679 2521 745 2558 Gr.
768 2521 804 2573 ἓ.
829 2523 924 2571 502,
938 2524 976 2564 3.

326 2601 382 2609 -·
400 2579 474 2616 Pro
493 2575 747 2628 ἀνανεμέεται
767 2579 865 2616 haud
884 2592 975 2630 opus

325 2635 448 2686 legere
469 2631 704 2687 ἄναμνέεται
723 2635 765 2682 (i.
778 2648 809 2673 e.
829 2649 973 2673 comme-

325 2694 471 2742 morat),
497 2697 538 2730 ut
563 2691 708 2729 volebat
736 2691 785 2728 H.
817 2692 975 2743 Stepha-

325 2763 406 2787 nus.
463 2749 560 2787 Nam
591 2743 885 2799 οἷνανέμεσθαι,
915 2761 977 2786 ex-

324 2806 484 2857 plicante
493 2806 619 2853 saida,
638 2805 735 2843 idem
753 2804 850 2843 valet
866 2809 978 2854 atque

326 2861 575 2916 καταλέγειν,
604 2874 792 2900 recensere
807 2889 818 2909 ,
841 2874 978 2898 enume-

326 2932 417 2958 rare.

1216 1649 1325 1700 Cap.
1358 1647 1562 1686 CLXXIV.

1103 1730 1173 1772 καὶ
1215 1733 1551 1783 Λακεδαιμονίων
1591 1728 1704 1772 ἔποι-

1047 1804 1112 1829 κοι
1146 1789 1329 1840 Κνίδιοι]
1367 1790 1584 1828 Heraclidae
1612 1790 1704 1828 duce

1047 1847 1215 1897 Hippota
1234 1847 1391 1884 Cnidum
1411 1845 1495 1883 olim
1519 1847 1704 1883 condidis-

1048 1916 1089 1940 se
1107 1904 1292 1949 feruntur,
1318 1916 1338 1940 e
1357 1902 1612 1953 Peloponneso
1632 1902 1703 1940 huc

1047 1959 1212 2009 profecti.
1238 1960 1308 1996 Cui
1327 1959 1447 1996 famae
1464 1960 1571 1996 etiam
1592 1959 1701 1996 fidem

1048 2015 1186 2052 addere
1214 2014 1420 2052 existimant
1447 2015 1599 2054 Veneris
1626 2014 1702 2052 cul-

1047 2075 1124 2107 tum
1152 2071 1189 2107 in
1217 2071 1432 2108 Cnidiorum
1457 2073 1568 2119 urbe,
1607 2084 1701 2121 quae

1044 2127 1103 2163 vix
1129 2127 1199 2164 alia
1220 2128 1266 2164 sit
1291 2131 1402 2177 atque
1420 2128 1608 2177 Cytherea
1626 2127 1702 2166 Ve-

1045 2195 1136 2230 nus,
1176 2196 1199 2220 a
1235 2183 1424 2221 Laconum
1457 2184 1594 2222 colonis
1631 2184 1701 2222 hue

1046 2240 1208 2277 advecta.
1268 2240 1377 2278 Conf.
1403 2240 1559 2279 Diodor.
1589 2241 1698 2278 Sicul.

1045 2295 1092 2343 V,
1113 2298 1151 2336 9.
1179 2296 1245 2338 53.
1290 2297 1335 2334 C.
1363 2297 1412 2334 O.
1445 2297 1608 2336 Manen:
1639 2298 1700 2336 die

1045 2352 1187 2400 Dorer,
1208 2353 1225 2390 I
1252 2367 1288 2404 p.
1311 2356 1392 2396 123
1412 2367 1489 2404 seq.
1520 2354 1600 2392 coll.
1621 2353 1699 2391 Ra-

1046 2408 1324 2448 oul-Rochette
1354 2411 1451 2448 Hist.
1486 2412 1536 2449 de
1563 2410 1697 2449 l'eitabl.

1045 2466 1082 2503 d.
1099 2466 1216 2503 colon.
1239 2467 1374 2516 Grecq.
1393 2467 1445 2505 ΠΙ
1456 2469 1527 2518 p.8
1539 2480 1616 2517 seq.
1629 2471 1695 2509 72.

1100 2518 1143 2562 τὸ
1172 2520 1224 2574 δή
1266 2522 1452 2575 Τριόπιον
1491 2523 1694 2570 καλέεται]

1043 2579 1066 2616 i.
1086 2592 1118 2617 e.
1147 2592 1279 2628 „quae
1305 2581 1453 2629 quidem
1470 2581 1574 2629 regio
1601 2580 1698 2629 (sive

1037 2638 1332 2686 promontorium)
1363 2636 1568 2688 appellatur
1585 2636 1621 2674 T
1623 2637 1698 2673 rio-

1041 2692 1180 2743 pium.“
1221 2693 1330 2730 Conf.
1358 2693 1521 2744 supral,
1546 2692 1638 2734 144.

1101 2742 1298 2800 ἀργμένης
1326 2746 1369 2787 δὲ
1396 2749 1439 2788 ἐκ
1470 2752 1542 2801 τῆς
1564 2760 1696 2800 χερσο-

1043 2801 1173 2856 νήσου
1202 2807 1274 2856 τῆς
1303 2805 1554 2857 Βυβασσίης]
1593 2805 1698 2843 Libri
1751 2851 1752 2854 Ἴ

1045 2862 1295 2913 Βυβλησίης,
1342 2863 1443 2911 quod
1483 2861 1584 2900 nihili
1627 2868 1694 2900 est.
1750 2858 1753 2901 ἓ

1046 2918 1280 2970 Receperunt
1296 2918 1383 2957 inde
1403 2919 1575 2968 editores,
1595 2918 1696 2969 quod
1749 2912 1752 2941 ³
