1777 3324
507 240 1035 281 EUTERPE.II.
1323 246 1406 285 871

145 368 246 406 τρος
273 355 441 407 τελετῆς
468 350 593 404 πέρι,
621 349 702 405 τὴν
731 350 776 393 οἷ
792 347 996 405 Ἕλληνες
1023 347 1304 405 θεσμοφόρια
1328 367 1407 394 κα-
1468 357 1546 397 187

144 430 315 483 λέουσι,
340 430 415 473 καὶ
443 427 602 484 ταύτης
631 427 764 472 εἰδότι
792 444 867 484 μοι
895 427 994 483 πέρι
1017 427 1209 484 εὔστομα
1226 430 1404 481 κείσθω,
1419 438 1462 473 17

115 508 259 564 Βπλὴν
288 507 396 552 ὅσον
428 505 560 563 αὐτῆς
589 505 685 564 ὁσίη
715 507 804 551 ἐστὶ
832 506 983 563 λέγειν.
1033 509 1080 550 αἱ
1103 511 1289 552 Δαναοῦ
1317 514 1403 552 θυ-

140 585 315 643 γατέρες
351 581 463 642 ἦσαν
502 587 549 629 αἱ
581 587 661 642 την
699 586 872 643 τελετὴν
908 584 1074 643 ταύτην
1102 585 1145 639 ἐξ
1174 585 1402 642 Αἰγύπτου

138 666 451 721 ἐξαγαγοῦσαι,
509 664 584 708 καὶ
639 665 866 718 διδάξασαι
922 666 999 717 τὰς
1050 664 1400 722 Πελασγιώτιδας
1411 672 1458 708 20

110 748 360 800 4γυναῖκας.
391 742 494 800 μετα
525 745 593 797 δὲ,
622 743 913 802 ἐξαναστάσης
941 743 1083 801 πάσης
1113 744 1400 802 Πελοποννή-

137 835 218 869 σου
245 823 334 867 ὑπὸ
363 823 591 878 Δωριέων,
623 823 862 876 ἐξαπώλετο
891 822 918 880 ἡ
948 822 1114 881 τελετή·
1145 825 1253 868 οἶδὲ
1282 822 1396 868 ὑπο-

136 902 385 958 λειφθέντες
423 905 790 960 Πελοποννησίων
846 903 920 947 καὶ
961 900 1046 948 οὐκ
1091 902 1400 956 ἐξαναστάντες

134 979 356 1036 Ἀρκάδες,
398 983 604 1035 διέσωζον
633 980 772 1039 αὐτὴν
800 986 974 1038 μοῦνοι.

255 1057 435 1116 Ἀπρίεω
483 1061 529 1105 δὲ
570 1056 653 1105 ὦδε
691 1060 1093 1118 καταραιρημένου,
1143 1061 1392 1119 ἐβασίλευσε
1448 1062 1610 1131 ἓιᾞῗξζῑὲθῦ

119 1137 326 1196 Ἄμασις,
355 1144 498 1197 νομοῦ
520 1140 599 1197 μὲν
627 1143 796 1185 Σαΐτεω
827 1139 931 1185 ἐών·
971 1143 1019 1186 ἐκ
1047 1145 1122 1198 τῆς
1152 1141 1198 1186 δὲ
1228 1136 1283 1198 ἦν
1310 1131 1726 1193 πό-Ξὸἷῗοιέιίἒῖἷιῗῗηῗῗιῖ

1617 1063 1728 1125 34ῧῖἓὲ

11 1064 111 1110 172

71 1383 109 1422 p.
131 1371 185 1411 33
211 1368 273 1418 (ut
292 1374 416 1409 monet
441 1371 490 1409 ad
508 1371 542 1409 h.
563 1371 586 1409 l.
611 1370 642 1409 C
650 1371 722 1420 r.):

72 1420 118 1466 εὖ
140 1421 264 1477 στόμα
284 1426 435 1466 κείσθω
459 1428 482 1465 i.
500 1441 531 1465 e.
564 1430 722 1478 quiescat

69 1483 157 1520 mz'kz·
177 1496 236 1530 os,
257 1486 413 1531 taceam,
444 1498 526 1521 cum
549 1481 720 1534 εὔστομα

69 1540 221 1577 denotet
248 1542 301 1576 ori
326 1553 368 1577 ac
393 1541 518 1590 palato
540 1541 719 1585 iacunda;

68 1595 107 1632 id
134 1596 179 1632 ab
215 1595 398 1634 Herodoti
438 1597 537 1634 libris
575 1598 717 1648 scriptis

67 1664 184 1701 aequo
199 1652 337 1690 recedit
356 1665 398 1690 ac
427 1654 601 1691 seriorum
631 1655 719 1691 scri-

66 1712 211 1758 ptorum
223 1737 236 1754 ,
265 1710 328 1757 qui
344 1710 575 1747 Herodotum
590 1710 719 1748 imitati

68 1768 172 1812 sunt,
202 1765 247 1801 ab
272 1778 350 1803 usu.

122 1873 197 1927 τήν
210 1873 447 1927 οἱ”Ἐλληνες
457 1871 716 1927 θεσμοφόρια

65 1931 264 1983 καλέουσι]
293 1933 352 1971 De
372 1934 596 1971 Graecorum
622 1932 715 1970 The-

65 1989 265 2039 smophorz'z's
282 1994 525 2040 exposuerunt
537 1990 592 2026 St.
606 1990 716 2027 Croix

63 2045 273 2084 recherches
309 2059 369 2083 sur
407 2046 459 2084 les
498 2047 644 2095 myster.
677 2047 713 2082 d.

63 2113 198 2151 pagan.
216 2106 242 2139 t.
264 2102 282 2139 Ι
304 2115 339 2152 p.
354 2104 432 2144 110
453 2104 509 2140 ed.
522 2116 592 2140 sec.
613 2102 716 2140 Wel-

64 2157 174 2195 lauer.
202 2159 250 2196 de
276 2159 593 2209 Thesmophoriis,
622 2158 714 2195 Vra-

63 2213 176 2251 tislav.
199 2217 308 2256 1820
330 2219 365 2252 et
383 2216 577 2265 praecipue
598 2215 716 2252 Creu-

62 2283 135 2308 zer.
154 2270 315 2318 Symbol.
334 2271 385 2307 IV
403 2284 487 2321 pag.
499 2271 581 2312 440
597 2284 714 2320 seqq.‚

64 2326 125 2375 qui
162 2327 239 2365 iure
272 2328 548 2376 praeferendam
590 2331 714 2366 censet

62 2381 241 2420 Herodoti
258 2384 508 2422 auctoritatem
528 2383 576 2421 ad
588 2383 712 2433 Aegy-

62 2442 163 2488 ptum
191 2439 321 2477 horum
356 2441 607 2490 mysteriorum
637 2441 713 2491 pri·-

63 2495 203 2531 mordia
230 2497 445 2534 revocantis.
502 2496 559 2533 Ex
586 2495 711 2546 Aegy-

62 2553 126 2599 pto
173 2556 293 2590 autem
336 2552 709 2603 Thesmophoriorum

63 2606 218 2655 origines
245 2610 463 2658 repetendas
495 2622 575 2647 esse
599 2622 708 2647 nemo

63 2661 264 2711 mirabitur,
292 2665 356 2713 qui
382 2666 608 2703 Graecorum
632 2666 708 2704 Ce-

62 2729 177 2755 rerem
206 2719 305 2757 haud
338 2721 444 2758 aliam
480 2735 560 2760 esse
599 2726 711 2772 atque

62 2771 193 2811 Isidem
224 2778 468 2827 perspexerit,
507 2791 602 2827 quae
629 2791 711 2816 cum

64 2829 341 2880 agriculturam,
372 2834 478 2872 sedes
499 2835 612 2882 fixas,
642 2835 712 2872 alia

66 2896 160 2934 quae
189 2886 257 2926 huc
285 2893 475 2940 spectant,
509 2891 627 2942 prima
655 2891 713 2928 im-

1446 1197 1620 1227 vindicarit..

791 1371 989 1418 stituisset,
1030 1370 1232 1408 istiusmodi
1262 1371 1356 1408 festa
1382 1371 1449 1407 sibi

788 1427 914 1465 habuit
931 1432 1155 1465 consecrata.
1186 1428 1292 1465 Conf.
1307 1427 1447 1464 Herod.

787 1484 835 1530 Π,
852 1485 918 1525 59.
944 1483 1034 1524 158.
1048 1505 1104 1511 —
1119 1483 1178 1522 De
1200 1484 1331 1521 Danao
1349 1484 1444 1521 conf.

787 1544 862 1577 not.
885 1540 935 1577 ad
952 1539 1003 1586 II,
1029 1542 1120 1581 107.

843 1595 909 1635 καὶ
935 1593 1080 1646 ταύτης
1123 1590 1285 1635 εἰδότι
1315 1609 1380 1645 μοι
1410 1609 1445 1633 κ.

785 1667 817 1692 τ.
839 1651 888 1702 λ.]
929 1649 1050 1691 εἰδότι
1087 1665 1108 1690 e
1136 1652 1320 1689 Sancrofti
1352 1651 1445 1688 libro

786 1723 869 1748 cum
892 1714 1040 1747 recentt.
1060 1709 1200 1760 recepi,
1231 1721 1311 1746 cum
1328 1707 1438 1756 vulgo

785 1765 948 1803 abesset.

845 1820 1033 1868 διέσωζον
1094 1815 1219 1871 αὐτην
1269 1818 1439 1871 μοῦνοι]

789 1878 950 1915 Omnino
990 1878 1187 1915 tenendum
1216 1881 1296 1923 est,
1337 1889 1440 1914 sacra

784 1934 1005 1971 Graecarum
1034 1934 1195 1982 gentium
1234 1933 1438 1981 (Pelasgos

782 1989 891 2039 vulgo
923 1989 1136 2040 appellant)
1173 1990 1437 2038 antiquissima,

781 2046 942 2084 Doribus
973 2046 1210 2093 irruentibus,
1239 2046 1437 2082 admodum

782 2116 862 2140 esse
880 2102 1045 2149 turbata,
1076 2115 1194 2150 eoque
1222 2115 1297 2138 rem
1316 2102 1435 2138 addu-

783 2164 877 2196 ctam
896 2171 995 2205 esse,
1026 2162 1067 2194 ut
1093 2170 1197 2195 sacra
1221 2170 1265 2195 ex
1290 2157 1435 2207 publico

783 2216 886 2265 quasi
911 2215 1007 2252 cultu
1030 2215 1078 2251 ad
1097 2215 1350 2264 mysteriorum
1376 2227 1436 2251 re-

781 2285 903 2309 cessus
942 2275 1194 2308 revocarentur
1232 2271 1355 2319 ibique
1392 2273 1435 2306 ut

780 2340 913 2366 areana
925 2330 1228 2378 propagarentur.
1258 2327 1319 2364 Sic
1332 2325 1435 2364 The-

779 2384 1068 2434 smophoriorum
1089 2395 1213 2430 sacra,
1242 2395 1337 2433 quae
1367 2394 1432 2419 an-

776 2440 982 2490 tiquissimo
1022 2452 1112 2477 aevo
1146 2439 1196 2476 ad
1222 2439 1433 2477 memoriam

777 2496 1017 2546 agriculturae
1045 2497 1214 2533 instituta
1232 2495 1429 2545 quotannis

775 2553 1029 2591 celebrandam
1046 2582 1057 2601 ‚
1099 2566 1143 2590 ex
1171 2551 1342 2602 Aegypto
1373 2551 1429 2588 in-

776 2610 943 2647 troducta
973 2614 1097 2655 erant,
1136 2608 1262 2646 relicto
1284 2607 1428 2658 publico

774 2665 870 2704 cultu
888 2666 936 2702 ad
954 2665 1209 2715 mysteriorum
1224 2676 1355 2702 arcana
1372 2676 1431 2701 re-

776 2723 850 2760 lata
879 2722 989 2759 fuisse
1015 2721 1195 2760 videntur.
1253 2720 1315 2758 Tu
1333 2721 1429 2757 conf.

776 2778 935 2816 Pausan.
967 2777 1077 2825 VIII,
1113 2779 1169 2819 37
1203 2774 1240 2828 ἓ.
1272 2779 1295 2818 1
1339 2780 1377 2813 et
1406 2788 1429 2812 a

777 2834 964 2873 Creuzero
987 2834 1176 2872 laudatum
1196 2833 1240 2870 C.
1261 2833 1308 2870 O.
1329 2831 1427 2868 Miil-

779 2890 844 2929 ler.
863 2891 900 2929 in
915 2891 1135 2929 Orchomen.
1153 2902 1240 2941 pag.
1259 2887 1354 2930 453·
