1777 3333
540 259 1066 299 EUTERPE.II.
1344 264 1428 304 773

1213 368 1424 428 Ὲποιήθη
1481 382 1634 420 Quomodo
1669 394 1758 421 pyra-

33 377 132 423 125
156 376 246 417 τῶν
291 374 431 416 λίθων
467 368 700 425 τριήκοντα
739 371 890 413 ποδῶν
940 368 1147 413 ἐλάσσων.
1479 424 1703 448 mmmmm
1743 425 1756 450 t

1501 427 1506 435 ·
1590 428 1602 445 s
1686 430 1741 456 ‹,e

96 549 238 587 maioris
254 547 354 584 molis
372 547 579 596 pyramides
600 547 648 585 ibi
666 561 753 586 con-

95 606 314 656 spiciuntur3
352 603 445 640 aliae
472 616 602 641 novem
634 606 750 642 mino-

93 675 149 699 res
169 660 393 696 circumcirca
420 665 625 698 exstructae
651 666 746 699 sunt.

92 719 133 756 In
172 729 325 765 quarum
360 729 512 753 numero
549 729 612 764 ea,
652 732 747 767 quae

90 773 378 824 septentrionem
406 774 561 810 maxime
591 780 747 823 spectat,

89 830 250 869 omnium
271 841 367 866 nunc
391 829 602 880 perhibetur
631 833 745 869 maxi-

88 899 171 935 ma,
211 898 233 923 a
256 885 409 936 Cheope
438 885 525 923 olim
554 892 744 936 exstructa,

89 956 199 993 quam
211 942 422 979 Herodotus
441 942 477 980 h.
492 943 514 981 l.
537 944 740 995 descripsit.

88 1000 167 1038 Sed
198 1003 359 1049 praestat
389 999 470 1048 ipsa
491 999 643 1048 Zoegae
663 1014 743 1038 ver-

87 1057 136 1095 ba
155 1068 342 1106 apponere
359 1055 380 1092 l.
400 1055 422 1092 l.
447 1069 483 1106 p.
503 1055 605 1098 400:
628 1086 652 1105 „
665 1058 744 1095 Sci-

86 1114 170 1151 licet
197 1126 219 1150 a
245 1112 339 1149 Gize
370 1113 432 1149 ubi
458 1116 613 1161 quatuor
637 1113 741 1151 milli-

87 1170 154 1208 bus
182 1181 355 1219 passuum
374 1170 576 1218 perrexeris
603 1171 651 1207 ad
681 1184 742 1208 oc-

85 1239 208 1265 casum
237 1224 450 1272 hiemalem,
481 1226 614 1264 canalis
643 1231 699 1264 est
720 1241 741 1264 a

84 1282 170 1323 Nilo
199 1283 400 1329 deductus,
457 1295 478 1318 a
514 1295 587 1331 quo
615 1284 741 1334 incipit

84 1341 144 1378 via
167 1352 234 1391 per
263 1351 370 1388 agros
402 1338 553 1376 humiles
576 1341 740 1377 substru-

84 1396 263 1435 ctionibus
291 1395 474 1432 sublevata
503 1402 541 1432 et
566 1402 664 1433 secto
686 1397 739 1434 la-

83 1454 170 1505 pide
191 1452 352 1499 munita,
382 1452 573 1491 latitudine
602 1454 739 1503 pedum

82 1509 232 1559 viginti,
287 1509 518 1557 longitudine
564 1522 737 1560 passuum

82 1566 178 1605 mille
198 1566 479 1616 quingentorum
496 1595 506 1613 ,
536 1567 679 1604 duobus
699 1568 736 1604 in

81 1623 168 1660 locis
197 1627 312 1673 ponte
339 1636 449 1672 super
472 1624 589 1660 fossas
621 1628 737 1660 trans-

80 1684 194 1717 vecta.
246 1679 350 1723 Quae
368 1678 449 1716 licet
467 1692 562 1716 nnnc
582 1682 737 1716 maxima

81 1748 127 1773 ex
165 1740 272 1786 parte
314 1735 473 1772 Arabum
503 1749 611 1772 mann
641 1739 737 1773 sacta

80 1796 276 1842 appareat,
299 1797 420 1829 tamen
440 1793 569 1829 veteris
588 1793 668 1830 viae
688 1793 734 1829 ab

79 1848 272 1886 Herodoto
286 1854 507 1886 memoratae
519 1863 659 1886 cursum
680 1850 736 1886 in-

80 1905 204 1943 dicare
242 1905 402 1953 videtur,
440 1906 564 1942 forsan
597 1906 736 1942 instan—

78 1965 160 1999 rata
185 1975 206 1998 a
228 1962 391 1999 barbaris
409 1967 445 1997 nt
465 1963 659 1999 aveherent
683 1962 734 1999 la—

78 2018 214 2070 pides,
264 2019 394 2067 quibus
429 2019 651 2056 advehendis
687 2019 733 2056 ab

78 2074 229 2124 antiquo
259 2088 348 2123 rege
384 2076 501 2112 fuerat
539 2076 732 2113 destinata.

80 2130 136 2181 [ln
155 2132 309 2169 eandem
336 2132 554 2169 sententiam
574 2133 736 2181 disputat

76 2187 172 2226 Hirt.
195 2187 217 2225 l.
239 2188 262 2225 l.
291 2202 328 2238 p.
356 2191 419 2229 16.
452 2187 532 2239 17.]
590 2188 735 2226 Desinit

77 2248 197 2282 autem
218 2246 266 2281 ad
287 2246 421 2295 pedem
441 2245 537 2282 collis
552 2258 614 2282 seu
634 2258 734 2282 cam-

77 2301 116 2351 pi
140 2302 236 2339 saxei
258 2303 305 2338 ad
327 2306 482 2350 centum,
516 2303 592 2340 sive
616 2306 655 2338 ut
675 2315 733 2339 re-

76 2356 157 2394 tulit
170 2358 403 2405 Niebuhrffls,
421 2363 565 2396 centum
585 2362 733 2408 septua-

77 2413 182 2462 ginta
207 2415 344 2464 pedum
368 2414 594 2453 altitudinem
622 2427 733 2465 supra

78 2470 305 2509 subiacentes
327 2484 435 2521 agros
457 2472 542 2510 elati
561 2500 571 2519 ,
601 2473 637 2508 in
657 2484 730 2521 qno

77 2528 283 2576 pyramides
300 2529 469 2567 conditae
489 2533 583 2566 sunt.
614 2527 731 2566 Nem-

76 2594 126 2631 pe
150 2581 277 2632 Libyci
311 2586 443 2623 montis
483 2586 623 2623 radices
661 2584 731 2622 hoc

77 2637 157 2674 loco
185 2643 422 2689 promontorii
451 2643 564 2679 instar
581 2653 731 2692 procur-

77 2698 160 2730 runt
182 2696 230 2732 ad
255 2701 372 2733 ortum
397 2698 615 2745 brrnnalern,
646 2710 732 2734 mox

77 2748 207 2788 iterum
244 2758 406 2803 pergunt
449 2756 498 2792 ad
542 2755 731 2792 meridiem

78 2818 204 2844 versus
228 2807 372 2847 Busirin
392 2814 429 2848 et
446 2811 651 2857 Saccaram,
673 2815 730 2846 at-

79 2873 151 2910 que
190 2863 237 2900 ad
277 2864 411 2915 Dasjur
449 2869 608 2904 tendunt
644 2865 730 2904 Nilo

78 2917 228 2969 propius
245 2921 425 2960 admotae.
466 2923 584 2974 Rupis
603 2923 731 2961 eadem

822 554 952 586 natura
989 551 1045 585 est
1080 559 1123 584 ac
1157 547 1288 598 lapidis
1306 577 1318 596 ,
1357 562 1378 589 e
1407 563 1480 599 quo

822 611 907 643 sunt
941 605 1170 654 pyramides3
1201 618 1333 656 nempe
1361 605 1479 643 calca-

818 675 881 699 rea
904 667 979 707 est,
1005 661 1151 697 modica
1174 662 1326 709 duritie,
1352 670 1475 712 petre-

816 719 922 755 factis
965 717 1231 755 lenticularibus
1279 725 1316 756 et
1357 720 1476 755 numi-

816 774 991 811 smatibus
1007 775 1242 824 interspersa,
1263 780 1374 825 atque
1392 789 1475 812 mo-

814 831 874 868 bili
896 844 1007 868 arena
1027 831 1195 878 obtecta3
1221 836 1416 869 occurrunt
1435 833 1472 870 in

813 900 856 926 ea
879 888 962 925 hinc
987 891 1026 925 et
1051 886 1138 924 inde
1156 886 1383 925 latomiarum
1410 902 1474 927 ve-

812 945 932 993 stigia.
991 943 1130 980 Multas
1153 943 1235 980 olim
1262 945 1468 995 pyramides

812 1001 924 1039 fuisse
944 1000 981 1037 in
998 1002 1247 1050 promontorio
1273 1002 1320 1039 ad
1337 1002 1468 1040 Gizam

812 1062 1002 1108 spectante
1025 1069 1044 1094 e
1056 1057 1168 1093 ruinis
1181 1058 1358 1106 arguitur,
1372 1071 1469 1108 quae

810 1114 921 1152 hodie
947 1117 1143 1163 supersunt
1173 1114 1210 1150 in
1238 1115 1348 1164 plano
1370 1128 1467 1152 cam—

809 1184 858 1220 po
880 1183 942 1208 sex
961 1171 1038 1207 fere
1047 1169 1195 1206 millium
1207 1183 1381 1220 passuum
1398 1171 1467 1208 cir-

809 1228 918 1264 cuitu.
976 1226 1125 1263 Plurimi
1158 1231 1350 1276 praeterea
1385 1232 1470 1265 sunt

808 1283 933 1320 tumuli
962 1296 982 1320 e
1017 1287 1115 1320 secto
1157 1282 1281 1333 lapide
1318 1284 1469 1320 circum-

809 1341 903 1377 circa
948 1340 1156 1376 adiacentes
1176 1369 1187 1386 ,
1235 1340 1400 1388 quadrati
1431 1345 1468 1378 et

809 1396 971 1444 oblongi,
993 1396 1076 1433 olim
1100 1398 1196 1433 forte
1214 1397 1464 1446 pyramidibus

807 1453 923 1502 figura
939 1452 1092 1500 similes,
1122 1466 1219 1489 nunc
1239 1454 1364 1502 paucis
1383 1458 1464 1490 tan-

806 1514 882 1547 tum
903 1510 1058 1560 pedibus
1078 1522 1190 1559 super
1209 1509 1324 1546 solum
1344 1523 1464 1547 assur-

806 1572 957 1615 gentes,
992 1567 1028 1602 in
1054 1579 1208 1616 quorum
1225 1566 1376 1615 singulis·
1396 1581 1463 1616 pu-

805 1624 853 1660 tei
872 1628 954 1660 sunt
974 1623 1086 1660 ruinis
1109 1627 1146 1661 et
1172 1635 1281 1660 areni
1312 1623 1462 1673 oppleti,

804 1693 870 1730 per
887 1693 979 1729 qnos
995 1680 1078 1716 olim
1101 1680 1392 1716 descendebatur
1414 1682 1463 1716 ad

804 1742 951 1786 cryptas
972 1736 1230 1786 sepulcrorum.
1248 1736 1460 1784 Pyramides

806 1793 997 1830 duodecim
1032 1793 1088 1830 vel
1126 1793 1298 1829 tredecim
1342 1793 1460 1829 adhuc

804 1854 1070 1897 agnoscuntur,
1100 1850 1135 1885 in
1156 1849 1285 1897 quibus
1308 1854 1379 1885 tres·
1395 1862 1462 1885 no-

805 1910 925 1942 tantur
944 1906 1039 1943 mule
1058 1919 1122 1942 sua
1137 1906 1364 1954 conspicuae.
1384 1906 1459 1941 Ha-

803 1976 880 1998 rum
896 1976 991 2011 qnae
1010 1975 1031 1999 a
1049 1962 1159 1999 Delta
1180 1963 1214 1997 in
1232 1962 1458 1999 Thebaidem

802 2020 1037 2056 tendentibus
1058 2020 1174 2068 prima
1201 2019 1370 2064 obvenit,
1399 2032 1459 2054 so-

803 2075 912 2113 lemni
932 2075 1111 2112 vocabnlo
1137 2087 1271 2122 magna
1290 2075 1364 2112 sive
1381 2087 1459 2111 ma-

802 2133 897 2169 xima
935 2133 1095 2182 pyramis
1135 2131 1313 2181 appellari
1352 2131 1457 2178 solet,

802 2201 1010 2238 quanquam
1067 2188 1273 2236 ambigatur
1340 2188 1457 2224 adhue

800 2251 920 2282 utrum
944 2258 1023 2282 eain
1047 2249 1206 2295 superet,
1232 2257 1326 2293 quae
1347 2256 1457 2281 ame-

800 2302 892 2339 ridie
928 2302 1093 2351 proxime
1137 2302 1313 2338 adsumta
1360 2301 1457 2338 est.“

800 2358 876 2395 Iam
895 2364 1095 2407 sequuntur
1114 2357 1184 2394 alia
1201 2358 1248 2394 de
1265 2357 1457 2394 latitudine

799 2415 1000 2467 pyramidis
1023 2420 1134 2463 atque
1158 2414 1370 2460 altitudine,
1397 2427 1456 2450 su-

799 2485 866 2523 pra
886 2472 993 2509 nobis
1024 2472 1096 2509 iam
1117 2471 1296 2516 indicata,
1327 2470 1374 2507 de
1402 2469 1457 2506 la-

797 2533 916 2566 terum
948 2527 1168 2578 aequalitate
1186 2555 1197 2574 ,
1235 2527 1282 2564 de
1314 2539 1454 2563 summo

797 2586 952 2631 vertice,
979 2586 1015 2621 in
1038 2597 1109 2633 quo
1129 2583 1277 2634 planum
1298 2583 1456 2632 quadra-

797 2646 886 2689 tum,
897 2642 944 2679 de
962 2641 1143 2692 lapidibus
1162 2640 1315 2686 extimis,
1339 2639 1455 2676 omni-

799 2699 865 2735 bus
888 2711 985 2735 nunc
1008 2696 1167 2743 avulsis,
1213 2696 1261 2733 de
1291 2695 1385 2732 ostio
1414 2696 1453 2732 in

797 2754 911 2792 latere
928 2753 1088 2801 boreali,
1128 2754 1175 2790 de
1195 2753 1374 2790 meatibus
1396 2751 1453 2788 in-

800 2812 916 2848 ternis
951 2815 1062 2859 atque
1087 2810 1266 2847 descensu
1297 2809 1345 2845 ad
1374 2821 1454 2855 cry-

799 2871 880 2917 ptas
915 2867 1191 2913 subterraneas,
1227 2865 1275 2902 de
1301 2864 1454 2901 cadave-

800 2924 897 2961 ribus
928 2925 966 2960 in
995 2926 1106 2974 puteo
1128 2920 1328 2973 pyramidis
1344 2923 1453 2969 atque
