1768 3315
646 235 863 274 CLIO.
919 235 948 273 I.

1346 239 1431 282 245

169 368 223 395 τα
250 349 387 406 λέγειν
412 346 563 402 λόγον,
612 344 724 389 κατὰ
751 347 890 388 ταῦτα
916 343 1090 401 γράψω·
1145 344 1430 401 ἐπιστάμενος

168 431 266 486 περὶ
294 425 443 483 Κύρου
477 425 550 469 καὶ
578 427 811 480 τριφασίας
843 423 976 477 ἄλλας
1003 423 1148 480 λόγων
1177 422 1312 476 ὁδούς
1347 428 1429 482 φῆ-

110 639 220 690 yov]
248 636 271 672 i.
299 648 331 672 e.
360 633 492 682 dicere,
521 633 560 671 z'd
584 633 676 684 quod
703 646 758 672 res

108 697 178 741 est,
208 691 296 740 quod
319 703 438 728 verum
468 694 529 729 est.
588 691 695 727 Conf.
727 691 756 738 I,

107 751 172 790 30.
198 750 278 789 116
300 747 379 785 coll.
399 747 440 795 I,
461 750 526 789 97.
557 747 639 794 VH,
661 749 755 788 209.

109 827 156 832 ———
182 803 295 841 Paulo
317 808 402 841 ante
428 804 568 841 servavi
596 803 757 841 Ionicum

106 860 342 911 ἐπιδίζηται
370 859 450 897 loco
477 860 643 910 vulgatae
673 859 758 899 ἐπι-

107 918 275 965 δίζεται.

162 970 421 1024 ἐπιστάμενος
436 971 528 1023 περὶ
541 968 681 1024 Κύρου
692 970 760 1012 καὶ

105 1031 317 1083 τριφασίας
338 1028 456 1076 ἄλλας
482 1025 610 1080 λόγων
640 1027 759 1076 ὁδούς

106 1086 256 1138 φῆναι]
286 1087 345 1123 Ad
363 1087 583 1124 locutionem
604 1088 697 1123 conf.
712 1086 757 1135 Il,

105 1147 177 1186 20:
209 1143 383 1190 ἔλεξαν
409 1142 500 1194 περὶ
521 1144 595 1182 τοῦ
610 1138 756 1189 ὕδατος

105 1196 248 1239 τούτου
268 1200 553 1251 τριφασίας
582 1194 753 1244 ὁδούς.

103 1257 162 1294 De
172 1260 384 1306 argumento
405 1257 528 1293 monui
545 1256 592 1292 ad
605 1256 753 1293 Ctesiae

103 1313 286 1364 Excerptt.
310 1312 461 1350 Persice.
485 1311 520 1362 ἓ.
537 1316 563 1353 2
589 1324 675 1362 pag.
697 1310 752 1352 84

102 1382 206 1418 seqq.
235 1368 288 1407 Ac
305 1369 487 1406 neminem
508 1368 615 1417 fugit,
635 1380 752 1416 quan-

102 1430 230 1476 topere
266 1426 355 1462 haec
400 1424 525 1462 Nostri
565 1424 749 1474 scriptoris

100 1483 257 1520 narratio
278 1482 459 1532 discrepet
479 1494 501 1518 a
524 1480 752 1530 Xenophon-

99 1538 179 1586 tea,
211 1538 325 1588 qualis
341 1538 493 1574 traditur
513 1538 548 1573 in
561 1537 751 1586 Cyropae-

100 1595 179 1641 dia3
208 1595 337 1644 quoin
365 1594 455 1632 libro
485 1594 553 1631 etsi
579 1593 752 1630 nonnulla

100 1651 247 1698 insunt,
277 1663 372 1700 quae
390 1662 477 1688 vera
499 1663 581 1688 esse
603 1650 660 1686 vix
686 1662 751 1686 ne·-

100 1707 179 1756 gari
197 1708 354 1757 poterit,
393 1706 462 1743 alia
490 1710 613 1743 tamen
638 1705 751 1742 multa

100 1764 225 1800 addita
254 1764 477 1810 invenimus,
506 1775 600 1811 quae
618 1763 667 1798 ad
695 1762 750 1798 hi-

99 1820 247 1856 storiam
282 1820 399 1857 minus
428 1819 610 1869 pertinere
633 1819 750 1855 mani-

98 1876 230 1913 festum
243 1880 319 1924 est,
342 1877 410 1913 sed
429 1876 477 1913 ad
496 1875 618 1922 finem,
639 1887 747 1924 quem

97 1936 222 1970 auctor
237 1933 306 1970 hoc
331 1933 423 1969 libro
453 1931 521 1968 sibi
545 1944 749 1982 proposue-

97 1992 172 2036 rat,
202 1989 295 2027 bene
323 1988 607 2027 accommodata.
665 1986 747 2025 Alia

99 2044 266 2093 leguntur
287 2046 387 2095 apud
413 2043 631 2092 Aeschylum
656 2057 747 2094 poe-

96 2104 172 2138 tam
191 2102 229 2138 in
249 2101 371 2140 Perss.
393 2104 475 2143 767
497 2113 602 2150 seqq.
644 2101 747 2144 Quo-

95 2169 174 2194 rum
195 2171 289 2207 quae
309 2171 395 2196 vera
414 2158 506 2204 sint,
536 2170 632 2206 quae
660 2157 745 2194 ficta

95 2225 119 2250 a
134 2218 265 2264 poeta,
302 2215 447 2252 vixdum
471 2215 677 2251 discernere
702 2213 745 2250 li-

94 2273 162 2308 cet.
217 2271 274 2308 Ex
299 2270 533 2309 orientalibus
560 2270 745 2321 scriptori-

95 2326 163 2364 bus
181 2340 276 2376 quae
294 2331 396 2366 eruta
410 2330 515 2375 sunt,
544 2326 630 2364 talia
645 2330 742 2374 sunt,

95 2395 191 2431 quae
209 2385 258 2421 ad
274 2397 397 2423 veram
411 2384 598 2421 historiam
613 2395 742 2433 parum

95 2441 257 2478 conferre
294 2444 440 2490 queant.
515 2440 558 2477 In
590 2440 742 2477 Graecis

96 2493 203 2543 igitur
221 2497 455 2547 scriptoribus
484 2510 552 2534 nos
579 2496 743 2534 contine-

94 2549 230 2599 bimus,
279 2554 373 2591 inter
410 2566 504 2602 quos
545 2553 742 2604 praecipue

96 2617 164 2643 nos
181 2609 343 2647 advertet
361 2610 504 2647 Ctesias
517 2638 529 2657 ,
557 2610 620 2658 qui
635 2608 741 2645 aliam

97 2674 246 2711 prorsus
265 2665 359 2703 viam
376 2666 584 2714 ingressus,
606 2665 740 2702 nullam

97 2717 205 2767 plane
221 2721 319 2769 Cyro
348 2735 427 2759 cum
441 2722 603 2770 Astyage
619 2722 742 2758 scribit

98 2775 211 2813 fuisse
243 2778 476 2824 affinitatem3
514 2778 613 2815 cuius
652 2778 741 2814 scri-

96 2832 213 2880 ptoris
240 2833 483 2871 testimonium
511 2847 554 2871 eo
592 2834 739 2882 gravius

98 2886 210 2926 videri
231 2889 360 2937 debet,
387 2902 461 2940 quo
479 2891 590 2940 regiis
607 2890 740 2928 Persa-

824 646 903 671 rum
922 646 942 672 e
957 633 1177 671 membranis
1186 632 1286 670 illum
1294 632 1482 670 historiam

825 703 930 727 suam
977 690 1207 727 contexuisse
1262 690 1480 739 accepimus,

824 759 892 785 nee
911 747 1029 784 minus
1046 750 1201 794 constat,
1220 745 1383 795 singulos
1402 746 1482 783 He-

826 804 949 840 rodoti
967 816 1109 840 errores
1125 802 1222 839 illum
1242 803 1310 839 sibi
1320 804 1480 840 refutan-

828 861 897 897 dos
923 860 1110 896 sumsisse.
1167 859 1301 909 Neque
1330 859 1479 896 omnino

827 916 1010 953 Herodoti
1038 915 1199 952 narratio
1232 916 1279 954 de
1299 916 1388 964 Cyri
1407 916 1479 951 ori-

828 973 974 1021 ginibus
986 1002 996 1017 ,
1027 972 1244 1010 educatione
1253 1001 1263 1019 ,
1279 973 1479 1020 iuventute,

826 1028 996 1078 reliquiS,
1033 1029 1138 1065 nobis
1164 1029 1374 1066 satisfacere
1409 1041 1478 1078 po-

825 1088 939 1132 terat,
970 1086 1107 1135 quippe
1132 1085 1171 1121 in
1202 1097 1276 1134 qua
1306 1084 1478 1121 nonnulla

826 1141 1017 1178 Graeciam
1036 1141 1204 1178 redolere
1225 1146 1261 1178 et
1290 1141 1337 1177 ad
1358 1141 1477 1179 Grae-

824 1210 947 1235 corum
962 1197 1103 1234 fabulas
1121 1198 1240 1234 efficta
1251 1197 1475 1244 viderentur,

823 1258 863 1291 ut
888 1257 1038 1292 eatenus
1069 1253 1161 1289 illius
1189 1253 1406 1289 narrationis
1430 1254 1476 1290 fi-

821 1311 887 1348 des
935 1309 1042 1347 valde
1081 1310 1130 1345 sit
1175 1309 1296 1346 dubia.
1364 1309 1473 1346 Conf.

819 1365 1037 1404 Dahlmann.
1067 1365 1247 1402 Herodot.
1281 1376 1367 1415 pag.
1393 1365 1473 1407 142

818 1435 897 1471 seq.
925 1420 975 1458 At
996 1422 1058 1471 qui
1072 1423 1171 1472 apud
1192 1421 1386 1459 orientales
1406 1435 1473 1459 na-

817 1479 936 1516 tiones
957 1492 1038 1516 eum
1052 1507 1063 1526 ,
1094 1479 1155 1528 qui
1179 1491 1332 1526 regnum
1354 1479 1473 1527 quod-

819 1536 904 1573 dam
933 1536 1118 1584 regiamve
1158 1535 1372 1583 dignitatem
1402 1535 1472 1572 sibi

819 1592 1000 1641 acquirat,
1040 1591 1140 1628 haud
1183 1604 1266 1628 raro
1303 1592 1470 1628 videmus

816 1660 951 1686 nomen
968 1648 1072 1697 quasi
1094 1660 1136 1684 ac
1154 1647 1293 1684 titulum
1316 1647 1393 1685 eius
1411 1661 1470 1686 re-

819 1704 877 1753 gis
896 1705 1019 1742 eiusve
1041 1703 1177 1753 stirpis,
1207 1716 1301 1752 quae
1321 1704 1367 1741 ab
1386 1704 1469 1754 ipso

817 1761 920 1809 regia
942 1761 989 1798 sit
1007 1761 1171 1811 privatus
1190 1760 1390 1809 dignitate,
1408 1773 1469 1796 as-

817 1830 981 1865 sumere,
1028 1818 1220 1867 ipsamque
1254 1817 1469 1854 affinitatem

816 1886 895 1911 cum
914 1873 974 1911 illa
996 1873 1222 1920 contrahere,
1238 1873 1467 1910 matrimonio

813 1930 915 1967 inito.
971 1930 1056 1967 Hoc
1085 1929 1179 1966 enim
1205 1930 1316 1966 modo
1351 1929 1468 1979 impe-

814 1987 905 2023 rium
923 1987 992 2037 ipsi
1015 1987 1056 2023 fit
1081 1986 1199 2034 magis
1225 1986 1404 2022 firmatum
1430 1990 1468 2023 et

815 2043 862 2080 ab
904 2043 1002 2080 omni
1039 2042 1264 2078 subditarum
1303 2042 1466 2091 gentium

815 2100 996 2137 seditione
1018 2102 1155 2146 tutum,
1195 2111 1289 2148 quae
1318 2099 1465 2147 quando

813 2169 939 2205 regem
970 2156 1133 2194 eiusdem
1162 2155 1241 2192 fere
1271 2155 1396 2204 stirpis
1424 2167 1463 2191 a-

813 2214 956 2263 deoque
976 2212 1132 2250 familiae
1154 2212 1204 2248 ad
1231 2211 1361 2248 solium
1381 2224 1464 2248 eve—

811 2274 909 2307 ctum
937 2269 1104 2315 audiant,
1139 2267 1339 2305 seditiones
1367 2267 1465 2304 haud

809 2330 959 2364 movent
1003 2326 1203 2374 iugumque
1255 2324 1464 2375 impositum

809 2382 910 2419 haud
933 2395 1045 2431 aegre
1065 2382 1200 2418 serunt.
1234 2381 1364 2430 ltaque
1380 2379 1463 2418 Me-

811 2439 867 2476 dis
902 2440 940 2475 in
966 2438 1161 2476 Persarum
1194 2437 1371 2474 ditionem
1403 2450 1463 2474 re-

809 2496 925 2532 dactis
945 2495 1074 2532 solatio
1095 2506 1177 2532 esse
1194 2497 1351 2544 poterat,
1362 2494 1463 2542 quod

811 2552 972 2600 Cyrum,
1010 2563 1145 2588 novum
1173 2563 1320 2598 regem,
1349 2550 1463 2600 priori

810 2621 890 2646 cum
911 2609 1027 2658 stirpe
1047 2607 1152 2655 regia
1180 2607 1309 2643 mirum
1327 2607 1365 2643 in
1383 2619 1462 2643 mo-

809 2665 895 2702 dum
905 2665 1135 2702 coniunctum
1152 2663 1341 2713 ipsiusque
1351 2662 1462 2711 Asty-

807 2722 888 2770 agis
935 2724 1109 2772 nepotem
1153 2732 1236 2758 esse
1280 2719 1460 2758 audirent.

808 2779 915 2822 Quae
948 2790 1029 2815 cum
1059 2777 1111 2812 ita
1135 2776 1232 2823 sint,
1269 2789 1350 2813 eam
1375 2775 1459 2812 viris

807 2834 925 2871 doctis
950 2833 1036 2870 olim
1061 2833 1240 2883 proposui
1277 2832 1460 2870 coniectu-

807 2903 905 2938 ram,
937 2894 976 2927 ut
994 2889 1131 2938 Cyrum
1150 2902 1191 2927 re
1207 2900 1294 2926 vera
1313 2887 1460 2925 minime
