1759 3324
307 229 392 268 61⁰

704 226 1177 267 HERODOTI

309 335 572 394 ποιήσαντες
599 338 835 394 θεογονίην
850 336 1051 394 Ἕλλησι,
1083 335 1157 380 καὶ
1185 338 1298 380 τοῖσι
1327 339 1472 381 θεοῖσι
1500 336 1578 388 τὰς

254 512 394 549 dudum
435 511 577 548 monuit
613 510 661 547 G.
704 508 906 548 Hermann.

256 568 438 617 (Homer.
466 567 579 604 Brief.
608 578 693 616 pag.
714 568 798 615 11).
857 567 909 604 Ac

255 626 334 663 iure
354 625 499 674 quidem
516 624 553 659 in
573 622 717 669 dativo,
747 622 809 671 qui
827 636 910 660 ver-

255 682 305 719 bo
325 684 454 720 ποιεῖν
476 680 636 716 adiectus
655 682 732 725 est,
760 679 912 717 lVesse-

255 738 454 786 lingianain
490 736 520 772 si
555 735 689 784 probes
720 735 911 783 rationem,

256 794 385 832 haeret
410 791 522 829 lvolf.
545 790 718 838 Prolegg.
739 791 910 828 Homerr.

256 863 344 901 pag.
381 847 479 885 LIV.
544 846 655 896 Apud
691 846 912 884 Pausaniam

257 906 338 943 loco
357 905 426 951 IX,
455 906 532 950 27,
558 907 584 944 2
615 903 713 940 haud
734 903 914 950 dissimili,

259 975 369 1012 quem
404 961 608 998 Creuzerus
639 961 777 1010 profert
804 960 915 1008 (Ho-

258 1031 348 1056 mer.
364 1018 477 1054 Brief.
497 1030 533 1066 p.
556 1018 632 1063 27,
650 1017 712 1053 ubi
730 1017 836 1064 vid),
861 1016 914 1054 le-

260 1075 398 1124 gimus:
438 1069 596 1118 Λύκιος
628 1069 670 1111 δὲ
697 1068 843 1121 Ὠλήν,
871 1069 915 1120 ὃς

259 1131 328 1171 καὶ
347 1127 441 1177 τούς
460 1126 616 1180 ὕμνους
642 1127 737 1176 τούς
760 1126 915 1181 doxazo-

259 1184 404 1234 τάτους
442 1185 683 1237 ἐποίησεν
712 1183 914 1238 ’Έλλησιμ

261 1244 298 1283 T
301 1257 445 1282 acemus
466 1243 577 1290 alios,
605 1243 667 1292 qui
693 1243 810 1281 locum
836 1243 917 1281 He-

260 1301 383 1339 rodoti
399 1304 622 1347 tractarunt,
652 1312 674 1336 a
689 1301 874 1338 Creuzero
890 1299 913 1337 l.

261 1358 286 1396 l.
317 1358 355 1394 in
376 1361 452 1394 not.
490 1356 618 1393 allatos
637 1385 649 1402 ‚
686 1370 765 1394 cum
792 1358 912 1407 ipsum

261 1415 412 1454 verbum
429 1416 560 1452 ποιεῖν
577 1413 710 1450 nullam
733 1413 840 1450 aliam
857 1414 914 1449 in-

262 1470 563 1522 terpretationem
582 1470 639 1507 hic
653 1470 837 1518 admittat,
858 1470 914 1506 ni-

267 1528 300 1566 si
328 1540 431 1575 eam,
470 1539 543 1576 qua
571 1528 702 1576 primos
720 1526 914 1564 Hesiodum

264 1588 371 1634 atque
428 1583 616 1621 Homerum
676 1582 914 1632 Theogoniam

264 1642 413 1679 Graecis
431 1640 624 1676 condidisse
642 1640 815 1677 dicamus.
834 1640 916 1676 Un-

265 1699 313 1736 de
332 1698 402 1734 iam
427 1697 574 1746 gravior
600 1695 720 1734 existit
741 1697 918 1746 quaestio,

265 1766 339 1804 quo
357 1754 434 1791 iure
453 1757 490 1791 et
513 1766 585 1802 quo
606 1766 714 1790 sensu
733 1754 917 1791 Homerus

265 1815 378 1860 atque
420 1810 606 1848 Hesiodus
650 1811 842 1847 inventores
882 1813 921 1847 et

266 1867 458 1904 conditores
496 1866 721 1915 theogoniae
754 1867 919 1904 Graecae

266 1924 453 1970 dicantur,
501 1936 581 1960 cum
608 1927 694 1961 ante
729 1928 920 1972 utrumque

266 1984 415 2031 poetam
455 1979 544 2016 alios
592 1979 664 2015 iam
700 1980 812 2017 fuisse
851 1991 919 2030 per

269 2036 462 2073 Graeciam
489 2039 641 2086 poetaS,
674 2037 820 2073 minime
854 2048 920 2073 ne-

269 2093 349 2140 gari
364 2095 485 2141 queat.
515 2091 602 2128 Vult
610 2091 776 2142 Heynius
788 2092 921 2140 (Com-

267 2153 431 2186 mentatt.
443 2147 576 2185 Societ.
588 2148 754 2198 Gotting.
764 2162 796 2185 a.
811 2151 918 2190 1779

268 2204 340 2241 vol.
365 2203 399 2241 II
425 2217 462 2255 p.
494 2206 616 2253 132),
645 2217 709 2252 ea,
739 2218 835 2254 quae
855 2217 921 2242 an-

268 2265 330 2299 tea
351 2260 513 2311 pluribus
546 2262 762 2298 carminibus
783 2261 920 2312 passim

270 2319 318 2355 de
335 2318 406 2354 diis
437 2330 636 2366 eorumque
663 2319 812 2366 formis,
842 2331 921 2354 mu-

268 2374 415 2411 neribus
433 2378 500 2411 etc.
522 2375 688 2424 exposita
709 2379 774 2412 aut
794 2387 922 2411 narra-

269 2431 369 2467 tione
391 2430 567 2467 maiorum
586 2443 629 2467 ac
648 2433 747 2468 fama
767 2431 919 2468 diversis

269 2485 356 2523 locis
383 2487 524 2524 diverse
545 2499 673 2536 sparsa
693 2499 735 2524 ac
756 2487 922 2524 dissemi-

269 2546 357 2580 nata
375 2543 548 2588 fuissent,
580 2555 650 2578 uno
668 2544 826 2580 carmine
844 2543 922 2579 He-

269 2599 412 2637 siodum
447 2598 764 2648 comprehendisse
805 2599 921 2635 diser-

269 2656 419 2704 tiusque
449 2655 684 2704 exposuisse3
721 2655 921 2692 Homerum

270 2724 357 2750 vero
376 2711 523 2760 mythos
545 2711 592 2748 de
609 2711 677 2747 diis
696 2711 863 2759 vulgatos
872 2711 920 2747 ad

271 2768 410 2818 epicam
426 2767 604 2804 rationem
633 2768 836 2804 traduxisse
864 2770 920 2804 at-

270 2837 344 2874 que
370 2825 421 2861 ita
455 2836 629 2871 ornasse,
660 2827 697 2861 et
714 2825 763 2861 ad
781 2827 918 2861 certam

270 2881 450 2920 rationem
478 2880 731 2929 constituisse,
770 2885 809 2918 ut
830 2880 917 2919 inde

974 523 1043 561 pro
1080 509 1229 548 modulo
1258 522 1301 548 ac
1330 509 1460 559 regula
1488 508 1635 547 fabulae

977 568 1195 604 haberentur
1206 568 1302 616 apud
1316 572 1495 616 posteros.
1514 566 1635 610 Quam

978 624 1194 661 sententiam
1221 623 1400 673 amplians
1424 627 1460 661 et
1490 622 1635 660 uberius

979 692 1166 730 exponens
1186 679 1390 717 Creuzerus
1413 681 1450 716 in
1470 679 1634 728 Symbol.

979 735 1012 772 ΙΙ
1036 748 1122 785 pag.
1135 735 1212 776 451
1237 749 1313 784 seq.
1335 736 1431 774 hunc
1452 736 1556 773 huius
1577 735 1635 772 lo-

979 792 1010 828 ci
1026 805 1172 829 sensum
1194 804 1273 828 esse
1295 793 1438 830 statuit:
1469 792 1636 839 „Homer

979 848 1055 884 und
1074 847 1218 884 Hesiod
1246 848 1382 885 fanden
1410 850 1475 885 das
1496 847 1635 896 Mittel,

979 904 1018 940 in
1051 904 1169 941 einem
1201 916 1320 940 neuen
1339 905 1637 954 Rittergesange,

979 961 1039 998 fiir
1056 959 1135 997 Alle
1152 961 1331 1010 passend‚
1364 960 1468 997 Allen
1499 974 1544 996 zu
1562 962 1638 997 sin-

982 1030 1054 1066 gen
1072 1030 1137 1053 zur
1150 1017 1327 1064 Geniige,
1352 1016 1473 1055 indem
1496 1019 1547 1055 sie
1570 1018 1637 1054 das

982 1073 1212 1110 Geheimniss
1226 1074 1458 1121 entdeckten,
1471 1074 1530 1111 die
1542 1074 1639 1111 Gijt-

981 1134 1037 1168 ter
1062 1130 1140 1167 rein
1178 1129 1395 1167 menschlich
1425 1143 1471 1166 zu
1498 1130 1639 1167 behan-

983 1186 1090 1233 deln‚
1131 1199 1177 1222 zu
1203 1186 1639 1236 anthropomorphisiren‚

984 1244 1020 1280 d.
1042 1243 1077 1279 h.
1100 1243 1220 1280 indem
1239 1243 1291 1279 sie
1313 1256 1351 1280 es
1370 1243 1546 1280 nichtnur
1556 1255 1639 1281 ver-

984 1299 1139 1337 standen
1157 1328 1168 1345 ‚
1227 1300 1345 1336 einem
1395 1299 1638 1348 allgemeinen

982 1355 1205 1393 Grundtrieb
1255 1356 1322 1393 ‹ler
1368 1356 1637 1394 menschlichen

979 1412 1103 1450 Natur
1151 1414 1318 1461 gemHss,
1368 1413 1441 1450 den
1480 1413 1638 1450 Gottern

981 1468 1157 1506 sinnliche
1180 1469 1485 1518 Eigenschasten,
1506 1470 1638 1507 Kraste

981 1526 1057 1562 und
1094 1525 1318 1574 Neigungen
1355 1539 1400 1562 zu
1440 1526 1637 1573 verleihen,

984 1582 1145 1619 sondern
1175 1582 1227 1619 sie
1259 1582 1349 1619 auch
1382 1583 1419 1619 in
1439 1583 1545 1620 einen
1565 1581 1639 1619 sol-

985 1639 1076 1676 chen
1095 1638 1204 1675 Kreis
1237 1651 1310 1674 von
1326 1639 1573 1688 Handlungen
1591 1651 1638 1676 zu

982 1699 1174 1732 versetzen
1186 1724 1197 1742 ,
1213 1695 1286 1732 den
1305 1695 1364 1733 die
1376 1695 1640 1744 Einbildungs-

985 1752 1084 1788 kraft
1102 1751 1166 1788 des
1189 1751 1434 1800 griechischen
1459 1752 1572 1790 Volks
1591 1764 1639 1788 zu

985 1809 1169 1846 umsassen
1187 1808 1391 1854 vermocht3
1419 1811 1538 1846 womit
1563 1808 1640 1845 also

986 1865 1043 1902 die
1054 1863 1346 1914 Personffcation
1364 1864 1424 1902 cler
1440 1865 1640 1903 Gottheiten

985 1935 1083 1971 ganz
1140 1920 1411 1958 volksthoemliclz
1468 1922 1639 1960 vollendet

987 1978 1102 2015 war.“
1160 1979 1269 2015 conf.
1294 1979 1450 2016 eundem
1478 1980 1641 2017 Creuze-

986 2048 1064 2072 rum
1111 2035 1148 2071 in
1185 2033 1332 2071 Annall.
1374 2035 1641 2084 Heidelbergg.

993 2090 1100 2133 1825
1136 2104 1222 2141 pag.
1247 2090 1348 2138 104,
1385 2092 1449 2141 qui
1479 2093 1528 2129 ad
1547 2096 1641 2131 θεο-

988 2148 1131 2200 γονίην
1163 2147 1346 2185 Herodoti
1380 2149 1419 2185 in
1443 2148 1524 2186 loco
1551 2160 1641 2186 con-

987 2205 1074 2242 ferri
1094 2203 1170 2242 vult
1186 2203 1302 2240 Procl.
1331 2204 1368 2241 in
1391 2203 1551 2241 Platonis
1572 2203 1641 2241 Ti-

987 2273 1129 2298 maeum
1151 2274 1187 2311 p.
1205 2260 1287 2301 315
1314 2259 1375 2297 lin.
1398 2262 1449 2301 18
1477 2273 1580 2310 seqq·
1603 2263 1642 2298 et

988 2318 1199 2367 scriptorem
1223 2316 1450 2354 Platonicum
1483 2317 1520 2353 in
1549 2316 1642 2367 Epi-

987 2373 1136 2410 nomide
1165 2387 1201 2422 p.
1222 2374 1326 2420 980,
1362 2373 1393 2410 C
1423 2374 1481 2410 ed.
1509 2373 1640 2423 Steph.

989 2433 1028 2466 et
1046 2429 1131 2465 add.
1144 2428 1255 2466 Rink.
1275 2429 1312 2465 in
1330 2429 1475 2466 Annall.
1487 2429 1642 2467 Heidel-

987 2486 1117 2533 bergg.
1138 2488 1246 2526 1828
1268 2499 1320 2522 nr.
1337 2486 1391 2527 75
1420 2499 1505 2536 pag.
1530 2488 1642 2528 1192

989 2554 1064 2589 seq.
1133 2541 1192 2577 Ad
1220 2555 1323 2579 usum
1361 2543 1461 2580 verbi
1495 2545 1642 2590 ποιεῖν,

987 2597 1048 2634 ubi
1070 2595 1164 2644 ἔπος
1187 2599 1380 2646 omittitur,
1397 2599 1533 2637 faciunt
1548 2612 1642 2649 quo-

988 2666 1060 2702 que
1090 2667 1154 2701 ea,
1184 2667 1277 2704 quae
1305 2655 1470 2694 Siebelis.
1501 2656 1643 2693 notavit

987 2710 1036 2747 ad
1078 2710 1235 2748 Pausan.
1263 2712 1320 2759 ΙΙ,
1350 2716 1375 2754 6
1416 2710 1453 2763 ἓ.
1482 2716 1521 2754 2.
1575 2711 1640 2750 Cr.

986 2768 1127 2804 confert
1164 2767 1420 2816 Wyttenbach.
1452 2769 1503 2806 ad
1541 2768 1640 2806 Plut.

984 2823 1127 2861 Morall.
1147 2823 1163 2861 I
1182 2838 1220 2876 p.
1242 2827 1335 2866 180.
