1759 3324
510 255 1032 298 EUTERPE.11.

1311 255 1397 298 753

131 372 338 429 ἄφθονον
368 370 515 425 ἔχωσι,
548 365 800 424 τεχνάσαιτο
832 363 1101 419 οἰκοδομέων
1129 363 1208 407 τὸν
1221 369 1392 421 θησαυ-

75 461 118 494 10
132 452 214 506 ρόν
241 454 320 494 τοῦ
348 447 559 505 βασιλέος.
592 445 765 502 σαφέως
800 444 846 488 δὲ
877 442 1051 487 αὐτοῖσι
1080 442 1221 487 πάντα
1241 443 1391 501 ἐξηγη-

128 530 316 586 σάμενον
345 526 398 571 τά
431 527 528 582 περὶ
562 526 644 583 τὴν
674 526 886 580 ἐξαίρεσιν
914 526 996 566 τοῦ
1024 524 1181 575 λίθου,
1233 525 1394 567 δοῦναι

125 610 178 652 τά
205 607 340 664 μέτρα
371 605 537 659 αὐτοῦ,
588 606 771 662 λέγοντα
802 602 861 654 ὠς
889 606 1027 646 ταῦτα
1067 601 1450 658 διαφυλάσσον-5ο

72 696 111 729 11
129 704 218 739 τες,
256 688 404 742 ταμίαι
440 690 529 730 τῶν
566 685 765 742 βασιλέος
799 680 1032 739 χρημάτων
1071 682 1258 725 ἔσονται.

1318 683 1393 726 καὶ

126 766 203 811 τὸν
233 765 312 822 μὲν
340 769 590 823 τελευτῆσαι
618 763 696 807 τόν
725 765 845 820 βίον,
875 761 978 813 τούς
1007 761 1052 805 δὲ
1071 763 1229 813 παῖδας
1251 759 1393 806 αὐτοῦ

127 845 210 890 οὐκ
239 845 283 897 ές
311 845 487 902 μακρὴν
516 845 647 901 ἔργου
686 843 878 899 ἔχεσθαι·

932 839 1197 892 ἐπελθόντας
1237 841 1283 885 δὲ
1324 842 1391 885 ἐπὶ

125 925 178 970 vc}
209 924 414 982 βασιλήια
443 923 622 978 νυκτὸς,
662 923 735 967 καὶ
761 921 840 965 τόν
868 922 999 965 λίθου
1028 921 1096 964 ἐπὶ
1123 923 1185 976 τῷ
1216 921 1390 964 οἰκοδο-

124 1002 287 1062 μήματι
320 1002 613 1060 ἀνευρόντας,
658 1003 834 1060 ῥηϊδίως
863 1001 1245 1057 μεταχειρίσασθαι
1267 1032 1279 1052 ,
1317 1001 1445 1043 καὶ55

12 1093 40 1133 2
73 1088 214 1127 12τῶν
249 1083 479 1140 χρημάτων
516 1083 653 1126 πολλὰ
690 1081 996 1134 ἐξενείκασθαι.

1048 1078 1125 1130 Ὡς
1163 1079 1208 1123 δὲ
1244 1083 1388 1135 τυχεῖν

1444 1082 1540 1110 Fures
1590 1082 1721 1111 fratres:

1444 1116 1522 1143 alter
1547 1117 1655 1151 laqueo
1673 1126 1722 1145 ca-

124 1164 201 1207 τὸν
231 1163 408 1220 βασιλέα
432 1163 663 1214 ἀνοίξαντα
681 1160 729 1204 τό
753 1162 935 1216 οἴκημα,
964 1158 1215 1216 θωυμάσαι,
1239 1158 1390 1202 ἰδόντα
1450 1171 1530 1209 160

123 1247 212 1286 τῶν
245 1241 477 1299 χρημάτων
514 1244 704 1286 καταδεᾶ
741 1241 794 1283 τά
834 1238 1009 1296 ἀγγήϊα·

1070 1235 1155 1282 οὐκ
1195 1238 1303 1294 ε’χειν
1341 1238 1388 1282 δὲ

126 1322 178 1367 ὅν
204 1339 302 1366 τινα
331 1321 591 1373 ἐπαιτιᾶται,
630 1325 718 1364 τῶν
746 1337 790 1363 τε
820 1317 1126 1376 σημάντρων’
1109 1315 1272 1361 εόντων
1303 1316 1391 1360 σώ-

70 1409 112 1443 13
127 1418 212 1454 ων,
251 1401 326 1446 καὶ
354 1405 434 1445 τοῦ
466 1400 700 1458 οἰκήματος
738 1399 1029 1454 κεκλειμένου.
1084 1396 1144 1449 ὦς
1174 1396 1218 1440 δὲ
1250 1394 1387 1453 αὐτῷ,

1444 1237 1533 1294 Prtusn
1515 1233 1613 1266 ,alter
1623 1242 1687 1268 cap1
1679 1234 1721 1261 ite

1445 1268 1533 1336 elat‘rsn
1517 1309 1566 1327 qus
1568 1272 1720 1303 amputato

124 1482 194 1525 καὶ
227 1481 291 1532 δὶς
318 1481 391 1524 καὶ
425 1481 518 1534 τρὶς
557 1479 802 1532 ἀνοίξαντι,
844 1479 926 1521 αἰεὶ
955 1477 1121 1521 ἐλάσσω
1152 1477 1445 1532 φαίνεσθαιΰῡ

122 1561 174 1604 τοὶ
205 1560 423 1617 χρήματα,
464 1558 588 1613 (τοὺς
616 1559 698 1615 γαρ
729 1558 913 1609 κλέπτας
943 1555 1026 1600 οὐκ
1057 1554 1227 1599 ἀνιέναι
1256 1572 1385 1610 κερα-

124 1640 338 1694 ’ί”ζοντας,)
369 1640 548 1695 ποιῆσαί
587 1655 661 1695 μιν
698 1637 822 1682 τάδε·

123 1843 189 1885 τὸν
206 1843 417 1898 θησαυρόν
429 1848 503 1885 τοῦ
521 1843 718 1897 βασιλέος]

68 1901 248 1954 βασιλέως
264 1917 344 1940 cum
357 1904 541 1940 Gaisford.
562 1903 718 1952 reposui.

66 1960 186 2008 Vulgo
207 1960 414 2011 βασιλῆος,
444 1964 485 1997 ut
503 1960 596 1996 infra
619 1957 655 2009 ᾗ,
680 1961 716 2000 5.

69 2016 126 2053 Ad
152 2017 263 2053 verba
290 2016 381 2065 περὶ
417 2013 492 2067 τήν
525 2015 718 2066 ἐξαίρεσιν

66 2074 138 2111 τοῦ
171 2072 289 2111 λίθου
325 2073 390 2110 Cr.
430 2074 569 2110 confert
603 2072 718 2121 llgeu.

66 2130 114 2166 ad
130 2129 251 2178 hymn.
274 2129 423 2167 Homer.
445 2142 530 2179 pag.
549 2128 643 2169 304.

124 2185 264 2225 δοῦναι
282 2183 329 2224 τά
356 2184 474 2238 μέτρα
495 2180 635 2236 αὐτοῦ]
668 2182 715 2225 ‘ca‘

68 2239 205 2293 μέτρα,
236 2254 433 2290 mensuras,
456 2243 620 2280 consulto
636 2242 717 2280 No-

68 2302 179 2335 strum
203 2299 387 2350 scripsisse
412 2303 518 2350 putat
530 2299 717 2349 Schweig-

67 2354 274 2402 haeuoerus,
290 2356 363 2393 scil.
379 2368 455 2393 non
472 2355 586 2393 solum
603 2356 716 2407 ipsius

70 2410 198 2460 lapidis
221 2425 447 2459 mensuram,
478 2413 544 2451 sed
570 2426 719 2451 mensu-

69 2478 146 2503 ram
168 2467 415 2506 distantiarum
443 2470 489 2506 ab
517 2470 590 2506 imo
619 2470 720 2508 aedi-

70 2522 151 2559 ficio
172 2528 208 2561 et
225 2525 270 2561 ab
290 2530 444 2574 utroque
457 2525 582 2564 latere.

127 2574 200 2617 οὐκ
227 2578 264 2626 ἐς
291 2596 446 2633 μακρην
483 2581 597 2633 ε’ργου
641 2580 719 2633 ε’χε-

73 2633 195 2684 σθαι]
227 2635 265 2682 ἐς
293 2634 494 2689 μακρὴν
515 2640 592 2676 iure
612 2652 719 2689 prae-

71 2690 151 2726 tulit
169 2691 368 2742 Schweigh.
386 2694 549 2743 vulgato:
582 2694 621 2741 ἐς
647 2711 718 2745 μα-

69 2741 189 2812 κρόν,·
221 2749 268 2784 ad
297 2750 383 2787 illud
408 2751 517 2800 vulgo
549 2751 720 2801 supplent

71 2797 191 2852 ὥραν.
249 2803 331 2842 Vid.
362 2805 547 2844 Lambert.
564 2807 651 2844 Bos.
670 2809 718 2846 de

71 2857 184 2908 elliPS.
201 2871 285 2908 pag.
300 2863 378 2903 576
397 2876 473 2912 seq
497 2863 576 2900 coll.
594 2864 717 2912 Viger.

72 2914 120 2952 de
145 2914 313 2953 idiotism.
349 2930 435 2967 pag.
461 2918 555 2960 596.
621 2920 718 2956 Hinc

129 2968 335 3011 Hssnonom.
368 2974 395 3010 Ι.

878 1637 1020 1693 πάγας
1048 1634 1288 1692 προστάξαι
1318 1636 1387 1692 έρ-

789 1841 863 1884 οὕκ
900 1844 939 1892 ἔς
983 1840 1143 1895 μακρήν
1182 1844 1272 1881 verti
1307 1846 1444 1894 poterit

782 1902 893 1952 paulo
908 1906 999 1952 post.
1027 1898 1176 1953 ’Έργου
1196 1899 1355 1950 ἔχεσθαι
1374 1901 1440 1938 ad-

786 1972 916 1996 movere
942 1972 1084 2005 mamm,
1113 1957 1274 1994 accedere
1299 1958 1348 1994 acl
1368 1957 1440 1994 ali-

787 2015 896 2066 quid,
926 2028 1001 2053 non
1030 2015 1107 2051 sine
1135 2014 1254 2050 studio
1280 2027 1322 2051 ac
1340 2014 1442 2051 festi-

786 2073 935 2110 natione
953 2101 964 2119 ‚
1013 2072 1102 2108 satis
1138 2069 1354 2107 illustratum
1393 2071 1440 2107 ab

785 2129 1039 2168 Hemsterhus.
1068 2128 1117 2165 ad
1143 2127 1268 2176 Viget.
1297 2139 1335 2178 p.
1357 2126 1439 2168 255

787 2199 862 2236 seq.

1060 2266 1097 2320 ς.
1126 2271 1162 2310 2.

842 2355 915 2393 τοῦ
944 2349 1160 2404 οἰκήματος
1188 2366 1239 2391 κε
1249 2354 1331 2391 κλε
1341 2367 1354 2391 ι
1366 2368 1393 2403 μ
1405 2350 1441 2391 έ-

787 2410 901 2461 νου]
943 2426 985 2449 κ
973 2408 1196 2460 κλειμένου
1230 2408 1357 2457 (Attio.
1379 2423 1440 2447 κε-

787 2465 1006 2523 κλῃμένον)
1025 2468 1144 2504 forma
1160 2466 1279 2503 minus
1304 2466 1440 2502 usitata

786 2538 853 2576 pro
870 2526 998 2563 κεκλει
1009 2535 1030 2562 σ
1040 2521 1174 2574 μένου.
1205 2522 1286 2560 Vid.
1304 2521 1438 2558 Matth.

788 2582 853 2618 Gr.
878 2581 944 2617 Gr.
972 2593 1060 2630 pag
1085 2581 1178 2621 333.

845 2633 918 2677 οὔκ
949 2632 1147 2676 ἀνιέναι
1187 2650 1323 2687 κεραι
1318 2635 1439 2682 ζ’·ον-

786 2709 806 2732 τ
817 2693 885 2744 ας]
905 2693 1091 2743 Participii
1107 2705 1210 2729 usum
1228 2696 1315 2742 post
1335 2687 1438 2730 ἀνιέ-

786 2766 854 2789 ναι
885 2750 972 2787 satis
999 2752 1305 2794 commonstrant,
1344 2760 1441 2798 quae

786 2807 917 2843 Matth.
958 2820 994 2856 p.
1019 2807 1125 2847 1081
1161 2805 1335 2854 disputat.
1393 2804 1442 2840 Et

786 2864 880 2900 conf.
902 2875 1049 2911 quoque
1070 2861 1242 2908 11,113.

842 2913 971 2970 πάγας
984 2940 1039 2946 ——
1053 2930 1122 2967 στη
1110 2889 1209 2966 2Gon]
1230 2916 1371 2953 Eadem
1389 2914 1442 2952 lo-

1109 2973 1166 3012 48
