1759 3324
375 258 460 298 848

790 258 1255 296 HERODOTI

376 369 543 410 λασσαν
571 365 791 424 φερούσῃ,
845 367 925 423 τὴν
964 370 1151 421 Δαρεῖος
1192 366 1215 409 ὁ
1249 366 1422 423 Πέρσης
1450 367 1631 423 δεύτερα
1646 375 1692 409 20

375 444 578 501 διώρυξε·
623 449 699 500 τῆς
728 449 865 502 μῆκος
897 446 975 502 μέν
1015 445 1104 489 ἐστι
1142 444 1278 497 πλόος
1306 444 1465 502 ἡμέραι
1493 446 1635 491 τέσσε-

375 541 469 578 ρες,
518 519 648 576 εὖρος
685 524 731 566 δὲ
762 523 940 582 ὠρύχθη
980 525 1087 568 ὥστε
1124 523 1327 581 τριήρεας
1374 525 1455 569 δύο
1494 525 1637 569 πλέειν

345 601 494 660 Ξὸμοῦ
525 602 879 659 ἐλαστρευμένας.
926 599 1053 660 ἦκται
1084 604 1128 648 δὲ
1157 604 1243 648 ἀπὸ
1280 608 1360 649 τοῦ
1389 607 1557 649 Νείλου
1585 603 1634 649 τὸ

316 835 430 860 causa
448 821 607 859 canalem
625 821 854 861 restitueret:
873 820 973 858 unde

317 880 438 928 operis
470 882 654 914 auctorem
684 883 720 913 et
748 877 972 913 conditorem

318 935 454 971 dictum
473 935 582 970 fuisse
604 932 775 970 credibile
797 938 862 969 est.
920 932 973 969 Ac

319 991 375 1028 vel
412 995 496 1040 post
533 989 784 1026 Ptolemaeum
819 988 972 1025 similem

317 1059 467 1097 operam
502 1045 619 1083 canali
660 1046 789 1082 obruto
819 1058 973 1082 navasse

318 1104 452 1140 dicitur
472 1103 655 1140 Traianus
671 1101 726 1139 vel
751 1103 874 1151 potius
895 1102 973 1137 Ha-

319 1160 489 1205 drianus3
519 1163 557 1196 et
573 1158 777 1208 quingentis
799 1159 874 1195 fere
887 1162 973 1207 post

317 1216 446 1264 annis,
485 1229 566 1252 cum
605 1216 725 1252 denuo
765 1215 970 1251 obstructus

317 1277 415 1309 esset
443 1272 601 1319 canalis,
646 1271 771 1308 Omari
794 1271 894 1308 iussu
923 1271 969 1307 ab

315 1329 408 1365 illius
443 1330 536 1366 duce
562 1327 672 1365 Amro
700 1328 884 1364 restitutus
913 1330 970 1364 est

315 1397 413 1423 anno
437 1386 518 1426 639
547 1398 584 1434 p.
609 1385 696 1421 Chr.
717 1397 773 1430 n.‚
815 1397 886 1433 quo
914 1384 970 1419 ni-

316 1442 446 1479 mirum
469 1441 657 1478 frumentis
687 1440 724 1477 in
745 1439 906 1478 Meccam
933 1444 970 1477 et

315 1498 492 1546 reliquam
523 1496 694 1534 Arabiam
726 1510 771 1535 ex
796 1496 968 1547 Aegypto

317 1554 543 1592 deducendis
564 1553 765 1591 inserviret.
801 1554 877 1590 Sed
904 1565 970 1589 an-

316 1623 365 1648 no
384 1613 468 1652 762
488 1624 525 1661 p.
546 1610 634 1646 Chr.
656 1623 691 1646 n.
721 1610 849 1647 iterum
871 1610 970 1646 diru-

316 1671 398 1714 tus,
433 1667 481 1703 ad
508 1671 634 1703 nostra
659 1679 774 1715 usque
805 1671 970 1716 tempora

315 1724 408 1760 iacet
420 1723 616 1771 neglectus.
673 1722 754 1760 Nec
781 1727 903 1759 tamen
926 1721 969 1758 il-

317 1780 379 1816 lud
399 1779 639 1830 praetermitti
662 1779 792 1825 debet,
808 1792 889 1816 eum
909 1792 970 1816 ca-

316 1836 454 1883 nalem,
493 1849 602 1885 quem
626 1840 664 1873 et
695 1836 903 1872 Hadrianus
933 1839 968 1872 et

317 1893 474 1929 Omarus
500 1893 583 1929 duci
608 1893 808 1938 iusserunt,
838 1892 969 1928 nonni-

315 1948 365 1985 hil
381 1949 561 1985 diversum
578 1949 692 1985 fuisse
714 1949 759 1984 ab
777 1962 840 1995 eo,
861 1961 969 1996 quem

321 2009 417 2042 teste
453 2005 643 2042 Herodoto
683 2005 786 2041 duxit
824 2004 968 2041 Darius.

316 2060 426 2097 Plura
447 2060 601 2098 Rennel.
625 2061 647 2097 l.
669 2061 690 2097 l.
713 2075 748 2110 p.
763 2060 844 2101 584
863 2074 967 2109 seqq.

316 2122 353 2154 et
374 2116 543 2154 Larcher.
564 2118 611 2153 ad
631 2117 811 2154 Herodot.
833 2117 894 2163 lv,
912 2119 965 2157 39

316 2176 403 2209 tom.
423 2173 471 2208 111
494 2187 529 2222 p.
554 2174 634 2214 449
669 2173 746 2210 coll.
765 2173 876 2209 Beck.
898 2172 920 2208 l.
941 2172 964 2209 l.

316 2229 331 2264 Ι
354 2241 437 2277 pag.
458 2231 550 2268 727.
609 2229 817 2266 Recentiori
843 2233 966 2266 aetate

316 2283 516 2333 Mustapha
532 2284 599 2329 lli,
630 2285 829 2321 Turcarum
850 2286 966 2333 impe-

316 2345 436 2387 rator,
466 2340 526 2388 qui
554 2341 644 2376 obiit
674 2340 781 2380 1774
808 2353 844 2389 p.
868 2341 967 2388 Chr„

316 2398 364 2433 de
391 2396 507 2432 canali
538 2396 764 2433 restituendo
785 2397 968 2444 cogitasse

315 2454 451 2498 fertur,
483 2452 685 2500 eademque
713 2451 861 2488 consilia
887 2453 968 2499 agi-

316 2513 414 2545 tasse
457 2509 586 2545 scimus
624 2521 728 2554 eum,
776 2508 837 2555 qui
872 2521 967 2544 nunc

315 2564 486 2613 Aegypto
525 2569 671 2615 praeest
708 2576 847 2600 summo
885 2576 965 2600 cum

314 2621 477 2671 imperio.

372 2676 411 2722 ἐς
430 2673 502 2726 τήν
522 2671 722 2725 Ἐρυθρήν
740 2671 964 2725 θάλασσαν]

314 2733 373 2771 De
395 2733 498 2769 rubro
514 2734 604 2770 mari
628 2733 780 2769 diximus
808 2733 855 2768 ad
878 2732 905 2778 l,
929 2735 964 2772 1.

314 2789 398 2827 Hoc
431 2788 509 2826 loco
549 2788 761 2836 intelligitur
792 2788 965 2824 Arabicus

315 2848 434 2892 sinus,
464 2845 525 2894 qui
551 2845 698 2894 proprie
726 2845 833 2880 maris
864 2845 963 2881 rubri

315 2902 525 2953 perhibetur
549 2913 648 2952 pars.
693 2901 799 2938 conf.
819 2900 959 2938 Herod.

1039 820 1096 867 ll,
1117 820 1207 861 159.
1237 821 1299 867 IV,
1318 821 1372 862 42
1391 825 1427 859 et
1445 822 1600 860 Rennel.
1622 821 1644 858 l.
1666 822 1689 859 l.

1040 890 1126 926 pag.
1148 880 1241 917 462.

1097 934 1168 983 τῆς
1206 935 1332 984 μῆκος
1359 930 1430 983 μέν
1458 931 1538 972 ἔστι
1566 928 1692 980 πλόος
1758 939 1759 944 ’

1041 986 1186 1040 ’ἡμέραι
1209 987 1399 1041 τέσσερες]
1430 990 1487 1027 De
1509 989 1577 1025 loci
1600 994 1693 1026 stru-

1041 1051 1142 1082 ctura
1174 1046 1312 1082 monuit
1342 1045 1519 1083 Matthiae
1538 1046 1603 1083 Gr.
1625 1047 1691 1084 Gr.

1039 1115 1126 1152 pag.
1146 1105 1170 1143 7
1175 1102 1240 1143 94.
1308 1102 1457 1139 Canalis
1494 1102 1694 1151 longitudi-

1039 1171 1123 1196 nem
1159 1159 1357 1196 secundum
1391 1158 1544 1195 Plinium
1582 1159 1693 1196 fuisse

1037 1215 1164 1251 volunt
1182 1218 1236 1256 62
1255 1215 1497 1252 milliariorum
1517 1216 1591 1252 sive
1611 1216 1692 1268 112}

1037 1271 1279 1308 milliariorum
1300 1272 1609 1309 Germanicorum.
1626 1272 1692 1309 Vi-

1039 1328 1085 1364 de
1104 1328 1257 1365 Rennel.
1290 1328 1313 1365 l.
1340 1328 1362 1364 l.
1392 1340 1479 1378 pag.
1506 1329 1588 1369 386
1611 1328 1690 1366 coll.

1037 1383 1220 1421 Mannert.
1243 1385 1380 1433 Geogr.
1397 1384 1432 1420 d.
1455 1384 1566 1421 Gr.u.
1580 1384 1688 1422 Rom.

1038 1440 1096 1487 X,
1119 1443 1140 1480 1
1168 1454 1204 1490 p.
1225 1441 1318 1482 510.
1378 1441 1473 1477 Cum
1504 1441 1690 1489 navigatio

1038 1501 1194 1546 quatuor
1235 1497 1375 1534 dierum
1411 1497 1508 1534 iusto
1547 1497 1690 1546 longior

1036 1553 1222 1602 videatur,
1240 1558 1280 1589 ut
1297 1553 1335 1590 in
1354 1565 1426 1602 qua
1445 1557 1585 1590 tantum
1604 1558 1688 1591 octo

1037 1609 1204 1646 milliaria
1224 1609 1372 1658 (lienes)
1393 1622 1465 1646 uno
1489 1610 1548 1647 die
1567 1610 1689 1648 absol-

1036 1670 1188 1712 vantur,
1217 1665 1273 1703 Le
1295 1666 1389 1703 Pere
1417 1679 1454 1716 p.
1477 1668 1530 1707 60
1551 1667 1689 1714 statuit,

1036 1723 1309 1771 navigationem
1334 1722 1448 1759 rarius
1469 1723 1580 1770 velis,
1610 1723 1689 1774 ple-

1035 1791 1189 1827 rumque
1216 1779 1323 1815 remis
1353 1783 1416 1815 aut
1448 1780 1596 1816 funibus
1633 1781 1689 1816 in-

1035 1835 1196 1872 stitutam
1214 1835 1327 1872 fuisse
1341 1835 1468 1873 videri.

1094 1887 1191 1930 ὤστε
1220 1889 1402 1943 τριήρεας
1431 1886 1507 1930 δύο
1526 1912 1582 1919 -
1604 1889 1686 1931 ε’λα-
1706 1898 1708 1901 ’

1037 1945 1288 1998 στρευμένας]
1319 1943 1566 1999 ε’λαστρεύειν
1587 1948 1687 1986 haud

1035 2004 1189 2042 multum
1227 2004 1489 2052 significatione
1518 2005 1641 2042 differt
1663 2017 1687 2042 a

1035 2061 1147 2098 verbo
1181 2056 1362 2100 ἐλαύνειν
1381 2092 1391 2107 ,
1430 2073 1554 2098 navem
1583 2063 1686 2098 remis

1034 2119 1186 2165 agitare.
1227 2117 1351 2160 Quare
1367 2117 1598 2164 Eustathius,
1618 2130 1686 2154 no-

1035 2178 1148 2210 strum
1186 2173 1305 2209 locum
1342 2174 1558 2224 respiciens,
1616 2173 1685 2210 hoc

1033 2230 1184 2266 verbum
1212 2230 1379 2279 usurpari
1399 2230 1507 2266 docet
1533 2227 1597 2268 ε’πὶ
1621 2243 1683 2268 νε-

1037 2287 1095 2323 ῶν
1114 2284 1407 2334 ἐλαυνομένων,
1432 2286 1480 2321 ad
1498 2285 1537 2321 Il.
1549 2285 1683 2334 XVIII,

1035 2341 1117 2382 543
1140 2353 1224 2390 pag·
1246 2344 1351 2382 1219
1364 2369 1374 2387 ,
1392 2341 1468 2388 24,
1506 2342 1554 2378 ad
1573 2355 1682 2390 quem

1035 2397 1188 2434 eundem
1207 2396 1325 2433 locum
1344 2401 1484 2435 veteres
1502 2409 1684 2445 gramma-

1034 2453 1136 2499 ticos,
1153 2452 1214 2500 qui
1233 2452 1342 2490 iidem
1363 2458 1551 2503 exponunt
1569 2449 1682 2493 ἐλαύ-

1034 2522 1141 2549 νειν,
1174 2509 1258 2544 citat
1285 2509 1416 2558 Heyne
1442 2510 1539 2546 obss.
1565 2516 1591 2547 t.
1614 2510 1681 2548 VII

1034 2577 1070 2614 p.
1093 2563 1185 2605 544.
1244 2566 1353 2615 Apud
1371 2565 1600 2603 Herodotum
1625 2568 1682 2603 in-

1034 2622 1177 2658 venitur
1208 2618 1452 2673 ἒλαστρεύειν
1471 2622 1566 2659 infra
1588 2636 1681 2672 quo-

1034 2690 1106 2726 que
1127 2676 1216 2724 Vll,
1234 2677 1298 2718 24.
1344 2676 1403 2714 Ad
1425 2684 1681 2726 argumentum

1033 2732 1101 2769 loci
1130 2734 1323 2784 praecipue
1351 2734 1485 2770 consul.
1512 2734 1633 2771 Strab.
1655 2732 1682 2772 1.Ι

1033 2788 1055 2825 1.
1078 2790 1139 2838 qui
1162 2793 1296 2826 centum
1316 2790 1447 2826 cubitos
1464 2788 1574 2826 latum
1593 2792 1680 2828 scri-

1031 2845 1085 2881 bit
1101 2846 1260 2883 canalem
1277 2847 1505 2894 eundemque
1524 2847 1575 2883 ita
1592 2860 1678 2896 pro—

1030 2902 1180 2938 fundum
1204 2933 1216 2949 ,
1257 2907 1298 2940 ut
1340 2902 1530 2941 commode
1575 2903 1676 2940 navis
