1759 3324
646 270 864 312 CLIO.
920 269 949 308 1.

1340 273 1424 313 447

164 385 261 439 ἷρόν
288 384 452 428 ἑστᾶσι·
487 381 703 437 θεραπηῖ-ἠ
743 379 790 423 δέ
822 389 902 435 σφι
932 377 1118 423 ὄπισθεν
1146 370 1293 423 ἕπεται
1321 384 1425 424 πολ-

132 462 227 520 3λή.
277 463 323 505 αἱ
354 460 400 504 δὲ
427 463 609 510 πλεῦνες
648 461 820 502 ποιεῦσι
850 453 946 502 ὦδε.
1002 458 1050 502 ἐν
1077 457 1243 515 τεμένεϊ
1268 457 1424 515 Ἀφρο-
1437 467 1484 502 30

159 543 276 596 δίτης
305 540 532 591 κατέαται,
563 537 784 593 στέφανον
811 539 913 592 περὶ
944 541 1044 595 τῇσι
1062 542 1278 596 κεφαλῇσι
1303 540 1424 596 ἔχου-

157 631 224 662 σαι
256 617 480 674 θώμιγγος
499 650 510 670 ,
546 616 704 661 πολλαὶ
733 622 958 672 γυναῖκες·
991 619 1038 661 αἱ
1065 617 1145 673 μὲν
1171 618 1256 673 γὰρ
1287 631 1423 674 προσ,

126 697 376 753 4ἐρχονται,
421 698 468 739 αἱ
506 696 552 740 δὲ
590 695 866 752 ἀπέρχονται.

928 696 1215 753 σχοινοτενέες
1252 699 1298 743 δὲ
1339 700 1422 744 διέ-

153 776 273 828 ξοδοι
301 774 445 820 πάντα
474 774 642 830 τρόπον
683 774 802 820 ὁδῶν
841 777 988 833 ἔχουσι
1027 775 1100 820 διοὶ
1140 781 1230 821 τῶν
1268 796 1421 834 γυναι-

120 858 266 907 suc-521,
314 854 368 899 δι’
399 848 461 898 ὧν
491 857 535 899 οἱ
563 856 698 908 ξεῖνοι
727 854 956 908 διεξιόντες
985 855 1247 913 ἐκλέγονται.
1305 858 1417 903 ἔνθα
1474 870 1529 912 95

151 934 281 979 ἐπεάν
313 936 450 991 ἵζηται
485 934 620 991 γυνὴ,
670 933 725 979 οὐ
762 934 979 992 πρότερον
1021 934 1343 982 ἀπαλλάσσεται
1371 939 1473 991 ἓς36

91 1116 298 1168 ἐλάσασαι,
334 1117 433 1171 πρὸς
455 1116 501 1160 τό
523 1116 612 1171 ι’ρόν
636 1118 746 1159 ἕστᾶ-

93 1176 156 1228 σι]
181 1177 317 1215 Sustuli
344 1190 502 1224 comma,
534 1190 606 1226 quo
636 1177 745 1226 vulgo

91 1235 202 1272 verba
229 1231 325 1286 πρὸς
348 1231 390 1273 τὸ
412 1230 496 1285 ἷρόν
526 1234 572 1270 ab
599 1238 744 1272 antece-

91 1291 281 1336 dentibus,
312 1291 359 1327 ad
389 1303 482 1340 quae
511 1290 641 1327 eodem
666 1290 743 1328 iure

90 1347 276 1397 pertinent
296 1360 369 1395 quo
389 1347 434 1383 ad
454 1359 610 1395 sequens
633 1344 742 1385 ἕστοῖ-

91 1414 150 1449 σι,
181 1403 474 1451 seiungebantur.
498 1423 554 1429 —-
581 1398 740 1454 καμᾶρη

89 1463 146 1496 est
164 1459 327 1497 aedicula
348 1472 375 1496 s.
404 1459 620 1496 domuncula
639 1459 740 1497 vehi-

88 1515 170 1552 culo
212 1515 405 1566 imposIta,
441 1516 479 1552 in
514 1528 586 1565 qua
619 1519 736 1554 tectus

88 1572 233 1619 sedeat,
271 1572 335 1621 qui
371 1571 532 1609 vehatur.
600 1572 739 1610 Confer

86 1627 308 1677 Wesseling.
335 1628 383 1665 ad
415 1628 556 1665 Herod.
585 1628 656 1676 IV,
684 1631 737 1670 69

88 1687 125 1722 et
150 1683 402 1722 Hemsterhus.
433 1685 481 1721 ad
502 1684 737 1735 Aristophan.

86 1739 181 1777 Plut.
202 1753 288 1790 pag.
311 1742 404 1781 369.
462 1740 495 1777 A
517 1741 740 1778 Grammati-

85 1796 135 1833 cis
149 1797 298 1834 Graecis
314 1796 513 1847 explicatur
532 1795 561 1848 ἦ
579 1796 644 1836 ἐπὶ
664 1799 738 1848 τῆς

85 1847 242 1904 αμάξης
272 1848 414 1904 σκηνή.
467 1853 569 1891 Nos:
605 1856 660 1892 ein
680 1855 737 1891 be-

84 1908 223 1946 deckter
260 1908 406 1958 Wagen.
464 1910 627 1957 „Quare
651 1915 738 1961 apte

83 1978 161 2002 cum
189 1969 314 2003 nostro
353 1966 517 2003 Kammer
550 1971 738 2018 comparat

82 2021 216 2059 Kanne
244 2022 355 2071 (iiber
371 2024 406 2060 d.
424 2023 738 2061 Verwandtschaft

83 2078 119 2114 d.
138 2078 283 2116 Griech.
309 2092 344 2116 u.
364 2078 540 2117 Deutsch.
561 2079 734 2131 Sprach.)

83 2146 169 2185 pag.
191 2135 245 2176 24
263 2137 367 2173 not.“
392 2135 458 2173 Cr.

137 2189 338 2239 κατέαται,
395 2190 594 2242 στέφανον
642 2191 734 2244 περὶ

81 2247 173 2300 τῇσι
207 2250 404 2303 κεφαλῇσι
457 2248 614 2300 ἔχουσαι
649 2246 732 2289 θεό-

83 2317 233 2356 μιγγος,
262 2304 405 2344 πολλαὶ
427 2304 636 2357 γυναῖκες]
664 2321 732 2346 κα-

86 2357 214 2399 τέαται
234 2374 301 2411 pro
328 2364 529 2412 καθῆνται
558 2363 596 2400 in
624 2364 732 2401 tertia

81 2414 205 2465 plural.
226 2419 373 2467 perfect.
400 2418 483 2456 hinc
509 2423 613 2456 notat
630 2419 732 2457 Mat-

83 2470 180 2509 thiae
200 2472 263 2510 Gr.
286 2474 350 2512 Gr.
367 2488 453 2525 pag.
475 2473 732 2517 463.—aoe'-

84 2527 172 2578 μιγξ
204 2529 398 2579 explicatur
422 2532 552 2582 funis,
577 2532 730 2582 funicu-

84 2581 163 2628 lus;
193 2584 242 2621 sic
270 2587 443 2636 σχοινίον
469 2589 570 2637 quod
589 2589 730 2627 Nostro

85 2638 245 2676 diciturI
256 2645 347 2690 26,
375 2643 578 2692 Polyaenus
598 2645 660 2694 VI,
673 2646 728 2687 50

85 2697 122 2731 et
142 2692 311 2734 Aelianus
328 2699 370 2736 V.
390 2700 439 2737 H.
467 2700 539 2750 ΙΙΙ,
562 2704 616 2743 26
638 2703 726 2740 red-

85 2749 175 2786 dunt
211 2763 276 2801 per
312 2750 537 2809 θωμιγγας,
574 2762 727 2797 notante

83 2803 333 2857 Wesselingio.
389 2812 525 2850 Verum
544 2813 602 2851 vix
617 2814 726 2852 intel-

84 2859 236 2910 ligetur,
268 2866 355 2914 quid
384 2868 451 2906 sibi
481 2869 566 2907 velit
585 2869 725 2920 στέφα-

84 2931 155 2964 νος
164 2914 364 2974 θώμιγγος
380 2936 409 2961 s.
418 2936 541 2964 corona
553 2925 724 2976 funiculi.

815 1121 942 1165 Quare
971 1120 1137 1169 Heynius
1166 1121 1189 1159 l.
1214 1121 1237 1159 l.
1266 1136 1304 1173 p.
1322 1124 1374 1164 31
1395 1129 1470 1163 not.

814 1178 962 1228 exponit
980 1180 1109 1214 vittam
1131 1192 1158 1214 s.
1172 1178 1333 1228 fasciam
1350 1183 1387 1216 in
1400 1182 1471 1231 fa-

811 1234 926 1271 m‘culc'
944 1234 1080 1271 modum
1103 1238 1254 1282 tortam,
1279 1236 1468 1285 plexilenm

811 1291 961 1328 Suidam
989 1291 1126 1339 citans,
1163 1292 1224 1340 qui
1248 1293 1370 1330 reddit
1400 1296 1469 1333 λε-

811 1344 911 1386 πτόν
929 1347 1118 1398 σχοινίον.
1175 1347 1366 1386 Miinterus
1395 1351 1418 1387 l.
1442 1351 1467 1388 l.

808 1404 932 1441 vertit:
963 1405 1037 1440 eine
1062 1406 1128 1441 wie
1156 1406 1221 1442 mit
1249 1404 1374 1442 Fa'den
1401 1420 1467 1456 ge-

807 1460 973 1497 wunclene
1005 1459 1133 1499 Krane.
1198 1460 1382 1512 Equidem
1414 1464 1466 1501 nil

806 1517 1019 1555 discernam.

853 1626 1137 1695 σχοινοτενέες
1194 1628 1237 1670 δὲ
1294 1630 1466 1682 διεξοδοι

805 1700 939 1725 παντα
976 1682 1123 1737 τρόπον
1162 1685 1268 1728 ὁδων
1304 1689 1462 1743 ε’χουσι]

806 1742 829 1779 i.
855 1756 886 1780 e.
919 1745 1089 1780 transztus
1107 1756 1247 1782 vzarum
1265 1745 1393 1784 derecta·
1413 1749 1463 1797 (s.

807 1799 856 1835 ad
882 1799 1040 1838 rectam
1053 1800 1186 1839 lineam
1219 1803 1324 1851 quasi
1360 1805 1463 1853 secti,

805 1856 910 1905 facti)
929 1869 1188 1906 quaquaversus
1207 1859 1365 1897 tendunt.
1386 1861 1463 1898 Ubi

804 1926 937 1951 παντα
954 1909 1102 1963 τρόπον
1125 1914 1292 1953 absolute
1310 1918 1461 1967 accipio,

803 1968 902 2016 utI,
924 1971 1005 2010 189
1038 1968 1138 2020 ε’χειν
1155 1971 1381 2011 intransitive
1400 1986 1462 2012 ac-

803 2025 1007 2075 cipiendum
1020 2055 1031 2073 ‚
1052 2030 1093 2063 ut
1110 2027 1139 2074 Ι,
1158 2029 1250 2068 189.
1267 2031 1356 2070 190.
1383 2030 1461 2068 Ge-

802 2082 953 2118 nitivum
969 2081 1079 2122 ὁδῶν
1090 2097 1110 2121 e
1123 2084 1258 2121 scholio
1277 2085 1459 2124 intextum

800 2138 990 2188 irrepsisse
1018 2140 1221 2189 suspicatur
1251 2141 1459 2192 Schweigh.

800 2215 857 2222 --
874 2194 1136 2245 σχοινοτένεες
1159 2196 1330 2244 διέξοδοι
1348 2199 1460 2237 Mun-

798 2255 878 2289 tero
907 2251 931 2289 l.
962 2252 985 2289 l.
1023 2257 1126 2290 sunt:
1181 2257 1245 2291 mit
1274 2254 1458 2294 Sclenaren

799 2308 1013 2358 ez‘ngefasste
1038 2310 1175 2359 Gange.
1233 2311 1310 2349 Sed
1337 2313 1457 2352 iudice

796 2364 945 2413 Heynio
974 2365 1023 2414 (l.
1042 2365 1064 2403 l.
1085 2379 1172 2417 pag.
1191 2369 1274 2417 31)
1306 2368 1376 2407 hoc
1405 2370 1456 2407 ita

796 2421 1096 2471 intelligendum,
1134 2427 1176 2460 ut
1209 2437 1455 2476 unaquaeque

798 2477 924 2516 mulier
955 2479 1124 2529 funiculo
1156 2485 1339 2529 praetento
1369 2486 1452 2520 tan-

797 2547 904 2584 quam
944 2535 1085 2573 inclusa
1130 2537 1284 2585 sedent,
1333 2552 1454 2588 eoque

796 2591 903 2628 etiam
929 2593 1181 2641 referendum,
1212 2595 1314 2643 quod
1340 2595 1378 2632 in
1396 2596 1456 2634 Ie-

796 2660 884 2684 rem.
914 2647 1033 2698 Epist.
1061 2662 1113 2686 vs.
1131 2648 1184 2691 43
1210 2650 1363 2699 legitur,
1394 2666 1454 2690 se-

793 2704 882 2741 dere
915 2705 963 2741 ad
989 2705 1066 2742 vias
1096 2705 1266 2744 mulieres
1292 2712 1453 2759 περιθε-

794 2757 917 2811 μένας
936 2761 1110 2811 σχοινία,
1144 2775 1238 2811 quae
1259 2764 1306 2802 de
1333 2765 1451 2802 corol-

792 2815 836 2853 lis
852 2816 1063 2867 plexilibus,
1085 2819 1215 2867 quibus
1236 2824 1346 2871 caput
1368 2822 1448 2858 fue-

792 2876 850 2909 rat
863 2877 1050 2921 ornatum,
1080 2875 1139 2911 vix
1165 2875 1260 2913 bene
1292 2876 1446 2926 intelligi

792 2929 946 2978 possint.
1005 2929 1068 2967 Tu
1093 2932 1189 2968 conf.
1207 2931 1247 2980 Ι,
1266 2933 1357 2972 189.
