<?xml version="1.0" encoding="UTF-8"?>
<!DOCTYPE html PUBLIC "-//W3C//DTD XHTML 1.0 Transitional//EN"
    "http://www.w3.org/TR/xhtml1/DTD/xhtml1-transitional.dtd">
<html xmlns="http://www.w3.org/1999/xhtml" xml:lang="en" lang="en">
 <head>
  <title>
</title>
<meta http-equiv="Content-Type" content="text/html;charset=utf-8" />
  <meta name='ocr-system' content='tesseract 3.04.00' />
  <meta name='ocr-capabilities' content='ocr_page ocr_carea ocr_par ocr_line ocrx_word'/>
</head>
<body>
  <div class='ocr_page' id='page_1' title='image "./musaeher01hero/musaeher01hero_0156.png"; bbox 0 0 1832 3315; ppageno 0'>
   <div class='ocr_carea' id='block_1_1' title="bbox 261 358 328 407">
    <p class='ocr_par' dir='ltr' id='par_1_1' title="bbox 261 358 328 407">
     <span class='ocr_line' id='line_1_1' title="bbox 261 358 328 407; baseline 0 0"><span class='ocrx_word' id='word_1_1' title='bbox 261 358 328 407; x_wconf 81' lang='lat'>59</span> 
     </span>
    </p>
   </div>
   <div class='ocr_carea' id='block_1_2' title="bbox 57 425 340 1154">
    <p class='ocr_par' dir='ltr' id='par_1_2' title="bbox 57 425 340 1154">
     <span class='ocr_line' id='line_1_2' title="bbox 57 425 336 455; baseline -0.007 0"><span class='ocrx_word' id='word_1_2' title='bbox 57 425 233 455; x_wconf 68' lang='lat' dir='ltr'><strong>Pisistratus</strong></span> <span class='ocrx_word' id='word_1_3' title='bbox 244 426 336 454; x_wconf 52' lang='lat' dir='ltr'>Crou‘</span> 
     </span>
     <span class='ocr_line' id='line_1_3' title="bbox 59 460 335 495; baseline -0.004 -7"><span class='ocrx_word' id='word_1_4' title='bbox 59 461 84 488; x_wconf 84' lang='lat' dir='ltr'>si</span> <span class='ocrx_word' id='word_1_5' title='bbox 96 464 232 495; x_wconf 83' lang='lat' dir='ltr'>tempore</span> <span class='ocrx_word' id='word_1_6' title='bbox 247 460 335 487; x_wconf 76' lang='lat' dir='ltr'>Athe-</span> 
     </span>
     <span class='ocr_line' id='line_1_4' title="bbox 58 494 334 527; baseline -0.011 -5"><span class='ocrx_word' id='word_1_7' title='bbox 58 494 208 522; x_wconf 76' lang='lat' dir='ltr'><strong>niensium</strong></span> <span class='ocrx_word' id='word_1_8' title='bbox 233 497 334 527; x_wconf 74' lang='lat' dir='ltr'>tyran-</span> 
     </span>
     <span class='ocr_line' id='line_1_5' title="bbox 58 526 335 560; baseline 0 -7"><span class='ocrx_word' id='word_1_9' title='bbox 58 535 126 560; x_wconf 80' lang='lat' dir='ltr'>nus,</span> <span class='ocrx_word' id='word_1_10' title='bbox 145 527 181 554; x_wconf 86' lang='lat' dir='ltr'>ab</span> <span class='ocrx_word' id='word_1_11' title='bbox 200 528 283 554; x_wconf 77' lang='lat' dir='ltr'>a.5151</span> <span class='ocrx_word' id='word_1_12' title='bbox 296 526 335 554; x_wconf 84' lang='lat' dir='ltr'>ad</span> 
     </span>
     <span class='ocr_line' id='line_1_6' title="bbox 58 560 335 594; baseline -0.007 -6"><span class='ocrx_word' id='word_1_13' title='bbox 58 561 110 588; x_wconf 75' lang='lat'>528</span> <span class='ocrx_word' id='word_1_14' title='bbox 119 581 127 594; x_wconf 82' lang='lat'>‚</span> <span class='ocrx_word' id='word_1_15' title='bbox 137 560 233 587; x_wconf 78' lang='lat' dir='ltr'>tribus</span> <span class='ocrx_word' id='word_1_16' title='bbox 242 561 335 586; x_wconf 84' lang='lat' dir='ltr'>inter-</span> 
     </span>
     <span class='ocr_line' id='line_1_7' title="bbox 59 594 334 622; baseline 0.007 -2"><span class='ocrx_word' id='word_1_17' title='bbox 59 595 148 620; x_wconf 77' lang='lat' dir='ltr'>vallis</span> <span class='ocrx_word' id='word_1_18' title='bbox 160 602 254 620; x_wconf 81' lang='lat' dir='ltr'>anuos</span> <span class='ocrx_word' id='word_1_19' title='bbox 263 594 334 622; x_wconf 80' lang='lat' dir='ltr'>duo·</span> 
     </span>
     <span class='ocr_line' id='line_1_8' title="bbox 59 626 286 660; baseline -0.004 -6"><span class='ocrx_word' id='word_1_20' title='bbox 59 626 205 660; x_wconf 61' lang='lat' dir='ltr'>dev-iginii</span> <span class='ocrx_word' id='word_1_21' title='bbox 238 635 286 653; x_wconf 82' lang='lat' dir='ltr'>re—</span> 
     </span>
     <span class='ocr_line' id='line_1_9' title="bbox 83 660 317 695; baseline -0.009 -8"><span class='ocrx_word' id='word_1_22' title='bbox 83 668 166 687; x_wconf 80' lang='lat' dir='ltr'>uaus.</span> <span class='ocrx_word' id='word_1_23' title='bbox 196 660 317 695; x_wconf 71' lang='lat' dir='ltr'>[5,1i.&#39;›.]</span> 
     </span>
     <span class='ocr_line' id='line_1_10' title="bbox 90 694 334 728; baseline 0 -8"><span class='ocrx_word' id='word_1_24' title='bbox 90 702 222 728; x_wconf 56' lang='lat' dir='ltr'>§rannus</span> <span class='ocrx_word' id='word_1_25' title='bbox 233 694 334 721; x_wconf 81' lang='lat' dir='ltr'>lauda-</span> 
     </span>
     <span class='ocr_line' id='line_1_11' title="bbox 58 727 336 761; baseline -0.004 -6"><span class='ocrx_word' id='word_1_26' title='bbox 58 727 138 755; x_wconf 83' lang='lat' dir='ltr'>bilis.</span> <span class='ocrx_word' id='word_1_27' title='bbox 165 727 239 754; x_wconf 81' lang='lat' dir='ltr'>Eius</span> <span class='ocrx_word' id='word_1_28' title='bbox 258 727 336 761; x_wconf 74' lang='lat' dir='ltr'>patri</span> 
     </span>
     <span class='ocr_line' id='line_1_12' title="bbox 59 760 336 796; baseline 0 -9"><span class='ocrx_word' id='word_1_29' title='bbox 59 760 139 796; x_wconf 87' lang='lat' dir='ltr'>quod</span> <span class='ocrx_word' id='word_1_30' title='bbox 167 765 336 795; x_wconf 77' lang='lat' dir='ltr'>portentum</span> 
     </span>
     <span class='ocr_line' id='line_1_13' title="bbox 60 795 335 828; baseline 0 -7"><span class='ocrx_word' id='word_1_31' title='bbox 60 795 213 828; x_wconf 82' lang='lat' dir='ltr'>obtigerit,</span> <span class='ocrx_word' id='word_1_32' title='bbox 227 795 335 828; x_wconf 83' lang='lat' dir='ltr'>etquid</span> 
     </span>
     <span class='ocr_line' id='line_1_14' title="bbox 59 827 337 855; baseline 0 -1"><span class='ocrx_word' id='word_1_33' title='bbox 59 827 179 854; x_wconf 82' lang='lat' dir='ltr'>consilii</span> <span class='ocrx_word' id='word_1_34' title='bbox 219 827 337 855; x_wconf 80' lang='lat' dir='ltr'><strong>dederit</strong></span> 
     </span>
     <span class='ocr_line' id='line_1_15' title="bbox 60 861 336 888; baseline -0.004 0"><span class='ocrx_word' id='word_1_35' title='bbox 60 861 178 888; x_wconf 81' lang='lat' dir='ltr'>Chilon.</span> <span class='ocrx_word' id='word_1_36' title='bbox 215 861 336 887; x_wconf 77' lang='lat' dir='ltr'>Atheni-</span> 
     </span>
     <span class='ocr_line' id='line_1_16' title="bbox 60 894 340 921; baseline 0.004 -1"><span class='ocrx_word' id='word_1_37' title='bbox 60 894 177 921; x_wconf 77' lang='lat' dir='ltr'>ensium</span> <span class='ocrx_word' id='word_1_38' title='bbox 188 894 296 921; x_wconf 78' lang='lat' dir='ltr'>civitas</span> <span class='ocrx_word' id='word_1_39' title='bbox 308 895 340 921; x_wconf 90' lang='lat' dir='ltr'>in</span> 
     </span>
     <span class='ocr_line' id='line_1_17' title="bbox 59 926 306 954; baseline -0.008 0"><span class='ocrx_word' id='word_1_40' title='bbox 59 930 123 954; x_wconf 76' lang='lat' dir='ltr'>tres</span> <span class='ocrx_word' id='word_1_41' title='bbox 159 926 306 954; x_wconf 79' lang='lat' dir='ltr'>sactiones</span> 
     </span>
     <span class='ocr_line' id='line_1_18' title="bbox 59 960 340 995; baseline -0.004 -8"><span class='ocrx_word' id='word_1_42' title='bbox 59 961 172 993; x_wconf 71' lang='lat' dir='ltr'>scissa,</span> <span class='ocrx_word' id='word_1_43' title='bbox 191 960 340 995; x_wconf 75' lang='lat' dir='ltr'>Megaele,</span> 
     </span>
     <span class='ocr_line' id='line_1_19' title="bbox 59 993 336 1028; baseline -0.007 -7"><span class='ocrx_word' id='word_1_44' title='bbox 59 993 217 1028; x_wconf 78' lang='lat' dir='ltr'>Lycurgo,</span> <span class='ocrx_word' id='word_1_45' title='bbox 260 994 336 1021; x_wconf 84' lang='lat' dir='ltr'>Pisi-</span> 
     </span>
     <span class='ocr_line' id='line_1_20' title="bbox 60 1027 335 1060; baseline -0.007 -6"><span class='ocrx_word' id='word_1_46' title='bbox 60 1030 167 1060; x_wconf 76' lang='lat' dir='ltr'>strato,</span> <span class='ocrx_word' id='word_1_47' title='bbox 187 1027 246 1054; x_wconf 83' lang='lat' dir='ltr'>alio</span> <span class='ocrx_word' id='word_1_48' title='bbox 260 1027 335 1053; x_wconf 80' lang='lat' dir='ltr'>alias</span> 
     </span>
     <span class='ocr_line' id='line_1_21' title="bbox 61 1060 333 1094; baseline -0.004 -7"><span class='ocrx_word' id='word_1_49' title='bbox 61 1065 165 1094; x_wconf 81' lang='lat' dir='ltr'>partes</span> <span class='ocrx_word' id='word_1_50' title='bbox 207 1060 333 1088; x_wconf 75' lang='lat' dir='ltr'>foventi-</span> 
     </span>
     <span class='ocr_line' id='line_1_22' title="bbox 59 1093 334 1126; baseline -0.004 -6"><span class='ocrx_word' id='word_1_51' title='bbox 59 1095 126 1123; x_wconf 83' lang='lat' dir='ltr'>bus.</span> <span class='ocrx_word' id='word_1_52' title='bbox 168 1093 231 1126; x_wconf 86' lang='lat' dir='ltr'>Quo</span> <span class='ocrx_word' id='word_1_53' title='bbox 265 1097 334 1120; x_wconf 84' lang='lat' dir='ltr'>astu</span> 
     </span>
     <span class='ocr_line' id='line_1_23' title="bbox 160 1127 336 1154; baseline 0 -1"><span class='ocrx_word' id='word_1_54' title='bbox 160 1127 336 1154; x_wconf 85' lang='lat' dir='ltr'>dominatio-</span> 
     </span>
    </p>
   </div>
   <div class='ocr_carea' id='block_1_3' title="bbox 60 1150 1652 1230">
    <p class='ocr_par' dir='ltr' id='par_1_3' title="bbox 60 1150 1652 1230">
     <span class='ocr_line' id='line_1_24' title="bbox 60 1150 1652 1230; baseline -0.001 -33"><span class='ocrx_word' id='word_1_55' title='bbox 60 1161 335 1230; x_wconf 49' lang='lat' dir='ltr'>&#39;gjfflpaffssssiisffaffls</span> <span class='ocrx_word' id='word_1_56' title='bbox 390 1157 543 1208; x_wconf 73' lang='grc' dir='ltr'><em>πρῶτα</em></span> <span class='ocrx_word' id='word_1_57' title='bbox 581 1154 660 1210; x_wconf 78' lang='grc' dir='ltr'>μὲν</span> <span class='ocrx_word' id='word_1_58' title='bbox 695 1158 884 1210; x_wconf 70' lang='grc' dir='ltr'><em>γυναῖκα</em></span> <span class='ocrx_word' id='word_1_59' title='bbox 923 1153 1180 1198; x_wconf 85' lang='grc' dir='ltr'><em>τεκνοποιὸν</em></span> <span class='ocrx_word' id='word_1_60' title='bbox 1216 1151 1275 1210; x_wconf 84' lang='grc' dir='ltr'>μὴ</span> <span class='ocrx_word' id='word_1_61' title='bbox 1315 1151 1497 1209; x_wconf 74' lang='grc' dir='ltr'><em>ἄγεσθαι</em></span> <span class='ocrx_word' id='word_1_62' title='bbox 1525 1152 1569 1204; x_wconf 79' lang='grc' dir='ltr'>ές</span> <span class='ocrx_word' id='word_1_63' title='bbox 1597 1150 1652 1196; x_wconf 76' lang='grc' dir='ltr'><em>τοὶ</em></span> 
     </span>
    </p>
   </div>
   <div class='ocr_carea' id='block_1_4' title="bbox 61 1128 117 1156">
    <p class='ocr_par' dir='ltr' id='par_1_4' title="bbox 61 1128 117 1156">
     <span class='ocr_line' id='line_1_25' title="bbox 61 1128 117 1156; baseline -0.036 0"><span class='ocrx_word' id='word_1_64' title='bbox 61 1128 117 1156; x_wconf 80' lang='lat' dir='ltr'>sibi</span> 
     </span>
    </p>
   </div>
   <div class='ocr_carea' id='block_1_5' title="bbox 386 253 467 294">
    <p class='ocr_par' dir='ltr' id='par_1_5' title="bbox 386 253 467 294">
     <span class='ocr_line' id='line_1_26' title="bbox 386 253 467 294; baseline 0 0"><span class='ocrx_word' id='word_1_65' title='bbox 386 253 467 294; x_wconf 84' lang='lat'>142</span> 
     </span>
    </p>
   </div>
   <div class='ocr_carea' id='block_1_6' title="bbox 783 252 1252 292">
    <p class='ocr_par' dir='ltr' id='par_1_6' title="bbox 783 252 1252 292">
     <span class='ocr_line' id='line_1_27' title="bbox 783 252 1252 292; baseline -0.002 0"><span class='ocrx_word' id='word_1_66' title='bbox 783 252 1252 292; x_wconf 88' lang='lat' dir='ltr'>HERODOTI</span> 
     </span>
    </p>
   </div>
   <div class='ocr_carea' id='block_1_7' title="bbox 504 357 1647 420">
    <p class='ocr_par' dir='ltr' id='par_1_7' title="bbox 504 357 1647 420">
     <span class='ocr_line' id='line_1_28' title="bbox 504 357 1647 420; baseline -0.003 -12"><span class='ocrx_word' id='word_1_67' title='bbox 504 363 684 408; x_wconf 85' lang='grc' dir='ltr'><em>Τούτων</em></span> <span class='ocrx_word' id='word_1_68' title='bbox 725 362 779 420; x_wconf 79' lang='grc' dir='ltr'>δὴ</span> <span class='ocrx_word' id='word_1_69' title='bbox 822 357 885 408; x_wconf 67' lang='grc' dir='ltr'>οἶν</span> <span class='ocrx_word' id='word_1_70' title='bbox 925 368 1014 408; x_wconf 78' lang='grc' dir='ltr'><em>τῶν</em></span> <span class='ocrx_word' id='word_1_71' title='bbox 1054 364 1218 407; x_wconf 76' lang='grc' dir='ltr'><em>ἐθνέων</em></span> <span class='ocrx_word' id='word_1_72' title='bbox 1256 361 1305 406; x_wconf 87' lang='grc' dir='ltr'><em>τὸ</em></span> <span class='ocrx_word' id='word_1_73' title='bbox 1337 362 1416 418; x_wconf 79' lang='grc' dir='ltr'>μὲν</span> <span class='ocrx_word' id='word_1_74' title='bbox 1453 358 1647 405; x_wconf 78' lang='grc' dir='ltr'><em>Ἀττικόν</em></span> 
     </span>
    </p>
   </div>
   <div class='ocr_carea' id='block_1_8' title="bbox 391 438 1704 500">
    <p class='ocr_par' dir='ltr' id='par_1_8' title="bbox 391 438 1704 500">
     <span class='ocr_line' id='line_1_29' title="bbox 391 438 1704 500; baseline -0.005 -12"><span class='ocrx_word' id='word_1_75' title='bbox 391 442 680 500; x_wconf 82' lang='grc' dir='ltr'><em>κατεχόμενόν</em></span> <span class='ocrx_word' id='word_1_76' title='bbox 724 459 768 486; x_wconf 82' lang='grc' dir='ltr'><em>τε</em></span> <span class='ocrx_word' id='word_1_77' title='bbox 817 443 892 487; x_wconf 78' lang='grc' dir='ltr'>καὶ</span> <span class='ocrx_word' id='word_1_78' title='bbox 939 443 1252 499; x_wconf 77' lang='grc' dir='ltr'><em>διεσπασμένον</em></span> <span class='ocrx_word' id='word_1_79' title='bbox 1314 439 1583 485; x_wconf 79' lang='grc' dir='ltr'><em>ἐπυνθάνετο</em></span> <span class='ocrx_word' id='word_1_80' title='bbox 1623 438 1704 484; x_wconf 80' lang='grc'>680</span> 
     </span>
    </p>
   </div>
   <div class='ocr_carea' id='block_1_9' title="bbox 391 519 1649 579">
    <p class='ocr_par' dir='ltr' id='par_1_9' title="bbox 391 519 1649 579">
     <span class='ocr_line' id='line_1_30' title="bbox 391 519 1649 579; baseline -0.002 -13"><span class='ocrx_word' id='word_1_81' title='bbox 391 526 586 577; x_wconf 89' lang='grc' dir='ltr'><em>Κροῖσος</em></span> <span class='ocrx_word' id='word_1_82' title='bbox 612 521 699 565; x_wconf 79' lang='grc' dir='ltr'>ὑπὸ</span> <span class='ocrx_word' id='word_1_83' title='bbox 731 521 1049 579; x_wconf 79' lang='grc' dir='ltr'><em>Πεισιστράτου</em></span> <span class='ocrx_word' id='word_1_84' title='bbox 1078 526 1158 566; x_wconf 87' lang='grc' dir='ltr'><em>τοῦ</em></span> <span class='ocrx_word' id='word_1_85' title='bbox 1188 519 1512 576; x_wconf 74' lang='grc' dir='ltr'><em>Ἱπποκράτεος,</em></span> <span class='ocrx_word' id='word_1_86' title='bbox 1547 522 1649 563; x_wconf 83' lang='grc' dir='ltr'><em>τοῦ·</em></span> 
     </span>
    </p>
   </div>
   <div class='ocr_carea' id='block_1_10' title="bbox 364 599 1649 657">
    <p class='ocr_par' dir='ltr' id='par_1_10' title="bbox 364 599 1649 657">
     <span class='ocr_line' id='line_1_31' title="bbox 364 599 1649 657; baseline 0 -15"><span class='ocrx_word' id='word_1_87' title='bbox 364 608 473 645; x_wconf 72' lang='grc' dir='ltr'><em>Ξτον</em></span> <span class='ocrx_word' id='word_1_88' title='bbox 514 603 592 644; x_wconf 87' lang='grc' dir='ltr'><em>τὸν</em></span> <span class='ocrx_word' id='word_1_89' title='bbox 627 599 789 656; x_wconf 84' lang='grc' dir='ltr'><em>χρόνον</em></span> <span class='ocrx_word' id='word_1_90' title='bbox 825 601 1168 655; x_wconf 80' lang='grc' dir='ltr'><em>τυραννεύοντος</em></span> <span class='ocrx_word' id='word_1_91' title='bbox 1203 600 1455 657; x_wconf 81' lang='grc' dir='ltr'><em>Ἀθηναίων.</em></span> <span class='ocrx_word' id='word_1_92' title='bbox 1507 599 1649 642; x_wconf 85' lang='grc' dir='ltr'><em>Ἱππο-</em></span> 
     </span>
    </p>
   </div>
   <div class='ocr_carea' id='block_1_11' title="bbox 364 676 1708 1051">
    <p class='ocr_par' dir='ltr' id='par_1_11' title="bbox 364 676 1708 1051">
     <span class='ocr_line' id='line_1_32' title="bbox 394 676 1649 737; baseline -0.003 -12"><span class='ocrx_word' id='word_1_93' title='bbox 394 680 542 737; x_wconf 77' lang='grc' dir='ltr'><em>κράτεϊ</em></span> <span class='ocrx_word' id='word_1_94' title='bbox 568 679 676 735; x_wconf 73' lang='grc' dir='ltr'>γάρ,</span> <span class='ocrx_word' id='word_1_95' title='bbox 707 678 822 722; x_wconf 79' lang='grc' dir='ltr'><em>ἐόντι</em></span> <span class='ocrx_word' id='word_1_96' title='bbox 851 677 1024 736; x_wconf 77' lang='grc' dir='ltr'><em>ἰδιώτῃ,</em></span> <span class='ocrx_word' id='word_1_97' title='bbox 1053 680 1125 722; x_wconf 78' lang='grc' dir='ltr'>καὶ</span> <span class='ocrx_word' id='word_1_98' title='bbox 1148 680 1384 734; x_wconf 81' lang='grc' dir='ltr'><em>θεωρέοντι</em></span> <span class='ocrx_word' id='word_1_99' title='bbox 1411 678 1462 722; x_wconf 75' lang='grc' dir='ltr'><em>τὰ</em></span> <span class='ocrx_word' id='word_1_100' title='bbox 1492 676 1649 734; x_wconf 84' lang='grc' dir='ltr'><em>Ὀλύμ-</em></span> 
     </span>
     <span class='ocr_line' id='line_1_33' title="bbox 393 757 1651 814; baseline -0.002 -11"><span class='ocrx_word' id='word_1_101' title='bbox 393 775 494 812; x_wconf 72' lang='grc' dir='ltr'><em>πια,</em></span> <span class='ocrx_word' id='word_1_102' title='bbox 534 759 660 814; x_wconf 87' lang='grc' dir='ltr'><em>τέρας</em></span> <span class='ocrx_word' id='word_1_103' title='bbox 699 757 864 813; x_wconf 78' lang='grc' dir='ltr'><em>ἐγένετο</em></span> <span class='ocrx_word' id='word_1_104' title='bbox 907 757 1027 812; x_wconf 82' lang='grc' dir='ltr'><em>μέγα.</em></span> <span class='ocrx_word' id='word_1_105' title='bbox 1067 758 1290 808; x_wconf 79' lang='grc' dir='ltr'><em>θύσαντος</em></span> <span class='ocrx_word' id='word_1_106' title='bbox 1317 758 1401 813; x_wconf 73' lang='grc' dir='ltr'>γάρ</span> <span class='ocrx_word' id='word_1_107' title='bbox 1433 757 1569 802; x_wconf 81' lang='grc' dir='ltr'><em>αὐτοῦ</em></span> <span class='ocrx_word' id='word_1_108' title='bbox 1597 757 1651 800; x_wconf 78' lang='grc' dir='ltr'><em>τὰ</em></span> 
     </span>
     <span class='ocr_line' id='line_1_34' title="bbox 392 835 1652 893; baseline -0.002 -11"><span class='ocrx_word' id='word_1_109' title='bbox 392 837 486 892; x_wconf 74' lang='grc' dir='ltr'><em>ἱρά,</em></span> <span class='ocrx_word' id='word_1_110' title='bbox 538 839 582 880; x_wconf 85' lang='grc' dir='ltr'>οἱ</span> <span class='ocrx_word' id='word_1_111' title='bbox 619 835 791 893; x_wconf 81' lang='grc' dir='ltr'><em>λέβητες</em></span> <span class='ocrx_word' id='word_1_112' title='bbox 831 836 1103 887; x_wconf 77' lang='grc' dir='ltr'><em>ἐπεστεῶτες,</em></span> <span class='ocrx_word' id='word_1_113' title='bbox 1150 838 1223 881; x_wconf 85' lang='grc' dir='ltr'>καὶ</span> <span class='ocrx_word' id='word_1_114' title='bbox 1259 841 1400 892; x_wconf 76' lang='grc' dir='ltr'><em>κρεῶν</em></span> <span class='ocrx_word' id='word_1_115' title='bbox 1435 852 1480 880; x_wconf 91' lang='grc' dir='ltr'><em>τε</em></span> <span class='ocrx_word' id='word_1_116' title='bbox 1510 836 1652 887; x_wconf 78' lang='grc' dir='ltr'><em>ἐόντες</em></span> 
     </span>
     <span class='ocr_line' id='line_1_35' title="bbox 396 912 1708 971; baseline -0.002 -12"><span class='ocrx_word' id='word_1_117' title='bbox 396 916 571 971; x_wconf 73' lang='grc' dir='ltr'><em>ἔμπλεοι</em></span> <span class='ocrx_word' id='word_1_118' title='bbox 598 915 671 958; x_wconf 80' lang='grc' dir='ltr'>καὶ</span> <span class='ocrx_word' id='word_1_119' title='bbox 699 914 880 966; x_wconf 83' lang='grc' dir='ltr'><em>ὕδατος,</em></span> <span class='ocrx_word' id='word_1_120' title='bbox 911 912 1019 957; x_wconf 75' lang='grc' dir='ltr'><em>ἄνευ</em></span> <span class='ocrx_word' id='word_1_121' title='bbox 1042 916 1182 969; x_wconf 86' lang='grc' dir='ltr'><em>πυρὸς</em></span> <span class='ocrx_word' id='word_1_122' title='bbox 1202 916 1372 969; x_wconf 73' lang='grc' dir='ltr'><em>ἔζεσαν,</em></span> <span class='ocrx_word' id='word_1_123' title='bbox 1403 915 1477 958; x_wconf 79' lang='grc' dir='ltr'>καὶ</span> <span class='ocrx_word' id='word_1_124' title='bbox 1491 914 1649 969; x_wconf 82' lang='grc' dir='ltr'><em>ὑπερέ-</em></span> <span class='ocrx_word' id='word_1_125' title='bbox 1663 920 1708 956; x_wconf 81' lang='lat'>85</span> 
     </span>
     <span class='ocr_line' id='line_1_36' title="bbox 364 991 1654 1051; baseline 0.001 -15"><span class='ocrx_word' id='word_1_126' title='bbox 364 998 541 1051; x_wconf 74' lang='grc' dir='ltr'><em>Ββαλον.</em></span> <span class='ocrx_word' id='word_1_127' title='bbox 589 995 736 1038; x_wconf 87' lang='grc' dir='ltr'><em>Χίλων</em></span> <span class='ocrx_word' id='word_1_128' title='bbox 765 994 811 1038; x_wconf 80' lang='grc' dir='ltr'>δὲ</span> <span class='ocrx_word' id='word_1_129' title='bbox 837 991 862 1037; x_wconf 89' lang='grc' dir='ltr'>ὁ</span> <span class='ocrx_word' id='word_1_130' title='bbox 892 992 1237 1050; x_wconf 84' lang='grc' dir='ltr'><em>Λακεδαιμόνιος</em></span> <span class='ocrx_word' id='word_1_131' title='bbox 1264 994 1548 1050; x_wconf 77' lang='grc' dir='ltr'><em>παρατυχών,</em></span> <span class='ocrx_word' id='word_1_132' title='bbox 1579 993 1654 1037; x_wconf 84' lang='grc' dir='ltr'>καὶ</span> 
     </span>
    </p>
   </div>
   <div class='ocr_carea' id='block_1_12' title="bbox 389 1070 1652 1131">
    <p class='ocr_par' dir='ltr' id='par_1_12' title="bbox 389 1070 1652 1131">
     <span class='ocr_line' id='line_1_37' title="bbox 389 1070 1652 1131; baseline -0.002 -13"><span class='ocrx_word' id='word_1_133' title='bbox 389 1072 657 1131; x_wconf 79' lang='grc' dir='ltr'><em>θεησάμενος</em></span> <span class='ocrx_word' id='word_1_134' title='bbox 711 1072 760 1117; x_wconf 80' lang='grc' dir='ltr'><em>τὸ</em></span> <span class='ocrx_word' id='word_1_135' title='bbox 815 1070 965 1129; x_wconf 86' lang='grc' dir='ltr'><em>τέρας,</em></span> <span class='ocrx_word' id='word_1_136' title='bbox 1027 1071 1314 1129; x_wconf 80' lang='grc' dir='ltr'><em>συνεβούλευε</em></span> <span class='ocrx_word' id='word_1_137' title='bbox 1359 1070 1652 1128; x_wconf 81' lang='grc' dir='ltr'><em>Ἱπποκράτεϊ,</em></span> 
     </span>
    </p>
   </div>
   <div class='ocr_carea' id='block_1_13' title="bbox 336 1370 990 1424">
    <p class='ocr_par' dir='ltr' id='par_1_13' title="bbox 336 1370 990 1424">
     <span class='ocr_line' id='line_1_38' title="bbox 336 1370 990 1424; baseline 0.002 -13"><span class='ocrx_word' id='word_1_138' title='bbox 336 1373 442 1412; x_wconf 81' lang='lat' dir='ltr'>facile</span> <span class='ocrx_word' id='word_1_139' title='bbox 463 1372 659 1421; x_wconf 82' lang='lat' dir='ltr'>cogitando</span> <span class='ocrx_word' id='word_1_140' title='bbox 682 1373 770 1410; x_wconf 87' lang='lat' dir='ltr'>addi</span> <span class='ocrx_word' id='word_1_141' title='bbox 788 1373 906 1424; x_wconf 81' lang='lat' dir='ltr'><strong>possit</strong></span> <span class='ocrx_word' id='word_1_142' title='bbox 922 1370 990 1412; x_wconf 84' lang='grc' dir='ltr'>καὶ</span> 
     </span>
    </p>
   </div>
   <div class='ocr_carea' id='block_1_14' title="bbox 337 1425 990 1621">
    <p class='ocr_par' dir='ltr' id='par_1_14' title="bbox 337 1425 990 1621">
     <span class='ocr_line' id='line_1_39' title="bbox 338 1425 990 1481; baseline -0.003 -12"><span class='ocrx_word' id='word_1_143' title='bbox 338 1427 466 1476; x_wconf 63' lang='grc' dir='ltr'><em>ἄλλος.</em></span> <span class='ocrx_word' id='word_1_144' title='bbox 496 1451 552 1457; x_wconf 93' lang='lat'>—</span> <span class='ocrx_word' id='word_1_145' title='bbox 593 1425 751 1480; x_wconf 76' lang='grc' dir='ltr'><em>ου’δαμά</em></span> <span class='ocrx_word' id='word_1_146' title='bbox 800 1430 930 1481; x_wconf 84' lang='lat' dir='ltr'>scripsi</span> <span class='ocrx_word' id='word_1_147' title='bbox 969 1442 990 1467; x_wconf 85' lang='lat' dir='ltr'>e</span> 
     </span>
     <span class='ocr_line' id='line_1_40' title="bbox 337 1485 805 1534; baseline -0.002 -9"><span class='ocrx_word' id='word_1_148' title='bbox 337 1488 454 1525; x_wconf 83' lang='lat' dir='ltr'>tribus</span> <span class='ocrx_word' id='word_1_149' title='bbox 472 1486 594 1534; x_wconf 80' lang='lat' dir='ltr'>libris,</span> <span class='ocrx_word' id='word_1_150' title='bbox 623 1490 663 1523; x_wconf 90' lang='lat' dir='ltr'>ut</span> <span class='ocrx_word' id='word_1_151' title='bbox 683 1486 721 1534; x_wconf 87' lang='grc' dir='ltr'>Ι,</span> <span class='ocrx_word' id='word_1_152' title='bbox 740 1485 805 1528; x_wconf 81' lang='grc'>56.</span> 
     </span>
     <span class='ocr_line' id='line_1_41' title="bbox 534 1569 777 1621; baseline -0.004 -13"><span class='ocrx_word' id='word_1_153' title='bbox 534 1569 648 1621; x_wconf 88' lang='lat' dir='ltr'>Cap.</span> <span class='ocrx_word' id='word_1_154' title='bbox 677 1569 777 1608; x_wconf 91' lang='lat' dir='ltr'>LIX.</span> 
     </span>
    </p>
   </div>
   <div class='ocr_carea' id='block_1_15' title="bbox 335 1648 994 2942">
    <p class='ocr_par' dir='ltr' id='par_1_15' title="bbox 336 1648 994 2211">
     <span class='ocr_line' id='line_1_42' title="bbox 393 1648 992 1705; baseline 0 -12"><span class='ocrx_word' id='word_1_155' title='bbox 393 1650 439 1693; x_wconf 75' lang='grc' dir='ltr'><em>το“</em></span> <span class='ocrx_word' id='word_1_156' title='bbox 458 1651 530 1705; x_wconf 82' lang='grc' dir='ltr'>μὲν</span> <span class='ocrx_word' id='word_1_157' title='bbox 545 1649 719 1695; x_wconf 83' lang='grc' dir='ltr'><em>Ἀττικὸν</em></span> <span class='ocrx_word' id='word_1_158' title='bbox 732 1648 992 1705; x_wconf 78' lang='grc' dir='ltr'><em>κατεχόμενόν</em></span> 
     </span>
     <span class='ocr_line' id='line_1_43' title="bbox 337 1710 992 1763; baseline -0.002 -14"><span class='ocrx_word' id='word_1_159' title='bbox 337 1724 378 1749; x_wconf 81' lang='grc' dir='ltr'><em>τε</em></span> <span class='ocrx_word' id='word_1_160' title='bbox 398 1710 465 1750; x_wconf 80' lang='grc' dir='ltr'>καὶ</span> <span class='ocrx_word' id='word_1_161' title='bbox 493 1710 806 1763; x_wconf 81' lang='grc' dir='ltr'><em>διεσπασμένον]</em></span> <span class='ocrx_word' id='word_1_162' title='bbox 840 1712 992 1761; x_wconf 82' lang='lat' dir='ltr'>Optime</span> 
     </span>
     <span class='ocr_line' id='line_1_44' title="bbox 337 1767 991 1817; baseline -0.003 -12"><span class='ocrx_word' id='word_1_163' title='bbox 337 1767 626 1817; x_wconf 67' lang='lat' dir='ltr'>W&#39;esselingiiis:</span> <span class='ocrx_word' id='word_1_164' title='bbox 658 1768 864 1816; x_wconf 83' lang='lat' dir='ltr'>„Namque</span> <span class='ocrx_word' id='word_1_165' title='bbox 884 1772 919 1805; x_wconf 90' lang='lat' dir='ltr'>et</span> <span class='ocrx_word' id='word_1_166' title='bbox 929 1767 991 1803; x_wconf 91' lang='lat' dir='ltr'>Pi-</span> 
     </span>
     <span class='ocr_line' id='line_1_45' title="bbox 336 1824 992 1862; baseline 0 -2"><span class='ocrx_word' id='word_1_167' title='bbox 336 1824 473 1861; x_wconf 87' lang='lat' dir='ltr'>sistrati</span> <span class='ocrx_word' id='word_1_168' title='bbox 493 1825 740 1862; x_wconf 80' lang='lat' dir='ltr'>dominatione</span> <span class='ocrx_word' id='word_1_169' title='bbox 762 1824 992 1861; x_wconf 80' lang='lat' dir='ltr'>contineban-</span> 
     </span>
     <span class='ocr_line' id='line_1_46' title="bbox 337 1880 991 1931; baseline -0.002 -14"><span class='ocrx_word' id='word_1_170' title='bbox 337 1884 396 1917; x_wconf 84' lang='lat' dir='ltr'>tur</span> <span class='ocrx_word' id='word_1_171' title='bbox 423 1882 755 1931; x_wconf 80' lang='lat' dir='ltr'>premebanturque</span> <span class='ocrx_word' id='word_1_172' title='bbox 790 1880 991 1918; x_wconf 89' lang='lat' dir='ltr'>Athenien-</span> 
     </span>
     <span class='ocr_line' id='line_1_47' title="bbox 337 1938 992 1987; baseline -0.002 -14"><span class='ocrx_word' id='word_1_173' title='bbox 337 1950 420 1984; x_wconf 73' lang='lat' dir='ltr'>seS,</span> <span class='ocrx_word' id='word_1_174' title='bbox 450 1941 485 1974; x_wconf 88' lang='lat' dir='ltr'>et</span> <span class='ocrx_word' id='word_1_175' title='bbox 511 1938 644 1974; x_wconf 72' lang='lat' dir='ltr'>divulsi</span> <span class='ocrx_word' id='word_1_176' title='bbox 666 1938 703 1974; x_wconf 91' lang='lat' dir='ltr'>in</span> <span class='ocrx_word' id='word_1_177' title='bbox 725 1941 847 1987; x_wconf 86' lang='lat' dir='ltr'>partes</span> <span class='ocrx_word' id='word_1_178' title='bbox 876 1940 992 1983; x_wconf 82' lang='lat' dir='ltr'>erant,</span> 
     </span>
     <span class='ocr_line' id='line_1_48' title="bbox 337 1991 992 2042; baseline -0.002 -13"><span class='ocrx_word' id='word_1_179' title='bbox 337 1991 604 2030; x_wconf 72' lang='lat' dir='ltr'>Alcmaeonidis</span> <span class='ocrx_word' id='word_1_180' title='bbox 632 1997 669 2031; x_wconf 88' lang='lat' dir='ltr'>et</span> <span class='ocrx_word' id='word_1_181' title='bbox 686 1996 868 2042; x_wconf 84' lang='lat' dir='ltr'>quotquot</span> <span class='ocrx_word' id='word_1_182' title='bbox 888 1997 992 2030; x_wconf 84' lang='lat' dir='ltr'>erant</span> 
     </span>
     <span class='ocr_line' id='line_1_49' title="bbox 338 2049 994 2099; baseline -0.002 -13"><span class='ocrx_word' id='word_1_183' title='bbox 338 2049 501 2086; x_wconf 86' lang='lat' dir='ltr'>eiusdem</span> <span class='ocrx_word' id='word_1_184' title='bbox 532 2050 720 2097; x_wconf 81' lang='lat' dir='ltr'>factionis,</span> <span class='ocrx_word' id='word_1_185' title='bbox 767 2050 876 2086; x_wconf 85' lang='lat' dir='ltr'>domo</span> <span class='ocrx_word' id='word_1_186' title='bbox 906 2062 994 2099; x_wconf 88' lang='lat' dir='ltr'>pro-</span> 
     </span>
     <span class='ocr_line' id='line_1_50' title="bbox 337 2105 993 2153; baseline 0 -11"><span class='ocrx_word' id='word_1_187' title='bbox 337 2106 456 2153; x_wconf 80' lang='lat' dir='ltr'>fugis;</span> <span class='ocrx_word' id='word_1_188' title='bbox 485 2106 610 2153; x_wconf 82' lang='lat' dir='ltr'>vid.I‚</span> <span class='ocrx_word' id='word_1_189' title='bbox 638 2105 703 2146; x_wconf 82' lang='lat'>64.</span> <span class='ocrx_word' id='word_1_190' title='bbox 734 2105 886 2152; x_wconf 79' lang='lat' dir='ltr'>V,62.“</span> <span class='ocrx_word' id='word_1_191' title='bbox 912 2105 993 2142; x_wconf 93' lang='lat' dir='ltr'>Un-</span> 
     </span>
     <span class='ocr_line' id='line_1_51' title="bbox 338 2162 962 2211; baseline -0.002 -13"><span class='ocrx_word' id='word_1_192' title='bbox 338 2162 387 2198; x_wconf 92' lang='lat' dir='ltr'>de</span> <span class='ocrx_word' id='word_1_193' title='bbox 406 2162 491 2197; x_wconf 89' lang='lat' dir='ltr'>nihil</span> <span class='ocrx_word' id='word_1_194' title='bbox 510 2163 724 2199; x_wconf 89' lang='lat' dir='ltr'>mutandum</span> <span class='ocrx_word' id='word_1_195' title='bbox 749 2175 830 2199; x_wconf 88' lang='lat' dir='ltr'>esse</span> <span class='ocrx_word' id='word_1_196' title='bbox 849 2165 962 2211; x_wconf 84' lang='lat' dir='ltr'>patet.</span> 
     </span>
    </p>

    <p class='ocr_par' dir='ltr' id='par_1_16' title="bbox 335 2213 993 2942">
     <span class='ocr_line' id='line_1_52' title="bbox 392 2213 991 2268; baseline 0 -13"><span class='ocrx_word' id='word_1_197' title='bbox 392 2219 534 2256; x_wconf 83' lang='grc' dir='ltr'><em>τοῦτον</em></span> <span class='ocrx_word' id='word_1_198' title='bbox 568 2214 636 2256; x_wconf 81' lang='grc' dir='ltr'><em>τόν</em></span> <span class='ocrx_word' id='word_1_199' title='bbox 675 2213 821 2268; x_wconf 85' lang='grc' dir='ltr'><em>χρόνον</em></span> <span class='ocrx_word' id='word_1_200' title='bbox 851 2231 991 2268; x_wconf 85' lang='grc' dir='ltr'><em>τυραν-</em></span> 
     </span>
     <span class='ocr_line' id='line_1_53' title="bbox 335 2269 992 2324; baseline -0.003 -12"><span class='ocrx_word' id='word_1_201' title='bbox 335 2269 524 2320; x_wconf 81' lang='grc' dir='ltr'><em>νεύοντος</em></span> <span class='ocrx_word' id='word_1_202' title='bbox 542 2269 786 2324; x_wconf 79' lang='grc' dir='ltr'><em>Ἀθηναίων]</em></span> <span class='ocrx_word' id='word_1_203' title='bbox 800 2273 992 2311; x_wconf 88' lang='lat' dir='ltr'>Volneium</span> 
     </span>
     <span class='ocr_line' id='line_1_54' title="bbox 337 2328 992 2380; baseline 0 -14"><span class='ocrx_word' id='word_1_204' title='bbox 337 2342 380 2366; x_wconf 89' lang='lat' dir='ltr'>ac</span> <span class='ocrx_word' id='word_1_205' title='bbox 400 2330 621 2367; x_wconf 88' lang='lat' dir='ltr'>Schultzium</span> <span class='ocrx_word' id='word_1_206' title='bbox 650 2328 818 2380; x_wconf 84' lang='lat' dir='ltr'>(Appar.</span> <span class='ocrx_word' id='word_1_207' title='bbox 850 2331 898 2367; x_wconf 89' lang='lat' dir='ltr'>ad</span> <span class='ocrx_word' id='word_1_208' title='bbox 927 2342 992 2366; x_wconf 86' lang='lat' dir='ltr'>an-</span> 
     </span>
     <span class='ocr_line' id='line_1_55' title="bbox 337 2386 993 2437; baseline 0.002 -15"><span class='ocrx_word' id='word_1_209' title='bbox 337 2386 420 2422; x_wconf 89' lang='lat' dir='ltr'>nall.</span> <span class='ocrx_word' id='word_1_210' title='bbox 441 2399 477 2437; x_wconf 89' lang='lat' dir='ltr'>p.</span> <span class='ocrx_word' id='word_1_211' title='bbox 503 2390 568 2428; x_wconf 76' lang='lat'>20.</span> <span class='ocrx_word' id='word_1_212' title='bbox 585 2388 638 2427; x_wconf 85' lang='lat'>39</span> <span class='ocrx_word' id='word_1_213' title='bbox 658 2387 757 2435; x_wconf 85' lang='lat' dir='ltr'>seq.)</span> <span class='ocrx_word' id='word_1_214' title='bbox 798 2386 830 2422; x_wconf 89' lang='lat' dir='ltr'>si</span> <span class='ocrx_word' id='word_1_215' title='bbox 859 2399 993 2435; x_wconf 83' lang='lat' dir='ltr'>sequa-</span> 
     </span>
     <span class='ocr_line' id='line_1_56' title="bbox 336 2443 991 2491; baseline 0 -11"><span class='ocrx_word' id='word_1_216' title='bbox 336 2455 438 2489; x_wconf 88' lang='lat' dir='ltr'>mur,</span> <span class='ocrx_word' id='word_1_217' title='bbox 468 2443 538 2480; x_wconf 91' lang='lat' dir='ltr'>hoc</span> <span class='ocrx_word' id='word_1_218' title='bbox 559 2443 833 2491; x_wconf 83' lang='lat' dir='ltr'>intelligendum</span> <span class='ocrx_word' id='word_1_219' title='bbox 858 2443 927 2480; x_wconf 85' lang='lat' dir='ltr'>erit</span> <span class='ocrx_word' id='word_1_220' title='bbox 943 2443 991 2480; x_wconf 90' lang='lat' dir='ltr'>de</span> 
     </span>
     <span class='ocr_line' id='line_1_57' title="bbox 335 2498 990 2551; baseline 0 -16"><span class='ocrx_word' id='word_1_221' title='bbox 335 2498 455 2551; x_wconf 88' lang='lat' dir='ltr'>prima</span> <span class='ocrx_word' id='word_1_222' title='bbox 501 2499 684 2535; x_wconf 84' lang='lat' dir='ltr'>Pisistrati</span> <span class='ocrx_word' id='word_1_223' title='bbox 730 2499 990 2545; x_wconf 82' lang='lat' dir='ltr'>dominatione,</span> 
     </span>
     <span class='ocr_line' id='line_1_58' title="bbox 335 2554 991 2605; baseline 0 -14"><span class='ocrx_word' id='word_1_224' title='bbox 335 2567 447 2604; x_wconf 79' lang='lat' dir='ltr'>quam</span> <span class='ocrx_word' id='word_1_225' title='bbox 466 2555 585 2591; x_wconf 88' lang='lat' dir='ltr'>minus</span> <span class='ocrx_word' id='word_1_226' title='bbox 604 2560 701 2592; x_wconf 89' lang='lat' dir='ltr'>recte</span> <span class='ocrx_word' id='word_1_227' title='bbox 717 2554 825 2603; x_wconf 81' lang='lat' dir='ltr'>vulgo</span> <span class='ocrx_word' id='word_1_228' title='bbox 848 2558 991 2605; x_wconf 90' lang='lat' dir='ltr'>ponunt</span> 
     </span>
     <span class='ocr_line' id='line_1_59' title="bbox 337 2611 991 2659; baseline -0.002 -11"><span class='ocrx_word' id='word_1_229' title='bbox 337 2623 423 2648; x_wconf 82' lang='lat' dir='ltr'>ann.</span> <span class='ocrx_word' id='word_1_230' title='bbox 454 2612 534 2652; x_wconf 85' lang='lat'>561</span> <span class='ocrx_word' id='word_1_231' title='bbox 566 2624 598 2648; x_wconf 89' lang='lat' dir='ltr'>a.</span> <span class='ocrx_word' id='word_1_232' title='bbox 624 2611 733 2659; x_wconf 85' lang='lat' dir='ltr'>Chr.,</span> <span class='ocrx_word' id='word_1_233' title='bbox 770 2624 874 2658; x_wconf 88' lang='lat' dir='ltr'>eum,</span> <span class='ocrx_word' id='word_1_234' title='bbox 910 2624 991 2648; x_wconf 92' lang='lat' dir='ltr'>mo-</span> 
     </span>
     <span class='ocr_line' id='line_1_60' title="bbox 337 2666 990 2717; baseline -0.002 -13"><span class='ocrx_word' id='word_1_235' title='bbox 337 2671 450 2704; x_wconf 84' lang='lat' dir='ltr'>nente</span> <span class='ocrx_word' id='word_1_236' title='bbox 481 2667 664 2704; x_wconf 89' lang='lat' dir='ltr'>Schultzio</span> <span class='ocrx_word' id='word_1_237' title='bbox 708 2680 744 2717; x_wconf 90' lang='lat' dir='ltr'>p.</span> <span class='ocrx_word' id='word_1_238' title='bbox 778 2666 856 2713; x_wconf 82' lang='lat'>40,</span> <span class='ocrx_word' id='word_1_239' title='bbox 893 2679 990 2704; x_wconf 90' lang='lat' dir='ltr'>anno</span> 
     </span>
     <span class='ocr_line' id='line_1_61' title="bbox 338 2723 990 2773; baseline -0.011 -7"><span class='ocrx_word' id='word_1_240' title='bbox 338 2723 422 2765; x_wconf 87' lang='grc'>560</span> <span class='ocrx_word' id='word_1_241' title='bbox 440 2736 474 2760; x_wconf 80' lang='lat' dir='ltr'>a.</span> <span class='ocrx_word' id='word_1_242' title='bbox 493 2723 578 2760; x_wconf 90' lang='lat' dir='ltr'>Chr.</span> <span class='ocrx_word' id='word_1_243' title='bbox 602 2723 758 2773; x_wconf 87' lang='lat' dir='ltr'>primum</span> <span class='ocrx_word' id='word_1_244' title='bbox 772 2723 990 2759; x_wconf 82' lang='lat' dir='ltr'>Pisistratus</span> 
     </span>
     <span class='ocr_line' id='line_1_62' title="bbox 337 2779 989 2828; baseline -0.002 -12"><span class='ocrx_word' id='word_1_245' title='bbox 337 2779 569 2828; x_wconf 85' lang='lat' dir='ltr'>tyrannidem</span> <span class='ocrx_word' id='word_1_246' title='bbox 614 2779 829 2828; x_wconf 81' lang='lat' dir='ltr'>acquisierit.</span> <span class='ocrx_word' id='word_1_247' title='bbox 915 2779 989 2822; x_wconf 84' lang='lat' dir='ltr'>Qui</span> 
     </span>
     <span class='ocr_line' id='line_1_63' title="bbox 338 2831 989 2886; baseline 0 -14"><span class='ocrx_word' id='word_1_248' title='bbox 338 2836 435 2873; x_wconf 88' lang='lat' dir='ltr'>idem</span> <span class='ocrx_word' id='word_1_249' title='bbox 452 2834 603 2872; x_wconf 78' lang='lat' dir='ltr'>Athenis</span> <span class='ocrx_word' id='word_1_250' title='bbox 619 2840 750 2885; x_wconf 79' lang='lat' dir='ltr'>postea</span> <span class='ocrx_word' id='word_1_251' title='bbox 768 2835 902 2872; x_wconf 85' lang='lat' dir='ltr'>eiectus</span> <span class='ocrx_word' id='word_1_252' title='bbox 931 2831 989 2886; x_wconf 85' lang='lat' dir='ltr'>(ut</span> 
     </span>
     <span class='ocr_line' id='line_1_64' title="bbox 339 2890 987 2942; baseline -0.002 -12"><span class='ocrx_word' id='word_1_253' title='bbox 339 2892 369 2939; x_wconf 88' lang='lat'>1,</span> <span class='ocrx_word' id='word_1_254' title='bbox 389 2894 443 2933; x_wconf 90' lang='grc'>60</span> <span class='ocrx_word' id='word_1_255' title='bbox 462 2890 636 2942; x_wconf 83' lang='lat' dir='ltr'>legimus)</span> <span class='ocrx_word' id='word_1_256' title='bbox 663 2892 770 2930; x_wconf 89' lang='lat' dir='ltr'>rediit</span> <span class='ocrx_word' id='word_1_257' title='bbox 788 2904 884 2930; x_wconf 87' lang='lat' dir='ltr'>anno</span> <span class='ocrx_word' id='word_1_258' title='bbox 905 2891 987 2934; x_wconf 86' lang='lat'>558</span> 
     </span>
    </p>
   </div>
   <div class='ocr_carea' id='block_1_16' title="bbox 1057 1371 1716 2932">
    <p class='ocr_par' dir='ltr' id='par_1_17' title="bbox 1058 1371 1713 1918">
     <span class='ocr_line' id='line_1_65' title="bbox 1058 1371 1710 1420; baseline -0.003 -10"><span class='ocrx_word' id='word_1_259' title='bbox 1058 1376 1141 1420; x_wconf 85' lang='lat' dir='ltr'>aut,</span> <span class='ocrx_word' id='word_1_260' title='bbox 1177 1376 1218 1410; x_wconf 92' lang='lat' dir='ltr'>ut</span> <span class='ocrx_word' id='word_1_261' title='bbox 1248 1372 1377 1410; x_wconf 88' lang='lat' dir='ltr'>rectius</span> <span class='ocrx_word' id='word_1_262' title='bbox 1405 1373 1530 1410; x_wconf 84' lang='lat' dir='ltr'>statuit</span> <span class='ocrx_word' id='word_1_263' title='bbox 1551 1371 1710 1409; x_wconf 88' lang='lat' dir='ltr'>Schultz.</span> 
     </span>
     <span class='ocr_line' id='line_1_66' title="bbox 1058 1428 1709 1480; baseline -0.003 -14"><span class='ocrx_word' id='word_1_264' title='bbox 1058 1442 1145 1480; x_wconf 83' lang='lat' dir='ltr'>pag.</span> <span class='ocrx_word' id='word_1_265' title='bbox 1164 1432 1190 1470; x_wconf 93' lang='lat'>7</span> <span class='ocrx_word' id='word_1_266' title='bbox 1210 1441 1306 1466; x_wconf 88' lang='lat' dir='ltr'>anno</span> <span class='ocrx_word' id='word_1_267' title='bbox 1336 1428 1416 1470; x_wconf 88' lang='lat'>555</span> <span class='ocrx_word' id='word_1_268' title='bbox 1440 1430 1537 1476; x_wconf 82' lang='lat' dir='ltr'>sive,</span> <span class='ocrx_word' id='word_1_269' title='bbox 1565 1428 1709 1465; x_wconf 89' lang='lat' dir='ltr'>utLar-</span> 
     </span>
     <span class='ocr_line' id='line_1_67' title="bbox 1059 1484 1709 1536; baseline -0.002 -14"><span class='ocrx_word' id='word_1_270' title='bbox 1059 1486 1166 1523; x_wconf 88' lang='lat' dir='ltr'>chero</span> <span class='ocrx_word' id='word_1_271' title='bbox 1187 1485 1307 1536; x_wconf 85' lang='lat' dir='ltr'>placet</span> <span class='ocrx_word' id='word_1_272' title='bbox 1335 1485 1451 1533; x_wconf 83' lang='lat' dir='ltr'>(Tab.</span> <span class='ocrx_word' id='word_1_273' title='bbox 1477 1484 1634 1522; x_wconf 89' lang='lat' dir='ltr'>chronol.</span> <span class='ocrx_word' id='word_1_274' title='bbox 1652 1498 1709 1534; x_wconf 88' lang='lat' dir='ltr'>cp.</span> 
     </span>
     <span class='ocr_line' id='line_1_68' title="bbox 1061 1540 1710 1592; baseline 0 -14"><span class='ocrx_word' id='word_1_275' title='bbox 1061 1545 1115 1583; x_wconf 75' lang='lat'>20</span> <span class='ocrx_word' id='word_1_276' title='bbox 1146 1556 1183 1592; x_wconf 91' lang='lat' dir='ltr'>p.</span> <span class='ocrx_word' id='word_1_277' title='bbox 1212 1541 1294 1583; x_wconf 77' lang='lat'>542</span> <span class='ocrx_word' id='word_1_278' title='bbox 1332 1541 1437 1590; x_wconf 82' lang='lat' dir='ltr'>seq.)</span> <span class='ocrx_word' id='word_1_279' title='bbox 1485 1554 1581 1579; x_wconf 81' lang='lat' dir='ltr'>anno</span> <span class='ocrx_word' id='word_1_280' title='bbox 1617 1540 1710 1582; x_wconf 82' lang='lat'><strong>554.</strong></span> 
     </span>
     <span class='ocr_line' id='line_1_69' title="bbox 1060 1597 1712 1635; baseline 0 -1"><span class='ocrx_word' id='word_1_281' title='bbox 1060 1598 1247 1635; x_wconf 85' lang='lat' dir='ltr'>Mortuum</span> <span class='ocrx_word' id='word_1_282' title='bbox 1267 1597 1498 1634; x_wconf 83' lang='lat' dir='ltr'>Pisistratum</span> <span class='ocrx_word' id='word_1_283' title='bbox 1514 1610 1597 1635; x_wconf 84' lang='lat' dir='ltr'>esse</span> <span class='ocrx_word' id='word_1_284' title='bbox 1612 1597 1712 1634; x_wconf 88' lang='lat' dir='ltr'>idem</span> 
     </span>
     <span class='ocr_line' id='line_1_70' title="bbox 1060 1654 1711 1700; baseline 0 -10"><span class='ocrx_word' id='word_1_285' title='bbox 1060 1654 1185 1691; x_wconf 87' lang='lat' dir='ltr'>statuit</span> <span class='ocrx_word' id='word_1_286' title='bbox 1207 1656 1288 1696; x_wconf 79' lang='lat'>528</span> <span class='ocrx_word' id='word_1_287' title='bbox 1308 1666 1340 1690; x_wconf 86' lang='lat' dir='ltr'>a.</span> <span class='ocrx_word' id='word_1_288' title='bbox 1365 1654 1449 1690; x_wconf 83' lang='lat' dir='ltr'>Chr.</span> <span class='ocrx_word' id='word_1_289' title='bbox 1469 1675 1525 1681; x_wconf 98' lang='lat'>—</span> <span class='ocrx_word' id='word_1_290' title='bbox 1544 1654 1711 1700; x_wconf 84' lang='lat' dir='ltr'>„Quam-</span> 
     </span>
     <span class='ocr_line' id='line_1_71' title="bbox 1060 1710 1712 1759; baseline 0 -12"><span class='ocrx_word' id='word_1_291' title='bbox 1060 1711 1123 1747; x_wconf 88' lang='lat' dir='ltr'>diu</span> <span class='ocrx_word' id='word_1_292' title='bbox 1132 1711 1361 1759; x_wconf 77' lang='lat' dir='ltr'>tyrannidem</span> <span class='ocrx_word' id='word_1_293' title='bbox 1372 1711 1528 1748; x_wconf 87' lang='lat' dir='ltr'>tenuerit</span> <span class='ocrx_word' id='word_1_294' title='bbox 1537 1710 1712 1747; x_wconf 87' lang='lat' dir='ltr'>Pisistra·-</span> 
     </span>
     <span class='ocr_line' id='line_1_72' title="bbox 1058 1766 1712 1815; baseline -0.002 -11"><span class='ocrx_word' id='word_1_295' title='bbox 1058 1771 1139 1813; x_wconf 85' lang='lat' dir='ltr'>tus,</span> <span class='ocrx_word' id='word_1_296' title='bbox 1196 1779 1240 1803; x_wconf 83' lang='lat' dir='ltr'>ex</span> <span class='ocrx_word' id='word_1_297' title='bbox 1268 1766 1464 1804; x_wconf 84' lang='lat' dir='ltr'>Aristotele</span> <span class='ocrx_word' id='word_1_298' title='bbox 1501 1766 1712 1815; x_wconf 85' lang='lat' dir='ltr'>intelligitur</span> 
     </span>
     <span class='ocr_line' id='line_1_73' title="bbox 1059 1821 1713 1874; baseline 0 -14"><span class='ocrx_word' id='word_1_299' title='bbox 1059 1824 1168 1860; x_wconf 87' lang='lat' dir='ltr'>Polit.</span> <span class='ocrx_word' id='word_1_300' title='bbox 1198 1823 1245 1870; x_wconf 86' lang='lat' dir='ltr'>V,</span> <span class='ocrx_word' id='word_1_301' title='bbox 1270 1825 1295 1864; x_wconf 88' lang='lat'><strong>9</strong></span> <span class='ocrx_word' id='word_1_302' title='bbox 1344 1821 1381 1874; x_wconf 59' lang='grc' dir='ltr'>ἓ.</span> <span class='ocrx_word' id='word_1_303' title='bbox 1415 1824 1470 1865; x_wconf 78' lang='lat'>23</span> <span class='ocrx_word' id='word_1_304' title='bbox 1515 1823 1713 1861; x_wconf 83' lang='lat' dir='ltr'>Schneid.“</span> 
     </span>
     <span class='ocr_line' id='line_1_74' title="bbox 1061 1880 1128 1918; baseline -0.03 0"><span class='ocrx_word' id='word_1_305' title='bbox 1061 1880 1092 1918; x_wconf 85' lang='lat' dir='ltr'>C</span> <span class='ocrx_word' id='word_1_306' title='bbox 1101 1894 1128 1917; x_wconf 83' lang='lat' dir='ltr'>r.</span> 
     </span>
    </p>

    <p class='ocr_par' dir='ltr' id='par_1_18' title="bbox 1059 1928 1716 2493">
     <span class='ocr_line' id='line_1_75' title="bbox 1118 1928 1711 1985; baseline -0.002 -11"><span class='ocrx_word' id='word_1_307' title='bbox 1118 1935 1252 1975; x_wconf 83' lang='grc' dir='ltr'><em>Χίλων</em></span> <span class='ocrx_word' id='word_1_308' title='bbox 1273 1933 1315 1975; x_wconf 81' lang='grc' dir='ltr'>δὲ</span> <span class='ocrx_word' id='word_1_309' title='bbox 1333 1933 1358 1975; x_wconf 79' lang='grc' dir='ltr'><em>ὅ</em></span> <span class='ocrx_word' id='word_1_310' title='bbox 1374 1928 1711 1985; x_wconf 82' lang='grc' dir='ltr'><em>Λακεδαιμόνιος]</em></span> 
     </span>
     <span class='ocr_line' id='line_1_76' title="bbox 1061 1991 1713 2042; baseline -0.005 -12"><span class='ocrx_word' id='word_1_311' title='bbox 1061 1992 1279 2041; x_wconf 84' lang='lat' dir='ltr'>„Teneatur</span> <span class='ocrx_word' id='word_1_312' title='bbox 1304 1993 1362 2029; x_wconf 92' lang='lat' dir='ltr'>hic</span> <span class='ocrx_word' id='word_1_313' title='bbox 1389 1992 1488 2029; x_wconf 86' lang='lat' dir='ltr'>locus</span> <span class='ocrx_word' id='word_1_314' title='bbox 1520 1991 1568 2028; x_wconf 89' lang='lat' dir='ltr'>ad</span> <span class='ocrx_word' id='word_1_315' title='bbox 1597 1991 1713 2042; x_wconf 87' lang='lat' dir='ltr'>expli-</span> 
     </span>
     <span class='ocr_line' id='line_1_77' title="bbox 1061 2049 1714 2098; baseline -0.005 -12"><span class='ocrx_word' id='word_1_316' title='bbox 1061 2051 1215 2087; x_wconf 88' lang='lat' dir='ltr'>candam</span> <span class='ocrx_word' id='word_1_317' title='bbox 1247 2049 1450 2087; x_wconf 87' lang='lat' dir='ltr'>doctrinam</span> <span class='ocrx_word' id='word_1_318' title='bbox 1477 2051 1619 2098; x_wconf 85' lang='lat' dir='ltr'>septem</span> <span class='ocrx_word' id='word_1_319' title='bbox 1652 2060 1714 2084; x_wconf 88' lang='lat' dir='ltr'>sa-</span> 
     </span>
     <span class='ocr_line' id='line_1_78' title="bbox 1061 2103 1715 2155; baseline -0.002 -14"><span class='ocrx_word' id='word_1_320' title='bbox 1061 2107 1238 2155; x_wconf 88' lang='lat' dir='ltr'>pientum.</span> <span class='ocrx_word' id='word_1_321' title='bbox 1308 2105 1462 2142; x_wconf 86' lang='lat' dir='ltr'>Exercet</span> <span class='ocrx_word' id='word_1_322' title='bbox 1499 2104 1597 2142; x_wconf 88' lang='lat' dir='ltr'>enim</span> <span class='ocrx_word' id='word_1_323' title='bbox 1625 2103 1715 2140; x_wconf 85' lang='lat' dir='ltr'>Chi-</span> 
     </span>
     <span class='ocr_line' id='line_1_79' title="bbox 1059 2159 1712 2212; baseline -0.003 -14"><span class='ocrx_word' id='word_1_324' title='bbox 1059 2161 1121 2198; x_wconf 93' lang='lat' dir='ltr'>lon</span> <span class='ocrx_word' id='word_1_325' title='bbox 1152 2162 1187 2198; x_wconf 79' lang='lat' dir='ltr'>h,</span> <span class='ocrx_word' id='word_1_326' title='bbox 1221 2162 1244 2199; x_wconf 90' lang='lat' dir='ltr'>l.</span> <span class='ocrx_word' id='word_1_327' title='bbox 1274 2160 1597 2212; x_wconf 80' lang='grc' dir='ltr'><em>ἵερομαντείαν.“</em></span> <span class='ocrx_word' id='word_1_328' title='bbox 1643 2159 1712 2197; x_wconf 86' lang='lat' dir='ltr'>Cr.</span> 
     </span>
     <span class='ocr_line' id='line_1_80' title="bbox 1061 2218 1714 2268; baseline 0.002 -15"><span class='ocrx_word' id='word_1_329' title='bbox 1061 2218 1280 2268; x_wconf 85' lang='lat' dir='ltr'>Scripsimus</span> <span class='ocrx_word' id='word_1_330' title='bbox 1293 2220 1334 2255; x_wconf 89' lang='lat' dir='ltr'><em>X</em></span> <span class='ocrx_word' id='word_1_331' title='bbox 1342 2218 1356 2257; x_wconf 89' lang='grc' dir='ltr'><em>ί</em></span> <span class='ocrx_word' id='word_1_332' title='bbox 1366 2221 1446 2256; x_wconf 88' lang='grc' dir='ltr'>λων</span> <span class='ocrx_word' id='word_1_333' title='bbox 1464 2230 1543 2254; x_wconf 89' lang='lat' dir='ltr'>cum</span> <span class='ocrx_word' id='word_1_334' title='bbox 1563 2220 1714 2255; x_wconf 88' lang='lat' dir='ltr'>recentt.</span> 
     </span>
     <span class='ocr_line' id='line_1_81' title="bbox 1060 2273 1715 2324; baseline 0 -14"><span class='ocrx_word' id='word_1_335' title='bbox 1060 2287 1128 2324; x_wconf 88' lang='lat' dir='ltr'>pro</span> <span class='ocrx_word' id='word_1_336' title='bbox 1153 2275 1332 2313; x_wconf 84' lang='grc' dir='ltr'><em>Χείλων</em></span> <span class='ocrx_word' id='word_1_337' title='bbox 1345 2305 1356 2322; x_wconf 92' lang='grc'><em>,</em></span> <span class='ocrx_word' id='word_1_338' title='bbox 1388 2278 1424 2312; x_wconf 85' lang='lat' dir='ltr'>et</span> <span class='ocrx_word' id='word_1_339' title='bbox 1443 2275 1480 2310; x_wconf 92' lang='lat' dir='ltr'>in</span> <span class='ocrx_word' id='word_1_340' title='bbox 1501 2286 1606 2323; x_wconf 88' lang='lat' dir='ltr'>seqq.</span> <span class='ocrx_word' id='word_1_341' title='bbox 1626 2273 1715 2311; x_wconf 86' lang='lat' dir='ltr'>reti-</span> 
     </span>
     <span class='ocr_line' id='line_1_82' title="bbox 1060 2326 1715 2381; baseline 0.008 -16"><span class='ocrx_word' id='word_1_342' title='bbox 1060 2331 1205 2367; x_wconf 84' lang='lat' dir='ltr'>nuimus</span> <span class='ocrx_word' id='word_1_343' title='bbox 1264 2326 1461 2381; x_wconf 79' lang='grc' dir='ltr'><em>συνεβούλ</em></span> <span class='ocrx_word' id='word_1_344' title='bbox 1474 2344 1491 2369; x_wconf 88' lang='grc' dir='ltr'><em>ε</em></span> <span class='ocrx_word' id='word_1_345' title='bbox 1502 2345 1527 2368; x_wconf 88' lang='lat' dir='ltr'><em>v</em></span> <span class='ocrx_word' id='word_1_346' title='bbox 1539 2344 1556 2369; x_wconf 88' lang='grc' dir='ltr'><em>ε</em></span> <span class='ocrx_word' id='word_1_347' title='bbox 1570 2358 1582 2377; x_wconf 87' lang='grc'><em>,</em></span> <span class='ocrx_word' id='word_1_348' title='bbox 1652 2330 1715 2367; x_wconf 84' lang='lat' dir='ltr'>ubi</span> 
     </span>
     <span class='ocr_line' id='line_1_83' title="bbox 1060 2385 1716 2424; baseline 0.002 -2"><span class='ocrx_word' id='word_1_349' title='bbox 1060 2386 1246 2424; x_wconf 70' lang='lat' dir='ltr'>Gronov-io</span> <span class='ocrx_word' id='word_1_350' title='bbox 1276 2387 1412 2424; x_wconf 84' lang='lat' dir='ltr'>arridet</span> <span class='ocrx_word' id='word_1_351' title='bbox 1440 2386 1599 2424; x_wconf 86' lang='lat' dir='ltr'>Medicei</span> <span class='ocrx_word' id='word_1_352' title='bbox 1635 2385 1716 2424; x_wconf 87' lang='lat' dir='ltr'>libri</span> 
     </span>
     <span class='ocr_line' id='line_1_84' title="bbox 1059 2439 1458 2493; baseline 0.005 -15"><span class='ocrx_word' id='word_1_353' title='bbox 1059 2442 1164 2479; x_wconf 88' lang='lat' dir='ltr'>lectio</span> <span class='ocrx_word' id='word_1_354' title='bbox 1194 2439 1388 2493; x_wconf 78' lang='grc' dir='ltr'><em>συνεβούλ</em></span> <span class='ocrx_word' id='word_1_355' title='bbox 1400 2457 1417 2481; x_wconf 86' lang='grc' dir='ltr'><em>ε</em></span> <span class='ocrx_word' id='word_1_356' title='bbox 1431 2456 1458 2481; x_wconf 88' lang='grc' dir='ltr'>ε.</span> 
     </span>
    </p>

    <p class='ocr_par' dir='ltr' id='par_1_19' title="bbox 1057 2496 1716 2932">
     <span class='ocr_line' id='line_1_85' title="bbox 1114 2496 1715 2550; baseline 0.002 -14"><span class='ocrx_word' id='word_1_357' title='bbox 1114 2500 1251 2549; x_wconf 78' lang='grc' dir='ltr'><em>πρῶτα</em></span> <span class='ocrx_word' id='word_1_358' title='bbox 1265 2496 1337 2549; x_wconf 80' lang='grc' dir='ltr'>μὲν</span> <span class='ocrx_word' id='word_1_359' title='bbox 1353 2501 1526 2550; x_wconf 78' lang='grc' dir='ltr'><em>γυναῖκα</em></span> <span class='ocrx_word' id='word_1_360' title='bbox 1545 2511 1568 2536; x_wconf 90' lang='grc' dir='ltr'><em>τ</em></span> <span class='ocrx_word' id='word_1_361' title='bbox 1580 2511 1715 2537; x_wconf 82' lang='grc' dir='ltr'><em>εκνο-</em></span> 
     </span>
     <span class='ocr_line' id='line_1_86' title="bbox 1057 2550 1715 2606; baseline 0.002 -13"><span class='ocrx_word' id='word_1_362' title='bbox 1057 2552 1207 2594; x_wconf 78' lang='grc' dir='ltr'><em>ποιόν</em></span> <span class='ocrx_word' id='word_1_363' title='bbox 1241 2551 1295 2605; x_wconf 79' lang='grc' dir='ltr'>μὴ</span> <span class='ocrx_word' id='word_1_364' title='bbox 1328 2552 1550 2606; x_wconf 72' lang='grc' dir='ltr'><em>ἄγεσθαι</em></span> <span class='ocrx_word' id='word_1_365' title='bbox 1589 2553 1630 2600; x_wconf 81' lang='grc' dir='ltr'><em>ἒς</em></span> <span class='ocrx_word' id='word_1_366' title='bbox 1665 2550 1715 2594; x_wconf 70' lang='grc' dir='ltr'><em>τοὶ</em></span> 
     </span>
     <span class='ocr_line' id='line_1_87' title="bbox 1059 2607 1716 2656; baseline -0.002 -7"><span class='ocrx_word' id='word_1_367' title='bbox 1059 2610 1187 2656; x_wconf 79' lang='grc' dir='ltr'><em>οἰκία]</em></span> <span class='ocrx_word' id='word_1_368' title='bbox 1221 2607 1451 2656; x_wconf 78' lang='grc' dir='ltr'><em>τεκνοποιός</em></span> <span class='ocrx_word' id='word_1_369' title='bbox 1479 2610 1538 2648; x_wconf 86' lang='lat' dir='ltr'>hic</span> <span class='ocrx_word' id='word_1_370' title='bbox 1565 2611 1612 2648; x_wconf 91' lang='lat' dir='ltr'>de</span> <span class='ocrx_word' id='word_1_371' title='bbox 1634 2624 1716 2648; x_wconf 91' lang='lat' dir='ltr'>mu-</span> 
     </span>
     <span class='ocr_line' id='line_1_88' title="bbox 1057 2666 1714 2717; baseline 0.002 -14"><span class='ocrx_word' id='word_1_372' title='bbox 1057 2666 1146 2704; x_wconf 87' lang='lat' dir='ltr'>liere</span> <span class='ocrx_word' id='word_1_373' title='bbox 1172 2666 1329 2704; x_wconf 84' lang='lat' dir='ltr'>infantes</span> <span class='ocrx_word' id='word_1_374' title='bbox 1359 2668 1527 2717; x_wconf 85' lang='lat' dir='ltr'>pariente</span> <span class='ocrx_word' id='word_1_375' title='bbox 1566 2668 1714 2715; x_wconf 87' lang='lat' dir='ltr'>dictum,</span> 
     </span>
     <span class='ocr_line' id='line_1_89' title="bbox 1057 2722 1715 2763; baseline 0.005 -3"><span class='ocrx_word' id='word_1_376' title='bbox 1057 2727 1097 2760; x_wconf 92' lang='lat' dir='ltr'>ut</span> <span class='ocrx_word' id='word_1_377' title='bbox 1117 2723 1193 2760; x_wconf 88' lang='lat' dir='ltr'>aliis</span> <span class='ocrx_word' id='word_1_378' title='bbox 1214 2722 1300 2760; x_wconf 87' lang='lat' dir='ltr'>locis</span> <span class='ocrx_word' id='word_1_379' title='bbox 1336 2725 1466 2761; x_wconf 89' lang='lat' dir='ltr'>eodem</span> <span class='ocrx_word' id='word_1_380' title='bbox 1497 2736 1609 2761; x_wconf 89' lang='lat' dir='ltr'>sensu</span> <span class='ocrx_word' id='word_1_381' title='bbox 1626 2738 1715 2763; x_wconf 86' lang='grc' dir='ltr'><em>παι-</em></span> 
     </span>
     <span class='ocr_line' id='line_1_90' title="bbox 1059 2773 1714 2829; baseline 0.003 -12"><span class='ocrx_word' id='word_1_382' title='bbox 1059 2773 1248 2827; x_wconf 84' lang='grc' dir='ltr'><em>δοποιός;</em></span> <span class='ocrx_word' id='word_1_383' title='bbox 1285 2780 1356 2816; x_wconf 83' lang='lat' dir='ltr'>vid.</span> <span class='ocrx_word' id='word_1_384' title='bbox 1378 2780 1424 2828; x_wconf 85' lang='lat' dir='ltr'>V,</span> <span class='ocrx_word' id='word_1_385' title='bbox 1458 2777 1512 2820; x_wconf 84' lang='lat'>40</span> <span class='ocrx_word' id='word_1_386' title='bbox 1547 2780 1714 2829; x_wconf 85' lang='lat' dir='ltr'>aliosque</span> 
     </span>
     <span class='ocr_line' id='line_1_91' title="bbox 1057 2835 1714 2885; baseline 0.003 -14"><span class='ocrx_word' id='word_1_387' title='bbox 1057 2840 1249 2884; x_wconf 87' lang='lat' dir='ltr'>poetarum</span> <span class='ocrx_word' id='word_1_388' title='bbox 1284 2835 1383 2872; x_wconf 83' lang='lat' dir='ltr'>locos</span> <span class='ocrx_word' id='word_1_389' title='bbox 1419 2848 1441 2873; x_wconf 86' lang='lat' dir='ltr'>a</span> <span class='ocrx_word' id='word_1_390' title='bbox 1463 2835 1714 2885; x_wconf 63' lang='lat' dir='ltr'>lVesselingio</span> 
     </span>
     <span class='ocr_line' id='line_1_92' title="bbox 1057 2891 1714 2932; baseline 0.003 -3"><span class='ocrx_word' id='word_1_391' title='bbox 1057 2891 1234 2930; x_wconf 84' lang='lat' dir='ltr'>laudatos.</span> <span class='ocrx_word' id='word_1_392' title='bbox 1294 2892 1406 2931; x_wconf 85' lang='lat' dir='ltr'>Unde</span> <span class='ocrx_word' id='word_1_393' title='bbox 1436 2904 1545 2932; x_wconf 88' lang='lat' dir='ltr'>nemo</span> <span class='ocrx_word' id='word_1_394' title='bbox 1567 2893 1714 2931; x_wconf 89' lang='lat' dir='ltr'>mirabi-</span> 
     </span>
    </p>
   </div>
   <div class='ocr_carea' id='block_1_17' title="bbox 1807 1494 1817 2224">
    <p class='ocr_par' dir='ltr' id='par_1_20' title="bbox 1807 1494 1817 2224">
     <span class='ocr_line' id='line_1_93' title="bbox 1807 1494 1817 2224; baseline 0 0"><span class='ocrx_word' id='word_1_395' title='bbox 1807 1494 1817 2224; x_wconf 95' lang='lat' dir='ltr'> </span> 
     </span>
    </p>
   </div>
   <div class='ocr_carea' id='block_1_18' title="bbox 1794 388 1832 3315">
    <p class='ocr_par' dir='ltr' id='par_1_21' title="bbox 1794 388 1832 3315">
     <span class='ocr_line' id='line_1_94' title="bbox 1794 388 1832 3315; baseline 0 0"><span class='ocrx_word' id='word_1_396' title='bbox 1794 388 1832 3315; x_wconf 95' lang='lat' dir='ltr'> </span> 
     </span>
    </p>
   </div>
  </div>
 </body>
</html>
