1759 3324
334 261 418 302 788

747 252 1215 295 HERODOTI

333 383 524 413 πτωνται
554 367 597 410 οἱ
626 365 857 422 Αἰγύπτιοι
897 364 975 408 τὸν
1014 361 1097 407 οὐκ
1135 359 1462 417 ὀνομαζόμενον
1489 360 1653 405 θεὸν15

279 554 386 578 πτιοι
411 536 482 579 τόν
521 535 595 578 ov’n
631 533 931 589 ὀνομαζόμενον

279 594 380 634 θεὸν
401 610 478 634 xxc.
492 593 539 644 t]
572 596 594 632 i.
618 607 648 631 e.
673 595 811 644 quando
825 595 932 644 plan-

278 657 368 701 gunt
386 652 556 701 Aegyptii
571 651 670 687 deum
689 650 789 687 illum
802 680 813 697 ,
832 653 932 686 cuius

278 722 398 745 ‘nomen
418 710 457 744 in
474 706 542 743 tali
562 720 596 743 re
613 705 706 742 edere
726 706 814 742 milei
828 706 932 755 nefas

280 769 351 811 est,
390 767 463 800 tum
498 763 586 799 hanc
615 763 730 798 bovem
759 764 796 798 z'n
823 762 932 797 lucem

276 820 473 870 proferunt.
521 819 580 855 Ad
599 822 813 854 structuram
833 817 933 854 verbi

280 873 500 914 τύπτεσθαι
517 875 587 911 vid.
616 872 751 910 Matth.
775 873 841 910 Gr.
866 873 931 909 Gr.

281 947 315 982 p.
336 932 418 972 758
451 935 489 967 et
515 931 608 967 conf.
639 941 749 979 supra
780 929 834 975 ll,
866 929 932 969 42.

282 991 331 1029 61
372 986 459 1034 ibiq.
497 991 575 1023 not.
623 985 702 1024 coll.
743 985 798 1032 II,
838 987 929 1025 170.

282 1044 387 1087 Quae
409 1043 438 1079 si
452 1043 641 1080 contuleris
661 1043 732 1078 una
753 1054 833 1078 cum
848 1041 931 1077 Plu·

280 1099 394 1136 tarchi
415 1098 493 1135 loco
524 1099 569 1136 de
599 1098 685 1135 Isid.
716 1103 828 1148 atque
847 1097 932 1134 Osi-

281 1157 348 1192 rid.
380 1169 416 1205 p.
437 1157 518 1195 366
554 1169 581 1192 s.
611 1168 648 1205 p.
669 1154 749 1195 501
778 1167 857 1204 cap.
877 1155 931 1194 39

282 1213 362 1260 (ubi
386 1213 551 1249 conseras
572 1211 828 1260 ll'yttenbach.
855 1209 933 1246 ani-

281 1268 439 1305 madvss.
472 1267 525 1315 Il,
550 1271 570 1308 1
600 1280 686 1318 pag.
707 1267 817 1315 225)
847 1266 933 1303 nihil

282 1324 452 1371 dubium,
481 1323 646 1360 hocloco
671 1324 794 1370 deum,
825 1335 933 1372 quem

282 1382 392 1419 edere
418 1381 521 1417 nefas
554 1380 717 1426 videtur,
760 1379 934 1416 Osiridem

282 1450 374 1475 esse.
431 1435 566 1473 Narrat
588 1437 683 1474 enim
708 1436 934 1482 Plutarchus,

282 1493 482 1543 Aegyptios
519 1506 586 1542 pro
640 1493 736 1530 Iside
781 1492 934 1529 coluisse

282 1563 411 1587 vaccae
443 1549 670 1586 simulacrum
705 1550 934 1595 deauratum,

283 1607 384 1656 quod
416 1606 543 1642 annuis
568 1605 787 1643 solemnibus
804 1635 814 1652 ,
853 1617 934 1641 cum

283 1663 466 1700 Osiridem
487 1662 673 1710 lugerent,
701 1662 806 1710 nigro
825 1661 934 1712 peplo

283 1720 490 1765 obtectum,
512 1720 647 1768 pompa
677 1719 812 1769 septies
843 1719 936 1755 circa

281 1775 453 1826 templum
490 1776 676 1812 ducerent.
754 1775 937 1811 Osiridem

283 1845 369 1870 vero
392 1832 543 1881 periisse
571 1832 740 1868 dicebant
762 1831 937 1868 eimdem-

284 1902 356 1937 que
373 1889 566 1936 lugebant,
583 1888 729 1936 quando
750 1887 855 1924 'Nilus
877 1900 936 1924 re-

284 1945 402 1991 cedit,
431 1957 502 1981 nox
521 1944 664 1992 longior
683 1944 747 1989 fit,
773 1943 936 1992 lucisque

285 2000 411 2037 solaris
426 2001 476 2037 vis
497 2001 602 2048 quasi
621 2005 809 2049 superatur
825 2005 861 2037 et
878 2004 935 2035 ta-

284 2057 409 2094 bescit.
447 2057 552 2100 Quae
571 2057 699 2092 eadem
719 2056 754 2092 in
775 2056 935 2093 medium

284 2114 472 2163 proferens
521 2112 649 2160 Zoega
686 2112 733 2149 de
770 2112 933 2149 obeliscc.

284 2181 369 2219 pag.
397 2168 497 2213 415,
544 2169 747 2204 universam
779 2168 826 2205 de
852 2168 935 2216 My-

286 2224 395 2261 cerini
411 2224 483 2260 filia
493 2225 737 2261 narrationem
760 2224 796 2260 in
816 2225 937 2273 suspi-

285 2281 426 2318 cionem
451 2280 722 2328 quodammodo
748 2285 854 2317 vocat
870 2280 937 2316 mi-

285 2337 454 2384 nimeque
484 2336 653 2373 credibile
679 2341 826 2382 censet,
857 2349 936 2372 mu-

287 2392 465 2429 lierculam
493 2391 590 2428 nullo
617 2392 775 2428 facinore
805 2392 935 2428 claram

287 2450 377 2485 tanti
393 2448 552 2484 habitam
565 2448 676 2484 fuisse
694 2448 793 2497 apud
811 2452 937 2497 poste-

286 2518 359 2540 ros.
416 2503 495 2540 Nos
525 2504 616 2540 haec
638 2504 783 2552 quidem
816 2504 937 2539 mitta-

286 2574 386 2606 mus,
415 2559 661 2609 adponamus,
699 2572 794 2608 quae
820 2560 936 2596 Creu-

287 2629 392 2653 zerus
418 2615 613 2664 disputavit
633 2620 838 2652 commentt.
854 2616 933 2652 He-

286 2673 390 2709 rodd.
409 2685 495 2721 pag.
514 2674 590 2712 127
608 2685 710 2720 seqq.
726 2685 733 2708 ε
763 2671 874 2718 „Iam
905 2672 934 2708 si

287 2740 441 2778 quaeras
461 2740 522 2764 cur
537 2727 822 2765 excellentiorem
841 2727 934 2765 filiae

287 2784 507 2834 sepulturam
536 2783 573 2819 in
598 2783 729 2820 bucula
755 2785 935 2821 censuerit

286 2840 492 2890 Mycerinus
512 2868 523 2885 ,
569 2853 675 2888 quam
712 2839 748 2875 in
795 2839 931 2876 arcula:

288 2897 455 2947 expedita
474 2896 546 2933 iam
566 2896 752 2946 responsio
777 2901 853 2942 est,
882 2897 934 2931 vi-

1001 535 1131 573 delicet
1147 535 1255 573 haec:
1275 535 1444 584 quoniam
1461 533 1523 583 qui
1540 532 1577 569 in
1595 545 1655 570 ar-

1000 592 1078 630 cula
1116 587 1414 644 εἷνθρωποειδεῖ
1447 590 1655 627 condeban-

1001 654 1078 685 tur:
1111 649 1134 683 ii
1166 653 1202 686 et
1227 649 1297 698 ipsi
1327 648 1474 697 quidem
1499 645 1655 682 loculum

998 704 1185 741 habebant
1202 704 1239 740 in
1263 704 1473 741 memoriam
1497 701 1654 739 Osiridis

998 762 1133 797 factum
1150 789 1161 806 ,
1199 773 1318 809 neque
1357 765 1482 797 tamen
1521 759 1653 795 eodem

999 828 1170 865 prorsus,
1190 828 1262 864 quo
1284 816 1424 862 Osiris,
1443 816 1554 852 modo
1567 827 1654 851 con-

1001 872 1201 917 debantur,
1227 876 1355 920 utpote
1373 872 1471 908 cuius
1489 871 1652 908 membra

1001 928 1038 963 in
1056 928 1185 964 bovem
1206 928 1364 963 immissa
1384 929 1537 964 fuerant.
1563 926 1654 962 Por-

1001 997 1041 1020 ro
1075 984 1137 1032 qui
1166 984 1201 1019 in
1233 996 1336 1020 sacro
1368 982 1569 1020 conditorio
1596 995 1655 1019 se-

999 1039 1090 1090 pulti
1124 1045 1234 1086 sunt,
1283 1043 1389 1077 erant
1416 1039 1466 1076 illi
1507 1039 1653 1088 quidem

1001 1091 1401 1147 ὁμόταφοιὈσίριδος
1421 1096 1552 1133 eodem
1572 1108 1653 1132 cum

1001 1153 1150 1190 Osiride
1181 1153 1319 1189 tumulo
1346 1153 1472 1202 potiti:
1501 1152 1567 1189 sed
1594 1150 1654 1188 illa

1000 1214 1122 1246 tamen
1152 1209 1272 1259 puella
1300 1210 1479 1246 sanctiore
1494 1208 1654 1258 quodam

1000 1265 1141 1302 vinculo
1169 1266 1236 1302 suit
1257 1266 1395 1302 Osiridi
1420 1265 1588 1314 copulata
1616 1267 1654 1301 et

1001 1323 1105 1371 quasi
1126 1326 1240 1372 nupta
1266 1322 1297 1359 ei
1329 1322 1412 1359 deo.
1468 1321 1577 1358 Hanc
1605 1321 1652 1357 ob

1001 1391 1147 1416 causam
1176 1383 1317 1428 patrem
1342 1381 1573 1424 exoraverat,
1611 1380 1653 1413 ut

1002 1434 1115 1472 semel
1143 1436 1178 1471 in
1215 1447 1311 1471 anno
1341 1435 1454 1472 solem
1482 1434 1552 1470 sibi
1585 1433 1654 1470 ad-

1003 1492 1141 1543 spicere
1167 1491 1314 1537 iiceret,
1355 1492 1561 1539 eductaque
1596 1492 1653 1527 est

1003 1562 1024 1586 e
1043 1547 1202 1584 conclavi
1225 1561 1268 1585 eo
1291 1548 1369 1594 die,
1401 1560 1472 1596 quo
1494 1546 1652 1596 populus

1001 1604 1203 1655 plangebat
1218 1604 1410 1641 Osiridem.
1469 1603 1553 1646 Quo
1571 1603 1652 1652 ipso

1004 1661 1064 1698 die
1084 1661 1183 1709 quod
1213 1661 1394 1710 suspicere
1415 1659 1560 1696 volebat
1593 1671 1653 1695 so-

1003 1717 1087 1762 lem,
1106 1717 1173 1753 hoc
1190 1717 1228 1753 in
1249 1730 1350 1767 spem
1367 1717 1478 1754 fiebat
1496 1715 1653 1753 redeun-

1004 1774 1049 1810 tis
1070 1772 1181 1820 lucis,
1197 1786 1305 1822 quam
1323 1774 1439 1823 ipsam
1463 1785 1565 1822 spem
1585 1772 1653 1809 hoc

1003 1834 1168 1880 tempore
1196 1830 1448 1879 concipiebant
1469 1828 1653 1878 Aegyptii.

1002 1886 1115 1922 Haud
1142 1887 1299 1923 absurde
1325 1887 1434 1935 igitur
1461 1885 1652 1936 suspiceris

1002 1942 1228 1992 Mycerinum
1246 1947 1319 1979 tam
1339 1943 1528 1978 ambitiosa
1548 1943 1653 1979 sune-

1002 2000 1142 2036 ratione
1158 1999 1251 2036 filiae
1270 1999 1355 2036 nihil
1374 1998 1470 2035 aliud
1491 2001 1654 2048 spectas-

1002 2068 1061 2102 se,
1091 2068 1199 2103 quam
1227 2056 1428 2105 apotheosin
1453 2055 1653 2104 quandam,

1003 2112 1077 2148 sive
1097 2112 1237 2148 divinos
1267 2112 1424 2148 honores
1442 2110 1536 2161 proli
1565 2122 1653 2147 suae

1002 2168 1274 2218 impertiendos.
1350 2167 1520 2216 Arguunt
1543 2167 1652 2204 etiam

1002 2224 1170 2260 lucernae
1197 2224 1297 2273 apud
1333 2224 1496 2260 buculam
1523 2235 1652 2259 accen-

1004 2293 1065 2316 sae
1085 2286 1119 2316 et
1141 2280 1422 2316 sustinientorum
1442 2279 1652 2315 combusto-

1002 2349 1080 2371 rum
1109 2336 1344 2384 impendium.
1410 2335 1492 2384 Ego
1529 2339 1652 2372 tamen

1003 2391 1122 2427 malim
1153 2391 1326 2440 festorum
1354 2391 1518 2428 solemnia
1555 2393 1652 2440 cogi-

1001 2452 1088 2493 tare,
1111 2448 1207 2483 unde
1229 2448 1318 2484 haec
1338 2448 1455 2484 omnis
1474 2447 1653 2497 Mycerini

1003 2503 1150 2539 historia
1170 2508 1343 2539 exornata
1360 2504 1425 2551 sit,
1455 2517 1530 2541 non
1550 2504 1653 2541 aliter

1003 2572 1111 2607 quam
1139 2559 1271 2595 Minois
1303 2559 1454 2597 historia
1482 2565 1518 2598 et
1549 2560 1652 2597 Pasi-

1002 2616 1125 2664 phaes.
1185 2615 1263 2652 Hoc
1276 2620 1381 2665 pacto
1399 2615 1581 2666 Ilchm'ni
1595 2617 1650 2666 fi-

1002 2671 1072 2707 liae
1096 2676 1275 2708 sumtuosa
1310 2672 1492 2722 sepultura
1526 2673 1652 2722 efficta

1002 2730 1049 2764 sit
1083 2741 1100 2764 e
1137 2729 1237 2765 rebus
1273 2731 1416 2766 scenicis
1435 2757 1446 2775 ,
1484 2732 1652 2765 autumno

995 2787 1122 2833 peragi
1140 2786 1275 2831 solitis,
1305 2784 1444 2835 quando
1458 2782 1531 2835 τήν
1548 2780 1652 2823 Ὀσί-

1002 2841 1110 2888 ριδος
1129 2838 1336 2891 κάθειρξις]
1359 2841 1415 2887 εἰς
1439 2838 1513 2891 τήν
1535 2837 1651 2891 σορὸν

1000 2898 1022 2933 i.
1043 2910 1074 2933 e.
1095 2898 1268 2935 Osiridem
1285 2901 1323 2935 in
1340 2910 1461 2935 arcam
1475 2897 1649 2934 inclusum
