1832 3315
389 248 472 290 13⁰

785 244 1253 287 HERODOTI

389 374 442 402 τοι
479 357 526 402 δὲ
560 356 663 402 τάδε
702 354 1140 414 χρηστηριαζόμενος,
1191 356 1231 399 εἴ
1264 356 1308 400 οἱ
1354 353 1709 410 πολυχρόνιοςΒΟ

361 436 556 494 egaram?
585 439 849 493 μουναρχίη.
879 435 906 492 ἡ
937 435 983 480 δὲ
1014 438 1164 492 Πυθίη
1192 436 1234 478 οἱ
1259 439 1342 493 χρᾷ
1369 434 1491 478 τάδε·

464 514 546 553 Ἀλλ’
568 512 622 552 ὅτ’
638 512 686 551 ἂν
703 514 856 561 ἡμίονος
875 515 1044 560 βασιλεύς
1062 515 1229 561 Μήδοισι
1248 514 1409 560 γένηται,

469 575 532 610 καὶ
549 573 651 615 τότε,
677 573 774 610 Λυδὲ
795 571 978 621 ποδαβρὲ,
1000 571 1251 619 πολυψήφιδα
1273 569 1357 618 παρ’
1373 569 1514 618 ’Έρμον

334 757 533 803 haeusero,
572 758 634 805 qui
665 758 702 793 in
739 756 985 795 Schellershe-

334 813 454 849 miano
472 812 562 849 libro
591 812 728 861 aliquid
748 817 833 850 ante
857 815 929 852 τοῦ
948 826 986 850 e-

334 881 455 905 rasum
499 868 708 915 invenerat,
763 869 864 918 quod
911 865 987 920 τήν

335 925 449 961 fuisse
465 924 658 974 suspiceris
675 924 767 961 licet.

394 979 433 1018 εἴ
462 979 503 1019 οἱ
532 976 791 1032 πολυχρόνιος
819 978 984 1030 ἔσται]

335 1036 413 1074 Ubi
467 1036 704 1074 deliberatixo
763 1037 988 1074 coniunctivo

336 1092 451 1140 (conf.
473 1091 513 1139 Ι,
531 1094 597 1134 46.
611 1094 664 1135 53
679 1093 764 1143 ibiq.
787 1096 898 1142 nott.)
912 1106 988 1130 non

336 1162 429 1199 opus
459 1148 529 1196 sit,
576 1149 808 1186 indicativum
837 1150 989 1200 reperiri

335 1206 443 1242 docet
481 1204 637 1243 IVerfer.
681 1207 720 1242 in
758 1206 853 1243 Actt.
890 1206 988 1256 phill.

334 1260 500 1299 Monacc.
522 1261 539 1298 Ι
557 1274 593 1312 p.
606 1263 689 1303 232
702 1292 712 1310 ,
741 1262 902 1300 hocloco
922 1275 990 1313 ap-

335 1318 469 1369 posito.
526 1316 586 1356 De
613 1331 687 1367 quo
731 1318 796 1356 Cr.
835 1319 989 1356 conferri

335 1374 435 1411 iubet
463 1373 665 1412 Hermann.
707 1376 755 1413 ad
786 1375 909 1424 Viger.
941 1376 989 1413 de

335 1430 507 1468 idiotism.
529 1443 566 1481 p.
590 1433 684 1472 947.

391 1484 422 1538 ἦ
455 1483 498 1525 δὲ
525 1487 669 1537 Πυθίη
700 1486 741 1526 οἱ
767 1489 841 1542 χρᾷ
868 1483 986 1534 τάδε]

335 1542 558 1591 „Oraculum
574 1543 685 1580 hocce
704 1545 902 1582 retulerunt
912 1545 987 1582 Dio

336 1600 585 1647 Chrysostom.
624 1600 713 1637 XIII
760 1615 797 1651 p.
830 1604 912 1643 220
951 1604 988 1638 et

336 1655 456 1692 Schol.
488 1655 630 1693 Platon.
673 1669 760 1706 pag.
801 1659 881 1698 188
930 1657 988 1694 ed.

335 1710 512 1749 Ruhnk.“
543 1711 606 1748 Cr.
663 1712 848 1750 Invenitur
880 1714 990 1751 etiam

336 1767 374 1804 in
416 1766 571 1805 Diodori
617 1767 805 1819 Excerptt.
850 1767 886 1819 ἓ.
934 1772 988 1811 29

336 1822 445 1860 Tom.
470 1824 504 1861 II
536 1837 572 1874 p.
593 1823 647 1865 25
679 1825 780 1873 (nov.
803 1827 989 1877 scriptorr.

336 1879 494 1927 collect.)
525 1881 582 1918 ed.
604 1880 692 1918 Mai.
715 1904 770 1910 —

391 1935 434 1972 In
454 1937 572 1986 primo
590 1938 765 1975 versiculo
785 1951 864 1976 cum
878 1938 989 1975 Gais-

335 1992 454 2029 fordio
473 1993 638 2030 dedimus
668 1990 730 2033 ὅτ’
760 1990 786 2033 δι’
800 2009 821 2033 ν
838 2015 895 2022 -·
913 2009 935 2046 y
947 1992 989 2032 έ-

335 2062 454 2098 νηται
492 2049 665 2098 (quando
697 2071 753 2077 -—
782 2053 990 2101 progenitus

329 2104 479 2154 suerit),
508 2105 570 2141 ubi
587 2105 681 2143 male
698 2119 789 2143 unus
807 2107 898 2144 liber
915 2122 937 2158 y
949 2107 987 2146 ί-

335 2175 461 2210 νηται.
481 2159 540 2197 Ad
557 2156 611 2200 ’ὅτ’
635 2157 686 2200 ἂν
702 2163 774 2199 w'd.
796 2163 985 2200 Thiersch.

336 2217 480 2254 Griech.
502 2217 699 2254 Grammat.
723 2217 759 2269 ᾗ.
772 2220 855 2260 322
868 2233 921 2256 nr.
935 2222 988 2260 10

334 2285 421 2323 pag.
441 2275 534 2314 616.
592 2273 634 2310 In
660 2275 772 2311 altero
792 2275 988 2312 versuval-

334 2329 382 2366 de
408 2329 512 2366 nobis
548 2331 682 2368 arridet
707 2330 863 2367 Porsoni
891 2330 988 2379 (Ad-

333 2398 447 2422 verss.
477 2398 514 2435 p.
542 2386 656 2435 311)
690 2387 893 2424 emendatio
937 2384 987 2438 δή

333 2436 417 2480 τότε
439 2454 506 2491 pro
545 2441 613 2480 καὶ
641 2438 723 2481 τότε
757 2444 986 2493 reponentis3

333 2509 444 2545 quam
471 2501 594 2536 tamen
624 2499 743 2535 invitis
772 2499 872 2536 libris
898 2500 986 2537 scri-

331 2553 404 2602 ptis
441 2566 483 2591 ac
523 2556 801 2604 reprobantibus
851 2555 985 2592 Rufino

333 2608 453 2655 (cuius
495 2608 612 2647 locum
663 2611 782 2648 attulit
823 2611 891 2648 Cr.
937 2613 985 2650 de

331 2664 440 2702 Metr.
469 2665 605 2703 Comic.
627 2668 651 2703 f.
682 2667 839 2714 CXLV,
865 2668 887 2703 b
923 2670 980 2705 ed.

330 2719 447 2758 Paris.
483 2721 563 2758 coll.
597 2723 699 2760 Bast.
738 2724 979 2761 Commentat.

329 2777 588 2828 palaeograph.
628 2780 675 2816 ad
714 2780 870 2828 Gregor.
907 2781 981 2817 Co-

1054 757 1143 794 ausi.
1220 758 1298 795 Sed
1338 758 1548 808 scripsimus
1581 757 1709 796 πολυ-

1053 809 1221 863 ψήφιδα
1241 827 1321 851 cum
1343 819 1492 851 recentt.
1512 813 1627 860 editt„
1647 813 1708 849 ubi

1053 869 1162 917 vulgo
1191 870 1461 919 πολυψηφῖδα
1498 873 1561 906 aut
1585 871 1708 908 πολυ-

1054 925 1239 974 ψηφίδα,
1288 926 1390 975 quod
1425 926 1523 962 idem
1556 925 1711 974 praebet

1055 981 1242 1018 Diodorus
1267 980 1289 1017 l.
1313 981 1335 1017 l.
1375 981 1596 1028 „Invenitur
1620 980 1711 1018 haec

1057 1037 1214 1074 clausula
1235 1038 1272 1073 in
1292 1036 1424 1074 Athen.
1447 1037 1535 1074 XIV
1561 1050 1597 1087 p.
1614 1038 1708 1078 630-

1056 1093 1192 1130 Euseb.
1223 1093 1395 1143 Praepar.
1426 1093 1567 1142 Evang.
1590 1093 1636 1141 V,
1654 1095 1711 1135 24

1057 1151 1094 1187 in
1128 1149 1269 1186 Platon.
1297 1150 1355 1187 Re
1383 1150 1483 1200 publ.
1518 1149 1626 1197 VIII,
1657 1151 1710 1191 16

1056 1220 1093 1257 p.
1115 1207 1209 1247 565.
1268 1206 1388 1243 Aliam
1410 1221 1431 1245 e
1450 1206 1639 1243 Prisciano
1658 1205 1713 1243 le-

1056 1263 1183 1300 ctionis
1211 1263 1423 1300 varietatem
1450 1263 1596 1300 exhibet
1619 1260 1712 1298 Lin-

1056 1321 1226 1357 demann.
1267 1319 1306 1355 in
1346 1318 1464 1371 Epist.
1509 1318 1711 1370 praemissa

1055 1375 1231 1413 Prisciani
1261 1376 1360 1425 Opp.
1388 1376 1533 1412 minorr.
1572 1374 1709 1423 (Leid.

1058 1434 1186 1480 1818)
1216 1445 1302 1482 pag.
1325 1431 1425 1468 XXI.
1448 1454 1505 1460 ——
1520 1431 1592 1468 Pro
1610 1427 1711 1482 μηδὲ

1056 1489 1094 1525 in
1117 1489 1223 1526 tertio
1246 1501 1351 1525 versu
1378 1492 1495 1525 exstat
1519 1489 1627 1526 etiam
1653 1483 1709 1539 μή

1058 1542 1122 1592 ὁὲ,
1154 1546 1200 1582 de
1219 1558 1291 1594 quo
1307 1544 1408 1581 Bast.
1433 1545 1455 1582 l.
1478 1545 1528 1581 l.“
1560 1544 1625 1581 Cr.

1112 1599 1283 1652 ’ἡμίονος
1314 1597 1498 1650 βασιλεὺς
1523 1595 1710 1651 Μήδοισι

1056 1655 1239 1709 γένηται]
1274 1657 1357 1700 Quo
1378 1670 1489 1695 sensu
1508 1657 1627 1705 Cyrus
1653 1657 1712 1693 di-

1060 1718 1159 1751 catur
1181 1712 1350 1764 ήμίονος
1373 1727 1402 1750 s,
1419 1713 1556 1760 mulus,
1587 1712 1710 1751 decla-

1057 1774 1156 1807 ratur
1174 1771 1269 1807 infra
1287 1769 1324 1816 I,
1345 1772 1396 1811 91
1411 1798 1421 1817 ,
1443 1770 1504 1807 ubi
1519 1770 1591 1806 vid.
1628 1768 1712 1807 Alia

1056 1828 1105 1864 ad
1121 1827 1156 1863 h.
1180 1826 1202 1863 l.
1223 1826 1386 1863 Platonis
1408 1827 1570 1877 disputat
1595 1825 1711 1862 Scho-

1055 1883 1180 1930 liasta,
1212 1895 1306 1931 quae
1323 1883 1445 1920 malim
1465 1882 1563 1933 apud
1590 1882 1710 1932 ipsum

1056 1940 1141 1988 legi.
1174 1939 1328 1986 „Simile
1349 1939 1537 1989 quoddam
1556 1938 1591 1975 in
1616 1937 1710 1975 Ara-

1057 1997 1144 2032 bum
1189 1996 1342 2043 fabulis,
1395 1996 1527 2045 quibus
1574 2007 1710 2033 nomen

1061 2052 1097 2089 T
1096 2052 1226 2088 auseml
1255 2052 1328 2088 und
1354 2054 1427 2090 eine
1451 2050 1594 2099 Nacht,
1623 2063 1710 2088 nar-

1055 2113 1155 2145 ratur
1174 2110 1220 2146 de
1242 2109 1377 2156 Hind.,
1405 2121 1501 2158 quae
1526 2107 1709 2146 Naamani

1056 2169 1113 2202 est
1131 2165 1222 2212 filia,
1251 2165 1514 2213 Hedschacho,
1530 2164 1709 2214 Mesopo-

1055 2221 1186 2258 tamiae
1211 2224 1397 2271 praefecto
1426 2226 1553 2272 nupta.
1608 2220 1708 2258 Nam

1057 2277 1229 2314 misellum
1259 2291 1301 2314 ex
1325 2291 1361 2315 se
1388 2278 1521 2315 mulam
1545 2289 1711 2328 procrea-

1054 2337 1128 2370 tum
1149 2336 1198 2370 in·
1226 2336 1476 2383 conqueritur,
1505 2347 1578 2384 quo
1612 2333 1710 2371 dicto

1054 2389 1137 2439 ipsa
1169 2391 1336 2427 maritum
1365 2404 1468 2428 suum
1496 2404 1577 2428 cum
1607 2389 1710 2427 asino

1055 2451 1338 2494 comparaverat.
1378 2447 1491 2484 Unde
1513 2447 1543 2482 is
1565 2459 1644 2483 eum
1664 2457 1710 2482 eo

1053 2502 1218 2550 protinus
1248 2502 1441 2539 divortium
1467 2502 1563 2539 facit.
1622 2501 1706 2538 Vid.

1055 2557 1090 2594 T
1093 2558 1230 2594 ausend
1261 2571 1296 2594 u.
1324 2571 1355 2595 e.
1378 2557 1500 2595 Nacht
1528 2570 1600 2594 von
1627 2557 1706 2595 Jos.

1051 2625 1084 2649 v.
1104 2613 1281 2650 Hammer
1301 2613 1335 2650 ΙΙ
1353 2627 1390 2663 p.
1415 2615 1540 2656 167.“
1573 2613 1639 2651 Cr.

1105 2666 1218 2708 Λυδὲ
1260 2667 1456 2720 ποδαβρὲ]
1502 2666 1708 2722 ποδαβρός

1050 2724 1203 2772 dicitur,
1233 2727 1294 2775 qui
1321 2727 1476 2775 pedibus
1505 2730 1562 2764 est
1588 2731 1707 2775 tener,

1047 2781 1188 2827 mollis;
1206 2795 1288 2818 mox
1305 2795 1389 2820 vero
1413 2784 1459 2820 de
1478 2784 1603 2832 quavis
1615 2782 1706 2820 mol-

329 2833 436 2870 rinth.
479 2847 515 2884 p.
545 2836 656 2882 826)
706 2841 742 2873 et
777 2835 980 2874 Scholiasta
1046 2837 1120 2874 litie
1143 2844 1178 2874 et
1198 2837 1335 2876 luxuria
1355 2839 1503 2886 dicitur3
1533 2839 1705 2890 quaipsa.

329 2888 515 2928 Platonico
542 2903 720 2943 reponere
751 2905 824 2930 uon
853 2905 978 2930 sumus
1045 2893 1172 2943 Lydos
1202 2894 1298 2933 male
1332 2900 1441 2934 notos
1470 2895 1585 2935 fuisse
1615 2908 1704 2934 con-
