1759 3324
350 240 434 280 756

352 347 549 405 μάμενον
588 347 744 400 νέκυν,
803 344 1106 390 ἐπισπάσαντα
1145 347 1234 388 τῶν
1274 343 1422 388 ἆσκαῑν
1463 341 1544 388 δύο
1588 362 1615 399 η

296 436 333 468 91
352 433 464 483 τρεῖς
501 429 726 478 ποδεῶνας
766 424 903 470 αὐτόν
946 424 1066 468 λύειν
1113 422 1405 480 ἀπαμμένους.

746 233 1217 276 HERODOTI

1597 343 1617 358 Ἃ

1468 422 1528 473 ὥς
1567 422 1614 465 δὲ
1627 429 1672 463 95

353 508 472 563 ἔῤῥεε
504 505 527 550 ὁ
559 504 700 556 οἶνος,
747 505 827 561 τὴν
855 502 1050 559 κεφαλήν
1076 520 1151 559 μιν
1183 503 1421 547 κόπτεσθαι
1452 501 1617 558 μεγάλα

353 591 547 642 βοῶντα,
609 583 667 634 ὠς
705 582 786 627 οὐκ
826 583 975 638 ἔχοντα
1016 582 1127 636 πρὸς
1168 581 1320 626 ὁκοῖον
1363 587 1452 626 τῶν
1499 580 1616 625 ὄνων

296 669 525 720 Ξέλπρῶτον
555 662 778 717 τράπηται.
818 661 921 712 τούς
951 661 996 704 δὲ
1027 660 1272 716 φυλάκους,
1307 659 1366 712 ὥς
1396 663 1503 705 ἰδεῖν
1533 676 1615 704 πο-

354 744 434 788 λὺν
466 744 622 798 ῥέοντα
651 740 730 783 τὸν
760 737 904 791 οἶνον,
949 739 1198 795 συντρέχειν
1229 741 1271 790 ἐς
1300 740 1377 796 τὴν
1403 739 1511 784 ὁδὸν
1535 739 1613 795 ἆγ-

352 823 455 880 γήϊα
486 823 681 878 ἔχοντας,
729 819 802 862 καὶ
829 818 908 861 τὸν
939 818 1223 874 ἐκκεχυμένον
1255 816 1378 862 οἶνον
1409 820 1617 876 συγκομί-
1660 822 1759 874 1613}

356 907 442 955 ζειν
473 901 520 944 ἐν
553 897 696 953 κέρδεϊ
723 897 1034 953 ποιευμένους·
1066 896 1143 940 τὸν
1171 897 1216 940 δὲ
1241 897 1618 952 διαλοιδορέεσθαι

298 984 479 1031 Ξδπᾶσι,
519 977 653 1034 ὀργὴν
691 975 1079 1032 προσποιεύμενον.
1136 976 1542 1033 παραμυθευμένων
1572 977 1618 1020 δὲ

355 1058 491 1104 αὐτόν
519 1062 609 1101 τῶν
641 1055 874 1112 φυλάκων,
904 1055 1046 1113 χρόνῳ
1077 1054 1351 1111 πρηΰνεσθαι
1377 1054 1642 1110 προσποιέτΙ

357 1145 507 1190 εσθαι,
537 1136 610 1181 καὶ
640 1134 849 1179 ὑπίεσθαι
876 1141 952 1191 τῆς
982 1133 1135 1192 ὀργῆς·
1175 1135 1294 1187 τέλος
1325 1135 1393 1187 δὲ,
1423 1132 1616 1186 ἐξελάσαι

354 1216 488 1262 αὐτὸν
514 1215 617 1267 τοὺς
646 1214 780 1266 ὅνους
810 1214 856 1258 ἐκ
885 1218 961 1271 τῆς
996 1213 1126 1267 ὁδοῦ,
1173 1214 1245 1257 καὶ
1274 1213 1616 1268 κατασκευάζειν.

299 1303 346 1338 24
363 1297 421 1349 ὠς
451 1299 496 1341 δὲ
526 1295 684 1352 λόγους
713 1311 757 1338 τε
791 1295 968 1345 πλείους
1004 1293 1271 1350 ἐγγίνεσθαι,
1314 1295 1389 1336 καί
1419 1309 1516 1336 τινα
1543 1293 1616 1336 καὶ

357 1378 527 1427 σκῶψαί
557 1391 632 1431 μιν
662 1374 735 1418 καὶ
764 1373 806 1425 ἐς
842 1372 1006 1429 γέλωτα
1035 1373 1392 1429 προαγαγέσθαι,
1434 1371 1644 1415 ἐπιδοῠ-5

356 1473 429 1499 ναι
459 1454 630 1499 αὐτοῖσι
658 1458 746 1497 τῶν
777 1451 925 1496 ἀσκῶν
956 1452 1054 1495 ἕνα·
1087 1452 1189 1503 τοὺς
1212 1452 1255 1495 δὲ
1281 1450 1439 1503 αὐτοῦ,
1472 1449 1613 1505 ὥσπερ

356 1532 494 1590 εἶχον,
535 1533 872 1584 κατακλιθέντας
901 1533 1040 1575 πίνειν
1071 1531 1367 1583 διανοέεσθαι,
1406 1530 1478 1574 καὶ
1508 1531 1615 1573 ἐκεῖ-

299 1777 363 1802 ver
399 1763 665 1802 custodiebant.
739 1763 815 1801 Ubi
862 1767 953 1800 nota

299 1834 403 1858 usum
427 1820 705 1871 praepositionis
725 1817 824 1858 κατιέ
844 1821 952 1869 (pro-

296 1891 357 1927 pe,
387 1879 514 1924 iuxta,
544 1876 641 1925 acl),
673 1877 719 1913 de
748 1889 820 1925 quo
847 1876 952 1926 plura

299 1934 492 1971 Fischerus
538 1933 587 1970 ad
627 1932 774 1970 Weller.
821 1933 893 1979 III,
927 1933 950 1970 b

299 2003 385 2041 pag.
406 1991 496 2030 183.
524 1991 614 2030 187.

355 2048 434 2084 τῶν
456 2040 657 2083 ἅσκῶν-
679 2039 950 2095 α’παμμένους]

299 2103 321 2138 i.
341 2115 372 2139 e.
400 2104 532 2138 utrium
564 2101 649 2137 duos
671 2100 725 2137 vel
752 2105 820 2137 tres
836 2103 950 2150 petio-

300 2158 350 2195 los
369 2170 546 2207 suspensos
571 2158 630 2205 (s.
649 2157 852 2206 pendulos)
883 2157 953 2194 sol-

299 2217 400 2252 visse.
441 2210 598 2252 no6soe¹v
619 2218 673 2250 est
696 2215 787 2250 utris
800 2214 952 2262 petiolas

302 2285 329 2308 s.
346 2270 553 2321 prominens
572 2281 656 2318 pars
676 2265 719 2315 (ὂ
732 2271 804 2308 τοῦ
824 2265 953 2308 α’σκοῦ

299 2325 454 2377 προέχει
480 2330 522 2362 ut
552 2326 602 2362 ait
626 2325 736 2362 schol.
758 2329 805 2361 ad
822 2326 948 2375 Eurip.

298 2382 399 2421 Med.
420 2382 534 2429 679),
563 2381 690 2417 lacinia
718 2381 898 2432 pendula,
929 2394 950 2418 e

299 2440 372 2489 qua
387 2439 504 2487 liquor
524 2437 705 2474 emittitur.
740 2436 820 2473 Alio
841 2450 950 2474 sensu

299 2497 347 2533 de
381 2495 539 2543 regionis
570 2493 699 2529 lacinia
725 2506 752 2530 s.
788 2497 950 2530 extrema

298 2556 402 2603 parte
419 2550 572 2587 occurrit
589 2548 695 2595 VIII,
714 2550 778 2589 31.

354 2603 427 2655 τήν
445 2600 625 2656 κεφαλήν
635 2619 702 2654 μιν
713 2601 946 2655 κόπτεσθαι]

234 2679 243 2691 x
299 2663 408 2700 Conf.
434 2662 489 2710 II,
516 2664 568 2702 61
609 2665 646 2698 et
671 2662 720 2698 ad
745 2661 873 2698 verba:
905 2660 948 2699 ἐν

298 2717 433 2769 κέρδεϊ
446 2714 705 2768 ποιευμένους
729 2717 771 2763 (i.
791 2730 820 2754 e.
852 2717 949 2754 lucro

298 2777 367 2813 sibi
380 2787 569 2825 apponere,
604 2775 644 2810 in
667 2773 762 2810 lucro
788 2773 858 2810 sibi
879 2787 946 2823 po-

296 2833 394 2881 nere)
422 2831 458 2877 I,
484 2832 575 2872 118·

352 2885 418 2927 τὸν
437 2884 480 2926 δὲ
501 2882 842 2938 διαλοιδορέεσθαι
869 2886 943 2924 ποῖ-

1023 1759 1085 1811 σι]
1123 1761 1181 1799 De
1201 1765 1380 1799 structura
1400 1761 1471 1798 vid.
1492 1759 1672 1798 Matthiae

1023 1819 1087 1855 Gr.
1108 1819 1172 1854 Gr.
1203 1831 1288 1868 pag.
1312 1818 1405 1859 705.
1446 1819 1671 1867 προσποιεῖ-

1022 1878 1119 1913 σθαι
1143 1874 1179 1911 in
1204 1888 1306 1923 seqq.
1330 1879 1385 1912 est
1406 1874 1591 1920 simulare,
1623 1873 1672 1909 si-

1019 1932 1251 1980 gnificatione
1272 1932 1356 1968 satis
1384 1938 1482 1968 nota.
1518 1930 1577 1967 De
1599 1944 1672 1967 πα-

1021 1991 1294 2037 ραμυθεῖσθαι
1323 1987 1542 2035 (consolari,
1573 1987 1670 2022 mita·-

1018 2057 1122 2092 gare,
1155 2044 1259 2080 lenire
1278 2045 1407 2092 verbis)
1428 2045 1499 2081 vid.
1519 2043 1566 2080 ad
1583 2042 1672 2079 Plu-

1018 2100 1129 2137 tarch.
1149 2101 1261 2137 Aleib.
1282 2113 1367 2150 pag.
1381 2103 1460 2141 129
1480 2112 1555 2148 seq.
1581 2093 1671 2150 χρό-

1020 2171 1076 2208 νῳ
1099 2163 1157 2193 est
1177 2161 1318 2206 postea,
1345 2161 1490 2206 tempore
1519 2155 1669 2205 quodam

1018 2213 1154 2261 elapso,
1191 2219 1234 2249 ut
1255 2213 1287 2259 I,
1309 2214 1372 2254 80·
1397 2215 1488 2253 171·
1519 2211 1611 2252 175-

1075 2266 1328 2307 ύπίεσθαι
1370 2269 1459 2318 τῆς
1490 2263 1668 2320 ὀργῆς]

1017 2324 1124 2361 Conf.
1144 2324 1182 2370 Ι,
1201 2325 1290 2366 156.
1320 2324 1382 2372 IV,
1406 2326 1496 2366 181.

1073 2379 1139 2418 καὶ
1187 2379 1225 2426 ἐς
1264 2379 1411 2433 γέλωτα
1449 2379 1667 2433 προαγαγέ-

1016 2435 1130 2486 σθαι]
1162 2437 1183 2472 ἰ.
1204 2450 1233 2473 e.
1256 2439 1462 2486 permovisse
1481 2437 1529 2474 ad
1545 2442 1664 2484 risum,

1015 2495 1123 2529 risum
1143 2492 1323 2540 elicuisse,
1355 2494 1414 2531 ubi
1437 2494 1547 2531 medii
1565 2494 1667 2532 verbi

1014 2562 1118 2585 usum
1141 2563 1208 2599 pro
1234 2551 1353 2587 activo
1383 2549 1504 2599 attigit
1533 2549 1664 2587 Matth.

1018 2606 1082 2641 Gr.
1114 2605 1177 2641 Gr.
1218 2619 1302 2656 pag.
1331 2606 1425 2648 935.
1482 2605 1543 2642 Ad
1563 2606 1665 2644 verbi

1015 2661 1313 2710 significationem
1324 2664 1421 2699 conf.
1434 2662 1588 2700 Pausan.
1600 2662 1666 2709 IX,

1016 2718 1053 2758 5.
1075 2719 1112 2757 8.
1142 2718 1214 2754 Yit.
1232 2720 1380 2757 Homer.
1401 2721 1473 2765 213
1501 2731 1592 2768 quos
1611 2718 1666 2755 lo-

1016 2786 1077 2810 cos
1096 2774 1220 2811 laudat
1236 2775 1456 2824 Wesseling.

1073 2825 1202 2880 ὤσπερ
1221 2827 1340 2880 εἶχον]
1372 2833 1394 2869 i.
1421 2844 1451 2869 e.
1481 2830 1577 2868 nullo
1603 2829 1665 2867 de-

1014 2884 1127 2932 lectu,
1159 2891 1264 2936 prout
1286 2900 1322 2924 se
1348 2887 1531 2925 habebant.

1595 2886 1663 2924 Cr.
1720 2922 1731 2930 .
