1814 3315
371 255 455 296 148

787 247 1258 290 HERODOTI

340 361 487 407 Ξοῦτω
525 361 604 417 μὲν
644 361 956 414 Πεισίστρατος
994 359 1087 414 ἔσχε
1124 359 1173 401 τὸ
1212 359 1389 412 πρῶτον
1428 352 1625 410 Ἀθήνας,
1640 359 1682 394 15

369 440 445 484 καὶ
471 440 550 497 τὴν
578 440 818 494 τυραννίδα
846 436 966 482 οὔκω
1003 436 1141 492 κάρτα
1179 434 1465 492 ἐρριζωμένην
1502 433 1628 488 ἔχων,

347 517 577 575 3ἆπέβαλε.
621 520 665 562 οἱ
693 519 739 562 δὲ
767 516 1040 570 ἐξελάσαντες
1071 517 1410 570 Πεισίστρατον,
1440 508 1562 564 αὖτις
1580 513 1627 556 ἐκ

368 596 467 654 νέης
497 596 559 640 ἐπ’
589 596 813 652 ἀλλήλοισι
843 596 1112 639 ἐστασίασαν.
1164 592 1552 649 περιελαυνόμενος
1581 591 1628 636 δὲ

371 680 425 734 τῇ
455 674 599 720 στάσει
626 673 649 718 ὁ
680 674 954 730 Μεγακλέης,
995 671 1334 729 ἐπεκηρυκεύετο
1368 670 1627 726 Πεισιστρά-

369 771 430 810 τῳ
447 785 459 805 ,
494 754 529 797 εἰ
560 751 765 810 βούλοιτό
796 754 839 796 οἱ
868 751 948 808 τὴν
975 751 1198 808 θυγατέρα
1227 751 1334 807 ἔχειν
1354 756 1542 806 γυναῖκα
1560 749 1684 794 ἐπὶΞΟ

342 836 427 889 4τῇ
456 833 696 885 τυραννίδι.
754 830 1040 887 ἐνδεξαμένου
1071 831 1118 874 δὲ
1150 829 1228 874 τὸν
1263 828 1396 886 λόγον
1424 830 1496 875 καὶ
1526 828 1628 886 ὁμο-

315 1051 426 1089 supra
447 1038 692 1076 indicavimus.
722 1037 836 1075 Eiecti
865 1037 959 1075 Pisi-

315 1096 418 1133 strati
454 1095 552 1131 bona
583 1094 788 1145 publicata,
837 1107 960 1132 verum

315 1164 338 1189 a
357 1151 501 1189 nemine
523 1155 669 1200 praeter
691 1150 841 1187 Calliam
864 1155 961 1188 emta

317 1221 401 1245 esse
419 1211 543 1244 narrat
560 1207 773 1244 Herodotus
789 1207 853 1255 Vl,
870 1209 961 1248 121.

315 1262 397 1300 Alia
423 1267 585 1300 veterum
618 1263 826 1300 testimonia
853 1263 962 1300 colle-

316 1320 371 1368 git
397 1318 580 1356 Meursius
595 1319 632 1354 in
649 1318 827 1356 Pisistrat.
848 1333 903 1368 cp.
922 1321 962 1360 4.

373 1369 486 1420 αὖτις
512 1374 556 1414 ἐκ
576 1372 667 1424 νεής
683 1371 757 1414 ’ἐπ’
783 1371 962 1425 οἷλλήλοι·

316 1442 358 1470 σι
399 1429 662 1480 ἐστασίασαν]
705 1430 749 1470 ἐκ
791 1430 884 1481 νέης
920 1431 963 1468 de

317 1499 425 1534 novo,
473 1487 534 1524 ubi
577 1487 749 1537 supplent
782 1483 907 1538 ἀρχῆς
941 1500 963 1525 a

316 1542 510 1580 Plutarcho
542 1543 590 1580 de
628 1543 771 1581 Sollert.
806 1543 963 1581 Animal.

315 1612 353 1649 p.
373 1599 453 1640 959
472 1599 655 1645 additum3
683 1600 754 1636 vid.
777 1599 962 1638 Lambert.

315 1654 403 1692 Βο5
424 1655 472 1693 de
490 1654 619 1722 Essips.
647 1669 684 1706 p.
714 1658 781 1697 42.

372 1705 448 1750 ἐπ’
491 1705 787 1761 αλλήλοισιέ
839 1711 965 1750 adver-

318 1778 380 1803 sus
410 1779 445 1804 se
471 1768 644 1811 mvz'cem‚·
682 1769 744 1805 ubi
775 1769 966 1819 praeposi-

317 1823 454 1861 tionem
477 1836 553 1860 non
584 1828 733 1872 quartus
754 1825 821 1862 sed
838 1826 965 1863 tertius

318 1891 425 1916 casus
455 1880 640 1929 sequitur,
670 1885 861 1931 poetarum
889 1883 966 1919 fere

318 1947 362 1972 ex
376 1948 498 1982 more,
529 1936 576 1973 de
597 1948 668 1984 quo
693 1937 894 1975 Blomfield.
918 1937 967 1973 ad

317 1990 483 2039 Aeschyl.
513 1991 551 2027 S.
577 2004 606 2028 c.
636 1992 708 2029 Th.
743 2006 795 2029 vs.
826 1998 860 2033 1.
888 1993 966 2030 He-

318 2047 435 2083 rodot.
470 2046 508 2094 I,
557 2049 630 2087 61·
678 2045 823 2097 μαθών
866 2046 908 2087 δὲ
945 2046 965 2088 ὁ

319 2101 602 2169 Πεισίστρατος
642 2118 690 2143 τα
742 2100 963 2156 ποιεύμενα

318 2153 395 2198 ἐπ’
425 2156 603 2212 ἑωυτῷ.

374 2199 724 2265 περιελαυνόμενος
747 2213 789 2255 δε
808 2217 859 2270 τῇ
876 2211 964 2255 στά-

319 2281 379 2308 σει
402 2268 426 2309 ὁ
460 2270 720 2322 Μεγακλέης]
762 2275 964 2324 περιελαυ-

319 2321 487 2376 νόμενος
521 2331 598 2364 est:
636 2331 820 2376 agitatus,
857 2340 965 2366 vesa-

319 2386 396 2429 tus,
443 2385 685 2420 czrcumactus.
752 2385 864 2422 Unde
899 2398 967 2422 nec

319 2437 527 2487 Stephanus
573 2440 751 2477 aberravit
789 2453 812 2477 a
846 2453 968 2487 sensu,

319 2498 480 2531 vertens:
503 2494 712 2544 fatigatuS,
732 2509 799 2534 nec
823 2497 970 2534 Grono-

319 2550 397 2586 vius
417 2554 579 2589 vertens:
607 2553 772 2589 obsessus.

376 2604 412 2644 εἰ
447 2602 631 2656 βούλοιτό
666 2607 707 2647 οἱ
738 2622 812 2659 την
840 2611 964 2659 θυγα-

319 2658 411 2713 τέρα
432 2661 531 2712 ε’χειν
555 2668 724 2714 γυναῖκα
745 2662 810 2703 ἐπὶ
830 2666 882 2718 τῇ
901 2679 964 2703 τυ-

319 2718 491 2769 ραννίδι]
531 2719 652 2758 Verba
678 2719 728 2761 οἱ
754 2717 839 2770 τὴν
871 2724 965 2758 θυ-

318 2772 504 2826 γατέρα
541 2781 660 2814 verte:
708 2789 809 2813 suam
854 2778 966 2826 ipsius

320 2829 536 2880 (Megaclis)
560 2832 701 2881 filtizm,
731 2833 966 2882 quemadmo-

243 2933 252 2941 ἱ
320 2886 406 2924 dum
424 2889 525 2938 apud
548 2887 744 2927 Pindarum
772 2888 831 2927 01.
853 2888 883 2937 Ι,
911 2891 963 2932 91

1027 1032 1101 1076 τάν
1138 1036 1187 1076 οἵ
1214 1033 1374 1088 πατὴρ
1412 1032 1684 1089 ὕπερκρὲμασε

1028 1091 1218 1145 καρτερόν
1242 1089 1349 1145 αὐτῷ
1369 1093 1510 1140 λίθον,
1555 1105 1683 1141 quam-

1028 1164 1135 1199 quam
1167 1151 1224 1187 hie
1260 1150 1366 1186 aliam
1403 1162 1549 1198 quoque
1573 1149 1685 1186 inter-

1027 1208 1197 1257 pretandi
1233 1207 1411 1243 rationem
1457 1205 1685 1255 propositam

1031 1276 1113 1300 esse
1148 1263 1246 1299 haud
1280 1275 1361 1298 sum
1390 1262 1544 1300 nescius.
1601 1260 1686 1298 Dif-

1030 1320 1102 1356 sert
1121 1331 1142 1355 a
1162 1323 1289 1355 nostro
1310 1318 1412 1365 loen,
1442 1318 1542 1367 quod
1572 1328 1686 1367 supra

1031 1375 1143 1423 1‚34
1165 1379 1301 1412 exstat:
1332 1390 1385 1425 μη
1408 1388 1445 1412 τι
1467 1373 1517 1413 οἱ
1544 1387 1686 1426 κρεμα-

1032 1445 1156 1482 μενον
1192 1432 1245 1483 τῷ
1272 1429 1387 1470 παιδὶ
1418 1429 1585 1484 ἐμπέσῃ,
1623 1428 1685 1466 ubi

1031 1488 1102 1525 vid.
1114 1510 1169 1515 —-
1179 1487 1326 1525 Nomen
1340 1487 1434 1524 filiae
1452 1491 1548 1524 tacet
1564 1485 1686 1523 Hero-

1033 1545 1152 1581 dotus.
1211 1544 1286 1581 Sed
1335 1556 1379 1581 ex
1416 1543 1531 1580 Suida
1561 1542 1619 1590 (s,
1649 1554 1683 1579 v.

1029 1596 1464 1652 Ἐγκεκοισυρωμένην)
1496 1602 1532 1636 et
1563 1598 1684 1635 Schol.

1032 1658 1081 1694 ad
1102 1655 1285 1706 Aristoph.
1306 1655 1404 1693 Nub.
1424 1657 1479 1696 49
1500 1654 1687 1703 colligunt,

1033 1725 1115 1751 eam
1155 1713 1287 1749 dictam
1311 1713 1424 1749 fuisse
1462 1706 1685 1762 Κοισύραν.

1032 1769 1092 1807 De
1113 1781 1185 1817 quo
1205 1769 1371 1817 equidem
1393 1781 1467 1805 non
1488 1768 1587 1805 litem
1606 1780 1687 1804 mo-

1032 1826 1138 1863 vebo.
1177 1825 1296 1862 verba
1326 1822 1389 1864 ἐπὶ
1411 1826 1462 1879 τῇ
1480 1823 1687 1876 τυραννίδι

1032 1882 1104 1919 iam
1126 1882 1376 1918 contendimus
1397 1894 1476 1918 cum
1496 1881 1562 1927 iis,
1592 1892 1686 1929 quae

1031 1937 1063 1985 Ι,
1096 1938 1149 1978 59
1184 1937 1245 1973 fin.
1273 1937 1461 1986 leguntur:
1491 1935 1556 1976 ἐπὶ
1583 1939 1687 1975 τοῖσι

1033 1996 1276 2032 κατεστεῶσι.
1323 1994 1393 2031 Est
1418 1994 1512 2031 enim
1549 1991 1613 2032 ἐπὶ
1647 1992 1685 2029 in

1032 2050 1088 2087 his
1108 2050 1349 2088 conditionale
1362 2079 1372 2098 ,
1403 2054 1444 2087 ut
1465 2049 1576 2101 paulo
1599 2052 1687 2099 post

1030 2106 1068 2142 in
1085 2106 1204 2143 verbis
1223 2105 1286 2145 ἐπὶ
1304 2102 1478 2146 τούτοισι
1494 2110 1531 2144 et
1550 2105 1579 2153 I,
1592 2105 1683 2146 141.

1034 2165 1126 2209 160,
1171 2162 1265 2200 alibi.
1304 2163 1417 2201 Unde
1454 2161 1519 2202 ἐπὶ
1543 2163 1595 2216 τῇ
1621 2176 1686 2200 τυ-

1033 2218 1192 2270 ραννίδι
1218 2219 1304 2256 erit:
1354 2219 1452 2268 „sub
1491 2218 1686 2255 conditione

1032 2275 1246 2324 tyrannidis,
1267 2289 1296 2312 5.
1318 2288 1359 2312 ea
1377 2276 1570 2313 conditione
1579 2276 1685 2321 inita,

1033 2335 1073 2367 ut
1088 2343 1152 2379 pro
1173 2330 1352 2379 RIegaclis
1374 2332 1463 2382 filia
1492 2334 1531 2368 in
1560 2332 1686 2368 matri-

1033 2389 1184 2423 monium
1201 2388 1309 2425 ducta
1328 2387 1542 2425 Pisistratus
1561 2391 1686 2437 tyran-

1035 2442 1147 2479 nidem
1185 2445 1392 2493 acciperetf‘
1438 2444 1523 2481 Vid.
1553 2443 1684 2480 Matth.

1036 2497 1073 2548 ἓ.
1092 2498 1194 2545 585,
1223 2500 1249 2548 β
1282 2513 1318 2549 p.
1343 2499 1462 2540 1165.
1494 2499 1607 2542 Quod
1626 2511 1686 2536 se-

1033 2555 1154 2602 quitur
1178 2554 1241 2594 ἐπὶ
1262 2558 1313 2609 τῇ
1340 2551 1491 2607 κατόδῳ
1520 2558 1595 2592 est:
1631 2567 1686 2591 re-

1033 2609 1128 2647 ditus
1154 2622 1265 2647 causa
1287 2624 1316 2648 5.
1341 2624 1408 2662 quo
1428 2595 1488 2647 ille
1507 2610 1686 2648 reducere-

1033 2669 1115 2710 tur,-
1144 2667 1195 2703 ut1
1216 2668 1389 2717 supraI
1420 2666 1494 2708 41·
1529 2665 1595 2706 ἐπὶ
1617 2667 1685 2717 δη-

1032 2718 1154 2772 λήσει.
1188 2743 1244 2751 --
1280 2723 1369 2760 Mox
1403 2725 1564 2775 πρᾶγμα
1596 2719 1684 2773 ευή-

1031 2777 1226 2817 θέστατον
1265 2783 1322 2816 est
1364 2792 1423 2817 res
1460 2780 1684 2826 stultissima,

1029 2836 1256 2883 ineptissima.
1286 2835 1422 2872 Vocem
1444 2830 1597 2886 εὐήθης
1615 2835 1685 2872 hac

1031 2891 1295 2940 significatione
1323 2891 1427 2929 Plato
1458 2892 1684 2943 potissimum
