1759 3324
514 266 942 308 EUTERPE.
991 267 1039 305 II.

1317 269 1404 310 795

102 381 294 432 4δουλος
322 380 368 424 δὲ
399 377 610 423 Αἰσώπου
638 379 719 420 τοῦ
745 379 997 432 λογοποιοῦ.
1050 375 1126 420 καὶ
1155 373 1239 431 γὰρ
1271 369 1459 427 οὖτος55

124 458 350 515 Ἰάδμονος
389 458 580 513 ἐγένετο,
640 455 700 507 ὥς
740 455 897 508 διέδεξε
939 457 1042 513 τῇδε
1084 453 1167 499 οὐκ
1219 453 1398 511 ἥκιστα·

129 539 221 582 ἐπεί
244 554 289 581 τε
317 538 399 593 γὰρ
430 535 640 587 πολλάκις
669 534 984 592 κηρυσσόντων
1006 538 1200 590 Δελφῶν
1220 533 1266 577 ἐκ
1296 538 1401 577 θεο-

127 618 322 671 προπίου
360 616 446 669 ,,ὂς
476 614 684 673 βούλοιτο
713 614 873 671 ποινὴν
903 618 978 671 τῆς
1016 613 1230 658 Αἰσώπου
1260 616 1402 669 ψυχῆς

127 694 438 749 ,,ἆνελέσθαι,“
481 695 609 747 ἄλλος
645 696 725 752 μὲν
766 694 913 747 οὐδεὶς
954 693 1122 751 ἐφάνη,
1170 691 1402 750 Ἰάδμονος

70 891 148 938 61,
172 889 251 928 coll.
270 904 307 942 p.
331 894 432 940 132,
461 906 542 930 eum
559 888 729 944 Ἰάδμων

69 946 193 984 Ionica
212 947 268 985 vel
294 947 441 986 Aeolica
472 950 635 987 eiusdem
661 962 729 987 no-

68 1004 174 1040 minis
193 1004 310 1041 forma
332 1006 521 1054 videatur,
552 1007 653 1056 quod
671 1019 728 1043 re-

67 1059 174 1109 liquis
214 1061 451 1111 scriptoribus
501 1063 548 1100 sit
579 1060 728 1113 Ἴδμων

69 1117 121 1164 (ἰ.
149 1129 185 1165 q.
216 1115 360 1166 σοφὸς,
391 1121 549 1168 sapiens,
586 1120 728 1166 sciens).

69 1173 178 1211 Conf.
198 1175 306 1211 etiam
335 1175 496 1212 Schultz.
517 1176 539 1212 l.
560 1175 583 1212 l.
602 1190 639 1226 p.
660 1176 727 1217 24.

126 1225 347 1277 σύνδουλος
373 1229 415 1270 δὲ
438 1228 632 1271 Αἰσώπου
655 1234 729 1271 τοῦ

69 1286 301 1338 λογοποιοῦ]
330 1288 390 1326 De
420 1293 603 1326 structura
630 1290 727 1326 vocis

71 1339 292 1391 σύνδουλος
313 1358 393 1382 eum
406 1346 566 1394 genitivo
586 1346 727 1382 monuit

68 1398 202 1437 Matth.
225 1401 291 1438 Gr.
315 1401 380 1438 Gr.
404 1416 440 1452 p.
462 1403 544 1443 740
568 1415 645 1451 seq.
672 1424 728 1430 -—-

69 1454 280 1508 λογοποιόν
312 1471 396 1495 eum
427 1459 640 1496 Herodotus
665 1472 731 1495 vo-

71 1518 143 1560 cat,
158 1516 220 1563 qui
238 1514 410 1564 quidquid
431 1519 587 1562 enarrat,
608 1515 729 1565 refert,

72 1583 181 1608 sensu
209 1571 348 1617 latiori,
377 1573 476 1609 unde
500 1577 537 1610 et
562 1573 729 1609 historia—

70 1639 146 1664 rum
193 1629 395 1678 scriptorem
443 1633 479 1665 et
519 1629 731 1679 fabularum

70 1687 289 1721 narratorem
319 1698 389 1722 vox
414 1684 560 1722 indicat.
621 1686 730 1723 Conf.

71 1740 127 1786 ll,
147 1740 239 1782 143.
269 1741 316 1788 V,
333 1743 387 1782 36
417 1745 453 1778 et
471 1741 641 1780 Creuzer.
671 1743 731 1779 die

72 1797 197 1834 histor.
220 1797 345 1834 Kunst
364 1798 399 1834 d.
419 1797 564 1835 Griech.
586 1813 621 1849 p.
639 1802 730 1839 177.

72 1853 148 1890 Sed
190 1858 286 1891 recte
321 1855 469 1901 facere,
519 1856 579 1904 qui
615 1858 728 1907 λογο-

71 1906 188 1949 ποιὸν
209 1910 387 1960 accipiant
409 1910 621 1960 fabularum
642 1913 732 1948 scra·-

66 1970 222 2017 ptorem,
260 1972 373 2015 negat
404 1967 574 2006 Grauert.
606 1968 686 2006 loco
707 1968 729 2006 l.

70 2036 156 2074 pag.
177 2022 230 2064 41
245 2052 256 2072 ,
287 2037 368 2060 cum
388 2023 454 2061 hac
471 2038 559 2062 voce
590 2027 645 2073 z's,
671 2027 734 2075 qua·

65 2079 218 2130 fabulas
247 2082 549 2129 commz'm'scatur,
589 2082 731 2131 signifi-

71 2140 192 2183 cetur,
223 2149 299 2173 non
320 2137 408 2174 item
437 2140 500 2187 qui
527 2140 731 2188 scrz'pserz't;

71 2197 113 2230 ut
140 2193 234 2230 adeo
266 2192 403 2231 Plinius
424 2194 458 2231 h.
489 2207 524 2231 n.
556 2195 730 2243 XXXVI,

75 2252 128 2292 12
165 2254 329 2287 accurate
354 2255 391 2288 et
416 2251 580 2288 consulto
611 2251 731 2289 Aeso-

71 2319 159 2356 pum
179 2305 370 2357 appellarit
383 2307 596 2357 fabularum
611 2308 728 2358 philo-

71 2362 235 2412 sophum,
264 2376 339 2400 non
360 2367 572 2414 scriptorem.
630 2365 729 2402 Alias

74 2419 356 2467 significationes
385 2422 547 2459 eiusdem
564 2422 730 2460 vocabuli

73 2475 177 2524 attigi
194 2476 240 2512 ad
254 2476 402 2515 Ctesiae
423 2479 588 2527 fragmm.
608 2493 644 2530 p.
661 2480 728 2520 83.

78 2553 126 2558 —
158 2530 216 2569 De
243 2532 323 2582 ipso
362 2533 511 2585 Aesopo
537 2537 728 2586 disputare

76 2591 114 2624 et
135 2586 283 2637 longum
303 2593 338 2627 et
358 2591 404 2627 ab
435 2591 505 2629 hoc
533 2592 611 2630 loco
640 2592 730 2629 alie-

75 2656 183 2690 num3
213 2645 382 2683 disseruit
408 2648 593 2697 pluribus,
633 2662 728 2698 quae

75 2700 124 2736 ad
141 2699 323 2750 Aesopum
345 2709 534 2753 spectant,
557 2706 727 2743 Grauert.

76 2756 113 2792 in
133 2756 387 2796 dissertatione
414 2760 584 2809 laudata,
614 2774 656 2799 ac
679 2762 725 2799 si-

78 2811 227 2859 gillatim
254 2813 300 2851 de
331 2815 406 2852 eius
438 2819 578 2866 patria,
617 2831 727 2867 quam

77 2867 285 2906 Herodotus
307 2874 415 2918 tacet,
435 2885 521 2923 pag.
536 2873 590 2915 64
611 2888 730 2923 seqq.,

79 2923 126 2961 de
141 2928 326 2975 tempore,
353 2939 425 2976 quo
445 2930 609 2968 floruerit
626 2944 663 2981 p.
675 2932 726 2972 31

796 914 853 920 -—
872 890 929 933 34
946 922 957 939 ,
996 891 1087 929 circa
1118 889 1460 940 quinquagesimam

796 949 874 986 fere
909 948 1188 999 Olympiadem3
1228 948 1325 984 unde
1359 959 1459 983 mor-

796 1009 899 1042 tuum
921 1018 1002 1042 esse
1031 1003 1218 1054 Aesopum
1237 1003 1460 1053 Olympiade

797 1061 1100 1111 quinquagesima
1116 1066 1250 1110 quarta
1275 1060 1336 1097 alii
1359 1060 1459 1096 haud

796 1117 891 1155 male
916 1123 1076 1156 statuere
1095 1118 1276 1155 videntur.
1309 1116 1345 1154 T
1347 1130 1370 1152 u
1386 1116 1458 1153 vid.

795 1174 1025 1226 potissimum
1055 1173 1217 1211 Schultz.
1249 1172 1271 1210 l.
1295 1173 1316 1210 l.
1346 1186 1382 1223 p.
1404 1174 1459 1213 38

798 1231 877 1268 coll.
907 1231 986 1277 24,
1028 1231 1124 1279 qui,
1165 1243 1245 1267 cum
1289 1229 1459 1279 Aesopus

797 1293 882 1325 ante
904 1287 1164 1337 Olympiadem
1196 1286 1461 1335 quinquagesi-

795 1357 894 1382 mam
929 1345 1125 1381 secundam
1155 1342 1256 1379 Sami
1283 1343 1392 1380 fuerit
1421 1344 1460 1380 in

800 1401 973 1439 servitute
996 1429 1006 1447 ,
1065 1401 1114 1437 ad
1157 1400 1250 1437 hanc
1302 1400 1460 1437 eandem

799 1458 1059 1507 Olympiadem
1104 1461 1142 1494 et
1192 1456 1380 1505 Aesopum
1423 1458 1461 1493 et

798 1514 1059 1564 Rhodopidem
1080 1515 1202 1551 refert.
1262 1513 1368 1556 Quae
1396 1525 1461 1550 ve-

798 1584 840 1607 ro
880 1570 1091 1607 Plutarchus
1134 1570 1198 1607 vit.
1233 1569 1360 1605 Solon.
1390 1570 1460 1616 28,

801 1627 934 1676 aliique
953 1631 1102 1664 narrant
1121 1628 1168 1664 de
1186 1628 1335 1676 Aesopo
1359 1625 1460 1675 apud

801 1684 980 1721 Croesum
1009 1687 1257 1720 commorante
1291 1695 1334 1720 eo
1364 1686 1461 1719 tem-

799 1753 911 1791 pore,
942 1753 1014 1789 quo
1035 1740 1150 1777 Solon
1167 1740 1304 1776 Sardes
1330 1738 1461 1775 adierit

801 1810 883 1834 cum
908 1797 1056 1846 Aesopo
1097 1802 1133 1834 et
1167 1797 1248 1847 ipso
1284 1795 1459 1832 confabu—

800 1853 892 1900 lans,
911 1867 954 1891 ea
975 1853 1074 1890 haud
1095 1866 1183 1890 vera
1205 1853 1316 1889 habet
1337 1851 1460 1888 Grau-

801 1914 866 1947 ert.
898 1910 920 1947 l.
950 1909 973 1947 l.
1013 1922 1100 1960 pag.
1121 1908 1176 1951 44
1195 1930 1252 1937 -—
1273 1908 1349 1955 52,
1382 1908 1458 1957 qui,

800 1966 1064 2004 cumSolonem
1086 1967 1184 2017 apud
1196 1967 1374 2003 Croesum
1392 1977 1460 2001 un-

799 2036 909 2073 quam
933 2028 1196 2060 commoratum
1223 2035 1305 2060 esse
1330 2025 1458 2070 negat,

798 2080 987 2130 Aesopum
1020 2093 1167 2129 quoque
1205 2079 1340 2117 ibidem
1379 2090 1460 2115 cum

799 2136 937 2173 Solone
954 2136 1179 2174 confabulari
1200 2149 1275 2174 non
1290 2135 1460 2187 potuisse

799 2194 998 2231 contendit.

856 2249 924 2288 καὶ
964 2246 1039 2302 yolo
1092 2242 1212 2296 οὗτος
1250 2243 1461 2299 Ἰάδμονος

798 2304 974 2359 ἐγένετο]
1005 2307 1028 2344 i.
1048 2319 1080 2344 e.
1110 2319 1191 2344 nam
1215 2310 1247 2343 et
1275 2305 1372 2342 hicce
1393 2303 1459 2342 Ia-

797 2363 931 2401 dmom‘s
956 2377 1077 2401 servus
1088 2363 1182 2414 fuit,
1201 2362 1368 2400 Iadmom'
1384 2375 1459 2399 ser-

795 2423 877 2458 viz't.
923 2421 983 2458 Ad
1004 2421 1222 2458 locutionem
1242 2420 1337 2458 conf.
1360 2418 1460 2456 Mat-

797 2479 898 2516 thiae
921 2478 986 2514 Gr.
1010 2478 1075 2514 Gr.
1097 2490 1184 2527 pag.
1204 2479 1287 2518 620
1308 2479 1347 2514 et
1363 2488 1460 2525 quae

796 2535 869 2572 alia
887 2549 907 2572 e
927 2534 1079 2572 Graecis
1099 2533 1288 2571 Latinisve
1306 2533 1461 2583 scripto-

796 2592 894 2628 ribus
920 2591 955 2628 h.
977 2591 1000 2628 l.
1032 2590 1153 2628 attulit
1180 2590 1459 2627 Valckenarius.

796 2669 852 2676 —-
880 2648 939 2685 De
966 2661 1037 2685 usu
1073 2646 1275 2698 particulae
1313 2643 1390 2698 γεὶρ
1420 2645 1458 2682 in

796 2705 960 2755 proxime
988 2704 1226 2753 sequentibus
1254 2704 1351 2740 conf.
1380 2705 1458 2739 not.

795 2762 843 2799 ad
863 2761 895 2797 ll
909 2790 920 2807 ,
944 2764 1034 2802 116.

854 2814 894 2864 ὃς
916 2813 1101 2868 βούλοιτο
1121 2813 1272 2866 ποινήν
1292 2817 1365 2864 τῆς
1384 2813 1455 2853 Αἶ-

800 2871 938 2912 σώπου
958 2876 1094 2924 ψυχῆς
1120 2869 1351 2922 ἄνελέσθαι]
1382 2872 1405 2907 i.
1425 2883 1458 2908 e.

800 2932 834 2968 si
852 2933 931 2981 quis
945 2944 1093 2982 poenam
1104 2934 1253 2981 repetere
1261 2927 1364 2967 vellet
1380 2939 1458 2977 cae-
