1777 3324
171 260 256 299 91⁰
646 253 1227 293 EXCURSUSVI

172 373 300 408 merat.
356 368 486 418 Zo'ega
502 373 628 406 contra
647 369 694 405 de
713 368 879 406 obeliscc.
908 380 992 418 pag.
1019 366 1100 407 264
1126 370 1238 415 negat
1269 378 1405 416 operae
1429 364 1584 415 pretium
1611 376 1691 402 esse

171 437 354 486 inquirere
370 437 406 473 in
429 437 606 486 originem
625 449 863 486 caussamque
880 437 1010 482 moris,
1041 434 1102 484 qui
1122 447 1196 470 non
1217 434 1330 470 solum
1349 433 1449 484 apud
1476 431 1691 482 Aegyptios,

172 506 238 543 sed
257 505 356 555 apud
377 505 574 555 permultos
594 516 660 554 per
680 504 886 540 universum
916 506 1092 539 terrarum
1118 503 1242 539 orbem
1264 501 1418 552 populos
1440 500 1592 537 diffusus
1611 501 1691 537 fue-

171 573 228 609 rit.
261 571 338 622 [Tu
358 573 464 619 vide,
498 585 593 621 quae
614 572 694 620 ipse
725 583 807 607 eam
835 570 873 605 in
891 582 968 606 rem
999 569 1143 618 collegit
1173 574 1209 607 et
1229 570 1325 607 adde
1343 568 1469 605 Zachii
1490 567 1691 618 geograph.

171 641 396 691 ephemerid.
419 642 548 686 1806,
574 639 589 675 I
618 651 656 687 p.
685 636 767 686 54]
829 635 1109 683 Verumtamen,
1149 642 1188 673 ut
1212 637 1374 674 Aeneam
1407 636 1596 673 Gazaeum
1626 635 1691 682 (in

172 707 417 759 Theophrast.
452 721 488 757 p.
513 708 565 746 68
588 717 666 752 seq.
699 705 757 740 ed.
779 703 891 753 Casp.
910 703 1055 750 Barth.)
1083 707 1246 751 taceam,
1276 704 1324 740 ad
1352 702 1546 751 religiones
1568 701 1694 750 Aegy-

171 776 327 826 ptiorum
351 775 429 825 ipse
446 786 513 810 nos
532 772 687 809 advocat
707 771 879 808 historiae
896 776 1001 820 pater
1021 770 1093 816 ΙΙΙ,
1118 772 1167 810 16
1180 798 1189 815 ‚
1210 782 1289 805 cum
1308 782 1427 817 neque
1446 770 1531 818 igne
1552 769 1693 807 absumi

172 855 348 893 corpora,
380 855 445 878 nec
464 839 644 877 vermibus
666 838 793 875 confici
817 851 879 874 eos
902 837 1059 874 voluisse
1079 840 1275 882 memoret,
1306 840 1343 872 et
1364 838 1481 884 magis
1497 838 1605 874 etiam
1622 837 1693 873 hoc

173 910 254 960 ipso
277 909 417 958 capite,
447 908 508 944 ubi
529 918 671 943 sacrum
693 905 921 942 simulacrum
936 917 957 941 a
976 905 1193 942 cadaverum
1213 903 1462 940 conditoribus
1481 916 1549 953 pro
1573 916 1694 941 exem-

171 978 234 1028 plo
257 976 484 1026 propositum
508 987 589 1012 esse
621 974 742 1011 refert.
802 973 878 1010 Sed
900 974 1048 1022 quando
1081 971 1274 1020 religiones
1299 972 1471 1018 dicimus,
1502 970 1607 1021 plura
1633 983 1693 1007 co-

172 1044 279 1094 gitari
298 1046 473 1094 possunt,
504 1054 598 1091 quae
626 1041 743 1092 probe
764 1041 1023 1090 distinguenda
1047 1044 1141 1076 sunt.
1199 1039 1297 1076 Nam
1326 1040 1482 1089 primum
1510 1038 1629 1088 potuit
1655 1039 1692 1075 in

172 1124 301 1150 caussa
327 1112 438 1148 fuisse
468 1109 694 1158 migrationis
725 1109 925 1146 animarum
950 1113 1024 1145 tam
1055 1107 1183 1145 efficax
1219 1107 1393 1144 doctrina.
1471 1104 1596 1156 Atque
1625 1106 1694 1144 hoc

171 1181 290 1231 ipsum
313 1182 472 1228 arguunt
493 1177 699 1215 Herodotei
720 1176 787 1213 loci
806 1176 862 1224 ΙΙ,
888 1177 967 1218 123
997 1180 1107 1225 atque
1139 1175 1293 1213 Diodori
1314 1175 1351 1223 I,
1373 1178 1425 1216 91
1457 1188 1538 1213 cum
1566 1179 1693 1212 nostro

170 1248 251 1284 loco
271 1246 411 1292 collati,
440 1245 607 1283 videlicet
628 1244 800 1294 quoniam
823 1257 867 1282 ex
885 1244 984 1293 vulgi
1005 1245 1177 1295 opinione
1207 1243 1326 1280 anima
1355 1243 1515 1280 defuncti
1535 1243 1582 1280 ab
1602 1243 1694 1281 infe-

172 1315 229 1352 lici
251 1315 338 1352 orbe
360 1314 588 1364 migrationis
615 1313 748 1350 diutius
776 1313 992 1350 retineretur
1023 1313 1117 1349 circa
1140 1312 1321 1361 integrum
1352 1312 1508 1350 cadaver
1538 1311 1694 1349 libenter

171 1383 276 1433 quasi
297 1394 536 1420 commorans.
585 1382 699 1418 Cuius
722 1380 774 1417 rei
793 1384 893 1417 recte
919 1380 1110 1417 admonuit
1137 1393 1254 1430 nuper
1281 1381 1387 1418 etiam
1411 1379 1609 1427 Lauthiu's‚
1641 1379 1694 1415 vir

171 1452 302 1489 doctus
321 1452 357 1487 in
381 1451 529 1488 histoire
550 1451 597 1488 de
619 1448 827 1486 l'anatomie
845 1452 933 1484 tom.
952 1447 970 1484 I
998 1460 1036 1498 p.
1060 1450 1098 1489 9.
1166 1447 1267 1485 Alius
1295 1460 1447 1486 caussae
1470 1448 1693 1486 mentionem

171 1519 284 1556 iniicit
306 1518 392 1556 Tib.
413 1518 710 1556 Hemsterhusius
733 1518 782 1554 ad
810 1516 964 1553 Luciani
983 1515 1160 1565 Necyom.
1191 1516 1241 1552 Ill
1271 1529 1355 1566 pag.
1379 1516 1462 1557 356
1484 1516 1583 1566 Bip.,
1612 1528 1693 1552 cum

173 1587 278 1624 dicit:
317 1590 391 1634 „ut
423 1598 470 1624 ne
502 1590 588 1636 post
616 1586 752 1622 obitum
782 1584 929 1633 quidem
967 1585 1234 1622 carissimorum
1269 1584 1462 1634 pignorum
1497 1586 1694 1633 conspectu

172 1655 439 1706 privarentur.“
495 1653 545 1691 Et
572 1666 704 1704 reapse
730 1653 799 1690 hue
826 1665 894 1689 nos
919 1657 1066 1690 revocat
1092 1653 1172 1702 ipse
1199 1651 1410 1689 Herodotus
1439 1651 1492 1699 II,
1512 1652 1588 1698 78,
1618 1663 1693 1700 quo

172 1723 251 1760 loco
274 1723 453 1759 cadavera
487 1722 524 1758 in
548 1723 638 1759 arcis
664 1721 808 1773 pictura
832 1722 1014 1759 exornatis
1038 1721 1086 1757 ad
1112 1720 1377 1769 Aegyptiorum
1401 1718 1563 1756 convivia
1589 1719 1693 1755 adhi-

173 1791 249 1828 bita
268 1795 402 1827 narrat.
461 1790 627 1828 Pertinet
658 1790 748 1828 haec
775 1802 833 1827 res
860 1790 907 1826 ad
935 1801 1039 1826 sacra
1066 1792 1230 1826 veterum
1261 1787 1478 1838 populorum
1502 1785 1692 1835 gentilitia.

172 1858 226 1895 Ac
244 1871 353 1908 quam
374 1858 445 1895 vim
466 1858 626 1895 habeant
645 1858 759 1895 cultus
779 1858 1033 1895 defunctorum
1057 1857 1156 1907 apud
1176 1857 1315 1906 priscos
1336 1855 1514 1906 populos,
1542 1854 1692 1892 orientis

173 1927 348 1975 maxime,
379 1926 566 1977 sepultura
584 1927 621 1962 in
642 1927 794 1963 aedibus
812 1925 870 1963 vel
888 1927 925 1962 in
943 1925 1073 1962 vicinia
1095 1925 1263 1972 aedium,
1293 1924 1443 1961 inferiae
1475 1923 1580 1960 statis
1599 1927 1693 1960 tem-

172 1995 322 2045 poribus
344 1999 536 2045 peractae,
566 1995 646 2030 iura
664 1993 830 2030 Manium
842 2022 852 2041 ,
881 1994 992 2042 igitur
1011 1993 1100 2030 haec
1121 1994 1243 2030 omnia
1261 2005 1369 2042 quam
1387 1995 1607 2042 potestatem
1625 1991 1692 2027 ha-

173 2063 284 2100 beant
301 2063 337 2099 in
360 2062 575 2100 familiarum
597 2074 719 2108 sacra,
749 2063 803 2097 ius
827 2061 1040 2110 gentilitium
1060 2062 1228 2110 adeoque
1242 2061 1517 2107 hereditarium,
1536 2058 1693 2096 breviter

172 2131 238 2168 sed
269 2132 375 2168 docte
416 2142 533 2180 nuper
562 2129 788 2166 adumbravit
820 2129 1026 2167 Bunsenius
1053 2130 1099 2167 de
1127 2130 1203 2166 iure
1230 2129 1385 2166 heredit.
1414 2127 1691 2165 Atheniensium

170 2212 207 2250 p.
227 2201 318 2239 122.
377 2197 499 2241 Quam
527 2198 564 2234 in
586 2211 663 2234 rem
685 2197 791 2246 plura
821 2197 986 2234 dicentur
1011 2197 1106 2234 infra
1128 2198 1176 2234 ad
1207 2197 1387 2234 Herodot.
1407 2194 1480 2242 VI,
1503 2196 1556 2234 68
1584 2206 1689 2242 seqq.

173 2265 252 2303 coll.
281 2264 320 2312 I,
352 2268 403 2305 67
435 2278 513 2314 seq.
572 2264 682 2302 Nunc
712 2265 781 2301 hoc
806 2277 917 2300 unum
945 2264 1130 2312 adiiciam,
1169 2264 1251 2301 hinc
1276 2263 1428 2310 intelligi
1458 2274 1570 2311 posse
1597 2274 1691 2309 quae

171 2332 465 2384 peregrinatores
507 2336 792 2370 commemorant
820 2333 867 2369 de
897 2331 1093 2381 sepulchris
1120 2332 1168 2368 ad
1206 2330 1349 2368 moenia
1378 2331 1552 2379 ipsasque
1580 2330 1690 2367 aedes

173 2402 397 2438 Graecorum
428 2400 593 2448 urbium,
632 2399 876 2445 Athenarum,
913 2399 1103 2446 Corinthi,
1133 2399 1417 2446 Sjracusarum,
1457 2396 1609 2434 aliarum
1633 2409 1691 2434 re-

172 2470 308 2520 pertis,
337 2468 435 2505 unde
452 2479 540 2505 vasa
559 2466 622 2504 illa
647 2471 819 2504 eruuntur
841 2467 1064 2517 picturarum
1082 2467 1130 2502 ad
1149 2466 1343 2514 religiones
1364 2465 1587 2514 antiquiores
1606 2477 1692 2515 per-

172 2538 365 2574 tinentium
391 2536 529 2584 largam
556 2547 712 2572 messem
739 2534 982 2572 exhibentia.“
1030 2534 1212 2583 Equidem
1236 2533 1271 2570 h.
1301 2532 1325 2571 l.
1356 2537 1499 2569 tantum
1525 2533 1690 2569 adiiciam

173 2606 320 2642 nomina
340 2617 485 2650 eorum,
505 2603 566 2651 qui
584 2607 669 2641 ante
691 2603 913 2640 Creuzerum
932 2602 978 2639 de
994 2602 1209 2639 cadaverum
1231 2602 1529 2639 medicandorum
1548 2601 1691 2637 ratione

175 2676 421 2723 exposuerunt
442 2670 685 2721 peculiaribus
707 2683 751 2708 ex
778 2675 882 2721 parte
904 2669 1179 2720 scriptionibus:
1211 2668 1365 2718 Caylus:
1395 2668 1461 2705 des
1484 2667 1692 2704 embaume-

176 2745 292 2778 ments
312 2741 376 2777 des
397 2739 532 2787 Egypt.
563 2739 721 2786 (histoir.
745 2738 792 2775 de
822 2738 951 2774 l'acad.
974 2738 1009 2773 d.
1038 2737 1143 2774 inser.
1171 2739 1196 2772 t.
1215 2736 1373 2784 XXIII).
1432 2734 1600 2772 Rouelle:
1631 2748 1691 2771 sur

177 2807 228 2844 les
250 2808 554 2845 embaumemcnts
579 2810 644 2842 etc.
677 2806 831 2853 (histoir.
853 2807 899 2843 de
913 2805 1040 2842 l'acad.
1058 2805 1124 2842 des
1143 2805 1272 2841 scienc.
1296 2802 1412 2839 Paris.
1426 2802 1534 2842 1750
1553 2815 1590 2852 p.
1611 2804 1690 2843 123

177 2875 312 2925 seqq).
371 2873 619 2911 Bcumenbaclz.
650 2874 838 2924 (Giitting.
870 2874 1018 2922 Magaz.
1040 2873 1067 2910 Ι.
1098 2872 1269 2920 Beitr'age
1290 2883 1355 2906 zur
1374 2868 1616 2918 Naturgesch.
1639 2869 1689 2917 l).
