1759 3324
369 240 455 282 596
770 243 1241 284 HERODOTI

240 347 307 393 48
365 347 629 406 ὀπτήσαντες
655 350 839 404 ταύτας,
869 352 1049 397 θύουσι.
1115 358 1184 410 Τῷ
1214 354 1261 398 δὲ
1288 353 1524 413 Διονύσῳ,
1552 359 1630 412 τῆς

39 409 315 473 ’ἔῖἓῐῗῠῗιῖῑοοΒῗὲἶ
371 425 501 484 ὁρτῆς
529 433 582 486 τῇ
611 431 790 488 δορπίῃ,
835 437 988 488 χοῖρον
1025 432 1111 488 πρὸ
1143 438 1231 477 τῶν
1258 435 1432 489 θυρέων
1463 434 1631 490 σφάξας

38 482 118 506 ‘mm
136 481 281 513 magam.
369 505 568 561 ἕκαστος,
621 510 738 552 διδοῖ
775 509 1077 567 ἀποφέρεσθαι
1111 511 1188 555 τὸν
1230 518 1380 568 χοῖρον
1418 512 1537 573 αὐτῷ
1566 517 1627 572 τῷ

340 582 633 641 Ξᾶποδομένῳ
665 591 754 630 τῶν
782 590 1023 644 συβωτέων.
1070 591 1148 647 τὴν
1177 591 1221 634 δὲ
1252 590 1386 648 ἄλλην
1415 592 1628 648 ἀνάγουσι

367 662 499 719 ὁρτὴν
527 667 586 722 τῷ
615 665 819 723 Διονύσῳ
851 670 895 710 οί
924 667 1184 723 Αἰγύπτιοι,
1214 671 1325 726 πλὴν
1346 675 1515 726 χορῶν,
1546 675 1683 715 κα-45

337 741 420 784 3τά
450 740 584 784 ταύτὰ
615 742 767 798 σχεδὸν
803 744 945 788 πάντα
972 746 1164 803 ’Ἐλλησω
1223 746 1321 791 ἀντὶ
1352 750 1396 793 δὲ
1427 756 1624 806 φαλλῶν,

366 817 475 862 ἄλλα
505 822 584 876 σφί
612 821 700 864 ἐστι
737 821 1000 879 ἐξευρημένα
1040 824 1146 868 ὅσον
1184 842 1229 869 τε
1264 833 1456 883 πηχυαῖα
1495 829 1627 886 ἁγάλ-

366 914 481 952 ματα
517 899 844 955 νευρόσπαστα,
894 902 947 946 τά
977 904 1290 960 περιφορέουσι
1327 905 1436 950 κατὰ
1477 908 1626 966 κώμας

488 1082 520 1120 C
529 1095 552 1120 a
558 1096 596 1134 p.
626 1083 793 1123 XLVIII.

367 1166 440 1216 τῆς
457 1163 577 1218 ὁρτῆς
600 1169 653 1222 τῇ
677 1168 845 1223 δορπίῃ]
876 1170 899 1207 i.
926 1183 960 1209 e.

309 1222 490 1272 ‚me-spem,
502 1237 590 1273 quae
601 1225 736 1275 festum
746 1227 960 1275 antecedit,“

311 1283 353 1315 ut
380 1283 477 1316 recte
500 1280 758 1331 interpretatur
775 1283 961 1333 Schweig-

309 1334 474 1373 haeuser.
531 1336 742 1375 Admoneat
763 1338 959 1388 Apaturio-

309 1403 390 1428 rum
411 1392 494 1428 festi
514 1392 580 1440 (de
600 1406 672 1442 quo
696 1394 731 1440 l,
754 1396 866 1443 147),
897 1396 957 1433 ubi

307 1447 445 1497 primus
474 1448 551 1485 dies
581 1449 777 1487 vocabatur
801 1452 958 1502 Δορπία

306 1515 329 1540 a
341 1515 455 1541 coena
477 1503 643 1553 solemni,
659 1518 680 1542 a
694 1506 844 1555 singulis
866 1521 957 1556 gen-

305 1559 402 1596 tibus
421 1560 611 1598 familiisve
636 1575 787 1611 vespere
810 1563 955 1602 institu-

305 1615 355 1652 ta.
393 1615 452 1653 De
469 1629 541 1665 quo
562 1622 708 1667 praeter
730 1618 955 1667 Hesychium

305 1683 348 1708 ac
369 1672 519 1709 Suidam
540 1686 568 1710 s.
581 1687 613 1710 v.
633 1668 834 1726 Ἀπατουρ.
859 1678 953 1714 conf.

303 1726 436 1765 Athen.
462 1728 512 1765 lv
542 1742 629 1779 pag.
652 1733 745 1777 171,
770 1731 817 1768 D.
865 1731 955 1769 Ani-

303 1784 501 1822 madverss.
524 1789 549 1821 t.
568 1785 600 1821 ΙΙ
628 1799 664 1836 p.
685 1790 764 1827 613
785 1787 951 1837 Schwgh.

303 1861 360 1866 —
377 1839 436 1878 De
457 1835 682 1880 οἷποδόσθαι
703 1843 884 1892 (vendere)
906 1846 952 1882 cf.

302 1894 333 1942 1,
352 1898 418 1937 70.
448 1896 489 1933 In
509 1910 611 1947 seqq.
632 1895 704 1948 τήν
728 1896 851 1950 ἄλλην
872 1899 954 1951 ἑορ-

303 1948 379 2000 τὴν
406 1965 492 1990 cave
518 1954 691 2003 accipias:
731 1956 807 1992 alia
834 1956 954 2007 Aegy-

296 2009 450 2055 ptiorum
472 2008 665 2058 Dionysia,
695 2023 773 2053 cum
802 2012 873 2049 sint
897 2026 952 2049 re-

301 2062 400 2111 liqua
418 2064 566 2101 eiusdem
577 2065 671 2113 festi
687 2066 861 2116 solemnia,
873 2081 952 2106 mo-

300 2124 409 2156 nente
432 2120 787 2169 Schweighaeusero.

355 2198 462 2252 πλήν
498 2206 628 2254 χορῶν
647 2232 657 2250 ,
696 2203 794 2243 nam?
827 2203 950 2247 ταῦτοὲ

301 2254 435 2307 σχεδὸν
454 2255 585 2297 πάντα
603 2255 790 2311 “El-Myse]
820 2266 951 2313 χορῶν

302 2313 468 2352 meliores
502 2316 623 2365 scripti
653 2317 821 2356 exhibent
848 2319 952 2367 libri3

302 2369 447 2419 χοίρων
473 2383 516 2408 ex
532 2371 688 2419 Aldina,
719 2373 871 2424 aliisque
891 2389 951 2413 co-

301 2425 439 2463 dicibus
450 2428 565 2464 tenuit
578 2428 854 2478 Wesselingius,
869 2428 949 2470 cuni

302 2493 428 2519 sensus
447 2483 493 2520 sit
508 2483 578 2519 alia
588 2483 849 2535 Aegyptiorum
858 2487 949 2524 Dio-

301 2537 404 2585 nysia
432 2550 454 2575 a
471 2538 691 2577 Graecorum
715 2541 949 2580 Bacchanali-

301 2593 367 2630 bus
388 2594 445 2630 vix
471 2594 638 2643 differre,
665 2597 865 2647 eademque
893 2600 946 2635 vi-

301 2649 379 2687 deri
396 2651 555 2700 exceptis
573 2652 696 2689 suibus
723 2651 847 2703 (πλήν
865 2655 944 2704 χοί-

299 2707 414 2755 ρων),
441 2718 533 2755 quas
554 2707 716 2745 nimirum
734 2709 782 2746 illi
804 2711 839 2746 in
855 2710 945 2747 Dio-

299 2762 453 2809 nysiacis
478 2763 586 2800 sacris
612 2776 685 2801 non
702 2765 942 2804 adhibuerint.

299 2818 376 2855 Sed
394 2822 540 2868 praeter
563 2819 748 2858 meliorum
774 2821 942 2860 librorum

297 2875 544 2912 auctoritatem
566 2874 654 2914 illud
681 2878 879 2916 tenendum
905 2879 942 2917 in

1031 1088 1257 1127 Graecorum
1274 1091 1403 1139 sacris,
1432 1094 1473 1129 ut
1489 1091 1598 1143 paulo
1615 1105 1682 1131 an-

1029 1148 1068 1182 te
1098 1145 1274 1194 diximus,
1303 1146 1532 1196 Dionysiacis
1551 1150 1680 1199 utique

1029 1203 1301 1239 commemorari
1321 1218 1404 1242 sues
1435 1206 1547 1250 (conf.
1567 1205 1678 1244 schol.

1028 1258 1076 1294 ad
1105 1257 1292 1308 Aristoph.
1320 1259 1416 1297 Ran.
1451 1261 1527 1302 341
1555 1261 1679 1311 ibique

1027 1313 1258 1363 spanhem),
1276 1317 1498 1366 easdemque
1519 1318 1678 1356 crebrius

1025 1371 1183 1419 conspici
1218 1371 1254 1407 in
1282 1374 1377 1410 vasis
1415 1375 1542 1424 pictis,
1581 1387 1678 1424 quae

1024 1426 1071 1462 ad
1116 1426 1269 1475 Dionysi
1298 1428 1430 1466 cultum
1457 1431 1678 1480 pertinentia

1023 1481 1060 1517 in
1088 1482 1229 1520 Graeca
1248 1486 1381 1533 magna
1408 1491 1552 1536 reperta
1578 1492 1674 1525 sunt.

1023 1536 1106 1574 Vid.
1127 1538 1257 1576 Creuz.
1279 1540 1402 1589 Symb.
1422 1541 1471 1579 ΙΙΙ
1490 1555 1575 1593 pag.
1588 1544 1675 1586 332

1023 1606 1100 1642 seq.
1167 1595 1292 1638 Quare
1330 1597 1558 1636 retinendum
1594 1614 1674 1650 χο-

1023 1664 1044 1700 ρ
1059 1652 1091 1688 ῶ
1103 1664 1147 1698 ν,
1178 1654 1391 1701 praesertim
1417 1668 1498 1692 cum
1518 1669 1675 1705 sequen-

1020 1706 1072 1742 tia
1090 1719 1235 1755 quoque
1257 1709 1369 1745 verba
1383 1722 1462 1747 eam
1481 1710 1673 1750 lectionem

1021 1764 1276 1802 commendare
1293 1765 1494 1804 videantur.
1523 1767 1565 1804 In
1586 1769 1673 1806 cho-

1022 1819 1070 1855 ris
1117 1820 1211 1856 enim
1254 1821 1401 1859 differre
1444 1822 1581 1862 Noster
1621 1825 1672 1862 ait

1022 1874 1245 1913 Graecorum
1270 1876 1448 1926 Dionysia
1473 1880 1519 1916 ab
1544 1880 1671 1930 Aegy-

1020 1931 1127 1980 ptiis,
1162 1932 1357 1982 statimque
1385 1935 1546 1984 subiicit,
1576 1950 1671 1986 quae

1022 1999 1065 2023 eo
1078 1988 1261 2036 pertinent
1280 1989 1453 2028 solemnia
1469 1992 1515 2029 de
1527 1992 1669 2043 phallis,

1019 2043 1161 2091 utrique
1200 2046 1301 2093 genti
1340 2046 1438 2084 haud
1474 2049 1586 2099 paria.
1614 2071 1671 2077 ——-

1018 2127 1043 2145 „
1053 2098 1273 2150 Anaglypha
1291 2106 1327 2138 et
1335 2103 1496 2152 picturae
1510 2105 1557 2141 ad
1571 2108 1670 2154 φαλ-

1019 2150 1090 2192 λόν
1108 2156 1330 2204 pertinentes
1346 2158 1481 2197 multae
1503 2160 1670 2198 visuntur

1016 2209 1054 2245 in
1074 2213 1311 2249 monumentis
1321 2212 1553 2264 Aegyptiacis
1563 2230 1671 2267 prae-

1018 2267 1142 2303 sertim
1181 2266 1395 2316 Thebaicis,
1439 2271 1601 2321 inprimis
1630 2274 1668 2311 in

1017 2321 1152 2372 palatio
1176 2335 1293 2373 prope
1314 2324 1467 2362 Karuak
1497 2333 1533 2365 et
1553 2328 1589 2366 in
1610 2343 1669 2368 se-

1016 2377 1149 2427 pulcris
1182 2392 1318 2427 regum.
1376 2381 1663 2436 Vid.Descript.

1017 2434 1063 2469 de
1084 2433 1175 2482 l'Eg.
1202 2435 1233 2470 ll
1252 2448 1288 2484 p.
1304 2435 1382 2477 411
1417 2452 1492 2488 seq.
1515 2446 1551 2478 et
1568 2443 1664 2479 conf.

1016 2490 1122 2526 etiam
1144 2490 1395 2539 wyttenbach.
1416 2495 1463 2532 ad
1483 2495 1662 2536 Plutarch.

1014 2545 1061 2582 de
1082 2545 1165 2582 lsid.
1188 2559 1273 2596 pag.
1301 2549 1420 2589 186.“
1452 2550 1514 2588 Cr.

1069 2596 1272 2652 ἀγάλματα
1292 2602 1578 2659 νευρόσπαστα]
1596 2609 1616 2646 ἰ.
1628 2623 1661 2648 e.

1009 2658 1198 2705 imagines,
1232 2672 1318 2708 quae
1341 2674 1444 2698 nervo
1472 2668 1661 2714 moventur,

1009 2726 1112 2749 nervo
1131 2715 1290 2761 mobiles,
1321 2718 1444 2765 quales
1476 2720 1658 2760 Lucianus

1009 2781 1156 2819 quoque
1182 2778 1357 2809 memorat
1390 2775 1447 2821 (t.
1466 2776 1519 2813 IX
1546 2791 1582 2827 p.
1602 2779 1658 2819 99

1009 2825 1065 2862 ed.
1083 2826 1199 2877 Bip.),
1232 2829 1278 2865 de
1295 2828 1365 2866 dea
1383 2830 1464 2878 Syr.
1487 2836 1549 2874 16.
1581 2833 1658 2871 Iam

1007 2894 1100 2931 quae
1139 2888 1341 2933 sequuntur
1374 2889 1493 2927 νεῦον
1519 2886 1561 2929 τὸ
1598 2889 1658 2929 αἰ·
