1768 3315
637 248 941 289 cL10.1.

134 367 302 423 Ξέργων
329 364 403 428 καὶ
430 364 520 406 τῶν
550 360 860 416 Βαβυλωνίων.

1339 249 1424 290 2:37

926 356 1014 401 ἔστι
1049 354 1212 401 αὐτόθι
1242 353 1421 400 Ἀλυάτ-
1434 360 1480 397 4ο

162 461 243 488 τεω
271 446 351 486 τοῦ
386 440 584 496 Κροίσου
612 438 776 493 πατρὸς
805 441 942 493 σῆμα,
981 439 1065 481 τοῦ
1093 435 1121 492 ἡ
1161 435 1319 491 κρηπὶς
1347 433 1427 491 μέν

161 523 249 566 ἐστι
277 522 415 565 λίθων
441 517 664 575 μεγάλων,
698 516 747 561 τὸ
784 518 829 560 δὲ
858 514 962 559 ἄλλο
993 519 1126 572 σῆμα,
1177 518 1302 570 χῶμα
1327 517 1420 570 γῆς.

160 597 458 655 ἐξειργάσαντο
496 598 542 642 δέ
575 614 651 652 μιν
677 599 720 641 οἱ
752 595 953 653 ἀγοραῖοι
983 594 1237 650 ἅνθρωποι,
1275 593 1348 636 καὶ
1379 594 1424 637 οἱ
1480 591 1536 634 48

133 686 153 719 3
162 676 463 735 χειρώνακτες,
492 679 567 722 καὶ
596 679 643 721 αἱ
670 675 1002 733 ἐνεργαζόμεναι
1024 675 1261 718 παιδίσκαι.
1293 667 1422 727 οὖροι

104 890 133 915 c.
157 878 222 918 78.
280 875 340 915 Ad
362 878 517 914 formam
544 872 649 911 huius
676 885 755 910 mo·-

102 933 264 972 numenti
281 931 492 984 sepulcralis
523 930 684 967 conicam
714 934 755 966 ut

103 991 222 1038 aiunt,
246 1003 364 1040 nuper
392 987 531 1026 attendi
559 987 664 1023 iussit
681 985 754 1022 Mi-

102 1047 238 1094 nutoli,
277 1046 488 1093 Nachtrkige
514 1056 559 1079 zu
587 1057 616 1080 s.
642 1043 754 1080 Reise

103 1116 189 1154 pag.
204 1104 282 1144 193
300 1107 374 1139 not.
387 1131 398 1148 ,
420 1100 557 1150 quippe
575 1112 670 1149 quae
692 1111 755 1137 ea-

104 1160 189 1197 dem
214 1159 254 1196 in
278 1158 516 1196 monumentis
534 1156 754 1207 septentrio-

104 1216 195 1253 nalis
224 1215 396 1265 Europae
426 1213 627 1263 reperiatur
654 1212 753 1248 simi-

103 1271 222 1322 lisque
245 1276 342 1309 certe
364 1271 412 1306 sit
429 1268 656 1320 pyramidum
678 1269 752 1305 for-

104 1341 207 1375 mae,
236 1340 386 1377 quarum
404 1326 563 1376 ipsarum
583 1337 668 1360 usus
685 1324 753 1360 fuit

103 1385 152 1422 ad
171 1383 333 1434 sepulcra
354 1394 491 1430 regum.
533 1381 609 1418 Sed
630 1381 677 1417 de
696 1379 752 1417 his

101 1439 345 1491 sepulcrorum
377 1437 503 1476 formis
530 1435 752 1485 tumulisque

101 1496 225 1547 plura,
252 1495 323 1533 hoc
349 1507 495 1544 quoque
513 1493 593 1530 loco
625 1493 753 1541 accito,

101 1553 232 1602 Zoega
256 1553 304 1590 de
338 1551 519 1590 Obeliscc.
549 1561 636 1602 pag.
658 1551 751 1591 338.

101 1611 196 1652 339.

159 1719 201 1761 οἱ
217 1715 398 1772 ἆγοραῖοι
427 1716 658 1785 ἅνθρωποι,
686 1715 754 1757 και

103 1776 145 1817 οἷ
169 1773 451 1829 χειρώνακτες]
498 1792 537 1816 οι
573 1770 754 1827 α’γοραῖοι

101 1831 314 1885 α’νθρωποι
352 1833 623 1884 czrcumforanei
669 1837 753 1868 sunt

100 1890 283 1937 homines,
301 1889 480 1941 forenses,
501 1902 651 1939 quorum
669 1892 754 1925 sunt

40 1995 43 1998 Ι
99 1944 228 1997 τέχναι
259 1941 459 1999 οἷγοραῖοι,
489 1950 583 1984 teste
606 1944 751 1982 Polluce

101 2003 292 2041 Onomast.
312 2003 380 2041 VII
407 2001 444 2054 ἓ.
463 2004 500 2044 6.
528 2002 620 2039 Inde
645 2001 752 2038 turba

100 2060 254 2098 sorensis
274 2059 326 2097 ita
344 2060 475 2097 dicitur
493 2072 536 2097 ac
554 2058 623 2095 vile
635 2057 751 2095 homi-

99 2127 186 2153 num
211 2129 347 2165 genus;
389 2116 461 2153 vid.
486 2114 667 2153 Herodot.
700 2113 749 2161 Il,

98 2172 152 2214 35
166 2201 177 2220 ,
205 2171 306 2221 141,
335 2172 395 2210 ubi
413 2167 584 2223 καπηλοι
604 2174 641 2209 et
667 2184 750 2221 χει-

99 2243 291 2278 ρωνακτες
314 2232 504 2267 occurrunt
532 2241 683 2279 prorsus
710 2230 750 2264 ut

98 2285 166 2322 hoc
185 2284 264 2322 loco
275 2286 466 2335 ,itemque
485 2284 749 2322 substantivum

97 2339 330 2392 χειρωναξίη
352 2341 409 2390 11,
431 2343 523 2383 167.
561 2340 750 2378 Pertinent

99 2396 188 2435 haec
210 2397 384 2435 vocabula
412 2398 461 2435 ad
482 2397 631 2448 opifices
665 2410 749 2434 eos-

99 2465 172 2502 que
193 2453 373 2492 inferioris
406 2453 646 2500 conditionis,
685 2453 748 2502 qui

99 2507 290 2547 illiberales
317 2514 485 2548 exercent
512 2514 610 2547 artes
637 2509 748 2547 sellu-

100 2562 300 2614 latiasque,
321 2567 383 2616 qui
396 2567 469 2603 suis
489 2567 650 2616 ipsorum
670 2578 747 2602 ma·-

101 2619 206 2656 nibus
225 2634 317 2671 opus
335 2622 470 2660 faciunt
484 2623 667 2671 vitamque
677 2622 747 2659 sibi

102 2679 314 2714 sustentant.
371 2677 433 2715 Tu
468 2680 563 2717 conf.
611 2677 747 2715 Polluc.

103 2730 236 2769 Onom.
258 2732 288 2779 l,
306 2733 371 2775 50.
400 2734 447 2782 ll,
471 2734 550 2776 151
571 2733 652 2772 coll.
666 2734 748 2782 VII,

103 2788 142 2827 7.
180 2785 288 2837 Apud
314 2787 530 2839 Aeschylum
564 2789 749 2828 Prometh.

103 2840 207 2879 vinct·
225 2842 278 2884 45
301 2845 431 2884 eodem
450 2847 527 2884 fere
545 2859 654 2884 sensu
674 2860 748 2897 χει-

103 2898 299 2951 ρωναξία,
340 2900 399 2939 ubi
425 2901 530 2953 plura
561 2902 750 2953 congessit

819 871 1022 911 Blomfield.
1051 872 1089 909 in
1108 870 1274 909 Glossar.
1301 880 1389 920 pag.
1420 869 1477 909 82

821 930 880 967 ed.
911 928 1017 980 Lips.

876 984 945 1024 καὶ
984 984 1029 1024 αἱ
1069 977 1475 1037 ἐνεργαζόμεναι

822 1042 1052 1086 παιδίσκαι]
1089 1041 1184 1077 Sunt
1202 1039 1357 1090 puellae,
1379 1051 1474 1088 quae

821 1112 974 1148 corpore
996 1101 1188 1148 quaestum
1209 1097 1356 1142 faciunt,
1376 1108 1475 1132 com-

821 1156 929 1193 mode
959 1155 1018 1203 (ut
1040 1157 1120 1190 utar
1139 1152 1367 1189 Valckenarii
1393 1164 1474 1189 ver-

821 1212 896 1260 bis)
928 1210 978 1250 ἒν
990 1225 1037 1262 ερ
1051 1227 1072 1262 γ
1085 1225 1109 1247 α
1122 1204 1203 1259 ζόμ
1214 1222 1262 1247 εν
1274 1224 1298 1246 α
1310 1223 1323 1246 ι
1342 1208 1475 1255 dictae,

819 1268 859 1304 id
880 1271 956 1315 est,
985 1278 1138 1316 corpore
1159 1264 1215 1302 vel
1245 1263 1287 1304 ἐν
1315 1263 1474 1310 εαυταῖς

819 1319 1110 1387 ἐργαζόμεναι,
1133 1321 1348 1371 praesertim
1392 1333 1474 1357 cum

818 1380 990 1418 voeabula
1016 1373 1269 1442 ἐργάζεσθαι,
1305 1373 1473 1429 ε’ργατις,

821 1435 1003 1489 ἐργασία,
1025 1430 1282 1487 ἐργαστήριον
1303 1433 1412 1483 vulgo
1424 1434 1473 1471 de

821 1495 994 1544 opvficznis
1013 1495 1206 1542 usurpata,
1226 1490 1312 1529 inde
1327 1502 1474 1540 quoque

820 1551 868 1588 ad
887 1549 1089 1600 prostibula
1111 1561 1154 1585 ac
1178 1548 1385 1586 meretrices
1409 1559 1473 1584 eo-

820 1619 973 1656 rumque
990 1609 1204 1656 quaestum,
1235 1604 1405 1655 opificum
1424 1603 1474 1640 ad

820 1664 956 1710 instar,
999 1663 1283 1708 transferantur,
1322 1660 1474 1709 egregie

821 1720 976 1756 docente
1005 1719 1134 1756 eodem
1156 1717 1395 1755 Valckenario
1424 1716 1473 1753 ad

819 1775 854 1813 h.
882 1775 905 1812 l.
963 1775 1045 1812 Nec
1093 1774 1198 1811 aliter
1243 1774 1473 1811 Herodotum

820 1831 1031 1869 adhibuisse
1057 1831 1127 1868 hoc
1154 1829 1366 1867 vocabulum
1393 1841 1474 1866 ma-

818 1889 987 1926 nifestum
1006 1888 1046 1924 fit
1063 1900 1107 1925 ex
1123 1886 1182 1934 iis,
1211 1899 1305 1934 quae
1324 1884 1474 1923 hadou-

818 1945 963 1982 casione
1003 1943 1146 1981 dicendi
1177 1942 1323 1989 oblata,
1368 1944 1474 1992 post-

817 2002 928 2038 modo
946 2001 993 2039 de
1016 1999 1206 2049 Lydorum
1235 1998 1378 2036 filiabus
1408 2010 1472 2035 ea-

816 2070 970 2107 rumque
1007 2057 1103 2094 vitae
1132 2068 1269 2106 genere
1300 2055 1472 2104 dotisque

817 2114 1042 2162 colligendae
1058 2113 1212 2160 ratione,
1225 2112 1322 2149 idem
1333 2110 1470 2149 Noster

817 2171 931 2208 addit.
988 2169 1112 2219 Atque
1140 2169 1309 2217 Heynius
1338 2167 1472 2216 (Com-

817 2231 942 2265 mentt.
963 2227 1088 2264 societ.
1110 2225 1212 2262 Gott.
1237 2224 1324 2262 XVI
1343 2237 1380 2275 p.
1393 2223 1470 2273 35)

816 2283 874 2322 hic
895 2283 997 2321 unice
1012 2284 1060 2321 de
1081 2281 1286 2319 hominibus
1306 2293 1350 2319 ex
1360 2280 1471 2331 plebe

819 2340 945 2389 egenis
963 2339 1024 2389 agi
1041 2342 1168 2389 putat,
1189 2339 1220 2374 si
1236 2338 1384 2387 quidem
1401 2336 1470 2374 hoc

815 2400 972 2446 quaestu
989 2395 1131 2447 puellae
1143 2395 1267 2432 dotem
1279 2393 1347 2431 sibi
1357 2405 1471 2443 quae-

813 2453 960 2500 sierint,
993 2465 1041 2490 ne
1058 2452 1233 2502 innuptae
1253 2451 1360 2487 vitam
1382 2462 1471 2498 age-

815 2513 908 2547 rent.
956 2509 1081 2553 Quare
1106 2509 1214 2546 etiam
1232 2507 1383 2546 Λυδῶν
1401 2506 1471 2556 δῆ-

817 2579 893 2616 μον
921 2565 994 2602 iam
1016 2577 1085 2615 per
1113 2578 1153 2602 se
1172 2564 1306 2614 plebem
1326 2574 1469 2613 egenam

815 2621 1000 2660 declarare
1017 2624 1152 2659 censet.
1182 2620 1345 2658 Similem
1354 2632 1471 2670 quen-

815 2679 901 2715 dam
923 2678 1140 2728 Cypriorum
1161 2689 1299 2714 morem
1316 2676 1469 2713 laudant

817 2735 919 2784 apud
934 2734 1060 2772 lustin.
1081 2732 1225 2780 xvnr,
1249 2733 1287 2774 5.
1345 2731 1470 2781 Magis

815 2793 938 2828 tamen
977 2790 1046 2827 huc
1084 2789 1238 2836 faciunt,
1286 2801 1382 2838 quae
1424 2799 1469 2825 ex

817 2845 992 2884 Clearcho
1009 2849 1202 2883 narrantur
1225 2845 1325 2894 apud
1352 2843 1467 2881 Athe-

814 2914 945 2941 naeum
963 2901 1058 2950 XII,
1082 2903 1132 2942 11
1156 2913 1194 2952 p.
1207 2899 1312 2947 615,
1331 2899 1363 2937 F
1387 2911 1465 2948 seq.
