1759 3324
621 238 838 276 CLIO.
900 237 927 274 1.

1323 239 1408 280 455

141 352 262 408 ἑτέρῃ
291 349 502 405 θαλάσσῃ.
534 347 613 403 τὴν
641 345 721 401 μὲν
757 345 840 400 γὰρ
869 343 1073 400 ’Έλληνες
1098 347 1406 390 ναυτίλλονται

140 436 307 481 πᾶσαν,
363 428 436 471 καὶ
476 425 502 481 ἡ
549 426 624 477 ἔξω
665 423 855 479 στηλέων
884 423 1088 468 θάλασσα
1124 423 1150 481 ἡ
1188 423 1405 478 Ἀτλαντὶς

140 507 396 564 καλεομένη,
447 523 519 548 και
557 504 584 561 ἡ
631 504 844 561 Ἐρυθρὴ,

898 506 975 565 μία
1014 504 1215 560 τυγχάνει
1256 505 1402 548 ἐοῦσα.

17 593 115 642 203
134 587 193 632 H
216 587 262 630 δὲ
291 587 495 641 Κασπίη,
528 586 614 628 ἔστι
641 583 761 641 ἑτέρη
793 583 860 628 ἐπ’
893 584 1077 641 ἑωυτῆς·
1109 584 1243 628 ἐοῦσα
1263 588 1483 646 μῆκοςθο

1459 585 1684 648 ‘Warecasv'jug

1476 620 1738 656 aaaaaaaaaaaaaa

1457 628 1587 682 euisteu
1628 655 1657 682 in
1669 658 1738 684 ·⁰-la

135 667 215 724 μὲν
251 665 410 720 πλόου,
462 667 622 723 εἰρεσίη
662 664 911 723 χρεωμένῳ,
955 665 1265 708 πεντεκαίδεκα
1304 662 1399 720 ἡμε
1458 695 1494 714 „u
1497 665 1711 722 mqhaexiz‘a

77 865 248 903 strabon.
271 863 325 900 XI
349 875 437 913 pag.
467 862 551 903 507
583 875 610 899 s,
637 863 732 903 773.

76 922 185 959 Voss.
208 921 256 958 ad
276 919 456 970 Pompon.
485 917 573 956 Mel.
600 918 673 966 ΙΙΙ,
693 917 732 966 5,

80 981 132 1020 16
147 1008 158 1026 ,
188 990 282 1027 quos
308 976 432 1013 laudat
450 975 731 1024 Wesselingius.

76 1035 198 1084 Magis
244 1034 292 1071 ad
333 1032 563 1069 Herodotum
596 1033 734 1069 faciunt

75 1089 261 1130 Aristotel.
309 1088 502 1127 Meteorol.
539 1088 596 1135 ΙΙ,
631 1091 653 1129 1
696 1093 733 1126 et

76 1148 230 1187 Diodor.
249 1146 358 1184 Sicul.
373 1144 513 1193 XVIII,
533 1146 559 1187 5
581 1149 618 1183 et
636 1157 732 1193 quae

75 1203 300 1255 Kephalides
327 1202 536 1252 disputavit,
564 1202 611 1239 de
633 1201 730 1238 Hist.

76 1262 190 1311 Casp.
210 1273 300 1298 mar.
320 1273 356 1310 p.
381 1261 446 1301 65.
485 1258 581 1295 Hinc
605 1257 730 1295 Ptole-

74 1330 199 1356 maeus
227 1317 364 1368 primus
391 1316 504 1352 fertur
534 1315 572 1350 in
596 1314 727 1352 tabulis

72 1378 220 1412 notasse
244 1385 370 1410 verum
407 1371 581 1408 ambitum
623 1371 728 1408 huius

73 1430 194 1469 maris.
210 1429 387 1465 -Confi
399 1428 567 1465 Bredow.
579 1428 727 1465 Urano-

72 1486 147 1536 log.
167 1498 254 1538 pag.
266 1484 410 1523 XXVII
428 1497 504 1534 seq.
527 1484 653 1520 —Ad
673 1485 727 1521 lo-

73 1543 256 1581 cutionem
281 1535 345 1581 ἐπ’
372 1539 523 1591 ἑωυτῆς
538 1542 634 1578 conf.
647 1540 726 1578 He-

72 1599 151 1637 rod.
170 1599 211 1648 Ι,
235 1601 326 1641 142.
346 1598 519 1640 2031n1t
549 1597 728 1636 Matthiae

75 1657 142 1694 Gr.
159 1656 226 1693 Gr.
247 1668 333 1706 pag.
358 1657 476 1696 1163.

130 1709 206 1763 τὴν
225 1709 298 1763 μὲν
319 1708 393 1764 γὰρ
410 1707 605 1761 ’Έλληνες
630 1724 725 1748 ναυ-

74 1768 270 1809 τίλλονται
294 1770 449 1814 πᾶσαν]
486 1767 628 1805 Iudicat
647 1778 725 1803 ma-

73 1839 129 1873 re,
166 1825 269 1874 quod
293 1826 388 1862 intra
415 1823 600 1862 columnas
629 1823 727 1862 Her-

72 1881 193 1920 culeas
214 1885 292 1930 est,
308 1881 594 1918 mediterraneam
613 1892 726 1927 mare,

72 1939 174 1988 quod
201 1951 313 1989 supra
347 1938 386 1986 Ι,
422 1938 502 1980 185
538 1937 726 1974 dicebatur

72 1991 144 2047 ’ἥδε
163 1993 193 2046 ἦ
211 1991 418 2042 θάλασσα,
440 1994 593 2032 Graecis
613 1994 727 2029 maxi-

71 2065 131 2090 me
150 2056 237 2089 nota
255 2056 293 2090 et
311 2052 495 2101 navigata.
553 2050 727 2099 Sequitur

71 2109 143 2146 iam
164 2108 324 2146 Oceanus
332 2108 537 2146 Atlanticus
555 2107 630 2145 sive
648 2119 725 2143 ma-

71 2178 134 2213 re,
168 2167 271 2215 quod
297 2169 399 2204 extra
427 2163 596 2202 Herculis
625 2163 724 2201 colu-

73 2234 176 2260 mnas
206 2226 281 2270 est,
310 2235 354 2260 ac
375 2222 534 2271 denique
561 2220 723 2257 Oceanus

73 2278 251 2316 Australis
269 2293 297 2316 s.
310 2291 483 2328 magnum
493 2278 592 2315 istud
610 2290 723 2325 mare,

73 2336 173 2385 quod
205 2334 330 2373 Asiam
367 2348 389 2372 a
422 2335 574 2372 meridie
609 2334 723 2381 alluit,

73 2391 263 2430 Herodoto
309 2392 368 2429 hic
415 2391 642 2429 orientalium
678 2403 723 2429 ex

75 2460 175 2486 more
215 2452 425 2499 nuncupata
474 2445 504 2498 ἦ
545 2443 725 2499 ἐρυθρή,-

76 2504 175 2553 quod
193 2517 279 2543 cave
299 2505 346 2542 de
373 2505 454 2542 sinu
470 2504 618 2542 Persico
644 2503 724 2542 solo

76 2561 215 2610 capias,
242 2566 283 2598 ut
301 2561 337 2609 l,
361 2563 460 2609 180,
483 2562 545 2598 ubi
565 2562 637 2599 vid.
648 2565 724 2598 not.

78 2616 184 2653 conf.
202 2617 355 2655 Reunel.
371 2619 409 2655 in
427 2618 566 2667 Geogr.
584 2618 726 2655 Herod.

77 2684 162 2721 pag.
173 2671 264 2715 462.
282 2674 551 2712 Schlichthorst.
570 2674 607 2711 in
619 2675 723 2712 Geo-

78 2728 204 2778 graph.
221 2729 330 2768 Afric.
345 2731 526 2769 Herodot.
547 2744 634 2782 pag.
656 2732 721 2773 18.

79 2782 293 2824 Dahlmann.
309 2787 346 2823 in
362 2786 543 2825 Herodot.
557 2801 644 2839 pag.
656 2789 722 2829 83.

80 2839 252 2888 Sequitur
268 2855 354 2880 vero
370 2843 476 2891 inde,
493 2844 724 2882 Herodotum

80 2895 224 2935 minime
241 2898 405 2938 dubitare
420 2900 506 2950 quin
523 2900 722 2938 circumna-

800 862 916 911 vigari
927 859 1050 899 Africa
1065 862 1194 912 possit,
1211 874 1290 899 cum
1306 851 1459 899 Austra-

801 917 870 956 lem
884 918 1072 956 Oceanum
1089 919 1248 956 iunctum
1268 919 1366 955 dicat
1381 932 1460 956 ma-

802 975 831 1011 ri
852 973 1032 1013 Atlantico
1060 979 1117 1023 et,
1148 975 1248 1025 quod
1268 974 1353 1012 inde
1372 988 1460 1026 pro-

800 1032 970 1069 ficiscitur
986 1061 998 1079 ,
1043 1032 1133 1068 mari
1178 1032 1457 1070 mediterraneo.

801 1088 909 1131 Quae
936 1089 984 1125 de
1021 1088 1160 1138 Caspio
1198 1088 1288 1124 mari
1321 1087 1459 1126 Noster

799 1145 945 1191 scribit,
981 1144 1023 1181 iis
1063 1145 1158 1182 bene
1179 1144 1291 1180 utitur
1315 1144 1457 1182 Heere-

799 1201 880 1238 nius
903 1201 1035 1247 (Ideen
1056 1201 1094 1248 Ι,
1115 1204 1141 1242 2
1167 1213 1254 1250 pag.
1274 1202 1376 1249 311)
1407 1202 1456 1239 de

798 1258 1015 1295 commercio
1040 1262 1198 1294 veterum
1227 1258 1389 1306 gentium
1418 1257 1455 1294 in

797 1313 851 1351 his
887 1313 1099 1362 regionibus
1138 1313 1303 1351 instituto
1337 1313 1456 1350 disse·

796 1384 892 1408 rens.
942 1370 1153 1408 Herodotus
1172 1369 1252 1420 ipse
1280 1369 1350 1406 hoc
1377 1382 1455 1405 ma—

796 1440 836 1465 re
861 1431 980 1464 utrum
1014 1426 1144 1464 adierit
1180 1438 1223 1463 ac
1262 1425 1454 1474 navigavit,

795 1483 833 1520 in
862 1483 1113 1533 quaestionem
1146 1481 1288 1520 vocavit
1327 1482 1455 1531 Heyse

795 1540 984 1590 (Quaestt.
996 1539 1192 1577 Herodott.
1212 1538 1325 1589 Ipag.
1339 1541 1454 1587 106),

796 1598 875 1648 ipse
892 1596 929 1633 in
948 1596 1115 1645 Breigeri
1146 1595 1365 1633 sententiam
1394 1607 1456 1633 ac·-

795 1654 950 1701 cedens,
980 1653 1156 1703 Caspium
1185 1664 1286 1688 mare
1312 1651 1453 1688 Nostro

795 1710 945 1747 omnino
980 1722 1056 1747 non
1085 1713 1319 1759 conspectum
1355 1721 1453 1755 esse,

795 1771 858 1804 aut
883 1770 981 1804 certe
1006 1778 1083 1803 non
1113 1777 1260 1803 omnem
1287 1764 1364 1802 eius
1385 1764 1454 1802 cir-

793 1823 947 1870 cuitum,
986 1822 1134 1860 minime
1158 1834 1244 1860 vero
1268 1819 1454 1859 borealem

794 1883 947 1930 partem.
1005 1878 1141 1928 Neque
1169 1878 1359 1928 cuiquam,
1389 1877 1452 1926 qui

793 1936 976 1974 Herodoti
1021 1934 1267 1973 narrationem
1313 1937 1453 1972 attente

793 1992 1011 2044 perlegerit,
1041 1991 1189 2029 dubium
1211 1991 1298 2038 erit,
1327 1990 1451 2027 Hero-

792 2051 919 2087 dotum
939 2062 983 2087 eo
1005 2061 1121 2098 usque
1138 2061 1214 2085 non
1224 2047 1448 2098 pervenisse,

791 2106 955 2157 quamvis
994 2107 1162 2143 accurate
1195 2107 1371 2153 quantum
1406 2102 1449 2139 li-

791 2163 883 2211 cuit,
913 2163 960 2200 de
974 2162 1030 2199 his
1051 2161 1282 2211 inquisivisse
1300 2160 1447 2197 itidem-

791 2232 863 2270 que
881 2218 1050 2257 retulisse
1069 2218 1334 2255 existimandus
1359 2216 1418 2253 sit.

986 2276 1096 2325 Cap.
1128 2273 1261 2312 CCIII.

847 2331 876 2383 ἦ
901 2329 944 2372 δε
967 2331 1132 2382 Κασπίη
1150 2352 1207 2358 —-
1223 2329 1345 2370 ἐοῦσα
1365 2345 1447 2380 μη-

791 2404 861 2436 κος
892 2387 965 2441 μὲν
995 2383 1119 2428 πλόου
1139 2408 1196 2415 -·
1219 2382 1321 2427 ὄκτω
1344 2384 1448 2436 ἦμε-

791 2445 918 2497 ρέων]
957 2445 1152 2483 Bredowio
1178 2444 1214 2481 in
1240 2442 1446 2492 Uranolog.

790 2503 931 2542 Herod.
951 2517 987 2554 p.
1005 2501 1166 2540 XXVIII
1190 2501 1221 2538 si
1240 2501 1346 2547 fides,
1365 2499 1446 2536 lon-

789 2560 993 2610 gitudinem
1023 2559 1236 2597 Herodotus
1270 2556 1445 2594 intellexit

791 2617 837 2654 ab
857 2617 1043 2654 occidente
1060 2616 1110 2652 ad
1127 2615 1304 2652 orientem
1316 2642 1327 2660 ,
1357 2625 1445 2663 pro-

791 2674 842 2711 uti
861 2674 932 2711 iam
948 2673 1130 2710 veteribus
1143 2672 1273 2718 visum,
1289 2670 1445 2706 docente

792 2729 960 2767 Eustath.
996 2729 1045 2766 ad
1074 2728 1230 2777 Dionys.
1260 2726 1442 2774 Perieget.

791 2790 887 2829 720.
909 2785 1240 2836 Add.Kephalides
1257 2782 1314 2819 l.l.
1328 2795 1366 2832 p.
1377 2782 1445 2828 68,

792 2846 855 2893 qui
872 2844 941 2880 hoc
959 2842 1071 2879 modo
1087 2841 1208 2878 omnia
1224 2841 1305 2877 fore
1315 2850 1446 2874 conso-

793 2913 841 2938 na
871 2898 1129 2950 pronuntiavit.
1184 2896 1264 2934 Sed
1299 2894 1450 2932 Reime-
