1759 3324
355 255 440 296 104

772 254 1239 294 HERODOTI

356 363 402 407 ἐν
429 366 491 420 τῷ
522 368 675 424 στεινῷ
705 369 780 421 τῆς
812 364 1061 421 Αἰγύπτου·
1115 365 1276 416 ἔξωθεν
1308 364 1353 408 ὁὲ
1384 363 1517 421 αὐτῆς
1547 375 1679 409 rte-60

355 443 555 498 ριορύξαι
604 447 761 501 λίμνην
803 445 847 486 ἐκ
885 449 966 487 τοῦ
1002 449 1203 499 ποταμοῦ
1238 445 1346 500 πρός
1384 446 1542 501 βορέην
1579 463 1622 489 τε

357 525 426 567 καὶ
457 523 567 579 πρὸς
598 525 795 579 ἑσπέρην
827 525 875 566 τό
895 524 975 579 γὰρ
996 524 1105 578 πρὸς
1129 525 1207 580 τήν
1230 523 1292 580 1Ῐῶ
1317 522 1448 575 αὐτὸς
1470 524 1490 568 ὁ
1520 528 1621 568 Νεῖ-

326 608 432 654 9λος
464 603 652 658 ἀπέργει.
685 607 817 646 τοῦτο
842 602 910 654 δὲ,
941 608 1022 646 τοῦ
1047 603 1287 659 ἹΙφαίστου
1307 604 1355 647 τὸ
1381 604 1476 658 ἱρὸν
1499 604 1621 659 ἱδρύ-

356 689 518 727 σασθαι
547 683 592 726 ἐν
620 680 756 740 αὐτῇ,
788 680 861 726 ἐόν
890 682 997 738 μέγα
1031 699 1075 726 τε
1105 684 1178 726 καὶ
1207 683 1620 740 ἀξιαπηγητότατον.

298 880 336 916 in
350 878 563 916 occidentali
579 877 655 915 Nili
672 877 751 928 ripa
762 876 953 927 Memphin

298 936 483 972 conditam
521 936 633 972 fuisse
670 935 887 984 perhibent,
928 935 954 970 ii

296 991 355 1029 vel
375 991 494 1028 Plinio
521 995 614 1029 teste
644 992 703 1039 (h.
725 1004 761 1027 n.
779 990 953 1037 XXXVI,

300 1049 372 1096 16)
394 1048 526 1085 erroris
549 1049 654 1096 argui
682 1051 846 1097 possunt.
904 1047 955 1084 Et

299 1105 413 1142 secuti
444 1109 529 1141 sunt
556 1105 616 1141 alii
644 1105 953 1155 peregrinatores,

300 1162 362 1211 qui
384 1162 429 1198 ab
457 1163 528 1198 isto
559 1161 638 1198 loco
665 1162 851 1198 meridiem
872 1174 955 1197 ver-

299 1232 359 1255 sus
381 1219 624 1268 proficiscenti
636 1217 826 1268 Memphin
847 1218 954 1254 sitam

298 1275 409 1312 fuisse
430 1279 620 1312 censerent
641 1275 682 1311 iis
702 1275 739 1310 in
755 1275 861 1320 locis,
894 1274 955 1311 ubi

298 1344 394 1368 nunc
411 1336 555 1369 exstant
576 1331 643 1367 vici
663 1330 954 1367 biniDIetralzen-

297 1401 345 1438 ny
384 1392 421 1425 et
451 1387 499 1424 M
501 1388 657 1424 olumnam
686 1388 760 1426 sive
791 1387 955 1424 Mom'e'lz-

299 1444 465 1481 Raln'nelz
503 1449 541 1482 et
580 1443 772 1481 Most-luzan.
849 1446 955 1488 Quae

298 1502 481 1538 sententia
506 1501 693 1538 Gallorum
718 1515 864 1550 quoque
887 1502 955 1537 do-

298 1562 436 1595 ctorum
469 1570 654 1595 assensum
678 1558 778 1604 tulit,
810 1558 846 1594 in
875 1558 956 1607 ipsa

297 1614 376 1651 loca
406 1619 575 1652 accurate
594 1615 874 1663 inquirentium,
904 1615 956 1650 ita

297 1675 338 1707 ut
360 1672 438 1708 iure
459 1672 689 1719 acquiescere
710 1672 837 1721 possis.
870 1671 954 1707 Vid.

299 1727 501 1777 Champoll.
522 1728 681 1778 l'Egypt.
704 1742 789 1765 sous
809 1727 829 1763 l.
851 1727 953 1778 phar.

297 1784 313 1820 I
340 1798 376 1834 p.
396 1785 479 1825 342
502 1798 606 1833 seqq.
634 1789 669 1822 et
707 1798 744 1835 p.
768 1784 850 1825 347
877 1796 954 1833 seq.

297 1840 484 1878 Mannert.
516 1842 727 1891 Geograph.
761 1842 795 1877 d.
825 1842 890 1877 Gr.
921 1853 955 1877 u.

297 1897 406 1934 Rom.
430 1897 483 1945 X,
513 1901 529 1938 1
556 1911 642 1947 pag.
664 1898 745 1938 450
774 1897 851 1934 coll.
875 1909 954 1934 cum

296 1953 451 1991 Rennel.
471 1968 506 2004 p.
521 1955 601 1995 599
616 1967 718 2003 seqq.
731 1959 766 1990 et
777 1953 956 1992 schlicht-

297 2010 412 2046 horst.
430 2010 452 2047 l.
471 2011 493 2047 l.
523 2024 608 2060 pag.
631 2012 683 2051 89
706 2023 808 2060 seqq.
851 2010 954 2053 Quos

297 2067 393 2103 viros
415 2067 543 2103 doctos
564 2067 773 2112 consulant,
794 2067 855 2115 qui
877 2066 957 2116 plu-

297 2135 338 2158 ra
351 2124 397 2160 de
408 2123 505 2159 urbis
523 2124 773 2171 magnitudine
785 2128 822 2160 et
832 2123 956 2172 splen-

299 2179 388 2215 dore
408 2179 553 2216 edoceri
575 2180 742 2228 cupiant,
773 2180 818 2215 ab
834 2179 954 2216 Hero-

298 2235 377 2271 doti
402 2235 706 2284 interpretatione
744 2235 843 2272 haud
878 2235 951 2272 scio

297 2303 344 2328 an
365 2291 469 2327 nimis
492 2291 620 2328 aliena.
680 2290 827 2328 Nomen
856 2291 951 2327 urbis

297 2347 349 2384 sic
404 2348 667 2397 interpretatur
724 2347 952 2384 Iablonskius

298 2404 415 2451 (voce.
435 2403 553 2451 Aegg.
578 2417 614 2454 p.
642 2404 768 2450 137),
808 2407 849 2439 ut
877 2403 952 2452 ple-

296 2473 377 2497 nam
415 2460 574 2496 bonorum
614 2459 805 2508 intelligat.
871 2459 953 2497 Nec

297 2516 446 2554 multum
460 2517 505 2553 ab
527 2529 571 2553 eo
590 2516 728 2553 recedit
749 2515 952 2566 Champoll.

296 2574 320 2610 l.
337 2573 358 2609 l.
380 2586 416 2622 p.
434 2574 539 2619 363,
569 2573 631 2621 qui
656 2572 724 2608 loca·
742 2572 822 2608 bom·
840 2572 953 2621 signi-

297 2631 503 2667 ficationem
517 2629 554 2664 in
573 2642 616 2666 ea
634 2642 723 2665 voce
740 2629 858 2665 inesse
878 2629 954 2666 exi-

299 2687 433 2723 stimat.
494 2685 673 2722 Graecum
706 2679 791 2722 vero
818 2697 953 2721 nomen

298 2743 408 2780 refert
427 2742 476 2778 ad
493 2740 713 2791 Aegyptium
736 2740 826 2791 Mefi
839 2770 848 2787 ,
877 2742 950 2789 quo

297 2798 360 2836 illa
399 2798 484 2835 urbs
522 2798 567 2834 ab
606 2798 797 2847 Aegyptiis
823 2809 950 2834 revera

299 2855 408 2892 fuerit
426 2854 593 2891 vocitata.
636 2854 677 2890 In
695 2854 949 2891 Hebraeorum

297 2911 409 2949 literis
457 2914 607 2948 vocatur
642 2909 777 2962 Noph,
823 2908 946 2960 Ilffoplz.

1021 877 1130 914 Plura
1149 878 1285 915 Gesen.
1307 878 1355 914 ad
1373 877 1477 916 lesai.
1501 879 1604 927 XIX,
1628 882 1678 922 13

1021 946 1106 984 pag.
1127 936 1220 975 622.

1079 990 1120 1029 ἐν
1142 992 1193 1043 τῷ
1217 992 1358 1044 στεινῷ
1374 985 1677 1043 τῆςΑἶγύπτου]

1021 1043 1065 1086 τό
1094 1044 1244 1085 στεινὸν
1278 1052 1472 1097 angustam
1516 1048 1680 1099 Aegypti

1022 1109 1164 1154 partem
1195 1104 1282 1141 dicit
1302 1117 1404 1150 earn,
1434 1117 1529 1154 quae
1549 1117 1571 1141 a
1589 1105 1679 1143 Del-

1022 1168 1082 1197 tae
1101 1161 1203 1210 apice
1222 1162 1409 1198 meridiem
1421 1175 1543 1199 versus
1555 1175 1679 1199 escen-

1024 1218 1125 1254 denti
1145 1218 1328 1254 montibus
1347 1219 1517 1267 utrinque
1542 1218 1679 1256 inclusa

1023 1273 1098 1311 Nili
1115 1274 1226 1310 efficit
1246 1273 1385 1311 vallem.

1079 1327 1123 1368 τό
1147 1327 1220 1381 γαρ
1244 1329 1341 1380 πρὸς
1367 1329 1440 1381 τήν
1472 1325 1534 1380 ἠἀῖ
1562 1325 1679 1378 αὐτὸς

1025 1384 1048 1425 ὁ
1070 1389 1213 1433 Νεῖλος
1234 1382 1416 1439 α’πέργει]
1452 1386 1584 1434 „Nam
1602 1401 1680 1425 ver-

1023 1457 1083 1480 sus
1104 1446 1262 1480 orientem
1279 1446 1350 1493 ipse
1362 1443 1471 1481 Nilus
1482 1457 1557 1481 eam
1572 1458 1678 1494 prae-

1023 1502 1210 1547 stringit.“
1267 1501 1323 1538 Ita
1353 1501 1577 1549 Schweigh.;
1616 1502 1679 1550 qui

1023 1558 1061 1594 in
1099 1557 1167 1594 lex.
1206 1557 1345 1594 Herod.
1371 1571 1398 1594 s.
1429 1571 1461 1594 v,
1491 1553 1678 1608 α’,τέργειν

1023 1618 1170 1659 monet,
1209 1614 1374 1664 usurpari
1398 1614 1466 1651 hoc
1485 1615 1636 1651 verbum
1655 1627 1678 1651 a

1023 1670 1184 1716 Nostro,
1219 1671 1365 1719 quando
1397 1675 1461 1707 aut
1487 1684 1586 1708 mare
1614 1674 1679 1708 aut

1023 1727 1154 1763 fluvius
1183 1727 1369 1775 regionem
1397 1727 1540 1764 dicatur
1559 1727 1679 1764 exclu-

1024 1784 1111 1820 dere
1149 1797 1177 1821 s.
1209 1784 1422 1832 seiungere,
1462 1797 1509 1822 ne
1533 1783 1677 1832 longius

1024 1840 1084 1876 illa
1111 1841 1299 1889 porrigat⁷
1337 1841 1359 1877 i.
1391 1853 1421 1877 e.
1444 1841 1575 1890 finire,
1606 1844 1677 1877 ter-

1024 1899 1177 1941 minare5
1221 1901 1263 1933 tu
1294 1898 1387 1933 conf.
1415 1896 1451 1942 1,
1481 1900 1547 1938 72.
1583 1896 1675 1937 174.

1024 1953 1118 1994 204.
1195 1953 1292 1990 Hinc
1317 1966 1339 1990 a
1365 1966 1474 1990 sensu
1502 1953 1570 1990 loci
1601 1966 1677 1990 non

1023 2009 1206 2047 aberravit
1222 2010 1327 2046 Miot.
1341 2039 1351 2056 ,
1368 2011 1418 2047 sic
1439 2009 1578 2047 Gallice
1596 2023 1677 2047 ver-

1024 2070 1125 2103 tens:
1167 2067 1254 2113 „du
1287 2067 1367 2103 cote
1397 2067 1443 2103 de
1471 2066 1616 2103 l’orient
1641 2065 1676 2103 le

1022 2121 1084 2159 Nil
1104 2124 1220 2159 meme
1245 2122 1299 2159 lui
1316 2126 1385 2159 sert
1405 2122 1446 2158 (Ie
1467 2122 1647 2172 tlejetzsef‘

1077 2181 1149 2217 τοῦ
1161 2177 1378 2226 Ἡφαίστου
1396 2175 1438 2217 τὸ
1462 2175 1549 2229 ἱρὸν
1565 2172 1676 2230 ἱδρύ-

1021 2239 1173 2273 σασθαι
1191 2233 1232 2273 ἐν
1264 2230 1387 2287 αὐτῇ,
1419 2231 1486 2273 ε’ὀν
1511 2232 1608 2285 μέγα
1635 2248 1675 2273 τε

1020 2289 1084 2328 καὶ
1108 2286 1496 2342 α’ξιαπηγητότατον]
1519 2290 1578 2328 De
1601 2304 1674 2340 quo

1019 2346 1156 2396 templo
1177 2346 1280 2396 plura
1300 2352 1493 2384 narrantur
1510 2346 1542 2383 Il
1557 2376 1567 2393 ,
1584 2351 1675 2388 101.

1023 2404 1228 2443 108.110.
1262 2406 1352 2444 121.
1385 2405 1476 2444 136.
1535 2403 1632 2441 Nam
1654 2416 1677 2441 a

1019 2458 1132 2496 Mene
1172 2459 1381 2498 inchoatum
1421 2461 1675 2497 tantummodo

1020 2514 1193 2564 templum
1219 2518 1358 2566 posteri
1383 2530 1489 2565 reges
1509 2517 1677 2554 certatim

1021 2577 1248 2608 exornarunt.
1312 2572 1468 2610 Addidit
1495 2572 1676 2610 vestibula

1021 2628 1307 2677 septentrionem
1355 2643 1478 2667 versus
1522 2628 1674 2675 Moeris,

1022 2685 1246 2722 occidentem
1284 2699 1407 2724 versus
1438 2685 1676 2735 Rhampsini-

1020 2744 1098 2787 tus,
1124 2741 1300 2779 orientem
1318 2755 1442 2780 versus
1459 2755 1577 2791 eaque
1595 2753 1676 2778 ma-

1019 2797 1314 2846 gnificentissima
1348 2798 1523 2849 Asychis,
1563 2798 1675 2835 meri-

1018 2854 1113 2890 diem
1133 2867 1255 2891 versus
1268 2854 1554 2893 Psammitichus.
1611 2853 1672 2890 De

1016 2909 1156 2948 colosso
1188 2915 1276 2949 ante
1303 2911 1373 2949 hoc
1400 2910 1574 2962 templum
1593 2922 1671 2948 ere-

1753 2828 1758 2935 l
