1759 3324
311 245 396 286 766

713 245 1194 284 HERODOTI

313 351 555 411 ἀνθρώπου
584 359 709 412 σῶμα
735 353 971 412 γινόμενον
1000 353 1221 398 ἐσδύνειν·
1264 355 1342 410 τὴν
1370 353 1575 410 περιήλυ-

283 439 385 477 3σιν
415 434 460 478 δὲ
491 434 603 493 αὐτῇ
632 437 832 492 γίνεσθαι
872 434 918 478 ἐν
950 436 1221 490 τρισχιλίοισι
1260 435 1378 479 ἔτεσι.
1434 432 1632 491 τούτῳὸο

254 662 317 686 sus
347 650 392 686 ab
420 649 621 695 Hermete,
663 661 771 697 quern
802 652 909 697 caput

254 706 422 742 caninum
456 706 637 754 insignem
665 705 770 751 facit,
809 704 910 740 Mer-

254 763 389 799 curium
406 762 501 798 illum
529 758 811 811 ψυχοτιομπόν,
830 760 910 796 Ho-

253 832 353 855 mero
394 819 501 855 etiam
545 817 727 866 cognitum
773 817 909 864 Odyss.

253 874 389 920 XXlV,
414 877 448 914 1.
486 873 677 910 Accedunt
693 872 781 918 alia,
817 884 911 920 quae

254 932 301 967 ad
323 931 477 967 eandem
499 930 701 966 doctrinam
723 928 911 965 declaran-

254 987 339 1024 dam
358 987 559 1036 pertinent,
588 998 656 1023 nec
676 985 783 1021 maris
804 985 909 1021 deest

257 1043 496 1091 significatio,
528 1055 596 1079 nec
615 1053 810 1090 aquarum,
842 1053 910 1077 nec

252 1100 359 1149 hydri
396 1100 471 1136 sive
519 1098 697 1148 serpentis
739 1097 908 1147 aquatici,

253 1169 321 1193 nec
351 1169 435 1193 aves
467 1156 646 1204 denique,
689 1167 783 1203 quae
818 1166 908 1202 qua-

252 1217 335 1250 tuor
382 1225 534 1249 numero
572 1223 729 1262 superne
766 1211 908 1261 positae

254 1274 354 1316 sunt,
393 1270 558 1318 virgineo
599 1268 720 1319 capite
756 1271 908 1304 ornatae

253 1331 293 1364 et
309 1327 400 1363 vitta
422 1324 640 1363 sacerdotali
665 1324 739 1361 sive
757 1323 908 1361 calanti-

253 1396 305 1421 ca.
346 1382 389 1419 In
408 1383 537 1432 quibus
553 1381 699 1431 singulis
718 1380 906 1418 illustran-

253 1440 310 1476 dis
329 1452 478 1490 operam
496 1439 683 1476 collocavit
702 1437 906 1475 Creuzerus

252 1510 289 1548 p-
309 1496 564 1543 342—352,
590 1495 651 1532 ubi
670 1495 709 1530 in
726 1495 800 1532 fine
819 1494 909 1531 haec

254 1554 417 1602 scripsit:
459 1556 573 1600 „utut
606 1556 683 1598 est,
730 1551 798 1588 hoc
823 1550 909 1587 reli-

253 1622 365 1659 quum
402 1613 459 1647 est
485 1621 528 1646 ae
563 1612 720 1645 certum:
749 1606 909 1644 tabulam

252 1666 347 1703 hanc
365 1670 528 1703 nostram
552 1667 589 1702 in
611 1666 742 1701 mortui
764 1664 911 1700 hominis

253 1724 344 1759 cista
368 1726 540 1773 repertam
572 1723 763 1770 imaginem
791 1723 911 1756 sistere

252 1780 290 1816 in
311 1792 427 1828 eaque
443 1778 603 1829 conspici
620 1783 657 1815 et
665 1780 827 1829 χερσαῖα
842 1775 910 1815 καὶ

252 1832 300 1874 τοὶ
317 1831 522 1874 θαλάσσια
553 1836 631 1882 ζῶα
657 1840 695 1872 et
723 1847 809 1871 vero
839 1847 905 1872 πε-

251 1889 362 1931 τεινὰ
382 1905 548 1942 quoque,
579 1904 675 1941 quae
691 1891 905 1928 Herodotus

252 1950 290 1986 in
310 1950 453 1986 animae
477 1948 754 1996 migrationibus
771 1960 909 1984 memo-

253 2007 349 2042 rat.“
379 2005 480 2043 Idem
504 2004 568 2041 Cr.
588 2017 686 2041 nunc
703 2004 799 2040 hisce
821 2003 909 2039 addi

253 2062 330 2099 vult
351 2061 550 2110 Inghirami
560 2060 787 2097 Monumenti
801 2059 911 2095 Etru-

253 2118 327 2154 schi
355 2119 403 2154 ad
436 2118 511 2154 tab.
538 2120 593 2157 77
634 2115 733 2165 degli
767 2115 910 2166 specchi

254 2174 386 2211 mistici
413 2187 498 2224 pag.
521 2175 614 2214 668.

311 2281 404 2335 τήν
434 2280 748 2336 περιήλυσιν
780 2281 822 2322 δὲ
843 2279 910 2323 αὕ-

254 2343 304 2396 τῇ
320 2341 505 2393 γίνεσθαι
516 2340 558 2380 ἐν
576 2341 820 2392 τρισχιλίοισι
834 2339 907 2379 ἔτε-

255 2400 317 2443 σι]
357 2397 493 2435 Glossa
541 2398 755 2435 Herodotea
800 2397 908 2434 affert

253 2451 414 2504 ’ἤλυσιντ
446 2453 616 2503 ἔφοδον,
639 2453 814 2505 πορείαν.
846 2454 903 2490 Cf.

255 2512 362 2548 etiam
388 2510 509 2548 Koen.
529 2511 578 2548 ad
604 2511 718 2558 Greg.
737 2509 904 2546 Corinth.

254 2580 341 2618 pag.
364 2567 457 2608 526.
516 2565 575 2603 Ad
602 2568 718 2616 ipsam
746 2579 822 2603 rem
850 2570 906 2602 te-

254 2636 424 2670 neamus,
460 2636 554 2672 quae
582 2623 743 2673 pluribus
776 2622 906 2671 legun-

255 2684 314 2717 tur
341 2681 509 2729 exposita
544 2680 644 2730 apud
670 2679 800 2716 Creuz.
830 2678 850 2715 l.
882 2678 903 2714 l.

254 2749 340 2787 pag·
360 2735 454 2777 324.
471 2737 553 2776 327
575 2748 677 2785 seqq.
697 2735 810 2772 videri
827 2735 906 2771 sin-

256 2793 360 2841 gulos
399 2796 541 2830 meatus
585 2805 652 2842 per
701 2791 907 2828 animalium

256 2861 411 2899 corpora
447 2848 666 2898 pertinuisse
704 2861 772 2897 per
810 2847 908 2885 mille

255 2917 371 2943 annos
391 2903 503 2953 (Plat.
521 2917 596 2954 rep.
615 2904 671 2952 X,
695 2906 745 2945 11
770 2917 806 2954 p.
826 2903 909 2945 615

975 647 1132 686 Phaedr.
1172 661 1209 698 p.
1240 647 1321 689 249
1351 649 1449 696 etc).
1508 645 1631 696 Atque

977 705 1148 753 quoniam
1177 705 1350 754 perpauci
1378 704 1630 741 tantummodo

977 761 1013 797 in
1040 759 1245 797 Amenthen
1274 760 1402 806 delati,
1443 761 1631 798 continen-

976 822 1032 853 ter
1058 817 1314 866 0btemperant
1339 817 1631 854 Osiridi-Pluto-

977 873 1036 919 ni,
1067 873 1133 909 sed
1158 872 1301 922 plurimi
1325 874 1542 911 macularum
1572 886 1631 909 su-

977 929 1121 980 periore
1140 929 1176 964 in
1188 929 1262 965 vita
1282 934 1546 967 contractarum
1566 928 1632 966 ali-

977 986 1065 1035 quid
1085 985 1264 1031 retinent,
1285 984 1368 1021 hinc
1384 985 1545 1035 plurimis
1562 986 1630 1022 mi-

977 1042 1156 1091 grandum
1172 1045 1227 1079 est
1246 1054 1312 1090 per
1327 1041 1532 1079 animalium
1550 1055 1632 1079 cor-

975 1111 1068 1149 pora
1085 1099 1194 1147 idque
1213 1097 1324 1134 ternis
1345 1098 1502 1146 vicibus,
1520 1111 1630 1148 uquae

975 1156 1080 1192 trium
1101 1154 1251 1191 millium
1275 1166 1451 1192 annorum
1471 1156 1631 1206 spatium

975 1211 1270 1262 complectuntur.
1313 1210 1434 1260 Atque
1451 1212 1547 1250 hunc
1564 1212 1631 1248 tri—

975 1269 1041 1306 bus
1059 1281 1235 1305 annorum
1258 1267 1412 1305 millibus
1438 1269 1631 1306 absolven-

975 1326 1061 1363 dum
1076 1325 1263 1363 circuitum
1280 1326 1490 1374 pronuntiat
1506 1325 1630 1362 Hero-

974 1383 1103 1428 dotus3
1153 1394 1222 1419 nec
1258 1380 1328 1417 alio
1366 1386 1506 1432 spectat
1541 1381 1631 1418 Pin-

975 1439 1134 1476 daricum
1181 1436 1220 1484 ἐς
1274 1435 1359 1488 τρὶς
1410 1436 1630 1490 ἑκατέρωθι

975 1495 1151 1545 (ΟΙ)ἸῃῙ).
1181 1494 1233 1540 Il,
1264 1497 1346 1535 122
1375 1496 1480 1544 seq.)
1519 1499 1629 1544 atque

975 1551 1200 1589 Platonicum
1226 1547 1508 1602 τρισχιλιοστὸν
1536 1550 1630 1597 ἔπος

978 1608 1030 1656 (l.
1050 1608 1113 1657 1.).
1173 1607 1392 1656 Congruunt
1424 1621 1511 1646 vero
1539 1607 1630 1645 haec

975 1665 1044 1702 tria
1069 1677 1246 1701 annorum
1265 1663 1375 1700 millia
1403 1678 1484 1701 cum
1499 1663 1629 1701 circulo

977 1721 1149 1759 Sothiaco
1189 1734 1215 1757 s.
1246 1720 1436 1758 caniculari
1468 1725 1630 1758 veterum

977 1778 1261 1828 Aegyptiorum,
1291 1777 1353 1826 qui
1383 1781 1419 1815 et
1445 1777 1525 1828 ipse
1543 1777 1631 1813 toti-

976 1836 1058 1872 dem
1098 1847 1274 1871 annorum
1306 1833 1475 1870 solarium
1508 1833 1629 1884 spatio

977 1891 1184 1929 absolvitur.
1245 1890 1329 1934 Quo
1357 1890 1545 1937 absoluto,
1573 1890 1630 1926 iu-

976 1955 1114 1986 storum
1143 1951 1254 1997 atque
1287 1946 1482 1983 insontium
1514 1946 1631 1983 homi-

976 2018 1063 2042 num
1082 2004 1223 2041 animae
1251 2003 1405 2040 redeunt
1427 2003 1476 2039 ad
1501 2016 1630 2053 supre-

977 2075 1056 2099 mos
1078 2061 1168 2097 deos
1207 2060 1260 2108 (h.
1283 2072 1314 2097 e.
1339 2059 1491 2096 fixarum
1508 2058 1631 2097 stella-

976 2131 1056 2154 rum
1074 2117 1295 2167 praesides),
1320 2128 1473 2165 quorum
1487 2116 1524 2153 in
1544 2116 1630 2152 cho-

976 2187 1055 2211 rum
1083 2174 1324 2224 recipiuntur,
1355 2173 1470 2221 fitque
1493 2172 1552 2208 ille
1571 2184 1630 2208 re-

978 2231 1076 2268 ditus
1096 2243 1162 2280 per
1189 2229 1329 2265 zodiaci
1356 2228 1529 2265 ambitum
1556 2228 1577 2264 i.
1595 2241 1626 2265 e.

976 2299 1043 2337 per
1071 2298 1220 2334 gregem
1247 2284 1442 2321 bestiarum
1469 2285 1629 2322 siderea-

971 2355 1071 2388 rum3
1101 2341 1279 2390 siquidem
1306 2341 1356 2377 dii
1387 2353 1467 2377 cum
1483 2340 1628 2378 lunares

975 2403 1053 2435 tum
1091 2397 1300 2448 planetares
1341 2400 1455 2446 atque
1493 2397 1627 2434 solares

971 2454 1266 2503 reliquarumque
1285 2452 1464 2490 stellarum
1476 2453 1628 2490 fixarum

972 2511 1184 2561 praesides,
1214 2513 1300 2546 sunt
1323 2509 1464 2546 siderea
1484 2522 1629 2547 armen-

972 2573 1030 2613 ta·,
1061 2579 1215 2616 quorum
1242 2578 1309 2615 per
1334 2578 1470 2615 pascua
1502 2579 1630 2603 ascen-

972 2625 1064 2660 dunt
1081 2624 1223 2659 animae
1235 2649 1246 2667 ‚
1275 2621 1367 2659 aliae
1385 2621 1484 2659 aliud
1502 2623 1539 2659 in
1552 2627 1629 2659 sta-

973 2679 1118 2724 bulum3
1147 2677 1340 2715 nobiliores
1360 2678 1398 2714 in
1423 2678 1502 2715 loca
1522 2679 1628 2716 nobi-

973 2735 1187 2772 lissimorum
1204 2733 1412 2771 animalium
1440 2735 1516 2772 sive
1542 2734 1626 2772 solis

974 2792 1145 2841 Siriique.
1204 2790 1302 2827 Hinc
1327 2790 1525 2827 bestiarum
1552 2790 1628 2828 cul-

973 2852 1032 2885 tus
1057 2860 1123 2898 per
1136 2847 1368 2897 Aegyptum,
1388 2846 1471 2884 hinc
1489 2847 1628 2885 bestiae

975 2904 1046 2942 rite
1071 2903 1243 2942 conditae
1278 2907 1316 2941 et
1343 2903 1549 2954 repositae,
1587 2906 1627 2940 ut
