<?xml version="1.0" encoding="UTF-8"?>
<!DOCTYPE html PUBLIC "-//W3C//DTD XHTML 1.0 Transitional//EN"
    "http://www.w3.org/TR/xhtml1/DTD/xhtml1-transitional.dtd">
<html xmlns="http://www.w3.org/1999/xhtml" xml:lang="en" lang="en">
 <head>
  <title>
</title>
<meta http-equiv="Content-Type" content="text/html;charset=utf-8" />
  <meta name='ocr-system' content='tesseract 3.04.00' />
  <meta name='ocr-capabilities' content='ocr_page ocr_carea ocr_par ocr_line ocrx_word'/>
</head>
<body>
  <div class='ocr_page' id='page_1' title='image "./musaeher01hero/musaeher01hero_0524.png"; bbox 0 0 1759 3324; ppageno 0'>
   <div class='ocr_carea' id='block_1_1' title="bbox 243 358 1139 416">
    <p class='ocr_par' dir='ltr' id='par_1_1' title="bbox 243 358 1139 416">
     <span class='ocr_line' id='line_1_1' title="bbox 243 358 1139 416; baseline -0.002 -9"><span class='ocrx_word' id='word_1_1' title='bbox 243 361 310 407; x_wconf 71' lang='lat'>14</span> <span class='ocrx_word' id='word_1_2' title='bbox 366 360 471 413; x_wconf 60' lang='lat'><em>„6¹1⁶</em></span> <span class='ocrx_word' id='word_1_3' title='bbox 499 358 556 416; x_wconf 80' lang='grc' dir='ltr'>μή</span> <span class='ocrx_word' id='word_1_4' title='bbox 589 358 637 404; x_wconf 78' lang='grc' dir='ltr'>ἐκ</span> <span class='ocrx_word' id='word_1_5' title='bbox 664 362 745 404; x_wconf 85' lang='grc' dir='ltr'>τοῦ</span> <span class='ocrx_word' id='word_1_6' title='bbox 784 361 892 412; x_wconf 85' lang='grc' dir='ltr'><em>Διὸς</em></span> <span class='ocrx_word' id='word_1_7' title='bbox 927 364 1139 416; x_wconf 84' lang='grc' dir='ltr'><em>μοῦνον.“</em></span> 
     </span>
    </p>
   </div>
   <div class='ocr_carea' id='block_1_2' title="bbox 27 425 309 497">
    <p class='ocr_par' dir='ltr' id='par_1_2' title="bbox 27 425 309 497">
     <span class='ocr_line' id='line_1_2' title="bbox 27 425 309 463; baseline -0.011 -6"><span class='ocrx_word' id='word_1_8' title='bbox 27 431 60 457; x_wconf 76' lang='lat' dir='ltr'>et</span> <span class='ocrx_word' id='word_1_9' title='bbox 75 425 241 463; x_wconf 74' lang='lat' dir='ltr'>Aegyptiis.</span> <span class='ocrx_word' id='word_1_10' title='bbox 257 426 309 454; x_wconf 85' lang='lat' dir='ltr'>ubi</span> 
     </span>
     <span class='ocr_line' id='line_1_3' title="bbox 28 460 309 497; baseline -0.014 -7"><span class='ocrx_word' id='word_1_11' title='bbox 28 470 88 490; x_wconf 82' lang='lat' dir='ltr'>non</span> <span class='ocrx_word' id='word_1_12' title='bbox 105 461 200 497; x_wconf 75' lang='lat' dir='ltr'>possit</span> <span class='ocrx_word' id='word_1_13' title='bbox 222 460 309 488; x_wconf 80' lang='lat' dir='ltr'>fluvi-</span> 
     </span>
    </p>
   </div>
   <div class='ocr_carea' id='block_1_3' title="bbox 361 251 447 292">
    <p class='ocr_par' dir='ltr' id='par_1_3' title="bbox 361 251 447 292">
     <span class='ocr_line' id='line_1_4' title="bbox 361 251 447 292; baseline 0 0"><span class='ocrx_word' id='word_1_14' title='bbox 361 251 447 292; x_wconf 81' lang='lat'>506</span> 
     </span>
    </p>
   </div>
   <div class='ocr_carea' id='block_1_4' title="bbox 29 494 307 523">
    <p class='ocr_par' dir='ltr' id='par_1_4' title="bbox 29 494 307 523">
     <span class='ocr_line' id='line_1_5' title="bbox 29 494 307 523; baseline -0.007 0"><span class='ocrx_word' id='word_1_15' title='bbox 29 504 63 523; x_wconf 78' lang='lat' dir='ltr'>us</span> <span class='ocrx_word' id='word_1_16' title='bbox 84 496 115 523; x_wconf 79' lang='lat' dir='ltr'>in</span> <span class='ocrx_word' id='word_1_17' title='bbox 134 499 245 522; x_wconf 82' lang='lat' dir='ltr'>terram</span> <span class='ocrx_word' id='word_1_18' title='bbox 263 494 307 521; x_wconf 82' lang='lat' dir='ltr'>al-</span> 
     </span>
    </p>
   </div>
   <div class='ocr_carea' id='block_1_5' title="bbox 27 517 1623 598">
    <p class='ocr_par' dir='ltr' id='par_1_5' title="bbox 27 517 1623 598">
     <span class='ocr_line' id='line_1_6' title="bbox 27 517 1623 590; baseline -0.002 -27"><span class='ocrx_word' id='word_1_19' title='bbox 27 529 87 590; x_wconf 59' lang='lat'>2⁵⁰⁹</span> <span class='ocrx_word' id='word_1_20' title='bbox 126 532 310 570; x_wconf 59' lang='lat' dir='ltr'>qregcenqern</span> <span class='ocrx_word' id='word_1_21' title='bbox 368 519 414 563; x_wconf 78' lang='grc' dir='ltr'>δὲ</span> <span class='ocrx_word' id='word_1_22' title='bbox 441 522 546 571; x_wconf 82' lang='grc' dir='ltr'><strong><em>νῦν,</em></strong></span> <span class='ocrx_word' id='word_1_23' title='bbox 597 520 670 561; x_wconf 82' lang='grc' dir='ltr'>καὶ</span> <span class='ocrx_word' id='word_1_24' title='bbox 706 517 877 561; x_wconf 79' lang='grc' dir='ltr'><em>αὐτοῖσι</em></span> <span class='ocrx_word' id='word_1_25' title='bbox 909 521 1184 575; x_wconf 77' lang='grc' dir='ltr'><em>Αἰγυπτίοισι</em></span> <span class='ocrx_word' id='word_1_26' title='bbox 1215 518 1273 571; x_wconf 78' lang='grc' dir='ltr'>ὠς</span> <span class='ocrx_word' id='word_1_27' title='bbox 1309 521 1411 576; x_wconf 71' lang='grc' dir='ltr'><em>ἔχει,</em></span> <span class='ocrx_word' id='word_1_28' title='bbox 1452 517 1623 574; x_wconf 79' lang='grc' dir='ltr'><em>φράσω.</em></span> 
     </span>
     <span class='ocr_line' id='line_1_7' title="bbox 46 562 309 598; baseline -0.008 -8"><span class='ocrx_word' id='word_1_29' title='bbox 46 567 200 598; x_wconf 65' lang='lat' dir='ltr'>:opattam</span> <span class='ocrx_word' id='word_1_30' title='bbox 218 562 309 590; x_wconf 74' lang='lat' dir='ltr'>Mini-</span> 
     </span>
    </p>
   </div>
   <div class='ocr_carea' id='block_1_6' title="bbox 27 596 215 624">
    <p class='ocr_par' dir='ltr' id='par_1_6' title="bbox 27 596 215 624">
     <span class='ocr_line' id='line_1_8' title="bbox 27 596 215 624; baseline -0.005 0"><span class='ocrx_word' id='word_1_31' title='bbox 27 604 76 624; x_wconf 75' lang='lat' dir='ltr'>no</span> <span class='ocrx_word' id='word_1_32' title='bbox 111 596 215 624; x_wconf 73' lang='lat' dir='ltr'>labore</span> 
     </span>
    </p>
   </div>
   <div class='ocr_carea' id='block_1_7' title="bbox 27 738 112 767">
    <p class='ocr_par' dir='ltr' id='par_1_7' title="bbox 27 738 112 767">
     <span class='ocr_line' id='line_1_9' title="bbox 27 738 112 767; baseline 0.012 -8"><span class='ocrx_word' id='word_1_33' title='bbox 27 738 112 767; x_wconf 73' lang='lat' dir='ltr'>pere.</span> 
     </span>
    </p>
   </div>
   <div class='ocr_carea' id='block_1_8' title="bbox 251 597 307 623">
    <p class='ocr_par' dir='ltr' id='par_1_8' title="bbox 251 597 307 623">
     <span class='ocr_line' id='line_1_10' title="bbox 251 597 307 623; baseline 0.018 -1"><span class='ocrx_word' id='word_1_34' title='bbox 251 597 307 623; x_wconf 78' lang='lat' dir='ltr'>Ae-</span> 
     </span>
    </p>
   </div>
   <div class='ocr_carea' id='block_1_9' title="bbox 27 631 308 698">
    <p class='ocr_par' dir='ltr' id='par_1_9' title="bbox 27 631 308 698">
     <span class='ocr_line' id='line_1_11' title="bbox 27 631 308 692; baseline -0.004 -33"><span class='ocrx_word' id='word_1_35' title='bbox 27 631 148 692; x_wconf 58' lang='lat' dir='ltr'>ffi&#39;potiofl</span> <span class='ocrx_word' id='word_1_36' title='bbox 157 635 308 691; x_wconf 66' lang='lat' dir='ltr'>iffiterrae</span> 
     </span>
     <span class='ocr_line' id='line_1_12' title="bbox 215 667 306 698; baseline 0 -8"><span class='ocrx_word' id='word_1_37' title='bbox 215 667 306 698; x_wconf 76' lang='lat' dir='ltr'>gatae</span> 
     </span>
    </p>
   </div>
   <div class='ocr_carea' id='block_1_10' title="bbox 29 696 308 734">
    <p class='ocr_par' dir='ltr' id='par_1_10' title="bbox 29 696 308 734">
     <span class='ocr_line' id='line_1_13' title="bbox 29 696 308 734; baseline -0.004 -9"><span class='ocrx_word' id='word_1_38' title='bbox 29 697 159 726; x_wconf 70' lang='lat' dir='ltr'>fructum</span> <span class='ocrx_word' id='word_1_39' title='bbox 210 696 308 734; x_wconf 77' lang='lat' dir='ltr'>perci-</span> 
     </span>
    </p>
   </div>
   <div class='ocr_carea' id='block_1_11' title="bbox 354 438 1457 497">
    <p class='ocr_par' dir='ltr' id='par_1_11' title="bbox 354 438 1457 497">
     <span class='ocr_line' id='line_1_14' title="bbox 354 438 1457 497; baseline -0.003 -13"><span class='ocrx_word' id='word_1_40' title='bbox 354 439 566 497; x_wconf 70' lang='grc' dir='ltr'>1Ἕλληνας</span> <span class='ocrx_word' id='word_1_41' title='bbox 603 441 878 495; x_wconf 81' lang='grc' dir='ltr'><em>Αἰγυπτίοισι</em></span> <span class='ocrx_word' id='word_1_42' title='bbox 914 438 1060 494; x_wconf 77' lang='grc' dir='ltr'><em>ὀρθῶς</em></span> <span class='ocrx_word' id='word_1_43' title='bbox 1100 440 1251 496; x_wconf 68' lang='grc' dir='ltr'><em>ἔχοντα</em></span> <span class='ocrx_word' id='word_1_44' title='bbox 1281 443 1457 496; x_wconf 81' lang='grc' dir='ltr'><em>εἴρηται.</em></span> 
     </span>
    </p>
   </div>
   <div class='ocr_carea' id='block_1_12' title="bbox 759 251 1227 291">
    <p class='ocr_par' dir='ltr' id='par_1_12' title="bbox 759 251 1227 291">
     <span class='ocr_line' id='line_1_15' title="bbox 759 251 1227 291; baseline -0.002 0"><span class='ocrx_word' id='word_1_45' title='bbox 759 251 1227 291; x_wconf 82' lang='lat' dir='ltr'>HERoDo&#39;rl</span> 
     </span>
    </p>
   </div>
   <div class='ocr_carea' id='block_1_13' title="bbox 1198 359 1627 494">
    <p class='ocr_par' dir='ltr' id='par_1_13' title="bbox 1198 359 1627 494">
     <span class='ocr_line' id='line_1_16' title="bbox 1198 359 1627 415; baseline -0.005 -11"><span class='ocrx_word' id='word_1_46' title='bbox 1198 362 1285 404; x_wconf 87' lang='grc' dir='ltr'>Καὶ</span> <span class='ocrx_word' id='word_1_47' title='bbox 1312 364 1448 404; x_wconf 82' lang='grc' dir='ltr'><strong><em>ταῦτα</em></strong></span> <span class='ocrx_word' id='word_1_48' title='bbox 1476 359 1554 415; x_wconf 79' lang='grc' dir='ltr'>μὲν</span> <span class='ocrx_word' id='word_1_49' title='bbox 1582 359 1627 410; x_wconf 81' lang='grc' dir='ltr'>ἐς</span> 
     </span>
     <span class='ocr_line' id='line_1_17' title="bbox 1520 440 1624 494; baseline 0 -13"><span class='ocrx_word' id='word_1_50' title='bbox 1520 440 1624 494; x_wconf 78' lang='grc' dir='ltr'><em>φέρε</em></span> 
     </span>
    </p>
   </div>
   <div class='ocr_carea' id='block_1_14' title="bbox 334 593 1623 734">
    <p class='ocr_par' dir='ltr' id='par_1_14' title="bbox 334 593 1623 734">
     <span class='ocr_line' id='line_1_18' title="bbox 334 593 1622 655; baseline 0.002 -17"><span class='ocrx_word' id='word_1_51' title='bbox 334 599 407 642; x_wconf 70' lang='grc' dir='ltr'>Ξεῖ</span> <span class='ocrx_word' id='word_1_52' title='bbox 436 609 516 653; x_wconf 85' lang='grc' dir='ltr'>σφι</span> <span class='ocrx_word' id='word_1_53' title='bbox 543 596 692 647; x_wconf 80' lang='grc' dir='ltr'><em>θέλοι,</em></span> <span class='ocrx_word' id='word_1_54' title='bbox 744 596 804 647; x_wconf 78' lang='grc' dir='ltr'>ὠς</span> <span class='ocrx_word' id='word_1_55' title='bbox 843 599 916 640; x_wconf 82' lang='grc' dir='ltr'>καὶ</span> <span class='ocrx_word' id='word_1_56' title='bbox 951 598 1169 654; x_wconf 78' lang='grc' dir='ltr'><em>πρότερον</em></span> <span class='ocrx_word' id='word_1_57' title='bbox 1208 597 1352 652; x_wconf 82' lang='grc' dir='ltr'><em>εἶπον,</em></span> <span class='ocrx_word' id='word_1_58' title='bbox 1391 598 1418 655; x_wconf 83' lang='grc' dir='ltr'><strong><em>ἡ</em></strong></span> <span class='ocrx_word' id='word_1_59' title='bbox 1449 597 1565 654; x_wconf 86' lang='grc' dir='ltr'><strong><em>χώρη</em></strong></span> <span class='ocrx_word' id='word_1_60' title='bbox 1596 593 1622 652; x_wconf 83' lang='grc' dir='ltr'><strong><em>ἡ</em></strong></span> 
     </span>
     <span class='ocr_line' id='line_1_19' title="bbox 364 674 1623 734; baseline -0.001 -14"><span class='ocrx_word' id='word_1_61' title='bbox 364 677 516 730; x_wconf 74' lang='grc' dir='ltr'><em>ἔνερθε</em></span> <span class='ocrx_word' id='word_1_62' title='bbox 544 674 755 730; x_wconf 81' lang='grc' dir='ltr'><strong><em>Μέμφιος</em></strong></span> <span class='ocrx_word' id='word_1_63' title='bbox 785 675 913 731; x_wconf 80' lang='grc' dir='ltr'>(αὕτη</span> <span class='ocrx_word' id='word_1_64' title='bbox 941 676 1023 731; x_wconf 76' lang='grc' dir='ltr'>γάρ</span> <span class='ocrx_word' id='word_1_65' title='bbox 1054 678 1141 721; x_wconf 80' lang='grc' dir='ltr'><em>ἐστι</em></span> <span class='ocrx_word' id='word_1_66' title='bbox 1170 677 1197 734; x_wconf 82' lang='grc' dir='ltr'><em>ἡ</em></span> <span class='ocrx_word' id='word_1_67' title='bbox 1224 677 1512 734; x_wconf 80' lang='grc' dir='ltr'>αὐξανομένη)</span> <span class='ocrx_word' id='word_1_68' title='bbox 1543 693 1623 719; x_wconf 83' lang='grc' dir='ltr'>κα-</span> 
     </span>
    </p>
   </div>
   <div class='ocr_carea' id='block_1_15' title="bbox 361 753 1679 810">
    <p class='ocr_par' dir='ltr' id='par_1_15' title="bbox 361 753 1679 810">
     <span class='ocr_line' id='line_1_20' title="bbox 361 753 1679 810; baseline -0.001 -11"><span class='ocrx_word' id='word_1_69' title='bbox 361 755 414 799; x_wconf 78' lang='grc' dir='ltr'>τὰ</span> <span class='ocrx_word' id='word_1_70' title='bbox 446 753 579 810; x_wconf 78' lang='grc' dir='ltr'><em>λόγον</em></span> <span class='ocrx_word' id='word_1_71' title='bbox 609 757 690 796; x_wconf 83' lang='grc' dir='ltr'>τοῦ</span> <span class='ocrx_word' id='word_1_72' title='bbox 729 754 1050 809; x_wconf 79' lang='grc' dir='ltr'><em>παροιχομένου</em></span> <span class='ocrx_word' id='word_1_73' title='bbox 1087 756 1252 810; x_wconf 82' lang='grc' dir='ltr'><em>χρόνου</em></span> <span class='ocrx_word' id='word_1_74' title='bbox 1279 757 1320 807; x_wconf 82' lang='grc' dir='ltr'>ἐς</span> <span class='ocrx_word' id='word_1_75' title='bbox 1349 756 1462 807; x_wconf 79' lang='grc' dir='ltr'><em>ὕψος</em></span> <span class='ocrx_word' id='word_1_76' title='bbox 1489 754 1621 808; x_wconf 82' lang='grc' dir='ltr'><em>αὐξά-</em></span> <span class='ocrx_word' id='word_1_77' title='bbox 1634 762 1679 794; x_wconf 74' lang='lat'>20</span> 
     </span>
    </p>
   </div>
   <div class='ocr_carea' id='block_1_16' title="bbox 359 830 1623 891">
    <p class='ocr_par' dir='ltr' id='par_1_16' title="bbox 359 830 1623 891">
     <span class='ocr_line' id='line_1_21' title="bbox 359 830 1623 891; baseline -0.001 -14"><span class='ocrx_word' id='word_1_78' title='bbox 359 838 537 884; x_wconf 82' lang='grc' dir='ltr'><em>νεσθαι,</em></span> <span class='ocrx_word' id='word_1_79' title='bbox 573 830 678 875; x_wconf 79' lang='grc' dir='ltr'><em>ἄλλο</em></span> <span class='ocrx_word' id='word_1_80' title='bbox 716 849 758 874; x_wconf 84' lang='grc' dir='ltr'>τι</span> <span class='ocrx_word' id='word_1_81' title='bbox 785 831 814 888; x_wconf 81' lang='grc' dir='ltr'><strong><em>ἢ</em></strong></span> <span class='ocrx_word' id='word_1_82' title='bbox 853 834 897 875; x_wconf 84' lang='grc' dir='ltr'>οῖ</span> <span class='ocrx_word' id='word_1_83' title='bbox 936 831 1072 891; x_wconf 80' lang='grc' dir='ltr'><em>ταύτῃ</em></span> <span class='ocrx_word' id='word_1_84' title='bbox 1114 833 1329 885; x_wconf 83' lang='grc' dir='ltr'><em>οἰκέοντες</em></span> <span class='ocrx_word' id='word_1_85' title='bbox 1374 836 1623 890; x_wconf 76' lang='grc' dir='ltr'><em>Αἰγυπτίων</em></span> 
     </span>
    </p>
   </div>
   <div class='ocr_carea' id='block_1_17' title="bbox 364 909 1745 970">
    <p class='ocr_par' dir='ltr' id='par_1_17' title="bbox 364 909 1745 970">
     <span class='ocr_line' id='line_1_22' title="bbox 364 909 1745 970; baseline -0.001 -14"><span class='ocrx_word' id='word_1_86' title='bbox 364 911 642 968; x_wconf 73' lang='grc' dir='ltr'><em>πεινήσουσις</em></span> <span class='ocrx_word' id='word_1_87' title='bbox 681 912 718 954; x_wconf 81' lang='grc' dir='ltr'>εἶ</span> <span class='ocrx_word' id='word_1_88' title='bbox 745 909 848 967; x_wconf 86' lang='grc' dir='ltr'><em>μήτε</em></span> <span class='ocrx_word' id='word_1_89' title='bbox 878 927 925 967; x_wconf 79' lang='grc' dir='ltr'>γε</span> <span class='ocrx_word' id='word_1_90' title='bbox 953 911 1103 956; x_wconf 79' lang='grc' dir='ltr'><strong><em>ὕσεταί</em></strong></span> <span class='ocrx_word' id='word_1_91' title='bbox 1131 925 1210 969; x_wconf 86' lang='grc' dir='ltr'>σφι</span> <span class='ocrx_word' id='word_1_92' title='bbox 1238 913 1265 970; x_wconf 83' lang='grc' dir='ltr'><strong><em>ἡ</em></strong></span> <span class='ocrx_word' id='word_1_93' title='bbox 1295 912 1435 969; x_wconf 77' lang='grc' dir='ltr'><em>χώρη,</em></span> <span class='ocrx_word' id='word_1_94' title='bbox 1466 911 1570 969; x_wconf 83' lang='grc' dir='ltr'><em>μήτε</em></span> <span class='ocrx_word' id='word_1_95' title='bbox 1599 910 1622 955; x_wconf 92' lang='grc' dir='ltr'>ὁ</span> <span class='ocrx_word' id='word_1_96' title='bbox 1667 918 1745 955; x_wconf 80' lang='grc'>110</span> 
     </span>
    </p>
   </div>
   <div class='ocr_carea' id='block_1_18' title="bbox 309 1022 580 1030">
    <p class='ocr_par' dir='ltr' id='par_1_18' title="bbox 309 1022 580 1030">
     <span class='ocr_line' id='line_1_23' title="bbox 309 1022 580 1030; baseline 0 2294"><span class='ocrx_word' id='word_1_97' title='bbox 309 1022 580 1030; x_wconf 95' lang='lat' dir='ltr'> </span> 
     </span>
    </p>
   </div>
   <div class='ocr_carea' id='block_1_19' title="bbox 297 1089 960 2895">
    <p class='ocr_par' dir='ltr' id='par_1_19' title="bbox 297 1089 960 2895">
     <span class='ocr_line' id='line_1_24' title="bbox 302 1089 954 1149; baseline -0.006 -11"><span class='ocrx_word' id='word_1_98' title='bbox 302 1094 471 1149; x_wconf 74' lang='grc' dir='ltr'><em>οὐδεμία</em></span> <span class='ocrx_word' id='word_1_99' title='bbox 489 1093 585 1147; x_wconf 66' lang='grc' dir='ltr'>ἄλλη</span> <span class='ocrx_word' id='word_1_100' title='bbox 610 1089 870 1146; x_wconf 73' lang='grc' dir='ltr'><em>α’ποστροφή,</em></span> <span class='ocrx_word' id='word_1_101' title='bbox 892 1091 954 1135; x_wconf 73' lang='grc' dir='ltr'>ὅτι</span> 
     </span>
     <span class='ocr_line' id='line_1_25' title="bbox 302 1148 953 1208; baseline -0.006 -13"><span class='ocrx_word' id='word_1_102' title='bbox 302 1152 358 1208; x_wconf 71' lang='grc' dir='ltr'>μή</span> <span class='ocrx_word' id='word_1_103' title='bbox 383 1153 426 1194; x_wconf 77' lang='grc' dir='ltr'>ἐκ</span> <span class='ocrx_word' id='word_1_104' title='bbox 454 1156 527 1193; x_wconf 83' lang='grc' dir='ltr'>τοῦ</span> <span class='ocrx_word' id='word_1_105' title='bbox 553 1149 653 1199; x_wconf 76' lang='grc' dir='ltr'><em>Διός</em></span> <span class='ocrx_word' id='word_1_106' title='bbox 678 1154 853 1204; x_wconf 79' lang='grc' dir='ltr'><em>μοῦνον]</em></span> <span class='ocrx_word' id='word_1_107' title='bbox 888 1148 953 1192; x_wconf 83' lang='grc' dir='ltr'><em>ου’-</em></span> 
     </span>
     <span class='ocr_line' id='line_1_26' title="bbox 303 1209 953 1262; baseline -0.011 -10"><span class='ocrx_word' id='word_1_108' title='bbox 303 1211 420 1262; x_wconf 82' lang='grc' dir='ltr'><em>δεμία</em></span> <span class='ocrx_word' id='word_1_109' title='bbox 441 1223 524 1249; x_wconf 91' lang='lat' dir='ltr'>cum</span> <span class='ocrx_word' id='word_1_110' title='bbox 550 1209 669 1247; x_wconf 84' lang='lat' dir='ltr'>Gaisf.</span> <span class='ocrx_word' id='word_1_111' title='bbox 693 1209 861 1260; x_wconf 83' lang='lat' dir='ltr'><strong>rescripsi</strong></span> <span class='ocrx_word' id='word_1_112' title='bbox 885 1222 953 1260; x_wconf 90' lang='lat' dir='ltr'>pro</span> 
     </span>
     <span class='ocr_line' id='line_1_27' title="bbox 301 1260 955 1319; baseline -0.006 -12"><span class='ocrx_word' id='word_1_113' title='bbox 301 1268 398 1318; x_wconf 83' lang='lat' dir='ltr'><strong>vulg.</strong></span> <span class='ocrx_word' id='word_1_114' title='bbox 430 1261 607 1319; x_wconf 76' lang='grc' dir='ltr'><em>οὕδεμίη.</em></span> <span class='ocrx_word' id='word_1_115' title='bbox 628 1288 684 1293; x_wconf 83' lang='lat'>—-</span> <span class='ocrx_word' id='word_1_116' title='bbox 718 1260 955 1316; x_wconf 71' lang='grc' dir='ltr'><em>ἀποστροφή</em></span> 
     </span>
     <span class='ocr_line' id='line_1_28' title="bbox 297 1322 954 1377; baseline -0.008 -14"><span class='ocrx_word' id='word_1_117' title='bbox 297 1325 506 1377; x_wconf 81' lang='lat' dir='ltr'><em>perfugium</em></span> <span class='ocrx_word' id='word_1_118' title='bbox 549 1328 605 1361; x_wconf 88' lang='lat' dir='ltr'>est</span> <span class='ocrx_word' id='word_1_119' title='bbox 657 1334 722 1359; x_wconf 89' lang='lat' dir='ltr'>seu</span> <span class='ocrx_word' id='word_1_120' title='bbox 768 1322 954 1359; x_wconf 61' lang='lat' dir='ltr'>remedium</span> 
     </span>
     <span class='ocr_line' id='line_1_29' title="bbox 303 1378 956 1432; baseline -0.008 -12"><span class='ocrx_word' id='word_1_121' title='bbox 303 1381 483 1432; x_wconf 86' lang='lat' dir='ltr'>(aquae)·‚</span> <span class='ocrx_word' id='word_1_122' title='bbox 512 1393 622 1429; x_wconf 88' lang='lat' dir='ltr'>quam</span> <span class='ocrx_word' id='word_1_123' title='bbox 647 1378 745 1415; x_wconf 88' lang='lat' dir='ltr'>vocis</span> <span class='ocrx_word' id='word_1_124' title='bbox 773 1379 956 1427; x_wconf 86' lang='lat' dir='ltr'>signifiea-</span> 
     </span>
     <span class='ocr_line' id='line_1_30' title="bbox 302 1435 956 1486; baseline -0.008 -10"><span class='ocrx_word' id='word_1_125' title='bbox 302 1439 440 1477; x_wconf 86' lang='lat' dir='ltr'>tionem</span> <span class='ocrx_word' id='word_1_126' title='bbox 458 1436 597 1486; x_wconf 81' lang='lat' dir='ltr'>aliquot</span> <span class='ocrx_word' id='word_1_127' title='bbox 616 1435 786 1484; x_wconf 86' lang='lat' dir='ltr'>exemplis</span> <span class='ocrx_word' id='word_1_128' title='bbox 800 1435 956 1472; x_wconf 81' lang='lat' dir='ltr'>illustra-</span> 
     </span>
     <span class='ocr_line' id='line_1_31' title="bbox 303 1491 953 1542; baseline -0.006 -10"><span class='ocrx_word' id='word_1_129' title='bbox 303 1495 355 1532; x_wconf 85' lang='lat' dir='ltr'>vit</span> <span class='ocrx_word' id='word_1_130' title='bbox 372 1493 591 1542; x_wconf 86' lang='lat' dir='ltr'>Wesseling.</span> <span class='ocrx_word' id='word_1_131' title='bbox 613 1492 662 1529; x_wconf 89' lang='lat' dir='ltr'>ad</span> <span class='ocrx_word' id='word_1_132' title='bbox 678 1491 712 1528; x_wconf 90' lang='lat' dir='ltr'>h.</span> <span class='ocrx_word' id='word_1_133' title='bbox 730 1491 752 1528; x_wconf 92' lang='lat' dir='ltr'>l.</span> <span class='ocrx_word' id='word_1_134' title='bbox 810 1492 907 1529; x_wconf 89' lang='lat' dir='ltr'>Hinc</span> <span class='ocrx_word' id='word_1_135' title='bbox 924 1491 953 1528; x_wconf 92' lang='lat' dir='ltr'>is</span> 
     </span>
     <span class='ocr_line' id='line_1_32' title="bbox 303 1549 956 1597; baseline -0.009 -7"><span class='ocrx_word' id='word_1_136' title='bbox 303 1553 382 1590; x_wconf 83' lang='lat' dir='ltr'>fere</span> <span class='ocrx_word' id='word_1_137' title='bbox 408 1550 528 1588; x_wconf 85' lang='lat' dir='ltr'>existit</span> <span class='ocrx_word' id='word_1_138' title='bbox 555 1549 624 1586; x_wconf 91' lang='lat' dir='ltr'>loci</span> <span class='ocrx_word' id='word_1_139' title='bbox 666 1560 813 1586; x_wconf 89' lang='lat' dir='ltr'>sensus:</span> <span class='ocrx_word' id='word_1_140' title='bbox 850 1560 956 1597; x_wconf 82' lang='lat' dir='ltr'>neque</span> 
     </span>
     <span class='ocr_line' id='line_1_33' title="bbox 304 1604 960 1653; baseline -0.008 -8"><span class='ocrx_word' id='word_1_141' title='bbox 304 1609 394 1646; x_wconf 81' lang='lat' dir='ltr'>enim</span> <span class='ocrx_word' id='word_1_142' title='bbox 415 1606 489 1644; x_wconf 79' lang='lat' dir='ltr'>illis</span> <span class='ocrx_word' id='word_1_143' title='bbox 508 1606 621 1642; x_wconf 83' lang='lat' dir='ltr'>ullum</span> <span class='ocrx_word' id='word_1_144' title='bbox 643 1604 745 1642; x_wconf 78' lang='lat' dir='ltr'>aliud</span> <span class='ocrx_word' id='word_1_145' title='bbox 774 1605 960 1653; x_wconf 82' lang='lat' dir='ltr'>(remedi-</span> 
     </span>
     <span class='ocr_line' id='line_1_34' title="bbox 304 1661 959 1711; baseline -0.006 -10"><span class='ocrx_word' id='word_1_146' title='bbox 304 1664 385 1710; x_wconf 82' lang='lat' dir='ltr'>um)</span> <span class='ocrx_word' id='word_1_147' title='bbox 405 1667 479 1710; x_wconf 81' lang='lat' dir='ltr'>est,</span> <span class='ocrx_word' id='word_1_148' title='bbox 506 1663 597 1700; x_wconf 86' lang='lat' dir='ltr'>unde</span> <span class='ocrx_word' id='word_1_149' title='bbox 623 1674 754 1711; x_wconf 84' lang='lat' dir='ltr'>aquam</span> <span class='ocrx_word' id='word_1_150' title='bbox 780 1661 827 1698; x_wconf 87' lang='lat' dir='ltr'>ad</span> <span class='ocrx_word' id='word_1_151' title='bbox 853 1674 959 1710; x_wconf 80' lang='lat' dir='ltr'>agros</span> 
     </span>
     <span class='ocr_line' id='line_1_35' title="bbox 304 1717 958 1770; baseline -0.008 -12"><span class='ocrx_word' id='word_1_152' title='bbox 304 1720 509 1770; x_wconf 79' lang='lat' dir='ltr'>irrigandos</span> <span class='ocrx_word' id='word_1_153' title='bbox 541 1722 685 1769; x_wconf 80' lang='lat' dir='ltr'>petant,</span> <span class='ocrx_word' id='word_1_154' title='bbox 721 1720 792 1756; x_wconf 75' lang='lat' dir='ltr'>nisi</span> <span class='ocrx_word' id='word_1_155' title='bbox 823 1731 846 1755; x_wconf 85' lang='lat' dir='ltr'><strong><em>a</em></strong></span> <span class='ocrx_word' id='word_1_156' title='bbox 876 1717 958 1754; x_wconf 83' lang='lat' dir='ltr'>Iove</span> 
     </span>
     <span class='ocr_line' id='line_1_36' title="bbox 304 1774 957 1815; baseline -0.008 0"><span class='ocrx_word' id='word_1_157' title='bbox 304 1775 515 1815; x_wconf 78' lang='lat' dir='ltr'><em>solummodo</em></span> <span class='ocrx_word' id='word_1_158' title='bbox 541 1776 563 1813; x_wconf 91' lang='lat' dir='ltr'>i.</span> <span class='ocrx_word' id='word_1_159' title='bbox 584 1789 615 1813; x_wconf 89' lang='lat' dir='ltr'>e.</span> <span class='ocrx_word' id='word_1_160' title='bbox 645 1788 713 1811; x_wconf 77' lang='lat' dir='ltr'>non</span> <span class='ocrx_word' id='word_1_161' title='bbox 731 1774 873 1812; x_wconf 76' lang='lat' dir='ltr'>aliunde</span> <span class='ocrx_word' id='word_1_162' title='bbox 898 1774 957 1810; x_wconf 84' lang='lat' dir='ltr'>ul-</span> 
     </span>
     <span class='ocr_line' id='line_1_37' title="bbox 304 1834 958 1883; baseline -0.008 -12"><span class='ocrx_word' id='word_1_163' title='bbox 304 1834 375 1871; x_wconf 84' lang='lat' dir='ltr'>lam</span> <span class='ocrx_word' id='word_1_164' title='bbox 395 1845 509 1883; x_wconf 84' lang='lat' dir='ltr'>aquae</span> <span class='ocrx_word' id='word_1_165' title='bbox 534 1835 670 1882; x_wconf 80' lang='lat' dir='ltr'>copiam</span> <span class='ocrx_word' id='word_1_166' title='bbox 686 1836 800 1881; x_wconf 82' lang='lat' dir='ltr'>petere</span> <span class='ocrx_word' id='word_1_167' title='bbox 810 1834 958 1882; x_wconf 80' lang='lat' dir='ltr'><em>possunt</em></span> 
     </span>
     <span class='ocr_line' id='line_1_38' title="bbox 304 1887 955 1941; baseline -0.009 -13"><span class='ocrx_word' id='word_1_168' title='bbox 304 1892 378 1928; x_wconf 77' lang='lat' dir='ltr'>nisi</span> <span class='ocrx_word' id='word_1_169' title='bbox 395 1891 528 1941; x_wconf 80' lang='lat' dir='ltr'>pluviis</span> <span class='ocrx_word' id='word_1_170' title='bbox 544 1903 568 1926; x_wconf 88' lang='lat' dir='ltr'><em>a</em></span> <span class='ocrx_word' id='word_1_171' title='bbox 590 1888 673 1926; x_wconf 84' lang='lat' dir='ltr'>Iove</span> <span class='ocrx_word' id='word_1_172' title='bbox 695 1890 820 1926; x_wconf 69' lang='lat' dir='ltr'>missis.</span> <span class='ocrx_word' id='word_1_173' title='bbox 859 1887 955 1923; x_wconf 85' lang='lat' dir='ltr'>Satis</span> 
     </span>
     <span class='ocr_line' id='line_1_39' title="bbox 303 1943 957 1992; baseline -0.006 -8"><span class='ocrx_word' id='word_1_174' title='bbox 303 1959 391 1985; x_wconf 90' lang='lat' dir='ltr'>vero</span> <span class='ocrx_word' id='word_1_175' title='bbox 432 1949 576 1984; x_wconf 88' lang='lat' dir='ltr'>constat</span> <span class='ocrx_word' id='word_1_176' title='bbox 597 1974 608 1992; x_wconf 90' lang='lat'>‚</span> <span class='ocrx_word' id='word_1_177' title='bbox 667 1943 764 1982; x_wconf 79' lang='lat' dir='ltr'>Iovis</span> <span class='ocrx_word' id='word_1_178' title='bbox 808 1943 957 1980; x_wconf 87' lang='lat' dir='ltr'>nomine</span> 
     </span>
     <span class='ocr_line' id='line_1_40' title="bbox 304 1999 956 2052; baseline -0.006 -13"><span class='ocrx_word' id='word_1_179' title='bbox 304 2002 469 2052; x_wconf 89' lang='lat' dir='ltr'>quamvis</span> <span class='ocrx_word' id='word_1_180' title='bbox 489 2001 623 2039; x_wconf 88' lang='lat' dir='ltr'>coeliet</span> <span class='ocrx_word' id='word_1_181' title='bbox 632 2002 723 2039; x_wconf 74' lang='lat' dir='ltr'>aeris</span> <span class='ocrx_word' id='word_1_182' title='bbox 744 1999 956 2050; x_wconf 86' lang='lat' dir='ltr'>temperiem</span> 
     </span>
     <span class='ocr_line' id='line_1_41' title="bbox 303 2057 956 2106; baseline -0.008 -11"><span class='ocrx_word' id='word_1_183' title='bbox 303 2058 454 2095; x_wconf 87' lang='lat' dir='ltr'>indicari</span> <span class='ocrx_word' id='word_1_184' title='bbox 484 2057 655 2106; x_wconf 88' lang='lat' dir='ltr'>illumque</span> <span class='ocrx_word' id='word_1_185' title='bbox 690 2059 797 2095; x_wconf 91' lang='lat' dir='ltr'>deum</span> <span class='ocrx_word' id='word_1_186' title='bbox 832 2060 956 2092; x_wconf 82' lang='lat' dir='ltr'>aucto-</span> 
     </span>
     <span class='ocr_line' id='line_1_42' title="bbox 303 2110 957 2162; baseline -0.008 -10"><span class='ocrx_word' id='word_1_187' title='bbox 303 2127 381 2152; x_wconf 90' lang='lat' dir='ltr'>rem</span> <span class='ocrx_word' id='word_1_188' title='bbox 405 2114 491 2151; x_wconf 87' lang='lat' dir='ltr'>ferri</span> <span class='ocrx_word' id='word_1_189' title='bbox 518 2114 699 2160; x_wconf 84' lang='lat' dir='ltr'>omnium,</span> <span class='ocrx_word' id='word_1_190' title='bbox 730 2125 825 2162; x_wconf 82' lang='lat' dir='ltr'>quae</span> <span class='ocrx_word' id='word_1_191' title='bbox 849 2110 957 2148; x_wconf 84' lang='lat' dir='ltr'>coeli-</span> 
     </span>
     <span class='ocr_line' id='line_1_43' title="bbox 302 2167 956 2220; baseline -0.006 -13"><span class='ocrx_word' id='word_1_192' title='bbox 302 2174 361 2207; x_wconf 88' lang='lat' dir='ltr'>tus</span> <span class='ocrx_word' id='word_1_193' title='bbox 382 2170 586 2220; x_wconf 79' lang='lat' dir='ltr'>adpareant</span> <span class='ocrx_word' id='word_1_194' title='bbox 607 2168 832 2206; x_wconf 88' lang='lat' dir='ltr'>decidantve.</span> <span class='ocrx_word' id='word_1_195' title='bbox 854 2167 956 2210; x_wconf 86' lang='lat' dir='ltr'>Qua-</span> 
     </span>
     <span class='ocr_line' id='line_1_44' title="bbox 302 2225 953 2276; baseline -0.006 -12"><span class='ocrx_word' id='word_1_196' title='bbox 302 2239 342 2264; x_wconf 90' lang='lat' dir='ltr'>re</span> <span class='ocrx_word' id='word_1_197' title='bbox 375 2238 455 2263; x_wconf 91' lang='lat' dir='ltr'>cum</span> <span class='ocrx_word' id='word_1_198' title='bbox 482 2225 628 2276; x_wconf 75' lang='lat' dir='ltr'>pluviae</span> <span class='ocrx_word' id='word_1_199' title='bbox 657 2226 704 2262; x_wconf 84' lang='lat' dir='ltr'>ad</span> <span class='ocrx_word' id='word_1_200' title='bbox 731 2225 829 2261; x_wconf 90' lang='lat' dir='ltr'>illum</span> <span class='ocrx_word' id='word_1_201' title='bbox 857 2225 953 2260; x_wconf 85' lang='lat' dir='ltr'>refe-</span> 
     </span>
     <span class='ocr_line' id='line_1_45' title="bbox 301 2281 956 2332; baseline -0.006 -12"><span class='ocrx_word' id='word_1_202' title='bbox 301 2287 444 2328; x_wconf 87' lang='lat' dir='ltr'>rantur,</span> <span class='ocrx_word' id='word_1_203' title='bbox 475 2281 727 2332; x_wconf 87' lang='lat' dir='ltr'>explicandum</span> <span class='ocrx_word' id='word_1_204' title='bbox 747 2281 846 2330; x_wconf 86' lang='lat' dir='ltr'>quod</span> <span class='ocrx_word' id='word_1_205' title='bbox 864 2292 956 2330; x_wconf 83' lang='lat' dir='ltr'>pau-</span> 
     </span>
     <span class='ocr_line' id='line_1_46' title="bbox 301 2332 954 2388; baseline -0.002 -13"><span class='ocrx_word' id='word_1_206' title='bbox 301 2338 337 2376; x_wconf 93' lang='lat' dir='ltr'>lo</span> <span class='ocrx_word' id='word_1_207' title='bbox 357 2342 442 2375; x_wconf 90' lang='lat' dir='ltr'>ante</span> <span class='ocrx_word' id='word_1_208' title='bbox 464 2337 612 2386; x_wconf 84' lang='lat' dir='ltr'>legitur:</span> <span class='ocrx_word' id='word_1_209' title='bbox 644 2337 679 2376; x_wconf 89' lang='grc' dir='ltr'>εἰ</span> <span class='ocrx_word' id='word_1_210' title='bbox 697 2334 749 2388; x_wconf 79' lang='grc' dir='ltr'><strong><em>μή</em></strong></span> <span class='ocrx_word' id='word_1_211' title='bbox 773 2332 954 2385; x_wconf 73' lang='grc' dir='ltr'><em>ἐθελήσει</em></span> 
     </span>
     <span class='ocr_line' id='line_1_47' title="bbox 303 2390 954 2444; baseline -0.009 -10"><span class='ocrx_word' id='word_1_212' title='bbox 303 2407 376 2444; x_wconf 88' lang='grc' dir='ltr'>σφι</span> <span class='ocrx_word' id='word_1_213' title='bbox 395 2390 483 2433; x_wconf 58' lang='lat' dir='ltr'>&amp;ew</span> <span class='ocrx_word' id='word_1_214' title='bbox 504 2392 523 2433; x_wconf 88' lang='grc' dir='ltr'><em>ὅ</em></span> <span class='ocrx_word' id='word_1_215' title='bbox 541 2390 657 2441; x_wconf 81' lang='grc' dir='ltr'><em>θεὸς,·</em></span> <span class='ocrx_word' id='word_1_216' title='bbox 676 2395 738 2430; x_wconf 89' lang='lat' dir='ltr'>ubi</span> <span class='ocrx_word' id='word_1_217' title='bbox 751 2393 857 2442; x_wconf 80' lang='lat' dir='ltr'>vulgo</span> <span class='ocrx_word' id='word_1_218' title='bbox 876 2393 954 2429; x_wconf 86' lang='lat' dir='ltr'>lau-</span> 
     </span>
     <span class='ocr_line' id='line_1_48' title="bbox 303 2449 950 2500; baseline -0.003 -12"><span class='ocrx_word' id='word_1_219' title='bbox 303 2451 393 2488; x_wconf 88' lang='lat' dir='ltr'>dant</span> <span class='ocrx_word' id='word_1_220' title='bbox 411 2450 643 2500; x_wconf 87' lang='lat' dir='ltr'>Aristophan.</span> <span class='ocrx_word' id='word_1_221' title='bbox 662 2451 697 2486; x_wconf 91' lang='lat' dir='ltr'>in</span> <span class='ocrx_word' id='word_1_222' title='bbox 721 2450 807 2486; x_wconf 79' lang='lat' dir='ltr'><strong>Avv.</strong></span> <span class='ocrx_word' id='word_1_223' title='bbox 831 2449 950 2490; x_wconf 88' lang='lat'>1501.</span> 
     </span>
     <span class='ocr_line' id='line_1_49' title="bbox 302 2505 949 2556; baseline -0.005 -12"><span class='ocrx_word' id='word_1_224' title='bbox 302 2506 383 2545; x_wconf 89' lang='lat' dir='ltr'>Nec</span> <span class='ocrx_word' id='word_1_225' title='bbox 409 2506 479 2543; x_wconf 87' lang='lat' dir='ltr'>alio</span> <span class='ocrx_word' id='word_1_226' title='bbox 510 2507 686 2556; x_wconf 81' lang='lat' dir='ltr'>pertinet,</span> <span class='ocrx_word' id='word_1_227' title='bbox 735 2508 833 2555; x_wconf 85' lang='lat' dir='ltr'>quod</span> <span class='ocrx_word' id='word_1_228' title='bbox 865 2505 898 2542; x_wconf 91' lang='lat' dir='ltr'>h.</span> <span class='ocrx_word' id='word_1_229' title='bbox 926 2505 949 2541; x_wconf 92' lang='lat' dir='ltr'>l.</span> 
     </span>
     <span class='ocr_line' id='line_1_50' title="bbox 302 2558 949 2613; baseline 0 -13"><span class='ocrx_word' id='word_1_230' title='bbox 302 2563 436 2613; x_wconf 86' lang='lat' dir='ltr'>legitur</span> <span class='ocrx_word' id='word_1_231' title='bbox 454 2558 513 2601; x_wconf 74' lang='grc' dir='ltr'>’ὅτι</span> <span class='ocrx_word' id='word_1_232' title='bbox 530 2559 585 2613; x_wconf 73' lang='grc' dir='ltr'>μή</span> <span class='ocrx_word' id='word_1_233' title='bbox 604 2561 645 2601; x_wconf 82' lang='grc' dir='ltr'>ἐκ</span> <span class='ocrx_word' id='word_1_234' title='bbox 656 2565 727 2601; x_wconf 85' lang='grc' dir='ltr'>τοῦ</span> <span class='ocrx_word' id='word_1_235' title='bbox 738 2559 834 2608; x_wconf 78' lang='grc' dir='ltr'><em>Διός</em></span> <span class='ocrx_word' id='word_1_236' title='bbox 854 2563 949 2610; x_wconf 86' lang='grc' dir='ltr'><em>μοῦ-</em></span> 
     </span>
     <span class='ocr_line' id='line_1_51' title="bbox 301 2618 953 2668; baseline -0.002 -11"><span class='ocrx_word' id='word_1_237' title='bbox 301 2634 387 2659; x_wconf 84' lang='grc' dir='ltr'><em>νον.</em></span> <span class='ocrx_word' id='word_1_238' title='bbox 416 2618 542 2656; x_wconf 83' lang='lat' dir='ltr'>Nolim</span> <span class='ocrx_word' id='word_1_239' title='bbox 564 2619 667 2668; x_wconf 86' lang='lat' dir='ltr'>plura</span> <span class='ocrx_word' id='word_1_240' title='bbox 688 2620 829 2655; x_wconf 74' lang='lat' dir='ltr'>adferre</span> <span class='ocrx_word' id='word_1_241' title='bbox 852 2619 888 2654; x_wconf 87' lang='lat' dir='ltr'>in</span> <span class='ocrx_word' id='word_1_242' title='bbox 913 2631 953 2656; x_wconf 86' lang='lat' dir='ltr'>re</span> 
     </span>
     <span class='ocr_line' id='line_1_52' title="bbox 303 2674 952 2713; baseline -0.005 0"><span class='ocrx_word' id='word_1_243' title='bbox 303 2676 389 2713; x_wconf 84' lang='lat' dir='ltr'>satis</span> <span class='ocrx_word' id='word_1_244' title='bbox 415 2680 504 2712; x_wconf 89' lang='lat' dir='ltr'>nota</span> <span class='ocrx_word' id='word_1_245' title='bbox 531 2680 567 2712; x_wconf 91' lang='lat' dir='ltr'>et</span> <span class='ocrx_word' id='word_1_246' title='bbox 593 2675 669 2712; x_wconf 89' lang='lat' dir='ltr'>aliis</span> <span class='ocrx_word' id='word_1_247' title='bbox 702 2675 788 2711; x_wconf 87' lang='lat' dir='ltr'>locis</span> <span class='ocrx_word' id='word_1_248' title='bbox 818 2688 839 2711; x_wconf 93' lang='lat' dir='ltr'>a</span> <span class='ocrx_word' id='word_1_249' title='bbox 867 2674 952 2711; x_wconf 79' lang='lat' dir='ltr'>val-</span> 
     </span>
     <span class='ocr_line' id='line_1_53' title="bbox 305 2730 950 2781; baseline -0.003 -11"><span class='ocrx_word' id='word_1_250' title='bbox 305 2732 475 2770; x_wconf 89' lang='lat' dir='ltr'>ckenario</span> <span class='ocrx_word' id='word_1_251' title='bbox 535 2730 651 2768; x_wconf 84' lang='lat' dir='ltr'>allatis</span> <span class='ocrx_word' id='word_1_252' title='bbox 707 2732 950 2781; x_wconf 82' lang='lat' dir='ltr'>comprobata.</span> 
     </span>
     <span class='ocr_line' id='line_1_54' title="bbox 298 2787 951 2835; baseline -0.005 -9"><span class='ocrx_word' id='word_1_253' title='bbox 298 2788 426 2835; x_wconf 80' lang='lat' dir='ltr'>Plato,</span> <span class='ocrx_word' id='word_1_254' title='bbox 457 2791 497 2824; x_wconf 90' lang='lat' dir='ltr'>ut</span> <span class='ocrx_word' id='word_1_255' title='bbox 516 2787 688 2824; x_wconf 81' lang='lat' dir='ltr'>Valcken.</span> <span class='ocrx_word' id='word_1_256' title='bbox 719 2792 843 2835; x_wconf 82' lang='lat' dir='ltr'>notat,</span> <span class='ocrx_word' id='word_1_257' title='bbox 872 2792 896 2823; x_wconf 87' lang='lat' dir='ltr'>t.</span> <span class='ocrx_word' id='word_1_258' title='bbox 919 2788 951 2823; x_wconf 87' lang='lat' dir='ltr'>ll</span> 
     </span>
     <span class='ocr_line' id='line_1_55' title="bbox 300 2842 950 2895; baseline -0.005 -10"><span class='ocrx_word' id='word_1_259' title='bbox 300 2859 336 2895; x_wconf 83' lang='lat' dir='ltr'>p·</span> <span class='ocrx_word' id='word_1_260' title='bbox 355 2846 450 2890; x_wconf 85' lang='lat'><strong>761,</strong></span> <span class='ocrx_word' id='word_1_261' title='bbox 471 2844 514 2881; x_wconf 76' lang='lat' dir='ltr'>A·</span> <span class='ocrx_word' id='word_1_262' title='bbox 546 2843 649 2890; x_wconf 79' lang='lat'><strong>844,</strong></span> <span class='ocrx_word' id='word_1_263' title='bbox 670 2842 713 2880; x_wconf 81' lang='lat' dir='ltr'>A·</span> <span class='ocrx_word' id='word_1_264' title='bbox 736 2844 783 2879; x_wconf 75' lang='lat'>1¹1</span> <span class='ocrx_word' id='word_1_265' title='bbox 804 2847 950 2894; x_wconf 78' lang='lat' dir='ltr'>p-111,</span> 
     </span>
    </p>
   </div>
   <div class='ocr_carea' id='block_1_20' title="bbox 301 2897 950 2951">
    <p class='ocr_par' dir='ltr' id='par_1_20' title="bbox 301 2897 950 2951">
     <span class='ocr_line' id='line_1_56' title="bbox 301 2897 950 2951; baseline -0.002 -12"><span class='ocrx_word' id='word_1_266' title='bbox 301 2902 333 2939; x_wconf 90' lang='lat' dir='ltr'>C</span> <span class='ocrx_word' id='word_1_267' title='bbox 362 2913 491 2951; x_wconf 78' lang='lat' dir='ltr'>aquam</span> <span class='ocrx_word' id='word_1_268' title='bbox 523 2899 685 2950; x_wconf 69' lang='lat' dir='ltr'>pluviam</span> <span class='ocrx_word' id='word_1_269' title='bbox 718 2901 806 2937; x_wconf 76' lang='lat' dir='ltr'>dixit</span> <span class='ocrx_word' id='word_1_270' title='bbox 830 2897 877 2939; x_wconf 69' lang='grc' dir='ltr'>τά</span> <span class='ocrx_word' id='word_1_271' title='bbox 907 2899 950 2940; x_wconf 80' lang='grc' dir='ltr'>ἐκ</span> 
     </span>
    </p>
   </div>
   <div class='ocr_carea' id='block_1_21' title="bbox 1021 1092 1678 1205">
    <p class='ocr_par' dir='ltr' id='par_1_21' title="bbox 1021 1092 1678 1205">
     <span class='ocr_line' id='line_1_57' title="bbox 1021 1092 1678 1151; baseline -0.005 -16"><span class='ocrx_word' id='word_1_272' title='bbox 1021 1094 1116 1144; x_wconf 85' lang='grc' dir='ltr'><em>Διὸς</em></span> <span class='ocrx_word' id='word_1_273' title='bbox 1143 1112 1171 1136; x_wconf 81' lang='lat' dir='ltr'>S.</span> <span class='ocrx_word' id='word_1_274' title='bbox 1200 1096 1311 1151; x_wconf 70' lang='grc' dir='ltr'><em>παρά</em></span> <span class='ocrx_word' id='word_1_275' title='bbox 1332 1100 1406 1138; x_wconf 84' lang='grc' dir='ltr'>τοῦ</span> <span class='ocrx_word' id='word_1_276' title='bbox 1426 1094 1521 1144; x_wconf 81' lang='grc' dir='ltr'><em>Διὸς</em></span> <span class='ocrx_word' id='word_1_277' title='bbox 1538 1092 1678 1143; x_wconf 72' lang='grc' dir='ltr'><em>ὕδατα,</em></span> 
     </span>
     <span class='ocr_line' id='line_1_58' title="bbox 1021 1150 1678 1205; baseline -0.003 -12"><span class='ocrx_word' id='word_1_278' title='bbox 1021 1151 1068 1193; x_wconf 66' lang='grc' dir='ltr'>τά</span> <span class='ocrx_word' id='word_1_279' title='bbox 1089 1154 1131 1194; x_wconf 79' lang='grc' dir='ltr'>ἐκ</span> <span class='ocrx_word' id='word_1_280' title='bbox 1160 1152 1255 1202; x_wconf 80' lang='grc' dir='ltr'><em>Διὸς</em></span> <span class='ocrx_word' id='word_1_281' title='bbox 1289 1151 1398 1194; x_wconf 80' lang='grc' dir='ltr'><strong><em>ἰόντα</em></strong></span> <span class='ocrx_word' id='word_1_282' title='bbox 1424 1150 1594 1205; x_wconf 74' lang='grc' dir='ltr'><strong><em>νάματα.</em></strong></span> <span class='ocrx_word' id='word_1_283' title='bbox 1623 1174 1678 1180; x_wconf 83' lang='grc'>--</span> 
     </span>
    </p>
   </div>
   <div class='ocr_carea' id='block_1_22' title="bbox 1021 1208 1622 1348">
    <p class='ocr_par' dir='ltr' id='par_1_22' title="bbox 1021 1208 1622 1348">
     <span class='ocr_line' id='line_1_59' title="bbox 1021 1208 1622 1264; baseline -0.007 -13"><span class='ocrx_word' id='word_1_284' title='bbox 1021 1212 1081 1250; x_wconf 86' lang='lat' dir='ltr'>De</span> <span class='ocrx_word' id='word_1_285' title='bbox 1105 1208 1166 1252; x_wconf 76' lang='grc' dir='ltr'>ὅτι</span> <span class='ocrx_word' id='word_1_286' title='bbox 1186 1209 1241 1264; x_wconf 77' lang='grc' dir='ltr'>μή</span> <span class='ocrx_word' id='word_1_287' title='bbox 1259 1214 1354 1249; x_wconf 80' lang='lat' dir='ltr'>cons.</span> <span class='ocrx_word' id='word_1_288' title='bbox 1374 1212 1413 1260; x_wconf 87' lang='lat'>1,</span> <span class='ocrx_word' id='word_1_289' title='bbox 1440 1213 1503 1253; x_wconf 89' lang='lat'>18.</span> <span class='ocrx_word' id='word_1_290' title='bbox 1530 1210 1622 1252; x_wconf 84' lang='lat'>143.</span> 
     </span>
     <span class='ocr_line' id='line_1_60' title="bbox 1229 1295 1478 1348; baseline 0 -15"><span class='ocrx_word' id='word_1_291' title='bbox 1229 1297 1342 1348; x_wconf 86' lang='lat' dir='ltr'>Cap.</span> <span class='ocrx_word' id='word_1_292' title='bbox 1379 1295 1478 1334; x_wconf 88' lang='lat' dir='ltr'><strong>XIV.</strong></span> 
     </span>
    </p>
   </div>
   <div class='ocr_carea' id='block_1_23' title="bbox 1017 1377 1677 2951">
    <p class='ocr_par' dir='ltr' id='par_1_23' title="bbox 1023 1377 1677 1873">
     <span class='ocr_line' id='line_1_61' title="bbox 1081 1377 1677 1430; baseline -0.008 -11"><span class='ocrx_word' id='word_1_293' title='bbox 1081 1377 1121 1418; x_wconf 78' lang='grc' dir='ltr'>εἶ’</span> <span class='ocrx_word' id='word_1_294' title='bbox 1144 1392 1215 1430; x_wconf 85' lang='grc' dir='ltr'>σφι</span> <span class='ocrx_word' id='word_1_295' title='bbox 1242 1378 1380 1426; x_wconf 79' lang='grc' dir='ltr'><em>θέλοι]</em></span> <span class='ocrx_word' id='word_1_296' title='bbox 1412 1378 1677 1427; x_wconf 72' lang='lat' dir='ltr'>lVesselingius</span> 
     </span>
     <span class='ocr_line' id='line_1_62' title="bbox 1023 1432 1673 1487; baseline -0.006 -13"><span class='ocrx_word' id='word_1_297' title='bbox 1023 1442 1210 1486; x_wconf 84' lang='lat' dir='ltr'>receperat</span> <span class='ocrx_word' id='word_1_298' title='bbox 1229 1432 1436 1487; x_wconf 72' lang='grc' dir='ltr'><em>ἐθελήσεις</em></span> <span class='ocrx_word' id='word_1_299' title='bbox 1465 1437 1564 1473; x_wconf 89' lang='lat' dir='ltr'>cuius</span> <span class='ocrx_word' id='word_1_300' title='bbox 1593 1435 1673 1471; x_wconf 91' lang='lat' dir='ltr'>loco</span> 
     </span>
     <span class='ocr_line' id='line_1_63' title="bbox 1023 1489 1676 1538; baseline -0.003 -8"><span class='ocrx_word' id='word_1_301' title='bbox 1023 1506 1102 1530; x_wconf 89' lang='lat' dir='ltr'>cum</span> <span class='ocrx_word' id='word_1_302' title='bbox 1120 1492 1200 1530; x_wconf 86' lang='lat' dir='ltr'>libri</span> <span class='ocrx_word' id='word_1_303' title='bbox 1221 1493 1387 1531; x_wconf 84' lang='lat' dir='ltr'>meliores</span> <span class='ocrx_word' id='word_1_304' title='bbox 1403 1494 1538 1530; x_wconf 86' lang='lat' dir='ltr'>ferrent</span> <span class='ocrx_word' id='word_1_305' title='bbox 1549 1489 1676 1538; x_wconf 78' lang='grc' dir='ltr'><em>θέλοι,</em></span> 
     </span>
     <span class='ocr_line' id='line_1_64' title="bbox 1023 1547 1675 1600; baseline -0.006 -14"><span class='ocrx_word' id='word_1_306' title='bbox 1023 1549 1093 1586; x_wconf 89' lang='lat' dir='ltr'>hoc</span> <span class='ocrx_word' id='word_1_307' title='bbox 1111 1549 1188 1587; x_wconf 88' lang='lat' dir='ltr'>iure</span> <span class='ocrx_word' id='word_1_308' title='bbox 1201 1555 1384 1600; x_wconf 88' lang='lat' dir='ltr'>receptum</span> <span class='ocrx_word' id='word_1_309' title='bbox 1407 1554 1462 1587; x_wconf 88' lang='lat' dir='ltr'>est</span> <span class='ocrx_word' id='word_1_310' title='bbox 1473 1561 1495 1586; x_wconf 87' lang='lat' dir='ltr'>a</span> <span class='ocrx_word' id='word_1_311' title='bbox 1505 1547 1675 1595; x_wconf 79' lang='lat' dir='ltr'>Schwgh.</span> 
     </span>
     <span class='ocr_line' id='line_1_65' title="bbox 1027 1601 1674 1644; baseline -0.006 0"><span class='ocrx_word' id='word_1_312' title='bbox 1027 1610 1063 1644; x_wconf 90' lang='lat' dir='ltr'>et</span> <span class='ocrx_word' id='word_1_313' title='bbox 1085 1606 1202 1644; x_wconf 88' lang='lat' dir='ltr'>Gaisf.</span> <span class='ocrx_word' id='word_1_314' title='bbox 1225 1628 1278 1633; x_wconf 83' lang='lat'>-—</span> <span class='ocrx_word' id='word_1_315' title='bbox 1297 1606 1356 1642; x_wconf 83' lang='lat' dir='ltr'>Ad</span> <span class='ocrx_word' id='word_1_316' title='bbox 1376 1606 1505 1643; x_wconf 74' lang='lat' dir='ltr'>verba:</span> <span class='ocrx_word' id='word_1_317' title='bbox 1537 1603 1572 1643; x_wconf 87' lang='grc' dir='ltr'>εἰ</span> <span class='ocrx_word' id='word_1_318' title='bbox 1599 1601 1674 1642; x_wconf 80' lang='grc' dir='ltr'>θέ-</span> 
     </span>
     <span class='ocr_line' id='line_1_66' title="bbox 1026 1658 1676 1713; baseline -0.009 -12"><span class='ocrx_word' id='word_1_319' title='bbox 1026 1664 1178 1700; x_wconf 47' lang='lat' dir='ltr'>loc*—</span> <span class='ocrx_word' id='word_1_320' title='bbox 1206 1658 1521 1713; x_wconf 76' lang='grc' dir='ltr'><em>πεινήσουσι</em></span> <span class='ocrx_word' id='word_1_321' title='bbox 1552 1661 1676 1697; x_wconf 81' lang='lat' dir='ltr'>confer</span> 
     </span>
     <span class='ocr_line' id='line_1_67' title="bbox 1025 1717 1676 1768; baseline -0.006 -13"><span class='ocrx_word' id='word_1_322' title='bbox 1025 1717 1157 1756; x_wconf 82' lang='lat' dir='ltr'>Matth.</span> <span class='ocrx_word' id='word_1_323' title='bbox 1188 1720 1253 1755; x_wconf 88' lang='lat' dir='ltr'>Gr.</span> <span class='ocrx_word' id='word_1_324' title='bbox 1276 1719 1341 1755; x_wconf 90' lang='lat' dir='ltr'>Gr.</span> <span class='ocrx_word' id='word_1_325' title='bbox 1372 1731 1411 1768; x_wconf 85' lang='lat' dir='ltr'>p.</span> <span class='ocrx_word' id='word_1_326' title='bbox 1437 1719 1543 1758; x_wconf 87' lang='lat'>1018</span> <span class='ocrx_word' id='word_1_327' title='bbox 1572 1721 1608 1753; x_wconf 85' lang='lat' dir='ltr'>et</span> <span class='ocrx_word' id='word_1_328' title='bbox 1628 1717 1676 1752; x_wconf 84' lang='lat' dir='ltr'>ad</span> 
     </span>
     <span class='ocr_line' id='line_1_68' title="bbox 1027 1771 1676 1827; baseline -0.006 -14"><span class='ocrx_word' id='word_1_329' title='bbox 1027 1772 1120 1813; x_wconf 70' lang='grc' dir='ltr'><em>ἄλλο</em></span> <span class='ocrx_word' id='word_1_330' title='bbox 1142 1790 1178 1814; x_wconf 87' lang='grc' dir='ltr'>τι</span> <span class='ocrx_word' id='word_1_331' title='bbox 1198 1771 1226 1827; x_wconf 74' lang='grc' dir='ltr'><strong><em>ἦ</em></strong></span> <span class='ocrx_word' id='word_1_332' title='bbox 1253 1775 1399 1824; x_wconf 79' lang='lat' dir='ltr'>(nonne)</span> <span class='ocrx_word' id='word_1_333' title='bbox 1432 1773 1614 1812; x_wconf 85' lang='lat' dir='ltr'>Herodot.</span> <span class='ocrx_word' id='word_1_334' title='bbox 1646 1772 1676 1820; x_wconf 87' lang='grc' dir='ltr'>Ι,</span> 
     </span>
     <span class='ocr_line' id='line_1_69' title="bbox 1027 1833 1120 1873; baseline -0.043 0"><span class='ocrx_word' id='word_1_335' title='bbox 1027 1833 1120 1873; x_wconf 87' lang='grc'><strong>109.</strong></span> 
     </span>
    </p>

    <p class='ocr_par' dir='ltr' id='par_1_24' title="bbox 1017 1881 1677 2951">
     <span class='ocr_line' id='line_1_70' title="bbox 1083 1881 1677 1938; baseline -0.005 -12"><span class='ocrx_word' id='word_1_336' title='bbox 1083 1886 1119 1926; x_wconf 88' lang='grc' dir='ltr'>εἰ</span> <span class='ocrx_word' id='word_1_337' title='bbox 1152 1883 1249 1936; x_wconf 78' lang='grc' dir='ltr'><em>μήτε</em></span> <span class='ocrx_word' id='word_1_338' title='bbox 1291 1900 1334 1938; x_wconf 85' lang='grc' dir='ltr'>γε</span> <span class='ocrx_word' id='word_1_339' title='bbox 1363 1881 1503 1925; x_wconf 75' lang='grc' dir='ltr'><em>ὕσεταί</em></span> <span class='ocrx_word' id='word_1_340' title='bbox 1541 1897 1614 1934; x_wconf 91' lang='grc' dir='ltr'>σφι</span> <span class='ocrx_word' id='word_1_341' title='bbox 1647 1883 1677 1935; x_wconf 78' lang='grc' dir='ltr'><em>ἦ</em></span> 
     </span>
     <span class='ocr_line' id='line_1_71' title="bbox 1022 1939 1676 1994; baseline -0.006 -13"><span class='ocrx_word' id='word_1_342' title='bbox 1022 1939 1154 1994; x_wconf 78' lang='grc' dir='ltr'><strong><em>χώρη]</em></strong></span> <span class='ocrx_word' id='word_1_343' title='bbox 1184 1944 1244 1981; x_wconf 90' lang='lat' dir='ltr'>De</span> <span class='ocrx_word' id='word_1_344' title='bbox 1270 1942 1425 1980; x_wconf 88' lang='lat' dir='ltr'>lectione</span> <span class='ocrx_word' id='word_1_345' title='bbox 1451 1955 1546 1979; x_wconf 91' lang='lat' dir='ltr'>nunc</span> <span class='ocrx_word' id='word_1_346' title='bbox 1570 1941 1676 1979; x_wconf 83' lang='lat' dir='ltr'>resti-</span> 
     </span>
     <span class='ocr_line' id='line_1_72' title="bbox 1022 1999 1675 2043; baseline -0.003 -6"><span class='ocrx_word' id='word_1_347' title='bbox 1022 2005 1100 2037; x_wconf 87' lang='lat' dir='ltr'>tuta</span> <span class='ocrx_word' id='word_1_348' title='bbox 1132 1999 1221 2036; x_wconf 87' lang='lat' dir='ltr'>nihil</span> <span class='ocrx_word' id='word_1_349' title='bbox 1272 1999 1393 2037; x_wconf 87' lang='lat' dir='ltr'>dicere</span> <span class='ocrx_word' id='word_1_350' title='bbox 1436 1999 1585 2043; x_wconf 80' lang='lat' dir='ltr'>attinet3</span> <span class='ocrx_word' id='word_1_351' title='bbox 1628 1999 1675 2035; x_wconf 93' lang='lat' dir='ltr'>de</span> 
     </span>
     <span class='ocr_line' id='line_1_73' title="bbox 1022 2055 1676 2105; baseline -0.002 -13"><span class='ocrx_word' id='word_1_352' title='bbox 1022 2057 1103 2105; x_wconf 88' lang='lat' dir='ltr'>ipsa</span> <span class='ocrx_word' id='word_1_353' title='bbox 1120 2055 1299 2093; x_wconf 83' lang='lat' dir='ltr'>sententia</span> <span class='ocrx_word' id='word_1_354' title='bbox 1329 2056 1508 2105; x_wconf 80' lang='lat' dir='ltr'>quaedam</span> <span class='ocrx_word' id='word_1_355' title='bbox 1538 2055 1676 2092; x_wconf 85' lang='lat' dir='ltr'>addere</span> 
     </span>
     <span class='ocr_line' id='line_1_74' title="bbox 1021 2110 1674 2160; baseline -0.003 -11"><span class='ocrx_word' id='word_1_356' title='bbox 1021 2112 1129 2149; x_wconf 79' lang='lat' dir='ltr'>iuvat.</span> <span class='ocrx_word' id='word_1_357' title='bbox 1187 2110 1357 2160; x_wconf 88' lang='lat' dir='ltr'>Namque</span> <span class='ocrx_word' id='word_1_358' title='bbox 1388 2111 1598 2149; x_wconf 87' lang='lat' dir='ltr'>Herodotus</span> <span class='ocrx_word' id='word_1_359' title='bbox 1636 2111 1674 2147; x_wconf 88' lang='lat' dir='ltr'>in</span> 
     </span>
     <span class='ocr_line' id='line_1_75' title="bbox 1022 2167 1675 2218; baseline -0.005 -12"><span class='ocrx_word' id='word_1_360' title='bbox 1022 2181 1067 2206; x_wconf 88' lang='lat' dir='ltr'>ea</span> <span class='ocrx_word' id='word_1_361' title='bbox 1094 2169 1171 2206; x_wconf 83' lang='lat' dir='ltr'>sere</span> <span class='ocrx_word' id='word_1_362' title='bbox 1199 2169 1371 2218; x_wconf 89' lang='lat' dir='ltr'>opinione</span> <span class='ocrx_word' id='word_1_363' title='bbox 1387 2168 1502 2205; x_wconf 84' lang='lat' dir='ltr'>fuisse</span> <span class='ocrx_word' id='word_1_364' title='bbox 1520 2167 1675 2213; x_wconf 87' lang='lat' dir='ltr'>videtur,</span> 
     </span>
     <span class='ocr_line' id='line_1_76' title="bbox 1020 2223 1673 2275; baseline -0.003 -14"><span class='ocrx_word' id='word_1_365' title='bbox 1020 2225 1228 2274; x_wconf 75' lang='lat' dir='ltr'>Aegyptum</span> <span class='ocrx_word' id='word_1_366' title='bbox 1255 2224 1384 2275; x_wconf 84' lang='lat' dir='ltr'>pluviis</span> <span class='ocrx_word' id='word_1_367' title='bbox 1415 2236 1490 2260; x_wconf 89' lang='lat' dir='ltr'>nou</span> <span class='ocrx_word' id='word_1_368' title='bbox 1518 2223 1673 2272; x_wconf 83' lang='lat' dir='ltr'>irrigari.</span> 
     </span>
     <span class='ocr_line' id='line_1_77' title="bbox 1022 2280 1675 2324; baseline 0 -8"><span class='ocrx_word' id='word_1_369' title='bbox 1022 2281 1142 2324; x_wconf 86' lang='lat' dir='ltr'>Quam</span> <span class='ocrx_word' id='word_1_370' title='bbox 1165 2282 1319 2318; x_wconf 81' lang='lat' dir='ltr'>eandem</span> <span class='ocrx_word' id='word_1_371' title='bbox 1352 2280 1568 2318; x_wconf 87' lang='lat' dir='ltr'>sententiam</span> <span class='ocrx_word' id='word_1_372' title='bbox 1600 2292 1675 2316; x_wconf 87' lang='lat' dir='ltr'>non</span> 
     </span>
     <span class='ocr_line' id='line_1_78' title="bbox 1020 2336 1673 2386; baseline 0 -14"><span class='ocrx_word' id='word_1_373' title='bbox 1020 2336 1136 2373; x_wconf 85' lang='lat' dir='ltr'>solum</span> <span class='ocrx_word' id='word_1_374' title='bbox 1154 2343 1297 2375; x_wconf 79' lang='lat' dir='ltr'>veteres</span> <span class='ocrx_word' id='word_1_375' title='bbox 1317 2338 1496 2386; x_wconf 88' lang='lat' dir='ltr'>quosdam</span> <span class='ocrx_word' id='word_1_376' title='bbox 1513 2336 1673 2373; x_wconf 85' lang='lat' dir='ltr'>tenuisse</span> 
     </span>
     <span class='ocr_line' id='line_1_79' title="bbox 1021 2392 1672 2442; baseline 0 -13"><span class='ocrx_word' id='word_1_377' title='bbox 1021 2394 1135 2440; x_wconf 87' lang='lat' dir='ltr'>(conf.</span> <span class='ocrx_word' id='word_1_378' title='bbox 1175 2394 1221 2430; x_wconf 89' lang='lat' dir='ltr'>Is.</span> <span class='ocrx_word' id='word_1_379' title='bbox 1258 2393 1367 2431; x_wconf 86' lang='lat' dir='ltr'>Voss.</span> <span class='ocrx_word' id='word_1_380' title='bbox 1408 2393 1457 2430; x_wconf 91' lang='lat' dir='ltr'>ad</span> <span class='ocrx_word' id='word_1_381' title='bbox 1493 2392 1672 2442; x_wconf 86' lang='lat' dir='ltr'>Pompon.</span> 
     </span>
     <span class='ocr_line' id='line_1_80' title="bbox 1019 2449 1674 2498; baseline -0.002 -12"><span class='ocrx_word' id='word_1_382' title='bbox 1019 2449 1108 2486; x_wconf 86' lang='lat' dir='ltr'>Mel.</span> <span class='ocrx_word' id='word_1_383' title='bbox 1131 2449 1169 2496; x_wconf 86' lang='lat' dir='ltr'>I,</span> <span class='ocrx_word' id='word_1_384' title='bbox 1200 2453 1225 2491; x_wconf 87' lang='lat'><strong>9</strong></span> <span class='ocrx_word' id='word_1_385' title='bbox 1259 2450 1375 2498; x_wconf 87' lang='lat' dir='ltr'>init.)‚</span> <span class='ocrx_word' id='word_1_386' title='bbox 1413 2462 1538 2486; x_wconf 87' lang='lat' dir='ltr'>verum</span> <span class='ocrx_word' id='word_1_387' title='bbox 1563 2449 1674 2486; x_wconf 85' lang='lat' dir='ltr'>etiam</span> 
     </span>
     <span class='ocr_line' id='line_1_81' title="bbox 1020 2505 1674 2555; baseline -0.003 -13"><span class='ocrx_word' id='word_1_388' title='bbox 1020 2506 1228 2543; x_wconf 84' lang='lat' dir='ltr'>recentioris</span> <span class='ocrx_word' id='word_1_389' title='bbox 1265 2506 1393 2544; x_wconf 85' lang='lat' dir='ltr'>aetatis</span> <span class='ocrx_word' id='word_1_390' title='bbox 1421 2505 1674 2555; x_wconf 83' lang='lat' dir='ltr'>peregrinato-</span> 
     </span>
     <span class='ocr_line' id='line_1_82' title="bbox 1017 2561 1673 2611; baseline -0.003 -12"><span class='ocrx_word' id='word_1_391' title='bbox 1017 2575 1076 2599; x_wconf 87' lang='lat' dir='ltr'>res</span> <span class='ocrx_word' id='word_1_392' title='bbox 1126 2563 1264 2611; x_wconf 86' lang='lat' dir='ltr'>aliquot</span> <span class='ocrx_word' id='word_1_393' title='bbox 1283 2591 1295 2610; x_wconf 86' lang='lat'>‚</span> <span class='ocrx_word' id='word_1_394' title='bbox 1341 2563 1521 2598; x_wconf 89' lang='lat' dir='ltr'>neminem</span> <span class='ocrx_word' id='word_1_395' title='bbox 1566 2561 1673 2609; x_wconf 81' lang='lat' dir='ltr'>sugit,</span> 
     </span>
     <span class='ocr_line' id='line_1_83' title="bbox 1020 2617 1674 2667; baseline 0 -13"><span class='ocrx_word' id='word_1_396' title='bbox 1020 2631 1240 2667; x_wconf 85' lang='lat' dir='ltr'>quamquam</span> <span class='ocrx_word' id='word_1_397' title='bbox 1270 2618 1367 2654; x_wconf 85' lang='lat' dir='ltr'>omui</span> <span class='ocrx_word' id='word_1_398' title='bbox 1394 2617 1463 2654; x_wconf 91' lang='lat' dir='ltr'>hoc</span> <span class='ocrx_word' id='word_1_399' title='bbox 1483 2617 1593 2654; x_wconf 90' lang='lat' dir='ltr'>dubio</span> <span class='ocrx_word' id='word_1_400' title='bbox 1613 2630 1674 2654; x_wconf 72' lang='lat' dir='ltr'>ca-</span> 
     </span>
     <span class='ocr_line' id='line_1_84' title="bbox 1018 2673 1673 2724; baseline -0.005 -12"><span class='ocrx_word' id='word_1_401' title='bbox 1018 2680 1097 2721; x_wconf 84' lang='lat' dir='ltr'>ret,</span> <span class='ocrx_word' id='word_1_402' title='bbox 1133 2675 1340 2724; x_wconf 74' lang='lat' dir='ltr'>Aegyptum</span> <span class='ocrx_word' id='word_1_403' title='bbox 1368 2673 1496 2724; x_wconf 84' lang='lat' dir='ltr'>pluviis</span> <span class='ocrx_word' id='word_1_404' title='bbox 1524 2686 1673 2722; x_wconf 89' lang='lat' dir='ltr'>quoque</span> 
     </span>
     <span class='ocr_line' id='line_1_85' title="bbox 1020 2730 1671 2778; baseline -0.002 -10"><span class='ocrx_word' id='word_1_405' title='bbox 1020 2731 1168 2768; x_wconf 89' lang='lat' dir='ltr'>coelitus</span> <span class='ocrx_word' id='word_1_406' title='bbox 1216 2731 1335 2767; x_wconf 86' lang='lat' dir='ltr'>missis</span> <span class='ocrx_word' id='word_1_407' title='bbox 1379 2730 1521 2778; x_wconf 83' lang='lat' dir='ltr'>irrigari</span> <span class='ocrx_word' id='word_1_408' title='bbox 1559 2730 1671 2778; x_wconf 84' lang='lat' dir='ltr'>idque</span> 
     </span>
     <span class='ocr_line' id='line_1_86' title="bbox 1019 2785 1670 2837; baseline -0.005 -13"><span class='ocrx_word' id='word_1_409' title='bbox 1019 2787 1124 2825; x_wconf 86' lang='lat' dir='ltr'>certis</span> <span class='ocrx_word' id='word_1_410' title='bbox 1180 2787 1394 2837; x_wconf 77' lang='lat' dir='ltr'>plerumque</span> <span class='ocrx_word' id='word_1_411' title='bbox 1446 2785 1670 2836; x_wconf 81' lang='lat' dir='ltr'>temporibus</span> 
     </span>
     <span class='ocr_line' id='line_1_87' title="bbox 1019 2842 1671 2891; baseline -0.005 -11"><span class='ocrx_word' id='word_1_412' title='bbox 1019 2844 1096 2881; x_wconf 86' lang='lat' dir='ltr'>fieri</span> <span class='ocrx_word' id='word_1_413' title='bbox 1129 2857 1196 2880; x_wconf 87' lang='lat' dir='ltr'>nec</span> <span class='ocrx_word' id='word_1_414' title='bbox 1228 2856 1300 2879; x_wconf 84' lang='lat' dir='ltr'>uuo</span> <span class='ocrx_word' id='word_1_415' title='bbox 1333 2843 1537 2891; x_wconf 85' lang='lat' dir='ltr'>eodemque</span> <span class='ocrx_word' id='word_1_416' title='bbox 1561 2842 1671 2878; x_wconf 90' lang='lat' dir='ltr'>modo</span> 
     </span>
     <span class='ocr_line' id='line_1_88' title="bbox 1019 2897 1671 2951; baseline -0.008 -13"><span class='ocrx_word' id='word_1_417' title='bbox 1019 2913 1061 2938; x_wconf 84' lang='lat' dir='ltr'>ac</span> <span class='ocrx_word' id='word_1_418' title='bbox 1078 2907 1241 2951; x_wconf 87' lang='lat' dir='ltr'>tempore</span> <span class='ocrx_word' id='word_1_419' title='bbox 1261 2913 1326 2950; x_wconf 86' lang='lat' dir='ltr'>per</span> <span class='ocrx_word' id='word_1_420' title='bbox 1355 2911 1479 2937; x_wconf 80' lang='lat' dir='ltr'>omnes</span> <span class='ocrx_word' id='word_1_421' title='bbox 1511 2897 1671 2949; x_wconf 76' lang='lat' dir='ltr'>Aegypti</span> 
     </span>
    </p>
   </div>
  </div>
 </body>
</html>
