1759 3324
489 231 900 272 EUTERPE.
960 232 1005 270 11.
1282 235 1367 276 573

107 361 199 389 νων
246 345 292 388 δὲ
329 345 417 387 τῶν
454 343 564 396 ἱρῶν
610 340 844 384 τύπτονται
894 339 1072 391 πάντες·
1137 340 1268 385 ἐπεὰν
1319 342 1366 386 δὲ

109 422 440 475 ἀποτύψωνται,
487 422 613 463 δαῖτα
641 422 921 475 προτίθενται
957 419 1009 464 τοὶ
1041 421 1240 465 ἐλίποντο
1278 424 1421 465 τῶν85

107 505 226 557 ἱρῶν.

103 681 221 725 ε’πεᾶν
241 680 282 723 δὲ
303 677 605 734 οἷποτύψωνται]
629 684 652 722 i.
665 697 696 722 e.

47 738 165 782 ἐπεὰν
195 738 238 779 δὲ
282 736 582 780 παύσωνται
614 737 698 779 τύ-

45 801 288 846 πτεσθαι,
328 802 368 835 ut
395 799 543 848 exponit
573 798 696 847 Hesy-

44 854 142 892 chius
156 883 166 901 ‚
213 854 275 890 ubi
306 854 475 903 plangere
509 855 693 892 desierunt.

43 911 117 948 Ubi
133 923 239 948 nemo
250 924 323 947 non
333 912 610 962 praepositionis
621 912 695 948 vim

41 966 218 1016 intelliget
233 968 269 1003 in
288 968 406 1005 verbis
429 968 496 1004 sibi
516 968 694 1018 oppositis

41 1018 262 1063 τύπτεσθαι
299 1028 336 1061 et
373 1019 694 1073 ἄποτύπτεσθαι,

40 1084 80 1116 ut
97 1079 143 1127 11,
163 1083 216 1123 73
234 1082 452 1132 πειρᾶσθαι
478 1085 514 1118 et
532 1076 694 1119 α’ποπει-

41 1137 212 1186 ρᾶσθαι,
241 1137 331 1184 alia,
362 1150 455 1187 quae
472 1137 596 1174 laudat
607 1137 694 1174 Val-

41 1193 146 1231 cken.
162 1213 216 1222 —-
244 1193 425 1231 Herodoti
441 1194 557 1231 locum
575 1194 694 1231 imita—

41 1253 98 1286 tus
128 1254 184 1287 est
207 1250 357 1287 Lucian.
386 1251 433 1288 de
464 1251 533 1287 (lea
560 1251 641 1299 Syr.
666 1253 692 1291 6

39 1319 77 1356 p.
92 1307 145 1348 89
166 1310 190 1343 t.
207 1306 260 1342 IX
280 1307 337 1343 ed.
350 1307 434 1357 Bip.
455 1306 514 1344 De
534 1307 613 1357 ipso
635 1319 693 1344 ar-

39 1366 212 1410 gumento
231 1362 380 1399 laudant
398 1363 620 1412 Athen-agor.
639 1363 692 1400 le-

38 1423 112 1467 gat.
133 1431 201 1468 pro
227 1418 360 1455 Christ.
387 1417 423 1469 §.
446 1422 497 1460 12
525 1432 609 1469 pag.
636 1419 691 1461 52

40 1472 95 1526 (ἓ-
113 1474 163 1516 14
183 1488 219 1525 p-
234 1476 328 1522 290,
346 1475 416 1524 D),
431 1477 491 1513 ubi
503 1475 597 1513 hunc
612 1489 692 1513 mo-

39 1544 114 1569 rem
136 1531 289 1568 deridet.
337 1530 390 1569 Ac
414 1537 591 1570 memorat
612 1532 692 1569 No-

39 1592 112 1626 ster
129 1587 198 1625 hoc
221 1587 302 1625 loco
325 1600 386 1635 ea,
415 1602 511 1638 quae
530 1590 566 1625 in
584 1590 690 1626 Busi-

37 1645 138 1681 ritico
175 1644 279 1681 Isidis
307 1646 461 1682 maximo
491 1659 593 1682 sacro
632 1658 692 1682 so-

37 1700 169 1738 lemnia
190 1701 290 1737 obire
308 1700 428 1738 solent
446 1701 633 1751 Aegyptii,
646 1701 692 1748 ll,

39 1759 106 1804 61,
134 1756 277 1794 uberius
296 1762 448 1794 tractata
465 1770 487 1795 a
507 1760 690 1795 Creuzero

38 1814 74 1850 in
88 1814 305 1850 Commentt.
322 1813 518 1852 Herodd.I
538 1828 574 1864 p.
598 1813 691 1862 115,

38 1869 135 1908 unde
151 1864 294 1919 potiora
316 1869 371 1906 hic
390 1872 595 1908 adscribere
612 1871 692 1921 pla-

39 1930 105 1963 cet.
146 1926 249 1972 „Qui
270 1929 471 1964 truncatum
498 1928 566 1964 hoe
584 1930 690 1977 pacto

38 1987 357 2031 exenteratumque
386 1987 423 2021 et
445 1984 589 2034 myrrha
609 1997 691 2021 aro-

38 2039 266 2088 matibusque
292 2041 462 2077 refertum
496 2042 624 2078 bovem
653 2041 690 2077 in

37 2094 181 2143 lugubri
203 2097 296 2133 festo
324 2097 478 2135 Osiridis
512 2098 598 2135 Isidi
622 2097 690 2134 im·-

37 2151 164 2188 molari
189 2153 342 2201 cogitet,
382 2154 411 2190 is
446 2167 505 2191 me
542 2154 689 2203 quidem

38 2208 226 2256 sentiente,
237 2222 312 2245 non
332 2212 465 2260 poterit
475 2211 591 2260 ipsum
604 2211 690 2248 Osi-

37 2265 152 2302 ridem
168 2265 366 2303 mutilatum
391 2273 426 2305 et
453 2269 585 2305 deinde
607 2280 690 2304 aro-

36 2321 191 2366 matibus
208 2323 391 2360 conditum
413 2338 488 2361 non
515 2324 688 2373 cogitare.

37 2376 135 2415 Nam
155 2391 248 2427 quae
274 2379 412 2429 reliqua
441 2381 624 2417 adduntur
652 2381 688 2416 in

37 2433 141 2470 bovis
171 2435 363 2485 sacrificio,
407 2450 451 2474 ea
477 2437 610 2487 partim
639 2437 689 2474 ad

38 2489 321 2529 combustionem
376 2495 582 2544 pertinent,
651 2496 690 2530 ut

39 2544 178 2593 oleum,
203 2549 334 2597 partim
354 2551 402 2587 ad
429 2551 610 2588 frumenta
632 2551 688 2586 in-

38 2605 147 2638 venta
165 2603 326 2654 vitesque
349 2606 461 2644 cultas
473 2636 484 2655 ,
512 2611 553 2644 ut
571 2619 686 2658 panes

38 2658 277 2708 mundiores„
293 2674 384 2701 uvae
409 2664 580 2713 passae.“
618 2664 686 2702 Se-

39 2713 159 2762 quitur
173 2713 324 2755 Diodori
347 2718 447 2757 locus
471 2719 505 2768 I,
531 2722 609 2767 21,
638 2721 686 2758 de

39 2769 167 2813 bestiis,
179 2769 338 2824 Aegypti
356 2777 478 2823 sacris,
503 2777 688 2813 adduntur

38 2824 108 2861 alia
127 2825 192 2864 illis
213 2827 338 2867 similia
364 2843 386 2867 a
411 2832 537 2882 priscis
556 2831 683 2870 Atticis

37 2880 247 2925 hominibus*
274 2886 311 2923 in
337 2886 503 2938 Diipoliis
531 2889 686 2935 factitari

765 685 885 735 solita,
903 686 964 723 ubi
983 686 1086 724 bovis
1099 686 1306 725 solemniter
1324 686 1419 724 caesi

765 756 892 782 carnes
906 745 1151 781 communibus
1165 744 1278 795 epulis
1296 758 1419 781 come-

763 801 902 838 debant
919 800 1094 850 bovisque
1113 802 1248 839 exuviis
1271 800 1419 837 simula-

762 871 862 894 crum
884 858 1043 904 ligneum
1063 857 1317 895 circumdatum
1337 870 1420 894 ara-

762 918 818 950 tro
846 914 1067 963 iungebant3
1104 914 1289 965 pertinent
1315 913 1418 951 (leni-

763 983 836 1020 que
863 971 933 1008 huc
952 969 1008 1006 vel
1028 969 1240 1018 Mithriaca,
1270 971 1332 1007 ubi
1352 970 1418 1008 bo-

762 1040 843 1064 vem
863 1025 1020 1064 Abudad
1044 1026 1197 1063 Mithras
1225 1027 1418 1065 Persarum

762 1083 904 1130 oceidit,
928 1087 1039 1132 atque
1058 1095 1102 1120 ex
1119 1083 1263 1120 mactati
1280 1084 1417 1120 anima·
1447 1103 1451 1106 ·

761 1139 803 1176 lis
830 1152 982 1189 corpore
1013 1139 1249 1177 excluduntur
1283 1139 1418 1189 germi‹

760 1209 846 1233 num
867 1196 964 1232 varia
985 1208 1135 1244 genera,
1163 1196 1350 1246 caudaque
1379 1196 1416 1233 in

761 1252 889 1289 aristas
912 1253 1092 1289 excrescit.
1121 1251 1274 1289 Peracto
1297 1253 1415 1303 primo

761 1308 934 1346 sacrificio
961 1309 1167 1345 exoriuntur
1192 1322 1299 1357 reges
1319 1309 1416 1358 agri-

761 1365 922 1403 culturae
939 1365 1156 1402 inventores.
1186 1365 1337 1402 Athenis
1350 1364 1417 1401 At-

758 1422 837 1458 ticis
856 1422 1094 1459 communiter
1117 1421 1245 1459 bovili&
1263 1434 1416 1459 vescun-

759 1482 818 1514 tur
838 1477 1045 1525 sacrificuli,
1076 1482 1113 1516 et
1140 1483 1226 1528 post
1254 1478 1415 1516 solemne

759 1535 972 1572 sacrificium
991 1547 1014 1572 a
1034 1535 1135 1571 bovis
1156 1535 1344 1572 simulacro
1367 1534 1415 1572 si-
1462 1551 1471 1566 ν

758 1590 914 1628 mulatae
927 1592 1097 1628 arationis
1109 1591 1248 1629 initium
1267 1592 1318 1628 fit.
1338 1592 1415 1628 Bu-

759 1647 868 1684 siride
886 1647 1148 1697 Aegyptiorum
1169 1654 1294 1686 coetus
1313 1660 1415 1686 sacer

758 1703 889 1741 bovem
911 1705 995 1752 igne
1007 1704 1160 1752 conficit,
1172 1709 1414 1755 posteaquam

759 1760 854 1797 caesi
870 1773 1002 1810 corpus
1022 1760 1184 1809 implevit
1200 1761 1356 1812 panibus
1377 1764 1414 1798 et

757 1816 836 1853 uvis
868 1821 978 1865 atque
1009 1817 1253 1865 agriculturae
1287 1821 1415 1854 aueto-

756 1886 832 1910 rem
857 1873 1038 1911 Osiridem
1056 1873 1259 1922 lugubriter
1284 1873 1413 1924 deplo-

755 1934 823 1966 rat.
863 1929 970 1972 Quae
995 1930 1115 1967 omnia
1144 1931 1206 1979 qui
1234 1931 1271 1967 in
1300 1943 1413 1968 unum

757 1985 925 2034 colligat,
962 1990 1000 2023 et
1028 1986 1240 2036 simpliciter
1271 1987 1414 2025 intuea-

758 2046 838 2088 tur,
868 2042 897 2078 is
927 2042 1026 2079 nullo
1051 2043 1200 2091 negotio
1232 2043 1411 2093 dispiciat,

758 2111 832 2148 quo
861 2097 950 2136 haec
984 2099 1213 2150 pertineant,
1249 2101 1414 2137 minirum.

757 2155 804 2191 ad
823 2157 995 2192 arationis
1007 2169 1151 2193 caussas
1168 2155 1412 2205 declarandas,

756 2212 855 2249 unde
873 2214 969 2249 vitae
980 2214 1140 2250 cultioris
1154 2214 1263 2250 initia
1274 2213 1412 2251 ducun-

755 2272 825 2306 tur.
858 2269 948 2306 Inde
967 2269 1015 2305 nil
1033 2270 1175 2317 mirum,
1204 2270 1241 2307 in
1259 2270 1413 2319 anagly-

755 2325 836 2375 phis
853 2330 889 2363 et
906 2325 1052 2375 picturis
1074 2326 1334 2376 sepulcralibus
1352 2339 1412 2364 ur-

757 2382 810 2419 bis
820 2382 992 2431 Hithyiae
1005 2381 1164 2433 Aegypti
1181 2383 1231 2420 ita
1253 2383 1412 2421 exhiberi

757 2439 959 2486 Osiridem,
1009 2443 1050 2476 ut
1087 2439 1245 2476 aratoria
1277 2441 1411 2478 instru-

755 2499 876 2532 menta
885 2498 990 2544 gerat
1008 2495 1046 2532 in
1065 2496 1250 2533 manibus:
1280 2496 1412 2545 fiagel-

755 2551 850 2597 lum,
880 2556 1020 2589 rutrum
1041 2566 1070 2589 s.
1088 2552 1264 2601 ligonem,
1286 2566 1410 2591 vome-

755 2621 832 2646 rem
853 2621 1066 2658 petamque,
1086 2609 1232 2646 seminis
1250 2609 1410 2659 plenam,

755 2665 908 2702 sementi
917 2665 1119 2703 faciendae.
1131 2665 1214 2702 Vid.
1226 2665 1408 2716 Descript-

754 2722 801 2758 de
821 2721 843 2757 l’
853 2721 922 2770 Eg.
944 2722 1083 2770 antiqq.
1100 2721 1168 2758 vol.
1190 2722 1224 2759 ΙΙ
1243 2735 1330 2772 pag.
1352 2725 1408 2764 27

751 2791 779 2814 s.
795 2776 877 2819 355
899 2781 936 2814 et
952 2778 1023 2815 vol.
1041 2777 1057 2814 1
1077 2778 1152 2816 tab.
1173 2780 1268 2821 68.“
1297 2778 1407 2817 conf.

750 2833 796 2882 Π,
815 2837 866 2876 61
892 2833 1018 2885 ibique
1039 2838 1132 2872 nott.
