1759 3324
352 306 439 349 4⁰2

751 301 1223 345 HERODOTI

323 414 647 473 3τετρᾶγωνον.
704 414 753 460 ἐν
779 414 896 474 μέσῳ
926 414 972 459 δὲ
999 417 1081 459 τοῦ
1110 413 1212 468 ἱροῦ
1247 409 1418 468 πύργος
1447 410 1621 467 στερεὸς

353 493 638 552 οἰκοδόμηται
650 526 664 547 ,
710 495 890 538 σταδίου
917 493 990 538 καὶ
1027 491 1078 537 τὸ
1116 494 1253 549 μῆκος
1289 491 1362 535 καὶ
1390 489 1440 534 τὸ
1470 483 1619 544 εὖρος·

351 573 426 619 καὶ
453 572 523 618 ἐπὶ
550 572 693 632 τούτῳ
721 576 783 628 τῷ
812 571 964 629 πύργῳ
1005 569 1138 622 ἄλλος
1176 569 1345 627 πύργος
1373 569 1675 626 ἐπιβέβηκε,80

351 652 427 696 καὶ
455 651 599 707 ἕτερος
628 650 745 709 μάλα
775 651 844 694 ἐπὶ
872 649 1037 707 τούτῳ,
1087 650 1232 706 μέχρις
1269 644 1325 693 οὗ
1366 647 1479 693 ὀκτώ
1508 647 1618 703 πύρ-

321 734 461 787 4γων.
520 728 736 787 ἀνάβασις
774 729 821 772 δὲ
861 728 906 779 ἐς
943 726 1107 778 αὐτούς
1147 728 1309 780 ἔξωθεν
1337 726 1485 785 κύκλῳ
1519 727 1619 784 περὶ

321 807 519 860 ὅποὶντας
555 806 658 859 τούς
693 805 893 862 πύργους
922 805 1078 860 ἔχουσα
1105 807 1347 862 πεποίηται.
1408 810 1617 861 μεσοῦντι

349 885 397 930 δέ
425 902 509 929 κου
536 890 611 943 τῆς
640 883 903 942 ἀναβάσιος,
934 884 1023 928 ἔστι
1052 882 1282 940 καταγωγή
1310 899 1355 927 τε
1376 885 1451 927 καὶ
1471 887 1616 928 θῶκοι

348 961 690 1022 ἀμπαυστήριοι,
739 964 788 1008 ἐν
825 967 941 1008 τοῖσι
978 963 1224 1016 κατίζοντες
1263 960 1540 1018 ἀμπαύονται
1569 963 1670 1006 οἰ85

322 1041 681 1100 δάναβαίνοντες.
709 1041 758 1088 ἐν
787 1042 833 1087 δὲ
860 1045 922 1103 τῷ
949 1042 1178 1100 τελευταίῳ
1206 1038 1361 1102 πύργῳ
1389 1041 1496 1099 νηὸς
1523 1041 1613 1086 ἔπε-

347 1131 416 1165 στι
454 1120 611 1179 μέγας·
671 1121 719 1167 ἐν
757 1122 805 1167 δὲ
832 1125 894 1181 τῷ
923 1125 1016 1180 νηῷ
1044 1121 1170 1179 κλίνη
1200 1119 1362 1177 μεγάλη
1391 1121 1530 1166 κέεται
1559 1114 1610 1166 εὖ

289 1315 465 1355 ramidale
490 1321 635 1368 septum
662 1317 776 1357 fuisse
803 1318 942 1357 dicitur.

290 1372 436 1416 Quodsi
465 1373 577 1422 igitur
623 1373 793 1412 Nimrodi
821 1388 942 1413 arcem

289 1428 538 1467 existimemus
565 1430 645 1468 Beli
672 1431 870 1482 templum,
893 1433 942 1469 ad

288 1485 541 1534 antiquissima
574 1487 775 1536 Babylonis
809 1488 942 1525 rudera

287 1541 471 1592 pertinere
479 1541 612 1581 haecce
629 1544 707 1581 iure
725 1544 808 1581 hinc
830 1544 940 1581 nobis

288 1596 458 1646 colligere
483 1599 627 1637 videtur
654 1600 860 1638 Heerenius
890 1600 941 1648 (l.

287 1651 311 1690 l.
338 1666 426 1704 pag.
459 1654 572 1703 179).
630 1654 712 1693 Nec
740 1657 941 1706 quidquam

287 1709 459 1760 impedit,
485 1723 559 1760 quo
592 1712 712 1749 minus
739 1712 833 1749 hanc
858 1726 942 1750 esse

286 1766 414 1803 turrim
435 1767 679 1805 existimemus
699 1775 786 1819 post
810 1769 940 1806 diluvi-

286 1834 348 1859 um
367 1822 413 1859 ab
434 1822 638 1861 hominibus
666 1828 752 1863 tune
777 1826 940 1863 nondum

286 1878 458 1916 seiunctis
493 1883 729 1929 exstructam,
764 1894 832 1919 nec
858 1882 940 1918 fini-

286 1937 363 1972 tam
406 1936 538 1973 summi
572 1937 730 1973 numinis
776 1938 938 1976 consilio.

287 1989 395 2034 Quae
415 1991 653 2041 probabiliter
671 1993 708 2029 in
724 1994 938 2034 occidentali

285 2049 392 2096 parte
407 2046 480 2083 sita
495 2047 584 2095 fuit,
614 2061 694 2085 cum
709 2048 794 2086 inde
816 2050 936 2087 orien-

285 2104 360 2138 tem
373 2114 499 2139 versus
517 2107 646 2151 gentes
658 2105 840 2154 profectas
852 2118 934 2144 esse

285 2168 389 2194 sacra
421 2157 600 2208 scriptura
644 2160 785 2198 doceat.
851 2160 935 2199 Nec

283 2211 455 2260 materia,
493 2226 604 2263 quam
647 2215 772 2253 ruinae
817 2217 935 2254 adhuc

283 2269 501 2316 ostendunt,
547 2269 617 2307 alia
648 2275 760 2320 atque
786 2284 849 2320 ea,
889 2285 934 2310 ex

284 2335 358 2373 qua
378 2324 506 2361 turrim
532 2327 733 2365 confectam
760 2340 843 2367 esse
858 2333 933 2366 tra-

282 2379 339 2418 dit
357 2391 462 2418 sacra
479 2381 667 2433 scriptura.

338 2485 415 2531 δύο
435 2491 607 2532 σταδίων
619 2488 749 2545 πάντη
762 2523 773 2542 ,
794 2492 857 2535 ἐὸν
874 2510 931 2536 τε-

280 2542 487 2599 τράγωνον
512 2563 550 2588 κ.
582 2564 614 2588 τ.
642 2552 692 2597 λ.]
743 2552 855 2595 Quod
879 2553 931 2591 ita

280 2603 552 2653 intelligendum
565 2633 576 2652 ,
598 2609 637 2643 ut
656 2620 928 2656 quaquaversus

280 2659 434 2697 duorum
451 2662 652 2699 stadiorum
673 2664 783 2701 suerit
803 2666 929 2716 templi

279 2716 447 2753 ambitus.
506 2717 612 2761 Quae
645 2726 845 2768 sequuntur
879 2723 927 2760 de

279 2771 405 2822 templi
435 2773 612 2821 turribus,
660 2774 716 2812 his
753 2777 856 2826 paria
889 2778 926 2816 in

278 2826 360 2865 aliis
376 2828 548 2867 Indorum
576 2832 720 2881 templis
751 2833 926 2882 antiquis-

278 2883 378 2921 simis
391 2886 541 2936 reperiri
554 2895 678 2926 monet
696 2887 886 2928 Miinter.l.
898 2890 922 2929 1.

278 2952 366 2992 pag.
383 2939 449 2983 50.

1069 1315 1201 1370 μέχρις
1243 1310 1295 1356 οὗ
1331 1311 1434 1357 ὀκτώ
1472 1310 1663 1368 πύργων]

1010 1371 1145 1426 μέχρις
1177 1366 1227 1413 οὗ
1255 1386 1324 1424 pro
1352 1373 1508 1425 simplici
1532 1371 1666 1424 μέχρις

1007 1443 1147 1482 ponere
1168 1429 1261 1467 solet
1278 1429 1438 1479 Noster,
1465 1434 1506 1467 ut
1522 1429 1577 1478 11,
1598 1431 1664 1470 19.

1009 1487 1075 1528 53.
1099 1487 1190 1529 173.
1220 1486 1294 1534 ΠΙ,
1315 1486 1407 1528 104.
1463 1485 1508 1523 In
1526 1484 1659 1535 quibus

1010 1543 1122 1590 locis,
1151 1555 1224 1579 uno
1256 1547 1429 1593 excepto,
1459 1554 1539 1579 cum
1557 1541 1662 1590 lega-

1007 1603 1066 1636 tur
1086 1597 1196 1650 μέχρι
1218 1592 1267 1638 οὗ
1281 1627 1290 1645 ,
1320 1599 1390 1636 hoc
1412 1610 1562 1648 quoque
1578 1597 1660 1635 loeo

1009 1668 1053 1694 ex
1087 1656 1247 1693 Ionismo
1276 1655 1407 1692 rectius
1433 1655 1557 1691 forsan
1585 1653 1661 1703 legi

1010 1710 1120 1763 μέχρι
1155 1705 1205 1751 οὗ
1242 1711 1308 1748 viri
1345 1710 1442 1748 docti
1483 1714 1659 1747 statuunt.

1007 1768 1090 1806 Nec
1108 1772 1231 1805 tamen
1250 1767 1419 1816 equidem
1440 1765 1478 1803 in
1497 1765 1553 1803 his
1572 1778 1661 1804 con·

1007 1828 1164 1862 stantem
1182 1824 1413 1861 Herodotum
1436 1822 1524 1860 mihi
1551 1835 1659 1873 repe-

1005 1881 1098 1919 risse
1124 1881 1274 1926 videor3
1308 1883 1349 1916 ut
1376 1878 1465 1916 nihil
1484 1878 1554 1915 hoc
1576 1877 1659 1916 loeo

1004 1941 1146 1974 mutare
1165 1936 1330 1973 audeam.
1385 1934 1582 1972 Caeterum
1609 1934 1658 1972 de

1004 1992 1086 2042 ipsa
1112 1992 1293 2029 locutione
1309 1992 1405 2029 conf.
1426 1990 1535 2028 etiam
1554 1990 1656 2028 Mat-

1003 2048 1100 2085 thiae
1128 2049 1194 2085 Gr.
1224 2047 1291 2085 Gr.
1326 2045 1364 2099 ἓ.
1385 2047 1492 2095 480,
1522 2046 1546 2085 b
1574 2050 1653 2086 not.

1000 2116 1088 2155 pag.
1105 2105 1199 2145 898.

1057 2217 1301 2266 μεσοῦντι
1326 2212 1369 2255 δέ
1397 2229 1472 2254 κου
1501 2216 1577 2267 τῆς
1605 2211 1650 2256 α’-

1000 2268 1214 2323 ναβοῖσιος]
1232 2272 1291 2310 De
1310 2271 1422 2309 dativi
1439 2272 1651 2323 participio-

998 2340 1078 2366 rum
1098 2342 1166 2365 usu
1184 2329 1372 2366 admonuit
1385 2327 1564 2367 Matthiae
1580 2328 1649 2368 Gr.

1001 2384 1068 2421 Gr.
1099 2397 1187 2434 pag.
1218 2388 1299 2426 711
1312 2413 1323 2431 ‚
1353 2397 1463 2435 quem
1491 2385 1648 2423 eundem

996 2444 1150 2491 propter
1186 2441 1384 2490 genitivum
1418 2440 1530 2479 verbo
1577 2455 1646 2491 με·

999 2498 1137 2535 σοῦντι
1147 2497 1327 2535 adiectum
1343 2496 1481 2534 consul.
1498 2509 1536 2547 p.
1549 2499 1646 2539 668.

994 2581 1019 2601 „
1038 2555 1170 2592 θῶκοι
1216 2556 1446 2603 exponuntur
1493 2553 1645 2591 Graecis
1712 2570 1713 2577 ¹

993 2607 1189 2662 καθέδραι
1199 2623 1212 2656 ,-
1252 2609 1326 2646 vid.
1354 2607 1524 2659 Apollon.
1552 2608 1645 2647 Lex.

994 2665 1143 2704 Homer.
1162 2678 1249 2716 pag.
1270 2664 1354 2706 354
1384 2665 1442 2702 ed.
1467 2664 1503 2702 Τ
1505 2662 1565 2702 011.
1588 2665 1645 2703 Ο-

994 2722 1094 2770 dyss.
1110 2722 1155 2769 V,
1168 2725 1194 2764 3
1215 2721 1301 2771 ibiq.
1316 2720 1484 2759 Eustath.
1504 2733 1552 2759 ne
1561 2720 1644 2772 plu-

992 2779 1071 2815 ra.“
1108 2778 1173 2816 Cr.
1213 2798 1269 2806 —
1313 2777 1356 2814 In
1384 2789 1489 2826 seqq.
1515 2773 1644 2817 νύκτα

989 2835 1237 2885 accipiendum
1256 2837 1360 2871 noctu
1373 2863 1384 2881 ‚
1409 2834 1477 2871 des
1487 2832 1642 2882 Nachts,

988 2890 1142 2929 docente
1152 2891 1282 2929 eodem
1293 2889 1422 2926 Matth.
1431 2889 1454 2927 l.
1464 2888 1487 2926 l.
1496 2902 1535 2939 p.
1545 2889 1640 2931 785.

987 2967 1044 2975 -
1064 2947 1122 2986 De
1141 2943 1203 2989 ὅτι
1222 2943 1276 2999 μὴ
1306 2946 1400 2984 conf.
1429 2945 1479 2983 ad
1504 2945 1545 2994 1,
1572 2947 1638 2988 18.
