1759 3324
333 258 424 298 296
745 255 1209 297 HERODOTI

329 381 409 418 „vs
437 364 577 410 αὐτοῦ
596 364 695 421 πέρι
717 363 774 418 ὡς
796 364 1013 423 ἐπρήχθη,
1044 367 1120 411 καὶ
1149 363 1222 410 οἷα
1239 364 1321 423 ἐγώ
1341 362 1430 408 ὑπὸ
1457 362 1599 410 Ἀστυ-

335 443 499 501 ,,ἀγεος
523 443 747 497 πέπονθα,
777 444 843 490 ὅτι
875 457 921 490 σε
951 443 1036 490 οὐκ
1067 444 1322 496 ἀπέκτεινα,
1354 443 1464 488 ἀλλά
1496 443 1600 488 ἔδω-

310 530 437 576 5,,κα
475 527 535 584 τῷ
573 523 791 582 βουκόλῳ.
859 524 914 568 σύ
944 528 1028 568 νῦν
1067 524 1121 581 ἢν
1161 523 1302 581 βούλῃ
1341 524 1434 580 ἐμοὶ
1461 524 1603 567 πείθε·

340 608 515 656 ,,σθαι,
571 605 731 658 τῆσπερ
784 601 1018 660 Ἀστυάγης
1065 602 1185 659 ἄρχει
1230 602 1396 660 χώρης,
1439 600 1599 658 ταύτης
1616 606 1659 642 15

313 679 548 738 6,,ἀπάσης
583 680 739 735 ἄρξεις.
810 680 982 736 Πέρσας
1016 682 1098 738 γὰρ
1147 680 1383 733 ἀναπείσας
1427 678 1603 725 ἀπίστα-

340 764 503 812 ,,σθαι,
550 758 831 815 στρατηλάτεε
871 760 941 804 ἐπὶ
979 759 1189 817 Μήδους·
1248 762 1322 805 καὶ
1360 759 1417 816 ἥν
1443 775 1489 804 τε
1519 758 1602 816 ἐγώ

341 835 460 890 »ὑπὸ
495 835 752 893 Ἀστυάγεος
791 837 1022 894 ἀποδεχθῶ
1057 838 1297 895 στρατηγὸς
1339 837 1465 882 ἀντία
1501 842 1602 891 σεῦ,

341 916 469 968 9,ἔστι
495 932 564 959 τοι
596 914 650 959 τὰ
689 917 744 961 σύ
773 915 976 975 βούλεαι,
1026 916 1082 973 ἦν
1110 933 1156 961 τε
1183 921 1273 961 τῶν
1309 933 1376 968 τις
1414 919 1661 974 δοκίμωνὲο

314 1001 375 1046 7,,
389 993 519 1046 ἄλλος
547 993 734 1051 Μήδων.
764 999 933 1052 πρῶτοι
962 994 1046 1052 γάρ
1077 991 1203 1040 οὗτοι
1232 992 1500 1048 ἀποστάντες
1530 993 1602 1040 ἀπ’

343 1073 571 1127 ,,ἐκείνου,
615 1075 692 1118 καὶ
725 1074 952 1132 γενόμενοι
980 1074 1092 1131 πρὸς
1130 1075 1226 1128 σέο,
1272 1073 1505 1131 Ἀστυάγεα
1532 1091 1608 1120 κα·

343 1153 569 1208 ,,ταιρέειν
595 1153 901 1211 πειρήσονται·
952 1154 1012 1206 ὥς
1043 1150 1107 1198 ὧν
1145 1153 1322 1211 ἑτοίμου
1350 1157 1432 1198 τοῦ
1465 1171 1514 1212 γε
1542 1155 1607 1200 ἐν·

344 1230 491 1284 „edos
519 1229 690 1287 ἐόντος,
719 1235 839 1278 ποίεε
868 1238 1027 1287 ταῦτα,
1062 1234 1137 1279 καὶ
1165 1234 1282 1278 ποίεε
1302 1232 1413 1277 κατὰ
1435 1233 1609 1291 τάχος.“

185 1315 286 1364 125

13 1383 171 1412 Persarum
179 1382 293 1418 populi,

14 1422 46 1445 et
56 1417 128 1452 Cyri
144 1422 225 1444 artes
237 1416 292 1444 im-

14 1450 154 1487 pellentis
180 1458 230 1477 eos
256 1449 296 1477 ab

16 1483 295 1521 Astyagedeficere.
350 1471 478 1525 τίζων
506 1471 572 1527 δὲ,
601 1470 844 1527 εὑρίσκεται
863 1476 999 1518 ταῦτα
1020 1469 1284 1529 καιριώτατα
1304 1470 1438 1516 εἶναι·
1472 1472 1611 1517 ἐποίεε

450 1309 666 1364 Ἀκούσας
694 1316 834 1357 ταῦτα
864 1311 888 1358 ὁ
920 1317 1088 1370 Κῦρος,
1120 1311 1343 1370 ἐφρόντιζε
1374 1311 1481 1368 ὅτεῳ
1510 1313 1608 1370 τρό-

347 1404 418 1449 πῳ
447 1390 688 1449 σοφωτάτῳ
719 1391 890 1449 Πέρσας
917 1391 1136 1437 ἀναπείσει
1165 1392 1442 1436 ἀπίστασθαι.
1472 1400 1666 1449 ‹poan-25

346 1664 557 1720 στρατηγὸς
577 1663 694 1709 ἀντία
715 1668 939 1721 6si‘JJValde
1006 1681 1094 1721 pag.
1115 1671 1209 1711 870.
1259 1669 1371 1713 Quod
1397 1666 1446 1705 ad
1472 1660 1668 1717 argumen-
1693 1703 1707 1724 ,v

289 1724 328 1762 in
344 1723 400 1761 his
418 1725 559 1763 variant
572 1725 664 1764 libri.
702 1726 862 1772 Quidam
879 1739 942 1766 ex·
1006 1731 1085 1763 tum
1114 1725 1265 1773 attinet,
1295 1724 1481 1775 inquisivit
1506 1724 1666 1764 Heeren.

288 1779 417 1818 hibent
443 1775 688 1831 ἀντῆσαι;
719 1782 774 1819 cui
791 1782 943 1821 Wesse·

288 1835 425 1886 lingius
455 1837 608 1887 adponit
639 1838 793 1876 Homeri
824 1838 943 1876 locum

290 1905 337 1931 ex
355 1892 457 1930 Iliad.
481 1896 554 1942 16,
570 1895 676 1941 423,
705 1894 768 1931 ubi
793 1895 948 1932 occurrit

290 1948 362 1987 hoc
377 1949 527 1986 verbum
540 1978 551 1996 ,
577 1950 746 1987 adiuncto
766 1951 945 1998 genitivor,

291 2016 403 2052 quam
431 2008 646 2043 structuram
671 2006 844 2043 rariorem
864 2019 946 2044 esse

292 2059 475 2096 Eustathii
501 2061 797 2098 commentatoris
834 2063 946 2099 verba

293 2115 491 2153 declarant.
541 2116 624 2154 Nos
642 2116 731 2153 nihil
751 2121 945 2154 mutamus.

291 2191 350 2199 ·-—-
370 2171 412 2208 In
436 2183 540 2221 seqq.
566 2171 753 2223 γίνεσθαι
781 2186 812 2210 s·
842 2169 948 2213 εἶναι

291 2222 394 2278 πρός
411 2240 519 2273 τινος
545 2232 601 2266 est
629 2231 723 2265 stare
740 2229 784 2266 ab
813 2230 948 2281 aliquo,

289 2282 538 2333 praecipiente
567 2283 748 2323 Matthiae
781 2285 848 2325 Gr.
879 2286 947 2324 Gr.

291 2336 331 2390 §·
350 2339 456 2389 590,
475 2351 499 2378 a
525 2352 613 2392 pag.
635 2342 757 2383 1178.

474 2460 507 2500 C
517 2474 540 2500 a
549 2475 588 2514 p.
617 2462 770 2502 CXXV.

348 2559 478 2603 ἐποίεε
505 2560 549 2603 δὲ
569 2558 664 2603 τάδ
678 2563 721 2616 ε]
749 2561 843 2605 τάδε
865 2578 946 2604 cum

241 2652 252 2662 ‚
294 2617 498 2669 Schweigh.
526 2623 564 2658 et
582 2619 699 2658 Gaisf.
724 2622 945 2661 reduximus.

295 2674 396 2712 Male
422 2678 548 2713 contra
572 2676 759 2715 meliorum
773 2677 945 2717 librorum

296 2730 409 2769 fidem
445 2731 556 2781 vulgo
593 2734 727 2771 ταῦτα.
782 2733 947 2773 Pertinet

296 2799 384 2824 vero
404 2787 473 2825 hoc
491 2783 605 2835 τάδε,
624 2792 664 2825 ut
681 2791 827 2838 ταῦτα,
845 2791 945 2840 quod

295 2843 459 2894 proxime
480 2845 684 2892 antecedit,
712 2845 762 2882 ad
787 2859 944 2895 sequen-

296 2895 359 2937 t'ia.
397 2898 480 2937 vid.
497 2899 627 2938 Matth.
646 2899 712 2938 Gr.
725 2901 790 2939 Gr.
811 2900 849 2953 ἓ
861 2901 944 2944 470

1009 1783 1048 1819 in
1081 1781 1172 1819 libro
1210 1783 1267 1819 cui
1294 1781 1419 1819 titulus
1443 1781 1558 1818 Ideen
1584 1785 1668 1830 etc„

1011 1838 1051 1886 l,
1074 1840 1097 1879 1
1127 1851 1214 1889 pag.
1234 1838 1316 1879 400
1338 1850 1414 1887 seq.
1453 1837 1552 1875 Dolo
1571 1838 1667 1875 enim

1013 1894 1151 1942 Cyrum
1172 1894 1340 1931 effecisse
1354 1896 1479 1940 notat,
1509 1897 1549 1930 ut
1566 1894 1668 1944 prin·

1013 1963 1099 1999 ceps
1125 1950 1197 1986 dux
1217 1951 1375 1986 omnium
1396 1949 1557 1998 gentium
1576 1949 1667 1988 Per·

1014 2018 1138 2042 sarum
1177 2005 1390 2054 eligeretur,
1443 2005 1550 2042 simili
1589 2007 1669 2045 fere

1013 2062 1143 2108 modo,
1175 2074 1248 2110 quo
1275 2061 1429 2112 posthac
1448 2060 1669 2111 Dschingis-

1014 2117 1105 2154 chan
1123 2118 1216 2154 inter
1232 2117 1450 2167 MongOIOS,
1471 2121 1668 2168 antequam

1015 2173 1267 2223 expeditiones
1289 2187 1374 2211 suas
1393 2173 1588 2224 inciperet,
1617 2175 1667 2212 ad

1014 2242 1192 2267 summum
1204 2230 1393 2280 imperium
1410 2234 1572 2268 evectum
1583 2243 1668 2269 esse

1015 2290 1174 2323 narrant.
1211 2286 1345 2324 Persas
1361 2299 1448 2324 vero
1468 2290 1554 2324 tunc
1570 2290 1667 2325 tem-

1015 2342 1117 2393 poris
1147 2341 1256 2381 valde
1280 2343 1390 2380 rudes
1419 2346 1530 2392 atque
1553 2342 1667 2381 incul-

1016 2403 1074 2436 tos
1108 2398 1243 2447 fuisse,
1291 2411 1335 2437 ex
1371 2398 1453 2449 ipsa
1483 2398 1668 2436 Herodoti

1014 2455 1222 2493 narratione
1243 2455 1290 2493 de
1311 2454 1359 2491 iis
1373 2482 1386 2501 ‚
1423 2466 1518 2503 quae
1545 2454 1666 2504 Cyrus

1012 2511 1217 2561 peregerit,
1247 2511 1336 2548 satis
1357 2522 1538 2561 apparere
1556 2511 1667 2549 meri·

1012 2570 1052 2604 to
1082 2567 1179 2605 idem
1208 2579 1277 2604 nos
1312 2566 1497 2604 admonet.
1533 2588 1582 2594 —-
1607 2567 1668 2618 sst·

1014 2621 1130 2673 βλίον
1156 2623 1194 2659 in
1221 2634 1326 2672 seqq.
1355 2622 1516 2672 intellige
1546 2623 1595 2661 de
1621 2623 1666 2660 li-

1013 2678 1108 2717 bello
1145 2679 1249 2726 ficto,
1303 2690 1333 2715 s.
1382 2678 1506 2716 charta
1549 2679 1667 2727 regia,

1012 2746 1122 2784 quam
1149 2734 1248 2783 regis
1275 2733 1450 2772 mandata
1477 2735 1526 2772 ad
1545 2734 1667 2785 ipsum

1010 2790 1225 2830 transmissa
1259 2791 1446 2830 continere
1473 2790 1668 2830 simulabat

1012 2846 1143 2896 Cyrus.
