1777 3324
194 247 278 286 912
667 246 1262 286 EXCURSUSVll

607 743 1155 793 EXCURSUS
1212 743 1309 791 VII

420 860 543 899 AD
627 857 1512 906 HERoDoT.11‚121.

312 1098 421 1142 Quae
447 1097 517 1135 hoc
545 1097 664 1148 capite
691 1101 886 1135 narrantur
915 1098 962 1135 de
992 1096 1264 1146 Rhampsz‘nz'to‚
1318 1094 1446 1133 eadem
1474 1094 1552 1131 fere
1579 1103 1718 1129 memo-

201 1167 274 1204 riae
300 1167 444 1217 prodita
473 1166 703 1203 inveniuntur
730 1167 766 1202 in
793 1166 1018 1203 Graecorum
1046 1165 1169 1202 fabula
1207 1165 1254 1202 de
1282 1162 1460 1212 Agamede
1483 1166 1595 1211 atque
1626 1160 1716 1198 Tro-

195 1235 334 1285 phonio.
402 1235 474 1279 Qui
519 1235 664 1272 aedium
703 1233 1003 1271 exstruendarum
1050 1237 1129 1270 arte
1183 1232 1346 1281 insignes
1394 1245 1461 1281 pro
1501 1230 1561 1267 illa
1597 1235 1717 1268 aetate

200 1304 340 1352 Hyrieo
381 1315 560 1340 cameram
595 1302 772 1340 thesauris
812 1302 1012 1339 condendis
1051 1301 1267 1339 destinatam
1307 1299 1526 1346 aedificant,
1569 1297 1606 1334 in
1645 1311 1718 1347 qua

200 1384 311 1408 unum
344 1371 501 1420 lapidem
531 1371 582 1408 sic
610 1371 775 1407 inserunt
805 1370 1049 1418 extrinsecus,
1089 1374 1128 1406 ut
1150 1368 1242 1405 facili
1273 1367 1385 1417 opera
1415 1366 1520 1403 eximi
1549 1367 1716 1416 potuerit.

200 1440 292 1476 Inde
321 1438 424 1475 simili
453 1438 586 1484 modo,
627 1451 699 1487 quo
728 1436 929 1487 Aegyptius
959 1439 1102 1488 opifex,
1152 1435 1250 1484 regis
1285 1435 1475 1471 thesauros
1515 1439 1718 1484 asportant,

201 1507 264 1557 qui
292 1507 355 1543 ubi
384 1506 453 1542 hoc
481 1505 754 1551 animadvertit,
786 1506 908 1543 omnia
930 1505 1069 1555 laqueis
1099 1504 1221 1553 cingit.
1270 1502 1412 1546 Quibus
1442 1501 1600 1539 irretitus
1619 1501 1718 1551 Aga-

201 1575 349 1621 medes,
389 1586 411 1610 a
440 1573 551 1610 fratre
582 1572 798 1623 Trophonio
839 1574 898 1621 (is
924 1573 1018 1611 enim
1048 1573 1220 1618 timebat,
1260 1583 1306 1607 ne
1336 1571 1415 1619 ipse
1453 1570 1558 1606 simul
1587 1571 1720 1621 depre-

202 1643 442 1690 henderetur)
471 1645 621 1679 necatur
651 1642 770 1692 capite
799 1642 972 1678 abscisso.
1030 1641 1105 1678 Sed
1133 1644 1262 1690 postea
1291 1641 1389 1675 terra
1418 1639 1591 1676 scinditur
1620 1639 1719 1677 Tro-

203 1712 453 1763 phoniumque
493 1711 656 1748 devorat.
726 1710 782 1746 Ita
813 1709 1012 1746 Pausanias
1044 1707 1118 1753 IX,
1152 1708 1206 1747 37
1241 1704 1278 1756 §.
1306 1707 1353 1753 3,
1400 1719 1469 1744 nec
1508 1706 1610 1744 aliter
1641 1708 1719 1746 sere

204 1780 347 1817 Charax
377 1779 414 1815 in
445 1778 554 1815 schol.
585 1779 633 1815 ad
650 1777 834 1827 Aristoph.
852 1776 952 1814 Nub.
973 1775 1055 1817 504
1086 1775 1165 1812 coll.
1189 1774 1302 1823 llgen.
1333 1774 1381 1810 ad
1405 1774 1526 1823 hymn.
1548 1775 1718 1814 Homerr.

202 1861 288 1898 pag.
321 1846 414 1887 304.
472 1846 548 1883 13111
579 1846 737 1894 origines
771 1845 937 1882 Graecae
974 1844 1078 1881 huius
1116 1842 1263 1880 fabulae
1299 1843 1329 1879 si
1361 1855 1516 1892 quaeras
1538 1872 1548 1891 ,
1597 1849 1720 1882 monet

204 1914 463 1953 Valckenarius
493 1915 541 1951 ad
570 1913 751 1951 Herodoti
778 1911 916 1950 locum:
948 1912 1038 1959 „Ex
1067 1911 1259 1948 Herodoto
1288 1911 1457 1948 videntur
1486 1923 1508 1947 a
1538 1910 1719 1948 Graeculo

202 1983 363 2031 quodam
392 1982 548 2032 repetita
577 1986 687 2030 atque
716 1981 752 2017 in
769 1980 998 2028 Agamedem
1019 1977 1345 2029 Trophoniumque
1374 1978 1574 2027 translata,
1604 1992 1625 2017 e
1646 1993 1718 2030 quo

204 2064 268 2088 sua
296 2050 486 2087 hauserint
510 2049 655 2086 Charax
685 2052 721 2086 et
750 2047 992 2084 Pausanias.“
1021 2046 1126 2090 Quae
1157 2047 1285 2084 eadem
1314 2047 1482 2098 placuere
1510 2047 1626 2096 Ilgen.
1649 2048 1671 2085 1.
1695 2048 1716 2085 l.

206 2118 346 2153 Contra
376 2116 536 2154 fabulam
566 2129 650 2154 vere
675 2116 852 2153 Graecam
887 2120 923 2153 et
962 2118 1093 2165 postea
1124 2115 1269 2152 demum
1298 2115 1336 2151 in
1365 2114 1573 2164 Aegyptum
1601 2120 1719 2153 trans-

205 2183 315 2220 latam
356 2185 559 2233 cupideque
598 2184 643 2220 ab
677 2184 928 2220 sacerdotibus
966 2187 1148 2233 arreptam
1188 2187 1224 2220 et
1262 2195 1329 2233 pro
1368 2195 1470 2219 more
1508 2187 1719 2220 exornatam

207 2264 287 2288 esse
317 2252 503 2288 contendit
533 2251 575 2288 C.
594 2252 640 2288 O.
662 2250 834 2288 Miillerus
863 2251 899 2287 in
929 2251 1149 2288 Orchomen.
1179 2263 1264 2301 pag.
1289 2253 1343 2292 97
1373 2262 1477 2298 seqq.
1507 2262 1528 2286 a
1552 2250 1719 2288 Creuzero

207 2317 384 2355 laudatus.
441 2319 683 2355 Buttmannus
713 2331 798 2355 vero
828 2317 894 2364 (de
923 2317 1058 2367 Minyis
1088 2331 1175 2368 pag.
1198 2319 1300 2365 203)
1347 2317 1504 2354 fabulam
1534 2319 1644 2355 refert
1671 2320 1719 2356 ad

206 2397 320 2433 vagas
349 2385 426 2422 illas
455 2385 620 2431 fabulas,
667 2398 762 2433 quae
789 2386 838 2421 ad
867 2386 967 2421 varia
991 2390 1029 2422 et
1058 2389 1224 2435 tempora
1254 2389 1292 2422 et
1327 2384 1407 2421 loca
1436 2385 1570 2422 fuerint
1598 2390 1720 2424 trans·
1776 2366 1777 2397 l

208 2450 313 2488 latae.
370 2452 477 2495 Quae
500 2452 563 2502 qui
590 2452 816 2503 probaverit,
857 2453 886 2489 is
916 2453 1108 2490 Herodoto
1139 2465 1283 2489 omnem
1317 2451 1429 2488 fidem
1467 2452 1629 2501 deneget
1653 2466 1720 2491 ne-
1774 2437 1777 2501 J

207 2530 308 2554 cesse
338 2523 414 2564 est,
463 2532 572 2568 quam
601 2519 686 2556 mihi
721 2532 897 2557 summam
936 2533 1038 2566 esse,
1090 2519 1187 2556 haud
1214 2532 1288 2556 uno
1317 2518 1396 2556 loco
1426 2518 1498 2556 iam
1528 2520 1721 2558 declaravi.
1774 2526 1775 2529 ’

209 2584 333 2627 Quare
379 2586 498 2623 malim
543 2588 590 2624 ad
629 2587 858 2625 Valckenarii
896 2592 1007 2637 atque
1054 2586 1184 2635 Ilgenii
1221 2590 1346 2637 partes
1387 2587 1560 2624 accedere
1605 2591 1641 2624 et
1674 2601 1719 2625 ex

207 2650 379 2700 Aegypto
420 2653 584 2691 Graecae
621 2654 766 2691 fabulae
803 2655 962 2703 origines
1001 2659 1178 2705 repetere.
1235 2653 1294 2690 Ad
1321 2653 1561 2703 agriculturae
1596 2659 1717 2692 autem
1770 2656 1777 2706 ᾖ

208 2719 375 2755 notiones
406 2719 563 2756 fabulam
593 2726 758 2770 spectare
792 2721 850 2757 vix
888 2722 1055 2770 equidem
1093 2721 1298 2758 dubitarim.
1357 2720 1454 2757 Nam
1487 2720 1720 2770 Trophonium

210 2786 373 2822 novimus
406 2787 561 2823 eundem
591 2800 671 2824 esse
700 2793 810 2837 atque
846 2786 1060 2825 Mercurium
1089 2801 1190 2835 eum,
1229 2788 1291 2837 qui
1322 2788 1388 2824 sub
1415 2788 1523 2824 terris
1552 2788 1718 2836 habetur,

211 2848 372 2902 χθόνιος
401 2853 474 2891 sive
504 2848 722 2906 ἒριούνιοςς
752 2855 813 2903 qui
841 2856 989 2903 quando
1022 2868 1043 2893 e
1072 2855 1221 2892 cameris
1253 2855 1507 2892 subterraneos
1529 2855 1717 2894 thesauros
