1814 3315
599 218 873 270 ⁴cmo.
931 218 959 256 1.

1364 222 1445 262 171

151 331 424 387 3κατύπερθε
461 333 522 387 τῷ
560 327 734 385 πολέμῳ
782 327 1027 384 Τεγεητέων
1064 328 1276 383 γενοίατο.
1335 328 1362 385 ἡ
1395 330 1442 373 δὲ

180 414 330 467 Πυθίη
362 421 440 467 σφι
472 410 647 466 ἔχρησε,
687 408 741 452 τὰ
775 405 979 463 Ὀρέστεω
1012 410 1094 450 τοῦ
1129 406 1447 463 Ἀγαμέμνονος

178 491 302 536 ὀστέα
331 488 696 544 ἐπαγαγομένους.

757 484 815 539 ὥς
845 487 892 531 δὲ
920 485 1122 542 ἀνευρεῖν
1164 484 1248 530 οὐκ
1278 483 1368 530 οἷοί
1397 502 1444 531 τε
1459 494 1503 528 7ο

179 569 370 626 έγινέατο
409 567 489 623 τήν
525 566 672 624 θήκην
701 570 785 611 τοῦ
819 566 1053 622 Ὀρέστεω,
1100 567 1294 622 ἔπεμπον
1324 560 1447 617 αὖτις

177 647 255 703 τὴν
283 647 325 698 ἐς
353 646 460 691 θεὸν
489 646 852 703 ἐπειρησομένους
879 645 957 689 τὸν
992 649 1136 702 χῶρον
1166 646 1213 689 ἓν
1243 649 1304 703 τρῖ-
1335 643 1447 689 κέοι-

149 731 230 771 4το
271 726 294 770 ὁ
334 726 547 783 Ὀρέστης.
608 729 817 782 εἰρωτῶσι
856 727 902 770 δὲ
939 730 1076 769 ταῦτα
1115 730 1228 770 τοῖσι
1257 724 1444 780 θεοπρό·

174 819 297 850 ποισι
325 807 437 863 λέγει
473 805 500 863 ἡ
533 808 683 862 Πυθίη
712 806 834 850 τάδε·

249 883 355 922 ’Ἐστι
382 901 437 928 τις
461 884 645 932 Ἀρκαδίης
675 884 788 931 Τεγέη
809 887 924 932 λευρῷ
952 884 1006 921 ἐνὶ
1028 883 1145 932 χώρῳ,

259 943 341 979 ἐνθ’
371 943 500 990 ἄνεμοι
524 946 690 982 πνείουσι
715 944 786 981 δύο
820 946 997 989 κρατερῆς
1022 939 1082 980 ὑπ’
1110 941 1282 988 ἀνάγκης,
1459 944 1504 979 75

256 1002 317 1037 καὶ
339 1002 456 1046 τύπος
479 1001 700 1045 ἀντίτυπος,
736 1002 798 1038 καὶ
824 1000 910 1048 πῆμ’
941 1000 1000 1038 ἐπὶ
1025 1000 1166 1047 πήματι
1192 1005 1321 1037 κεῖται.

122 1177 219 1227 phill
243 1177 408 1217 Monacc.
424 1179 548 1230 Ipag.
567 1180 648 1221 255
669 1179 777 1216 scribi

122 1233 196 1270 vult
217 1231 392 1285 γειοίατ’
425 1231 496 1275 ἂν.
539 1236 622 1279 Qua
651 1239 776 1273 tamen

121 1290 296 1340 particuli
314 1291 442 1329 iterata
464 1305 584 1342 neque
604 1293 681 1340 hic,
712 1305 777 1330 ne-

122 1359 194 1395 que
221 1347 315 1384 infra
346 1348 391 1396 V,
419 1352 496 1396 92,
529 1351 553 1390 6
588 1349 677 1397 (ubi
708 1362 776 1399 pro

121 1399 307 1442 κάλλιστα
363 1405 537 1456 Ριοροηίῐ
600 1400 780 1444 ammam-³

122 1455 213 1509 ἂν)
249 1460 355 1497 nobis
389 1475 482 1512 opus
510 1475 593 1500 esse
623 1462 775 1500 videtur.

122 1537 177 1544 --
216 1515 277 1553 Ad
334 1518 487 1555 sormam
545 1515 778 1570 ἱλασάμενοι

121 1573 215 1611 conf.
240 1572 371 1611 Matth.
398 1573 434 1626 ἓ.
462 1576 544 1617 238
567 1589 654 1626 pag.
682 1575 776 1617 465.

179 1626 295 1669 ὀστέα
324 1629 664 1685 ἐπαγαγομένους]
703 1632 779 1670 scil.

123 1686 434 1740 κατυπερτέρους
458 1687 657 1741 γενέσθαι.
702 1689 779 1726 Ubi

123 1744 348 1781 accusativus
368 1758 443 1783 non
463 1746 631 1794 offendit,
651 1758 779 1796 quam-

121 1800 175 1836 vis
220 1802 417 1850 praecedat
472 1803 616 1840 dativus
668 1814 776 1852 σφιν

123 1856 232 1893 Conf.
259 1861 334 1895 not.
363 1859 414 1895 ad
443 1858 480 1907 Ι,
513 1861 551 1901 3.
582 1881 638 1887 —-
664 1854 777 1911 θήκη

123 1912 273 1950 loculum
298 1915 444 1953 indicat.
482 1915 567 1953 Vid.
607 1919 700 1954 nott.
731 1916 779 1953 ad

121 1969 175 2018 Π,
205 1972 270 2011 67.

179 2025 355 2078 ἔπεμπον
377 2021 490 2077 αὖτις
506 2044 580 2080 την
602 2027 642 2075 ἐς
661 2025 780 2080 θεὸν]

124 2098 145 2121 τ
158 2098 218 2134 ην
245 2082 285 2131 ές
300 2081 401 2124 θεόυ
416 2086 545 2123 melito
566 2091 780 2123 revocarunt

124 2140 286 2178 Gronov.
348 2145 384 2179 et
447 2143 779 2191 Schweighaeuser.

124 2196 222 2234 Nam
259 2197 444 2237 deleverat
479 2199 668 2237 articulum
705 2214 779 2250 την

124 2253 403 2304 ἶνεεεεεΙίῃςίυε.
442 2253 576 2293 Aldina
602 2255 648 2303 ἐς
693 2253 779 2296 τὸν

125 2307 245 2360 eain),-
292 2325 497 2362 perperam.
544 2312 606 2350 Tu
642 2312 713 2350 vid.
748 2313 779 2361 I,

128 2369 207 2408 109
238 2368 326 2418 ibiq.
355 2373 431 2407 not.
469 2368 655 2407 Lambert.
690 2370 779 2407 Bos.

128 2423 175 2461 de
197 2423 346 2474 Ellipss.
373 2425 418 2463 L.
443 2426 508 2463 Gr.
537 2440 574 2477 p.
595 2427 676 2467 331
700 2439 778 2476 seq.

128 2480 210 2522 335
247 2485 284 2519 et
317 2482 480 2532 inprimis
517 2496 612 2533 quae
637 2483 685 2519 ad
725 2496 782 2521 re-

128 2540 270 2586 ceptam
320 2537 511 2577 lectionem
566 2539 782 2577 firmandam

129 2592 280 2630 contulit
307 2594 355 2632 W
358 2596 461 2634 erfer.
494 2596 516 2632 l.
547 2595 572 2633 l.
604 2609 691 2647 pag.
713 2598 782 2637 75

131 2647 311 2698 Supplent
331 2654 453 2690 autem
467 2651 578 2701 vulgo
602 2649 707 2695 ὁδόν
728 2674 785 2680 —-

131 2700 228 2741 Ante
271 2700 452 2758 Ὀρέστης
499 2709 648 2758 quidam
705 2708 785 2747 lib1i

134 2758 301 2798 omittunt
318 2763 545 2802 articulum
522 2781 558 2804 0.
588 2764 700 2803 Male.

192 2817 353 2880 λευρῷ
386 2818 446 2859 ἐνὶ
471 2816 613 2874 χώρῳ]
644 2822 786 2860 Eadem

136 2869 266 2908 locutio
297 2873 334 2912 in
360 2875 513 2915 Homeri
540 2878 680 2928 odyss
706 2878 788 2927 VII,

849 1181 949 1225 121,
973 1177 1034 1214 ubi
1062 1178 1199 1243 λευρῷ
1221 1177 1505 1226 interpretantur

846 1236 959 1288 λείω,
1000 1232 1136 1286 ὁμαλω
1171 1249 1196 1283 η
1233 1235 1375 1271 πλατεῖ
1413 1234 1437 1270 i
1472 1248 1502 1270 e.

844 1305 881 1328 m
903 1294 1067 1342 patente,
1101 1302 1210 1339 aequo
1230 1302 1360 1339 campo.
1382 1289 1505 1339 Ipsum

847 1347 1029 1385 oraculum
1048 1345 1207 1383 affeiunt
1218 1345 1366 1382 Aristid.
1381 1345 1503 1383 Schol.

845 1417 932 1455 pag.
962 1405 1044 1445 213
1075 1416 1153 1452 seq.
1173 1403 1230 1440 ed.
1252 1402 1446 1440 Frouunel.
1470 1406 1507 1441 et

845 1461 1001 1499 Diodor.
1042 1460 1078 1496 in
1127 1459 1314 1510 Excerptt.
1363 1458 1400 1510 ἓ.
1450 1460 1506 1501 32

847 1518 915 1567 (T.
941 1517 975 1555 Π
1012 1531 1047 1567 p.
1075 1517 1128 1557 28
1164 1529 1247 1556 nov,
1280 1516 1361 1553 coll.
1383 1515 1506 1565 Mai),

845 1575 907 1612 ubi
927 1579 1050 1611 tamen
1071 1573 1108 1609 in
1134 1573 1252 1622 primo
1280 1586 1389 1610 versu
1419 1573 1507 1609 seri-

844 1635 949 1682 ptum
971 1630 1103 1679 legitur
1134 1628 1297 1682 Τεγέης,
1325 1630 1361 1667 in
1392 1629 1506 1666 altero

848 1683 906 1726 δυ’
921 1703 964 1726 ω.
995 1686 1045 1723 Et
1069 1687 1163 1723 conf.
1194 1690 1384 1736 praeterea
1409 1686 1507 1722 Pau-

846 1757 924 1781 sau.
944 1744 1018 1792 ΙΙΙ,
1049 1744 1075 1784 3
1108 1741 1144 1793 ἓ.
1169 1742 1194 1784 5
1232 1743 1410 1794 Stephan.
1430 1742 1507 1791 By-

847 1805 944 1839 zant.
969 1815 998 1838 s.
1021 1813 1054 1837 v.
1083 1797 1215 1866 Τεγέα.

905 1856 974 1896 καὶ
1006 1852 1133 1902 τύπος
1175 1851 1410 1902 ἀντίτυπος,
1440 1853 1508 1893 καὶ

849 1910 948 1966 πημ’
976 1911 1041 1953 ἐπι
1075 1908 1229 1964 πήματι
1263 1910 1403 1962 κεῖται]
1434 1912 1509 1948 Ex-

848 1972 953 2023 ponit
967 1970 1132 2008 Noster·
1125 1983 1205 2020 lpse
1219 1969 1397 2019 (itemque
1413 1968 1509 2005 Pau-

850 2027 1010 2066 saniasl.
1029 2027 1072 2076 l.)
1096 2026 1125 2075 I,
1146 2029 1200 2068 68
1213 2027 1404 2063 obscurum
1424 2039 1507 2062 ora-

849 2085 919 2122 culi
949 2086 1098 2130 dictum3
1140 2080 1207 2122 τὸν
1246 2079 1401 2133 ἄκμονα
1440 2080 1509 2121 καὶ

847 2157 922 2194 την
951 2136 1112 2193 σφύραν
1143 2139 1323 2189 (incudem
1352 2144 1389 2177 et
1419 2138 1509 2176 mal-

848 2199 967 2268 ἰεμηι)
998 2211 1081 2235 esse
1111 2197 1162 2234 ait
1189 2211 1260 2236 τον
1289 2193 1419 2235 τύπον
1441 2194 1509 2235 καὶ

848 2253 914 2296 τὸν
942 2250 1053 2294 ἅντίτ
1039 2268 1180 2304 ιυπον,
1220 2254 1320 2303 quod
1357 2252 1509 2290 malleus

848 2313 1016 2350 incudem
1045 2312 1151 2349 feriat
1177 2314 1214 2348 et
1235 2311 1336 2348 incus
1352 2310 1509 2347 vicissim

849 2369 1016 2407 malleum
1045 2367 1101 2416 (s.
1128 2366 1247 2404 mallei
1276 2366 1418 2415 ictum)
1451 2379 1510 2404 re·

848 2426 981 2478 pellat3
1011 2425 1134 2474 itaque
1151 2418 1250 2475 πῆμ’
1271 2422 1335 2463 ἐπὶ
1358 2418 1509 2473 πήματι

848 2486 974 2523 κεῖται
1004 2482 1051 2518 de
1077 2481 1199 2531 ferro,
1248 2481 1351 2529 quod
1377 2479 1510 2517 malleo

849 2552 961 2590 super
1008 2539 1140 2576 incude
1183 2537 1356 2574 tunditur.
1450 2536 1512 2572 Ad

852 2591 1066 2641 ἀντίτυπος
1084 2595 1189 2646 plura
1208 2594 1414 2632 Creuzerus
1443 2592 1466 2632 l.
1487 2591 1512 2629 l.

853 2652 1044 2697 excitavit3
1089 2656 1128 2688 tu
1157 2650 1242 2688 vide
1280 2649 1511 2701 potissimum

853 2709 1049 2747 Ruhnken.
1076 2708 1125 2744 ad
1144 2707 1288 2744 Timaei
1315 2705 1406 2744 Lex.
1425 2705 1511 2742 Pla-

854 2770 929 2804 ton.
960 2777 1046 2816 pag.
1080 2763 1171 2805 157.
1200 2762 1310 2813 Apud
1337 2760 1508 2812 Sophocl.

855 2822 1044 2860 Philoctet.
1083 2823 1178 2862 690.
1225 2818 1334 2860 1438
1372 2817 1510 2855 inveni-

856 2892 938 2919 mus
999 2871 1138 2919 στόνον
1193 2872 1508 2921 ἀντίτυπον,·
