1759 3324
202 739 300 782 1-13
359 762 477 796 τους.

30 803 214 829 Hecataeum
242 803 308 837 glo-

29 837 158 864 riantem
185 835 223 864 de
249 836 308 863 ori-

362 240 447 279 812

760 241 1233 280 HERODOTI

364 348 536 401 δύεται,
587 349 792 393 ἐνθεῦτεν
843 351 908 401 δὶς
948 350 1214 394 ἐπαντεῖλαι·
1267 351 1339 394 καὶ
1382 351 1509 394 ἔνθεν
1547 355 1632 394 νῦν

364 426 608 481 ἀνατέλλει,
648 430 839 473 ἐνθαῦτα
871 430 935 481 ὁὶς
965 432 1228 474 καταδῦναι·
1282 432 1354 474 καὶ
1385 430 1516 474 οὐδὲν
1544 434 1632 473 τῶν

364 506 461 551 κατ’
495 510 719 563 Αἴγυπτον
760 509 846 552 ὑπὸ
886 513 1022 552 ταῦτα
1059 509 1391 567 ἑτεροιωθῆναι,
1436 509 1537 552 οὔτε
1575 509 1629 552 τὰ

363 588 412 631 ἐκ
441 591 516 643 τῆς
548 591 648 643 γῆς,
679 587 780 630 οὔτε
808 587 860 630 τὰ
887 588 933 631 ἐκ
963 593 1043 632 τοῦ
1073 595 1273 646 ποταμοῦ
1305 603 1381 645 σφι
1406 587 1630 645 γινόμενα,

365 666 465 710 οὔτε
499 665 551 708 τὰ
582 664 695 720 ἀμφὶ
736 665 952 717 νούσους,
994 667 1093 711 οὔτε
1122 669 1175 712 τοὶ
1214 669 1322 712 κατὰ
1352 668 1453 719 τοὺς
1483 665 1684 711 θανά-30

302 976 465 1027 pluribus
488 976 623 1013 referre
644 975 792 1022 taedet,
810 988 889 1012 cum
913 976 958 1012 ab

302 1033 485 1069 Herodoti
507 1033 625 1069 verbis
650 1032 709 1069 illa
737 1033 782 1068 sit
806 1033 961 1069 maxime

303 1089 433 1126 aliena.
491 1088 573 1125 Nec
612 1088 751 1125 meliori
794 1102 961 1125 successu

305 1145 395 1183 haec
419 1150 621 1182 tractarunt
639 1145 834 1182 academici
858 1145 961 1181 Pari-

306 1203 465 1248 sienses,
505 1203 551 1239 de
571 1201 606 1238 la
625 1202 775 1247 Nauze,
805 1202 961 1250 Brequi-

305 1273 403 1308 guy,
426 1258 592 1307 Dupuis,
623 1271 774 1307 quorum
796 1259 962 1307 scriptio-

305 1329 371 1353 nes
391 1316 549 1352 insertae
569 1320 715 1351 exstant
734 1320 821 1352 tom.
834 1315 961 1351 XXIX

305 1372 467 1410 memoir.
500 1371 546 1408 de
569 1371 695 1408 l’acad.
717 1373 782 1409 des
801 1372 961 1422 inscript.

305 1442 392 1480 pag.
417 1427 471 1469 64
497 1441 599 1476 seqq.
657 1427 739 1465 Nec
770 1430 962 1466 defuerunt

305 1490 432 1522 nostra
464 1489 604 1531 aetate,
636 1485 716 1533 qui,
756 1498 838 1521 cum
866 1499 962 1522 sum-

305 1555 401 1580 mam
421 1541 676 1590 antiquitatem
695 1542 961 1591 Aegyptiorum

305 1599 413 1636 rebus
450 1611 611 1635 asserere
649 1598 841 1635 studerent
859 1628 870 1645 ,
912 1599 960 1635 ad

304 1655 489 1692 Herodoti
516 1667 663 1703 quoque
693 1654 810 1691 locum
828 1668 962 1704 provo-

304 1715 431 1749 carent
452 1724 608 1759 eumque
631 1723 676 1748 ex
698 1711 839 1749 diverso
863 1716 960 1748 statu

304 1769 490 1816 signorum
510 1768 650 1804 zodiaci
671 1772 709 1804 et
729 1769 877 1805 scientia
899 1781 960 1805 ae-

303 1825 568 1873 quinoctiorum
583 1825 688 1861 certis
703 1825 862 1874 periodis
875 1838 962 1875 pro-

303 1881 549 1929 gredientium
572 1881 787 1930 explicatum
813 1882 958 1919 vellent.

303 1937 399 1975 Vide
418 1950 512 1986 quae
536 1939 623 1974 citat
644 1938 774 1974 Creuz.
797 1938 833 1974 in
851 1939 959 1987 Sym-

304 1994 365 2030 bol
384 1993 397 2029 Ι
419 2007 455 2043 p.
477 1996 557 2035 268
574 1997 652 2030 not.
671 1995 752 2035 323
774 2007 849 2043 seq.
862 1994 958 2042 435,

304 2049 430 2098 ibique
467 2051 661 2100 praecipue
696 2050 802 2087 Remi
838 2053 957 2099 Raige

305 2106 342 2141 in
363 2107 468 2142 mem.
488 2112 683 2143 astronom.
705 2108 892 2157 (descript.
911 2108 958 2145 de

304 2161 398 2209 l’Eg.
419 2162 496 2212 IP-
524 2165 600 2203 169
624 2175 727 2211 seqq.
761 2168 796 2200 et
818 2164 906 2200 ibid.
924 2164 957 2200 ll

304 2231 340 2268 p.
371 2218 483 2265 257).
524 2218 688 2255 Fourier.
720 2220 755 2255 in
786 2220 957 2270 descript.

305 2275 353 2310 de
374 2273 467 2322 l’Eg.
491 2275 632 2322 antiqq.
663 2275 738 2311 livr.
760 2276 823 2312 ΠΙ.
853 2278 959 2313 mem.

304 2333 391 2366 tom.
419 2330 434 2365 Ι
463 2342 549 2379 pag.
580 2332 672 2371 819.
703 2333 795 2371 821.
856 2332 959 2369 Idem

305 2398 403 2423 nuuc
432 2386 556 2422 addit:
608 2387 758 2423 Gerres.
785 2387 958 2435 Mythen-

306 2441 429 2491 gesch.
454 2456 489 2491 p.
504 2442 585 2482 415
598 2447 671 2479 not.
695 2443 774 2492 (qui
795 2445 843 2479 ad
866 2445 957 2480 duas

304 2498 477 2549 periodos
509 2499 698 2535 Sothiacas
727 2501 816 2536 haec
844 2500 958 2536 relata

303 2554 398 2602 vult)
427 2559 464 2591 et
489 2554 656 2592 Giidicke
690 2556 823 2593 Berlin.
855 2556 958 2593 Zeit-

305 2610 431 2648 schrift
456 2612 512 2647 fiir
539 2610 757 2649 Wissensch.
778 2626 811 2648 u.
834 2612 958 2649 Kunst

305 2667 321 2704 1
346 2680 382 2718 p.
399 2668 653 2708 350—372.

479 2751 511 2788 c
524 2762 544 2787 a
557 2763 592 2801 p.
624 2750 790 2788 chni.

367 2829 562 2887 πρότερον
603 2833 646 2874 δὲ
686 2833 876 2888 Ἑκαταίῳ
907 2839 962 2890 τῷ

304 2893 504 2945 λογοποιῷ
535 2906 570 2930 κ.
592 2906 624 2930 τ.
645 2889 693 2942 λ.]
742 2891 961 2930 Hecataeum

541 744 769 799 Πρότερον
797 744 844 788 δὲ
880 745 1088 804 Ἑκαταίῳ
1118 754 1178 806 τῷ
1208 751 1432 805 λογοποιῷ
1462 747 1508 791 ἐν
1541 745 1628 803 Θή-

1033 975 1082 1014 M
1080 977 1216 1014 ilesz'um
1227 1006 1237 1023 ‚
1264 976 1325 1025 qui
1347 976 1557 1026 quingentis
1574 976 1687 1013 ferme

1031 1036 1136 1071 annis
1165 1047 1196 1070 a.
1218 1033 1304 1070 Chr.
1331 1045 1367 1069 n.
1395 1034 1536 1079 floruit,
1565 1033 1688 1069 Hero-

1031 1092 1136 1128 dotus
1158 1090 1192 1127 h.
1212 1090 1235 1126 l.
1256 1089 1435 1138 intelligit.
1482 1089 1577 1135 Qui,
1606 1088 1687 1138 plu-

1029 1148 1130 1184 ribus
1168 1147 1266 1183 orbis
1304 1150 1482 1184 terrarum
1518 1145 1686 1196 partibus

1028 1204 1257 1255 perlustratis
1277 1232 1287 1251 ,
1334 1216 1424 1254 opus
1462 1202 1686 1249 condiderat,

1030 1261 1130 1310 quod
1159 1259 1344 1310 inscripsit
1381 1261 1455 1312 γῆς
1484 1258 1686 1309 περίοδον,

1030 1330 1103 1366 qua
1131 1317 1250 1353 varias
1281 1321 1461 1353 terrarum
1485 1319 1607 1366 partes
1637 1315 1684 1352 ab

1028 1374 1110 1423 ipso
1136 1373 1372 1423 pei-lustratas
1405 1376 1572 1410 accurate
1600 1384 1685 1421 per-

1031 1431 1217 1480 scripsisse
1242 1431 1356 1466 fertur
1382 1430 1551 1477 adeoque
1578 1428 1684 1464 tabu-

1030 1487 1102 1523 lam
1140 1501 1167 1523 s.
1198 1498 1368 1536 mappam
1403 1485 1683 1535 geographicam

1030 1544 1228 1588 adiecisse,
1259 1543 1305 1579 de
1334 1555 1404 1591 qua
1432 1541 1570 1579 Noster
1591 1541 1684 1577 infra

1029 1600 1061 1635 V
1065 1629 1074 1646 ‚
1093 1599 1158 1641 49.
1208 1599 1308 1635 Alios
1328 1603 1522 1649 praeterea
1540 1597 1685 1647 scripsit

1028 1655 1139 1692 libros
1164 1656 1324 1692 historici
1358 1655 1563 1705 argumenti
1584 1666 1606 1690 a
1622 1667 1683 1691 ve-

1029 1713 1166 1750 teribus
1205 1713 1340 1762 passim
1371 1714 1683 1758 commemoratos,

1027 1781 1096 1806 nec
1116 1769 1310 1806 Herodoto
1329 1769 1490 1817 ignotos,
1511 1767 1585 1817 qui,
1602 1780 1682 1804 cum

1029 1838 1162 1874 magna
1192 1829 1289 1863 esset
1316 1825 1494 1863 Hecataei
1529 1824 1684 1860 auctori-

1028 1886 1084 1919 tas
1101 1911 1112 1928 ,
1151 1895 1226 1918 non
1258 1882 1374 1919 solum
1402 1882 1513 1919 multa
1539 1880 1684 1917 videtur

1028 1940 1192 1976 omisisse
1214 1967 1225 1985 ,
1275 1951 1370 1988 quae
1407 1939 1454 1975 ab
1492 1937 1682 1974 Hecataeo

1027 1997 1115 2033 satis
1138 1996 1209 2032 iam
1238 1996 1406 2045 exposita
1430 1995 1591 2040 videret,
1621 2006 1683 2030 ve·-

1026 2065 1105 2089 rum
1140 2051 1210 2088 alia
1243 2065 1412 2101 quoque,
1443 2064 1538 2100 quae
1565 2051 1680 2087 minus

1026 2109 1121 2146 bene
1150 2109 1196 2144 ab
1226 2108 1288 2145 illo
1313 2109 1447 2145 tradita
1466 2111 1609 2153 essent,
1641 2109 1681 2143 ut

1027 2165 1239 2202 emendaret
1257 2194 1268 2212 ,
1319 2166 1387 2202 sibi
1431 2163 1679 2214 proposuisse.

1025 2221 1138 2258 Unde
1166 2221 1321 2268 factum,
1351 2226 1390 2258 ut
1408 2221 1571 2257 acerbius
1595 2220 1680 2256 sub-

1026 2278 1112 2314 inde
1142 2277 1366 2314 Hecataeum
1396 2281 1549 2324 tangere
1585 2277 1680 2313 eius-

1028 2333 1186 2380 demque
1216 2334 1406 2383 opiniones
1440 2333 1556 2369 acrius
1595 2345 1680 2382 per-

1027 2389 1211 2436 stringere
1250 2390 1417 2426 videatur
1454 2389 1678 2426 Herodotus.

1025 2444 1110 2481 Vid.
1128 2449 1204 2481 not.
1227 2446 1274 2481 ad
1303 2445 1361 2492 11,
1388 2448 1452 2486 21.
1477 2447 1531 2486 68
1547 2446 1595 2482 in.
1623 2448 1677 2486 71

1025 2501 1103 2537 init·
1133 2503 1198 2540 77.
1229 2502 1306 2542 156
1334 2506 1371 2539 et
1394 2502 1616 2539 Creuzerum
1642 2503 1679 2539 in

1023 2558 1154 2605 fragm.
1184 2556 1266 2594 hist.
1305 2571 1391 2608 pag.
1420 2561 1485 2599 22.
1573 2558 1680 2602 Quae

1026 2614 1095 2650 hoc
1122 2613 1201 2649 loco
1231 2615 1353 2663 tangit
1371 2615 1605 2661 Herodotus,
1636 2628 1679 2652 ea

1026 2669 1243 2719 pertinuisse
1269 2672 1439 2708 videntur
1471 2672 1518 2707 ad
1548 2686 1678 2722 γενεα-

1028 2728 1174 2775 λογιῶν
1194 2740 1285 2776 opus
1299 2757 1308 2775 ‚
1339 2740 1411 2776 quo
1429 2727 1678 2765 celeberrimo-

1030 2794 1106 2818 rum
1119 2783 1293 2821 Graeciae
1312 2784 1494 2820 hominum
1513 2784 1681 2821 heroum-

1031 2851 1102 2887 que
1124 2839 1253 2876 seriem
1271 2845 1517 2878 enumeratam
1536 2853 1679 2877 eorum-

1031 2907 1102 2943 que
1123 2907 1179 2932 res
1203 2900 1325 2944 gestas
1351 2897 1464 2934 literis
1488 2897 1681 2946 consigna-
