1805 3315
310 249 366 289 34
724 242 1191 283 HERoDo'ri

289 355 542 407 5,,τούτων,
569 354 702 409 χίλιαι
726 352 1007 408 πεντήκοντα.
1045 354 1235 397 τουτέων
1268 356 1353 396 τῶν
1390 350 1594 395 ἁπασέων
1655 367 1708 408 16

314 433 546 491 ,,ἡμερέων,
575 436 664 475 τῶν
681 431 724 482 ἐς
741 430 792 474 τοὶ
815 430 1114 487 ἑβδομήκοντα
1126 433 1219 475 ἔτεα
1235 431 1425 475 ἐουσέων
1444 428 1619 486 mmai-2

313 529 482 564 ,,κοντα
511 511 585 556 καὶ
615 512 852 567 διηκοσίων
880 510 955 554 καὶ
995 509 1308 566 ἑξακισχιλιέων
1343 509 1416 554 καὶ
1451 511 1599 563 δισμυ-

316 591 501 648 ,,ριέων,
529 587 558 647 ἦ
586 588 708 647 ἑτέρη
741 587 907 633 αὐτέων
927 592 981 646 τῇ
1006 588 1128 646 ἑτέρῃ
1151 588 1288 646 ἡμέρῃ
1316 589 1364 633 τὸ
1392 588 1599 644 παράπαν

292 683 340 724 6,,
350 670 479 715 οὐδὲν
500 668 658 725 ὁμοῖον
676 667 889 725 προσάγει
907 672 1094 725 πρῆγμα.
1126 667 1241 712 οὕτω
1264 665 1339 722 ὦν,
1368 664 1401 712 ὦ
1420 670 1622 722 Κροῖσε,5

294 763 343 803 7,,
354 753 444 793 πᾶν
460 747 549 792 ἐστι
559 746 795 804 ἄνθρωπος
808 747 1029 805 συμφορή.
1053 747 1148 804 ἐμοὶ
1162 748 1207 792 δὲ
1220 749 1274 792 σύ
1286 748 1359 792 καὶ
1378 748 1602 791 πλουτέειν

317 828 430 884 »μὲν
471 827 579 884 μέγα
617 828 816 884 φαίνεαι,
855 827 929 870 καὶ
958 827 1159 882 βασιλεύς
1190 826 1301 871 εἶναι
1331 831 1503 871 πολλῶν
1532 824 1604 869 ἀν·

317 905 563 963 ,,θρω’πων·
593 907 730 950 έκεῖνο
761 905 807 949 δὲ
831 904 879 950 τό
909 905 1023 960 εἴρεό
1053 922 1117 962 με,
1149 906 1266 949 οὔκω
1296 917 1342 949 σε
1369 905 1450 961 ἐγώ
1480 903 1604 960 λέγω,

318 985 459 1040 »πρὶν
497 984 553 1029 ἂν
589 984 898 1042 τελευτήσαντα
936 988 1079 1035 καλῶς
1107 984 1184 1028 τὸν
1212 986 1351 1028 αἰῶνα
1379 982 1604 1039 πύθωμαι.

299 1063 411 1119 8,,ού
436 1063 520 1121 γάρ
550 1080 619 1108 τοι
648 1063 671 1109 ὁ
700 1064 808 1121 μέγα
837 1062 1049 1115 πλούσιος
1066 1068 1236 1121 μᾶλλον
1254 1067 1335 1107 τοῦ
1354 1061 1415 1106 ἐπ’
1443 1060 1653 1118 ἡμέρηνιο

323 1177 348 1197 ,,
361 1145 532 1201 ἔχοντος
561 1142 820 1200 ὀλβιώτερός
850 1144 953 1188 ἐστι.
983 1144 1020 1187 εἰ
1058 1141 1118 1200 μή
1155 1144 1198 1187 οῖ
1234 1140 1341 1198 τύχη
1370 1141 1608 1194 ἐπίσποιτο,

325 1223 506 1277 »πάντα
542 1222 655 1268 καλὰ
693 1223 846 1280 ἔχοντα
884 1226 1133 1280 τελευτῆσαι
1173 1217 1224 1267 εὖ
1251 1221 1331 1266 τόν
1359 1223 1472 1279 βίον.
1501 1225 1611 1266 πολ-

340 1429 424 1466 πᾶν
463 1425 544 1466 ἔστι
585 1422 805 1478 ἅνθρωπος
839 1436 936 1476 συμ-

287 1481 420 1534 φορή]
450 1484 473 1520 i.
498 1497 528 1521 e.
552 1512 575 1530 „
589 1482 685 1519 homo
704 1485 854 1532 quantus
875 1485 937 1529 est,

281 1540 453 1591 fortunae
480 1540 618 1577 casibus
655 1543 705 1575 est
736 1539 902 1575 obnoxius
914 1539 939 1558 ‘⁶

287 1601 329 1633 ut
366 1601 463 1634 recte
501 1596 607 1634 vertit
636 1595 802 1643 Schwgh.
859 1595 941 1632 Nec

288 1652 392 1690 aliter
421 1651 617 1690 Matthiae:
648 1651 734 1698 „m'l
763 1653 835 1688 nin·
857 1650 941 1701 for-

291 1712 397 1745 tunae
425 1709 640 1758 expositus.“
698 1706 741 1742 In
767 1719 839 1756 qua
867 1708 943 1743 for-

291 1764 388 1803 mula
425 1764 621 1813 legitimum
661 1776 743 1800 esse
775 1767 942 1800 neutrum

291 1823 374 1860 πᾶν
419 1821 619 1869 (quoniam
655 1821 778 1866 fuere,
818 1820 879 1868 qui
905 1819 943 1856 in

293 1879 373 1923 πᾶς
393 1881 569 1914 mutatum
579 1875 744 1924 vellent),
761 1876 856 1913 idem
877 1888 943 1912 an-

294 1937 421 1980 notat,
471 1932 689 1982 Sophoclem
725 1931 877 1968 laudans
906 1931 944 1968 in

295 1989 481 2027 Philoctet.
504 1992 607 2030 902:
634 1984 790 2026 ἅπαντα
811 1985 944 2038 δυσχέ-

298 2060 384 2097 ρεια
413 2050 450 2082 et
481 2045 651 2081 Passow:
692 2045 780 2081 iiber
809 2043 945 2081 Zweck

299 2101 434 2151 griech.
456 2100 707 2138 W‘iirterbiich,
724 2114 758 2150 p.
782 2103 847 2142 73.
904 2099 947 2136 In

300 2159 461 2195 Gramm.
474 2157 539 2193 Gr.
552 2155 587 2208 ἓ.
600 2157 681 2197 437
692 2161 766 2192 not.
781 2158 806 2197 3
817 2170 852 2206 p.
865 2157 946 2196 818

300 2216 383 2252 πᾶν
415 2213 551 2250 mavult
589 2214 640 2249 ita
677 2212 870 2262 explicare,
909 2215 950 2248 ut

301 2283 369 2320 pro
391 2269 560 2307 adverbio
585 2268 745 2319 positum
771 2268 946 2305 videatur.

305 2321 548 2376 συμφορή
577 2324 742 2361 hocloco
772 2328 950 2360 nontam

306 2382 353 2418 de
377 2381 598 2428 calamitate,
629 2384 669 2417 ut
688 2380 794 2417 homo
805 2380 950 2416 omnino

305 2436 489 2474 calamitas
510 2451 540 2474 S.
555 2436 782 2473 calamitosus
803 2437 952 2483 dicatur,

306 2505 400 2542 quae
421 2492 653 2541 NVesselingii
681 2497 737 2529 est
762 2493 953 2538 sententia,

307 2561 416 2597 quam
436 2549 483 2585 de
508 2549 651 2585 fortuna
683 2549 833 2598 eiusque
848 2549 954 2584 vicis-

307 2604 521 2640 situdinibus
558 2604 834 2652 intelligendum
871 2617 956 2641 esse

309 2663 346 2697 et
363 2660 444 2709 ipsa
459 2660 607 2697 voculae
623 2661 722 2697 notio
741 2667 776 2698 et
788 2661 956 2697 universa

308 2715 413 2752 huius
431 2714 499 2752 loci
519 2716 609 2752 ratio
630 2717 717 2752 satis
744 2718 876 2754 docere
901 2716 955 2751 vi-

310 2772 426 2808 detur.
483 2771 580 2807 Hinc
619 2771 798 2809 Plutarch.
826 2773 864 2809 in
892 2772 954 2807 vit.

311 2826 438 2863 Solon.
464 2839 501 2876 p.
523 2826 590 2872 94,
607 2825 653 2864 B.
679 2828 722 2865 C.
744 2842 772 2864 c.
792 2832 846 2869 27
871 2827 956 2865 red-

312 2882 405 2920 didit
433 2878 602 2934 τύχην.
661 2883 859 2934 Comparat
888 2884 956 2921 Cr.

1003 1423 1143 1463 Platon.
1167 1423 1213 1461 de
1222 1422 1342 1473 Legg.
1361 1422 1413 1460 IV
1433 1437 1470 1474 p.
1492 1425 1589 1472 709,
1609 1421 1655 1470 A,

1004 1482 1066 1531 qui
1086 1485 1282 1531 postquam
1306 1481 1446 1517 dixerat
1477 1476 1591 1531 τύχαι
1614 1477 1657 1518 δὲ

1005 1536 1074 1576 καὶ
1110 1535 1316 1588 συμφοραὶ
1366 1540 1555 1576 παντοῖαι
1595 1536 1659 1574 πί-

1005 1604 1176 1633 πτουσαι
1233 1593 1432 1639 παντοίως
1487 1597 1659 1644 νομοθε-

1006 1651 1122 1688 τοῦσι
1153 1646 1201 1687 va*
1240 1645 1372 1688 πάντα
1408 1647 1530 1700 ἡμῖν,
1570 1649 1660 1687 haec

1007 1705 1117 1757 paulo
1142 1706 1290 1743 inferius
1324 1706 1448 1753 addit,
1487 1718 1582 1755 quae
1610 1706 1659 1742 ad

1007 1762 1190 1799 Herodoti
1219 1763 1331 1799 verba
1360 1761 1572 1799 illustranda
1592 1775 1660 1813 ap-

1008 1819 1124 1869 prime
1161 1819 1316 1856 faciunt:
1362 1814 1419 1857 τύ
1429 1833 1450 1869 χ
1463 1834 1515 1866 ας
1557 1815 1661 1858 εἶναι

1011 1871 1148 1925 σχεδον
1206 1871 1408 1914 ἅπαντα
1463 1871 1520 1914 τοὶ
1575 1869 1659 1914 οἷν-

1009 1926 1158 1981 θρῶπ
1174 1946 1257 1970 ινα
1282 1926 1660 1983 πραγματαμςοΙΙ.

1010 1987 1179 2038 Epinom.
1195 2002 1232 2038 p.
1251 1990 1346 2035 973,
1365 1988 1408 2025 C.

1070 2043 1196 2083 έκεῖνο
1237 2041 1279 2082 δὲ
1326 2041 1377 2083 vd
1414 2039 1549 2095 εἴρεό
1582 2059 1609 2094 μ
1629 2041 1661 2093 ε]

1012 2099 1175 2150 Duplicis
1196 2101 1388 2137 accusativi
1407 2106 1492 2151 post
1509 2102 1663 2137 interro—

1015 2156 1127 2204 gandi
1149 2157 1258 2193 verba
1277 2162 1455 2194 structura
1472 2170 1515 2194 ex
1531 2157 1600 2194 hoc
1610 2155 1665 2192 1ο-

1017 2224 1059 2248 co
1109 2213 1290 2260 tenenda‚
1346 2218 1491 2251 auctore
1529 2212 1661 2249 Matth.

1016 2265 1053 2317 ἓ.
1078 2267 1172 2315 417,
1191 2282 1210 2304 c
1240 2282 1276 2318 p.
1300 2269 1405 2316 764,
1435 2282 1543 2318 quem
1571 2269 1666 2305 bene

1017 2324 1192 2370 advertit,
1215 2325 1314 2372 quod
1327 2326 1430 2362 mitio
1452 2324 1586 2362 huius'
1578 2324 1666 2376 lpsi-

1016 2393 1059 2415 us
1089 2381 1216 2428 capitis
1255 2380 1405 2428 legitur·
1451 2380 1667 2446 έπειρωτας

1019 2451 1046 2486 μ
1059 2449 1076 2473 ε
1106 2430 1378 2485 ἅνθρωπηῖων
1423 2449 1668 2488 πραγματων

1020 2489 1103 2541 πέρ
1118 2506 1144 2529 ι.
1202 2491 1314 2528 Paulo
1333 2497 1419 2542 post
1447 2494 1493 2530 de
1518 2493 1668 2529 locutio-

1019 2559 1067 2584 ne
1090 2548 1278 2596 μᾶλλον
1295 2544 1668 2598 -ολβιεότερος

1022 2604 1065 2641 ef.
1089 2602 1123 2649 Ι,
1154 2604 1218 2643 31.
1249 2603 1429 2654 Matth.§.
1441 2604 1523 2645 458
1535 2618 1568 2654 p.
1584 2603 1666 2645 855

1023 2663 1059 2696 et
1072 2659 1118 2695 de
1138 2659 1301 2695 infinitivi
1328 2672 1393 2695 usu
1414 2665 1498 2709 post
1517 2660 1668 2697 locutio-

1021 2727 1086 2751 nes
1099 2743 1109 2760 ,
1149 2727 1242 2762 quae
1269 2717 1465 2751 accuratius
1501 2716 1670 2766 explicari

1023 2771 1180 2807 debeant
1207 2766 1368 2818 (πάντα
1398 2768 1497 2810 καλοὶ
1530 2772 1668 2822 ἔχοντα

1021 2827 1352 2878 τελευτῆσαι)
1374 2828 1460 2865 ibid.
1487 2826 1668 2879 §.532,d

1020 2895 1057 2933 p.
1079 2881 1197 2923 1040.
