1759 3324
347 254 430 294 768

757 244 1227 289 HERODOTI

14 382 117 434 53ng
142 371 295 441 kiliigdeiiiii
351 363 576 418 Αἴγυπτον
605 359 811 416 μεγάλως.
857 358 960 414 μετὰ
991 357 1037 401 δὲ
1065 359 1248 407 τοῦτον,
1295 351 1612 410 βασιλεύσαντά
1625 358 1669 393 35

16 441 116 476 operis
127 445 185 486 ’.et
203 441 295 480 [naxi-

15 483 92 547 2¹:51¹?
91 474 295 537 58ὲὲἒὲἶὲῗέ

15 542 150 572 aedibus.

323 449 507 496 Ξσφεων
537 440 708 491 Χέοπα,
757 439 801 490 ἐς
829 442 975 480 πᾶσαν
1013 432 1229 491 κακότητα
1258 431 1420 476 ἐλάσαι.
1478 447 1613 475 κατα-

351 523 585 576 κληΐσαντα
613 516 698 574 γάρ
728 534 803 572 μιν
832 515 974 560 πάντα
999 514 1050 560 τά
1078 513 1175 569 ἱρά,
1210 518 1360 567 πρῶτα
1380 510 1458 567 μέν
1480 522 1615 566 σφεας

348 598 544 643 θυσιέων
574 596 776 650 α’πέρξαι·
835 595 940 651 μετὰ
970 595 1037 645 δὲ,
1082 592 1336 649 ἐργάζεσθαι
1366 591 1513 649 έωυτῷ
1543 605 1614 632 κε-

319 685 340 720 3
350 677 494 721 λεύειυ
533 675 699 725 πάντας
731 677 1010 729 Αἰγυπτίους.

1070 677 1183 715 τοῖσι
1216 672 1294 726 μὲν
1325 669 1377 726 δὴ
1410 667 1614 713 ἀποδεδέ-

348 761 475 811 χθαι,
530 754 575 797 ἐκ
604 757 690 796 τῶν
719 752 1006 806 λιθοτομιέων
1036 754 1123 794 τῶν
1162 750 1208 793 ἐν
1233 753 1294 806 τῷ
1319 747 1504 804 Ἀραβίῳ
1536 745 1614 791 οὕ-

351 843 437 889 ρεϊ,
477 833 524 876 ἐκ
553 833 742 876 τουτέων
780 831 918 874 ἕλκειν
957 833 1112 880 λίθους
1147 828 1270 884 μέχρι
1305 831 1387 871 τοῦ
1423 829 1670 871 Νείλου·90

296 1056 354 1081 ειν
375 1041 469 1079 conf.
488 1039 528 1088 Ι,
555 1041 608 1080 66
631 1038 755 1087 ibique
771 1041 863 1075 nott.
895 1059 950 1065 —

294 1099 481 1136 Diodorus
518 1096 557 1143 Ι,
588 1098 642 1136 62
673 1095 733 1131 fin.
763 1094 846 1131 huic
871 1094 951 1143 regi

294 1155 381 1192 boni
409 1154 555 1203 quidem
585 1151 846 1202 dispensatoris
874 1150 952 1187 lau-

295 1213 379 1249 dem
408 1210 507 1247 haud
544 1210 726 1256 denegat,
766 1207 951 1256 ceteroqui

294 1280 381 1305 vero
428 1267 615 1303 sordidum
653 1269 765 1313 atque
803 1276 950 1302 avarum

293 1324 477 1361 hominem
499 1324 608 1360 fuisse
629 1321 762 1358 scribit.

355 1373 644 1431 βασιλεύσαντά
671 1389 806 1426 σφεων
834 1375 950 1416 Χέο-

296 1452 326 1476 π
338 1435 376 1487 α]
404 1437 462 1473 Ex
475 1435 649 1473 Larcheri
667 1433 809 1471 calculis
823 1433 951 1483 Cheops

296 1506 450 1542 regnum
470 1493 588 1530 tenuit
605 1492 691 1528 inde
717 1491 763 1527 ab
788 1503 820 1527 a.
842 1492 949 1531 1178

297 1563 330 1587 a.
349 1550 435 1587 Chr.
456 1562 490 1586 n.
511 1562 578 1600 per
594 1548 859 1598 quinquaginta
884 1559 951 1583 an-

297 1620 363 1644 nos
382 1605 610 1654 (chronolog.
633 1604 808 1640 d’Herod.
830 1602 951 1640 tvm

295 1677 332 1714 p.
355 1664 448 1710 90),
479 1676 571 1712 quos
597 1661 746 1699 eosdem
767 1660 953 1697 Diodorus

299 1720 349 1768 (Ι,
361 1721 433 1768 63)
445 1719 597 1756 Chemmi
611 1717 737 1754 tribuit
755 1717 834 1765 regi
852 1722 952 1753 octa-

297 1790 344 1813 vo
366 1776 451 1814 inde
476 1788 497 1812 a
518 1774 775 1824 Rhampsiuito
795 1787 821 1810 s.
840 1773 953 1810 Rem-

297 1833 380 1885 phi,
419 1846 498 1869 cum
527 1832 576 1868 ad
600 1835 742 1881 septem
765 1829 952 1866 hominum

298 1893 438 1927 aetates
459 1902 526 1940 per
547 1888 809 1925 successionem
820 1898 952 1934 regna-

297 1946 416 1983 verint
435 1958 541 1994 reges
562 1957 709 1994 prorsus
730 1943 851 1991 ignavi
863 1971 873 1989 ,
890 1943 953 1991 qui

297 2001 386 2038 nihil
420 2005 624 2039 memoratu
662 2001 814 2048 dignum
848 2004 886 2036 et
914 1999 953 2034 in

297 2058 397 2094 libris
426 2059 534 2094 sacris
560 2060 776 2093 annotatum
799 2055 955 2105 praesti-

300 2115 422 2159 terint,
440 2127 513 2150 uno
532 2118 684 2162 excepto
702 2111 824 2157 Nileo,
844 2124 865 2147 a
880 2123 953 2160 quo

302 2183 436 2207 nomen
463 2170 572 2206 fluvio
597 2170 644 2205 sit
670 2168 836 2204 inditum.
893 2167 953 2205 De

302 2226 468 2263 Chemmi
489 2238 583 2274 quae
612 2225 783 2272 deinceps
802 2236 955 2260 narran-

300 2287 379 2328 tur,
419 2282 631 2330 Pyramides
668 2280 812 2328 aliaque
843 2292 956 2330 opera

300 2338 465 2387 ingentia
484 2341 688 2374 exstruente
699 2364 709 2382 ,
730 2349 772 2372 ea
788 2349 866 2373 cum
881 2336 957 2372 He-

301 2394 423 2431 rodoti
461 2393 612 2443 Cheope
645 2405 789 2442 prorsus
823 2405 955 2429 conve-

303 2451 419 2488 niunt.
477 2449 536 2487 De
561 2448 796 2496 chronologia
828 2448 955 2484 horum

303 2519 430 2556 regum
448 2506 542 2542 conf.
553 2505 663 2542 Beck.
685 2504 825 2552 allgem.
837 2503 955 2540 welt-

304 2563 423 2612 gesch.
448 2561 463 2598 Ι
482 2574 566 2612 pag.
587 2563 668 2602 716
689 2573 764 2609 seq.
781 2559 859 2597 coll.
873 2559 954 2600 694

304 2624 342 2657 et
360 2623 437 2656 not.
457 2619 505 2655 ad
523 2617 661 2654 Herod.
690 2616 743 2662 11,
767 2619 846 2657 127
875 2616 954 2652 init.

361 2674 401 2721 ἐς
417 2675 548 2713 πᾶσαν
579 2668 777 2721 κακότητα
803 2667 952 2717 ἐλάσαι]

304 2732 466 2776 Poterit,
486 2733 659 2767 monente
675 2728 955 2777 Schweighaeu-

307 2801 408 2834 sero,
447 2781 583 2825 ἐλάσαι
609 2785 834 2822 intransitive
861 2784 955 2820 acci-

305 2845 363 2895 pi,
390 2842 639 2881 subintellecto
659 2839 716 2878 vel
739 2840 956 2891 pronomine

308 2896 457 2940 ἑωυτόν
475 2928 486 2947 ,
525 2902 567 2936 ut
597 2909 721 2935 sensus
759 2897 824 2934 sit:
864 2896 957 2933 omni

1016 1039 1176 1087 nequitia
1203 1050 1229 1074 s.
1255 1038 1439 1087 pravitate
1466 1037 1672 1084 grassatum

1018 1107 1087 1131 esse
1112 1106 1248 1143 regem,
1278 1093 1334 1131 vel
1354 1090 1478 1141 σφέας
1503 1092 1577 1128 sive
1598 1087 1672 1141 τὴν

1016 1150 1246 1202 Αἴγυπτονε
1277 1152 1313 1186 in
1337 1161 1462 1186 omnem
1481 1148 1671 1184 calamita-

1017 1211 1082 1244 tem
1106 1220 1217 1256 regem
1240 1208 1451 1256 protrusisse
1473 1205 1672 1255 Aegyptum

1018 1266 1092 1302 sive
1117 1266 1208 1301 vinni
1227 1263 1431 1300 calamitate
1451 1275 1474 1298 α
1493 1274 1572 1310 rege
1600 1260 1672 1297 Ae-

1016 1324 1164 1371 gyptum
1207 1332 1363 1370 pressam
1394 1318 1522 1369 fuisse.
1579 1317 1673 1354 Mihi

1016 1379 1116 1428 prior
1136 1378 1253 1426 magis
1281 1376 1421 1413 arridet
1444 1376 1538 1411 ratio
1558 1375 1674 1424 potis-

1018 1435 1149 1471 simum
1165 1438 1318 1484 propter
1338 1445 1402 1479 ea,
1432 1443 1528 1481 quae
1544 1430 1674 1479 legun-

1018 1495 1078 1528 tur
1105 1491 1159 1537 ΙΙ,
1191 1493 1289 1531 126:
1320 1488 1359 1535 ἐς
1393 1490 1511 1527 τοῦτο
1541 1484 1583 1526 δὲ
1613 1485 1671 1526 ἔλ-

1020 1550 1110 1586 θεῖν
1132 1544 1269 1585 Χέοπα
1288 1540 1514 1595 κακότητος.

1077 1607 1178 1643 τοῖσι
1205 1600 1277 1653 μὲν
1311 1598 1360 1652 δὴ
1387 1596 1672 1649 α’ποδεδέχθαι]

1018 1662 1040 1698 i.
1061 1674 1092 1698 e.
1114 1660 1168 1697 his
1188 1661 1434 1706 constitutum,
1454 1656 1673 1704 mandatum,

1018 1720 1225 1767 imperatam
1253 1716 1381 1766 fuisse.
1449 1713 1548 1752 Nam
1577 1708 1672 1752 ἄπο-

1021 1768 1227 1813 δεικνύναι
1246 1773 1303 1809 hic
1321 1776 1379 1810 est
1396 1773 1614 1818 constituere,
1631 1773 1673 1807 ut

1019 1831 1074 1877 II,
1096 1829 1160 1871 65.
1181 1832 1232 1870 77
1253 1834 1321 1867 etc.
1431 1868 1434 1871 ,

1077 1885 1119 1926 ἐκ
1142 1887 1222 1924 τῶν
1250 1881 1513 1934 λιθοτομιέων
1544 1901 1601 1911 --
1630 1879 1673 1920 ἐκ

1021 1941 1190 1982 τουτέων
1223 1956 1256 1980 κ.
1275 1957 1307 1980 τ.
1329 1940 1378 1991 λ.]
1418 1939 1535 1976 Simili
1563 1939 1685 1976 modo*

1021 2000 1057 2037 in
1089 2011 1211 2048 seqq-z
1261 1994 1389 2050 πρὸς
1427 1992 1480 2035 ‘co'
1517 1995 1673 2046 Λιβυ-

1022 2053 1113 2095 κόν
1141 2057 1226 2093 καλ.
1257 2051 1372 2103 ὅρος,
1415 2048 1538 2102 πρὸς
1566 2053 1674 2090 τοῦ-

1021 2127 1073 2151 το
1104 2111 1239 2150 ἕλκειν.
1269 2111 1353 2148 Vid.
1373 2108 1507 2147 Matth.
1527 2108 1593 2145 Gr.
1607 2108 1674 2144 Gr.

1021 2183 1056 2219 p.
1079 2171 1160 2209 877
1193 2173 1229 2204 et
1249 2168 1342 2203 conf.
1364 2166 1502 2213 [aeger.
1521 2164 1673 2214 disputt.

1021 2224 1186 2261 Herodd.
1217 2237 1252 2273 p.
1278 2225 1353 2268 17,
1389 2221 1452 2270 qui
1480 2232 1524 2258 ex
1555 2220 1676 2257 istius-

1022 2281 1122 2317 modi
1139 2278 1415 2327 repetitionibus
1434 2276 1581 2325 colligit,
1596 2276 1676 2314 He·-

1023 2336 1194 2373 rodotum
1211 2347 1333 2372 senem
1354 2346 1445 2383 opus
1465 2346 1568 2370 suum
1588 2345 1674 2369 con-

1022 2392 1217 2441 scripsisse.
1284 2389 1516 2427 Herodotum
1554 2390 1593 2425 in
1619 2389 1675 2426 his

1022 2461 1088 2499 pro
1122 2460 1222 2484 more
1246 2446 1409 2483 imitatus
1447 2450 1503 2482 est
1537 2445 1676 2482 Pausa-

1022 2505 1125 2550 nias,
1155 2506 1306 2539 notante
1328 2501 1459 2539 Siebel.
1487 2502 1535 2538 ad
1560 2501 1596 2548 I,
1622 2503 1674 2542 19

1024 2558 1062 2610 ᾗ.
1081 2559 1117 2600 4.
1176 2559 1234 2596 De
1250 2562 1373 2595 monte
1392 2558 1545 2594 Arabico
1564 2562 1675 2606 atque

1022 2615 1158 2665 Libyco
1180 2615 1251 2651 vid.
1270 2618 1361 2650 nott.
1383 2613 1431 2649 ad
1447 2614 1479 2649 ΙΙ
1493 2642 1504 2660 ‚
1524 2615 1563 2654 3.
1593 2613 1675 2650 Eti-

1023 2684 1168 2709 amnum
1185 2671 1224 2707 in
1248 2669 1428 2719 lapidibus
1448 2670 1605 2718 vestigia
1621 2669 1674 2706 la-

1020 2728 1212 2764 tomiamm
1260 2738 1451 2776 superesse
1493 2730 1675 2763 testantur

1022 2783 1232 2820 recentioris
1261 2783 1392 2818 aetatis
1422 2783 1675 2831 peregrinato-

1021 2853 1078 2877 res
1090 2867 1101 2885 ‚
1131 2851 1282 2888 quorum
1299 2837 1396 2875 locos
1415 2839 1558 2887 profert
1577 2837 1676 2874 Zoe-

1023 2908 1071 2945 ga
1091 2896 1138 2934 de
1156 2893 1321 2933 obeliscc.
1350 2907 1388 2945 p.
1407 2893 1489 2935 400
1507 2898 1583 2931 not.
1607 2895 1673 2935 20.
