1759 3324
335 239 420 279 60⁰

728 233 1230 287 HERoDoTr

333 349 396 405 τῷ
422 347 536 403 θεῷ,
564 345 638 388 καὶ
665 345 718 388 τὰ
746 344 793 388 ἐν
821 349 935 388 τοῖσι
953 343 1147 399 ”Est-know
1179 340 1404 398 ὁμότροπα
1427 340 1510 397 γὰρ
1537 341 1594 385 ἄν

302 420 391 482 7ἦν
415 429 530 468 τοῖσι
546 422 748 480 Ἕλλησι,
778 424 853 467 καὶ
882 421 934 467 οὐ
964 423 1118 466 νεωστὶ
1147 422 1371 476 ἐσαγμένα.
1422 419 1477 464 οὐ
1507 419 1595 476 μὴν

337 502 440 548 οὐδὲ
470 501 596 559 φήσω
626 501 739 552 ὅκως
769 502 1001 557 Αἰγύπτιοι
1035 499 1141 554 παρ’
1178 498 1397 556 Ἑλλήνων
1435 500 1594 555 ἔλαβον

336 582 364 639 ἢ
393 586 544 634 τοῦτο,
581 580 606 636 ἢ
637 580 744 623 ἄλλο
773 579 857 623 κού
887 597 927 624 τι
955 580 1156 635 νόμαιον.
1202 578 1424 622 πυθέσθαι
1444 578 1489 622 δέ
1517 594 1592 634 μοι
1604 585 1651 619 70

339 659 478 705 δοκέει
516 658 697 715 μάλιστα
732 657 1000 714 Μελάμπους
1038 658 1092 701 τὰ
1125 657 1223 712 περὶ
1264 656 1343 700 τὸν
1371 656 1595 700 Διόνυσον

284 854 451 905 explicuit
468 852 753 901 Wesselingius:
783 850 935 899 „Negat

284 911 494 949 Herodotus
532 921 618 946 casu
654 908 802 945 fortuito
845 919 936 956 qua-

287 967 416 1004 drasse
424 965 602 1014 Dionysia
615 963 882 1015 Aegyptiorum
899 966 936 1000 et

288 1023 530 1060 Graecorum:
561 1025 636 1057 tum
657 1021 753 1058 enim
771 1021 807 1057 in
820 1019 937 1056 omni-

287 1080 355 1116 bus
375 1077 520 1127 gemina
540 1089 715 1125 germana
744 1076 863 1125 (quod
881 1088 939 1112 se-

288 1148 351 1173 cus
370 1134 467 1182 erat)
486 1146 604 1183 neque
618 1134 760 1170 noviter
771 1134 808 1169 in
821 1132 941 1169 Grae-

289 1192 379 1229 ciam
399 1191 543 1227 invecta
559 1202 640 1227 esse
660 1189 842 1226 debuisse.
866 1188 939 1224 Ita-

290 1260 362 1297 que
390 1245 536 1283 aliunde
569 1246 779 1293 advenisse‚
809 1244 875 1282 sed
903 1244 940 1281 in

289 1303 414 1355 paucis
443 1302 722 1339 transmutata.“
776 1301 844 1338 Est
872 1301 942 1348 igi-

292 1364 352 1397 tur
383 1357 620 1408 συμπίπτειν
650 1370 756 1405 casu,
784 1357 941 1408 fortuito

293 1417 489 1462 convenire,
521 1426 706 1462 congruere
720 1443 730 1461 ‚
749 1413 941 1463 quadrare,-

293 1471 394 1522 quod
407 1470 576 1521 displicet
583 1470 942 1518 Schweighaeusero‚

294 1529 357 1577 qui
376 1528 454 1577 ipse
469 1526 704 1578 συμπίπτειν
719 1527 765 1564 de
782 1527 825 1563 iis
835 1525 943 1563 rebus

294 1583 364 1621 dici
391 1584 535 1631 statuit,
565 1595 659 1632 quae
677 1582 802 1630 simul,
831 1581 944 1618 eodem

294 1643 441 1689 tempore
479 1638 644 1676 accidant
676 1638 733 1676 vel
771 1640 944 1681 existam

296 1697 348 1733 ita
368 1700 408 1732 ut
433 1695 644 1733 Herodotus
666 1707 802 1743 negare
823 1694 947 1732 volue-

295 1753 343 1790 rit
365 1750 490 1799 8z'mul,
529 1751 641 1788 eodem
670 1754 816 1801 tempore
836 1752 946 1787 exsti-

296 1810 379 1846 tisse
395 1811 572 1857 ortumque
583 1810 709 1857 cepisse
717 1807 857 1844 Baccha·
869 1807 947 1844 cul-

298 1868 372 1901 tum
408 1864 508 1915 apud
537 1863 739 1914 Aegyptios
777 1867 814 1901 et
848 1864 950 1914 apud

299 1919 474 1958 Graecos.
531 1919 609 1957 Sed
628 1920 697 1957 hoe
715 1920 871 1957 alienum
901 1919 947 1956 ab

298 1975 480 2013 Herodoti
517 1980 640 2013 mente
670 1989 751 2013 esse
783 1979 950 2026 apparet,

299 2035 340 2067 ut
360 2031 422 2079 qui
440 2043 514 2067 non
525 2031 571 2067 de
592 2036 754 2081 tempore
772 2031 841 2068 h.1.
854 2032 952 2067 edis-

301 2090 409 2133 serat,
419 2099 492 2135 quo
509 2086 643 2123 Bacchi
667 2100 768 2124 sacra
784 2087 820 2123 in
834 2086 951 2124 Grae-

302 2143 356 2179 cia
374 2143 580 2179 exstiterint
593 2171 604 2188 ,
634 2143 702 2179 sed
723 2143 770 2180 de
791 2142 952 2179 similitu-

303 2197 390 2235 dine
448 2209 632 2235 sacrorum
693 2198 952 2235 Bacchicorum

303 2252 404 2304 apud
430 2257 621 2302 utramque
652 2259 800 2302 gentem
829 2258 866 2291 et
906 2254 954 2292 de

305 2321 430 2347 eorum
464 2309 614 2357 origine.

361 2360 556 2415 ὁμότροπα
585 2362 660 2417 γοὶρ
694 2360 745 2403 ἂν
773 2358 828 2415 ἦν
854 2367 957 2403 τοῖσι

293 2416 479 2470 ’Έλλησι]
511 2417 710 2472 ὁμότροπα
728 2422 751 2458 i.
771 2434 801 2458 e.
832 2422 957 2457 innata

306 2476 411 2526 quasi
438 2481 474 2514 et
503 2489 583 2514 cum
611 2476 746 2528 populo
772 2477 852 2526 ipso
876 2481 958 2512 orta

306 2545 375 2570 nec
401 2544 526 2570 recens
563 2532 731 2579 aliunde,
762 2545 806 2570 ex
833 2532 957 2580 Aegy-

308 2591 392 2639 pto,
422 2588 588 2626 advecta.
631 2590 754 2633 Quare
771 2600 844 2624 non
865 2600 957 2637 opus

309 2644 434 2692 legere
463 2638 697 2695 όμότροφα,
725 2647 764 2680 ut
791 2643 875 2681 olim
902 2656 961 2680 su-

311 2701 471 2750 spicatus
499 2703 556 2738 est
571 2701 702 2738 doctus
727 2699 876 2747 Gallus,
906 2700 962 2737 cui

311 2755 556 2804 adstipulatur
570 2755 962 2804 Schweighaeuserus3

312 2811 467 2859 intelligi
496 2812 589 2849 enim
626 2812 700 2848 vult
723 2814 891 2848 instituta
914 2814 963 2848 si-

313 2867 386 2904 mul
406 2880 483 2905 cum
494 2868 624 2918 populo
642 2868 763 2919 aliquo
778 2872 876 2915 nata,
895 2870 964 2905 on·-

1001 852 1081 899 gz'ni
1098 852 1212 899 gentis
1239 861 1377 886 coaeva.
1434 848 1534 887 Infra
1555 849 1655 898 VIII,

1005 907 1086 948 144
1123 907 1276 955 legimus
1315 903 1422 956 ἤθεα
1451 902 1657 957 ὁμότροπα

1004 975 1111 1000 mores
1141 961 1353 1006 consimilem
1402 962 1490 999 add.
1531 962 1658 1000 Theo-

1004 1019 1143 1070 phrast.
1172 1019 1280 1055 Char.
1305 1021 1380 1064 263
1420 1022 1546 1055 contra
1569 1013 1658 1069 ὁμό-

1005 1090 1136 1127 τροφα
1166 1075 1332 1112 dicuntur
1354 1075 1503 1123 quidem
1521 1075 1659 1112 anima-

1005 1131 1075 1179 lia,
1121 1144 1216 1180 quae
1245 1143 1318 1167 una
1345 1144 1426 1168 cum
1452 1130 1658 1168 hominibus

1007 1187 1152 1225 aluntur
1170 1192 1209 1225 et
1229 1188 1354 1224 vivunt
1370 1187 1445 1236 (11,
1467 1188 1541 1236 66)
1554 1215 1566 1234 ,
1593 1187 1661 1225 sed

1009 1245 1056 1282 de
1079 1244 1189 1281 rebus
1226 1244 1507 1281 caeremoniisve
1539 1248 1662 1281 utrum

1009 1301 1173 1338 adhiberi
1208 1301 1355 1350 possit,
1398 1300 1475 1337 iure
1519 1300 1663 1337 dubitat

1008 1356 1269 1405 lVesselingius
1282 1385 1292 1403 ,
1314 1357 1432 1394 donec
1453 1356 1566 1394 simile
1575 1369 1663 1407 pro-

1009 1415 1149 1451 feratur
1167 1412 1381 1462 exemplum.
1441 1412 1554 1456 Quod
1577 1425 1662 1449 cum

1009 1472 1122 1517 neget
1143 1469 1345 1517 Schweigh.
1373 1467 1511 1505 nullum
1538 1472 1663 1505 tamen

1010 1525 1129 1562 locum
1167 1524 1306 1572 attulit,
1346 1537 1419 1574 quo
1444 1525 1663 1562 contrarium

1013 1583 1204 1620 evinceret.

1068 1635 1276 1676 πυθέσθαι
1297 1633 1340 1675 δέ
1357 1650 1425 1686 μοι
1442 1633 1570 1675 δοκέει
1590 1631 1664 1687 μᾶ-

1014 1696 1123 1733 λιστα
1137 1689 1389 1743 Μελάμπους
1399 1707 1434 1732 κ.
1446 1707 1479 1730 τ.
1492 1691 1541 1743 λ,]
1553 1692 1666 1737 Quod

1017 1762 1126 1800 supra
1156 1762 1200 1787 ex
1227 1749 1398 1799 Aegypto
1437 1749 1527 1787 haec
1564 1761 1666 1787 acce-

1015 1807 1114 1857 pisse
1129 1806 1240 1842 tradit
1260 1805 1544 1855 Melampodem,
1556 1817 1667 1855 quem

1014 1864 1086 1900 iam
1106 1875 1128 1899 a
1163 1861 1306 1898 Cadmo
1350 1860 1466 1910 Tyrio
1499 1864 1668 1899 edoctum

1016 1920 1129 1956 fuisse
1152 1918 1294 1965 scribit,
1323 1918 1362 1954 id
1391 1918 1458 1954 sibi
1483 1917 1582 1955 haud
1609 1929 1668 1955 re-

1017 1974 1218 2026 pugnabit,
1257 1975 1287 2011 si
1306 1972 1578 2024 Melampodem
1594 1973 1670 2024 pri-

1018 2044 1118 2068 mum
1139 2031 1176 2066 in
1199 2030 1280 2080 ipsa
1304 2029 1474 2080 Aegypto
1500 2029 1590 2067 haec
1607 2041 1670 2067 ac-

1019 2087 1183 2137 cepisse,
1222 2086 1308 2123 dein
1346 2099 1433 2123 vero
1471 2086 1670 2123 accuratius

1020 2155 1064 2181 ea
1083 2142 1251 2179 edoctum
1263 2155 1343 2179 esse
1352 2154 1374 2178 a
1389 2142 1545 2188 Cadmo,
1556 2142 1670 2191 ipsius

1020 2197 1183 2247 aequali,
1211 2198 1389 2234 statueris.
1447 2197 1525 2234 Sed
1546 2201 1673 2235 monet

1019 2253 1220 2292 Larcherus
1247 2253 1311 2300 (in
1328 2258 1405 2290 not.
1425 2253 1474 2290 ad
1490 2253 1525 2290 h.
1549 2252 1572 2289 l.
1592 2253 1672 2292 coll.

1022 2308 1132 2346 tabul.
1154 2309 1363 2357 chronolog.
1382 2308 1432 2346 Vl
1454 2306 1492 2359 ἓ.
1504 2312 1576 2359 2p.
1589 2312 1672 2352 201

1025 2366 1134 2414 seq),
1164 2366 1326 2414 quinque
1347 2369 1445 2402 certe
1466 2366 1675 2414 generatio-

1023 2422 1128 2458 nibus
1168 2421 1310 2457 Cadmo
1349 2421 1525 2458 iuniorem
1561 2422 1676 2459 fuisse

1023 2476 1320 2526 Melampodem,
1349 2480 1389 2513 ut
1415 2477 1461 2513 ab
1492 2477 1574 2527 ipso
1600 2477 1677 2514 Ca-

1024 2533 1109 2570 dmo
1131 2532 1276 2569 minime
1297 2532 1441 2570 edoceri
1470 2532 1528 2571 ille
1545 2537 1678 2583 potue-

1027 2589 1084 2625 rit.
1141 2587 1270 2637 Itaque
1306 2589 1343 2625 in
1381 2588 1564 2626 Herodoti
1596 2589 1677 2626 loco

1030 2645 1260 2682 scribendum
1282 2648 1425 2682 censet:
1458 2640 1558 2696 παρ’
1578 2640 1678 2684 ἄπο-

1029 2698 1161 2752 γόνων
1183 2695 1352 2750 Κάδμου
1369 2714 1409 2738 τε
1428 2703 1501 2740 τοῦ
1517 2701 1675 2752 Τυρίου.

1029 2757 1106 2794 Sed
1120 2757 1349 2804 refragantur
1359 2769 1484 2794 omnes
1493 2757 1574 2795 libri
1590 2756 1680 2795 scri-

1030 2812 1104 2862 pti,
1153 2813 1230 2849 sine
1267 2813 1396 2860 quibus
1432 2814 1601 2862 equidem
1627 2813 1679 2850 nil

1031 2869 1208 2906 mutarim.
1268 2868 1361 2912 Quis
1407 2869 1503 2907 enim
1549 2870 1679 2917 nescit,
