1759 3324
629 243 661 281 C
685 241 719 280 L
749 241 765 279 1
794 242 841 279 O.
900 240 928 278 Ι.
1328 239 1412 280 343

846 347 906 393 Τὸ
950 348 996 391 δὲ
1027 344 1282 391 Πανιώνιον
1319 347 1407 391 ἐστὶ
1419 350 1739 422 7⁵5⁶”1ii523i2'ffiiss'

1464 420 1612 446 montorio
1645 428 1739 456 sacer,

29 364 128 408 148
151 357 261 404 κατα
290 354 434 413 φόνου
470 350 568 396 τινα
608 353 781 406 σκῆψιν.

148 442 222 494 τῆς
251 433 460 488 Μυκάλης
487 434 627 487 χῶρος
657 428 752 482 ἱρὸς
777 430 887 483 πρὸς
916 426 1078 482 ἄρκτον
1104 428 1407 483 τετραμμένος,

147 518 274 572 κοινῇ
302 509 637 567 ἐξαραιρημένος
676 507 766 552 ὑπὸ
803 505 963 550 Ἰώνων
1000 505 1270 550 Ποσειδέωνι
1303 505 1408 550 Ἐλι-

145 594 307 649 κωνίῳ·
335 590 362 648 ἦ
395 591 439 634 δὲ
469 588 658 644 Μυκάλη
700 587 788 630 ἐστὶ
816 590 892 642 τῆς
920 585 1104 642 ἠπείρου
1135 584 1269 643 ἄκρη,
1299 584 1409 640 πρὸς

147 673 336 728 ζέφυρον
360 668 523 725 ἄνεμον
551 666 802 724 κατήκουσα
831 664 996 722 Σάμῳ,
1027 665 1071 716 ές
1101 664 1180 721 τήν
1208 663 1408 722 συλλεγό-

144 767 268 808 μενοι
297 748 384 793 ὄιπὸ
416 751 505 792 τῶν
545 749 713 791 πολίων
733 744 902 798 Ἴωνες,
943 743 1127 801 ἄγεσκον
1158 742 1314 801 ὁρτὴν,
1352 747 1407 802 τῇ
1419 752 1464 786 80

113 831 300 874 Ξέθεντο
331 828 500 884 οὔνομα
532 825 773 871 Πανιώνια.
824 823 1073 869 πεπόνθασι
1103 824 1148 868 δὲ
1176 824 1272 869 οὔτι
1300 828 1404 880 μοῦ-

139 926 213 954 ναι
237 911 283 953 αἱ
309 906 467 952 Ἰώνων
494 905 613 962 ὁρταὶ
635 909 789 960 τοῦτο,
821 904 927 949 ἄλλα
956 904 1030 949 καὶ
1054 902 1270 960 Ἑλλήνων
1298 901 1404 946 πάν-

139 1004 230 1033 των
259 987 421 1044 ὁμοίως
444 990 580 1030 πᾶσαι
605 985 648 1038 ἐς
676 983 818 1030 τώυτὸ
847 982 1026 1042 γράμμα
1053 984 1303 1035 τελευτῶσι,
1329 998 1404 1026 κα·
1460 1011 1465 1015 -

1465 454 1496 479 et
1512 452 1675 487 Panionia,
1694 455 1737 482 fe-

1464 488 1558 512 stum:
1621 487 1738 515 Graeca

1464 517 1544 545 festa
1566 518 1596 545 in
1615 521 1738 549 eandem

1465 552 1564 579 omnia
1607 553 1736 582 litteram

1464 586 1614 615 exeuntia.

82 1209 200 1247 dimus
211 1223 222 1256 3
232 1209 278 1257 V,
290 1211 355 1251 80.
367 1207 448 1256 VII,
459 1208 551 1249 168.
563 1204 635 1243 Pro
646 1200 736 1243 τινὰ

81 1266 445 1316 Schweighaeuserus
469 1262 594 1301 maluit
613 1256 733 1307 τινός.

248 1350 361 1401 Cap.
392 1346 595 1385 CXLvm.

134 1429 180 1474 τό
211 1430 254 1473 δὲ
282 1429 517 1473 Πανιώνιον
550 1428 630 1470 ἐστὶ
663 1432 733 1481 τῆς

78 1487 280 1541 Μυκάλης
301 1492 428 1542 χῶρος
460 1485 566 1541 ἱρὸς]
598 1487 732 1524 Panio-

77 1548 177 1586 nium
203 1551 308 1585 terna
346 1546 466 1584 stadia
494 1544 583 1582 mari
611 1557 732 1581 remo-

75 1608 172 1652 tum,
201 1604 238 1641 in
257 1603 380 1641 radice
401 1603 533 1640 montis
554 1600 730 1649 Mycales,

76 1664 223 1698 auctore
240 1660 412 1697 Strabon.
435 1658 521 1696 XIV
537 1670 623 1708 pag.
646 1659 729 1698 947

76 1729 107 1754 s.
130 1729 169 1766 p.
188 1717 283 1757 639.
339 1714 509 1753 Nominis
536 1715 648 1764 ipsius
670 1726 730 1750 ra-

74 1773 212 1810 tionem
253 1771 357 1810 facile
398 1775 454 1810 est
499 1771 729 1822 perspicere3

76 1828 258 1878 genitivus
275 1830 346 1878 τῆς
357 1822 558 1878 ΙΠυκάλης
570 1827 728 1877 pertinet

74 1885 123 1922 ad
149 1885 261 1922 verba
279 1881 380 1937 πρός
401 1881 547 1935 ἄρκτον
568 1897 726 1934 τετραμ-

75 1939 213 1992 μένος,
258 1940 315 1979 vel
365 1945 463 1979 certe
503 1939 723 1989 cogitatione

74 1998 144 2036 erit
171 1997 219 2034 ad
244 1997 307 2034 illa
334 1997 575 2048 repetendus,
604 1997 656 2033 ita
685 1999 725 2032 ut

73 2054 172 2092 loeus
197 2054 270 2092 iste
304 2066 406 2092 sacer
437 2053 724 2104 septentrionem

71 2123 198 2148 versus
217 2123 239 2148 a
256 2109 400 2160 Mycale
422 2111 513 2148 situs
532 2109 645 2148 fuisse
667 2110 724 2147 di-

71 2170 183 2206 catur.

124 2224 247 2278 κοινῇ
293 2221 598 2275 ἐξαραιρημένος
645 2219 726 2262 ὑπὸ

69 2274 214 2319 Ἱώνων
232 2278 476 2320 Ποσειδέωνι
493 2277 724 2333 Ἑλικωνίῳ]

71 2335 376 2389 ἐξαραιρημένος
385 2336 513 2374 Ionum
523 2349 625 2374 more
634 2349 725 2385 aug-

72 2397 194 2431 mento
203 2393 427 2445 reduplicato
448 2406 517 2444 pro
538 2391 724 2448 ἐξῃρημέ-

72 2463 164 2498 νος,
199 2450 337 2488 indicat
363 2450 483 2488 locum
507 2454 677 2488 exemtum
707 2462 725 2486 e

71 2505 235 2556 reliquis,
265 2510 302 2544 et
323 2508 361 2544 in
379 2520 486 2544 usum
507 2519 648 2544 sacrum
671 2519 723 2544 se-

72 2560 208 2600 lectum.
237 2562 346 2601 Conf.
363 2563 429 2611 IV,
451 2566 544 2605 161.
565 2563 614 2612 II,
629 2564 722 2605 168.

72 2615 126 2655 Ac
149 2619 319 2668 frequens
344 2619 413 2658 hac
434 2621 586 2658 notione
621 2620 722 2658 adie-

72 2673 202 2711 ctivum
222 2671 423 2728 ἐξαιρετός.

104 2760 106 2762 .
127 2729 301 2781 Neptuno
315 2732 398 2770 huic
414 2744 548 2770 nomen
569 2734 627 2770 est
644 2729 722 2769 He-

73 2783 218 2834 liconia,
245 2788 292 2826 ab
312 2788 460 2836 Helice,
488 2787 647 2826 Achaiae
661 2801 723 2825 ur-

73 2840 138 2888 be,
165 2842 205 2879 in
220 2855 293 2892 qua
313 2844 421 2882 Iones
442 2844 527 2881 olim
546 2844 722 2896 templum

73 2896 123 2934 illi
133 2901 380 2939 exstruxerant
390 2929 402 2949 ,
431 2900 534 2951 quod
551 2896 720 2953 ἁγιώτα-

799 1208 873 1243 ’τον
887 1203 977 1255 ipsis
989 1202 1102 1241 fuisse
1119 1203 1231 1241 tradit
1243 1202 1455 1240 Pausanias,

803 1261 916 1298 Unde
935 1259 1088 1311 posthac
1104 1259 1219 1310 pulsi,
1245 1260 1283 1297 in
1300 1259 1456 1297 Atticam

802 1329 845 1354 ac
862 1317 949 1355 dein
970 1315 1095 1353 Asiam
1115 1316 1324 1354 colonorum
1353 1329 1455 1353 more

802 1374 913 1411 deum
940 1373 1100 1423 patrium
1138 1386 1262 1410 secum
1298 1373 1454 1410 advexe-

801 1433 907 1478 runt,
939 1428 1190 1479 templumque
1220 1429 1252 1467 ei
1278 1429 1454 1467 condide-

799 1489 902 1534 runt,
940 1488 1082 1523 retento
1126 1485 1186 1524 dei
1222 1485 1372 1534 antiquo
1410 1497 1451 1522 ac

798 1542 911 1593 priori
939 1542 1167 1591 cognomine.
1203 1542 1312 1579 Conf.
1329 1541 1450 1578 Strab.

798 1598 884 1637 VIII
906 1612 942 1649 p.
969 1599 1050 1640 589
1080 1611 1109 1635 s.
1125 1611 1163 1649 p.
1183 1598 1268 1640 384
1296 1598 1353 1635 ed.
1376 1598 1451 1634 Ca-

798 1655 900 1692 saub.
919 1659 957 1693 et
976 1654 1136 1692 Pausan.
1171 1654 1239 1692 VlI
1251 1684 1262 1703 ‚
1279 1653 1334 1697 24
1351 1652 1388 1705 §-
1409 1653 1447 1695 4.

796 1710 850 1749 Ac
887 1715 1032 1761 praeter
1067 1710 1282 1761 Neptunum
1313 1710 1450 1749 mentio

797 1767 839 1804 fit
865 1767 1040 1817 Apollinis
1067 1766 1255 1812 Pam·0m·i,·
1294 1768 1341 1805 de
1375 1779 1448 1816 quo

794 1828 918 1861 tamen
938 1824 1043 1874 plura
1069 1837 1144 1861 non
1168 1827 1347 1861 constant.
1388 1823 1447 1860 Cf.

796 1880 1006 1920 Schneider.
1029 1882 1078 1918 ad
1095 1880 1233 1918 Vitruv.
1263 1880 1311 1917 de
1331 1878 1446 1916 archi-

793 1940 876 1974 tect.
897 1936 967 1986 IV,
1006 1940 1026 1978 1
1062 1935 1100 1988 §-
1123 1937 1149 1979 5
1188 1936 1252 1988 (p.
1272 1937 1354 1978 230
1383 1948 1449 1973 an-

792 1993 917 2042 nott.).

848 2046 949 2103 πρός
971 2047 1141 2101 ζέφυρον
1162 2045 1311 2100 ἄνεμον
1328 2043 1447 2098 κατή-

791 2118 919 2146 κουσα
944 2101 1096 2160 Σάμῳ]
1126 2107 1148 2143 i.
1183 2119 1215 2144 e.
1241 2105 1447 2142 occidentem

792 2176 912 2201 versus
925 2166 1109 2215 porrigens
1132 2177 1161 2200 ε.
1177 2162 1381 2213 pertendens
1400 2161 1447 2198 ad

795 2220 963 2264 Samum;
992 2222 1041 2258 ita
1062 2224 1103 2257 ut
1123 2219 1347 2257 occidentem
1364 2230 1446 2256 ver-

793 2291 855 2314 sus
881 2290 904 2315 a
922 2276 1068 2325 Mycale
1085 2276 1330 2328 proficiscenti
1359 2287 1447 2325 pro-

792 2335 888 2371 xima
904 2335 952 2371 sit
969 2334 1113 2371 Samus.
1125 2353 1182 2361 —-
1192 2331 1251 2371 De
1264 2331 1447 2369 locutione

791 2386 895 2443 πρὸς
921 2387 1093 2441 ζέφυρον
1119 2386 1291 2439 ἄνεμον,
1323 2387 1384 2425 ubi
1404 2384 1446 2426 ἅ-

792 2461 915 2497 νεμον
942 2447 1130 2484 abundare
1157 2446 1316 2491 videtur,
1347 2445 1443 2481 conf.

791 2504 822 2552 Ι,
834 2502 1037 2546 6.—Mox
1052 2504 1090 2540 in
1102 2502 1222 2540 verbis
1242 2497 1320 2540 ἀπὸ
1342 2502 1409 2540 ταῖ
1421 2515 1446 2539 ν

790 2559 944 2600 πολίων
983 2560 1133 2599 attende
1177 2557 1318 2596 articuli
1351 2558 1443 2594 vim:

791 2630 836 2655 ex
861 2618 909 2654 iis
931 2616 1123 2654 duodecim
1151 2614 1355 2653 civitatibus
1385 2613 1445 2650 Io-

788 2687 876 2711 num
906 2673 946 2711 in
980 2670 1090 2721 Asia,
1120 2672 1168 2710 de
1197 2671 1329 2723 quibus
1357 2674 1444 2708 ante

788 2735 908 2768 actum
928 2733 997 2768 est.

846 2785 887 2833 ές
901 2781 1027 2826 τωύτὸ
1040 2780 1202 2838 γράμμα
1219 2780 1441 2831 τελευτῶσι]

789 2845 999 2882 τελευτῶσι
1031 2855 1112 2880 cum
1146 2843 1296 2879 recentt.
1340 2838 1442 2876 editt.

791 2902 964 2951 resen-ipsu
987 2911 1056 2950 pro
1075 2898 1330 2945 τελευτῶσαι,
1345 2893 1447 2944 quod
