1777 3324
522 253 1045 293 EUTERPE.11.

16 372 114 417 178
140 369 182 419 ἐς
213 369 295 411 αἰεὶ
321 365 550 423 χρέωνται,
581 362 694 406 ἐόντι
725 362 889 422 ἀμώμῳ
921 361 1054 420 νόμῳ.

1321 256 1404 295 883

1117 360 1326 418 Φιλέλλην
1357 363 1402 405 δὲ

137 446 370 503 γενόμενος
398 445 424 505 ὁ
457 443 662 498 Ἄμασις,
706 442 815 486 ἄλλα
845 458 887 485 τε
917 441 960 492 ἐς
986 439 1206 497 Ἑλλήνων
1236 443 1401 496 μετεξε-

135 527 290 580 τέρους
321 523 575 574 ἀπεδέξατο,
611 522 684 565 καὶ
715 521 766 578 δὴ
798 522 872 565 καὶ
902 525 1015 564 τοῖσι
1047 519 1399 575 ἀπικνευμένοισι

133 605 177 655 ἐς
217 605 442 658 Αἴγυπτον
492 602 623 645 ἔδωκε
670 599 929 655 Ναύκρατιν
975 599 1105 643 πόλιν
1156 598 1398 656 ἐνοικῆσαι·

1459 372 1585 400 Graecis
1632 375 1702 402 data

1458 407 1638 435 Naucratis:
1662 409 1733 435 1101-

1459 439 1571 467 lenium
1608 444 1639 468 et
1673 442 1735 469 alia

1459 474 1568 506 templa
1586 474 1615 500 in
1637 476 1719 510 Aegy

1457 510 1507 539 pto
1545 515 1564 533 a
1606 508 1735 535 Graecia

1456 542 1624 567 exstructa:
1647 550 1732 575 prae-

1456 572 1529 598 fecti
1588 579 1733 602 mercato-

1456 614 1533 634 rum.

134 687 248 726 τοῖσι
279 683 325 725 δὲ
359 681 417 738 μὴ
448 681 755 738 βουλομένοισι
787 678 934 724 αὐτῶν
968 679 1148 728 οἰκέειν,
1183 676 1322 721 αὐτοῦ
1353 678 1457 722 δὲ35

132 762 531 818 ναυτιλλομένοισι,
581 761 713 804 ἔδωκε
744 759 917 816 χώρους
956 756 1272 813 ἐνιδρύσασθαι
1311 760 1400 814 βω-

104 843 244 898 Ξμούς
273 842 346 885 καὶ
375 840 551 896 τεμένεα
581 845 733 884 θεοῖσι.
775 839 823 883 τὸ
855 840 933 895 μέν
970 855 1054 882 νυν
1086 836 1288 893 μέγιστον
1316 837 1398 879 ocv'-

133 925 221 965 τῶν
252 923 448 977 τέμενος,
497 921 571 963 καὶ
609 917 992 974 ου’νομαστότατον
1034 917 1108 960 ἐὸν
1145 916 1217 960 καὶ
1247 929 1396 971 χρησι-

133 1000 355 1056 μώτατον,
385 997 655 1054 καλεύμενον
684 998 730 1042 δὲ
754 995 1000 1053 Ἑλλήνιον,
1038 998 1130 1039 αἵδε
1161 995 1287 1046 πόλις
1317 996 1398 1038 εἰσὶ

135 1081 180 1122 αἱ
209 1080 436 1134 ἱδρυμέναι
466 1082 618 1135 κοινῇ,
659 1076 820 1121 Ἰώνων
851 1078 951 1132 μὲν,
993 1077 1121 1127 Χίος,
1161 1076 1235 1118 καὶ
1270 1074 1396 1128 Τέως,

217 1302 594 1354 Cap.chanL

131 1385 252 1426 ἔδωκε
271 1408 327 1415 —-
345 1385 582 1437 ἐνοικῆσαι]
613 1386 729 1423 Simili

73 1444 183 1481 modo
212 1444 307 1480 infra
338 1442 458 1482 ἔδωκε
477 1466 531 1472 -—
557 1438 729 1494 ἐνιδρύ-

74 1504 234 1539 σασθαι.
265 1499 411 1536 Monuit
428 1500 493 1537 hac
514 1501 560 1537 de
581 1514 620 1537 re
631 1500 729 1536 Mat-

73 1557 172 1594 thiae
201 1557 266 1593 Gr.
308 1557 373 1594 Gr.
416 1555 452 1606 ξ.
484 1557 564 1597 535
600 1561 674 1593 not.
700 1560 727 1598 2

72 1626 160 1664 pag·
186 1613 305 1654 1043.
331 1634 385 1640 --
404 1611 616 1661 Naucratis,
635 1626 727 1662 quae

74 1671 122 1706 ad
154 1671 328 1706 Sa'iticum
356 1683 502 1706 nomuln
541 1670 728 1720 pertinuit,

74 1727 112 1763 in
140 1726 306 1763 orientali
335 1726 414 1776 ripa
449 1726 626 1776 Canopici
656 1727 726 1762 flu-

73 1783 143 1829 vii,
173 1783 235 1831 qui
257 1781 353 1819 haud
382 1782 504 1831 procul
527 1782 613 1819 inde
636 1782 727 1818 mari

72 1839 254 1887 iungitur,
284 1842 361 1875 erat
391 1838 469 1875 sita.
527 1838 608 1876 Nec
633 1837 726 1874 mul-

72 1899 148 1932 tum
167 1899 325 1932 remotus
345 1894 404 1931 ille
427 1894 540 1941 locus,
562 1894 622 1931 ubi
640 1898 726 1943 post

73 1952 140 1988 fuit
169 1951 315 1988 condita
336 1950 564 1988 Alexandria.
623 1950 726 1987 Nau-

73 2007 178 2045 cratis
203 2008 283 2058 ipsa
311 2008 359 2044 ad
384 2007 635 2045 commercium
664 2021 727 2045 ex-

73 2064 269 2101 ercendum
313 2063 420 2101 valde
450 2064 723 2101 accommodata

72 2124 175 2167 erat,
202 2125 241 2157 ut
262 2120 320 2157 vel
341 2133 385 2157 ex
412 2121 454 2157 iis
471 2125 597 2171 patet,
627 2133 723 2169 quae

71 2176 127 2224 ΙΙ,
148 2179 201 2218 97
222 2180 447 2214 enarrantur.
494 2177 653 2214 Condita
668 2177 724 2214 fe-

71 2233 219 2270 rebatur
256 2234 343 2270 urbs
389 2233 511 2280 (teste
539 2233 724 2270 Strabone

71 2289 177 2326 XVII
201 2303 237 2339 p.
262 2290 369 2330 1153
394 2303 421 2326 s,
444 2291 521 2331 801
548 2288 626 2326 coll.
641 2290 725 2327 Ste-

73 2345 181 2395 phan.
202 2346 292 2395 Byz.
314 2359 342 2382 s.
360 2347 413 2394 v.)
433 2358 455 2382 a
476 2345 638 2392 Milesiis,
662 2346 724 2395 qui

73 2401 216 2439 lnarum
255 2402 471 2440 devicerant.
540 2402 615 2445 Qui
644 2415 723 2439 cum

74 2457 277 2496 Artaxerxis
305 2458 525 2507 Longimani
559 2464 726 2508 tempore

74 2513 199 2551 vixerit
210 2542 220 2561 ,
239 2514 346 2552 alium
362 2515 507 2552 Inarum
524 2516 630 2552 nobis
651 2528 725 2552 non

76 2569 225 2620 amplius
253 2572 438 2621 cognitum
475 2571 629 2620 intelligi
653 2571 727 2608 vult

79 2625 235 2664 Schultz.
259 2641 357 2678 spec.
385 2632 553 2679 apparat.
573 2628 649 2665 crit.
675 2628 723 2664 ad

78 2682 206 2718 annall.
227 2696 263 2732 p.
281 2683 334 2725 25
356 2697 433 2734 seq.
493 2683 590 2721 Nam
609 2683 724 2721 multo

79 2741 164 2775 ante
197 2737 401 2777 Artaxerxis
428 2745 592 2790 tempora
621 2739 726 2778 Nau-

78 2794 190 2830 cratin
218 2796 398 2833 conditam
424 2798 535 2834 fuisse
574 2809 725 2835 necesse

79 2853 152 2895 est,
181 2850 399 2900 Olympiade
425 2853 573 2901 quinta,
603 2852 632 2889 si
660 2865 726 2903 pe-

79 2916 143 2942 nes
169 2905 367 2945 Eusebium
400 2908 504 2947 fides.
567 2908 675 2946 Conf.
705 2922 727 2947 a

802 1273 868 1310 Cr.
899 1272 1082 1309 laudatum
1120 1271 1375 1319 Wyttenbach.
1404 1273 1453 1309 ad

798 1329 892 1366 Plut.
910 1328 1049 1365 morall.
1072 1328 1108 1374 I,
1125 1331 1152 1369 2
1170 1340 1256 1376 pag.
1268 1331 1362 1369 907.
1392 1328 1452 1366 De

798 1387 927 1435 quibus
959 1385 1113 1422 certiora
1148 1384 1384 1432 haberemus,
1422 1387 1452 1422 si

798 1444 846 1479 ad
891 1455 959 1479 nos
998 1441 1223 1491 pervenisset
1268 1441 1452 1491 Apollonii

796 1498 933 1536 Rhodii
966 1497 1056 1535 liber
1096 1510 1192 1534 nunc
1225 1497 1451 1547 deperditus,

795 1555 857 1604 qui
888 1555 1146 1592 inscribebatur
1175 1553 1299 1600 κτίσις
1329 1556 1448 1592 Ναυ-

794 1606 979 1661 κράτεως.
1046 1610 1104 1648 De
1135 1609 1284 1659 reliquis
1324 1612 1449 1648 confer

795 1667 980 1705 Mannert.
1003 1668 1141 1715 Geogr.
1159 1667 1194 1703 d.
1208 1667 1274 1704 Gr.
1291 1681 1325 1703 u.
1338 1667 1447 1704 Rom.

796 1724 842 1771 X,
867 1728 885 1765 1
923 1738 960 1775 p.
983 1724 1064 1764 563
1086 1736 1162 1772 seq.
1220 1722 1318 1760 Nam
1349 1737 1450 1760 com-

795 1781 927 1818 mercio
965 1780 1087 1817 floruit
1115 1780 1221 1827 urbs,
1262 1780 1360 1816 cuius
1390 1779 1448 1818 vel

793 1837 1000 1874 meretrices
1040 1836 1254 1873 Herodotus
1290 1849 1448 1874 comme-

793 1897 911 1931 morat
930 1892 983 1939 ΙΙ,
1010 1893 1089 1933 135
1115 1892 1198 1938 fin.,
1225 1892 1448 1942 multumque

794 1950 878 1986 hinc
899 1949 1013 1986 valuit
1034 1949 1082 1985 ad
1099 1949 1304 1986 universum
1323 1948 1447 1997 Aegy-

792 2006 846 2056 pti
881 2010 1023 2042 statum.
1081 2004 1140 2042 De
1178 2018 1251 2054 qun
1285 2005 1444 2043 Heeren.

793 2063 905 2100 Ideen
922 2062 978 2108 ΙΙ,
998 2065 1024 2103 2
1050 2074 1086 2111 p.
1109 2063 1191 2102 388
1214 2074 1291 2110 seq.

845 2114 998 2170 χώρους
1014 2113 1320 2167 ἐνιδρύσασθαι]
1351 2117 1445 2155 Cum

790 2176 906 2213 Gaisf.
927 2175 1011 2213 dedi
1029 2170 1194 2225 χώρους.
1224 2174 1445 2223 lVesseling.

789 2237 957 2270 tenuerat
984 2227 1140 2283 χώροις.
1201 2231 1295 2268 Cum
1314 2231 1443 2268 eodem

792 2289 909 2326 Gaisf.
943 2288 979 2325 in
1018 2301 1121 2337 seqq.
1152 2288 1279 2338 scripsi
1312 2283 1445 2326 αὐτῶν

792 2349 829 2383 et
849 2341 1002 2384 τούτων
1029 2357 1097 2395 pro
1119 2339 1272 2384 αὐτέων
1300 2348 1337 2382 et
1357 2359 1444 2383 του-

792 2400 901 2440 τέων.

845 2453 986 2496 ’.[ώνων
1010 2453 1081 2506 μὲν
1104 2471 1138 2495 κ.
1157 2470 1188 2494 τ.
1209 2457 1266 2502 λ.]
1298 2455 1357 2494 De
1383 2455 1444 2493 Io-

793 2528 879 2552 num
897 2514 1045 2550 urbibus
1066 2513 1217 2549 diximus
1235 2513 1282 2549 ad
1296 2512 1323 2559 I,
1345 2512 1444 2558 1423

792 2572 840 2609 de
854 2570 997 2608 Doricis
1026 2569 1228 2606 civitatibus
1259 2568 1312 2616 Il,
1338 2568 1444 2615 1443

792 2628 840 2664 de
859 2626 1098 2665 Aeolensibus
1124 2625 1163 2673 I,
1194 2624 1285 2666 149.
1346 2625 1445 2662 Voce

787 2679 924 2722 Ῥόδου
949 2687 1071 2720 ternas
1102 2681 1240 2719 insulae
1259 2681 1366 2718 urbes
1389 2681 1445 2717 in-

792 2740 905 2777 dicari
933 2737 1120 2789 probabile
1149 2744 1238 2786 est,
1276 2737 1445 2786 Ialysum,

792 2797 998 2842 Camirum,
1027 2794 1210 2840 Lindum,
1241 2806 1322 2830 cum
1343 2793 1444 2830 Rho-

792 2852 857 2890 dus
873 2851 955 2888 urbs
974 2850 1086 2888 multo
1109 2856 1194 2900 post
1214 2851 1357 2887 demum
1381 2862 1445 2885 au-

791 2921 839 2946 no
861 2907 943 2950 408
963 2920 996 2945 a.
1016 2907 1102 2944 Chr.
1126 2919 1162 2943 n.
1183 2906 1330 2943 condita
1347 2905 1445 2942 dica-

1078 2964 1135 3002 56
1155 2964 1174 2985 *

1460 1002 1533 1040 191
