1805 3315
238 582 304 626 23

34 649 126 677 Arion
144 645 307 681 dithyram-

35 683 63 710 bi
91 684 215 714 auctor,
243 680 305 706 del-

34 716 125 752 phino
142 715 305 742 Taenaron

37 753 151 778 vectus.

349 236 407 278 52

759 234 1228 274 HERODOTI

349 343 398 388 ἐν
426 346 479 402 τῇ
502 342 713 402 Ἀσσησῷ,
745 341 876 393 αὐτός
903 358 948 385 τε
967 342 1014 386 έκ
1042 347 1118 399 τῆς
1135 343 1302 388 νούσου
1324 344 1492 402 ἀνέστη.
1523 346 1633 390 κατὰ

349 423 428 479 μὲν
446 422 522 468 τὸν
536 422 645 478 πρὸς
664 423 914 478 Μιλησίους
939 437 983 465 τε
1005 422 1077 466 καὶ
1098 422 1415 480 Θρασύβουλον
1443 423 1679 482 πόλεμονΞο

345 499 552 558 Ἀλυάττῃ
586 495 670 544 ὦδε
698 500 802 556 ἔσχε.

460 580 736 635 Περίανδρος
772 579 818 623 δὲ
852 575 909 636 ἦν
947 580 1156 633 Κυψέλου
1193 585 1315 635 παῖς,
1357 577 1486 636 οὗτος
1519 583 1543 628 ὁ
1572 588 1634 643 τῷ

364 738 465 782 κατὰ
493 739 565 793 μὲν
596 739 663 782 τὸν
697 739 792 794 πρὸς
827 744 959 793 ,Μιλη-

312 800 423 846 σίους
472 813 512 838 τε
560 797 627 837 καὶ
676 794 960 849 Θρασύβουλον

313 855 395 906 eto]
426 856 481 892 Ita
497 869 517 892 e
535 854 634 891 libris
652 856 815 905 probatis
835 857 959 892 edide-

313 917 397 950 runt
418 911 619 958 Schweigh.
642 915 677 948 et
697 912 813 948 Gaisf.
840 916 879 948 ut
905 912 961 947 in-

315 971 371 1007 fra
390 969 427 1015 l,
453 970 518 1008 70.
542 970 607 1008 92.
647 967 753 1004 Unus
775 968 865 1004 liber
880 966 962 1006 καὶ

313 1022 370 1063 τοὶ
405 1036 472 1074 pro
503 1019 641 1070 κατοῖ,
677 1025 775 1061 unde
805 1024 962 1072 vulgaris

317 1081 423 1118 lectio
456 1080 579 1126 fluxit,
630 1092 724 1128 quae
773 1080 891 1117 adhuc
927 1081 965 1117 in

315 1137 445 1174 Matth.
462 1136 622 1173 editione
643 1141 843 1186 comparet:
881 1151 904 1174 κ
916 1135 965 1175 αὶ

315 1190 374 1233 vc}
418 1188 510 1244 μὲν
555 1188 675 1230 κατὰ
717 1189 808 1231 τόν
841 1189 966 1244 πρός

316 1251 415 1288 Μιλ.
476 1247 535 1285 Ad
561 1260 638 1285 rem
670 1249 763 1286 conf.
793 1248 967 1298 Polyaeni

314 1307 475 1355 Strateg.
499 1304 574 1351 VI,
605 1304 670 1345 47.

511 1388 618 1439 Cap.
649 1388 783 1426 XXIII.

375 1471 626 1524 Περίανδρος
643 1470 686 1512 δὲ
705 1466 758 1523 ἧν
777 1471 969 1523 Κυψέλου

318 1533 414 1576 παῖς
436 1544 470 1568 κ.
491 1544 522 1568 τ.
543 1529 593 1580 λ.]
626 1530 797 1578 Sequitur
825 1530 882 1566 hic
902 1543 970 1566 no-

319 1587 491 1624 bilissima
524 1586 570 1622 de
597 1584 733 1622 Arione
759 1590 870 1634 atque
898 1586 969 1623 Pe-

319 1644 465 1680 riandro
483 1641 603 1678 fabula
616 1671 626 1688 ,
655 1655 722 1691 per
740 1646 856 1679 totam
877 1642 969 1678 anti-

319 1700 495 1748 quitatem
514 1698 641 1734 merito
663 1697 850 1734 celebrata.
908 1697 970 1734 Ad

318 1768 429 1804 quam
460 1754 692 1791 Herodotum
717 1755 844 1791 natura
865 1753 971 1803 quasi

321 1824 366 1848 ex
391 1811 510 1861 operis
541 1811 596 1846 sui
614 1809 736 1847 indole
755 1816 865 1859 atque
883 1823 969 1847 con-

318 1867 400 1903 silio
423 1866 583 1904 delatum
612 1866 749 1913 fuisse,
778 1867 875 1903 haud
902 1867 969 1903 mi-

318 1936 398 1960 rum
433 1923 614 1959 videbitur
652 1922 704 1969 ei,
763 1923 825 1971 qui
862 1923 968 1959 huius

318 1979 434 2028 ipsius
490 1978 669 2015 rationem
732 1980 971 2028 perspexerit.

321 2036 445 2078 Quum
466 2034 561 2072 enim
590 2035 636 2070 ad
656 2034 837 2083 Lydiacas
855 2036 970 2072 histo-

319 2092 391 2128 rias
446 2091 644 2140 pertineret
699 2092 971 2140 quodammodo

318 2146 541 2195 Thrasybuli
572 2147 742 2195 historia,
782 2148 828 2183 ad
861 2160 970 2196 quem

318 2204 439 2253 ipsum
466 2203 550 2240 olim
578 2203 726 2240 multum
755 2203 865 2240 valuit
898 2204 969 2241 Pe-

319 2259 488 2306 riander,
526 2259 624 2295 haud
651 2271 674 2295 a
705 2273 745 2297 se
775 2260 970 2309 impetrare

316 2315 437 2365 potuit
454 2315 625 2353 historiae
641 2319 768 2364 pater,
789 2316 877 2365 quin
893 2329 970 2353 rem

317 2375 517 2409 memoratu
556 2371 829 2419 dignissimam,
876 2385 971 2421 quae

320 2426 371 2462 illi
402 2427 600 2474 acciderat,
638 2440 806 2477 quaeque
842 2441 971 2465 monu-

319 2483 451 2519 mentis
470 2495 614 2531 quoque
622 2483 774 2531 publicis
789 2484 971 2521 civitatum

320 2537 542 2574 Graecarum
563 2538 743 2575 celebrata
772 2544 871 2587 erat,
899 2540 970 2586 hic,

319 2593 407 2629 data
428 2593 561 2630 scilicet
575 2596 780 2642 opportuna
796 2596 968 2631 narrandi

316 2649 527 2695 occasione,
556 2650 866 2698 praetermitteret.
923 2651 966 2688 In

316 2716 390 2754 quo
412 2704 626 2741 Herodotea
643 2706 803 2742 narratio
826 2707 875 2743 ad
884 2706 965 2743 Ho-

314 2760 436 2797 merici
456 2761 620 2797 carminis
642 2762 818 2799 rationem
836 2775 964 2800 ascen-

314 2816 369 2853 dit
398 2816 551 2866 ipseque
582 2815 792 2854 Herodotus
826 2816 962 2869 ὁμηρι-

1028 743 1123 781 enim
1149 742 1400 782 huiuscemodi
1430 744 1679 794 digressiones

1027 800 1164 851 passim
1184 800 1298 850 ipsius
1317 801 1437 851 operis
1455 801 1605 838 consilio
1613 802 1680 839 ad-

1029 857 1208 893 ducuntur
1222 885 1232 903 ‚
1273 857 1323 893 ita
1341 857 1492 894 multum
1513 858 1595 895 illae
1623 859 1680 895 fa-

1028 913 1126 949 ciunt
1145 914 1192 949 ad
1212 914 1414 951 auditorum
1430 914 1569 951 animos
1581 927 1679 951 com-

1027 969 1228 1006 movendos
1265 974 1375 1018 atque
1411 971 1679 1008 demulcendos.

1029 1025 1073 1061 Id
1091 1026 1191 1073 quod
1212 1038 1278 1062 nec
1293 1030 1435 1064 veteres
1454 1027 1548 1076 fugit
1559 1040 1679 1076 gram-

1029 1082 1178 1118 maticos
1193 1110 1203 1128 ‚
1243 1081 1327 1130 qui,
1372 1095 1445 1131 quo
1478 1084 1681 1120 auditorum

1032 1137 1141 1174 animi
1171 1138 1271 1174 suavi
1295 1138 1540 1176 fabulosarum
1560 1152 1682 1177 rerum

1031 1194 1236 1231 narratione
1257 1200 1472 1244 caperentur
1491 1200 1527 1233 et
1538 1196 1682 1246 abripe-

1033 1253 1178 1297 rentur,
1221 1250 1468 1298 digressiones
1506 1252 1684 1290 eiusmodi

1035 1307 1082 1343 ab
1110 1306 1279 1343 historico
1306 1309 1461 1345 orationi
1485 1309 1600 1346 fuisse
1626 1309 1683 1345 in-

1033 1366 1239 1412 terspersas
1279 1364 1422 1401 docent.
1489 1365 1609 1408 Quam
1646 1365 1685 1401 in

1036 1432 1112 1455 rem
1125 1418 1155 1456 C
1162 1431 1190 1456 r.
1211 1419 1383 1457 adscribit
1401 1420 1553 1469 Dionys
1565 1420 1683 1457 Halic.

1036 1474 1146 1512 Iudic.
1172 1476 1220 1512 de
1249 1476 1284 1512 T
1286 1477 1416 1525 hucyd.
1447 1477 1508 1514 W.
1535 1491 1572 1526 p.
1600 1478 1682 1518 823

1037 1532 1094 1568 ed.
1112 1531 1239 1568 Reisk.
1259 1531 1418 1570 Marcell.
1433 1533 1506 1570 Vit.
1516 1533 1551 1569 T
1553 1533 1683 1582 hucyd.

1035 1600 1072 1637 p.
1095 1590 1199 1634 729,
1221 1587 1255 1624 Π
1270 1589 1381 1625 Beck.
1409 1589 1473 1640 (p.
1494 1590 1578 1630 332
1606 1589 1647 1625 P.
1666 1588 1684 1625 I

1036 1642 1116 1679 Vol.
1139 1643 1155 1679 I
1179 1645 1235 1680 ed.
1268 1644 1438 1694 PoppO.)
1481 1645 1560 1682 coll.
1585 1646 1683 1682 Her-

1036 1711 1181 1747 mogen.
1201 1700 1236 1736 in
1258 1700 1430 1738 Biblioth.
1448 1702 1484 1738 d.
1503 1701 1600 1739 alten
1608 1701 1683 1738 Lit.

1035 1768 1068 1791 u.
1080 1756 1205 1792 Kunst
1220 1756 1305 1793 ΠΗ
1323 1771 1358 1807 p.
1379 1760 1415 1798 8.
1447 1758 1558 1801 Quod
1573 1770 1683 1809 prae-

1036 1811 1140 1861 cipue
1168 1815 1244 1848 tum
1282 1813 1360 1850 fieri
1388 1815 1572 1862 videmus,
1620 1813 1684 1850 ubi

1037 1868 1214 1906 Graeciae
1251 1871 1431 1918 quaedam
1470 1870 1593 1908 civitas
1625 1870 1682 1907 vel

1035 1924 1116 1974 ipsa
1126 1925 1292 1962 universa
1301 1927 1454 1964 Graecia
1461 1926 1578 1964 laudis
1589 1939 1684 1964 non-

1036 1980 1122 2017 nihil
1141 1981 1226 2019 inde
1254 1987 1406 2032 captura
1436 1984 1483 2019 sit
1512 1987 1575 2020 aut
1603 1982 1684 2032 glo-

1035 2037 1133 2083 riae3
1174 2040 1480 2086 quemadmodum
1506 2039 1576 2076 hoc
1603 2040 1683 2076 loco

1036 2092 1236 2130 celebratur
1258 2096 1466 2143 Corinthus,
1485 2095 1686 2133 Periander

1038 2150 1105 2197 (de
1124 2162 1196 2198 quo
1216 2151 1322 2200 plura
1339 2152 1434 2189 infra
1453 2151 1526 2199 III,
1552 2151 1606 2192 48
1628 2164 1684 2201 sq.

1037 2210 1074 2243 et
1096 2205 1138 2252 V,
1160 2210 1241 2255 92)
1272 2212 1382 2256 atque
1398 2208 1544 2245 omnino
1567 2209 1686 2246 Grae-

1037 2274 1158 2298 corum
1180 2264 1217 2299 in
1232 2265 1336 2313 po'esi
1359 2264 1449 2301 laus.
1507 2264 1585 2302 Sed
1614 2264 1685 2301 alia

1037 2330 1183 2367 quoque
1204 2322 1405 2369 spectanda
1431 2324 1534 2368 sunt,
1563 2333 1685 2370 gram-

1036 2375 1174 2412 maticis
1195 2376 1262 2412 illis
1276 2376 1384 2425 vulgo
1402 2376 1576 2425 neglecta.
1594 2376 1686 2414 Per-

1037 2431 1153 2467 tinent
1171 2432 1260 2470 haec
1281 2434 1329 2469 ad
1350 2434 1524 2483 pietatem
1545 2438 1582 2471 et
1598 2433 1683 2470 reli-

1037 2486 1184 2534 gionem
1212 2490 1391 2535 auctoris,
1429 2489 1490 2538 qui
1517 2488 1684 2526 lubenter

1037 2555 1098 2578 eas
1111 2545 1338 2580 narrationes
1346 2544 1540 2592 interserit,
1551 2545 1683 2594 quibus

1034 2597 1131 2634 mala
1175 2600 1337 2635 facinora
1382 2600 1518 2650 puniri,
1566 2601 1683 2650 proba

1029 2652 1168 2689 laudari
1187 2659 1331 2704 pateat,
1370 2656 1573 2704 quibusque
1593 2657 1683 2694 deo-

1030 2721 1108 2745 rum
1129 2710 1263 2746 iustitia
1278 2716 1591 2749 commonstretur.
1618 2713 1681 2750 Sic

1029 2763 1091 2801 illa
1107 2763 1252 2802 Arionis
1281 2767 1490 2805 narratione
1516 2767 1586 2806 hoc
1611 2769 1680 2806 do-

1029 2833 1110 2858 cere
1128 2821 1202 2858 vult
1224 2822 1412 2859 historicus
1426 2852 1436 2871 ,
1452 2823 1588 2861 nullum
1596 2838 1678 2863 sce-

311 2867 489 2921 κώτατος
524 2873 637 2913 fuisse
674 2874 848 2924 arguitur,
908 2875 961 2913 Ut
1024 2875 1081 2914 lus
1109 2877 1165 2916 vel
1193 2877 1417 2920 clandestine
1436 2881 1678 2930 commissum,
