1832 3315
369 246 452 286 134

760 245 1227 283 HERODOTI

342 353 736 411 4πουλυπλάνητον
780 354 933 410 κάρτα.
980 355 1045 398 ἐπὶ
1083 354 1161 409 μὲν
1200 353 1283 409 γὰρ
1320 353 1626 404 Δευκαλίωνος

314 528 359 572 τό
379 532 460 570 τῶν
481 528 618 577 ἅπλῶς
640 531 857 581 Πελασγῶν
880 530 962 579 φῦ-

314 592 384 628 λον
432 585 498 627 καὶ
536 583 779 636 πολυσπερὲς
817 582 883 624 διὰ
922 582 964 625 τὸ

313 638 581 694 πλανητικόν,·
612 642 689 679 coll.
704 644 869 689 fragmm.
893 642 962 678 Hi-

315 706 421 739 storr.
435 714 470 750 p.
493 699 558 740 41.
616 698 721 741 Quae
744 699 855 746 igitur
890 697 962 736 Pe-

315 757 428 806 lasgis
451 756 613 792 tribuunt
636 754 770 790 Strabo
785 783 794 801 ,
825 753 896 801 alii,
918 766 962 790 ea

316 815 362 852 ab
380 811 572 850 Herodoto
595 809 808 846 Hellenibus
831 810 965 846 tributa

316 870 502 912 videmus,
539 878 623 902 nam
642 865 823 902 Herodoti
842 866 964 912 verba,

316 929 358 962 ut
387 922 601 972 quibusdam
640 921 724 957 olim
748 921 863 957 visum
897 925 965 967 est,

316 981 366 1018 ad
382 979 562 1026 Pelasgos
570 978 728 1025 referre,
747 989 818 1025 quo
831 977 965 1012 Strabo

317 1041 426 1085 atque
445 1034 657 1072 Herodotus
691 1047 814 1071 secum
845 1033 965 1069 conci-

316 1093 469 1137 lientur,
497 1103 572 1127 non
595 1090 718 1126 sinunt
741 1090 888 1137 linguae
912 1089 965 1126 le-

317 1161 405 1198 ges,
435 1160 555 1196 neque
574 1146 654 1197 ipse
675 1146 966 1197 StephanusBy-

318 1204 452 1242 zantin.
486 1217 514 1240 s.
550 1216 583 1239 v.
607 1198 769 1253 Δώριον
797 1216 834 1252 p.
868 1202 965 1249 746,

317 1264 416 1299 recte
459 1260 554 1297 hunc
601 1258 717 1296 locum
774 1259 965 1308 accipiens.

319 1318 445 1361 Quare
458 1315 725 1364 Wesselingius
735 1314 967 1352 Herodotum

318 1386 394 1411 non
412 1373 459 1409 de
475 1373 642 1409 universa
653 1371 889 1420 Pelasgorum
901 1383 967 1407 na-

319 1431 420 1468 tione
438 1429 494 1465 hic
520 1428 617 1477 loqui
646 1433 789 1475 censet,
825 1428 892 1465 sed
920 1428 967 1465 de

319 1485 602 1524 Atheniensibus
647 1488 812 1532 tantum,
856 1483 918 1533 qui
945 1496 968 1521 a

319 1541 486 1590 Pelasgis
509 1554 624 1590 genus
644 1541 820 1578 duxerint.
873 1541 969 1577 Cum

322 1599 418 1637 enim
444 1598 618 1635 latissime
645 1600 770 1647 pateat
793 1596 970 1644 Pelasgo-

321 1668 398 1692 rum
418 1666 532 1704 genS,
572 1667 635 1690 eos
657 1653 755 1691 solos
783 1653 828 1689 ab
849 1653 970 1690 Hero-

322 1713 409 1749 doto
431 1710 701 1747 commemorari
721 1709 889 1747 credibile
901 1713 970 1755 est,

322 1767 384 1818 qui
405 1768 453 1804 ad
469 1766 626 1803 Atticam
644 1766 852 1816 pertineant
871 1777 970 1802 eain-

322 1837 395 1874 que
405 1827 540 1861 terram
557 1823 602 1860 ab
633 1822 882 1871 antiquissimo
909 1834 970 1859 ae-

322 1893 368 1917 vo
402 1880 604 1927 tenuerint,
644 1879 741 1916 unde
773 1879 971 1926 indigenae

324 1937 399 1974 sive
417 1935 677 1973 autochthones
694 1935 767 1971 sint
778 1933 972 1984 appellati,

325 2004 397 2042 qua
414 1993 562 2041 quidem
588 1990 830 2041 appellatione
859 1989 973 2027 Athe-

324 2049 470 2085 nienses
507 2059 597 2098 prae
634 2047 782 2095 reliquis
819 2046 971 2083 Graecis

324 2104 488 2153 insignes
521 2103 677 2140 voluisse
708 2102 889 2139 neminem
916 2103 974 2139 su-

326 2161 391 2210 git.
448 2159 560 2196 Unde
575 2171 649 2195 non
670 2158 820 2195 multum
839 2158 973 2205 differt,

326 2217 359 2254 si
376 2214 554 2263 Pelasgos
573 2214 713 2252 Atticae
740 2219 859 2252 terrae
879 2214 971 2251 fines

326 2273 516 2321 ingressos
546 2271 665 2321 prisco
694 2283 784 2308 aevo
824 2276 860 2308 et
891 2284 971 2307 cum

326 2327 509 2376 indigenis
533 2328 570 2363 in
590 2339 700 2364 unam
721 2329 797 2365 sere
824 2331 971 2376 gentem

328 2383 505 2422 coaluisse
546 2383 698 2429 dixeris,
755 2396 826 2432 quo
876 2383 975 2419 ducit

327 2440 467 2478 Herod.
487 2437 521 2475 II
534 2468 544 2486 ,
563 2438 614 2479 51
631 2439 710 2476 coll.
742 2439 801 2487 (ut
820 2439 975 2477 Crane-

327 2496 410 2544 net)
439 2495 483 2532 C.
512 2495 558 2532 O.
587 2494 730 2533 Miiller.
767 2496 804 2532 in
836 2495 975 2532 Orcho-

328 2564 423 2590 men.
458 2562 545 2600 pag.
574 2553 656 2592 439
685 2565 762 2600 seq.
797 2554 876 2593 129
896 2564 974 2600 seq.

328 2607 428 2646 Nam
447 2611 545 2644 terra
570 2606 691 2644 Attica
710 2608 976 2656 commigratio-

329 2676 396 2701 nes
413 2662 610 2700 incolarum
627 2665 745 2700 minus
757 2669 812 2701 est
822 2676 975 2714 perpes-

329 2732 394 2767 sa,
421 2723 514 2756 teste
533 2718 749 2767 Thucydide
774 2721 813 2767 I,
835 2723 863 2761 2
890 2720 977 2765 fin.;

330 2787 376 2814 ex
395 2787 468 2824 quo
487 2775 584 2813 haud
606 2776 678 2813 scio
695 2789 742 2814 an
758 2776 898 2814 Nostro
909 2788 977 2826 pa-

331 2831 500 2869 trocinari
537 2833 657 2881 possis
671 2863 681 2880 ,
732 2833 830 2883 apud
869 2845 977 2881 quem

334 2888 488 2927 eundem
514 2887 602 2937 VH,
630 2891 707 2931 161
735 2889 978 2928 Athenienses

1029 530 1195 566 dicuntur
1207 523 1465 580 ἀρχαιότατον
1477 524 1548 579 μὲν
1560 526 1682 574 ἔθνος

1029 581 1310 639 παρεχόμενοι,
1332 587 1476 635 μοῦνοι
1493 582 1535 624 δὲ
1556 581 1683 631 ἐόντες

1032 638 1081 681 ov'
1105 639 1342 692 μετανάσται
1352 638 1555 692 ’Έλληνες
1580 641 1684 679 Haec

1031 699 1209 735 sufficiant
1237 698 1285 735 ad
1309 698 1492 736 Herodoti
1517 698 1683 735 testimo-

1029 755 1128 791 nium
1148 754 1387 804 probandum.
1431 754 1527 791 Add.
1545 754 1683 791 Raoul-

1032 810 1211 848 Rocliette
1230 810 1251 846 l.
1281 809 1303 846 l.
1335 811 1352 847 I
1380 822 1467 860 pag.
1501 809 1582 851 140
1604 823 1681 859 seq.

1033 866 1230 903 Undenam
1272 879 1357 903 vero
1393 866 1430 902 hi
1466 865 1615 915 Pelasgi
1645 867 1683 903 in

1035 922 1225 959 Graeciam
1240 923 1358 971 ipsam
1370 922 1593 968 devenerint,
1603 923 1684 971 qui-

1036 978 1102 1013 bus
1123 978 1319 1014 maioribus
1338 977 1427 1024 orti,
1457 989 1552 1026 quae
1569 977 1684 1028 ipsius

1033 1035 1188 1070 nominis
1207 1034 1322 1081 ratio,
1352 1032 1467 1069 nolim
1494 1045 1591 1071 nune
1609 1034 1685 1070 dis-

1034 1091 1197 1139 quirere3
1227 1102 1310 1126 nam
1339 1089 1387 1126 ad
1403 1089 1579 1138 liquidum
1596 1089 1686 1127 haec

1032 1159 1192 1196 unquam
1210 1145 1358 1197 perduci
1377 1158 1490 1195 posse
1516 1146 1685 1196 despero.

1036 1203 1157 1247 Quam
1189 1204 1225 1240 in
1250 1216 1326 1240 rem
1355 1201 1417 1240 Cr.
1446 1201 1570 1239 laudat
1595 1201 1686 1240 Nie-

1034 1260 1137 1297 buhr.
1166 1260 1202 1295 in
1224 1259 1365 1295 Histor.
1388 1258 1496 1295 Rom.
1524 1258 1542 1295 I
1560 1271 1597 1309 p.
1617 1258 1686 1300 35.

1036 1318 1089 1357 67
1112 1329 1191 1365 seq.
1205 1316 1323 1351 Sturz.
1357 1315 1403 1352 de
1432 1314 1574 1352 dialect.
1600 1313 1688 1352 Ale-

1035 1373 1160 1410 xandr.
1184 1384 1270 1423 pag.
1299 1374 1325 1412 9
1353 1374 1428 1408 not.
1460 1370 1537 1419 (de
1559 1370 1688 1408 Pelas-

1036 1442 1163 1478 gorum
1188 1428 1430 1477 originibus),
1460 1432 1497 1464 et
1527 1427 1688 1465 Platner.

1035 1485 1207 1534 Beytriig.
1238 1498 1270 1524 z.
1294 1483 1498 1521 Kenntniss
1530 1484 1597 1521 des
1621 1482 1689 1520 At-

1035 1541 1138 1578 tisch.
1159 1541 1296 1578 Rechts
1323 1553 1410 1590 pag.
1429 1543 1483 1581 12
1503 1544 1600 1588 not.,
1624 1540 1689 1589 qui

1037 1597 1214 1648 duplicem
1252 1595 1494 1644 Pelasgorum
1522 1597 1560 1633 in
1593 1595 1690 1632 Atti-

1038 1667 1116 1691 cam
1128 1653 1303 1702 distingui
1322 1653 1400 1689 vult
1414 1652 1689 1701 migrationem3

1037 1710 1217 1760 priorem,
1243 1721 1336 1758 quae
1365 1708 1400 1745 h.
1419 1707 1442 1745 l.
1476 1712 1513 1746 et
1538 1708 1592 1757 II,
1621 1710 1689 1750 51.

1037 1766 1142 1814 VIII,
1180 1765 1235 1807 44
1271 1768 1592 1813 commemoretur,
1621 1778 1690 1815 po-

1038 1823 1249 1869 steriorem,
1287 1822 1334 1859 de
1369 1833 1441 1870 qua
1473 1821 1546 1871 VI,
1587 1822 1689 1869 137,

1038 1883 1204 1930 tempore
1242 1878 1497 1926 migrationum
1531 1876 1690 1915 Aeolen-

1039 1936 1151 1982 sium,
1195 1939 1235 1972 ut
1275 1934 1408 1971 Strabo
1447 1938 1600 1971 testetur
1634 1933 1690 1971 IX

1038 2005 1076 2042 p.
1097 1994 1177 2033 391
1201 1991 1258 2029 ed.
1278 1990 1393 2028 Tzch.
1451 1989 1509 2027 Ab
1535 1990 1591 2027 his
1618 1989 1690 2028 Pe-

1041 2048 1154 2098 lasgis
1172 2048 1287 2085 serius
1299 2047 1512 2096 immigratis
1532 2047 1690 2094 moenia,

1040 2117 1136 2153 quae
1160 2104 1269 2153 vulgo
1299 2103 1490 2153 Pelasgica
1510 2103 1690 2151 dicuntur,

1040 2174 1122 2198 esse
1159 2164 1364 2198 constructa
1413 2159 1520 2208 (coll.
1550 2158 1689 2197 Meurs.

1041 2217 1195 2267 Cecrop.
1217 2217 1255 2258 5.
1283 2215 1413 2253 Attice.
1439 2215 1559 2254 Lectt.
1578 2219 1623 2263 6,
1644 2216 1689 2264 1)

1038 2273 1135 2310 idem
1154 2273 1280 2309 statuit
1292 2272 1451 2310 Platner.

1097 2327 1141 2369 τό
1160 2327 1203 2367 δὲ
1224 2324 1586 2379 πουλυπλοῖνητον
1597 2323 1691 2379 κάρ-

1041 2388 1108 2431 τα]
1149 2381 1511 2435 πουλυπλάνητον
1539 2385 1691 2422 recurrit

1041 2442 1115 2489 111,
1135 2443 1188 2483 38
1201 2471 1211 2488 ‚
1248 2445 1288 2477 ut
1306 2454 1350 2478 ex
1370 2441 1492 2479 Koen.
1527 2441 1576 2477 ad
1595 2441 1691 2477 Gre-

1042 2511 1120 2546 gor.
1136 2497 1300 2534 Corinth.
1319 2498 1366 2534 de
1384 2497 1468 2533 dial.
1486 2496 1564 2533 Ion.
1583 2494 1620 2546 §.
1637 2498 1690 2537 12

1042 2554 1168 2590 laudat
1187 2553 1251 2590 Cr.
1310 2553 1394 2590 Hoc
1421 2552 1500 2589 loco
1528 2552 1690 2589 Ionicam

1041 2625 1193 2661 sormam
1210 2624 1248 2660 in
1271 2638 1318 2663 ov
1346 2635 1419 2660 una
1454 2621 1597 2660 exhibet
1626 2621 1691 2659 Al-

1043 2680 1131 2717 dina
1166 2680 1298 2727 editio,
1340 2692 1434 2716 unus
1460 2679 1569 2716 offert
1600 2678 1691 2716 liber

1044 2751 1074 2775 π
1085 2750 1106 2775 ο
1116 2732 1365 2787 λυπλᾶνητον
1381 2737 1539 2785 itemque
1559 2735 1624 2783 Ill,
1635 2736 1690 2776 38

1045 2788 1190 2841 πολύς
1228 2806 1320 2829 unus
1347 2787 1688 2843 πολλυπλᾶνητον.

1044 2848 1165 2887 Dores
1186 2861 1272 2886 vero
1292 2849 1392 2899 quod
1410 2843 1691 2899 πουλυπλᾶνη-

1045 2920 1107 2946 τοι
1122 2906 1288 2944 dicuntur
1299 2935 1310 2954 ,
1337 2905 1443 2945 testis
1462 2909 1519 2945 est
1527 2907 1690 2945 totafere
