1805 3315
639 233 856 272 cL10.
916 235 944 271 1.
1389 242 1444 282 27

133 363 182 400 5„
196 344 388 392 εκδύεται
423 343 498 386 καὶ
545 343 624 401 τὴν
665 345 776 387 αἰδῶ
812 342 936 400 γυνή.
989 341 1124 387 πάλαι
1164 344 1211 389 δὲ
1249 344 1302 388 τοὶ
1331 347 1491 390 καλά3ο

157 459 184 480 ,,
197 420 472 478 ἀνθρώποισι
511 421 754 479 ἐξεύρηται,
795 422 843 466 ἐκ
875 425 963 466 τῶν
992 421 1241 477 μανθάνειν
1270 427 1358 469 δεῖ·
1397 426 1445 470 ἐν

134 507 303 558 6,,τοῖσι
329 502 378 544 ἓν
407 500 507 545 τόδε
536 501 645 555 ἐστὶ,
685 501 886 546 σκοπέειν
923 501 1023 544 τινὰ
1051 501 1105 545 τοὶ
1136 501 1317 549 ἑωυτοῦ.
1360 505 1444 561 ἐγώ

154 579 237 634 ,,δὲ
266 581 476 636 πείθομαι
516 579 685 638 ἐκείνην
725 579 837 624 εἶναι
876 579 1051 623 πασέων
1092 588 1318 635 γυναικῶν
1346 589 1444 628 καλ-

153 692 181 713 ,,
191 660 360 715 λίστην·

109 857 179 893 iam
208 860 293 894 ante
316 869 397 894 eum
425 856 568 906 Upton.
601 857 648 894 ad
673 857 765 896 Dio-

109 925 191 961 nys.
223 912 339 950 Halic.
360 913 383 949 I.
410 912 451 961 l.,
473 915 673 952 sententiae
695 915 767 951 ori-

110 970 232 1018 ginem
253 982 274 1006 e
293 969 489 1017 Theanus,
517 971 674 1008 feminae
693 971 767 1020 Py-

111 1026 341 1074 thagoricae,
380 1032 576 1077 praecepto
606 1028 766 1076 quodam

109 1083 345 1133 repetendam
405 1096 487 1120 esse
551 1084 766 1134 suspicatur,

112 1139 212 1176 cuius
233 1139 396 1176 meminit
419 1139 609 1188 Diogenes
635 1140 762 1178 Laert.

110 1195 217 1242 VIII,
254 1195 329 1235 43:
377 1197 429 1250 τῇ
468 1193 510 1233 δὲ
559 1192 657 1247 πρὸς
694 1193 764 1235 τὸν

113 1251 220 1294 ἰ’διον
269 1248 398 1302 α’νδρα
442 1248 638 1306 μελλούσῃ
695 1267 766 1291 πο-

114 1303 308 1360 ρεύεσθαι
337 1307 414 1355 (de
444 1308 539 1344 coitu
573 1309 643 1346 hoc
670 1309 764 1346 acci-

112 1365 306 1415 piendum;
363 1363 436 1401 vid.
484 1365 668 1403 Schaefer.
716 1366 765 1402 ad

111 1421 268 1469 Dionys
302 1419 326 1458 l.
356 1419 404 1468 l.)
445 1417 640 1489 παρῄνει,
682 1417 765 1473 ἅμα

112 1480 195 1524 τοῖς
222 1473 414 1527 ἐνδύμασι
436 1477 504 1517 καὶ
524 1493 599 1529 την
621 1475 764 1530 αἰσχύ-

111 1548 188 1584 νην
221 1528 516 1583 ἀποτίθεσθαι,
560 1531 764 1586 οἷνισταμέ-

116 1605 192 1641 νην
223 1587 265 1629 δὲ
308 1587 428 1629 πάλιν
461 1607 544 1642 αμα
583 1588 763 1631 αυτοῖσιν

116 1643 424 1698 οἷναλαμβανειν.
465 1649 604 1686 Contra
622 1650 766 1686 Platoni

114 1704 153 1740 in
179 1703 248 1750 iis,
278 1716 373 1753 quae
401 1706 524 1742 scnbit
551 1705 657 1743 Polit.
674 1706 721 1754 V,
738 1708 763 1746 6

115 1774 152 1811 p-
190 1760 285 1807 457,
323 1759 397 1798 A.:
449 1756 668 1802 αποδυτέον
712 1759 764 1814 δη

115 1819 202 1864 ταῖς
232 1818 313 1854 τῶν
342 1812 535 1866 φυλάκων
567 1818 764 1871 γυναιξὶν,

115 1872 248 1912 ἔπείπε
232 1888 273 1941 ἐρ
301 1868 445 1925 α’ρετην
477 1870 565 1914 α’ντὶ
598 1875 765 1927 ἱματίων

116 1925 380 1982 αμφιέσονται
416 1931 600 1970 Herodoti
634 1933 764 1981 locum,

115 1987 289 2024 orationis
312 1988 466 2024 formam
495 1989 624 2027 saltem
653 1990 684 2026 si
706 2003 765 2028 re-

116 2044 330 2095 spiciamus,
389 2045 618 2083 obversatum
649 2046 764 2085 fuisse

115 2101 314 2148 contendit,
342 2107 514 2141 monente
536 2103 615 2151 Cr.,
640 2102 765 2141 Astius

116 2158 166 2194 ad
192 2157 227 2194 h.
257 2157 282 2196 l.
313 2171 350 2208 p-
384 2158 479 2200 512.
506 2182 563 2188 —-
592 2157 764 2200 πιθών

116 2214 242 2252 Ionum
277 2227 360 2252 esse
388 2229 456 2266 pro
487 2214 640 2267 χιτών
675 2218 764 2255 satis

114 2275 267 2308 constat.
310 2271 368 2308 Cf.
391 2274 501 2309 modo
529 2274 690 2311 Fischer.
716 2276 765 2312 ad

120 2327 267 2366 Weller.
322 2327 339 2364 I
381 2342 421 2379 p.
458 2329 550 2371 154.
602 2331 763 2379 Gregor.

115 2384 279 2422 Corinth.
320 2397 358 2434 p.
409 2386 506 2427 414.
549 2387 767 2425 Declaratur

116 2447 234 2479 autem
256 2441 406 2479 interius
424 2443 554 2480 Ionum
571 2445 765 2482 vestimen-

115 2501 192 2535 tum
222 2497 305 2535 lan-31
340 2500 541 2538 confectum
578 2514 609 2538 s.
643 2501 766 2538 tunica

117 2554 302 2592 manicata.
339 2556 440 2593 Citat
479 2557 549 2595 Cr.
584 2557 767 2595 Herodoti

115 2611 270 2662 interpp.
304 2612 353 2648 ad
380 2612 427 2661 V,
450 2615 503 2655 87
530 2618 568 2652 et
585 2614 765 2664 Biittiger.

119 2666 444 2716 Vasengem'aldel
473 2685 511 2722 p.
533 2674 600 2712 92.

174 2719 297 2764 πάλαι.
329 2723 372 2765 δὲ
400 2742 448 2766 τα
477 2724 578 2766 καλα
595 2748 652 2756 —-
680 2727 764 2778 δεῖ]

121 2777 177 2814 Ex
193 2781 403 2820 traiectione
428 2783 666 2833 Herodotea,
693 2798 768 2835 qua

124 2830 170 2872 τὰ
196 2835 294 2876 καλοὶ
318 2841 467 2890 proprie
496 2842 679 2891 pertineat
719 2841 767 2879 ad

124 2888 344 2940 μανθάνειν
363 2897 427 2936 δεῖ
453 2898 708 2937 thtenbach.
730 2899 767 2935 in

416 661 491 704 καί
538 671 611 704 σεο
662 659 816 717 δέομαι
875 659 933 716 μή
983 659 1161 704 δέεσθαι
1212 660 1402 719 ἀνόμων.
1417 668 1490 711 “35

833 856 982 895 Selectt.
1006 855 1091 894 hist.
1122 870 1158 907 p.
1182 856 1264 898 345
1290 857 1379 896 haec
1405 870 1487 895 ver-

833 914 881 951 ba
904 913 956 950 sic
984 913 1192 963 accipienda
1222 915 1347 952 docet:
1377 917 1486 962 „iam

833 972 1030 1019 antiquitus
1055 972 1145 1007 inter
1171 970 1322 1008 homines
1350 984 1390 1008 ea
1429 974 1485 1008 ἰη-

832 1030 937 1063 venta
982 1029 1239 1077 constitutaque
1293 1032 1393 1075 sunt,
1445 1040 1488 1064 ex

833 1083 956 1132 quibus
976 1083 1061 1131 quid
1082 1083 1194 1133 factu
1225 1085 1399 1121 honestum
1425 1086 1486 1131 sit,

831 1139 960 1175 discere
984 1138 1180 1176 debemus.“
1209 1140 1323 1177 Addit
1341 1140 1406 1177 Cr.
1425 1154 1487 1178 eo-

832 1195 914 1231 dem
945 1208 1076 1243 sensu‚
1116 1209 1189 1245 quo
1216 1196 1274 1233 hic
1304 1193 1352 1235 τοὶ
1386 1193 1486 1235 καλοὶ

833 1251 1016 1298 (honesta,
1044 1252 1175 1302 proba)
1216 1254 1316 1302 apud
1346 1253 1486 1291 Home-

831 1320 911 1344 rum
940 1308 1079 1356 odyss.
1106 1309 1253 1356 XVIII,
1283 1312 1379 1351 229.
1402 1310 1487 1356 XX,

832 1365 935 1405 310:
977 1360 1126 1414 ἐσθλάς
1178 1369 1287 1415 atque
1315 1366 1485 1403 Eustath.

832 1421 880 1457 ad
905 1421 1063 1470 priorem
1081 1422 1198 1459 locum
1226 1437 1262 1473 p.
1288 1425 1394 1469 666,
1419 1421 1485 1462 34·

831 1476 934 1514 Idem
965 1477 1029 1516 Cr.
1053 1480 1227 1516 admonet
1247 1479 1415 1516 Eustath.
1439 1480 1487 1515 ad

833 1533 973 1582 Odyss.
1022 1535 1115 1582 XX,
1167 1537 1249 1577 293
1309 1549 1348 1586 p.
1392 1535 1488 1582 735,

832 1591 886 1631 36
918 1591 976 1628 ed.
1007 1592 1122 1630 Basil.
1154 1593 1216 1629 ubi
1241 1593 1289 1630 de
1310 1592 1488 1643 particula

831 1642 958 1685 παλαι
1015 1650 1201 1700 disputat,
1260 1649 1489 1686 abundanter

831 1703 936 1753 quasi
983 1716 1005 1740 a
1057 1706 1239 1742 veteribus
1295 1710 1484 1756 usurpata,

831 1761 1136 1808 quemadmodum
1157 1759 1262 1801 ποτέ.
1282 1762 1358 1800 Sed
1377 1775 1485 1812 prae-

831 1820 906 1852 stat
921 1817 959 1852 in
979 1818 1192 1856 Herodoteo
1212 1818 1315 1866 Ioco,
1344 1819 1375 1854 si
1398 1819 1487 1868 quid

831 1872 963 1920 video,
1004 1870 1129 1914 πάλαι
1175 1875 1369 1926 explicare:
1412 1877 1487 1912 iam

831 1928 986 1979 dudum,
1031 1937 1074 1969 ut
1119 1933 1196 1970 sere
1231 1932 1269 1968 in
1310 1931 1485 1969 consimili

831 1985 965 2022 Plotini
1002 1987 1082 2025 loco
1124 1988 1222 2025 Enn.
1265 1988 1322 2035 II,
1363 1988 1425 2026 lib.
1458 1991 1485 2030 9

832 2055 862 2080 c.
886 2043 938 2084 15
964 2057 1001 2094 p.
1025 2046 1121 2112 213,
1151 2045 1205 2083 F:
1237 2060 1303 2083 και
1335 2040 1487 2091 πάντας

831 2095 983 2149 νόμους
1028 2116 1122 2149 τους
1168 2100 1348 2141 ἕντανθα
1404 2097 1484 2140 α’τι-

833 2168 963 2207 μασας
1021 2158 1090 2198 καὶ
1139 2173 1235 2210 την
1296 2154 1485 2210 οἷρετην

831 2228 921 2264 την
951 2212 1001 2253 ἐκ
1030 2231 1230 2262 παντος
1260 2230 1347 2255 του
1372 2211 1487 2268 χρὸ

832 2284 924 2310 νου
960 2267 1339 2325 ἄνευρημένην.

879 2327 1063 2368 σκοπέειν
1096 2344 1186 2368 τινα
1225 2327 1274 2368 τοὶ
1314 2327 1485 2381 ἑωυτοῦ]

832 2384 854 2420 i.
875 2397 907 2422 e.
945 2399 1012 2423 sua
1043 2399 1207 2437 quemque
1232 2386 1350 2423 debere
1374 2389 1486 2436 inspi-

832 2453 904 2477 cere
929 2455 959 2479 s.
989 2456 1124 2480 curare.
1153 2442 1314 2491 Moneo,
1335 2456 1381 2482 ne
1406 2444 1487 2493 quis

830 2500 1111 2547 praeferendum
1138 2504 1287 2538 censeat
1316 2495 1488 2540 σκοπεύ-

833 2568 914 2603 ειν,
957 2558 1056 2607 quod
1093 2557 1178 2594 olim
1208 2560 1346 2595 textum
1381 2570 1486 2594 occu-

832 2616 952 2663 parat.

889 2684 913 2708 κ
927 2669 976 2709 αί
997 2682 1062 2710 σεο
1086 2668 1226 2722 δέομαι
1249 2667 1304 2721 μή
1323 2668 1486 2709 δέεσθαι

833 2722 1015 2778 ἆνόμων]
1046 2728 1149 2765 Idem
1166 2728 1317 2766 verbum
1338 2727 1394 2764 bis
1418 2740 1486 2777 po-

832 2784 940 2821 situm
989 2795 1064 2822 non
1113 2785 1194 2823 sine
1241 2786 1398 2834 quadam
1439 2784 1486 2831 vi,

833 2854 1054 2890 quamquam
1090 2841 1356 2891 significatione
1393 2853 1484 2876 non-

834 2897 921 2936 nihil
949 2899 1102 2937 diversa.
1144 2899 1214 2937 Est
1251 2898 1345 2937 enim
1375 2896 1482 2948 priori
