1759 3324
536 252 962 293 EUTERPE.
1018 253 1064 291 Il.

1340 253 1424 294 657

156 370 204 414 ἐκ
240 369 330 412 τῶν
369 363 564 419 ὀλυρέων
603 366 832 413 ποιεῦντες
875 360 1057 416 ἄρτους,
1114 359 1219 412 τούς
1266 361 1425 405 ἐκεῖνοι

128 447 384 502 6κυλλήστις
414 436 694 500 ὀνομάζουσι.
726 444 833 499 οἴνῳ
865 440 906 485 δ’
938 441 985 485 ἐκ
1015 441 1209 495 κριθέων
1238 455 1421 497 πεποιη-

153 527 268 583 μένῳ
309 523 594 579 διαχρέωνται
606 537 618 550 ·

674 519 727 566 οὐ
764 519 848 578 γάρ
889 523 969 578 σφί
1007 523 1088 565 εἰσι
1125 520 1173 564 ἐν
1207 523 1261 577 τῇ
1299 519 1422 577 χώρῃ

93 712 197 750 Haec
242 724 354 760 quum
393 722 555 759 congrua
603 722 752 760 prorsus
821 707 960 745 hordea
972 708 1019 744 ad
1039 710 1166 758 potum
1179 707 1351 755 frangere
1370 719 1477 744 enar-

96 769 166 805 sint
192 768 234 804 iis
246 797 256 814 ,

94 882 125 918 C
157 886 193 918 et
220 881 324 928 418,
345 880 403 927 E,
442 880 542 917 haud
571 881 749 917 immerito

92 937 285 984 coniicias,
313 937 490 974 Hecataei
509 937 639 973 librum
668 936 748 973 No-

92 998 165 1031 stro
188 994 419 1031 obversatum
449 998 485 1031 et
513 994 558 1030 ab
584 1007 627 1031 eo
647 993 748 1030 lecti-

90 1054 205 1087 tatum
249 1051 375 1087 fuisse.
451 1050 534 1086 Vid.
577 1051 748 1088 Creuzer.

89 1107 254 1156 fragium.
282 1107 426 1143 historr.
456 1119 542 1156 pag.
565 1108 629 1147 23.

145 1161 240 1210 τούς
253 1162 398 1202 ἐκεῖνοι
410 1166 505 1201 κυλλ
514 1159 540 1213 η’
555 1175 636 1209 στις
658 1158 746 1202 o’vo-

91 1217 285 1270 μάζουσι]
346 1220 488 1257 Eadem
535 1220 746 1257 Athenaeus

89 1281 164 1313 tum
188 1277 211 1314 l.
231 1277 254 1314 l.
284 1281 361 1313 tum
383 1277 431 1313 Ill
451 1290 537 1326 pag.
553 1276 655 1323 114,
685 1276 747 1313 ubi

91 1334 257 1371 scribitur
284 1328 533 1380 κυλλάστις,
571 1333 746 1382 quemad-

89 1391 237 1427 modum
261 1392 369 1428 etiam
392 1391 428 1426 in
452 1390 636 1438 Hesychio
664 1404 692 1426 s.
709 1403 743 1427 V.

89 1447 133 1484 V.
151 1447 197 1484 D.
226 1451 471 1484 correxerunt.
520 1447 600 1484 Nec
626 1447 745 1483 minor

89 1505 126 1540 in
142 1504 238 1540 vocis
260 1504 435 1554 scriptura
448 1504 632 1541 dissensus
645 1504 744 1554 apud

88 1560 228 1598 Polluc.
268 1561 307 1596 in
344 1560 535 1597 Onomast.
576 1560 648 1607 Vl,
689 1562 739 1600 11

89 1615 127 1667 ς.
160 1619 237 1664 73,
284 1617 345 1653 ubi
379 1617 452 1653 vid.
488 1617 742 1666 lungermanu.

87 1673 255 1723 Explicat
285 1685 371 1710 vero
411 1673 622 1711 Athenaeus
671 1669 741 1711 τόν

87 1727 326 1776 ἰἷποξίζοντα
356 1726 478 1780 ἄρτον
508 1730 557 1777 (i.
579 1743 608 1767 e.
635 1730 742 1766 suba-

89 1786 204 1822 ciclum
216 1787 381 1835 panem),
395 1783 581 1823 Nicander
599 1787 643 1823 ab
660 1787 741 1836 ipso

87 1842 272 1879 laudatus:
310 1840 376 1881 τὸν
414 1841 456 1881 ἐκ
497 1845 566 1893 τῆς
593 1845 742 1893 κριθῆς

89 1895 210 1946 ἄρτον
243 1895 465 1950 γινόμενον.
539 1900 741 1948 Hesychius

87 1955 314 1992 Athenaeum
356 1961 499 1993 secutus
537 1957 662 2002 addit,
696 1968 740 1994 ex

87 2012 281 2049 Herodoto
308 2013 459 2062 opinor,
491 2026 535 2050 ex
561 2012 662 2062 olyra
684 2014 740 2049 fa-

87 2073 185 2105 ctum
206 2082 287 2106 esse
313 2082 457 2119 panem.
515 2069 591 2106 Sed
614 2068 741 2106 Pollux

87 2126 135 2162 ad
147 2126 300 2162 formam
322 2127 437 2175 magis
458 2130 603 2163 revocat
625 2126 741 2163 deno-

85 2182 340 2229 minationem,
383 2188 421 2219 ut
458 2196 572 2233 panes
610 2183 741 2220 intelli-

86 2243 217 2287 gantur
239 2238 436 2288 fastigiati
469 2240 525 2276 vel
553 2240 738 2287 turbinati,

75 2292 134 2331 'acl
153 2297 266 2332 instar
283 2297 457 2333 sorborum
469 2325 480 2343 ,
502 2302 543 2332 ut
559 2297 737 2347 interpre-

85 2355 182 2388 tatur
201 2352 439 2390 Casaubonus
462 2353 509 2389 ad
531 2353 662 2390 Athen.
676 2354 697 2389 l.
711 2353 734 2390 l.

85 2407 138 2443 Ill
159 2420 244 2458 pag.
265 2409 355 2450 114.
412 2410 559 2447 Protert
573 2410 662 2448 haec
678 2410 738 2447 la-

86 2463 272 2502 blonskius
290 2479 387 2503 voce.
401 2465 577 2516 Aegyptt.
591 2480 626 2517 p.
642 2469 733 2514 117,

85 2519 164 2569 ipse
196 2522 416 2570 subiiciens,
454 2536 548 2572 quae
575 2537 661 2560 iera
691 2524 737 2560 sit

84 2577 331 2627 Aegyptiacae
376 2580 473 2616 vocis
518 2580 736 2628 originatio,

88 2630 127 2669 se
146 2634 261 2671 adhuc
282 2636 427 2685 assequi
454 2649 529 2673 non
558 2636 735 2687 potuisse.

84 2689 144 2726 De
162 2689 260 2740 olyra
282 2693 373 2729 conf.
392 2693 445 2739 II,
468 2696 533 2734 36.

143 2745 239 2799 οἴνῳ
255 2743 295 2785 δ’
311 2747 352 2787 ἐκ
371 2722 544 2800 κριθέων
565 2763 734 2800 πεποιη-

86 2799 191 2855 μένῳ
215 2803 488 2855 διαχρέωνται]
519 2806 624 2843 Haec
641 2819 735 2855 quo-

84 2871 158 2907 que
185 2872 228 2896 ex
252 2861 437 2900 Hecataeo
462 2862 605 2900 Milesio
642 2863 734 2911 (qui

84 2918 178 2952 teste
203 2915 388 2954 Athenaeo
416 2918 440 2956 l.
469 2918 492 2956 l.
531 2917 734 2970 Aegyptios

142 2970 350 3011 Hnnonom.
382 2973 410 3011 I.

287 781 382 816 quae
404 780 447 805 ex
470 767 658 804 Hecataeo
681 766 752 802 Mi-

93 825 181 862 lesio
196 825 333 874 profert
345 824 554 861 Athenaeus
563 824 597 859 X
607 837 642 873 p.
655 823 751 871 447,

819 765 981 812 raverat)
1011 765 1230 814 deprompta
1259 777 1341 801 esse
1359 764 1477 801 videri

819 826 983 872 possunt.
1023 820 1132 870 Apud
1149 820 1366 870 Aeschylum
1388 834 1476 871 sup-

817 879 962 929 plemm.
980 881 1061 919 900
1092 878 1272 917 invenitur
1299 876 1404 928 μέθυ
1432 876 1475 916 ἐκ

817 937 988 986 κριθῶν.
1048 935 1125 971 Sed
1141 934 1258 982 magis
1278 934 1348 971 huc
1361 935 1475 984 perti-

816 997 879 1029 net
904 991 1057 1029 Diodori
1082 991 1182 1028 locus
1212 990 1249 1038 I,
1271 994 1326 1031 20
1359 994 1396 1028 et
1416 989 1473 1032 34

816 1049 892 1095 fin,
924 1049 985 1085 ubi
1017 1048 1105 1085 haec
1132 1048 1325 1097 leguntur:
1354 1062 1473 1086 κατα-

818 1103 1050 1152 σκευάζουσι
1067 1102 1110 1142 δὲ
1132 1103 1200 1143 καὶ
1223 1103 1266 1143 ἐκ
1285 1105 1365 1143 τῶν
1389 1119 1473 1156 κρι-

815 1164 905 1201 θῶν
938 1157 1152 1213 Αιγύπτιοι
1178 1156 1308 1211 πόμα,
1332 1139 1473 1200 λειπό-

817 1233 937 1270 μενον
967 1214 1016 1257 ου’
1045 1215 1149 1257 πολυ
1176 1220 1249 1269 τῆς
1277 1216 1366 1269 περὶ
1399 1214 1472 1257 τόν

816 1279 929 1315 οἰνον
951 1270 1142 1322 εὐωδίας,
1173 1271 1198 1314 ὃ
1215 1276 1382 1313 καλοῦσι
1406 1275 1471 1321 ζυ-

814 1337 902 1379 θος.
933 1331 1029 1369 A.dd
1041 1332 1162 1368 Strab.
1177 1331 1281 1368 XVII
1296 1345 1332 1381 p.
1347 1333 1470 1379 1179,

815 1390 845 1426 C
863 1394 898 1427 et
916 1402 1010 1438 quae
1035 1388 1105 1426 alia
1124 1389 1231 1425 affert
1245 1387 1468 1437 Wesseling.

813 1447 861 1483 ad
896 1445 1053 1484 Diodori
1091 1445 1220 1482 locum.
1278 1444 1470 1482 Admonet

814 1502 880 1540 Cr.
912 1502 1018 1540 Iesai.
1044 1502 1157 1549 XIX,
1190 1504 1265 1549 10,
1295 1502 1356 1538 ubi
1384 1505 1470 1538 sunt

811 1560 872 1609 qui
893 1561 1049 1597 eundem
1070 1560 1256 1595 cerevisiae
1273 1558 1323 1606 (si
1345 1559 1395 1594 ita
1413 1558 1469 1594 lo-

811 1617 873 1665 qui
892 1617 947 1653 fas
972 1616 1053 1664 est)
1090 1619 1218 1665 potum
1248 1615 1468 1663 intelligant,

808 1673 1030 1722 reprobante
1051 1672 1214 1709 Gesenio
1238 1671 1466 1719 (commentt.

809 1742 896 1779 pag.
920 1730 1034 1777 615),
1066 1730 1129 1778 qui
1151 1731 1332 1765 caeterum
1354 1728 1468 1764 Hart-

809 1799 930 1822 maun.
969 1787 1055 1823 citat
1091 1786 1144 1822 in:
1182 1784 1464 1822 Erdbeschreib.

810 1855 881 1879 von
906 1842 1066 1892 Aegypt.
1095 1856 1131 1891 p.
1156 1843 1235 1881 177
1267 1842 1467 1878 etiamnum

809 1900 1004 1936 cerevisiae
1044 1898 1230 1948 quoddam
1267 1911 1382 1946 genus
1422 1909 1467 1935 ex

808 1955 937 2005 Spelta
954 1955 989 1992 in
1002 1955 1172 2004 Aegypto
1192 1955 1312 2004 parari
1330 1955 1467 1992 docen-

806 2016 891 2049 tem.
914 2012 964 2048 Et
983 2011 1236 2062 pervulgatum
1257 2012 1355 2061 apud
1375 2010 1466 2047 alias

809 2074 938 2117 gentes
960 2068 1186 2117 antiquitatis
1208 2068 1307 2104 haud
1327 2079 1465 2117 paucas

807 2125 877 2162 hoc
915 2125 1075 2176 potionis
1114 2138 1253 2174 genus,
1294 2125 1342 2161 de
1378 2137 1465 2173 quo,

805 2186 978 2220 monente
1009 2183 1138 2219 eodem
1181 2180 1268 2225 Cr.,
1309 2180 1465 2231 plurima

805 2239 948 2288 collegit
961 2238 1212 2287 Lindenbrog.
1224 2238 1271 2274 ad
1282 2236 1463 2274 Ammian.

804 2295 964 2333 Marcell.
986 2295 1131 2341 XXVI,
1155 2297 1179 2334 8
1211 2292 1246 2344 §.
1270 2297 1297 2335 2
1320 2308 1357 2344 p.
1382 2294 1464 2335 158

804 2366 882 2402 seq.
912 2357 938 2389 t.
958 2352 1009 2389 Ill
1032 2353 1090 2390 ed.
1111 2351 1248 2399 lVagn.
1270 2351 1350 2388 coll.
1375 2351 1462 2388 Chr.

806 2410 962 2447 Gruner.
990 2409 1039 2445 ad
1069 2408 1256 2444 Zosimum
1283 2406 1463 2457 Panopol.

804 2468 851 2503 de
869 2466 1073 2515 Zythoruin
1094 2464 1321 2502 confectione
1343 2478 1379 2514 p.
1394 2465 1462 2504 30.

803 2522 862 2559 Ex
876 2522 1118 2559 Burckhardt.
1134 2521 1318 2558 itinerario
1338 2523 1464 2557 monet

804 2579 833 2616 I.
854 2579 901 2616 de
924 2580 1110 2616 Hammer.
1132 2578 1188 2625 (in
1208 2577 1466 2614 annall.Vien-'

804 2649 925 2673 nenss.
949 2635 1019 2672 vol.
1043 2634 1147 2671 XLV
1179 2648 1215 2685 p.
1238 2636 1312 2682 67)
1331 2634 1463 2671 hodie-

805 2705 878 2742 que
919 2692 1124 2742 Aegyptios
1164 2690 1227 2727 tali
1268 2692 1462 2738 fermento,

802 2750 902 2798 quod
930 2748 1034 2786 Busa
1061 2747 1270 2799 appellent,
1307 2748 1464 2784 maxime

803 2806 985 2843 delectari.
1510 2852 1515 2855 .

860 2857 908 2900 οὗ
934 2859 1009 2915 γάρ
1034 2862 1107 2912 6qu
1129 2860 1204 2901 εἰσι
1224 2859 1266 2900 ἐν
1286 2861 1337 2914 τῇ
1352 2853 1461 2911 χώρῃ

804 2915 994 2969 ἄμπελοι]
1031 2919 1091 2957 De
1119 2920 1339 2965 argumento
1364 2916 1459 2952 conf.

1128 2976 1200 3013 42‘
