2912 4368
880 868 1094 908 CLIO.
1152 868 1179 906 1.
1578 872 1663 913 :385

273 984 373 1033 175
391 980 530 1027 Ἦσαν
561 981 606 1025 δὲ
644 976 862 1034 Πηδασέες
900 979 1123 1029 οἰκοῦντες
1156 976 1268 1034 ὑπὲρ
1311 976 1988 1037 Ἁλικαρνησσοῦ95Ρεᾱειεεηεῑιιιηγῐγ.

1713 1032 1990 1105 ἑὲἓὲςαοἫιῗἚῗξ

1713 1105 1812 1124 versus
1851 1108 1954 1130 eorum

1707 1131 1845 1163 barbata.

396 1062 649 1120 μεσόγαιαν
705 1062 819 1101 τοῖσι
849 1055 961 1108 ὅκως
989 1074 1029 1100 τι
1068 1058 1217 1114 μέλλοι
1257 1056 1542 1116 ἀνεπιτήδεον
1572 1061 1656 1105 ἔσε-

397 1147 521 1191 σθαι,
581 1136 750 1180 αὐτοῖσί
791 1151 836 1180 τε
871 1136 946 1179 καὶ
983 1142 1096 1180 τοῖσι
1121 1139 1403 1192 περιοίκοισι,
1462 1138 1490 1196 ἡ
1521 1140 1652 1198 ἷερείη

366 1224 471 1276 Ωτῆς
496 1216 726 1273 Ἀθηναίης
753 1213 945 1271 πώγωνα
971 1215 1106 1271 μέγαν
1135 1217 1255 1273 ἴσχει.
1295 1218 1388 1273 τρίς
1416 1229 1495 1274 σφι
1524 1224 1658 1264 τοῦτο

391 1298 569 1354 ἐγένετο.
621 1289 743 1339 οὗτοι
772 1298 861 1338 τῶν
890 1296 986 1350 περὶ
1016 1297 1190 1352 Καρίην
1219 1296 1396 1352 ἀνδρῶν
1422 1300 1583 1353 μοῦνοί
1611 1316 1656 1344 τε

390 1375 598 1432 ἀντέσχον
627 1375 788 1431 χρόνον
812 1374 1034 1433 Ἁρπάγῳ,
1074 1376 1146 1419 καὶ
1177 1375 1411 1433 πρήγματα
1438 1377 1658 1434 παρέσχον

389 1461 586 1506 πλεῖστα,
636 1453 741 1509 ὅρος
779 1455 1057 1510 τειχίσαντες,
1109 1460 1169 1514 τῷ
1202 1455 1374 1512 οὔνομά
1413 1457 1501 1500 ἐστι
1529 1460 1655 1515 Λίδη.

1708 1556 1845 1585 Xanthus
1877 1557 1991 1592 Lyciae

1710 1591 1799 1624 urbs,
1833 1597 1990 1627 postquam

1709 1625 1826 1654 incolae)
1865 1625 1991 1652 flammis

1710 1660 1811 1691 omnia.
1857 1664 1992 1687 consum-

265 1539 365 1597 i176
378 1536 624 1592 3Πηδασὲες
654 1534 733 1590 μὲν
762 1551 846 1577 νυν
874 1532 1017 1593 χρόνῳ
1048 1534 1344 1592 ἐξαιρέθησαν.
1392 1534 1553 1581 Λύκιοι
1583 1538 1674 1591 δὲ,1

265 1611 266 1614 “
388 1612 448 1666 ὠς
485 1615 527 1666 ἐς
567 1613 616 1657 τὸ
656 1615 849 1661 Ξάνθιον
886 1615 1039 1658 πεδίον
1075 1612 1208 1671 ἤλασε
1246 1613 1270 1658 ὁ
1319 1614 1537 1673 Ἅρπαγος
1576 1616 1653 1662 τὸν

492 1836 523 1873 C
536 1849 557 1872 a
568 1850 605 1887 p.
639 1835 825 1874 CLXXV.

386 1914 492 1972 ’ἦσαν
524 1918 566 1959 δὲ
597 1918 803 1971 Πηδασέες
829 1919 988 1958 οἰκοῦν-

327 1992 389 2024 τες
410 1975 511 2029 ὑπὲρ
536 1976 848 2027 Ἁλικαρνησσοῦ
873 1973 988 2027 μεσό-

326 2037 469 2086 γαιαν]
511 2033 610 2070 Male
656 2034 765 2081 vulgo
816 2031 987 2084 Ἀλικαρ-

327 2092 511 2129 νασσοῦ.
570 2089 651 2127 Nos
700 2090 810 2127 secuti
863 2104 985 2127 suiuus

328 2147 589 2184 Gaisfordium.
648 2145 707 2183 Ad
733 2151 986 2195 argumentum

326 2205 420 2240 conf.
433 2203 530 2250 VIII,
548 2202 627 2244 104
639 2233 649 2250 ,
668 2203 729 2240 ubi
750 2204 859 2250 idem,
885 2205 986 2252 quod

263 2269 265 2273 ⁴
326 2259 397 2296 hoc
426 2260 529 2306 loco,
560 2260 607 2297 de
634 2261 823 2297 sacerdote
848 2260 987 2298 Miner-

326 2328 394 2353 vae
427 2320 615 2361 narratur3
667 2316 733 2353 sed
764 2316 816 2352 bis
845 2321 986 2354 tantum

327 2372 424 2409 istud
452 2372 624 2410 accidisse
659 2372 708 2408 ibi
743 2372 918 2420 legimus·7
948 2373 986 2409 id

328 2429 429 2477 quod
460 2441 504 2465 ex
533 2429 601 2465 hoc
624 2428 702 2465 loco
728 2430 984 2478 corrigendum

327 2484 466 2521 censuit
501 2484 708 2521 Casaubon.
740 2486 787 2522 ad
810 2486 982 2523 strabon.

326 2540 415 2578 XIII
440 2554 476 2591 p.
497 2543 580 2582 909
600 2554 685 2591 pag.
710 2544 787 2582 611
814 2543 872 2580 ed.
907 2543 982 2579 Ca-

327 2598 450 2644 saub.,
492 2597 553 2646 qui
584 2598 681 2634 idem
715 2600 869 2650 scriptor
894 2598 984 2636 haec

327 2654 413 2691 citat
434 2653 616 2691 Herodoti
637 2654 759 2692 verba.

381 2728 484 2763 τοῖσι
504 2720 605 2771 ὅκως
632 2741 668 2764 τι
690 2724 823 2777 μέλλοι
849 2720 983 2764 civem-

325 2776 469 2831 τήδεον
494 2780 676 2832 ἔσεσθαι]
719 2778 982 2835 ἀνεπιτήδεον

324 2838 467 2875 videtur
516 2839 702 2889 scripsisse
756 2853 823 2891 pro
877 2851 979 2876 more

326 2894 549 2932 Graecorum
572 2909 648 2933 rem
668 2909 817 2945 gravem
848 2896 979 2934 leniori

325 2951 521 3000 designans
542 2953 689 2990 nomine
706 2958 817 3003 atque
833 2952 978 2991 mitiori.

326 3006 387 3044 Sic
405 3004 670 3060 α’πεπιτήδεον
695 3009 718 3048 i.
748 3024 779 3048 e.
809 3012 979 3060 importu-

264 3082 265 3086 =
326 3075 426 3110 num,
454 3066 701 3103 incommodam
719 3067 810 3104 dixit
833 3068 880 3105 de
900 3080 978 3103 ma-

264 3115 265 3160 ]
328 3118 361 3155 lo
379 3122 485 3168 gravi
511 3122 650 3171 publice
679 3125 883 3161 imminenti.
921 3123 982 3160 In-

330 3175 385 3212 fra
404 3175 511 3224 VIII,
535 3178 614 3220 104
641 3180 783 3230 scripsit
802 3177 981 3231 χαλεπόν.

328 3250 385 3258 ·-
405 3228 557 3272 αὐτοῖσί
587 3249 626 3273 τε
649 3234 717 3274 καὶ
745 3241 846 3275 τοῖσι
874 3252 983 3287 περι-

331 3285 495 3326 οίκοισιτ
519 3293 550 3327 et
570 3293 655 3340 ipsis
675 3292 982 3342 (Pedasensibus)

331 3345 363 3378 et
390 3344 540 3392 ipsorum
574 3348 723 3393 accolis;
767 3349 850 3388 hinc
886 3350 985 3387 nulla

331 3400 549 3438 emendandi
577 3417 694 3442 causa.

387 3464 559 3521 πώγωνα
583 3471 709 3526 μέγαν
730 3474 855 3526 ἴσχει]
888 3474 987 3526 ’ίσχει

333 3522 451 3575 (ἔχει)
470 3526 525 3565 hic
546 3529 643 3567 idem
655 3532 732 3570 sere
743 3536 854 3583 atque
868 3531 986 3586 παρέ-

378 3581 589 3623 ΗΕιιουοΤ.
619 3586 648 3625 Ι.

1055 1849 1135 1886 χεις
1164 1836 1325 1886 praebet,
1355 1839 1497 1887 accipit.
1529 1859 1583 1866 —
1612 1867 1638 1886 ,,
1653 1839 1712 1878 De

1058 1893 1170 1928 barba
1192 1893 1294 1929 huius
1313 1896 1529 1941 sacerdotis,
1561 1897 1632 1944 qua
1652 1910 1711 1933 res

1054 1950 1196 1985 suturae
1230 1951 1514 2000 portendantur,
1554 1952 1714 2000 loquitur

1057 2006 1165 2041 etiam
1195 2004 1407 2044 Aristoteles
1437 2008 1535 2045 Hist,
1556 2007 1712 2045 Animal.

1055 2061 1126 2108 ΙΙΙ,
1153 2064 1244 2102 11.“
1278 2062 1342 2099 Cr.

1113 2113 1304 2169 ἆντέσχον
1342 2114 1512 2171 χρόνον]
1570 2116 1715 2171 χρόνον

1056 2179 1110 2212 est
1132 2175 1194 2211 (ἰιίι
1220 2176 1268 2219 (i.
1297 2190 1328 2213 e.
1355 2190 1422 2227 per
1445 2177 1594 2226 aliquod
1617 2183 1712 2215 tem-

1054 2233 1143 2282 pus)
1165 2232 1367 2281 explicante
1384 2232 1564 2272 Matthiae
1585 2235 1621 2271 in
1643 2235 1710 2271 Gr.

1056 2289 1121 2324 Gr.
1145 2287 1181 2338 ξ.
1201 2290 1305 2335 425,
1328 2293 1375 2336 2,
1399 2290 1433 2327 b.
1464 2291 1541 2327 Sed
1563 2287 1709 2344 χρόνῳ,

1055 2345 1156 2393 quod
1189 2344 1225 2381 in
1256 2346 1327 2382 fine
1354 2359 1432 2396 cap.
1465 2351 1604 2394 exstat,
1633 2353 1708 2384 est:

1055 2401 1204 2437 tandem.
1264 2402 1372 2438 Conf.
1392 2416 1501 2453 supra
1526 2404 1573 2439 ad
1596 2404 1625 2449 Ι,
1644 2406 1711 2444 68.

1054 2458 1119 2499 84.
1151 2479 1207 2484 —-
1234 2457 1293 2495 De
1321 2464 1443 2496 monte
1468 2459 1581 2506 Lide,
1611 2461 1712 2497 cuius

1053 2514 1217 2565 proxime
1241 2515 1376 2551 mentio
1395 2516 1456 2562 fit,
1478 2521 1601 2553 tacent
1620 2517 1711 2553 scri-

1050 2575 1175 2621 ptores
1197 2575 1358 2618 veteres,
1390 2573 1451 2620 qui
1474 2573 1521 2609 ad
1543 2586 1611 2609 nos
1626 2586 1710 2622 per-

1050 2631 1238 2664 venerunt.
1296 2626 1407 2677 Apud
1439 2642 1548 2666 unum
1585 2629 1710 2666 Ptole-

1050 2697 1194 2721 maeum
1225 2683 1271 2730 V,
1304 2685 1330 2725 3
1369 2686 1546 2734 oppidum
1577 2685 1709 2723 Cariae

1049 2740 1200 2778 inveniri
1227 2736 1364 2779 Λύδαι
1396 2747 1521 2779 monet
1559 2740 1711 2778 W‘esse-

1049 2796 1206 2845 lingitis,
1238 2798 1304 2834 sed
1334 2798 1430 2834 idem
1459 2799 1580 2845 addit,
1610 2798 1710 2835 varie

1051 2854 1157 2891 scribi
1204 2854 1302 2891 istud
1338 2867 1491 2903 nomen,
1531 2860 1568 2894 et
1599 2854 1709 2905 Clyde

1047 2915 1084 2949 et
1115 2906 1260 2950 Χύδαι.

1208 2995 1240 3033 C
1251 3008 1271 3033 a
1283 3008 1321 3046 p.
1352 2995 1557 3034 CLXXVI.

1107 3080 1147 3128 ἔς
1164 3078 1208 3121 τό
1224 3077 1407 3122 Ξάνθιον
1427 3081 1582 3129 πεδίον]
1598 3080 1706 3119 Xan-

1052 3138 1131 3175 thus
1149 3138 1287 3187 Lyciae
1311 3142 1366 3175 est
1384 3139 1492 3186 urbs,
1522 3139 1705 3175 Strabone

1051 3199 1199 3232 auctore
1234 3195 1469 3245 septuaginta
1504 3196 1621 3232 stadia
1649 3195 1705 3231 di-

1052 3256 1151 3288 stans
1182 3264 1203 3288 a
1230 3251 1340 3296 mari3
1378 3251 1416 3288 iu
1443 3264 1517 3300 quo
1555 3251 1705 3300 quidem

1051 3309 1258 3356 refragatur
1279 3307 1418 3344 Plinius
1438 3307 1535 3344 Hist.
1557 3306 1645 3344 Nat.
1656 3307 1704 3353 V,

1053 3367 1120 3407 27.
1151 3364 1343 3401 Strabonis
1361 3363 1459 3402 locus
1479 3367 1597 3401 exstat
1614 3361 1704 3401 XIV

1052 3434 1090 3472 p.
1113 3422 1217 3468 981,
1240 3420 1284 3458 Β.
1316 3420 1360 3457 C.
1417 3420 1521 3458 quta
1540 3419 1709 3457 Xanthus

1054 3478 1206 3525 fluvius,
1230 3477 1268 3514 in
1290 3476 1387 3515 cqus
1403 3477 1483 3527 ripa
1496 3477 1640 3514 sinistra
1658 3475 1706 3512 si-

1055 3537 1093 3571 ta
1120 3534 1187 3571 fuit
1213 3534 1324 3583 urbs,
1357 3537 1399 3571 ut
1426 3533 1639 3583 intelligitur
1665 3543 1706 3568 ex

1402 3589 1459 3628 25
