1759 3324
488 233 912 276 EUTERPE.
969 232 1015 270 Π.

1300 233 1380 273 671

124 370 216 410 την.
247 351 491 409 φράσαντες
520 347 588 398 δὲ,
626 342 932 388 πυνθάνονται
960 339 1068 395 παρ’
1100 338 1247 385 αὐτῶν
1275 340 1387 385 κατὰ

123 432 181 488 ἥν
214 447 312 474 τινα
348 425 587 484 βούλονταί
622 437 700 480 σφι
741 426 1040 478 σκευασθῆναι
1087 419 1166 464 τὸν
1213 419 1384 475 νεκρόν.

94 512 170 555 4οἱ
195 511 273 566 μὲν
302 506 355 563 δὴ
391 503 613 557 ἐκποδών,
652 507 800 560 μισθῷ
838 501 1206 558 ὁμολογήσαντες,
1247 497 1442 543 «ἔπαλ-35

120 588 373 632 λάσσονται’
425 586 469 628 οἷ
499 583 544 627 δὲ
582 582 919 637 ὑπολειπόμενοι
958 581 1004 625 ἐν
1034 577 1263 636 οἰκήμασι,
1302 573 1386 622 ὦδε

90 667 173 712 5τὰ
204 664 528 712 σπουδαιότατα
557 662 846 719 ταριχεύουσι.
903 664 1056 715 πρῶτα
1105 659 1183 715 μὲν
1223 661 1386 717 σκολιῷ

119 746 283 804 σιδήρῳ
316 743 387 788 διοὲ
417 748 506 787 τῶν
535 742 800 798 μυξωτήρων
840 739 1044 796 ἐξάγουσι
1080 737 1158 783 τὸν
1199 737 1385 795 ἐγκέφα-

118 831 219 879 λον,
248 825 302 870 τοὶ
331 824 408 880 μὲν
439 820 578 867 αὐτοῦ
613 821 729 865 οὕτω
762 820 1006 876 ἐξάγοντες,
1047 817 1100 862 τόι
1135 818 1180 862 δὲ
1210 817 1384 874 ἐγχέον-

89 915 187 958 6τες
217 903 452 964 φάρμακα,
482 900 587 960 μετα
618 902 685 956 δὲ,
714 902 826 960 λίθῳ
848 900 1097 961 Αἰθιοπικῷ
1128 897 1215 953 ὀξέϊ
1241 913 1385 955 παρα-

116 1086 215 1130 uacci
237 1086 291 1142 ἥν
311 1105 399 1129 τινα
413 1085 628 1141 βούλονταί
643 1100 718 1141 σφι

61 1162 98 1187 κ.
126 1162 156 1186 τ.
183 1149 242 1193 L]
302 1147 444 1198 Supple
481 1147 716 1197 ταρίχευσιν.

62 1205 195 1242 struve
217 1204 321 1241 scribi
351 1203 426 1240 vult
455 1200 538 1242 κατ’
559 1200 715 1255 ἥντινα.

61 1260 146 1298 Vid.
171 1264 247 1297 not.
272 1261 321 1297 ad
346 1260 400 1308 11,
421 1260 486 1302 24.

119 1316 160 1356 οἷ
178 1314 249 1367 μὲν
264 1313 315 1366 δή
337 1311 718 1356 ἐκποδών-ἅγιαλ-

61 1368 296 1424 λοῖσσονται]
328 1373 548 1423 Obloquitur
574 1373 717 1410 Diodo-

60 1443 120 1467 rus
139 1430 162 1468 l.
179 1430 216 1478 l.,
246 1429 383 1480 populo
402 1443 522 1467 coram
544 1429 716 1466 solemni-

61 1482 201 1536 busque
218 1487 343 1523 ritibus
364 1487 531 1524 adhibitis
552 1487 611 1536 qui
628 1487 714 1523 dicit

60 1544 287 1581 condituram
328 1556 408 1580 esse
443 1546 714 1593 perpetratam3

61 1600 161 1649 quod
187 1613 267 1636 cum
294 1599 488 1636 Herodoto
518 1600 568 1636 sic
589 1600 713 1636 forsan

60 1655 240 1694 conciliari
258 1655 416 1706 poterit,
446 1661 505 1702 ut,
537 1656 714 1693 cadavere

59 1712 216 1757 tradito,
246 1712 457 1749 necessariis
480 1712 580 1749 abire
607 1711 716 1748 licue-

59 1770 119 1805 rit.
192 1767 247 1804 Ita
284 1768 414 1816 Zo'ega
459 1769 507 1805 de
549 1768 713 1805 obeliscc.

60 1838 97 1875 p.
119 1825 200 1866 256
222 1828 258 1862 et
277 1824 481 1861 Creuzerus
507 1823 529 1862 l.
551 1824 574 1861 l.
594 1838 631 1875 p.
647 1827 715 1866 20.

118 1932 220 1975 οἶδὲ
250 1931 560 1987 ὑπολειπόμενοι
593 1935 636 1975 ἐν
659 1936 714 1976 οἰ-

60 1988 234 2043 κήμασι]
268 1992 318 2031 οἷ
346 1990 398 2031 δὲ
431 1998 515 2030 sunt
537 1994 714 2030 taricheu-

60 2053 140 2096 tae,
172 2062 252 2086 cum
275 2049 316 2087 οἷ
336 2046 408 2098 μὲν
432 2050 469 2086 in
495 2051 714 2087 anteceden-

59 2105 154 2142 tibus
190 2106 261 2142 sint
298 2107 459 2142 defuncti
497 2107 712 2153 necessarii3

58 2159 102 2201 ἐν
120 2157 309 2213 οἰκήμασι
327 2162 348 2198 i.
363 2175 394 2199 e.
419 2175 484 2199 non
504 2165 577 2199 suis
598 2165 635 2199 in
652 2176 712 2199 ae-

59 2217 208 2268 deficiis,
240 2219 316 2256 sive
334 2218 576 2268 defunctorum
595 2221 632 2256 in
651 2233 711 2257 ae-

59 2274 181 2323 dibus,
210 2276 277 2313 sed
305 2275 342 2312 in
366 2276 540 2313 aedificiis
560 2276 629 2313 illis
645 2290 713 2326 pu-

58 2331 157 2368 blicis
196 2332 244 2368 ad
288 2333 493 2370 condienda
533 2334 712 2370 cadavera

60 2387 269 2435 destinatis,
310 2402 382 2437 quo
415 2392 578 2426 mortuos
617 2389 712 2427 hunc

59 2444 96 2480 in
127 2444 234 2482 finem
270 2445 475 2483 detulerint.
543 2446 624 2483 vid.
665 2447 713 2494 ΙΙ,

61 2499 114 2541 85
135 2499 196 2536 fin.

117 2549 194 2594 ὦδε
223 2552 270 2595 τὰ
294 2552 584 2597 σπουδαιότατα
604 2574 712 2610 ταρι-

59 2607 248 2663 χεύουσι]
278 2613 300 2650 i.
319 2627 350 2651 e.
373 2611 472 2653 κατοὶ
490 2612 564 2666 τήν
589 2628 712 2655 σπου-

61 2664 273 2718 δαιοτάτην
303 2671 544 2722 ταρίχευσιν,
572 2676 612 2710 ut
633 2686 713 2711 mo-

61 2728 126 2762 net
142 2724 513 2775 SchweighaeuseruS.

119 2783 264 2835 σκολιῷ
289 2779 464 2835 σιδήρῳ]
493 2785 713 2823 Huiusmodi

62 2836 196 2873 cultros
211 2850 254 2874 ex
271 2850 355 2877 aere
381 2840 546 2887 (Bronze
567 2843 711 2890 dicunt)

62 2891 266 2931 elaboratos
291 2896 491 2947 complures
514 2911 555 2936 se
578 2898 713 2937 vidisse

785 1089 953 1139 adeoque
989 1101 1110 1127 secum
1136 1088 1173 1125 in
1203 1087 1441 1125 Germaniam

785 1146 947 1183 attulisse
963 1149 1118 1183 testatur
1137 1144 1441 1183 MinutoliNach-

784 1204 890 1251 trage
915 1207 981 1240 etc.
1006 1215 1092 1252 pag.
1117 1201 1196 1243 195
1227 1206 1302 1241 not.
1324 1205 1360 1243 1.

843 1256 909 1298 διοέ
948 1260 1030 1297 τῶν
1071 1253 1316 1309 μυξωτήρων
1353 1253 1440 1306 ε’ξοῖ-

782 1328 898 1368 γουσι
929 1312 995 1354 τόν
1015 1313 1256 1367 ἐγκέφαλον]
1288 1314 1440 1353 Cerebri

783 1385 850 1422 per
868 1385 974 1409 nares
996 1372 1117 1409 educti
1136 1385 1214 1408 cum
1230 1372 1326 1408 nulla
1339 1371 1439 1422 apud

783 1428 989 1465 Diodorum
1007 1430 1140 1467 mentio
1156 1457 1164 1476 ‚
1184 1428 1439 1466 Herodoteam

783 1486 1029 1522 narrationem
1052 1486 1150 1523 haud
1175 1485 1279 1535 pauci
1299 1485 1334 1521 in
1355 1497 1441 1522 exa-

782 1555 865 1579 men
882 1546 1052 1580 vocantes
1064 1573 1074 1590 ‚
1092 1555 1171 1580 eam
1192 1554 1341 1591 prorsus
1352 1554 1440 1578 con-

781 1611 908 1647 gruum
930 1611 972 1635 ac
988 1612 1109 1636 veram
1128 1599 1364 1644 invenerunt;
1383 1598 1440 1634 in-

782 1668 854 1703 que
874 1655 1016 1692 mumiis
1034 1656 1121 1706 ipsis
1152 1659 1275 1705 partes
1295 1657 1439 1692 narium

782 1712 878 1748 ferro
895 1711 1012 1748 laesas
1030 1711 1181 1762 reperiri
1198 1712 1322 1748 testati
1343 1715 1437 1749 sunt.

782 1767 867 1804 Vid.
889 1768 1062 1806 Creuzer.
1086 1768 1108 1805 l.
1127 1768 1162 1815 l.‚
1191 1768 1252 1816 qui
1273 1768 1437 1817 inprimis

785 1823 1173 1862 laudatBlumenbaeh.
1188 1824 1225 1860 in
1239 1824 1341 1861 Gott.
1354 1824 1440 1861 Ma-

785 1894 864 1929 gaz.
894 1880 907 1916 Ι
937 1894 973 1930 p.
996 1881 1074 1922 135
1107 1885 1143 1919 et
1174 1880 1346 1929 Beitrage
1375 1894 1440 1918 zur

784 1937 1027 1986 Naturgesch.
1051 1937 1068 1974 I
1103 1952 1140 1988 p.
1168 1938 1245 1978 131
1275 1939 1333 1975 ed.
1366 1951 1438 1975 sec.

782 1993 919 2041 Royer.
940 1998 977 2031 et
997 1994 1155 2031 Iomard.
1183 1994 1218 2029 in
1249 1994 1365 2031 deser.
1391 1995 1439 2032 de

781 2049 875 2099 l'Eg.
895 2054 968 2087 ant.
991 2051 1059 2087 vol.
1084 2050 1117 2086 ΙΙ
1137 2064 1173 2100 p.
1195 2050 1289 2091 215.
1311 2050 1405 2091 344.

838 2103 884 2145 to?
922 2104 964 2145 δὲ
994 2105 1190 2157 ἐγχέοντες
1221 2103 1435 2157 φάρμακα]

780 2162 1052 2201 Medicamenta
1080 2164 1170 2201 haec
1206 2163 1328 2213 qualia
1357 2165 1438 2203 fue-

780 2220 872 2267 rint,
904 2234 946 2258 ex
965 2221 1084 2257 resina
1108 2220 1259 2270 aliisque
1276 2222 1437 2259 materiis

781 2276 816 2312 in
859 2277 980 2314 cranio
1027 2277 1243 2315 mumiarum
1284 2280 1437 2328 repertis

779 2333 950 2382 colligere
972 2334 1076 2380 licet3
1107 2346 1329 2384 quamquam
1349 2335 1438 2373 illud

784 2392 931 2440 quidem
960 2391 1110 2438 mirum,
1141 2390 1219 2428 aliis
1240 2392 1277 2428 in
1305 2392 1436 2429 craniis

782 2447 992 2497 plurimam,
1023 2447 1059 2484 in
1085 2446 1163 2484 aliis
1185 2461 1336 2498 prorsus
1357 2448 1438 2485 nul-

781 2503 853 2540 lam
875 2517 957 2542 esse
972 2508 1166 2554 repertam.
1214 2504 1296 2542 Vid.
1320 2505 1438 2542 Creu-

783 2573 855 2597 zer.
874 2560 896 2596 l.
915 2560 938 2597 l.
955 2561 1078 2610 ibique
1094 2560 1352 2599 Blumenbach.
1372 2561 1394 2598 l.
1411 2561 1435 2600 l.

781 2630 817 2667 p.
837 2618 891 2657 93
916 2621 953 2654 et
977 2617 1134 2654 Gmelin.
1152 2617 1190 2654 in
1209 2630 1337 2656 comm.
1361 2632 1433 2656 soc.

781 2674 883 2710 Gott.
902 2673 953 2710 IV
968 2687 1055 2724 pag.
1078 2673 1104 2714 4
1122 2687 1224 2724 seqq.

836 2730 940 2783 λίθῳ
966 2729 1228 2785 Αἰθιοπικῷ]
1268 2731 1338 2768 His
1368 2744 1438 2782 pa-

780 2786 833 2824 ria
853 2787 998 2835 quidem
1017 2786 1206 2824 Diodorus
1226 2788 1335 2836 1‚91.
1364 2787 1435 2825 La-

778 2843 901 2893 pidem
925 2843 1046 2893 ipsum
1069 2844 1117 2880 ad
1148 2845 1345 2882 secandum
1375 2856 1436 2880 ca-

778 2900 893 2937 daver
920 2900 1124 2937 adhibitum
1156 2913 1201 2939 ex
1227 2914 1271 2939 eo
1296 2912 1435 2950 genere
