1786 3324
538 242 964 283 EUTERPE.
1018 243 1063 281 ΙΙ.

1342 245 1428 285 659

161 356 341 414 νήσσας,
370 354 442 399 καὶ
470 352 524 397 τοὶ
555 352 715 408 σμικρὰ
743 354 833 395 τῶν
864 350 1101 407 ὀρνιθίων,
1133 348 1230 407 ὠμὰ
1260 352 1427 396 σιτέον-

131 446 254 487 8ται,
287 431 713 489 προταριχεύσαντες.
755 430 808 475 τα
837 432 882 475 δὲ
913 428 1023 474 ἄλλα
1059 428 1143 473 ὅσα
1168 428 1196 486 ἢ
1229 428 1426 487 ὀρνίθων

156 515 185 572 ἢ
214 513 381 570 ἰχθύων
416 511 507 555 ἐστί
545 522 624 567 σφι
665 508 868 567 ἐχόμενα,
925 509 1056 566 χωρὶς
1091 508 1121 564 ἦ
1159 508 1314 554 ὁκόσοι
1344 522 1426 567 σφι

157 593 247 648 ἱροὶ
276 589 613 647 ἀποδεδέχαται,
641 589 749 642 τούς
764 589 950 641 λοιπούς
969 587 1132 639 ὀπτούς
1151 589 1225 632 καὶ
1255 590 1484 646 ἑφθούςδο

156 750 325 803 αὐτῶν,
383 749 515 794 ἐπεὰν
555 747 640 794 ἆπό
687 751 870 794 δείπνου
913 747 1146 805 γένωνται,
1194 748 1424 806 περιφέρει

33 676 99 722 78
154 670 384 716 σιτέονται.
440 668 513 713 Ἐν
543 670 590 714 δὲ
617 674 717 728 τῇσι
747 671 1030 727 συνουσίῃσι,
1062 673 1175 712 τοῖσι
1191 667 1422 726 εὐδαίμοσι
1475 663 1517 725 ξῂζ
1538 672 1572 725 ζ’

1479 731 1600 761 bibendi

155 829 267 887 ἀνήρ
303 830 462 885 νεκρὸν
498 830 546 874 ἐν
584 834 704 887 σορῷ
734 829 914 882 ξύλινον
941 826 1259 884 πεποιημένον,
1301 845 1425 886 μεμι-

152 908 350 968 μημένον
378 911 421 962 ἐς
449 909 502 954 τὰ
529 908 718 968 μάλιστα
753 909 828 954 καὶ
870 911 1022 966 γραφῇ
1062 907 1136 952 καὶ
1166 907 1299 968 ἔργῳ,
1351 908 1426 966 μέ-

269 1095 301 1133 C
312 1108 378 1147 ap.
405 1093 614 1133 LXXVIII.

156 1174 237 1219 οἷπό
258 1179 424 1219 δείπνου
444 1177 651 1233 γένωνται]
671 1180 755 1218 Vid.

96 1240 189 1274 nott.
213 1238 261 1274 ad
282 1236 319 1283 I,
344 1239 436 1279 126.
457 1259 514 1264 —
531 1237 647 1274 Paulo
669 1242 757 1276 ante

97 1307 179 1361 curn
211 1293 330 1331 Gaisf.
365 1294 494 1346 scripsi
524 1290 658 1333 αὐτῶν
686 1307 755 1346 pro

192 1347 202 1362 Ι

97 1365 173 1389 αυτ
183 1365 201 1389 ε
215 1364 284 1389 ων.

153 1429 597 1486 περιφέρει-ξύλινον
618 1448 757 1473 πεποι-

96 1490 270 1543 ημένον]
296 1491 474 1541 Intelligit
489 1492 646 1528 hominis
661 1504 757 1528 mor-

96 1550 149 1587 tui
171 1548 399 1586 simulacrum
429 1561 473 1586 ex
501 1548 601 1597 ligno
622 1550 757 1585 factum

98 1609 137 1644 et
159 1606 196 1642 in
218 1604 335 1642 loculo
358 1607 580 1654 repositum,
609 1605 757 1642 minime

102 1674 190 1699 vero
216 1662 334 1712 ipsum
364 1661 519 1698 hominis
543 1662 675 1698 mortui
699 1673 758 1698 ca-

98 1718 232 1764 daver,
263 1731 336 1767 quo
364 1718 464 1754 ducit
491 1717 676 1754 Plutarchi
703 1717 759 1753 lo-

99 1787 161 1811 cus
196 1775 261 1822 (in
294 1778 386 1824 sept.
413 1775 585 1824 sapientt.
618 1774 756 1811 conviv.

97 1844 183 1882 pag.
209 1830 310 1877 148,
334 1831 365 1867 B
396 1830 475 1868 coll.
498 1830 756 1879 WVyttenbach.

98 1888 357 1925 animadverss.
380 1900 417 1937 p.
440 1887 556 1935 921),
585 1888 646 1924 ubi
670 1899 756 1925 σκε-

98 1940 206 1983 λετὸν
225 1943 406 1994 appellat,
418 1956 638 1993 quamquam
658 1944 756 1981 idem

98 2002 228 2038 rectius
246 2001 294 2038 de
312 2000 361 2037 Is.
380 2004 418 2038 et
436 2000 533 2037 Osir.
554 2013 640 2050 pag.
658 2000 756 2049 357,

97 2056 130 2094 F
149 2056 381 2094 simulacrum
407 2055 612 2105 (εἴδωλον)
638 2057 757 2094 homi-

97 2114 154 2151 nis
176 2113 367 2152 intellexit.

155 2168 429 2222 μεμιμημένον
454 2191 500 2198 -—
525 2166 595 2208 καὶ
614 2171 757 2223 γραφῇ

98 2226 166 2267 καὶ
187 2225 311 2281 ἔργῳ]
355 2226 520 2265 Indicare
541 2226 654 2264 voluit
676 2227 757 2265 He-

98 2284 272 2332 rodotus,
301 2284 393 2321 haec
421 2283 610 2321 simulacra
632 2282 756 2333 lignea

99 2340 284 2378 hominum
300 2346 524 2378 mortuorum
555 2340 603 2377 ad
629 2353 756 2379 verum

100 2397 254 2435 maxime
282 2410 455 2448 expressa
487 2410 570 2435 esse
595 2401 669 2434 tum
700 2397 758 2448 pi-

103 2453 228 2501 ctura,
256 2457 333 2491 tum
357 2466 471 2505 opere
494 2455 585 2504 ipso.
645 2453 758 2491 Unde

100 2513 230 2559 patet,
258 2523 451 2561 perperam
472 2510 511 2547 in
539 2506 757 2560 quibusdam

102 2565 200 2602 libris
240 2570 383 2605 exstare
412 2565 652 2619 μεμιγμένον
687 2580 756 2617 pro

103 2621 371 2672 μεμιμημένον
386 2651 399 2671 ,
457 2624 556 2661 haud
608 2623 756 2661 insolito

103 2679 250 2728 quidem
286 2692 426 2726 errore3
477 2681 525 2718 de
567 2693 641 2730 quo
688 2679 756 2717 Cr.

105 2735 259 2772 conferri
279 2735 378 2774 iubet
395 2736 579 2776 Schaefer.
600 2737 649 2774 ad
666 2735 758 2774 Dio-

104 2802 185 2839 nys.
215 2791 333 2829 Halic.
361 2793 409 2829 de
438 2805 600 2844 compos.
630 2793 757 2830 verbb.

104 2859 192 2897 Pag-
217 2849 308 2888 291.
324 2868 374 2875 -
396 2851 533 2903 γραφῇ
548 2878 560 2896 ,
589 2849 690 2898 quod
710 2849 759 2886 ad

105 2902 299 2942 simulacra
327 2905 495 2943 coloribus
524 2905 673 2944 inducta
700 2918 760 2944 re·-

825 1095 898 1132 fert
930 1093 1119 1143 Heynius‚
1158 1094 1207 1132 de
1235 1095 1314 1144 ipsa
1336 1095 1484 1144 pictura

825 1150 1103 1200 intelligendum
1123 1164 1204 1189 esse
1223 1155 1348 1188 monet
1367 1151 1486 1188 Creu-

825 1221 930 1245 zerus
960 1220 1089 1245 comm.
1110 1208 1251 1245 Herod.
1280 1221 1317 1259 p.
1341 1210 1413 1254 17,
1444 1210 1485 1244 ut

823 1264 857 1302 II
871 1293 882 1312 ,
900 1265 966 1305 73.
984 1266 1060 1311 86,
1091 1265 1153 1301 ubi
1173 1265 1268 1301 conf.
1287 1268 1379 1301 nott.
1411 1263 1485 1301 Cui

824 1320 1032 1370 obloquitur
1053 1320 1222 1358 Siebelis.
1254 1321 1303 1358 ad
1323 1320 1482 1357 Pausan.

824 1377 872 1425 V,
896 1380 947 1419 11
978 1375 1015 1428 ἓ.
1046 1381 1073 1419 2
1111 1390 1192 1415 cum
1222 1377 1333 1414 hocce
1358 1377 1485 1415 Hero-

826 1434 907 1471 doti
933 1434 1013 1471 loco
1040 1432 1139 1488 ἔργῳ
1169 1435 1219 1471 ad
1250 1432 1484 1483 sculpturam,

824 1492 965 1545 γραφῇ
983 1491 1030 1528 ad
1045 1491 1184 1528 colores
1204 1490 1483 1540 superinductos

827 1549 873 1585 sit
912 1547 1156 1586 referendum.
1238 1546 1321 1584 Nec
1359 1550 1485 1585 tamen

825 1605 881 1641 vir
912 1605 1041 1641 doctus
1071 1604 1156 1641 mihi
1188 1604 1391 1654 persuasit,
1421 1603 1485 1652 qui

826 1665 1010 1699 caeterum
1021 1661 1068 1698 de
1084 1662 1166 1711 ipsa
1179 1660 1362 1698 locutione
1373 1659 1486 1711 (γρα-

827 1719 889 1771 φῇ
921 1715 1214 1768 μεμιμημένον)
1245 1716 1407 1767 pluribus
1428 1716 1486 1753 lo-

827 1775 878 1811 cis
897 1786 919 1810 a
935 1774 1119 1810 Pausania
1139 1773 1316 1811 imitando
1333 1786 1486 1823 expres·-

828 1844 869 1868 sa
884 1830 989 1881 plura
1010 1829 1168 1879 collegit.
1227 1828 1308 1866 Nos
1331 1829 1367 1865 in
1389 1829 1489 1871 clau-

826 1887 904 1925 sula
922 1887 1010 1923 illud
1032 1897 1268 1924 moneamus:
1299 1886 1368 1923 hoc
1386 1899 1488 1924 more

823 1944 1029 1981 universam
1072 1943 1194 1992 gentis
1236 1942 1489 1992 Aegyptiacae

823 2000 985 2037 indolem
1006 1999 1239 2048 animumque
1262 2012 1425 2036 severum
1445 2011 1489 2036 ac

823 2070 973 2107 gravem
994 2057 1132 2107 optime
1150 2055 1337 2093 declarari.
1376 2054 1488 2092 Plura.

824 2115 996 2151 Creuzer.
1017 2114 1054 2150 in
1074 2112 1239 2162 Symbol.
1264 2112 1375 2162 Ipag.
1388 2111 1486 2159 415,

822 2172 885 2221 qui
914 2170 1011 2207 idem
1051 2170 1100 2206 ad
1138 2169 1173 2206 h.
1205 2168 1229 2205 l.
1268 2168 1485 2219 adscripsit:

824 2227 968 2275 „Confi
991 2226 1172 2274 Bottiger.
1191 2225 1305 2263 Ideen
1322 2238 1390 2262 zur
1416 2223 1486 2261 Ar-

823 2283 1012 2332 chaeolog.
1036 2283 1071 2320 d.
1090 2281 1220 2319 Maler.
1244 2281 1260 2318 I
1281 2295 1317 2332 p.
1333 2281 1386 2324 55
1402 2293 1486 2330 sqq.

824 2341 913 2390 ibiq.
933 2340 1057 2377 laudd.
1078 2343 1114 2376 et
1137 2339 1232 2376 conf.
1245 2337 1341 2375 infra
1359 2351 1415 2389 ep.
1431 2340 1486 2378 86

825 2398 873 2435 de
901 2397 1033 2434 arbore
1066 2394 1306 2448 (συκαμίνῳ
1335 2395 1486 2445 eiusque

825 2454 943 2491 fructu
970 2447 1183 2506 συκομόρῳ
1211 2451 1285 2488 vid.
1312 2452 1486 2488 Strabon.

826 2510 933 2547 XVII
954 2523 991 2560 p.
1010 2512 1091 2551 823
1112 2523 1141 2546 s·
1157 2522 1195 2559 p.
1209 2511 1291 2550 629
1311 2507 1486 2555 Tzsch.).

825 2566 885 2605 De
904 2567 1001 2604 binis
1022 2566 1140 2616 capsis
1165 2564 1402 2612 mumiarum,
1432 2563 1486 2601 al-

825 2627 907 2661 tera
932 2635 975 2661 ex
994 2623 1128 2673 pannis
1151 2621 1421 2671 conglutinatis,
1435 2619 1491 2657 al-

825 2684 905 2718 tera
925 2692 969 2717 ex
985 2679 1085 2729 liguo
1104 2678 1283 2727 sycomori
1300 2678 1373 2714 vid.
1384 2677 1489 2714 Rou-

826 2750 903 2786 yer.
928 2736 966 2773 in
995 2736 1167 2786 descript.
1189 2735 1237 2773 de
1267 2734 1427 2784 l’Egypt.
1449 2732 1487 2770 X

826 2807 863 2844 p.
883 2795 964 2834 219
996 2797 1035 2830 et
1054 2792 1142 2830 ibid.
1169 2792 1214 2839 (t.
1230 2791 1278 2839 11,
1299 2794 1326 2832 2
1347 2790 1485 2838 deser.)

826 2849 985 2886 Iomard.
1022 2862 1084 2886 sur
1116 2848 1169 2886 les
1209 2847 1397 2897 hypogees
1437 2846 1486 2882 de

828 2905 979 2943 Thebes
1008 2909 1096 2943 sect.
1117 2905 1152 2942 X
1175 2902 1211 2954 §-
1234 2905 1259 2944 8
1289 2915 1376 2954 pag·
1402 2901 1486 2943 350

1166 2961 1224 2999 42
1246 2959 1264 2980 *
