1777 3324
592 231 1117 271 EUTERPE.II.
1336 235 1417 275 791

152 344 254 390 οὔτε
284 342 441 393 νυκτὸς
469 340 667 393 ἀνιέντα,
708 340 752 391 ἔς
788 356 833 384 τε
869 340 922 384 τὰ
961 340 1057 384 ἕλεα
1096 341 1170 384 καὶ
1197 340 1251 386 τοὶ
1281 340 1414 386 ἄλσεα

149 424 459 479 πλανώμενον,
500 421 574 464 καὶ
605 422 677 463 ἵνα
705 419 980 464 πυνθάνοιτο
1013 419 1125 464 εἶναι
1154 425 1233 477 γῆς
1262 420 1419 478 ἐνηβη-

119 503 280 559 5τήρια
310 498 640 556 ἐπιτηδειότατα.
699 503 838 542 ταῦτα
875 501 921 543 δὲ
959 500 1227 557 ἐμηχανᾶτο,
1274 500 1418 544 θέλων

144 583 193 624 τὸ
223 579 434 635 μαντήϊον
463 578 737 634 ψευδόμενον
768 577 997 630 ἀποδέξαι,
1039 581 1111 623 ἵνα
1144 582 1188 624 οἷ
1218 579 1418 624 δυώδεκα

144 659 238 702 ἔτεα
267 657 364 701 ἀντὶ
386 661 431 711 ἓξ
462 659 591 702 ἐτέων
611 657 809 715 γένηται,
841 661 887 702 αἱ
906 658 1060 711 νύκτες
1079 658 1237 716 ἡμέραι
1259 659 1412 704 ποιεύ-
1424 663 1470 700 40

140 753 281 794 μεναι.

228 819 466 874 Πυραμίδα
494 818 540 861 δὲ
569 818 643 861 καὶ
673 812 801 868 οὗτος
831 816 1059 861 ἀπελίπετο
1089 816 1254 861 πολλὸν
1281 816 1408 862 ἐλάσ-
1465 817 1601 856 Pyram
1635 821 1672 849 θ’)
1707 831 1744 850 ‘³⁰

1465 855 1590 882 relicta:
1627 864 1743 889 errare,

1462 889 1513 923 qui
1531 897 1596 916 eam
1622 877 1743 916 Rl=01310

1463 924 1508 958 pis
1526 931 1593 951 esse
1607 923 1743 956 cretiana

18 819 119 866 134

141 907 203 940 σω
231 901 312 940 τοῦ
340 896 528 954 πατρὸς,
564 896 723 941 ἐείκοσι
751 898 901 941 ποδῶν
929 896 1231 941 καταδέουσαν
1259 901 1405 942 κῶλον

137 1087 205 1111 και
244 1072 312 1112 ἵνα
348 1067 599 1112 πυνθανοιτο
636 1068 740 1111 εἶναι
808 1094 864 1100 —
888 1070 978 1109 Mox
999 1084 1079 1108 cum
1102 1071 1218 1109 Gaisf.
1238 1072 1367 1123 scripsi
1393 1070 1464 1113 ἐεί-

79 1130 154 1180 γῆς
166 1124 410 1194 ένηβητηρια
430 1123 735 1194 έπιτηδεωτατα]

79 1186 103 1223 ἰ.
127 1199 159 1224 e.
181 1188 219 1223 in
239 1198 444 1236 quacunque
460 1190 564 1235 parte
584 1188 737 1234 regi‘onzs

78 1255 232 1279 secessus
258 1243 468 1291 intellzgeret
509 1255 579 1279 esse
609 1255 735 1280 aucun-

78 1299 239 1336 dissimos
255 1329 266 1348 ,
306 1302 505 1349 interprete
529 1299 561 1335 V
563 1298 736 1336 alckena-

77 1356 154 1404 rio,
184 1356 246 1405 qui
266 1357 358 1394 bene
378 1359 501 1393 monet
523 1356 734 1393 addendum

77 1425 161 1451 esse
187 1413 282 1465 γῆς,
322 1413 422 1462 quod
449 1412 558 1460 vulgo
595 1412 734 1461 aberat,

76 1469 252 1518 quodque
280 1471 357 1507 iure
384 1469 537 1506 inseruit
561 1469 731 1517 Schwgh.

77 1526 188 1562 Conf.
213 1525 369 1575 Gregor.
392 1525 558 1562 Corinth.
581 1526 626 1562 de
646 1525 731 1563 dial.

74 1581 154 1619 Ion.
186 1580 224 1633 ᾖ.
245 1583 311 1624 65.
367 1582 436 1619 Est
463 1595 549 1619 vero
577 1582 731 1631 iungen-

75 1638 163 1675 dum
190 1638 258 1677 ἵνα
285 1640 379 1690 γῆς,
411 1642 450 1675 ut
479 1638 516 1686 I,
538 1640 603 1680 98.
635 1640 729 1679 213.

74 1693 128 1741 II,
161 1697 241 1736 172
272 1699 340 1733 etc.
406 1694 516 1731 Plura
554 1694 730 1732 Valcken.

74 1751 125 1788 ad
144 1751 178 1787 h.
198 1750 222 1788 l.
232 1752 336 1801 ‚qui
354 1746 597 1802 ἐνηβητήρια
618 1752 731 1789 inter-

73 1811 254 1873 pretatur:
301 1807 416 1856 „loca
435 1823 555 1864 προς
591 1804 730 1846 ἄνεσιν

73 1861 142 1902 καὶ
161 1857 382 1903 ἀπόλαυσιν
404 1865 446 1903 εὐ
471 1859 730 1913 πεφυκότα,·“

73 1919 123 1957 Η.
135 1919 301 1958 Valesius
322 1922 485 1971 exponit:
516 1933 658 1958 amoena
673 1921 729 1958 di-

71 1979 228 2014 versoria
255 1981 287 2014 et
318 1990 478 2015 secessus.
536 1978 729 2015 Gramma-

72 2033 133 2070 tici
181 2033 361 2084 explicant
417 2030 730 2086 ἐνευωχητήριας

73 2089 146 2127 vid.
169 2090 279 2139 gloss.
309 2091 451 2128 Herod.
472 2091 624 2139 Suidas,
653 2092 732 2128 Zo-

70 2158 179 2183 naras
211 2160 240 2184 s.
258 2160 291 2184 v.
319 2147 400 2185 coll.
430 2148 544 2196 Greg.
564 2148 729 2185 Corinth.

70 2202 120 2240 de
137 2203 220 2240 dial.
242 2203 321 2242 Ion.
345 2202 381 2255 ᾖ.
397 2205 567 2246 65.130.
587 2204 727 2242 Aelian.

70 2271 107 2296 n.
144 2271 178 2297 a.
216 2259 301 2308 XI,
340 2264 405 2302 10.
462 2260 727 2311 lVesselingius

71 2328 153 2353 cum
183 2315 281 2354 hisce
310 2318 497 2355 contendit
529 2317 607 2355 loca
626 2318 727 2355 vola-

65 2374 209 2421 ptaria,
240 2386 336 2423 quae
354 2375 454 2425 apud
485 2374 629 2412 Sallust.
651 2375 726 2412 Ca-

71 2427 122 2465 til.
145 2430 193 2469 11
217 2430 459 2479 inveniuntur,
478 2430 725 2469 Plaut.P0en.

71 2483 146 2532 111,
168 2489 216 2533 2,
236 2487 314 2534 25,
334 2487 415 2524 alia.

130 2540 174 2579 αῖ
199 2557 339 2589 νυκτες
368 2541 515 2596 ἡμέραι
541 2539 726 2595 ποιεύμε-

76 2594 157 2646 ναι]
186 2597 245 2636 De
264 2604 445 2638 structura
473 2602 568 2638 conf.
591 2601 724 2639 Matth.

73 2652 138 2690 Gr.
160 2654 226 2692 Gr.
247 2668 333 2706 pag.
357 2659 466 2699 1108
491 2670 567 2707 seq.

229 2753 340 2806 Cap.
369 2756 574 2794 CXXXIV.

128 2834 271 2875 πολλὸν
291 2833 442 2878 ε’λασσω
461 2843 533 2879 τοῦ
556 2838 722 2892 πατρός]

74 2889 158 2929 Vid.
187 2891 319 2931 Matth
341 2895 407 2933 Gr.
425 2897 490 2933 Gr.
522 2910 608 2947 pag.
630 2898 724 2938 848.

806 1141 918 1176 κοσι,
949 1132 987 1165 ut
1005 1127 1061 1174 ΙΙ,
1090 1130 1165 1169 121
1195 1128 1274 1166 init.

863 1184 1007 1225 ἐείκοσι
1027 1185 1166 1223 ποδῶν
1193 1183 1464 1225 καταδέουσαν

804 1244 936 1280 κῶλον
949 1240 1113 1280 ἕκαστον
1126 1243 1249 1292 τριῶν
1261 1241 1462 1294 πλέθρων]

803 1298 932 1336 Delevi
973 1312 1054 1335 cum
1081 1298 1285 1348 Schweigh.
1322 1313 1464 1337 comma

804 1360 889 1406 post
909 1353 1202 1403 καταδέουσαν,
1233 1356 1353 1393 necin
1375 1356 1459 1394 reli-

803 1413 882 1461 quis
901 1413 1102 1462 quidquam
1132 1412 1346 1448 mutandum
1375 1425 1461 1451 cen-

801 1469 878 1517 sui,
908 1482 990 1506 cum
1017 1469 1074 1505 hic
1100 1469 1176 1506 fere
1196 1467 1265 1505 loci
1292 1469 1459 1506 videatur

801 1539 883 1563 esse
922 1538 1048 1564 sensus
1068 1539 1076 1562 z
1127 1554 1153 1572 „
1166 1525 1310 1575 reliquit
1352 1527 1458 1562 etiam

800 1582 1065 1631 (Mycerinus)
1098 1582 1318 1632 pyramidem
1348 1583 1458 1619 multo

799 1641 960 1677 minorem
973 1651 1025 1684 ea,
1039 1651 1143 1688 quam
1155 1642 1259 1688 pater
1273 1638 1458 1689 (Cheops·,

800 1696 874 1732 vid.
900 1696 952 1743 ΙΙ,
977 1695 1057 1736 124
1075 1696 1199 1744 seqq.)
1218 1699 1456 1743 exstruxerat,

799 1754 860 1789 cui
879 1753 1014 1800 viginti
1025 1752 1129 1800 pedes
1148 1753 1185 1788 in
1205 1765 1338 1801 quoque
1349 1752 1455 1789 latere

799 1808 962 1855 deerant,
1003 1821 1070 1857 quo
1101 1810 1215 1845 minus
1254 1808 1458 1857 (quodque

799 1865 911 1913 latus)
931 1868 1096 1901 trecentos
1109 1865 1213 1914 pedes
1230 1866 1457 1902 contineretf‘

798 1921 880 1960 Nec
895 1921 999 1959 aliter
1012 1921 1130 1958 locum
1146 1921 1325 1959 intellexit
1337 1922 1453 1971 Zoeg.

799 1979 847 2016 de
868 1977 1035 2016 obeliscc.
1063 1990 1149 2028 pag.
1175 1979 1258 2019 389
1288 1982 1366 2015 not.
1385 1982 1454 2025 22,

798 2035 860 2072 ubi
890 2036 941 2072 sic
968 2035 1148 2072 reddidit:
1194 2037 1316 2084 quovis
1348 2034 1457 2072 latere

798 2094 934 2140 viginti
954 2091 1106 2142 pedibus
1141 2095 1369 2129 trecentorum
1392 2104 1457 2141 pe-

798 2148 881 2185 dum
902 2160 1064 2185 mensura
1087 2149 1284 2185 breviorem.
1337 2148 1456 2185 Oblo-

797 2206 919 2255 quitur
940 2204 1127 2242 Letronne
1160 2205 1198 2241 in
1221 2204 1366 2253 journal
1394 2205 1461 2242 des

798 2274 873 2299 sav.
897 2263 1005 2302 1817
1026 2274 1113 2312 pag.
1135 2261 1189 2303 50
1214 2274 1291 2310 seq.
1312 2266 1390 2298 tum
1408 2261 1456 2298 ob

794 2317 951 2357 Diodori
970 2317 1088 2355 locum
1114 2317 1148 2364 I,
1175 2317 1230 2359 64
1259 2318 1341 2365 (ubi
1361 2317 1454 2366 legi-

795 2388 896 2412 mus:
912 2376 984 2425 τῆς
1005 2371 1078 2426 μὲν
1093 2371 1167 2426 γοῖρ
1190 2369 1346 2425 βάσεως
1363 2370 1452 2413 ἑκά-

796 2443 893 2482 στην
913 2428 1090 2483 πλευρὰν
1102 2426 1353 2481 ὑπεστήσατο
1362 2428 1451 2470 πλέ-

794 2492 910 2540 θρων
929 2488 1072 2539 τριῶν)
1099 2492 1178 2525 tum
1203 2488 1250 2525 ob
1269 2500 1450 2537 gramma-

794 2545 885 2582 ticas
906 2545 1078 2592 rationes,
1095 2557 1191 2593 quae
1207 2545 1354 2582 minime
1371 2556 1452 2582 eam

793 2602 980 2652 patiantur
997 2601 1155 2652 ellipsin.
1185 2615 1210 2639 κ
1228 2601 1367 2640 ποδων
1383 2615 1452 2639 κα-

793 2656 1036 2706 ταδέουσαν,
1067 2673 1097 2696 ω
1119 2672 1138 2704 ς
1169 2673 1196 2708 μ
1215 2653 1242 2708 ὴ
1274 2672 1291 2696 ε
1310 2653 1328 2696 ἶ
1346 2671 1370 2696 ν
1389 2672 1413 2696 α
1436 2671 1451 2695 ι

794 2717 917 2767 τριῶν
935 2713 1123 2767 πλέθρων
1140 2729 1164 2752 κ
1176 2729 1265 2752 ατα
1287 2712 1451 2753 ἕκαστον

792 2773 934 2810 κῶλον.
964 2771 1093 2820 Itaque
1109 2770 1193 2808 olim
1207 2771 1258 2808 sic
1277 2771 1451 2835 scriptum

794 2828 905 2866 fuisse
937 2827 1162 2879 suspicatur:
1200 2828 1276 2866 τοῦ
1305 2820 1452 2877 πατρὸς

794 2900 871 2936 ΣΚ
888 2897 1028 2939 ποδῶν
1046 2895 1328 2938 καταδέουσαν.
1366 2894 1448 2934 Nec
