1759 3324
347 256 432 296 780

743 250 1216 292 HERODOTI

346 378 414 422 πῳ
445 364 707 418 διαχρᾶσθαι
736 367 795 423 τῷ
827 362 982 421 ἑτέρῳ,
1032 361 1084 405 τά
1114 377 1158 404 τε
1189 357 1318 412 ἅλλα,
1369 359 1441 402 καὶ
1471 374 1612 413 πυρα-

347 444 453 498 μίδα
490 446 697 498 ποιῆσαι,
744 442 787 493 ἐς
825 442 904 497 μὲν
945 441 998 484 τοὶ
1039 440 1208 484 ἐκείνου
1233 439 1364 495 μέτρα
1396 436 1477 481 οὐκ
1508 436 1614 494 ἀνή-

347 533 540 566 κουσαν·
601 525 738 564 ταῦτα
779 521 863 577 γάρ
920 516 983 564 οἷν
1032 520 1105 563 καὶ
1143 519 1265 575 ἡμεῖς
1305 518 1671 574 ἐμετρήσαμεν·55

318 599 453 644 ὃοῦτε
481 599 567 655 γάρ
599 599 751 642 ὕπεστι
793 599 1008 655 οἰκήματα
1040 598 1124 642 ὑπὸ
1166 603 1273 654 γῆν,
1325 596 1427 642 οὔτε
1457 597 1503 640 ἐκ
1534 600 1615 640 τοῦ

349 681 519 724 Νείλου
555 677 721 732 διώρυξ
757 678 854 734 ἥκει
895 679 936 729 ἐς
967 676 1126 733 αὐτὴν,
1168 676 1312 731 ὥσπερ
1347 678 1389 729 ἐς
1417 676 1496 733 τὴν
1526 676 1613 720 ἑτέ-

347 774 453 814 ρην,
485 756 670 811 ῥέουσα·
718 757 790 800 δια
831 755 1179 812 οἰκοδομημένου
1219 755 1265 799 δὲ
1304 755 1500 807 αὐλῶνος
1530 756 1613 799 ἔσω

383 840 401 849 u
625 837 636 851 7
653 835 665 850 ο·
678 834 686 848 Ι
786 835 797 850 5
893 839 911 846 -r
986 833 995 848 9
1039 835 1046 847 ἱ
1140 834 1148 848 1
1361 840 1378 847 -υ
1553 833 1561 848 Ι

345 847 483 893 νησον
513 850 750 891 περιρρεει,
781 852 827 878 εν
857 852 908 892 τῃ
942 852 1076 878 αυτον
1105 839 1281 890 λεγουσι
1309 840 1484 878 κεισθαι
1504 839 1613 878 Χεο-

318 919 422 959 4πα.

290 1114 364 1151 quo
384 1102 498 1138 frater
517 1104 626 1137 antea
638 1112 722 1137 usus
735 1103 824 1146 erat,
838 1111 947 1148 quem

289 1163 368 1196 tum
384 1158 422 1194 in
449 1157 528 1194 aliis
555 1156 784 1203 imitabatur,
814 1161 889 1193 tum
910 1156 947 1192 in

289 1213 478 1265 pyramide
518 1213 747 1251 exstruenda.
777 1233 833 1241 —
863 1212 947 1251 δια-

289 1273 464 1322 χρᾶσθαι
491 1268 548 1306 hic
580 1283 648 1319 pro
676 1270 826 1320 simplici
854 1271 945 1320 χρᾶ-

290 1331 390 1367 σθαι
413 1327 574 1377 positum
593 1327 745 1363 videtur.
806 1326 945 1363 Confer

288 1383 328 1433 I,
351 1384 416 1426 58.
435 1386 502 1425 71.
533 1382 590 1428 Il,
615 1384 677 1424 13.
700 1386 754 1424 77
775 1387 842 1421 etc.

346 1439 417 1479 καὶ
459 1439 665 1490 πυραμίδα
702 1454 731 1477 π
745 1454 764 1478 ο
778 1441 829 1489 m}
841 1451 863 1477 6
875 1454 898 1476 α
910 1437 944 1489 ι]

287 1496 474 1535 Invenitur
499 1497 655 1533 activum
684 1497 834 1533 verbum
853 1496 947 1532 infra

289 1566 438 1603 quoque
455 1553 487 1590 ll
501 1581 511 1599 ,
533 1554 612 1593 136
629 1580 640 1599 ‚
673 1566 753 1590 cum
773 1552 860 1589 alias
886 1565 947 1589 so-

288 1611 408 1648 lemne
429 1610 475 1646 sit
493 1610 664 1645 medium.
722 1609 807 1646 Yid.
831 1609 858 1655 Ι,
877 1610 944 1650 31.

287 1666 346 1714 ll,
382 1668 472 1708 129·
503 1666 583 1706 133
615 1678 692 1714 seq.
750 1666 871 1715 Supra
900 1665 946 1713 H,

291 1722 372 1764 124
388 1723 498 1759 dixit:
512 1718 688 1760 κελεύειν
701 1718 945 1773 ἐργάζεσθαι.

346 1778 385 1826 ἒς
403 1776 475 1830 μὲν
499 1775 546 1816 τρὶ
575 1777 626 1817 ἐκ
641 1778 714 1816 είν
729 1794 783 1817 ου
811 1776 944 1829 μέτρα]

289 1834 468 1883 ἐκείνου,
494 1835 594 1872 illius
613 1835 636 1872 i.
659 1848 690 1872 e.
714 1836 856 1883 fratris,
889 1834 945 1872 vel

288 1893 435 1943 potius,
465 1892 663 1943 pyramidis
691 1904 712 1928 a
739 1894 851 1929 fratre
881 1905 944 1928 ex-

290 1954 459 1986 structae.
529 1948 589 1985 Ad
617 1950 739 1986 ταῦτα
769 1949 806 1984 iu
841 1961 943 1996 seqq.

288 2005 454 2054 intellige
472 2001 519 2043 τοὶ
539 2003 679 2056 μέτρα,
709 2009 746 2041 et
767 2005 815 2041 ad
834 2005 946 2042 verba

288 2057 373 2100 ’ὑπό
394 2063 471 2112 γῆν
505 2063 599 2098 conf.
621 2060 754 2097 Matth.
787 2060 853 2097 Gr.
879 2061 944 2096 Gr.

288 2130 374 2168 pag.
397 2119 517 2158 1188.

348 2169 438 2213 οὕτε
465 2172 508 2212 ἐκ
534 2174 606 2211 τοῦ
627 2172 777 2210 Νείλου
798 2167 946 2222 διώρυξ

289 2224 378 2279 ἥκει
391 2243 424 2266 κ.
436 2244 466 2267 τ.
479 2227 528 2278 λ.]
561 2229 664 2266 Haec
682 2233 718 2265 et
736 2241 838 2277 seqq.
861 2228 947 2265 dedi

291 2289 437 2323 secutus
449 2285 650 2331 Gaisford„
667 2285 729 2333 qui
741 2285 836 2321 idem
846 2288 943 2321 recte

289 2346 375 2393 post
390 2354 514 2378 vocem
540 2339 685 2390 ῥέουσα
705 2340 942 2377 distinctionis

290 2399 435 2447 signum
453 2397 621 2447 posuisse
639 2396 791 2433 videtur.
845 2395 943 2433 Nam

289 2453 420 2492 verba:
461 2450 528 2492 6⁶02
554 2450 870 2502 οἰκοδομημένου
901 2448 943 2490 δὲ

289 2529 346 2539 --
358 2507 494 2548 Χέοπα
509 2522 576 2560 per
591 2509 827 2558 parenthesin
841 2507 944 2556 quasi

289 2565 503 2616 accipienda
524 2569 632 2612 sunt,
652 2570 691 2601 ut
710 2565 847 2601 dudum
867 2577 944 2600 mo-

289 2625 421 2660 nuerat
430 2621 566 2658 Stroth.
578 2620 753 2670 Aegypti.
771 2620 784 2656 Ι
800 2634 836 2670 p.
850 2622 947 2665 1073

289 2691 370 2716 cum
389 2678 437 2715 ad
457 2677 618 2715 canalem
645 2689 691 2714 ex
709 2676 796 2713 Nilo
821 2677 856 2712 in
878 2689 945 2725 py—

290 2733 467 2772 ramidem
495 2745 516 2770 a
558 2733 710 2783 Cheope
747 2732 944 2769 deductum

290 2792 478 2840 spectent,
508 2789 554 2826 de
582 2801 656 2838 quo
686 2788 742 2835 11,
772 2787 851 2828 124
881 2787 942 2824 fin.

289 2845 401 2884 Unde
425 2845 516 2882 haec
543 2845 611 2881 loci
646 2845 828 2881 enascitur
860 2857 943 2880 seu-

291 2901 426 2940 tentia:
456 2913 597 2952 „neque
626 2913 670 2938 ex
696 2898 782 2937 Nilo
807 2900 944 2937 canalis

480 912 717 971 ὑποδείμας
748 914 793 958 δὲ
822 914 900 958 τόν
928 917 1105 970 πρῶτον
1135 912 1272 969 δόμον
1301 915 1432 958 λίθου
1456 915 1612 958 Αἰθιο-

1015 1100 1164 1136 venitin
1186 1110 1260 1136 eam
1290 1098 1540 1150 (Chephrenis
1563 1097 1670 1136 scilic.

1014 1155 1262 1205 pyramidem)
1276 1156 1417 1205 fluens,
1450 1156 1671 1205 quemadmo-

1014 1212 1095 1249 dum
1113 1214 1150 1249 in
1169 1211 1317 1248 alteram
1341 1212 1532 1262 (Cheopis
1559 1224 1669 1262 pyra-

1015 1269 1168 1317 midem)
1181 1298 1192 1316 ,
1221 1269 1283 1305 ubi
1296 1281 1358 1317 per
1376 1269 1533 1306 canalem
1550 1281 1670 1306 mura-

1015 1327 1067 1362 ·rio
1089 1338 1184 1374 opere
1203 1328 1435 1362 constructum
1448 1325 1593 1374 (Nilus)
1611 1327 1667 1362 in-

1015 1386 1162 1419 trorsum
1192 1382 1344 1418 insulam
1373 1382 1601 1430 circumluit,
1631 1383 1668 1418 in

1016 1452 1086 1488 qua
1125 1441 1236 1474 iacere
1277 1438 1438 1488 Clieopem
1467 1441 1581 1488 ipsum
1610 1438 1667 1474 ‹li-

1016 1496 1135 1532 cuntf‘
1164 1495 1223 1531 Ad
1244 1494 1440 1545 περιῤῥέει
1460 1508 1503 1532 ex
1524 1500 1668 1532 antece-

1015 1552 1185 1589 dentibus
1208 1552 1327 1602 suppl.
1351 1548 1508 1601 διώρυξ.

1070 1606 1292 1658 ὑποδείμας
1325 1606 1367 1646 δὲ
1403 1606 1470 1647 τὸν
1508 1609 1667 1657 πρῶτον

1016 1660 1142 1715 δόμον
1162 1679 1196 1702 κ.
1224 1678 1256 1702 τ.
1277 1662 1340 1716 t]
1383 1666 1426 1702 In
1451 1664 1505 1702 his
1534 1663 1669 1701 consti·
1722 1670 1725 1673 ’

1014 1721 1157 1759 tuendis
1173 1723 1287 1769 (quae
1305 1720 1466 1772 pluribus
1488 1720 1668 1757 illustran-

1013 1783 1073 1815 tur
1094 1791 1116 1814 a
1136 1778 1299 1814 Strothio
1322 1778 1343 1814 l.
1370 1778 1393 1815 l.
1417 1790 1501 1827 pag.
1524 1779 1668 1818 107—-

1017 1836 1117 1882 109)
1142 1834 1342 1883 Schweigh.
1358 1839 1393 1871 et
1411 1834 1528 1871 Gaisf.
1546 1847 1667 1870 sumus

1015 1891 1139 1928 secuti.
1197 1891 1386 1927 Posuimus
1410 1891 1504 1928 enim
1537 1890 1668 1927 distin-

1015 1949 1170 1984 ctionem
1193 1951 1280 1997 post
1306 1947 1488 1986 ποικίλου
1517 1951 1553 1984 et
1582 1949 1668 1996 post

1015 2003 1191 2055 μέγαθος
1210 2032 1222 2049 ,
1264 2003 1470 2054 scripsimus
1497 1999 1667 2053 ὑποβάς,

1015 2061 1116 2109 quod
1144 2060 1225 2096 libri
1254 2061 1438 2107 ferebant,
1466 2060 1669 2108 itidemque

1015 2111 1255 2166 οἰκοδόμησε
1277 2129 1321 2153 ex
1352 2116 1468 2154 Henr.
1489 2115 1668 2165 Stephani

1015 2173 1271 2210 emendatione
1317 2185 1384 2221 pro
1437 2172 1666 2221 οἰκοδομῆς,

1015 2229 1117 2277 quod
1134 2228 1214 2264 libri
1231 2229 1378 2277 quidem
1400 2229 1521 2278 scripti
1539 2240 1667 2264 omnes

1010 2285 1167 2321 retinent
1188 2285 1361 2333 quodque
1379 2285 1487 2321 etiam
1504 2284 1573 2321 hoc
1589 2296 1667 2320 mo-

1013 2341 1060 2376 do
1081 2341 1238 2377 fortasse
1252 2340 1421 2389 explicari
1440 2353 1550 2391 posse
1563 2340 1667 2377 vide-

1011 2399 1070 2432 tur
1091 2396 1458 2444 Schweighaeusem,
1481 2401 1519 2433 ut
1535 2410 1577 2434 ex
1600 2408 1667 2433 an·

1012 2452 1262 2489 tecedeutibus
1286 2452 1448 2499 (τοῦτον
1466 2473 1522 2480 --
1542 2466 1665 2503 πυρα-

1014 2508 1110 2557 μίδα
1145 2509 1339 2558 ποιῆσαι)
1379 2508 1667 2558 subintelligatur

1013 2563 1194 2612 3z01'72653
1225 2565 1271 2601 ad
1288 2566 1386 2613 quod
1414 2566 1484 2602 iam
1506 2563 1665 2604 ὑποδεί-

1014 2636 1036 2670 μ
1046 2635 1088 2665 ας
1102 2624 1138 2656 et
1150 2617 1304 2669 ὑποβὰς
1323 2617 1443 2658 forent
1460 2621 1664 2659 referenda.

1014 2676 1119 2719 Quae
1151 2681 1327 2713 structura
1355 2690 1462 2725 quam
1490 2678 1580 2714 dura
1603 2677 1662 2723 sit,

1012 2744 1120 2769 nemo
1157 2745 1230 2768 non
1270 2733 1448 2781 intelligit.
1515 2732 1664 2770 Accedit

1012 2787 1121 2834 illud,
1158 2789 1256 2836 quod
1295 2789 1411 2838 ipsum
1451 2788 1663 2826 vocabulum

1013 2841 1205 2895 οἰκοδομή
1235 2844 1374 2881 meliori
1401 2858 1490 2882 aevo
1519 2844 1664 2881 inaudi-

1010 2905 1085 2937 tum
1122 2912 1164 2936 ae
1197 2904 1275 2938 toto
1314 2913 1448 2949 genere
1495 2901 1663 2938 vitiosum
