1805 3315
629 226 936 266 CLIO.I.
1381 232 1437 271 25

126 342 370 393 3επαινὲων.
415 335 578 392 χρόνου
619 335 665 379 δὲ
706 334 761 379 οὐ
797 338 967 379 πολλοῦ
997 334 1277 386 διελθόντος,
1310 337 1437 391 (χρῆν

149 421 234 479 γάρ
275 415 514 473 Κανδαύλῃ
553 414 759 471 γενέσθαι
798 415 982 468 xant-59.)
1044 413 1158 469 ἔλεγε
1197 413 1309 469 πρός
1355 413 1437 457 τόν

151 497 297 553 Γύγην
325 492 498 539 τοιοίδε·
537 493 721 551 „Thym
759 491 814 538 οὐ
842 493 928 551 γάρ
959 504 1006 537 σε
1036 493 1173 537 δοκέω
1203 495 1438 538 πείθεσθαί

101 681 197 720 Nam
243 684 284 717 ut
336 679 380 717 1is
438 679 639 727 assentiar,
698 678 760 728 qui

100 736 327 790 participium
356 733 658 788 ’ὑπερεπαινέων
689 748 757 786 pro

99 794 209 832 verbo
232 793 333 829 finito
353 793 442 844 poni
464 793 668 830 existiment
688 792 758 840 (ci-

100 854 154 887 tat
185 849 250 886 Cr.
279 848 411 899 Poppo
443 850 556 887 Obss.
590 848 682 885 critt.
719 848 756 884 in

101 906 220 944 Thuc.
251 919 290 958 p.
315 906 415 955 154)
442 906 500 942 vix
522 919 544 943 a
564 919 622 943 me
640 905 757 955 impe-

99 967 199 1000 trare
233 975 398 1012 possum.
449 962 588 1000 Refert.
624 961 756 998 Matth.

101 1017 138 1070 §-
165 1019 269 1066 631‚
298 1017 325 1059 4
365 1032 404 1069 p.
440 1020 548 1060 1300
579 1019 674 1055 hunc
703 1018 757 1054 lo-

100 1088 182 1113 cum
222 1076 271 1112 ad
313 1087 375 1122 ea,
424 1088 518 1124 quae
554 1078 758 1111 monstrant

100 1132 292 1169 transitum
316 1132 587 1182 participiorum
610 1133 647 1167 in
676 1143 758 1168 ver-

101 1189 188 1225 bum
214 1188 354 1225 finitum
382 1193 420 1225 et
443 1189 519 1225 vice
538 1200 645 1225 versa
666 1200 758 1236 quo—

102 1257 186 1294 que.
228 1244 312 1281 Alia
340 1257 491 1294 prorsus
521 1244 661 1281 ratione
688 1256 757 1279 no-

101 1306 214 1338 strum
231 1300 349 1337 locum
366 1301 576 1350 interpungi
586 1299 660 1337 vult
672 1313 757 1337 cen-

102 1371 165 1394 sor
194 1357 341 1406 quidam
384 1357 422 1393 in
461 1357 657 1407 Ephemer.
700 1356 757 1394 Ie-

101 1426 223 1451 nensS.
255 1415 364 1454 1817
401 1426 458 1450 nr.
489 1414 568 1454 164
595 1428 632 1464 p.
661 1415 755 1454 370.

102 1471 257 1507 Comma
282 1469 358 1507 vult
386 1470 476 1520 poni
508 1476 594 1521 post
622 1484 757 1522 γυναι-

101 1523 170 1574 κὸς
192 1531 229 1565 et
253 1539 297 1564 ex
326 1528 556 1564 antecedenti
582 1525 758 1578 ὑπερετί-

100 1588 198 1623 θετο
220 1583 336 1634 repeti
365 1585 651 1622 communicandi
673 1584 758 1632 vim,

102 1641 182 1678 sine
200 1641 351 1677 notione
372 1642 586 1678 secundaria
605 1642 759 1678 interro—

103 1697 229 1746 gandi.
283 1697 393 1740 Quod
434 1698 520 1734 mihi
564 1703 661 1736 certe
690 1698 760 1735 du-

101 1755 175 1791 rius
202 1766 285 1791 esse
303 1754 456 1792 xidetur.

157 1812 281 1862 χρῆν
314 1808 409 1863 γάρ
451 1806 669 1865 Κανδαύλῃ
700 1825 760 1863 γε-

101 1864 249 1907 νέσθαι
274 1870 428 1914 κακῶς]
470 1869 494 1905 i.
524 1881 555 1906 e.
598 1881 635 1905 m
658 1868 758 1918 satas

101 1926 190 1961 enim
232 1928 308 1961 erat
350 1924 566 1962 Candaulem
599 1926 759 1976 infortu-

101 1981 329 2031 natumfieri.
358 1981 418 2020 De
439 1983 618 2030 dictione,
648 1995 757 2032 quam

101 2042 248 2090 praeter
276 2037 367 2075 alios
397 2039 556 2077 imitatus
587 2044 644 2077 est
680 2039 759 2077 Lu-

102 2094 227 2132 cianus
265 2107 388 2143 quom.
426 2098 532 2134 scrib.
567 2097 649 2133 hist.
691 2098 758 2144 18,

102 2152 149 2188 cf.
178 2151 321 2190 Herod.
360 2152 417 2201 ll,
453 2157 545 2196 161.
586 2153 660 2201 lv,
689 2155 758 2194 79.

100 2207 154 2255 V,
197 2210 277 2255 92,
323 2207 363 2250 4.
407 2210 482 2259 IX,
514 2214 606 2253 109.
648 2209 758 2246 Plura

100 2263 361 2312 Wyttenbach.
393 2269 442 2305 ad
467 2268 503 2305 h.
526 2268 555 2312 J.
581 2272 622 2306 et
643 2269 687 2305 C.
712 2266 758 2303 F.

102 2319 305 2359 Hermann.
354 2325 403 2360 ad
445 2324 599 2363 Luciani
638 2325 757 2362 locum

102 2390 141 2428 p.
181 2377 273 2420 125.
329 2378 455 2431 Atque
503 2383 611 2421 etiam
659 2381 759 2431 apud

103 2433 323 2473 Pausaniam
343 2437 429 2477 inde
456 2441 629 2489 frequens
657 2439 759 2476 inve-

104 2490 202 2528 nitur
221 2495 368 2545 χρῆναι
397 2497 445 2534 de
462 2496 670 2534 necessario
696 2507 759 2532 eo-

104 2559 184 2584 rum
218 2555 371 2600 eventu,
410 2567 505 2603 quae
535 2555 581 2591 ab
615 2551 759 2590 oraculo

106 2606 291 2655 praedicta
315 2621 382 2646 seu
410 2623 433 2647 a
459 2612 536 2648 fato
563 2610 760 2648 constituta

108 2660 181 2698 sint
208 2663 265 2701 vel
293 2664 340 2702 de
366 2667 543 2706 faciendis
569 2668 636 2715 iis,
665 2677 761 2715 quae

110 2718 291 2757 oraculmn
320 2721 478 2762 iusserit.
518 2723 602 2762 Vid.
632 2723 761 2760 Siebe-

111 2770 156 2807 lis
179 2775 227 2811 ad
252 2776 295 2824 Ι,
325 2781 376 2820 19
408 2779 446 2832 §.
470 2780 508 2822 5.
546 2780 601 2819 Ac
621 2779 762 2818 monuit

112 2831 314 2879 nupernme
333 2835 452 2887 lager.
476 2838 657 2889 (Disputt.
681 2836 761 2874 He

112 2886 246 2926 rodott.
267 2890 432 2944 Gotting
455 2897 585 2946 1828)
607 2897 655 2934 de
683 2894 762 2932 He-

824 679 946 716 rodoti
963 680 1040 716 fato
1061 692 1092 716 S.
1109 692 1230 717 rerum
1251 679 1482 727 necessitate,

826 749 848 774 a
871 737 1019 773 numine
1041 736 1162 772 divino
1182 736 1364 786 imposita,
1381 737 1483 785 quod

826 793 1038 843 exprimitur
1076 792 1196 829 verbis
1239 793 1302 831 δεῖ
1335 797 1372 830 et
1407 789 1481 844 χρή

824 849 1001 898 huiusque
1059 849 1285 886 substantivo
1335 847 1479 901 χρεών.

825 906 887 943 Tu
907 907 977 942 vid.
1003 919 1039 956 p.
1064 907 1117 946 37
1140 919 1221 954 seq.
1245 927 1300 934 ——
1320 906 1481 944 Verbum

823 962 1033 1014 γίγνεσθαι
1071 975 1151 999 cum
1189 963 1370 1000 adverbiis
1404 964 1485 1000 iun-

824 1023 919 1056 ctum
941 1019 1159 1069 optimorum
1170 1020 1386 1070 scriptorum
1397 1033 1485 1070 pro-

824 1076 931 1112 batur
959 1089 1052 1122 nsu3
1092 1088 1160 1112 nec
1197 1075 1348 1113 multum
1377 1077 1484 1114 abest

823 1132 1058 1169 Latinorum:
1121 1131 1234 1178 male,
1287 1133 1366 1169 bene
1412 1146 1482 1170 esse

826 1193 894 1226 etc.
937 1188 1044 1231 Quae
1077 1187 1143 1224 Cr.
1182 1189 1286 1225 citat:
1325 1188 1405 1225 Ast.
1432 1191 1481 1227 ad

824 1244 990 1281 Platonis
1030 1244 1125 1282 Rem
1165 1244 1264 1294 publ.
1311 1259 1348 1295 p.
1384 1247 1480 1286 371.

826 1301 1028 1350 Goettling.
1061 1302 1110 1338 ad
1140 1301 1290 1338 Aristot.
1320 1301 1428 1339 Polit.
1452 1302 1483 1351 I,

824 1359 851 1399 3
881 1372 916 1408 p.
947 1360 1040 1399 293.
1085 1357 1275 1407 MusgraV.
1309 1359 1357 1395 ad
1375 1358 1482 1395 Euri-

824 1415 903 1466 pid.
935 1415 1062 1452 Orest.
1099 1429 1155 1453 VS.
1201 1415 1256 1455 74
1303 1415 1346 1451 iis
1386 1429 1483 1453 nunc

825 1472 922 1508 adde
969 1471 1182 1509 Stallbaum.
1234 1472 1282 1508 ad
1337 1472 1481 1509 Platon.

823 1528 1028 1579 Euthyphr.
1050 1542 1088 1579 p.
1110 1531 1174 1569 10.
1197 1531 1261 1569 11.

883 1583 986 1637 ἔλεγε
1015 1583 1112 1637 πρὸς
1139 1582 1209 1625 τόν
1240 1579 1390 1636 Γύγην]
1421 1585 1483 1623 In-

826 1643 882 1679 fra
917 1641 959 1690 l,
1003 1645 1067 1683 10.
1115 1646 1164 1683 11
1209 1637 1359 1694 Γύγεα,
1401 1656 1484 1680 cum

825 1698 934 1736 Iones
966 1699 1078 1736 multa
1111 1699 1249 1750 primae
1272 1699 1484 1736 declinatio-

827 1755 884 1791 nis
914 1756 1060 1792 nomina
1100 1757 1298 1794 secundum
1338 1757 1484 1794 tertiam

826 1813 987 1849 flectant.
1036 1812 1149 1849 Cuius
1199 1813 1345 1861 generis
1385 1812 1484 1850 haud

826 1881 944 1918 pauca
1000 1882 1043 1906 ex
1088 1870 1283 1907 Herodoto
1338 1869 1486 1918 collegit

826 1924 959 1963 Matth.
991 1924 1029 1976 ἓ.
1055 1929 1107 1967 91
1138 1940 1177 1976 p.
1207 1927 1299 1967 195.
1330 1926 1485 1963 Potissi-

825 1995 923 2019 mum
945 1982 1014 2019 hoc
1032 1982 1069 2019 in
1088 1983 1256 2031 genitivis
1280 1989 1316 2021 et
1336 1995 1485 2020 accusa-

824 2039 907 2076 tivis
930 2039 1082 2078 obtinet.

885 2091 1019 2147 Γύγη,
1057 2092 1106 2135 οὕ
1148 2091 1225 2149 γάρ
1264 2108 1306 2135 σε
1354 2094 1481 2136 δοκέω

825 2166 861 2191 κ.
883 2167 917 2191 τ.
942 2151 992 2203 L]
1023 2154 1127 2191 Haec
1154 2159 1191 2191 et
1215 2154 1406 2203 sequentia
1435 2153 1482 2190 ob

825 2208 1039 2247 elocutionis
1057 2212 1282 2258 suavitatem,
1309 2224 1381 2260 qua
1402 2210 1484 2260 ipsa

823 2279 882 2303 res
911 2267 1025 2303 fando
1065 2268 1253 2305 iucundius
1287 2268 1351 2304 fiat
1387 2267 1483 2303 auri-

826 2323 914 2371 bus,
952 2337 1061 2373 quam
1092 2326 1124 2361 si
1154 2325 1268 2363 oculis
1294 2325 1332 2361 id
1368 2323 1483 2360 subii-

826 2380 962 2428 ciatur,
991 2380 1116 2418 laudat
1139 2381 1341 2430 Dionysius
1363 2379 1482 2418 Halic.

827 2438 874 2474 de
914 2450 1077 2488 compos.
1125 2440 1250 2476 verbb.
1291 2442 1381 2475 sect.
1429 2437 1483 2474 III

828 2492 852 2544 ἓ
894 2494 947 2535 24
977 2508 1062 2544 sqq.
1092 2494 1212 2533 Attica
1241 2494 1396 2532 dialecto
1420 2506 1482 2532 ex-

826 2564 969 2601 pressa.
1009 2552 1069 2589 Ad
1088 2565 1196 2601 quem
1219 2552 1337 2589 locum
1357 2551 1484 2588 videa-

827 2611 886 2644 tur
909 2609 1059 2659 copiosa
1080 2609 1266 2659 Sylburgii
1289 2613 1325 2646 et
1346 2608 1483 2645 Sohae-

827 2664 895 2702 feri
926 2665 1135 2715 annotatio,
1164 2667 1211 2704 de
1239 2664 1416 2714 singulis,
1445 2664 1483 2701 in

829 2722 960 2771 quibus
996 2723 1180 2774 discrepat
1214 2728 1369 2772 uterque
1398 2721 1486 2759 scri-

829 2783 927 2830 ptor,
937 2781 1159 2817 monentium
1183 2794 1221 2831 p.
1240 2782 1295 2822 39
1317 2792 1400 2829 sqq.
1423 2779 1484 2816 ed.

831 2835 977 2876 Schaef.
1008 2837 1068 2875 De
1092 2839 1275 2876 sententia
1307 2836 1374 2874 Cr.
1399 2848 1484 2872 con-

831 2894 916 2932 ferri
947 2895 1046 2933 iubet
1078 2895 1294 2934 Suetonium
1319 2894 1367 2931 de
1386 2891 1485 2930 Cali‘
