1759 3324
26 761 130 789 Honor
149 767 224 794 erga
242 768 303 787 ma-

25 795 106 823 iores
124 799 207 828 natu,
224 794 305 822 salu-

26 829 103 857 tatio
120 833 235 856 mutua.

351 261 436 301 662

745 257 1216 297 HERODOTI

322 368 522 425 5ἓφασαν
551 366 598 411 δέ
626 384 702 425 μιν
732 366 964 424 Αἰγύπτιοι
995 370 1077 412 τοῦ
1113 366 1293 422 πρώτου
1331 364 1615 423 βασιλεύσαν-

353 465 427 499 τος
457 446 679 503 Αἰγύπτου
716 451 851 492 παῖδα
889 446 1156 504 μουνογενέα
1184 447 1410 503 γενέσθαι·
1441 443 1619 490 ἀποθα-

352 526 488 571 νόντα
526 526 569 571 δ’
611 527 750 571 αὐτόν
788 526 984 583 ἄνωρον,

1045 526 1251 582 θρήνοισι
1302 526 1498 570 τούτοισι
1534 523 1675 570 ὑπ’δο

355 607 609 662 Αἰγυπτίων
637 610 895 663 τιμηθῆναι·
944 606 1016 649 καὶ
1048 604 1205 661 ἀοιδήν
1232 622 1277 649 τε
1306 606 1472 662 ταύτην
1499 605 1618 660 πρώ-

231 695 298 741 80
355 702 435 742 την
464 685 537 729 καὶ
569 683 741 741 μούνην
781 686 904 740 σφίσι
948 685 1166 740 γενέσθαι.
1226 685 1543 741 Συμφέρονται
1573 685 1619 729 δὲ

302 995 407 1035 marii
429 994 500 1032 loci
520 998 604 1032 sunt
618 992 777 1031 Pausan.
806 992 880 1039 IX,
902 995 956 1034 29

302 1051 402 1100 (coll.
431 1051 583 1089 Diodor.
612 1050 725 1086 Sieul.
761 1049 836 1097 Ill,
863 1050 956 1098 66).

305 1109 451 1146 Conon.
478 1111 628 1145 narratt.
654 1109 716 1148 19.
765 1105 884 1143 Schol.
910 1106 959 1143 ad

306 1165 458 1203 Homer.
473 1164 513 1202 ll.
537 1160 582 1212 σ’,
604 1164 686 1204 570
704 1162 786 1210 (ubi
807 1161 873 1199 Cr.
894 1163 961 1199 ad·-

307 1222 362 1259 dit
370 1221 491 1269 Heyn.
504 1221 668 1258 observv.
680 1224 707 1256 t.
716 1219 785 1256 vll
795 1233 830 1269 p.
845 1219 961 1266 550).

307 1277 407 1317 Nam
431 1277 499 1315 illis
524 1278 562 1314 in
592 1276 803 1325 regionibus
823 1275 963 1312 Adoni-

309 1335 415 1382 dem,
445 1334 507 1384 qui
525 1338 562 1371 et
588 1332 670 1384 ipse
692 1332 829 1369 iuvenis
850 1333 963 1369 inter-

307 1392 424 1429 fectus
450 1391 656 1437 serebatur,
685 1389 911 1440 plangebant
928 1392 964 1425 et

308 1446 476 1496 lugubria
496 1447 534 1483 in
565 1447 641 1484 eius
669 1446 845 1483 honorem
870 1446 965 1482 festa

310 1503 496 1541 habebant
512 1504 694 1549 instituta3
724 1502 855 1551 quibus
875 1502 964 1551 quid

311 1564 454 1598 veteres
479 1558 664 1598 declarare
689 1558 890 1606 voluerint,
925 1558 964 1594 id

311 1629 394 1655 eum
415 1629 489 1653 non
506 1615 652 1663 latebit,
675 1615 761 1664 qui,
781 1628 875 1663 quae
891 1614 965 1651 Ae-

311 1673 521 1723 gyptiorum
544 1673 718 1709 festorum
745 1672 792 1708 de
810 1670 963 1709 Osiridis

312 1730 414 1766 obitu
434 1730 549 1776 ratio,
579 1728 816 1779 perspexerit.
865 1727 965 1771 Quid

313 1785 409 1824 enim
436 1784 628 1835 Aegyptiis
659 1785 795 1832 Osiris,
823 1785 862 1822 id
888 1785 966 1821 fere

313 1841 453 1880 Adonis
486 1841 727 1879 Phoenicibus
757 1846 868 1891 atque
890 1841 966 1888 Cy-

313 1898 414 1949 priis.
471 1898 532 1935 Ne
564 1897 695 1945 multa,
732 1898 803 1935 vid.
834 1898 966 1934 Creuz.

313 1955 439 2003 Symb.
468 1954 502 1991 H
530 1968 567 2006 Ρ.
585 1956 640 1996 94
659 1968 737 2004 seq.
794 1954 877 1992 Nec
903 1953 967 1990 de-

313 2011 424 2059 nique
439 2010 509 2048 huc
534 2023 609 2048 non
627 2012 785 2061 pertinet
805 2011 969 2048 Graeco-

314 2079 395 2103 rum
432 2066 490 2104 ille
520 2066 658 2114 Linus,
698 2067 874 2118 Apollinis
907 2066 969 2115 qui

315 2123 430 2160 fertur
452 2122 544 2160 filius
556 2153 567 2171 ,
584 2124 630 2161 ab
652 2124 813 2162 Hercule
829 2123 968 2160 occisus

319 2183 356 2216 et
365 2179 521 2216 carmine
540 2179 682 2228 lugubri
703 2180 790 2218 inde
808 2179 971 2218 celebra-

316 2239 386 2272 tus.
444 2233 555 2272 Plura
574 2237 703 2273 Creuz.
720 2234 744 2276 l.
764 2236 786 2273 1.
817 2250 855 2287 p.
874 2237 969 2276 246.

319 2291 426 2335 Quae
443 2291 584 2339 omnia,
616 2292 645 2329 si
662 2305 836 2329 summam
859 2304 972 2341 quae-

319 2358 378 2384 ras
389 2374 400 2393 ,
429 2345 478 2382 nil
495 2346 592 2383 aliud
609 2349 686 2385 fere
703 2349 875 2395 indicant,
903 2348 972 2385 nisi

320 2414 464 2441 carmen
471 2403 772 2452 antiquissimum,
781 2417 866 2454 quo,
876 2416 971 2453 quae

321 2459 372 2496 dii
401 2458 471 2508 ipsi
496 2458 533 2494 in
559 2460 665 2496 terris
685 2460 762 2510 pati
780 2465 972 2509 cogantur,

320 2516 397 2552 sata
409 2527 534 2551 eorum
549 2515 666 2553 tristia
681 2516 847 2566 adeoque
861 2529 974 2563 mors,

322 2583 431 2620 quam
451 2574 488 2607 ut
507 2571 671 2609 homines
691 2572 748 2619 (et
767 2586 834 2623 pro
859 2572 974 2609 homi-

321 2626 449 2674 nibus)
473 2626 575 2665 obire
601 2628 782 2675 debeant,
811 2628 976 2666 contine-

322 2687 451 2729 antur3
491 2695 586 2731 quae
614 2684 694 2734 ipsa
731 2685 780 2721 ad
808 2685 975 2735 physicas

321 2738 480 2776 rationes
499 2744 694 2777 naturaeve
715 2745 847 2777 statum
870 2753 976 2778 revo-

320 2799 401 2832 cata
444 2794 529 2832 solis
560 2797 781 2833 constituent
818 2809 977 2834 annuum

321 2863 463 2888 cursum
512 2864 579 2901 per
613 2852 785 2890 hiemales
830 2866 976 2890 menses

319 2907 425 2957 quasi
467 2907 707 2960 interruptum
743 2922 786 2947 ac
813 2914 977 2948 naturam

357 767 432 810 καὶ
458 764 559 809 τόδε
597 763 702 807 ἄλλο
740 762 970 819 Αἰγύπτιοι
1001 762 1217 820 Ἑλλήνων
1245 763 1451 820 μούνοισι
1479 768 1621 809 Λακε-

1024 992 1142 1042 ipsam
1159 993 1261 1042 quasi
1273 993 1476 1043 patientem
1498 1005 1540 1030 ac
1551 991 1678 1031 dolen-

1026 1053 1123 1098 tem,
1154 1063 1234 1087 cum
1261 1050 1425 1087 benefica
1452 1048 1536 1086 solis
1563 1049 1598 1085 vi
1620 1062 1682 1087 ca-

1027 1111 1130 1154 reat3
1161 1106 1269 1155 quale
1294 1111 1438 1156 tempus
1464 1105 1681 1155 lugubribus

1028 1162 1132 1200 festis
1165 1176 1246 1199 cum
1286 1162 1498 1212 significarit
1524 1162 1684 1211 antiqui-

1028 1223 1083 1256 tas
1097 1248 1108 1266 ,
1134 1219 1307 1256 hilaribus
1329 1223 1612 1257 consentaneum
1628 1223 1684 1256 est

1030 1276 1249 1313 celebratum
1263 1276 1378 1314 fuisse
1389 1276 1486 1312 Solis
1504 1274 1600 1311 illam
1611 1275 1684 1312 vim

1028 1333 1229 1379 victricem,
1260 1334 1332 1382 qua
1358 1332 1553 1382 quotannis
1572 1331 1685 1382 perfi-

1031 1390 1101 1427 ciat
1119 1402 1260 1426 cursum
1282 1395 1387 1426 suum
1405 1401 1447 1426 ac
1464 1401 1576 1425 verno
1591 1393 1685 1425 tem-

1030 1459 1122 1497 pore
1159 1446 1281 1482 omnia
1319 1447 1368 1483 ad
1404 1445 1517 1481 vitam
1562 1445 1684 1482 denuo

1033 1503 1139 1551 quasi
1168 1507 1313 1540 revocat
1342 1507 1378 1540 et
1405 1506 1606 1538 conservat.
1629 1523 1685 1528 —

1031 1559 1090 1596 De
1117 1572 1156 1596 re
1186 1559 1321 1596 musica
1340 1558 1604 1608 Aegyptiorum
1624 1569 1686 1594 ve-

1032 1619 1149 1652 terum
1183 1615 1504 1663 instrumentisque
1537 1613 1685 1650 musicis

1035 1673 1065 1710 C
1077 1686 1104 1709 r.
1126 1672 1263 1710 consuli
1282 1671 1444 1721 inprimis
1468 1671 1543 1707 vult
1567 1671 1685 1708 deser.

1034 1731 1080 1768 de
1097 1729 1193 1778 l’Eg.
1223 1728 1293 1765 vol.
1312 1728 1344 1765 ll
1375 1742 1411 1778 p.
1432 1729 1514 1769 328
1554 1731 1591 1764 et
1620 1726 1688 1774 (de

1033 1786 1137 1838 poesi
1157 1785 1244 1823 ibid.
1268 1799 1306 1835 p.
1322 1786 1424 1833 328)
1445 1784 1551 1821 mem.
1573 1783 1652 1820 livr.
1673 1783 1689 1821 Ι

1033 1857 1070 1895 p.
1095 1844 1174 1884 181
1196 1854 1298 1891 seqq.
1355 1840 1436 1878 Alia
1466 1841 1504 1877 in
1521 1839 1647 1889 Symb.
1671 1840 1688 1877 Ι

1034 1913 1071 1951 p.
1093 1898 1174 1940 447
1199 1911 1275 1947 seq.
1296 1897 1502 1935 laudantur.

1081 1970 1105 1994 κ
1118 1953 1169 1994 αὶ
1195 1950 1337 2004 ἀοιδήν
1356 1969 1378 1992 τ
1391 1969 1407 1994 ε
1425 1948 1574 2005 ταύτην
1583 1948 1692 2002 πρό·

1036 2027 1109 2063 την
1127 2010 1196 2050 καὶ
1216 2007 1390 2062 μούνην]
1419 2009 1487 2050 καὶ
1502 2032 1550 2038 --
1563 2024 1604 2049 τε
1622 2010 1692 2047 hoc

1036 2070 1116 2107 loco
1147 2068 1374 2106 abundanter
1409 2069 1531 2119 posita
1564 2067 1693 2104 viden-

1037 2131 1115 2172 tur3
1157 2137 1266 2174 quein
1307 2137 1411 2161 usum
1444 2137 1466 2161 a
1495 2122 1692 2160 Schaefero

1039 2183 1293 2228 observatum,
1328 2181 1374 2218 ab
1403 2181 1480 2218 aliis
1503 2184 1692 2228 negatum,

1039 2240 1160 2276 denuo
1191 2236 1363 2287 exemplis
1400 2236 1554 2275 firmavit
1582 2235 1695 2272 Stall-

1040 2295 1160 2333 baum.
1180 2295 1227 2331 ad
1237 2294 1377 2331 Platon.
1390 2293 1528 2332 Phileb.
1548 2306 1586 2345 p.
1599 2291 1694 2341 144,

1039 2355 1134 2389 teste
1157 2350 1222 2388 Cr.

1222 2434 1254 2471 C
1265 2446 1287 2471 a
1295 2447 1333 2485 p.
1363 2433 1519 2472 LXXX.

1095 2515 1379 2569 Συμφέρονται
1419 2515 1461 2557 δὲ
1499 2516 1567 2557 καὶ
1602 2512 1696 2557 τόδε

1041 2570 1134 2612 ἄλλο
1175 2588 1210 2611 κ.
1241 2588 1274 2613 τ.
1308 2572 1366 2624 λ.]
1407 2575 1564 2624 Spartae
1600 2587 1697 2624 quae

1040 2630 1149 2667 fuerit
1175 2642 1309 2678 magna
1338 2627 1463 2669 senum
1492 2631 1696 2669 reverentia

1041 2686 1232 2735 honosque
1244 2715 1255 2733 ‚
1274 2686 1396 2736 plures
1415 2692 1595 2724 testantur
1611 2687 1698 2725 scri-

1042 2747 1168 2792 ptores
1196 2746 1357 2780 veteres:
1388 2743 1528 2781 Gellius
1549 2743 1598 2781 N.
1619 2744 1696 2781 Att.

1043 2798 1100 2845 II,
1122 2797 1185 2839 15.
1223 2797 1461 2850 Aristophan.
1482 2799 1581 2837 Nub.
1602 2803 1698 2842 989.

1044 2854 1226 2891 Plutarch.
1257 2854 1291 2891 11
1323 2869 1364 2906 p.
1384 2856 1486 2903 235,
1519 2857 1563 2893 C.
1602 2857 1699 2904 237,

1046 2910 1077 2948 C
1091 2939 1101 2958 ,
1123 2910 1203 2959 alii,
1222 2911 1269 2949 de
1287 2912 1419 2962 quibus
1438 2912 1574 2951 consul.
1586 2912 1697 2951 Wes-
