1805 3315
641 236 863 275 CLIO.
920 235 949 275 I.

1390 243 1449 282 63

149 352 307 409 δήρεον
343 345 578 403 κολλητόν,
626 343 732 402 θέης
772 344 898 398 ἄξιον
936 345 1008 389 διὰ
1056 344 1235 389 πάντων
1269 349 1358 389 τῶν
1397 346 1447 391 ἐν

147 433 357 487 Δελφοῖσι
385 425 704 482 ἀναθημάτων·
751 424 959 469 Γλαύκου
995 426 1219 469 τοῦ-Χίου
1260 427 1444 482 ποίημα,

148 510 196 562 ὃς
221 511 385 565 μοῦνος
423 505 477 562 δὴ
515 504 695 549 πάντων
735 502 992 560 ἀνθρώπων
1022 502 1210 561 σιδήρου
1238 503 1445 563 κόλλησιν

144 589 294 641 ἐξεῦρε.

93 750 349 789 Philostratum
384 746 457 784 Vit.
488 744 657 796 Apollon.
689 746 752 794 VI,

32 816 36 819 '
96 809 146 849 11
175 820 211 856 p.
244 804 348 852 247,
385 803 604 840 Pausaniam
628 804 649 840 l.
670 803 692 840 l.
717 808 754 841 et

92 862 289 901 Eusebium
315 861 455 897 advers.
479 859 639 897 Marcell.
662 860 689 908 I,
710 861 749 900 3.

27 913 42 930 ³
92 919 203 958 Unde
243 917 331 954 satis
376 915 606 965 intelligitur,
650 914 750 955 ὕπο-

89 975 345 1028 κρητηρίδιον
358 974 469 1011 hocce
484 973 583 1009 haud
597 974 750 1022 exiguae

88 1034 201 1071 fuisse
216 1031 477 1080 magnitudinis
487 1059 497 1077 ‚
524 1031 752 1080 maximeque

89 1089 330 1141 spectandum
369 1088 416 1123 ob
446 1086 603 1124 coelatas
634 1088 671 1124 in
705 1100 750 1124 eo

87 1146 208 1183 varias
236 1145 473 1182 animantium
493 1144 629 1191 figuras
645 1143 750 1194 plan-

45 1214 47 1216 ’
87 1207 251 1240 tarumve
261 1203 562 1248 insectorumque.
573 1223 629 1228 —-
640 1201 749 1237 Conf.

89 1260 248 1308 denique
285 1259 386 1295 Rose
418 1257 598 1306 Inscriptt.
628 1257 749 1304 (Can-

87 1315 361 1364 tabrig.1825)
380 1326 467 1364 pag.
484 1315 509 1354 9
533 1316 568 1349 et
587 1314 680 1354 338.
693 1334 751 1341 —-

88 1372 166 1409 Sed
191 1367 376 1422 κολλητὸν
403 1383 475 1419 quo
505 1375 655 1407 vocatur
681 1370 749 1408 hoc

85 1441 171 1476 vas,
199 1428 351 1465 multum
371 1427 577 1477 disceptant
598 1427 663 1463 viri
681 1427 749 1462 do-

88 1485 146 1522 eti.
175 1484 350 1522 Reisffius
366 1484 406 1520 id
421 1497 504 1521 esse
522 1488 637 1531 notat,
647 1484 748 1532 quod

85 1539 211 1578 Latini
229 1541 400 1578 coelatum
422 1554 451 1576 S.
474 1540 651 1577 stellatum
680 1553 746 1590 ap-

85 1597 244 1649 pellant,
273 1599 295 1634 i.
317 1611 348 1635 e.
370 1610 484 1646 opuS,
516 1611 588 1646 quo
612 1597 746 1634 diversi

84 1655 231 1703 generis
250 1654 434 1691 metallum
457 1654 495 1690 in
515 1654 585 1690 alio
597 1654 747 1691 infixum

86 1714 163 1758 est,
207 1715 244 1748 et
259 1712 359 1760 quod
387 1710 535 1747 maculis
557 1711 662 1759 quasi
685 1715 748 1747 aut

85 1767 257 1814 stellulis,
302 1768 350 1804 ad
377 1767 465 1804 coeli
502 1768 617 1803 instar
642 1767 745 1804 nitet.

83 1822 166 1861 Nec
186 1824 290 1861 aliter
314 1825 391 1861 fere
420 1822 648 1870 Lai-cherus,
679 1824 746 1860 ad-

83 1880 322 1918 sentientibus
351 1879 645 1918 W'inckelmanni
665 1881 744 1917 edi-

82 1937 222 1973 toribus
259 1936 397 1986 (Tom.
425 1936 460 1973 V
492 1951 528 1987 p.
563 1937 646 1978 429
683 1937 741 1974 ed.

81 1992 236 2042 Dresd.)
270 1994 318 2030 ad
347 2005 427 2030 eam
456 1994 543 2031 serri
560 1994 742 2031 tractandi

81 2053 197 2088 artem
218 2051 349 2097 refert,
388 2062 483 2098 quae
508 2050 624 2087 Gallis
649 2050 742 2087 dici-

79 2109 138 2144 tur
149 2106 446 2156 Darnasquzbmre,
467 2106 742 2157 Damasquiner,

81 2163 129 2200 de
176 2176 248 2213 qua
285 2163 349 2201 Cr.
386 2165 527 2201 confert
562 2164 743 2212 Bottiger.

77 2217 224 2257 Iournal
254 2220 289 2257 d.
312 2219 439 2258 Luxus
468 2233 503 2257 u.
543 2221 579 2257 d.
616 2220 742 2258 Mode-

77 2274 210 2314 Ianuar
239 2278 349 2318 1803
389 2277 468 2314 sive
502 2276 584 2314 Vol.
620 2276 743 2314 XVIII

4 2347 7 2362 ι
79 2345 116 2382 p.
136 2336 161 2375 9
180 2337 256 2370 not.
271 2333 495 2371 Beckmann.
517 2335 566 2370 ad
589 2332 741 2370 Aristot.

79 2389 231 2426 mirabb.
257 2388 436 2427 Auscultt.
456 2404 493 2440 p.
515 2389 610 2432 124.
640 2390 741 2427 Niti-

5 2439 7 2446 “
78 2449 136 2482 tur
153 2444 358 2484 Larcherus
373 2446 554 2484 Athenaei
572 2459 742 2497 praeser-

79 2501 145 2539 tim
163 2501 265 2549 loco,
295 2504 357 2540 ubi
375 2504 423 2541 de
443 2503 570 2551 figuris
591 2503 741 2541 coelatis

78 2570 198 2596 sermo
236 2562 315 2607 est,
365 2559 498 2609 quibus
535 2563 652 2598 crater
684 2561 741 2597 in-

78 2612 232 2661 signitus
272 2616 405 2663 fuerit,
456 2617 596 2667 quippe
644 2629 741 2666 quae

79 2680 154 2713 11911
171 2671 239 2707 alio
260 2672 330 2708 nisi
356 2672 427 2710 hoc
440 2674 551 2710 modo
577 2673 739 2711 exhiberi

77 2727 272 2775 potuerint.
299 2727 472 2779 Alioquin
490 2730 587 2768 enim
607 2729 739 2767 Glauci

77 2784 195 2819 artem
212 2795 286 2822 non
303 2788 496 2836 tantopere
517 2786 739 2824 celebratam

77 2837 195 2875 fuisse
214 2843 276 2876 aut
294 2845 390 2880 certe
409 2842 666 2880 celebrandam
684 2843 738 2879 vi-

77 2893 176 2941 deri,
204 2894 275 2932 nisi
297 2897 370 2935 tale
397 2899 486 2948 quid
506 2899 567 2937 ille
588 2899 737 2938 invene-

818 746 876 784 rit.
933 745 1004 783 Vix
1019 749 1143 783 tamen
1168 744 1342 784 Larcheri
1373 745 1486 783 ratio-

818 815 884 841 nes
913 816 993 839 cum
1012 803 1195 839 Pausania
1215 802 1395 839 conciliari
1416 816 1487 853 po-

817 863 964 906 terunt,
994 859 1015 895 l.
1041 859 1063 895 l.
1094 860 1144 896 ita
1161 861 1365 896 scribente:
1398 858 1485 898 ἕλα-

820 927 899 967 σμα
920 914 992 954 δὲ
980 914 1146 954 ἕκαστον
1173 918 1246 955 τοῦ
1263 911 1482 967 υποθήμα-

817 987 885 1019 τος
921 968 1111 1023 ἐλασματι
1151 970 1260 1038 ἄλλῳ
1295 970 1484 1024 προσεχὲς

821 1044 868 1068 ου
894 1025 1084 1081 περόναις
1115 1027 1221 1068 ἔστιν
1241 1024 1269 1080 ἢ
1289 1028 1481 1080 κέντροις,

819 1081 926 1137 μόνη
964 1083 1006 1124 δὲ
1035 1084 1063 1137 ἡ
1097 1081 1216 1125 κόλλα
1244 1085 1398 1137 συνέχει
1441 1100 1484 1126 τε

817 1141 886 1181 καὶ
930 1141 1034 1181 ἔστιν
1076 1138 1178 1193 αὕτη
1224 1144 1280 1196 τῷ
1329 1139 1481 1196 σιδήρῳ

817 1193 970 1249 δεσμος.
1042 1198 1141 1241 Quin
1188 1199 1270 1249 ipsa
1304 1199 1482 1237 vocabula

815 1252 959 1303 πολλοὶ,
991 1257 1161 1309 κολλᾷν,
1200 1251 1386 1305 κολλητὸς
1408 1256 1481 1292 alio

816 1313 949 1349 ducere
977 1312 1158 1349 videntur.
1191 1312 1298 1355 Quae
1318 1325 1399 1348 cum
1430 1313 1483 1350 ita

815 1369 911 1416 sint,
941 1369 1028 1406 mihi
1048 1373 1145 1406 certe
1167 1369 1412 1419 praeferenda
1427 1369 1482 1405 vi·-

816 1426 922 1462 detur
953 1426 1135 1462 sententia
1168 1438 1315 1473 eorum,
1345 1426 1408 1474 qui
1434 1426 1482 1463 de

807 1482 1074 1533 ferrmnae‘namli
1103 1496 1133 1518 s,
1163 1481 1374 1531 glutinandi
1403 1486 1482 1520 arte

815 1541 1015 1587 (nostruun
1045 1537 1202 1588 Liitlaen)
1230 1540 1406 1588 cogitant,
1426 1539 1481 1576 uti

813 1596 1060 1633 Schneiderus
1079 1597 1116 1632 in
1141 1600 1233 1632 nott.
1255 1597 1303 1632 ad
1322 1595 1479 1644 Eclogg.

813 1652 1097 1703 physicc.p.97,
1118 1657 1176 1700 et,
1196 1653 1258 1702 qui
1271 1665 1293 1689 a
1315 1651 1345 1689 C
1354 1665 1382 1689 r.
1401 1652 1480 1689 lau-

814 1710 948 1745 dantur
960 1723 967 1746 :
982 1710 1013 1745 C
1019 1710 1077 1746 .O.
1089 1708 1233 1747 Miiller.
1247 1710 1284 1745 in
1296 1709 1478 1758 Bottigeri

813 1764 969 1801 Amalth.
987 1765 1039 1802 III
1057 1780 1093 1816 p.
1115 1765 1182 1807 25.
1220 1766 1452 1803 Hausmann.
1469 1779 1479 1803 :

813 1822 909 1869 „De
935 1826 1013 1859 arte
1032 1823 1118 1859 ferri
1145 1822 1358 1859 conficiendi
1378 1827 1479 1859 vete-

810 1879 924 1915 rum“
966 1879 1003 1915 in
1039 1879 1261 1916 Commentt.
1293 1892 1367 1915 soc.
1398 1891 1477 1927 reg.

811 1935 978 1984 Giitting.
1020 1935 1128 1976 1815
1158 1935 1235 1973 coll.
1263 1936 1367 1972 Gott.
1398 1934 1478 1972 An-

809 1991 904 2040 zeig.
931 1991 1038 2032 1815
1068 2005 1122 2029 nr.
1147 1995 1201 2033 68
1221 2005 1258 2042 p.
1285 1993 1367 2033 678
1388 2004 1444 2040 Sq-

865 2045 966 2099 θέης
986 2045 1099 2094 ἄξιον
1120 2046 1185 2088 διοέ
1204 2044 1369 2088 πάντων
1394 2050 1476 2088 τῶν

810 2102 854 2144 ἐν
914 2106 1111 2154 Δελφοῖσι
1178 2099 1474 2156 ἀναθημάτων]

810 2161 927 2209 Haec,
956 2166 1130 2199 monente
1150 2162 1234 2211 Cn,
1252 2162 1378 2199 laudat
1399 2162 1478 2199 Eu·-

812 2218 995 2261 stath.„a(l
1020 2218 1059 2255 Il.
1089 2218 1141 2256 VI
1169 2233 1205 2271 p.
1232 2222 1340 2267 626,
1371 2221 1427 2261 52
1444 2232 1476 2256 s,

808 2288 844 2325 p.
863 2274 943 2315 481
963 2275 1097 2323 Basil.‚
1124 2288 1168 2313 ex
1183 2275 1374 2314 Athenaeo
1394 2276 1476 2327 opi-

808 2344 877 2367 nor
896 2331 919 2367 l.
941 2331 963 2367 l.
976 2360 987 2378 ‚
1017 2333 1119 2369 cuius
1140 2337 1262 2370 aetate
1281 2333 1475 2370 donarium

807 2388 908 2424 istud
956 2389 1074 2426 adhuc
1117 2388 1272 2440 Delphis
1325 2390 1474 2427 exstitit.

808 2444 851 2482 In
871 2444 1056 2483 locutione
1085 2441 1152 2484 διοέ
1174 2441 1360 2494 πάντων,
1392 2442 1476 2485 Bao}

808 2501 959 2538 notione
994 2501 1123 2539 Atticis
1167 2503 1355 2552 incognita
1386 2503 1476 2540 scri-

807 2558 974 2608 ptoribus
1014 2559 1198 2607 significat
1229 2557 1330 2609 πρό,
1373 2573 1475 2609 prae.

806 2615 867 2652 De
895 2627 969 2664 quo
1000 2615 1127 2653 Valck.
1162 2616 1212 2653 ad
1249 2616 1391 2654 Herod,
1426 2615 1474 2663 V,

807 2674 885 2718 67,
925 2684 997 2720 quo
1026 2673 1104 2710 iure
1129 2686 1217 2710 usus
1249 2677 1306 2711 est
1341 2667 1473 2710 Matth.

806 2726 844 2778 §-
876 2727 972 2775 580,
1006 2730 1086 2779 fp
1119 2729 1238 2770 1150.
1272 2729 1336 2767 cr.
1367 2730 1471 2766 addit

804 2784 915 2823 Dion.
927 2785 1032 2823 Cass.
1044 2785 1236 2833 XXXVII,
1247 2789 1300 2827 20
1327 2800 1364 2836 p
1378 2785 1470 2827 125

861 2836 1050 2882 Γλαύκου
1077 2844 1150 2882 τοῦ
1175 2842 1278 2881 Χίου
1301 2842 1469 2892 ποίημα,

804 2894 848 2946 ὃς
868 2912 1021 2949 μουνος
1048 2895 1099 2950 δη
1121 2894 1286 2939 πάντων
1309 2893 1471 2950 ἀνθρώ-
