1759 3324
351 256 436 297 502

224 366 290 411 12
346 366 493 420 ταμοῦ
531 363 606 406 καὶ
645 361 787 414 ου’τως
827 363 1088 418 ἐργατικοῦς

21 430 300 492 ἕιβυέοῗέῗτιὲἷωὲ
356 459 419 486 ων
455 442 529 486 καὶ
563 445 677 486 τοῖσι
713 442 890 497 λέγουσι
931 441 1039 485 αὐτοὶ
1085 441 1315 495 πείθομαι,
1373 441 1446 483 καὶ
1485 437 1618 490 αὐτὸς

20 499 127 525 vicinis
162 497 210 525 div
213 505 301 525 ersac

21 536 142 560 natura.

743 250 1216 292 HERODOTI

1150 360 1214 404 Τοὶ
1251 359 1352 415 περὶ
1388 360 1615 414 Αἴγυπτον
1628 366 1673 400 80

357 520 474 566 οὕτω
503 520 642 576 κάρτα
678 521 815 564 δοκέω
855 519 989 568 εἶναι,
1050 518 1158 564 ἰδών
1194 535 1237 562 τε
1276 536 1354 574 την
1391 520 1618 574 Αἴγυπτον

349 600 639 656 προκειμένην
668 603 744 654 τῆς
774 598 976 654 ἐχομένης
1005 603 1110 654 γῆς,
1141 596 1350 654 κογχύλιά
1381 615 1425 641 τε
1456 596 1615 654 φαινό-

352 696 461 735 μενα
501 680 570 722 ἐπὶ
607 682 722 721 τοῖσι
761 676 933 731 οὔρεσι,
992 677 1065 720 καὶ
1105 677 1244 733 ἅλμην
1282 676 1610 727 ἐπανθέουσαν,

518 900 549 936 C
560 913 580 936 a
589 913 626 949 p.
657 898 738 935 Xll.

353 983 422 1024 καὶ
442 986 545 1022 τοῖσι
564 980 720 1034 λέγουσι
746 978 846 1022 αὐτὰ
871 982 955 1022 πεί-

300 1047 429 1093 θομαι
453 1054 490 1078 κ.
518 1053 550 1077 τ.
574 1037 631 1090 λ.]
664 1039 847 1076 Herodoti
865 1039 954 1077 haee

301 1103 358 1137 est
369 1097 567 1135 sententia:
583 1109 622 1133 se
636 1108 710 1132 non
720 1096 832 1132 solum
842 1096 953 1134 fidem

300 1155 435 1193 habere
445 1153 499 1200 iis,
515 1153 544 1190 si
554 1153 616 1202 qui
629 1152 715 1189 talia
726 1153 772 1190 de
781 1152 952 1202 Aegypto

299 1214 471 1256 narrent,
509 1222 634 1247 verum
658 1209 778 1259 ipsum
807 1209 875 1245 sibi
907 1209 955 1247 de

299 1267 357 1305 his
381 1265 488 1303 valde
522 1267 768 1316 persuasisse,
808 1265 955 1302 ductum

300 1327 420 1361 terrae
438 1322 552 1373 ipsius
580 1322 702 1360 indole
723 1321 875 1370 aliisque
893 1335 956 1359 ve-

300 1379 437 1428 stigiis,
467 1379 563 1416 unde
590 1379 700 1415 maris
726 1379 832 1415 undis
863 1378 957 1415 hanc

300 1436 489 1485 regionem
506 1435 592 1472 olim
607 1439 740 1473 tectam
757 1434 869 1471 fuisse
889 1435 957 1471 ad·

301 1496 442 1556 pareat.

361 1543 460 1587 ἰδών
480 1561 520 1586 τε
539 1561 613 1598 την
632 1546 836 1598 Αἴγυπτον
852 1561 955 1597 προ-

301 1602 489 1656 κειμένην
499 1619 569 1654 της
581 1602 767 1655 ἐχομένης
778 1601 895 1655 γῆς]
886 1617 909 1640 ι.
923 1616 954 1640 e.

303 1662 500 1711 Aegyptum
528 1662 772 1710 prominentem
804 1673 828 1696 a
862 1663 955 1696 terra

303 1719 504 1764 continenti,
525 1729 619 1766 quae
634 1717 767 1754 scilicet
775 1715 894 1764 Libya
908 1716 956 1752 si-

304 1786 350 1811 ve
366 1771 488 1810 Africa
514 1777 570 1810 est
596 1773 780 1824 putanda,
811 1784 855 1810 ex
883 1785 955 1821 qua

303 1828 492 1879 Aegyptus
537 1830 642 1878 quasi
676 1829 881 1880 promineat
917 1829 955 1864 in

304 1898 416 1932 mare,
444 1885 495 1922 ita
511 1890 550 1922 ut
567 1886 646 1936 ipsa
661 1890 758 1923 terra
777 1884 861 1921 olim
878 1897 956 1922 ma-

305 1942 354 1979 ris
374 1942 479 1978 undis
498 1945 593 1979 tecta
609 1941 722 1979 videri
740 1944 860 1989 queat.

360 1992 547 2048 κογχύλιά
579 2011 619 2036 τε
645 1993 870 2047 φαινόμενα
890 1994 955 2035 ἐπὶ

306 2055 409 2092 τοῖσι
430 2049 590 2103 οὔρεσι]
624 2051 758 2104 οὔρεσι
791 2065 870 2088 cum
898 2066 956 2089 re-

306 2112 414 2146 centt.
446 2109 613 2146 dedimus
640 2122 706 2158 pro
735 2105 854 2158 ὅρεσι.
894 2108 952 2144 Ad

306 2168 558 2213 argumentum
583 2166 676 2201 conf.
701 2164 879 2200 Plutarch.
907 2165 953 2201 de

303 2219 390 2257 Isid.
415 2224 526 2269 atque
555 2221 691 2257 Osirid.
718 2234 755 2271 p.
775 2220 953 2267 367,A,

302 2276 365 2313 ubi
404 2275 493 2313 haec
532 2275 721 2325 leguntur:
767 2272 953 2314 θάλασσα

301 2328 378 2400 γὰρ
401 2325 453 2382 ἦν
470 2347 496 2382 η
516 2331 736 2383 Αἴγυπτος·
772 2328 834 2371 διό
856 2334 953 2370 πολ-

302 2384 353 2427 λοὶ
375 2385 447 2439 μὲν
468 2386 510 2426 ἐν
541 2391 624 2434 τοῖς
653 2382 855 2438 μετάλλοις
886 2387 954 2427 καὶ

301 2446 387 2491 τοῖς
425 2440 557 2509 ὄρεσιν
595 2441 813 2495 ευρίσκεται
844 2443 955 2495 μέχρι

304 2501 381 2539 νῦν
399 2495 585 2552 κογχύλια
615 2498 733 2551 ἔχειν·
764 2502 889 2539 πᾶσαι
911 2498 952 2539 δὲ

303 2554 429 2609 πηγαὶ
447 2554 514 2594 καὶ
538 2554 689 2622 φρέατα
711 2571 842 2595 παντα
860 2559 954 2595 πο)-

303 2614 386 2651 mv
434 2608 694 2663 ’ὑπαρχόντων
708 2641 717 2660 ‚
776 2609 954 2664 αλμυρον

303 2665 415 2719 υὸωρ
441 2666 509 2707 καὶ
540 2665 680 2722 πικρὸν
699 2667 875 2719 ε’χουσιν,
901 2684 954 2715 ως

305 2720 358 2764 οἶν
382 2721 603 2776 ’ὑπόλειμμα
628 2727 698 2776 τῆς
724 2720 850 2763 παλαι
878 2728 953 2763 θα-

303 2775 452 2830 λασσης
471 2779 592 2821 ἕωλον
609 2779 804 2821 ἐνταυθοῖ
817 2782 952 2831 συνεῤ-

304 2833 511 2888 ῥυηκότος.
567 2837 626 2874 Ad
652 2849 747 2887 quae
774 2836 952 2874 illustran-

303 2893 352 2930 da
381 2893 645 2943 Wesselingius
675 2893 847 2931 nonnulla
867 2907 953 2944 pro-

1023 871 1105 908 tulit
1134 871 1181 908 de
1196 870 1411 920 conchyliis,
1440 882 1534 919 quae
1554 870 1673 909 multis

1023 928 1062 964 in
1089 927 1271 964 montibus
1300 928 1529 965 inveniantur
1560 932 1596 964 et
1625 927 1674 964 ad

1022 983 1272 1020 Noachiticam
1312 983 1586 1021 inundationem
1617 982 1674 1020 vel

1021 1044 1165 1090 tempus
1192 1039 1410 1076 diluvianum
1438 1039 1549 1088 vulgo
1578 1040 1675 1077 refe-

1021 1101 1158 1133 rantur.
1223 1095 1432 1133 Accuratius
1465 1108 1510 1134 ex
1546 1109 1675 1134 recen-

1019 1153 1152 1189 tiorum
1173 1153 1488 1203 peregrinatorum
1507 1150 1607 1189 libris
1627 1153 1675 1190 de

1021 1209 1076 1246 his
1098 1209 1266 1258 exposuit
1286 1208 1418 1247 Ritter.
1445 1208 1636 1246 Erdkund.
1657 1207 1674 1245 Ι

1022 1278 1108 1317 pag.
1127 1265 1208 1306 858
1235 1277 1312 1314 seq.
1370 1264 1543 1314 Namque
1564 1277 1676 1316 supra

1024 1335 1107 1359 eum
1138 1321 1278 1368 locum,
1315 1322 1378 1358 ubi
1403 1321 1511 1360 Nilus
1539 1321 1577 1358 in
1599 1322 1674 1359 (luo

1024 1378 1170 1416 brachia
1201 1379 1427 1424 dissecatur,
1459 1378 1555 1415 duae
1590 1382 1674 1415 sunt

1024 1433 1225 1482 convalles,
1255 1433 1370 1472 altera
1393 1435 1570 1471 orientem
1593 1447 1676 1472 ver-

1026 1505 1086 1528 sus
1110 1491 1198 1538 sita,
1220 1490 1333 1528 altera
1353 1490 1576 1528 occidentem
1594 1503 1675 1528 ver-

1027 1561 1100 1584 sus.
1167 1546 1252 1594 Illa,
1298 1559 1392 1596 quae
1419 1559 1515 1584 nunc
1543 1547 1675 1583 dicitur

1030 1603 1124 1640 Val-
1139 1602 1218 1640 Tiel
1247 1604 1297 1649 (i.
1317 1616 1349 1640 e.
1375 1602 1410 1640 T
1412 1603 1472 1639 hal
1498 1603 1564 1640 der
1582 1603 1675 1640 Ver-

1022 1660 1189 1708 irrung),
1231 1660 1276 1696 ab
1303 1660 1392 1697 urbe
1421 1658 1531 1696 Cairo
1557 1659 1676 1696 tendit

1022 1730 1090 1767 per
1106 1720 1266 1753 montem
1277 1714 1483 1752 Mokattam
1502 1728 1616 1764 usque
1627 1716 1675 1752 ad

1024 1773 1110 1810 salis
1143 1776 1295 1822 puteos,
1332 1772 1520 1809 meridiem
1550 1785 1674 1809 versus

1024 1842 1104 1867 eam
1150 1829 1337 1877 regionem
1386 1832 1567 1877 tangens,
1619 1828 1675 1865 cui

1023 1898 1119 1922 nuuc
1146 1897 1278 1922 nomen
1307 1885 1416 1921 Suez.
1475 1884 1516 1920 In
1545 1897 1589 1921 ea
1608 1883 1676 1920 ho-

1024 1942 1159 1989 dieque
1212 1953 1347 1988 magna
1405 1940 1674 1989 conchyliorum

1023 1997 1202 2034 invenitur
1238 1996 1363 2046 copia,
1402 2009 1497 2045 quae
1529 2009 1674 2034 omnem

1023 2055 1101 2090 sere
1128 2052 1353 2103 superficiem
1384 2054 1582 2101 obtegunt3
1612 2066 1673 2090 su-

1023 2113 1174 2159 persunt
1195 2109 1287 2146 adeo
1314 2109 1527 2146 concharum
1557 2113 1675 2146 testae

1020 2178 1094 2202 non
1129 2165 1373 2215 petrificatae;
1431 2178 1524 2214 quae
1553 2165 1674 2202 omnia

1021 2222 1106 2258 satis
1128 2221 1308 2267 evincunt,
1327 2222 1434 2258 maris
1452 2221 1561 2259 undis
1578 2221 1674 2258 hunc

1020 2277 1135 2315 locum
1158 2277 1242 2314 olim
1269 2278 1380 2315 fuisse
1400 2282 1545 2315 tectum.
1602 2278 1672 2314 At-

1021 2347 1092 2383 que
1116 2334 1222 2371 etiam
1249 2333 1399 2372 Dureau
1425 2334 1472 2372 de
1499 2334 1534 2371 la
1559 2333 1673 2372 Malle

1022 2389 1044 2426 l.
1068 2390 1089 2427 l.
1123 2402 1209 2440 pag.
1235 2390 1340 2437 154,
1387 2403 1430 2428 eo
1457 2391 1559 2439 quod
1587 2391 1622 2428 h.
1645 2389 1671 2427 l.

1022 2443 1209 2497 κογχύλια
1248 2446 1300 2493 (ἰ.
1328 2459 1358 2483 e.
1383 2447 1554 2495 coquilles
1597 2459 1673 2483 non

1022 2502 1192 2551 alterees)
1213 2514 1332 2550 neque
1360 2497 1542 2554 πετρώδη
1569 2503 1611 2551 (i.
1639 2516 1671 2540 e.

1022 2557 1193 2606 coquilles
1226 2558 1436 2608 petrifiees)
1470 2572 1675 2597 memoren-

1021 2618 1099 2660 tur,
1139 2614 1319 2651 inferioris
1358 2613 1518 2665 Aegypti
1554 2615 1672 2652 solum

1020 2682 1145 2706 recens
1164 2670 1313 2706 indicari
1345 2670 1489 2708 iudicat.
1518 2693 1575 2699 —
1611 2671 1672 2710 De

1019 2725 1133 2762 altera
1161 2726 1252 2763 valle
1279 2726 1351 2763 vid.
1370 2731 1445 2763 not.
1471 2728 1519 2764 ad
1537 2728 1584 2775 ΙΙ,
1606 2729 1670 2769 10.

1077 2777 1206 2831 ἅλμην
1238 2780 1546 2834 ἐπανθέουσαν]
1599 2783 1671 2821 Per

1020 2850 1163 2875 omnem
1183 2837 1344 2887 Aegypti
1363 2840 1589 2888 superficiem
1601 2839 1669 2876 ho-

1019 2894 1149 2942 dieque
1189 2906 1348 2944 sparsam
1392 2895 1544 2933 inveniri
1586 2895 1668 2933 salis
