1768 3324
354 243 439 285 724

749 238 1222 281 HERODOTI

196 352 297 398 109
353 348 523 395 τούτων
552 351 631 407 μὲν
662 350 714 408 δὴ
747 352 889 394 εἵνεκα
918 348 1164 405 κατετμήθη
1193 346 1220 406 ἡ
1252 350 1487 404 Αἴγυπτος.
1527 349 1620 390 Koc-
1665 347 1747 389 153

25 421 86 454 Aeq
92 418 201 446 naliter
238 421 269 445 et

23 461 114 487 agros
141 452 305 492 assignat,
358 434 557 483 τανεῖμαι
595 430 640 474 δὲ
678 430 758 486 τήν
796 427 941 486 χώρην
978 430 1254 485 Αἰγυπτίοισι
1292 428 1426 471 ἅπασι
1466 431 1626 472 τοῦτον

24 486 305 560 3ξεῖθὲἶῖᾋέῗέᾸέ
362 509 508 566 ἔλεγον
536 508 614 552 τὸν
644 509 845 566 βασιλέα,
890 512 1055 565 κλῆρον
1091 510 1190 552 ἴσον
1220 506 1383 564 ἑκάστῳ
1414 505 1625 562 τετράγω-

27 553 305 623 giiltigri‘liingiiineu:dtiE

27 622 56 649 ei
85 626 184 655 partes
210 627 252 646 xn
287 627 301 645 a

27 654 202 689 Babyloniis
211 653 308 680 Grae-

29 689 56 717 ci
74 688 196 716 habent.

305 695 520 734 monstravit
534 693 774 731 Casaubonus
787 722 797 739 ‚
808 696 961 730 notante

305 751 548 798 W‘esselingio
561 779 571 795 ‚
585 751 646 799 qui
662 750 749 786 inde
767 754 866 787 recte
881 754 962 786 tue-

305 814 363 845 tur
386 806 597 845 Dicaearchi
615 806 730 842 locum
751 819 780 842 c.
804 807 854 845 13
869 833 879 851 ,
900 806 962 841 ubi

305 859 514 903 ὑπόπλατυ
562 862 629 909 (id
660 866 734 899 est:
767 861 962 898 subsalsam

307 920 465 970 aquam)
494 918 642 967 quidam
667 921 808 954 mutare
838 918 963 955 volue-

307 981 391 1014 rant
423 976 460 1012 in
485 969 680 1025 ὖπόπαχυ.
749 974 824 1011 Sed
847 975 965 1022 magis

307 1034 378 1071 huc
428 1035 586 1081 spectat,
633 1031 734 1080 quod
772 1031 967 1068 etiamnum

309 1092 348 1127 in
379 1087 573 1138 Aegyptiis
606 1088 727 1137 puteis
766 1087 967 1125 subsalsam

311 1158 444 1195 aquam
464 1145 616 1181 inveniri
634 1144 830 1181 observant
842 1157 968 1181 recen-

310 1204 420 1240 tiores
443 1202 735 1252 peregrinatores
761 1202 874 1247 (conf.
895 1200 969 1236 Po-

312 1259 414 1296 cock.
435 1258 622 1294 laudatum
643 1257 679 1293 in
694 1256 825 1294 Larch.
848 1257 968 1304 nota),

314 1328 431 1364 eoque
452 1313 557 1350 valde
588 1314 763 1364 probatur
791 1319 869 1350 tum
888 1313 969 1350 He-

313 1373 466 1409 rodotea
485 1371 664 1417 narratio,
694 1374 769 1406 tum
791 1370 891 1419 quod
921 1370 970 1406 si-

316 1427 401 1466 mile
430 1427 563 1475 legitur
587 1427 685 1477 apud
703 1426 796 1463 Plut.
819 1428 866 1464 de
883 1425 968 1463 lsid.

318 1489 356 1523 et
381 1484 516 1522 Osirid.
537 1496 623 1533 pag.
643 1485 749 1530 367,
766 1483 815 1519 B:
846 1485 971 1521 πᾶσαι

318 1538 442 1593 πηγαὶ
482 1538 550 1577 καὶ
586 1538 737 1591 φρέατα
763 1535 895 1577 πάντα
915 1559 971 1567 —

319 1592 492 1649 ἁλμυρὸν
505 1591 612 1646 ὕδωρ
625 1594 693 1634 καὶ
714 1593 853 1646 πικρὸν
867 1594 972 1646 ἔχου-

321 1667 405 1702 σιν,
435 1652 512 1690 coll.
535 1652 689 1690 Diodor.
708 1652 779 1699 ΠΙ,
801 1654 868 1694 39.

377 1737 422 1778 ἐκ
459 1731 644 1788 φρεάτων
681 1751 734 1788 χρ
749 1732 832 1787 εόμ
849 1734 972 1786 ενοι]

321 1795 394 1833 scil.
416 1797 517 1833 τοῖσι
536 1789 711 1844 πόμασι,
742 1794 840 1830 unde
861 1806 975 1843 appa-

320 1856 397 1899 ret,
416 1850 515 1888 haud
532 1863 682 1888 necesse
699 1863 779 1887 esse
798 1863 875 1886 cum
888 1849 974 1886 Val-

322 1906 493 1946 ckenario
529 1911 670 1944 mutare
696 1901 901 1958 χρεόμενοι
938 1906 975 1942 in

324 1958 540 2015 ἀρυόμενοι
557 1963 613 2000 vel
645 1959 884 2014 ἄρυτόμενοι
911 1962 974 2008 (ex

317 2022 435 2071 puteis
453 2019 682 2067 haurientes).
694 2041 750 2046 —-
779 2020 974 2056 Caeterum

325 2075 449 2126 scripsi
470 2088 551 2112 cum
569 2075 771 2123 Schweigh.
799 2079 835 2112 et
855 2075 973 2111 Gaisf.

323 2128 531 2184 χρεόμενοι
566 2135 603 2169 et
626 2131 737 2181 paulo
757 2135 842 2168 ante
875 2129 976 2181 ἐχρέ-

326 2202 437 2228 ονται
449 2215 460 2236 ,
482 2187 544 2224 ubi
564 2187 731 2225 meliores
748 2188 978 2237 praebebant

322 2244 418 2282 libri.
503 2243 623 2293 Vulgo
670 2239 898 2295 χρεώμενοι
943 2247 980 2281 et

324 2298 409 2352 ἒχρέ
422 2315 452 2340 ω
463 2314 543 2340 ντο.

532 2412 642 2463 Cap.
673 2411 770 2449 cix.

383 2499 615 2547 κατανεῖμαι
635 2493 677 2535 δὲ
694 2492 769 2545 τὴν
789 2490 921 2546 χώρην
943 2510 978 2534 κ.

329 2570 360 2594 τ.
380 2553 429 2605 λ.]
479 2553 689 2591 Secundum
713 2553 916 2590 Diodorum
946 2552 976 2600 J,

326 2610 380 2653 54
404 2609 581 2649 Sesostris
601 2622 745 2646 omnem
766 2609 975 2658 Aegyptum

323 2668 460 2718 primus
480 2667 518 2703 in
536 2665 683 2713 triginta
695 2670 852 2714 quatuor
869 2677 976 2714 prae-

325 2725 480 2761 fecturas
501 2718 690 2771 (νομοῦς)
711 2722 833 2758 divisit
853 2721 976 2769 singu-

324 2779 443 2829 lisque
480 2777 642 2828 singulos
667 2778 841 2828 praefecit
869 2778 978 2825 viros,

329 2836 392 2885 qui
410 2835 530 2873 omnia
541 2835 842 2872 administrarent.
865 2833 977 2878 Quod

328 2896 450 2931 utrum
468 2891 538 2930 huc
564 2891 682 2930 valeat
708 2903 776 2930 nec
802 2903 872 2938 ne,
901 2902 975 2928 non

1030 693 1240 742 disquiram.
1298 692 1406 730 Conf.
1428 692 1473 739 ΙΙ,
1496 688 1578 732 164
1594 690 1681 739 ibiq.

1029 755 1121 787 nott.
1152 750 1184 786 ll
1198 778 1208 795 ,
1225 749 1292 790 42.
1348 749 1430 785 Hoc
1448 761 1534 786 vero
1552 753 1684 783 notan-

1031 807 1139 852 dum,
1172 806 1293 854 quod,
1321 808 1416 842 teste
1445 805 1575 841 eodem
1594 803 1686 840 Dio-

1032 863 1122 898 doro
1152 861 1191 907 I,
1222 862 1299 906 73,
1342 861 1457 897 omnis
1492 865 1589 897 terra
1621 860 1686 896 tri-

1031 918 1167 969 partito
1189 917 1323 963 divisa,
1361 917 1417 954 vel
1440 916 1686 953 sacerdotibus

1032 974 1089 1011 vel
1128 974 1273 1022 regibus
1313 973 1371 1010 vel
1403 973 1572 1010 militibus
1610 975 1689 1009 erat

1033 1032 1190 1077 tributa,
1227 1030 1346 1066 minus
1377 1030 1503 1078 utique
1528 1041 1688 1077 congrue

1035 1101 1115 1125 cum
1145 1088 1211 1133 iis,
1241 1099 1335 1135 quae
1362 1086 1396 1122 h.
1418 1086 1440 1122 l.
1463 1086 1509 1123 de
1530 1084 1690 1122 Sesostri

1036 1157 1181 1181 omnem
1219 1147 1354 1180 terram
1394 1143 1490 1179 inter
1527 1140 1688 1190 singulos

1035 1200 1240 1250 Aegyptios
1272 1200 1456 1236 dividente
1483 1203 1689 1234 narrantur.

1035 1257 1117 1294 Nec
1128 1256 1272 1293 omnino
1285 1256 1321 1292 in
1338 1256 1378 1292 iis
1393 1256 1590 1305 quidquam
1603 1253 1691 1291 certi

1039 1319 1199 1350 statuere
1233 1312 1378 1360 licebit,
1418 1324 1512 1361 quae
1544 1311 1691 1349 testium

1037 1374 1199 1407 veterum
1246 1369 1371 1418 inopia
1415 1369 1570 1406 obscura
1608 1370 1692 1403 sunt

1037 1426 1254 1474 magnisque
1280 1425 1441 1463 tenebris
1468 1428 1691 1475 premuntur.

1040 1483 1113 1527 Qui
1136 1483 1230 1519 enim
1250 1495 1393 1519 omnem
1414 1487 1547 1518 terram
1573 1481 1622 1517 ad
1652 1492 1692 1516 se

1038 1539 1221 1590 pertinere
1243 1538 1396 1576 credidit
1410 1550 1472 1574 rex
1485 1567 1495 1585 ‚
1524 1537 1554 1574 is
1571 1536 1692 1587 potuit

1037 1596 1162 1643 utique
1183 1595 1329 1644 singulis
1346 1594 1502 1642 singulas
1521 1605 1692 1642 agrorum

1040 1653 1228 1702 portiones
1253 1653 1304 1688 ita
1322 1651 1533 1699 assignare,
1563 1654 1603 1687 ut
1628 1662 1692 1687 ve-

1041 1707 1160 1757 ctigali
1195 1708 1388 1757 quotannis
1429 1707 1546 1744 soluto
1580 1706 1693 1757 ipsius

1042 1765 1240 1801 dominium
1271 1768 1530 1813 agnoscerent3
1576 1763 1695 1813 potuit

1043 1821 1151 1859 etiam
1171 1833 1233 1858 eas
1252 1825 1392 1858 tantum
1410 1820 1478 1858 illis
1497 1824 1612 1857 terras
1629 1819 1694 1855 tri-

1042 1879 1176 1924 buere,
1197 1890 1291 1927 qnae
1315 1877 1409 1915 bello
1435 1881 1563 1927 captae
1578 1875 1694 1912 hosti-

1042 1935 1185 1983 busque
1217 1938 1364 1984 ereptae
1394 1938 1518 1978 erant3
1565 1944 1695 1981 quam-

1043 2003 1153 2040 quam
1173 1990 1242 2027 hoc
1271 2003 1351 2028 cum
1372 1989 1554 2028 Herodoti
1573 1988 1693 2025 verbis

1041 2048 1156 2083 minus
1181 2048 1358 2084 convenit.
1407 2047 1514 2083 Conf.
1534 2045 1694 2083 Heeren.

1042 2103 1154 2140 ldeen
1172 2103 1226 2149 ΙΙ,
1249 2107 1274 2144 2
1296 2116 1381 2153 pag.
1403 2102 1481 2143 141
1503 2115 1607 2151 seqq.
1637 2122 1694 2128 —

1043 2188 1068 2207 ‚‚
1081 2160 1193 2202 Quod
1214 2160 1392 2196 Sesostris
1410 2158 1511 2207 leges
1531 2157 1693 2207 agrarias

1045 2215 1250 2264 similesque
1292 2216 1450 2262 attinet,
1505 2214 1629 2251 laudat
1656 2213 1694 2250 in

1046 2271 1220 2309 consimili
1245 2275 1483 2320 argumento,
1522 2270 1582 2307 ubi
1603 2270 1696 2307 Cre-

1044 2328 1202 2365 tensium
1229 2327 1438 2376 Minoisque
1472 2327 1574 2376 leges
1607 2326 1695 2363 atti-

1045 2384 1117 2432 git,
1148 2384 1335 2420 Sesostrin
1359 2383 1697 2433 Aegyptiorumque

1046 2441 1207 2477 instituta
1237 2446 1408 2489 tanquam
1445 2440 1695 2489 antiquissima

1046 2497 1205 2533 omnium
1227 2496 1407 2533 Aristotel.
1427 2497 1464 2532 in
1484 2496 1592 2533 Polit.
1610 2495 1695 2543 VII,

1047 2555 1118 2599 10,
1137 2554 1163 2593 3
1187 2552 1261 2602 (cp-
1286 2555 1311 2594 9
1341 2555 1470 2604 p-288
1490 2553 1695 2601 Schneid.).

1043 2609 1202 2645 Easdem
1222 2608 1322 2658 leges
1347 2622 1390 2646 ex
1414 2610 1594 2647 Herodot.
1618 2608 1641 2645 l.
1669 2608 1693 2645 l.

1043 2678 1123 2703 cum
1144 2665 1352 2702 Sinensium
1375 2665 1516 2714 legibus
1546 2677 1695 2716 compa-

1043 2721 1138 2758 ravit
1174 2734 1290 2771 nuper
1315 2723 1369 2758 vir
1401 2722 1530 2759 doctus
1563 2723 1602 2759 in
1632 2722 1695 2759 the

1044 2777 1178 2815 classic.
1216 2778 1335 2826 journ.
1379 2778 1413 2815 II
1455 2791 1542 2828 pag.
1572 2778 1695 2820 587.“

1045 2834 1216 2871 Creuzer.
1237 2834 1274 2870 in
1299 2839 1505 2873 commentt.
1526 2834 1694 2873 Herodd.

1043 2903 1080 2941 p.
1105 2892 1184 2932 198
1214 2903 1292 2941 seq.
