1768 3315
241 699 306 745 87

36 766 240 801 Exsuperante
258 788 260 790 .

35 799 213 834 famaquam
222 797 310 832 Apol-

35 833 128 859 linem
181 831 311 858 Croesus

34 866 222 904 invocasset,
250 872 311 891 ma-

34 900 112 927 xima
138 898 239 933 pluvia
265 906 311 937 or-

34 937 82 968 ta,
103 940 193 965 rogus
206 936 313 957 exstin-

35 971 111 994 ctus.
130 965 205 999 Quid
217 966 312 998 Cyrus

36 1000 176 1027 Croesum
187 1000 313 1024 interro-

35 1034 114 1068 garit
125 1054 133 1067 ,
151 1031 264 1070 etquid
275 1030 311 1057 ab

36 1076 72 1095 eo
99 1073 233 1101 responm
259 1072 308 1093 ac-

36 1100 161 1136 ceperit.

369 271 453 313 222

763 266 1232 309 HERODOTI

368 375 672 431 ἐπιλεξάμενον
699 373 758 427 ὦς
779 375 911 421 οὐδὲν
927 379 992 434 εἴη
1013 382 1102 422 τῶν
1120 378 1166 423 ἐν
1188 378 1467 434 ἀνθρώποισι
1489 378 1630 435 ἀσφα-

369 457 474 507 λέως
502 454 625 510 ἔχον,
671 454 835 500 κελεύει
864 456 1097 513 σβεννύναι
1125 459 1206 514 τὴν
1233 461 1435 515 ταχίστην
1462 458 1512 502 τό
1541 475 1616 502 και

369 536 528 590 όμενον
556 537 669 588 πῦρ,
698 535 771 578 καὶ
794 535 1100 591 καταβιβάζειν
1125 537 1322 592 Κροῖσόν
1350 554 1396 581 τε
1425 538 1498 581 καὶ
1525 537 1633 588 τούς

363 613 467 670 μετὰ
497 613 714 668 Κροίσου·
766 614 992 667 καὶτοὺς,
1041 617 1360 673 πειρωμένους,
1403 615 1458 661 οὐ
1490 615 1658 660 δύνει-1

365 697 473 736 σθαι
501 691 562 734 ἔτι
591 695 673 735 τοῦ
702 692 844 747 πυρὸς
873 694 1167 751 ἐπικρῖκτῆσαι.
1214 694 1433 740 Ἐνθαῦτα
1465 697 1632 752 λέγεται

366 769 456 815 ὑπό
497 773 683 821 Λυδῶν,
742 774 938 825 Κροῖσον
976 775 1178 828 μαθόντα
1215 775 1295 832 τὴν
1326 775 1481 830 Κύρου
1510 773 1632 832 μετά-

368 861 553 906 γνωσιν,
597 848 657 902 ὥς
703 848 797 906 ὥρα
834 851 978 895 πάντα
1012 854 1092 908 μὲν
1131 852 1271 907 ἄνδρα
1313 853 1554 909 σβεννύντα
1582 853 1632 897 τὸ

368 933 481 984 πῦρ,
537 928 811 986 δυναμένους
842 931 887 974 δὲ
917 930 1061 976 οὐκέτι
1090 936 1376 989 καταλαβεῖν,
1421 929 1633 988 ἐπιβώσα-

369 1015 496 1059 σθαι,
528 1007 608 1052 τὸν
632 1006 883 1052 Ἀπόλλωνα
912 1010 1272 1067 ἐπικαλεόμενον,
1305 1014 1345 1055 εἴ
1370 1028 1411 1055 τι
1440 1012 1484 1055 οἱ
1510 1017 1662 1067 κεχα-5

368 1089 577 1145 ρισμένον
608 1088 650 1140 ἐξ
681 1086 820 1132 αὐτοῦ
853 1090 1079 1146 ἐδωρήθη,
1120 1094 1420 1148 παραστῆναι,
1448 1091 1523 1135 καὶ
1553 1088 1634 1147 ῥύ-

336 1170 532 1213 Ξσασθαί
559 1185 636 1224 μιν
667 1168 713 1212 ἐκ
742 1172 821 1212 τοῦ
858 1168 1102 1223 παρεόντος
1130 1174 1282 1214 κακοῦ.
1321 1169 1400 1213 τὸν
1420 1169 1523 1226 μὲν,
1563 1171 1635 1212 δα·

367 1246 562 1301 κρύοντα
607 1248 911 1292 ἐπικαλέεσθαι
943 1249 1022 1293 τὸν
1050 1249 1182 1293 θεόν·
1234 1248 1281 1292 ἐκ
1312 1249 1357 1293 δὲ
1388 1250 1562 1305 αἰθρίης
1590 1263 1635 1291 τε

367 1328 442 1372 καὶ
471 1329 676 1383 νηνεμίης
705 1330 990 1384 συνδραμέειν
1026 1329 1227 1385 ἐξαπίνης
1255 1328 1413 1386 νέφεα,
1451 1328 1527 1372 καὶ
1553 1342 1633 1384 χει·

368 1508 520 1552 κελεύει
567 1507 805 1563 σβεννύναι]
854 1512 966 1555 Quod

310 1571 465 1608 correxit
496 1569 545 1606 H.
581 1569 790 1619 Stephanus
824 1563 966 1608 κελεύ-

312 1641 412 1673 ειν,
453 1627 491 1663 id
520 1626 667 1674 quidem
702 1626 869 1662 omnibus
898 1626 965 1661 ad-

310 1686 475 1720 versatur
493 1681 614 1728 libris,
644 1686 824 1730 quotquot
846 1681 964 1718 adhuc

308 1739 460 1776 collatos
489 1737 686 1785 habemus,
723 1751 846 1775 verum
883 1750 966 1774 ora-

308 1795 418 1832 tionis
447 1798 662 1831 structuram
688 1794 748 1830 vix
776 1794 965 1832 ferendam

308 1852 459 1900 egregie
475 1851 631 1887 adiuvat.
670 1850 848 1887 Miramur
870 1851 965 1888 enim

306 1910 433 1957 utique
453 1908 611 1944 subitum
642 1906 752 1944 istum
773 1908 965 1944 transitum

308 1966 355 2001 ab
399 1965 562 2002 oratione
610 1964 786 2001 indirecta
833 1964 870 2000 in
907 1977 965 2001 re-

308 2026 424 2068 ctam,
453 2033 534 2057 cum
563 2020 624 2069 qui
653 2021 764 2057 modo
792 2021 830 2057 in
860 2033 966 2057 accu-

309 2078 424 2114 sativo
443 2077 583 2114 dixerat
600 2077 784 2115 δείσαντα
800 2075 869 2115 καὶ
882 2076 963 2116 ἐπι-

311 2129 549 2183 λεξάμενον,
597 2134 768 2170 continuo
808 2134 964 2180 scribat,

311 2190 446 2227 oblitus
475 2190 657 2240 priorum,
693 2186 860 2228 κελεύει
897 2202 964 2240 pro

309 2242 421 2286 κελεύ
437 2260 452 2284 ε
465 2261 477 2284 ι
490 2261 524 2284 ν.
575 2247 687 2290 Quod
708 2252 807 2284 certe
824 2252 964 2283 tantum

311 2307 388 2349 est,
419 2307 460 2339 ut
480 2302 537 2338 vix
567 2303 816 2340 anacoluthiae
836 2315 966 2351 quam-

310 2360 365 2396 vis
398 2358 537 2395 Nostro
563 2372 740 2408 perquam
779 2359 965 2396 familiaris

310 2416 451 2452 ratione
488 2415 657 2464 explicari
692 2417 821 2465 possit.
889 2416 966 2453 Sed

311 2472 408 2509 libris
422 2476 499 2508 erat
517 2473 854 2521 obtemperandum,
872 2485 965 2521 quos

305 2529 343 2564 iu
362 2527 494 2564 talibus
514 2527 718 2577 relinquere
740 2531 845 2566 nefas
864 2529 966 2566 w'de-

306 2584 424 2622 batur.

447 2639 563 2689 Cap.
593 2638 818 2678 LXXXVII.

361 2694 625 2746 καταλαβεῖν]
666 2697 689 2733 i.
730 2710 762 2735 e.
801 2710 964 2745 coercere,

308 2753 482 2799 inhibere,
520 2756 561 2789 ut
598 2751 632 2800 Ι,
668 2752 747 2799 46,
801 2755 863 2791 ubi
891 2755 964 2792 vid.

308 2809 409 2847 Male
425 2822 518 2846 unus
538 2808 629 2846 liber
650 2809 967 2859 καταβαλεῖν.-

309 2866 371 2903 Ad
401 2860 677 2916 ἐπιβώσασθαι
716 2867 812 2903 conf.
843 2866 883 2914 I,
912 2869 965 2907 10

310 2923 398 2973 ibiq.
419 2926 512 2960 nott.

1092 1511 1132 1551 εἴ
1148 1527 1184 1550 τι
1199 1511 1240 1551 οἱ
1257 1511 1539 1564 κεχαρισμένον
1561 1510 1600 1560 ἐξ
1621 1506 1691 1550 αύ-

1032 1571 1106 1608 τοῦ
1137 1564 1349 1619 ἐδωρήθη]
1401 1570 1425 1607 ἰ.
1467 1583 1498 1607 e.
1535 1571 1568 1605 si
1607 1568 1692 1618 quid

1030 1625 1090 1662 illa?
1117 1629 1261 1674 gratum
1293 1625 1337 1661 ab
1365 1627 1440 1675 ipso
1470 1624 1622 1662 oblatum
1643 1627 1690 1661 sit

1033 1682 1230 1729 (donum),
1259 1694 1350 1717 ηιιηε
1378 1686 1418 1718 ut
1446 1683 1518 1731 ipsi
1543 1681 1689 1718 adesset.

1032 1738 1108 1775 L'bi
1135 1738 1283 1774 laudaut
1314 1738 1451 1776 similes
1481 1738 1582 1775 locos
1610 1738 1691 1775 Ari-

1033 1794 1223 1844 stophanis
1254 1795 1291 1830 in
1316 1793 1401 1832 Pae.
1429 1797 1510 1837 385
1542 1799 1579 1832 et
1610 1794 1693 1831 Ho-

1033 1851 1123 1887 meri
1158 1852 1196 1887 in
1227 1849 1329 1887 Iliad.
1365 1850 1402 1899 I,
1431 1852 1507 1898 39,
1548 1863 1592 1888 ex
1617 1863 1692 1900 quo

1033 1908 1115 1957 ipso
1172 1907 1423 1945 Herodoteam
1469 1907 1690 1945 locutionem

1034 1965 1179 2000 ductam
1210 1968 1369 2001 censent.
1665 2011 1667 2013 r

1091 2019 1133 2058 ἐκ
1159 2017 1200 2059 δὲ
1219 2020 1385 2071 αἰθρίης
1408 2033 1452 2059 τε
1481 2017 1549 2058 καὶ
1577 2033 1692 2070 νηνε·

1034 2075 1151 2127 μίης]
1186 2076 1245 2114 De
1276 2077 1562 2126 praepositionis
1584 2074 1627 2115 ἐν.
1662 2090 1692 2113 s,

1034 2132 1072 2178 ἐξ
1094 2147 1162 2169 usu
1180 2134 1335 2169 sufficiat
1361 2133 1533 2170 laudasse
1561 2131 1693 2169 Matth.

1032 2189 1100 2225 Gr.
1120 2190 1185 2226 Gr.
1207 2187 1244 2240 ξ.
1268 2190 1351 2230 574
1382 2202 1468 2240 pag.
1493 2190 1614 2230 1133.
1637 2210 1693 2216 -·

1034 2241 1144 2295 ὕδωρ
1176 2242 1417 2296 λαβρότατον
1436 2246 1484 2283 de
1505 2245 1696 2282 vehementi

1031 2302 1173 2351 accipio
1200 2303 1329 2346 inibi-135
1359 2315 1443 2340 nam
1457 2299 1604 2353 λαβρός
1617 2307 1694 2338 tum

1033 2358 1080 2394 de
1111 2370 1228 2407 aqua,
1267 2364 1343 2395 tum
1370 2360 1418 2396 de
1448 2359 1535 2407 igne
1577 2358 1692 2406 (conf.

1033 2414 1180 2450 Pindar.
1204 2414 1310 2462 Pyth.
1339 2414 1412 2461 111,
1431 2418 1485 2456 70
1507 2415 1593 2464 ibiq.
1616 2414 1695 2451 Ta-

1029 2470 1091 2508 sel.
1119 2470 1302 2507 Dilucidd.
1326 2483 1412 2519 pag.
1433 2472 1536 2519 593)
1565 2470 1692 2507 aliisve

1031 2527 1140 2564 rebus
1180 2527 1231 2562 ita
1265 2532 1481 2576 usurpatur,
1521 2531 1561 2564 ut
1594 2526 1695 2563 velze-

1031 2596 1137 2629 mens,
1151 2582 1387 2619 turbulentum
1400 2583 1563 2620 denotet.
1583 2583 1693 2619 Conf.

1032 2640 1191 2687 Hesych.
1223 2652 1252 2675 S.
1276 2651 1309 2674 v.
1339 2638 1449 2677 Tom.
1474 2638 1508 2675 ΙΙ
1538 2652 1574 2688 p.
1597 2638 1693 2681 406.

1032 2695 1229 2733 Homerica
1275 2694 1390 2732 lexica
1423 2699 1460 2732 et
1499 2694 1618 2732 Tasel.
1646 2694 1696 2731 ad

1035 2751 1182 2789 Pindar.
1206 2750 1353 2801 Olymp.
1376 2751 1431 2798 ΙΙ,
1455 2752 1535 2792 156
1557 2763 1594 2800 p.
1612 2749 1694 2792 124

1034 2807 1220 2846 Dilucidd.
1233 2828 1289 2836 -
1297 2807 1356 2844 Ad
1368 2811 1584 2844 structuram
1593 2805 1695 2844 verbi

1033 2859 1123 2902 ’ὕειν
1146 2877 1226 2900 cum
1255 2864 1378 2900 dativo
1407 2867 1520 2912 atque
1545 2874 1695 2900 accusa-

1034 2920 1108 2958 tivo
1130 2921 1267 2959 faciunt
1306 2931 1402 2970 quae
1428 2918 1594 2958 Siebelis.
1621 2917 1694 2956 col-

1739 1994 1751 2010 :a

1751 2605 1755 2668 “⁴’‘
1753 2323 1767 2597 Ἄ,
1760 2249 1764 2322 -....
