1814 3315
628 241 849 281 cL10‚
906 241 934 278 I.

1335 245 1418 284 179

151 358 227 402 καὶ
255 353 546 413 δεησομένους
576 352 840 408 συμμαχίης,
871 347 1168 406 ἐντειλάμενός
1196 366 1241 394 τε
1269 350 1324 394 τοὶ
1353 351 1418 395 λε’·

122 444 246 494 Ξγειν
277 438 399 492 χρῆν.
459 433 504 475 οἱ
541 432 610 480 δὲ,
660 428 864 481 ἐλθόντες
899 429 1066 485 ἔλεγον·

1126 427 1345 486 ,,”Επεμψε
1370 429 1419 488 ἦ·

150 516 286 571 ,,μὲας
314 515 508 567 Κροῖσος
539 508 561 554 ὁ
593 511 757 553 Λυδῶν
792 526 838 553 τε
867 510 941 553 καὶ
971 509 1115 553 ἄλλων
1144 510 1309 554 ἐθνέων
1338 513 1418 567 βα-

150 627 175 646 ,,
186 592 326 642 σιλεύς
339 623 350 644 ,
381 591 520 646 λέγων
547 589 670 632 τάδε·

703 584 757 632 Ὦ
784 589 1146 644 Λακεδαιμόνιοι,
1177 588 1419 646 χρήσαντος

147 674 262 725 ,,τοῦ
289 674 401 714 θεοῦ
429 669 511 713 τόυ
531 668 722 726 Ἐλληνα
760 671 894 724 φίλον
932 669 1236 724 προσθέσθαι,
1287 668 1428 725 ὑμέας

149 784 175 804 ,,
164 749 267 807 ,γὰρ
296 748 584 805 πυνθάνομαι
613 747 877 824 προεστάναι
908 752 985 805 τῆς
1014 746 1241 801 Ἑλλάδος,
1278 748 1416 805 ὑμέας
1429 756 1475 792 25

147 863 173 884 ,,
185 846 250 874 ων
278 846 389 874 κατα
420 827 470 873 τό
511 820 775 886 χρηστήριον
815 829 1165 884 προσκαλέομαι,
1218 829 1346 884 φίλος
1373 844 1419 872 τε

147 908 318 963 »θέλων
348 909 553 965 γενέσθαι
582 909 656 952 καὶ
687 908 911 965 σύμμαχος
947 907 1053 952 ἄνευ
1093 924 1139 952 τε
1176 908 1312 953 δόλου
1342 910 1418 953 καὶ

119 996 173 1042 3,,
186 987 395 1045 οἷπάτης.“

435 992 627 1043 Κροῖσος
660 988 739 1044 μὲν
770 988 822 1045 δὴ
848 991 985 1032 ταῦτα
1016 986 1068 1032 δι’
1099 985 1291 1044 ἀγγέλων
1319 988 1419 1032 ἐπε-

147 1067 425 1126 κηρυκεύετο.
485 1067 833 1125 Λακεδαιμόνιοι
863 1068 934 1120 δὲ,
974 1066 1210 1124 ἀκηκοότες
1238 1069 1312 1112 καὶ
1342 1066 1419 1112 αὕ-

149 1149 218 1192 τοὶ
252 1147 303 1192 τὸ
347 1147 621 1203 θεοπρόπιον
658 1147 708 1191 τὸ
744 1148 923 1202 Κροίσῳ
963 1147 1226 1204 γενόμενον,

1282 1146 1418 1204 ἥσθη·
1428 1154 1476 1189 30

148 1228 232 1272 σάν
259 1244 304 1272 τε
321 1231 375 1284 τῇ
398 1225 543 1283 ἀφίξει·
569 1231 658 1270 τῶν
687 1228 869 1280 Λυδῶν,
899 1227 973 1270 καὶ
1002 1225 1262 1283 ἐποιήσαντο
1291 1226 1420 1282 ὅρκια

150 1308 307 1364 ξεινίης
334 1305 433 1362 πέρι
464 1305 535 1349 καὶ
564 1307 825 1363 ξυμμαχίης·
875 1306 949 1350 καὶ
984 1305 1069 1362 γάρ
1109 1322 1223 1358 τινες
1254 1303 1419 1358 αὐτοὺς

150 1385 393 1442 εὐεργεσίαι
423 1382 540 1441 εἶχον
569 1386 616 1429 ἐκ
644 1387 844 1442 Κροίσου
863 1384 1079 1441 πρότερον
1100 1385 1161 1429 ἔτι
1181 1390 1419 1443 γεγονυῖαι.

119 1466 393 1522 4πέμψαντες
429 1465 512 1522 γὰρ
555 1467 597 1509 οἱ
628 1464 970 1522 Λακεδαιμόνιοι
998 1465 1042 1518 ἐς
1075 1463 1273 1521 Σάρδις,
1320 1482 1420 1521 χρυ-

148 1545 231 1590 σόν
259 1542 470 1600 ὠνέοντο,
503 1546 546 1597 ἐς
576 1543 748 1602 ἄγαλμα
767 1544 1031 1602 βουλόμενοι
1049 1545 1297 1602 χρήσασθαι
1319 1543 1477 1589 voi-35

93 1722 143 1759 ad
174 1720 342 1772 Euphori
373 1722 541 1770 fragmm.
582 1734 619 1772 p.
651 1722 747 1762 207.

95 1778 321 1816 e.tEustath
347 1779 396 1815 ad
422 1778 573 1816 Homer.
609 1777 748 1826 Odyss

94 1834 206 1882 XIX,
243 1834 326 1876 247
354 1848 391 1885 p.
424 1836 529 1882 694,
559 1833 614 1875 43
634 1834 748 1872 Basil.

150 1886 372 1943 χρήσαντος
406 1893 479 1930 τοῦ
527 1892 633 1929 θεου
676 1887 749 1930 τὸν

81 1943 258 1999 ’Ἐλληνα
306 1948 426 1998 φίλον
474 1944 746 2000 προσθέσθαι]

816 1721 960 1758 usitata.
990 1720 1088 1759 Nam
1116 1715 1478 1773 ἐπικηρυκεύεσθαι

818 1778 1046 1826 Thucydidis
1081 1778 1275 1815 scholiasta
1309 1779 1358 1815 ad
1394 1778 1478 1826 Vss,

817 1836 872 1876 48
899 1835 1066 1885 exponit.
1098 1832 1164 1874 δια
1196 1830 1384 1887 κηρύκων
1407 1850 1480 1886 μη-

816 1887 944 1938 νύειν,
964 1892 1025 1928 ubi
1049 1892 1201 1929 aliorum
1224 1893 1480 1940 grammatico-

819 1961 898 1986 rum
928 1948 1029 1985 locos
1065 1948 1186 1985 attulit
1216 1948 1357 1986 Duker.
1397 1948 1478 1985 coll.

93 2004 252 2054 Insignis
278 2005 419 2042 numeri
441 2004 634 2054 singularis
664 1998 933 2076 ususw‘vlll,
966 2004 1031 2046 44
1063 2007 1127 2046 80.
1158 2004 1300 2042 Dicitur
1328 2005 1481 2056 potissi-

92 2061 174 2099 loco
199 2061 347 2112 pluralis
377 2058 491 2110 (τούς
509 2058 752 2112 Έλληνας),-

95 2118 195 2167 quod
220 2122 342 2156 tamen
368 2119 523 2156 subinde
544 2118 623 2156 fieri
648 2121 755 2156 notat

94 2174 225 2212 Matth.
246 2173 283 2226 ἓ.
306 2176 388 2217 293
406 2189 443 2226 p.
466 2176 560 2217 587.

151 2226 201 2270 δι’
223 2226 397 2284 ἀγγέλων
419 2226 749 2284 ἐπεκηρυκεύετο]

94 2286 336 2327 Locutionem
402 2292 551 2327 tuentur
613 2289 753 2338 aliquot

96 2345 263 2396 exempla
284 2345 475 2384 aWessel
498 2345 621 2383 allata.
652 2345 753 2383 Nam

96 2400 232 2450 aliquot
277 2401 358 2439 libri
403 2403 621 2440 coniunctim
665 2402 755 2439 scri-

82 2461 199 2507 ·ptum
225 2459 420 2509 praebent:
452 2457 754 2513 dtoeyys'sstov

97 2511 168 2550 Est
197 2519 322 2552 autem
350 2511 435 2554 δια
468 2516 503 2553 h.
522 2516 545 2553 l.
575 2528 652 2566 per,
682 2528 756 2565 ope,

99 2567 231 2619 durch,
268 2572 498 2621 vermz‘ttelst‚
536 2575 600 2609 mit
621 2572 754 2623 HMfe,

101 2599 271 2665 monetite
317 2627 449 2666 Matth.
480 2602 536 2697 ’,ᾗ
578 2629 682 2676 580,
731 2629 756 2666 d

101 2692 140 2729 P·
171 2682 292 2724 1150
339 2685 402 2722 Sic
425 2680 490 2725 δι’
519 2679 756 2738 οἷγγέλων

102 2733 143 2783 I,
177 2739 245 2779 99.
290 2742 381 2781 141.
418 2742 508 2790 VII,
550 2743 645 2783 203.
682 2741 760 2779 Sed

103 2791 278 2830 videtur·
270 2807 308 2832 m
337 2771 552 2836 Herodot’ea
572 2798 758 2835 locutione

104 2847 228 2886 inesse
289 2853 469 2900 quaedam
524 2855 763 2902 abundantia,

106 2902 246 2943 Nostro
267 2907 434 2959 scriptori
453 2914 577 2949 tamen
600 2923 677 2949 non
706 2911 764 2948 in-

820 2075 919 2100 mum
953 2062 1000 2099 de
1038 2062 1187 2110 regibus
1225 2066 1288 2098 aut
1328 2062 1482 2099 civitati-

820 2120 889 2157 bus
907 2118 1051 2168 legatos
1071 2118 1296 2156 induciarum
1317 2123 1380 2156 aut
1401 2120 1482 2156 foe-

822 2176 951 2214 derum
980 2187 1091 2213 causa
1130 2175 1278 2226 publice
1306 2175 1483 2213 mittenti-

821 2233 902 2270 bus.

876 2285 946 2328 καὶ
994 2303 1070 2340 γαρ
1132 2301 1237 2336 τινες
1295 2283 1483 2336 αὐτους

822 2340 1040 2397 εὐεργεσίαι
1054 2340 1174 2395 εἶχον]
1207 2347 1351 2396 Steger.
1370 2346 1485 2383 Prae-

821 2404 887 2441 fat.
915 2403 963 2439 ad
990 2402 1132 2440 Herod.
1163 2416 1200 2470 p.
1226 2403 1262 2440 X
1286 2403 1484 2452 legendum

822 2462 930 2510 putat
967 2457 1015 2505 ἐς
1051 2453 1221 2508 αὐτους,
1267 2473 1346 2497 cum
1382 2458 1485 2510 ἔχειν

823 2516 1051 2553 intransitivo
1081 2528 1194 2552 sensu
1226 2516 1274 2553 sit
1304 2516 1486 2567 accipien-

824 2573 912 2610 dum
944 2572 1121 2621 (exstare)
1154 2576 1194 2609 ut
1216 2572 1254 2620 Ι,
1278 2574 1369 2613 180.
1393 2574 1486 2613 181·

823 2628 889 2676 ΙΙΙ,
913 2630 968 2669 48
987 2632 1055 2668 cet.
1080 2627 1162 2667 Nec
1176 2633 1301 2667 tamen
1322 2629 1410 2667 mihi
1427 2628 1488 2666 ille

824 2685 1019 2737 persuasit.

882 2739 1030 2793 χρυσόν
1064 2734 1261 2792 ω’νέοντο]
1312 2737 1487 2782 ω’νὲοντο

827 2810 934 2835 emere
962 2798 1142 2846 volebant,
1170 2800 1209 2835 in
1241 2801 1357 2836 animo
1384 2799 1488 2835 habe-

830 2855 939 2900 bant,·
970 2856 1017 2893 de
1032 2867 1105 2904 quo
1120 2855 1321 2905 imperfecti
1342 2868 1412 2892 usu
1432 2855 1489 2890 di-

830 2911 949 2950 ximus
978 2912 1027 2949 ad
1053 2910 1093 2959 1,
1125 2912 1278 2990 683⁸—-
1319 2911 1362 2948 In
1382 2923 1488 2960 seqq.
