1805 3315
675 243 893 284 cL10.
951 244 979 282 1.
1416 252 1472 289 65

188 358 273 402 ἔστι
296 355 341 400 δὲ
358 351 515 410 μεταξύ
541 355 618 410 τῆς
644 367 689 396 τε
705 356 890 410 παλαιῆς
906 351 1080 405 πόλιος,
1107 352 1136 410 ἢ
1155 353 1250 399 τότε
1279 354 1475 412 ἐπολιορ·

163 437 325 484 liugero,
362 432 436 476 καὶ
473 435 555 475 τοῦ
594 436 729 489 νηοῦ,
775 430 882 475 ἑπτὰ
921 430 1103 475 στάδιοι.
1155 433 1364 489 πρώτοισι
1391 435 1517 489 μὲνδο

188 513 239 569 δή
266 510 460 554 τούτοισι
491 512 732 567 ἐπεχείρησε
763 510 787 554 ὁ
809 514 1021 566 Κροῖσος·
1053 512 1158 567 μετὰ
1189 513 1247 564 δὲ,
1280 513 1326 556 ἐν
1353 513 1469 568 μέρει

183 589 401 634 ἑκάστοισι
427 589 584 634 Ἰώνων
619 608 662 634 τε
690 591 762 634 καὶ
790 590 1004 640 Αἰολέων,
1042 590 1210 635 ἄλλοισι
1241 589 1374 641 ἄλλοις
1404 593 1469 636 αἰ-

133 775 217 812 dem
255 775 335 812 fere
361 779 522 814 veterum
563 775 790 826 superstitio-

132 843 216 868 nem
244 833 422 880 pertinet,
469 834 616 882 quando
639 834 791 870 deorum

130 885 321 924 simulacra
336 890 571 939 compedibus
581 890 700 926 vincta
710 902 792 926 esse

130 942 305 992 legimus,
335 945 493 995 periculo
513 946 651 983 scilicet
672 946 790 982 immi-

130 1004 242 1036 nente
290 1006 352 1038 aut
392 1002 518 1052 inopia
559 1003 792 1040 vehementer

130 1062 331 1106 premente.
389 1058 480 1095 Illud
499 1060 594 1096 enim
611 1059 665 1095 his
685 1062 721 1096 et
739 1058 790 1094 si·

130 1112 275 1149 milibus
301 1117 443 1152 veteres
468 1116 704 1165 spectabant,
748 1118 790 1150 ut

130 1169 217 1205 urbs
244 1169 325 1220 ipsa
349 1171 498 1220 eiusque
535 1171 673 1208 incolae
711 1182 790 1206 ma-

129 1225 198 1261 iori
229 1229 354 1263 essent
381 1240 488 1264 curae
526 1228 596 1263 diis
624 1225 790 1263 tutelari-

131 1281 218 1329 bus,
248 1283 310 1331 qui
328 1282 452 1330 vincti,
482 1296 530 1320 ne
548 1283 683 1320 scilicet
703 1295 787 1319 eva-

130 1337 219 1375 dere
242 1343 396 1388 possent
428 1339 543 1377 aliove
569 1354 609 1378 se
638 1352 787 1376 conver·

128 1397 226 1441 tere,
262 1394 387 1432 incolis
422 1396 561 1446 pressis
592 1409 636 1434 eo
668 1396 786 1444 magis

127 1463 236 1488 omne
305 1456 536 1502 praestarent
607 1452 786 1499 auxilium,

127 1519 239 1555 quum
263 1506 427 1558 ipsorum
465 1509 561 1545 salus
583 1523 663 1546 cum
687 1509 786 1545 inco·

126 1562 240 1599 larum
265 1564 381 1601 salute
407 1566 511 1614 quasi
535 1567 664 1602 arctius
689 1567 788 1602 esset

126 1619 326 1657 coniuncta.
357 1621 464 1659 Conf.
494 1623 541 1659 de
566 1622 622 1658 his
654 1622 785 1658 Creuz.

127 1675 289 1724 Symbol.
310 1677 329 1713 I
350 1690 386 1727 p.
410 1680 489 1719 178
511 1691 565 1727 sq.
584 1679 646 1714 Sic
661 1677 787 1727 Ephe-

127 1733 191 1780 sii,
229 1746 310 1769 etun
335 1733 479 1771 Dianae
505 1734 682 1784 templum
701 1746 787 1770 san-

126 1789 325 1826 ctissimum
364 1790 524 1840 indeque
568 1791 786 1827 tutissimum

127 1845 173 1882 ab
207 1846 303 1882 omni
349 1845 534 1884 hominum
584 1847 785 1897 irruptione

126 1904 313 1951 putarent,
352 1902 440 1939 illud
474 1904 560 1940 fune
601 1903 681 1939 urbi
708 1902 786 1938 alli-

125 1962 270 2006 garunt,
299 1959 436 2009 quippe
453 1959 552 1996 cuius
570 1959 685 2009 ipsius
703 1972 783 1996 sors

126 2026 221 2051 nunc
244 2028 324 2052 cum
347 2015 485 2066 templo
515 2017 705 2052 coniuncta
729 2017 786 2053 in-

127 2070 246 2120 deque
271 2084 453 2122 suspensa
474 2076 582 2109 esset.
622 2072 707 2116 Quo
735 2073 786 2108 si-

126 2127 201 2164 mul
233 2127 319 2164 facit
356 2140 400 2166 ea
444 2129 676 2178 superstitio,
714 2129 787 2178 qua

124 2182 228 2221 Deos
255 2184 344 2222 urbe
365 2188 473 2234 capta
500 2186 675 2223 excedere
700 2198 786 2235 per-

124 2239 307 2277 hibebant.
364 2241 463 2278 Hinc
498 2243 597 2291 apud
619 2241 786 2290 Aeschyl.

125 2296 164 2332 S.
183 2309 212 2333 c.
231 2296 350 2334 Theb.
372 2299 454 2338 203
475 2297 651 2346 (al.2l9)
672 2297 785 2335 Eteo-

112 2351 218 2390 -elesz
249 2347 338 2392 ἄλλ’
359 2347 434 2392 οὖν
455 2350 579 2400 θεούς
598 2350 693 2401 τούς
715 2356 786 2405 τῆς

126 2404 302 2460 ἁλούσης
328 2404 474 2457 πόλεος
501 2410 695 2450 ἐκλείπειν
725 2408 785 2450 λό-

125 2479 212 2517 yos-3
249 2467 311 2503 ubi
346 2466 453 2517 plura
496 2466 703 2505 Blomfield.
749 2468 787 2505 in

126 2521 291 2559 Glossar.

183 2609 261 2650 ἔστι
285 2609 329 2651 δὲ
363 2609 509 2664 μεταξυ1
533 2615 606 2665 τῆς
641 2627 681 2652 τε
713 2627 786 2653 πα-

128 2667 242 2717 λαιῆς
263 2665 471 2716 πόλιος-
488 2668 556 2708 καὶ
576 2671 650 2709 τοῦ
669 2671 787 2721 νηοῦ,

129 2719 223 2761 ἑπτὰ
249 2721 424 2771 στάδιοι]
464 2726 573 2765 Varie
600 2731 787 2764 tentarunt

128 2777 195 2813 viri
222 2779 318 2817 docti
344 2783 457 2820 verba
491 2779 589 2822 ἑπτά
615 2778 782 2831 στάδιοι,

127 2845 223 2882 quae
253 2837 371 2874 minus
404 2840 597 2878 convenire
637 2844 784 2877 antece-

129 2889 297 2926 dentibus
315 2893 577 2933 existimabant.
608 2896 684 2933 Sed
702 2896 781 2932 libri

184 2943 389 2987 Hauonow.
426 2950 455 2989 1.

858 773 945 812 nihil
968 779 1124 823 mutant,
1164 788 1232 814 nec
1268 777 1362 815 adeo
1407 777 1514 826 quid-

856 844 965 880 quam
1020 833 1243 871 mutandum.
1311 833 1514 882 Schweigh.

856 888 1077 937 subintelligi
1095 903 1208 939 posse
1223 896 1348 927 monet
1363 887 1406 928 τὸ
1428 886 1513 928 διά-

858 957 1006 995 στημα,
1053 946 1154 994 quod
1182 947 1296 983 menti
1328 947 1513 996 scriptoris

856 1002 980 1038 obserx
989 1006 1087 1038 atum
1110 1003 1228 1039 fuerit.
1258 1004 1366 1039 Conf.
1382 1002 1512 1040 Matth.

859 1056 895 1107 ἓ.
914 1058 1016 1104 303,
1051 1061 1073 1098 1
1100 1071 1138 1108 p.
1157 1058 1260 1105 604,
1291 1059 1353 1109 qui
1366 1072 1513 1109 compa-

855 1126 941 1150 rans
980 1113 1127 1162 quidem
1164 1116 1310 1152 schema
1346 1115 1513 1152 Pindari—

855 1182 955 1216 cum,
985 1170 1082 1206 idem
1099 1174 1220 1207 tamen
1241 1172 1288 1208 de
1307 1172 1514 1208 istiusmodi

854 1226 1043 1262 structuris
1071 1226 1164 1264 bene
1192 1231 1333 1275 monet,
1354 1228 1415 1264 ubi
1434 1241 1513 1264 ma-

853 1281 909 1318 ior
951 1283 1153 1320 sententiae
1203 1283 1295 1320 ratio
1348 1283 1514 1331 habetur,

853 1350 963 1388 quam
980 1339 1144 1388 ipsorum
1162 1340 1365 1377 verborum.

912 1413 1007 1455 ἑπτά
1036 1412 1213 1463 στάδιοι]
1243 1416 1418 1468 Apprime
1433 1431 1514 1456 eum

852 1473 1045 1511 Herodoto
1079 1475 1248 1511 convenit
1276 1474 1514 1525 Xenophonti

852 1529 991 1580 EpheS.
1009 1530 1046 1578 I,
1077 1535 1124 1579 2,
1161 1530 1305 1568 Dianae
1328 1531 1514 1581 Ephesiae

852 1587 1026 1636 templum
1052 1587 1098 1623 ab
1132 1588 1222 1624 urbe
1257 1588 1391 1625 distare
1424 1588 1514 1624 scri‹

853 1643 954 1680 beuti
971 1647 1114 1693 septem
1133 1644 1262 1680 stadia.
1303 1644 1415 1688 Quod
1439 1656 1514 1681 non

854 1700 972 1736 minus
995 1701 1043 1736 ad
1068 1704 1170 1737 vetus
1195 1701 1340 1747 fanum,
1369 1701 1415 1737 ab
1434 1700 1514 1737 He-

852 1760 1009 1792 rostrato
1023 1759 1111 1805 post
1135 1757 1322 1793 incensum
1339 1769 1448 1805 quam
1465 1757 1514 1792 ad

852 1812 1032 1849 recentius
1058 1813 1260 1862 pertinere,
1290 1813 1420 1850 eodem
1435 1814 1516 1849 fere

851 1868 931 1905 loco
961 1872 1200 1915 exstructum,
1229 1882 1407 1918 perquam
1436 1869 1513 1905 veri

853 1929 911 1962 est
935 1923 1064 1962 simile.
1102 1925 1162 1962 De
1190 1926 1271 1975 ipso
1303 1926 1390 1962 fano
1418 1926 1515 1962 eius-

853 1994 926 2031 que
975 1981 1048 2018 situ
1099 1981 1204 2031 plura
1256 1981 1378 2018 Strab.
1427 1979 1514 2018 XlV

853 2051 890 2089 p.
916 2036 999 2078 640
1026 2050 1055 2073 s.
1080 2051 1117 2087 p.
1134 2036 1216 2080 949
1243 2049 1319 2086 sq.;
1349 2037 1419 2074 alia
1437 2036 1515 2074 Lo-

857 2093 946 2131 cella
978 2094 1144 2130 excitavit
1185 2093 1239 2131 ad
1258 2093 1515 2145 Xenophontis

854 2149 878 2187 l.
892 2149 915 2186 1.
941 2163 978 2200 p.
995 2151 1086 2191 133.
1115 2149 1169 2187 Ac
1195 2150 1354 2199 denique
1374 2151 1421 2187 de
1439 2149 1516 2187 bel-

855 2206 909 2254 lo,
950 2207 1051 2243 cuius
1082 2206 1151 2243 hoc
1185 2205 1265 2243 loco
1292 2207 1333 2243 fit
1365 2207 1516 2253 mentio,

855 2263 1008 2312 eiusque
1023 2263 1159 2300 vicibus
1182 2266 1293 2312 atque
1309 2266 1440 2300 eventu
1458 2276 1516 2299 re-

854 2319 1014 2357 tulerunt
1047 2318 1188 2356 Aelian.
1216 2319 1260 2355 V.
1277 2319 1327 2355 H.
1346 2318 1396 2356 III
1406 2348 1417 2366 ‚
1449 2321 1515 2360 26.

854 2375 1028 2425 Polyaen.
1048 2376 1209 2423 Strateg.
1227 2374 1272 2422 V,
1291 2375 1356 2416 50.

911 2439 1063 2482 ἄλλοισι
1087 2439 1206 2488 ἄλλας
1230 2441 1358 2488 αἰτίας
1381 2439 1517 2491 ἐπιφέ-

856 2502 961 2552 ρων]
1007 2499 1030 2536 i.
1067 2513 1098 2537 e.
1144 2499 1229 2536 aliis
1268 2498 1346 2536 alia
1378 2500 1520 2535 crimini

854 2556 944 2594 dans
982 2569 1011 2592 s.
1042 2556 1265 2605 exprobrans.
1317 2555 1427 2591 Conf.
1460 2555 1517 2590 in-

854 2615 911 2651 fra
935 2612 975 2659 I,
1005 2614 1069 2653 68.
1099 2612 1208 2649 Plura
1231 2611 1280 2648 H.
1305 2611 1517 2660 Stephanus

855 2670 893 2706 in
911 2668 1025 2705 Thes.
1052 2668 1104 2705 IV
1121 2683 1158 2720 p.
1183 2669 1284 2714 105,
1314 2680 1422 2716 quem
1437 2665 1518 2703 lau-

855 2727 919 2763 dat
944 2725 1008 2763 Cr.
1042 2745 1099 2753 --
1133 2723 1174 2763 ἐν
1208 2722 1318 2775 μέρει
1335 2736 1399 2772 per
1423 2725 1516 2759 vices

851 2781 1015 2833 pluribus
1033 2781 1206 2831 exemplis
1225 2780 1380 2816 illustrat
1397 2779 1440 2815 C.
1453 2779 1517 2815 Fr.

850 2838 1054 2876 Hermann.
1072 2838 1120 2874 ad
1145 2836 1297 2875 Lucian.
1320 2834 1516 2879 Quomodo

850 2895 966 2932 histor
985 2907 1123 2932 consor.
1153 2907 1189 2944 p.
1212 2895 1237 2932 7
1261 2904 1316 2939 sq.

1206 2948 1233 2986 5
