1759 3324
370 264 456 304 816

759 263 1232 303 HERODOTI

371 369 577 431 Αἰγύπτῳ
614 372 847 429 ἄρχοντας,
909 371 1131 423 οἰκέοντας
1169 371 1258 428 ἅμα
1302 375 1416 414 τοῖσι
1453 370 1633 427 ἀνθρώ-

369 452 509 495 ποισι·
555 452 628 495 καὶ
668 451 834 495 τούτων
873 451 955 494 αἰεὶ
994 451 1070 494 ἕνα
1107 449 1185 494 τὸν
1222 452 1461 505 κρατέοντα
1492 448 1630 493 εἶναι·

341 530 562 574 3ῧστατον
599 531 644 574 δὲ
685 529 819 585 αὐτῆς
866 532 1122 585 βασιλεῦσαι
1153 525 1294 584 Ὦρον
1333 530 1411 573 τὸν
1446 528 1690 584 Ὀσίριοςὸὅ

369 611 529 662 παῖδα,
553 608 631 652 τὸν
649 606 898 653 Ἀπόλλωνα
914 610 1118 667 ’Έλληνες
1142 607 1428 667 ὀνομάζουσι·
1458 613 1633 663 τοῦτον,

314 831 397 867 dem
419 828 509 866 haec
534 829 580 865 ad
600 842 679 867 eam
698 828 963 880 Aegyptiorum

314 887 514 923 doctrinam
535 885 582 922 de
601 887 645 922 iis
665 887 784 923 refero
797 914 806 931 ‚
830 886 876 922 de
895 897 967 933 qua

314 943 486 979 Creuzer.
507 943 671 991 exposuit
691 943 739 979 ad
761 942 903 979 Herod.
920 941 967 987 ΙΙ,

316 998 407 1038 145.
466 996 526 1034 Ad
551 998 723 1035 historiae
751 998 861 1035 fidem
890 1010 968 1035 cer-

312 1058 461 1103 tamque
492 1058 650 1091 aetatum
683 1055 811 1092 seriem
833 1055 968 1091 consti-

313 1111 485 1148 tuendam
508 1111 565 1147 vix
581 1111 781 1160 quidquam
797 1110 887 1148 haec
904 1123 968 1147 va-

311 1167 387 1204 lere
407 1180 515 1217 posse
538 1168 654 1216 quivis
676 1167 852 1215 intelligit.

359 1222 573 1271 ,οἰκέοντας
586 1221 667 1274 ἅμα
685 1227 788 1262 τοῖσι
807 1218 966 1273 α’νθρώ-

312 1279 437 1329 ποισι]
470 1280 684 1330 „Reposuit
704 1278 906 1326 οἰκέοντας
923 1291 967 1317 ex

313 1337 496 1375 codicibus
518 1337 657 1386 aliquot
686 1342 772 1387 post
793 1337 966 1373 Schaefe-

312 1407 392 1430 rum
412 1393 776 1443 Schweighaeuserus
795 1392 846 1444 [et
858 1393 966 1429 Gais-

312 1450 406 1487 ford.
427 1462 536 1498 quem
554 1451 667 1488 secuti
688 1448 839 1500 sumus}
878 1449 966 1497 Ego

312 1507 399 1543 mihi
417 1507 485 1542 hoc
506 1506 583 1543 loco
612 1506 721 1544 laudo
751 1506 967 1544 modestiam

311 1563 567 1611 Wesselingii,
604 1564 688 1612 qui,
718 1577 799 1601 cum
825 1567 862 1600 et
886 1562 967 1613 ipse

312 1620 451 1657 faveret
470 1620 502 1655 ei
520 1619 687 1666 lectioni,
716 1620 754 1656 in
782 1624 882 1657 textu
909 1624 967 1655 ta-

312 1689 396 1714 men
411 1676 600 1726 pristinam
616 1676 776 1714 exhibuit
797 1671 872 1715 ov'n
882 1671 966 1714 ἐόν-

312 1747 400 1780 τας,
432 1745 542 1781 quam
561 1732 816 1781 Athenagoras
840 1733 876 1769 in
901 1745 965 1768 suo

312 1790 393 1827 cod.
423 1789 490 1836 (de
505 1789 613 1838 legat.
635 1802 691 1839 cp.
712 1789 785 1837 24)
811 1789 965 1837 legerat,

312 1850 349 1884 et
369 1845 470 1883 Med.
491 1845 708 1883 Schellersh.
733 1846 804 1893 (F)
834 1845 966 1894 aliique

311 1905 476 1940 tuentur.
532 1901 614 1940 Nec
632 1902 890 1940 Valckenarius
912 1902 968 1938 di·

312 1963 408 1996 serte
433 1959 613 2008 potiorem
641 1959 775 1996 iudicat
803 1959 964 1996 alteram.

313 2014 532 2065 Simpliciter
592 2015 731 2065 accepit
778 2014 967 2052 Iablonski

312 2071 479 2122 prolegg.
501 2071 632 2108 Panth.
651 2085 687 2122 p.
705 2073 772 2112 39.
796 2071 849 2112 41
868 2085 876 2108 :
904 2071 966 2119 qui

313 2140 391 2163 cum
412 2127 614 2164 hominibus
627 2141 692 2164 non
708 2141 780 2164 una
799 2129 964 2164 vixerint.

315 2182 421 2226 Quae
442 2184 623 2220 sententia
644 2197 753 2232 quam
771 2183 968 2220 difficulta-

312 2242 385 2275 tem
403 2239 534 2288 pariat,
555 2240 847 2276 commonstravit
858 2239 966 2276 Wes-

314 2294 484 2343 selingius
503 2295 551 2330 ad
573 2300 737 2332 nostrum
754 2296 883 2342 locum,
916 2300 965 2340 et,

313 2354 353 2387 ut
373 2350 443 2387 hoc
464 2350 541 2400 ipse
569 2352 679 2388 etiam
707 2352 840 2387 addam
857 2379 867 2397 ‚
897 2364 964 2388 ne-

313 2419 373 2444 mo
403 2407 549 2452 nescit,
580 2406 728 2444 Thebas
746 2436 757 2453 ‚
789 2406 962 2454 Abydum

313 2463 476 2511 aliasque
487 2461 689 2512 Aegyptias
711 2463 817 2500 urbes
836 2463 962 2499 condi-

313 2523 370 2556 tas
390 2519 476 2555 ferri
501 2531 522 2555 a
553 2519 631 2555 diis.
690 2519 766 2556 Sed
793 2518 901 2567 quid,
932 2518 961 2554 si

315 2571 418 2614 εἶναι
437 2571 518 2625 ἅμα
536 2578 638 2613 τοῖσι
655 2570 905 2624 ἀνθρώποισι
924 2574 959 2610 h.

314 2631 337 2668 l.
357 2643 436 2668 eam
456 2635 675 2680 potestatem
693 2631 838 2678 habeat,
853 2642 962 2680 quam

314 2687 398 2725 alibi
429 2688 616 2737 συμμῖξαι
634 2717 644 2736 ,
673 2685 840 2737 ὁμιλεῖν,
873 2686 962 2725 δια-

313 2742 526 2796 λέγεσθαιὲ
555 2744 662 2786 Quae
691 2745 801 2781 verba
831 2744 878 2780 de
904 2756 962 2780 re-

313 2800 381 2837 bus
419 2800 582 2837 venereis
627 2800 792 2850 usurpari
841 2799 965 2836 docuit

313 2855 572 2894 Valckenarius
596 2857 643 2893 ad
664 2855 788 2893 Nostri
818 2855 872 2901 ΙΙ,
896 2855 960 2895 64.

317 2911 398 2950 Hoc
436 2912 465 2949 si
491 2912 659 2950 admittas
676 2940 686 2959 ,
726 2913 795 2950 hoc
821 2913 962 2963 ipsum:

1037 824 1111 867 οὐκ
1142 824 1276 874 ἐόντας
1303 824 1386 879 α’μα
1411 844 1444 868 κ.
1467 844 1497 868 τ
1528 831 1560 868 λ.
1593 830 1688 867 idem
1716 821 1723 826 ’

1033 886 1130 921 foret
1163 890 1274 933 atque
1300 887 1463 934 superius
1496 888 1597 924 fere:
1638 901 1686 924 ov

1037 935 1244 990 δεκόμενοι
1288 936 1383 992 παο’
1414 937 1539 980 αὐτοῦ
1558 971 1569 989 ,
1609 958 1689 981 ano

1036 999 1141 1035 θεοῦ
1165 1014 1204 1049 yc
1191 994 1353 1035 ενέσθαι
1372 994 1604 1045 ἄνθρωπον.
1633 1019 1689 1025 -·

1034 1053 1295 1091 Verumtamen
1323 1054 1392 1103 ipsi
1413 1054 1606 1091 Herodoto
1631 1067 1690 1092 re-

1034 1111 1200 1158 fragatur
1233 1111 1505 1158 quodammodo
1546 1110 1690 1147 Plutar-

1035 1167 1121 1204 chus
1158 1167 1197 1202 in
1241 1180 1384 1215 sympp.
1415 1166 1497 1203 Vlll
1524 1179 1687 1217 prooem.

1039 1236 1126 1273 pag·
1145 1225 1227 1263 718
1246 1236 1273 1258 S·
1294 1224 1375 1263 960
1404 1222 1690 1271 Wyttenbachf‘

1035 1279 1206 1316 Creuzer.
1226 1292 1352 1316 comm.
1363 1279 1531 1316 Herodd.
1542 1293 1579 1329 p.
1595 1281 1688 1321 203.

1035 1336 1128 1376 204.
1187 1335 1453 1384 Vl‘esselingius
1476 1337 1511 1372 in
1531 1341 1620 1373 nota
1639 1337 1690 1373 ad

1034 1391 1068 1428 h.
1093 1391 1114 1427 l.
1135 1393 1181 1429 ad
1204 1391 1409 1429 Diodorum
1435 1405 1582 1441 quoque
1605 1406 1690 1442 pro-

1034 1453 1142 1485 vocat
1167 1448 1205 1495 l,
1230 1452 1282 1490 12
1306 1447 1357 1499 [et
1380 1448 1408 1495 Ι,
1432 1447 1501 1498 44]
1530 1450 1689 1498 itemque

1034 1505 1083 1541 ad
1100 1504 1328 1541 Plutarchum
1361 1505 1407 1541 de
1426 1504 1511 1541 Isid.
1534 1510 1570 1543 et
1591 1506 1687 1542 Osir.

1035 1575 1090 1611 cp.
1110 1562 1184 1606 183
1213 1562 1342 1610 quibus
1360 1561 1448 1598 locis
1467 1573 1510 1598 ea
1524 1562 1688 1599 firmetur

1034 1618 1133 1667 apud
1167 1618 1398 1654 Herodotum
1434 1617 1541 1655 lectio
1561 1647 1572 1665 ‚
1615 1631 1689 1667 qua

1034 1674 1113 1710 cleos
1151 1686 1227 1710 cum
1274 1674 1467 1710 homzmbus
1514 1675 1689 1712 habztasse

1033 1728 1257 1778 (οἰκέοντας
1285 1726 1367 1781 α’μα
1395 1734 1496 1770 τοῖσι
1524 1727 1686 1783 ἅνθρω-

1033 1788 1162 1853 ampl)
1189 1800 1411 1825 censeamus.

1091 1839 1262 1882 ὕστατον
1289 1866 1334 1871 -
1351 1837 1474 1894 Ὦοον
1495 1840 1564 1883 τόν
1585 1839 1685 1883 Ὀσί-

1036 1915 1120 1952 ριος
1140 1901 1278 1946 παῖδα]
1319 1899 1460 1937 Eadem
1491 1901 1568 1938 fere
1593 1901 1687 1938 Dio-

1035 1959 1113 1994 dor.
1137 1957 1175 2004 I,
1203 1957 1258 1997 44
1287 1957 1364 1993 init.
1394 1956 1471 1993 coll.
1503 1957 1543 2005 I,
1564 1960 1616 1999 21
1648 1961 1686 1995 et

1034 2014 1192 2051 Pausan.
1209 2014 1261 2059 Il,
1280 2015 1334 2053 30
1364 2011 1400 2063 ξ.
1420 2016 1457 2053 6.

1089 2066 1154 2109 τὸν
1165 2065 1587 2119 ἈπόλλωναἝλληνες
1601 2064 1686 2108 ὅνο-

1035 2122 1224 2177 μάζουσι]
1267 2126 1374 2162 Conf.
1394 2125 1449 2174 ΙΙ,
1472 2126 1563 2167 156.
1590 2126 1687 2163 Pau-

1035 2196 1112 2219 san.
1136 2183 1158 2219 l.
1178 2182 1274 2219 laud.
1314 2182 1486 2219 Laurent.
1511 2182 1606 2230 Lyd.
1637 2183 1684 2219 de

1034 2252 1167 2276 menss.
1183 2251 1269 2288 pag.
1294 2237 1348 2278 42
1368 2239 1503 2276 Roeth.
1533 2243 1569 2275 et
1588 2251 1683 2286 quae

1033 2295 1102 2331 alia
1120 2296 1226 2331 affert
1243 2294 1423 2330 lablonsk.
1445 2307 1542 2331 voce.
1561 2293 1681 2343 Aegg.

1031 2364 1117 2400 pag.
1137 2350 1218 2391 421
1238 2362 1313 2398 seq.
1357 2349 1440 2392 Quo
1459 2354 1581 2388 autem
1606 2351 1684 2388 iure

1031 2407 1174 2442 Horum
1209 2405 1381 2442 historiae
1416 2412 1522 2456 pater
1553 2407 1684 2444 dixerit

1031 2462 1253 2498 Graecorum
1278 2460 1503 2510 Apollinem,
1544 2463 1683 2512 disqui-

1031 2519 1112 2554 sivit
1127 2518 1258 2554 CreuZ.
1282 2518 1319 2552 in
1339 2518 1463 2566 Syrnb.
1481 2519 1513 2555 II
1539 2533 1574 2568 p.
1591 2519 1680 2560 157.

1029 2574 1127 2611 'Nam
1146 2574 1267 2610 Horus
1287 2575 1538 2624 appellabatur
1557 2575 1620 2611 Sol
1644 2576 1680 2612 in

1030 2630 1184 2667 solstitio
1224 2631 1384 2676 aestivo3
1423 2644 1494 2680 quo
1533 2632 1680 2680 quidem

1027 2691 1193 2735 tempore
1220 2687 1378 2722 omnium
1406 2701 1545 2734 rerum,
1586 2700 1681 2736 quae

1030 2743 1077 2779 ad
1102 2742 1284 2778 hominum
1318 2744 1596 2792 animaliumque
1626 2743 1679 2780 vi-

1029 2803 1106 2835 tam
1133 2798 1361 2835 nutriendam
1389 2799 1677 2837 exhilarandam-

1029 2867 1100 2903 que
1120 2854 1276 2900 faciunt,
1293 2854 1389 2892 haud
1407 2856 1576 2904 ambigua
1593 2868 1677 2905 spes

1029 2910 1240 2948 ostenditur.
1309 2911 1398 2950 Inde
1434 2913 1471 2949 in
1514 2911 1677 2949 doctrina
