1759 3324
35 685 128 731 196

639 253 941 294 cL10.1.

1339 257 1425 297 439

157 368 322 424 ἓκοῖστῳ
360 365 406 410 δὲ
442 362 645 423 σκήπτρῳ
683 363 824 407 ἔπεστι
862 363 1156 419 πεποιημένον
1194 362 1223 420 ἢ
1259 368 1478 421 μῆλον,7ο

169 447 188 462 -u
229 444 269 462 et
407 443 428 458 u
518 444 528 459 t
667 441 688 455 ‘u
752 442 762 457 ³
821 439 830 454 ἱ
923 439 942 454 Ἣ
981 441 999 453 ν
1203 440 1221 454 't
1372 442 1380 456 ι

127 451 186 503 4η
217 448 368 502 ροδον,
398 461 425 499 η
455 458 630 497 κρινον,
658 459 685 498 η
718 458 882 492 αιετος,
911 459 938 498 η
971 447 1075 486 αλλο
1105 458 1160 485 τι.
1191 459 1297 486 ανευ
1326 459 1412 499 γαρ

153 523 365 580 ἐπισήμου
393 520 450 566 οὔ
479 533 558 578 σφι
586 520 725 577 νόμος
755 519 843 564 ἐστὶ
874 520 985 575 ἔχειν
1014 524 1246 578 σκῆπτρον.
1302 521 1413 578 αὕτη

150 604 229 660 μὲν
257 600 314 659 δή
339 612 418 658 σφι
450 599 614 656 ἄρτισις
642 600 739 656 περὶ
768 598 818 642 τὸ
851 603 976 655 σῶμα
1005 600 1107 644 ἐστι’.

262 679 409 737 Νόμοι
438 680 484 724 δὲ
514 678 686 723 αὐτοῖσι
722 673 806 722 ὦδε
844 679 1129 723 κατεστὲαται.
1178 677 1202 722 ὁ
1231 679 1310 735 μὲν
1339 689 1410 722 σο-
1466 686 1579 722 Legem
1598 688 1635 717 de

148 757 348 817 φώτατος
373 758 469 813 ὅδε,
517 759 626 803 κατὰ
653 757 832 815 γνώμην
859 757 946 833 τὴν.
967 756 1202 814 ἡμετέρην,
1243 761 1305 815 τῷ
1333 759 1407 803 καὶ

117 837 365 895 2Ἰλλυριῶν
396 837 596 890 Ἐνετοὺς
623 835 906 894 πυνθάνομαι
933 841 1139 895 χρῆσθαι.
1185 836 1295 883 zato?
1325 835 1558 891 nni-75prezi0
1591 856 1740 895 dotandis,

89 1049 176 1087 satis
212 1051 366 1086 constat.
434 1045 545 1083 Plura
579 1045 739 1084 Heeren.

89 1106 111 1143 l.
132 1105 154 1142 l.
180 1118 265 1156 pag.
278 1107 372 1146 208.
387 1105 467 1144 211
490 1115 592 1151 seqq.
611 1102 692 1149 etl,
716 1105 739 1143 1

87 1175 173 1212 pag.
201 1163 267 1203 98.
326 1160 437 1204 Quod
464 1160 511 1197 de
527 1159 659 1196 baculis
681 1171 740 1195 ar-

87 1223 124 1255 te
141 1218 244 1255 factis
263 1215 400 1254 Noster
421 1217 553 1263 refert,
582 1215 737 1252 illustra-

87 1278 145 1311 tur
174 1273 419 1324 Theophrasti
449 1272 528 1308 loco
567 1272 603 1308 in
637 1271 735 1308 Hist.

86 1330 204 1368 Plant.
223 1329 268 1377 V,
288 1332 325 1371 6.
354 1329 394 1366 In
419 1328 545 1365 Indiae
563 1327 658 1366 enim
679 1328 736 1363 in-

86 1386 186 1434 sula,
215 1386 270 1423 cui
297 1398 430 1423 nomen
461 1384 597 1432 Tylos,
627 1384 735 1420 arbor

84 1442 280 1489 invenitur,
309 1442 407 1480 unde
424 1440 652 1492 pulcherrimi
673 1453 735 1477 ex-

84 1502 250 1537 secentur
278 1498 409 1535 baculi.
444 1497 552 1534 Conf.
571 1497 733 1534 Heeren.

83 1555 106 1593 l.
123 1555 146 1593 l.
168 1568 254 1606 pag.
275 1556 369 1596 246.
405 1553 463 1592 De
481 1552 613 1590 Bamhz·
627 1566 735 1589 arun-

83 1613 169 1650 dine
197 1611 342 1649 minime
369 1610 625 1659 cogitandum,
666 1610 734 1647 ob·-

84 1672 204 1706 stante
243 1666 488 1718 Theophrasti
517 1666 595 1704 loco
626 1665 648 1702 1.
679 1687 734 1693 —

84 1721 237 1774 ἄρτισις
275 1725 324 1760 ad
370 1722 529 1773 corporis
576 1722 735 1772 pertinet

83 1781 214 1819 cultum
239 1780 490 1828 vestiendique
516 1779 704 1816 rationem.

261 1864 293 1902 C
302 1877 324 1902 a
333 1877 370 1915 p.
401 1862 567 1901 CXCVI.

138 1945 163 1988 ὅ
181 1945 253 2000 μὲν
271 1943 500 1998 σοφώτατος
520 1943 605 1995 ὅδε,
636 1943 736 1985 navo?

82 2000 246 2057 γνώμην
261 2002 336 2056 την
356 2003 553 2056 ’ἡμετέρην
573 2019 608 2042 κ.
628 2018 660 2041 τ.
680 2005 729 2048 L]

81 2062 185 2099 Haec
209 2062 334 2111 utique
365 2074 408 2099 ex
442 2061 589 2098 orientis
615 2072 731 2107 more,

82 2119 275 2157 etiamnum
294 2132 361 2169 per
383 2116 508 2154 Asiam
530 2117 729 2163 obtinente,

80 2187 153 2224 quo
181 2175 360 2212 connubia
388 2174 564 2220 emtione,
601 2174 729 2210 vendi-

80 2231 177 2269 tione
189 2260 200 2280 ,
220 2244 295 2268 non
313 2235 435 2268 mutuo
454 2231 655 2268 animorum
673 2230 730 2266 af-

80 2289 198 2336 fectu,
228 2287 483 2325 contrahantur
496 2317 507 2335 ,
527 2286 728 2323 diiudican-

81 2343 130 2380 da
150 2357 249 2392 esse,
276 2347 400 2381 monet
413 2344 545 2392 Heyne
563 2343 601 2379 in
616 2342 728 2379 Com-

81 2404 228 2438 mentat.
274 2400 397 2438 societ.
434 2400 600 2449 Gotting.
639 2397 728 2436 XVI

82 2467 168 2506 pag.
206 2456 285 2505 34,
331 2456 554 2506 similemque
590 2468 727 2493 morem

85 2512 254 2549 Getarum
282 2517 457 2551 memorat
485 2525 528 2550 ex
545 2512 726 2562 Pompon.

83 2567 181 2605 Mela
197 2568 242 2616 Il,
254 2572 291 2610 2.
320 2569 540 2607 Herodoteis
556 2582 635 2606 cum
647 2581 729 2606 ver-

87 2624 140 2660 bis
160 2626 281 2663 confer
294 2626 482 2663 Strabonis
501 2626 612 2663 verba
624 2653 635 2672 ,
667 2624 729 2674 qui

83 2679 172 2717 haec
208 2682 330 2729 addit,
372 2683 411 2719 in
450 2695 596 2731 quaque
633 2682 728 2718 tribu

84 2739 157 2773 tres
175 2737 267 2774 viros
285 2738 495 2787 integritate
515 2737 728 2788 conspicuos

84 2793 280 2830 venditioni
292 2796 493 2844 praefectos
511 2796 634 2832 fuisse.
653 2795 731 2832 Sed

88 2846 148 2885 ille
175 2861 240 2898 pro
263 2849 400 2899 vulgari
431 2851 643 2889 confusione
662 2850 732 2888 As-

90 2904 191 2952 syriis
235 2906 342 2943 istum
379 2920 515 2946 morem
551 2908 733 2945 adscribit.

1480 721 1486 727 ¹
1659 692 1739 724 puel-

1465 720 1503 747 lis
1547 723 1675 756 pulchris
1709 726 1739 752 iu

1462 757 1682 784 matrimonium

1463 789 1627 817 vendendis
1644 796 1674 817 et
1690 791 1739 818 de-

1464 821 1608 850 formibus
1636 832 1671 850 ex
1702 834 1738 852 eo

808 1044 951 1083 Eadem
977 1045 1092 1082 ferme
1119 1042 1293 1082 Nicolaus
1326 1042 1463 1087 Dama-

809 1115 906 1139 scen.
935 1115 972 1152 p.
995 1103 1078 1142 293
1110 1114 1138 1138 s,
1164 1112 1250 1152 pag.
1273 1100 1352 1141 152
1382 1114 1459 1150 seq.

808 1158 920 1195 Orell.
942 1156 1020 1195 coll.
1037 1155 1176 1195 Aelian.
1200 1156 1244 1193 V.
1264 1156 1313 1193 H.
1334 1157 1398 1204 IV,
1423 1160 1460 1205 1,

805 1214 866 1251 ubi
903 1214 1070 1251 Perizon.
1105 1213 1255 1250 aliarum
1296 1214 1457 1262 gentium

805 1270 938 1308 similes
956 1283 1076 1307 mores
1097 1273 1252 1306 enarrat.

857 1329 915 1380 τῷ
943 1325 1010 1365 καὶ
1047 1320 1246 1378 Ἰλλυριῶν
1274 1319 1455 1373 Ἐνετοΰς

801 1379 1064 1433 πυνθάνομαι
1109 1384 1308 1433 χρῆσθαι]
1368 1382 1452 1425 Quo

799 1439 980 1477 Herodoti
998 1438 1129 1476 iudicio
1143 1439 1189 1475 de
1201 1438 1339 1486 illyrica
1352 1437 1451 1476 Ene-

800 1499 920 1533 torum
941 1497 1081 1545 origine
1092 1507 1136 1533 eo
1147 1494 1264 1543 magis
1282 1494 1451 1532 insisten-

801 1553 887 1590 dum
899 1582 909 1600 ,
938 1553 1055 1590 iudice
1073 1550 1272 1589 Niebuhrio
1295 1551 1332 1587 in
1351 1551 1447 1588 Hist.

800 1608 956 1647 Roman.
977 1609 993 1646 I
1013 1620 1100 1659 pag.
1119 1610 1200 1649 172
1227 1608 1284 1644 ed.
1305 1620 1374 1645 sec.
1403 1607 1447 1655 (I

801 1679 838 1716 p.
854 1667 933 1706 109
953 1666 1010 1702 ed.
1027 1665 1160 1714 prior),
1181 1677 1255 1713 quo
1269 1663 1449 1712 Illyricum

801 1734 926 1770 regem
938 1721 1005 1758 illis
1022 1721 1219 1770 imperasse
1233 1720 1353 1757 scribit
1364 1721 1452 1757 Ser-

801 1779 880 1815 vius
917 1778 965 1815 ad
995 1776 1122 1826 Virgil.
1159 1776 1250 1813 Aen.
1281 1775 1319 1823 I,
1353 1777 1451 1818 242.

800 1833 924 1884 Atque
947 1846 1014 1884 per
1045 1845 1190 1870 omnem
1208 1833 1286 1869 fere
1308 1836 1449 1869 austra-

802 1890 873 1928 lem
891 1890 1015 1927 Italiae
1030 1902 1130 1926 oram
1143 1888 1360 1938 Illyricarum
1380 1901 1448 1925 na-

801 1948 939 1984 tionum
992 1946 1146 1994 vestigia
1206 1945 1446 1995 reperiuntur.

803 2004 909 2047 Quae
938 2007 1061 2040 tamen
1098 2001 1242 2039 uberius
1276 2002 1446 2050 persequi

795 2059 899 2097 huius
918 2059 988 2096 loci
1007 2071 1081 2095 non
1102 2062 1167 2096 est.
1226 2057 1334 2094 Conf.
1352 2057 1447 2094 infra

795 2115 843 2164 V,
864 2118 911 2163 9,
940 2116 1001 2153 ubi
1021 2115 1107 2152 item
1130 2114 1323 2151 Enetorum
1342 2126 1443 2151 men-

794 2173 845 2209 tio
858 2202 869 2220 ,
898 2173 947 2209 ad
960 2184 1069 2222 quem
1088 2170 1205 2208 locum
1217 2169 1322 2220 plura
1340 2170 1444 2206 dabi-

794 2242 886 2266 mus.
944 2228 1063 2276 „Hoc
1081 2227 1160 2264 loco
1178 2239 1287 2263 unum
1306 2239 1445 2263 memo-

794 2298 914 2322 ramus
942 2284 1252 2334 archiepiscopum
1286 2281 1444 2320 Mobile-

794 2342 955 2379 viensem
969 2341 1036 2388 (ad
1044 2339 1342 2389 Borysthenem),
1360 2339 1445 2375 Sta-

795 2398 948 2436 nislaum
969 2395 1261 2436 Siestrencewicz
1288 2396 1335 2432 de
1368 2395 1445 2432 Bo-

794 2455 907 2503 husz,
945 2454 1167 2492 Venetorum
1195 2452 1355 2501 origines
1383 2463 1446 2488 ex·-

795 2511 992 2562 plicantem
1021 2511 1058 2547 in
1078 2510 1187 2547 libro:
1216 2507 1445 2546 Recherches

794 2567 1013 2617 historiques
1033 2580 1093 2603 sur
1104 2565 1268 2614 l’origine
1281 2565 1346 2602 des
1356 2565 1448 2601 Sar-

796 2628 912 2662 mates
925 2653 936 2672 ,
977 2624 1042 2660 des
1075 2623 1274 2660 Esclavons
1310 2625 1347 2659 et
1381 2621 1447 2657 des

797 2681 922 2719 Slaves
935 2710 946 2728 ,
984 2679 1171 2730 Petropol.
1201 2679 1320 2719 1812.
1374 2676 1449 2720 Qui

796 2751 863 2789 per
883 2736 1036 2786 Scythas
1056 2749 1152 2774 anno
1175 2733 1284 2776 1455
1303 2747 1336 2771 a.
1356 2733 1445 2770 Chr.

797 2807 835 2832 n.
862 2806 906 2831 ex
934 2792 1022 2830 Asia
1053 2792 1241 2842 superiore
1278 2788 1447 2837 (Media,

797 2849 966 2898 Assyria)
984 2850 1022 2885 in
1040 2846 1328 2899 Paphlagoniam
1346 2845 1451 2882 inde-

801 2920 876 2957 que
893 2907 934 2944 in
951 2904 1040 2944 alias
1060 2909 1178 2943 terras
1203 2903 1343 2941 delatos
1364 2913 1450 2939 cen-
