1759 3324
509 249 935 291 EUTERPE.
987 248 1034 286 ΙΙ.

1309 250 1395 289 799

100 367 278 423 Ξπολλςὸ
312 378 357 406 τε
392 360 598 405 κάλλιστα
639 358 714 402 καὶ
750 361 901 415 πολλῷ
944 356 1133 413 μέγιστα.
1191 356 1276 413 ἔχει
1314 357 1394 413 μὲν

126 443 211 500 γὰρ
240 443 314 486 καὶ
342 440 396 483 τὰ
425 439 569 482 πάντα
595 437 847 493 προπύλαια
878 435 1046 488 τύπους
1084 452 1130 480 τε
1158 435 1392 492 ἐγγεγλυμ-

127 523 307 577 μένους,
360 519 434 562 καὶ
475 517 611 573 ἄλλην
649 517 755 570 ὄψιν
799 515 1163 573 οἰκοδομημάτων
1202 517 1390 572 μυρίην·

96 601 272 643 3ἒκεῖνα
302 598 370 650 δὲ,
400 598 474 642 καὶ
503 600 658 655 μακρῷ
686 596 884 652 μάλιστα.

949 595 1045 639 Ἐπὶ
1070 594 1234 639 τούτου
1264 597 1391 651 βασι-

121 677 350 729 λεύοντος,
382 677 554 734 ἔλεγον,
586 674 756 733 ἀμιξίης
786 675 942 732 ἐούσης
962 679 1124 732 πολλῆς
1144 673 1390 731 χρημάτων,
1402 681 1447 716 95

119 758 326 815 γενέσθαι
353 757 493 812 νόμον
513 757 811 812 Αἰγυπτίοισι,
844 753 1165 800 ἀποδεικνύντα
1183 754 1391 811 ἐνέχυρον

117 841 198 883 τοῦ
226 837 390 892 πατρὸς
418 836 497 880 τὸν
524 835 677 888 νέκυν,
725 836 839 880 οὕτω
877 835 1119 892 λαμβάνειν
1151 833 1200 878 τὸ
1241 835 1387 891 χρέος·

119 921 420 974 προστεθῆναι
449 916 495 960 δὲ
535 915 595 959 ἔτι
625 914 766 975 τούτῳ
797 919 857 973 τῷ
887 915 1010 972 νόμῳ
1039 913 1188 968 τόνδε,
1218 914 1297 958 τόν
1321 916 1389 958 δι-

119 996 255 1041 δόντα
287 996 337 1040 τὸ
376 997 503 1052 χρέος
533 997 607 1039 καὶ
637 994 808 1052 ἁπάσης
837 995 1036 1051 κρατέειν
1065 999 1140 1052 τῆς
1168 998 1250 1038 τοῦ
1279 998 1389 1051 λαμ-

88 1075 337 1133 4βα’νοντος
371 1075 530 1132 θήκης·
578 1078 640 1134 τῷ
671 1076 717 1119 δὲ
755 1074 1010 1120 ὑποτιθέντι
1047 1079 1180 1119 τοῦτο
1210 1075 1259 1119 τὸ
1289 1074 1415 1118 {ve—1

116 1172 277 1213 χυρον,
325 1154 453 1212 τήνδε
483 1155 651 1198 ἐπεῖναι
682 1156 855 1212 ζημίην,
898 1155 956 1211 μή
988 1154 1244 1212 βουλομένῳ
1276 1153 1387 1198 ἄπο-

115 1238 275 1280 δοῦναι
314 1234 364 1279 τὸ
401 1235 545 1292 χρέος,
595 1235 704 1292 μηδὲ
738 1233 858 1292 αὐτῷ
899 1235 1048 1292 ἐκείνῳ
1086 1232 1389 1291 τελευτήσαντι

114 1440 269 1492 τύπους
297 1459 338 1484 τε
380 1441 716 1496 ἐγγεγλυμμένους

59 1526 114 1532 ——
132 1501 294 1554 μυρίην]
327 1503 349 1538 ἰ.
373 1514 404 1537 e.
426 1501 550 1538 habent
567 1503 716 1552 figuras

56 1560 251 1609 insculptas
266 1559 444 1607 aliamque
460 1560 636 1609 infinitam
657 1573 716 1596 ae-

56 1617 254 1666 dificiorum
297 1617 519 1653 varietatem.
609 1617 715 1660 Quae

58 1673 188 1710 Gallus
220 1673 420 1722 interpreS,
451 1672 582 1720 Miot.‚
619 1673 715 1710 hunc

57 1730 95 1766 in
117 1730 267 1766 modum
297 1728 477 1766 reddidit:
521 1734 638 1775 „tous
659 1750 715 1756 —

59 1790 145 1824 sont
175 1786 282 1823 ornes
313 1786 359 1823 de
386 1785 521 1833 figures
561 1787 713 1834 gravees

57 1847 94 1882 et
116 1844 330 1893 presentent
350 1854 420 1878 aux
440 1855 533 1890 yeux
554 1856 626 1879 une
650 1855 713 1879 va-

56 1900 146 1937 rie'te
177 1899 299 1936 infinie
330 1899 421 1935 dans
451 1898 527 1936 leur
547 1903 713 1936 constru-

55 1957 258 1994 ction.“——
270 1953 604 2007 ἐγγεγλυμμένους
624 1957 712 1993 dedi

55 2026 136 2051 cum
161 2017 314 2050 recentt.
346 2024 413 2063 pro
450 2012 547 2061 vulg.
582 2007 627 2051 εὖ
651 2027 712 2064 γε-

52 2067 314 2122 γλυμμένους.
374 2068 514 2106 Confer
538 2069 589 2116 ΙΙ,
621 2070 711 2111 124.

57 2128 148 2168 138.
170 2125 263 2167 148.

111 2179 271 2233 οἷμιξίης
292 2176 437 2231 ἐούσης
454 2183 606 2232 πολλῆς
621 2197 712 2233 χρη-

55 2234 207 2290 μάτων]
232 2240 253 2276 i.
277 2252 308 2277 e.
329 2251 405 2276 cum
423 2251 556 2286 magna
573 2241 610 2275 in
622 2252 712 2276 com-

53 2298 192 2333 merciis
208 2299 294 2333 esset
318 2298 551 2346 pecuniarum
577 2297 710 2345 inopia.

53 2353 178 2391 Verba
207 2366 303 2402 quae
340 2357 560 2402 sequuntur:
603 2348 710 2392 οἷπο-

54 2405 265 2449 δεικνύντα
307 2408 494 2459 ἐνέχυρον
524 2411 597 2448 τοῦ
635 2424 709 2447 πα-

51 2463 144 2516 τρός
172 2481 208 2505 κ.
237 2481 270 2504 τ.
299 2468 331 2505 λ.
359 2465 595 2514 intelligenda
624 2471 709 2504 sunt

53 2523 101 2560 de
119 2522 281 2571 ealege‚
311 2524 384 2572 qua
415 2524 476 2572 qui
502 2524 616 2572 patris
647 2536 708 2560 ca-

53 2579 164 2616 daver
178 2580 327 2629 pignori
343 2581 467 2626 daret,
485 2580 517 2617 ei
538 2592 599 2617 aes
619 2580 708 2617 alie-

54 2646 140 2671 num
159 2637 376 2674 crederetur.
409 2656 462 2663 —
480 2631 593 2687 θήκη
612 2637 707 2673 indi-

54 2694 114 2727 cat
127 2692 356 2730 conditorium
377 2693 579 2742 sepulcrale.
620 2693 705 2731 Vid.

53 2750 146 2783 nott.
171 2749 219 2785 ad
242 2749 296 2796 Il,
316 2752 382 2790 67.

111 2801 232 2852 μηδὲ
264 2800 374 2860 αὐτῷ
409 2804 547 2859 ἐκείνῳ
578 2808 705 2845 τελευ-

52 2852 216 2907 τήσαντι
252 2875 287 2899 κ.
316 2876 348 2899 τ.
377 2864 433 2908 λ.]
484 2859 584 2912 μηδὲ
623 2876 703 2900 cum

54 2913 238 2954 Gaisford.
267 2917 352 2956 dedi
377 2931 444 2968 pro
468 2919 564 2968 vulg.
598 2915 700 2970 μήτ’,

785 1446 980 1495 idemque,
1012 1445 1040 1482 si
1062 1444 1141 1482 libri
1160 1445 1320 1492 ferrent,
1348 1443 1443 1482 infra

783 1515 1019 1552 reponerem,
1048 1502 1110 1539 ubi
1130 1516 1225 1539 nunc
1258 1502 1296 1538 in
1324 1502 1443 1538 omni-

784 1559 851 1596 bus·
879 1560 1031 1608 legitur:
1069 1554 1182 1610 μήτ’
1219 1555 1340 1598 ἄλλον
1368 1573 1443 1609 μη-

784 1614 879 1654 δένα
901 1631 935 1655 κ.
955 1631 986 1654 τ.
1005 1619 1037 1655 λ.
1086 1616 1182 1652 Bina
1207 1616 1302 1653 enim
1321 1615 1443 1666 posuit

782 1672 856 1710 lex:
906 1673 1057 1710 alterum
1079 1701 1090 1720 ‚
1143 1686 1189 1710 ne
1218 1672 1441 1723 quempiam,

782 1730 845 1778 qui
895 1730 1056 1767 debitum
1111 1730 1268 1767 reddere
1315 1728 1441 1777 nollet,

781 1790 965 1823 mortuum
989 1787 1056 1824 rite
1079 1786 1232 1836 sepelire
1248 1785 1355 1824 liceat
1372 1799 1441 1823 nec

781 1843 942 1892 paternis
978 1844 1014 1879 in
1037 1843 1171 1893 cryptis
1203 1856 1272 1880 nec
1300 1843 1371 1880 alio
1400 1843 1440 1880 in

780 1899 882 1945 loco3
912 1900 1087 1946 alterum,
1118 1913 1164 1938 ne
1181 1899 1289 1936 alium
1310 1912 1440 1949 quem-

780 1957 878 2006 piam
910 1970 954 1994 ex
985 1956 1077 1993 illius
1105 1957 1226 1994 liberis
1248 1968 1290 1993 ac
1310 1969 1439 1994 neces-

782 2013 885 2049 sariis
904 2013 1113 2050 defunctum
1140 2013 1294 2063 sepelire
1318 2013 1438 2050 liceat.

780 2068 946 2107 Alterum
983 2071 1051 2107 hoc
1088 2070 1180 2119 legis
1222 2074 1333 2120 caput
1361 2082 1438 2108 non

780 2131 1082 2164 commemoratur
1100 2139 1122 2163 a
1142 2126 1308 2163 Diodoro
1329 2126 1357 2173 I,
1369 2128 1436 2168 93.

779 2182 993 2233 Explicatur
1011 2188 1131 2221 autem
1153 2183 1244 2232 legis
1260 2184 1436 2221 severitas

781 2252 825 2277 ex
854 2240 913 2277 illa
952 2239 1219 2291 Aegyptiorum
1259 2241 1438 2290 supersti-

781 2297 901 2343 tione,
935 2310 1008 2346 qua
1039 2298 1158 2334 aditus
1182 2298 1230 2334 ad
1259 2297 1437 2346 tranquil-

777 2352 850 2391 lum
882 2354 1038 2391 Osiridis
1066 2367 1219 2403 regnum
1249 2353 1436 2404 sepultura

778 2414 814 2447 et
833 2411 1026 2447 conditura
1052 2411 1204 2460 privatis
1223 2411 1436 2459 denegaba-

775 2470 856 2513 tur3
875 2472 916 2503 ut
935 2468 1082 2505 minime
1102 2479 1196 2504 vana
1218 2468 1265 2504 sit
1281 2467 1435 2515 Zoegae

777 2524 934 2574 suspicio
969 2525 1016 2561 de
1045 2524 1210 2561 obeliscc.
1234 2536 1319 2574 pag.
1336 2527 1434 2571 292,

774 2580 857 2617 hinc
877 2580 1055 2629 originem
1073 2581 1227 2617 traxisse
1241 2581 1355 2618 videri
1377 2581 1434 2617 iu-

775 2637 910 2674 dicium
941 2637 989 2675 de
1028 2638 1178 2674 mortuis
1210 2637 1433 2687 sepeliundis

773 2694 874 2744 apud
902 2692 1107 2744 Aegyptios
1139 2698 1235 2731 teste
1262 2694 1432 2732 Diodoro

773 2749 808 2797 I,
839 2753 894 2791 92
932 2751 1068 2787 institui
1103 2750 1260 2787 solitum.
1326 2750 1431 2787 Idem

772 2806 826 2843 vir
858 2807 987 2844 doctus
1014 2819 1035 2843 a
1064 2806 1129 2844 Cr.
1162 2807 1329 2844 laudatus
1361 2806 1384 2843 l.
1405 2806 1428 2843 l.

770 2875 858 2913 pag.
878 2866 961 2905 266
996 2864 1263 2914 Aegyptiorum
1290 2875 1429 2900 morem

769 2920 881 2957 fuisse
901 2917 1009 2970 putat
1027 2921 1162 2958 avitum
1180 2920 1357 2958 cadavera
1372 2919 1430 2971 pi-
