1777 3324
530 257 953 299 EUTERPE.
1007 257 1052 294 ll.

1328 258 1411 296 803

149 391 255 429 της,
299 369 578 426 Μενδήσιος,
631 366 933 422 Σεβεννύτης,
971 366 1244 421 Ἀθριβίτης,
1290 366 1411 417 Φαρ-

151 453 370 508 βαιθίτης,
403 450 638 505 Θμουΐτης,
682 444 970 502 Ὀνουφίτης,
1006 443 1225 495 Ἀνύσιος,
1256 446 1409 486 Μυεκ-

92 670 175 695 sous
193 656 216 692 1.
250 654 350 705 phar.
383 653 417 690 ΙΙ
443 666 530 703 pag.
556 651 635 693 104
665 665 742 702 seq.

94 716 174 754 107
203 724 278 760 seq.
334 711 467 748 Ritter.
502 709 692 745 Erdkund.
728 708 743 745 Ι

89 781 175 819 pag.
199 770 280 808 829
305 780 382 816 seq.
419 765 497 803 coll.
528 766 665 803 Gesen.
696 766 743 802 ad

91 825 194 862 Iesai.
217 824 326 871 XIX,
346 826 392 863 11
420 835 507 873 pag.
522 824 616 869 616,
635 835 743 871 quem

91 882 140 918 ad
163 881 196 917 h.
216 881 238 917 l.
261 881 347 917 citat
366 879 430 916 Cr.

150 933 403 986 Μενδήσιος]
437 935 543 972 Conf.
563 947 674 985 supra
695 934 743 971 ad

89 993 165 1040 ΙΙΙ,
184 994 249 1033 43.
272 993 325 1033 46
346 996 436 1028 nott.

148 1044 505 1098 Σεβεννύτης]
542 1047 600 1084 De
632 1047 742 1083 fluvio

89 1105 163 1144 Nili
185 1105 429 1153 Sebennytico
450 1105 602 1140 diximus
623 1103 658 1139 in
679 1116 742 1140 ex-

90 1175 180 1199 curs.
200 1163 249 1198 ad
268 1161 320 1207 ll,
343 1164 405 1201 17.
467 1160 604 1197 Urbem
625 1161 742 1208 ipsam

90 1218 188 1255 haud
224 1221 401 1255 memorat
435 1216 572 1253 Noster
592 1245 602 1262 ,
649 1228 744 1264 quae

90 1274 262 1311 Straboni
297 1274 427 1310 dicitur
457 1271 485 1322 ἦ
511 1273 742 1322 Σεβεννυτι-

89 1328 142 1381 my*
162 1325 294 1376 πόλις,
326 1343 420 1366 nunc
448 1342 534 1366 vero
559 1327 744 1366 Samanud

90 1401 117 1424 s.
142 1386 334 1433 Semenud,
363 1386 607 1434 Sebennytico
633 1386 743 1421 fluvio

91 1444 137 1481 ab
160 1444 347 1480 occidente
364 1444 545 1492 apposita.
558 1465 613 1469 ——
635 1442 744 1478 Conf.

92 1499 359 1537 Schlichthorst.
383 1499 405 1536 l.
428 1499 449 1535 l.
468 1512 552 1549 pag.
576 1501 641 1540 69.

145 1552 231 1594 Ἀθ
245 1571 265 1606 ρ
280 1556 327 1606 ιβ
341 1556 417 1605 ἰτη
430 1554 472 1605 ς]
504 1556 612 1592 Urbis
632 1555 743 1604 ipsius

91 1612 286 1661 (Athribis)
311 1611 408 1648 nulla
437 1612 536 1662 apud
565 1611 743 1648 Nostrum

91 1670 244 1715 mentio,
291 1681 510 1717 quamquam
546 1681 566 1705 e
605 1668 744 1717 praeci-

92 1726 175 1776 puis
222 1725 383 1774 Aegypti
423 1724 602 1761 inferioris
647 1725 744 1760 urbi—

92 1783 159 1819 bus
189 1783 300 1818 fuisse
322 1782 445 1817 fertur.
494 1781 573 1817 Sita
597 1785 674 1818 erat
695 1781 743 1817 ad

92 1838 302 1875 orientalem
331 1842 473 1887 partem
496 1837 651 1873 fluminis
674 1837 746 1874 Pe-

90 1894 213 1931 lusiaci
234 1894 331 1930 haud
361 1893 484 1943 procul
510 1894 555 1930 ab
584 1907 627 1931 eo
648 1893 740 1940 loco,

91 1951 151 1987 ubi
173 1963 193 1986 a
218 1950 403 1987 Pelusiaco
431 1954 620 1999 separatur
645 1949 742 1986 Pha-

90 2007 263 2043 tmiticum
283 2007 424 2042 ostium.
455 2006 650 2055 Antiquum
672 2019 740 2042 no-

90 2076 174 2100 men
189 2063 335 2099 Athrebz·
360 2077 387 2099 s.
404 2062 553 2112 Atl1r6pe
574 2076 668 2099 nunc
684 2066 740 2100 est

89 2125 347 2157 commutatum
374 2120 411 2156 in
434 2119 559 2166 Atrib,
598 2120 659 2168 qui
688 2120 740 2156 vi-

88 2190 149 2213 cus
169 2176 267 2213 urbis
290 2176 420 2213 veteris
438 2175 554 2213 locum
574 2180 739 2226 occupat.

90 2233 172 2269 Vid.
195 2232 398 2282 Champoll.
421 2232 444 2268 l.
465 2232 488 2269 l.
506 2246 542 2283 p.
561 2233 626 2273 48.
656 2233 740 2270 Rit-

91 2292 158 2327 ter.
182 2288 203 2324 l.
221 2288 243 2324 l.
266 2289 281 2325 I
310 2301 396 2339 pag.
419 2291 513 2330 828.

151 2346 219 2382 Φα
233 2360 253 2395 ρ
266 2345 291 2395 β
304 2361 327 2383 α
341 2346 479 2395 ιθίτη
493 2343 534 2394 ς]
560 2344 740 2382 Pharbae-

92 2399 194 2437 tkt'tes
219 2415 368 2448 nomus,
412 2402 474 2451 qui
501 2401 600 2438 solus
641 2403 742 2451 apud

92 2456 320 2495 Herodotum
342 2463 574 2504 memoratur,
606 2471 740 2496 nomen

91 2513 197 2550 traxit
214 2513 259 2550 ab
277 2515 366 2552 urbe
385 2514 614 2563 Pharbaetlez‘,
631 2528 741 2564 quam

94 2569 243 2606 eandem
276 2584 356 2608 esse
379 2576 489 2619 atque
511 2584 589 2609 eam
605 2600 614 2618 ,
646 2584 741 2620 quae

94 2637 188 2662 nunc
211 2631 357 2663 vocatur
382 2627 551 2675 Balbeis‚
580 2627 741 2664 nonnulli

95 2693 279 2730 perperam
299 2684 463 2720 arbitrati
486 2688 581 2729 sunt,
601 2688 641 2720 ut
660 2683 741 2734 plu-

95 2736 192 2772 ribus
220 2741 510 2777 commonstravit
536 2740 740 2790 Champoll.

95 2791 117 2827 l·
137 2791 158 2827 l·
177 2792 209 2829 Π
229 2806 264 2842 p-
284 2794 337 2836 94
356 2809 459 2845 seqq.
509 2795 605 2833 Nam
625 2797 740 2833 Phar-

98 2848 246 2885 baethus
267 2850 334 2887 sita
358 2856 436 2888 erat
460 2853 508 2888 ad
527 2852 739 2890 orientalem

96 2903 211 2952 ripam
239 2905 395 2944 'l'anitici
415 2908 541 2955 fluvii,
571 2909 739 2947 occiden-

813 656 887 690 tem
906 666 1028 691 versus
1053 666 1075 691 a
1094 651 1299 695 Pelusiaco,
1317 650 1378 687 ubi
1400 649 1466 685 ad-

812 708 881 746 huc
906 710 1037 747 rudera
1057 709 1325 759 conspiciuntur
1345 707 1393 743 ad
1413 706 1467 742 vi-

812 778 891 802 cum
913 766 1094 813 Harbaz't,
1132 767 1169 803 in
1195 778 1267 814 quo
1295 765 1374 813 ipso
1397 776 1466 798 no-

811 824 909 860 mine
956 829 1115 860 veterem
1171 819 1465 871 appellationem,

811 879 933 916 demto
956 879 1088 916 scilicet
1108 878 1257 915 articulo
1279 875 1323 922 P,
1349 889 1466 924 agno-

810 936 862 973 vit
882 935 1084 985 Champoll.
1132 934 1229 972 Nam
1258 933 1341 969 olim
1368 934 1465 969 ‹lice-

812 993 918 1029 batur
950 992 1137 1028 Pharbait.
1200 990 1296 1027 Add.
1330 989 1463 1026 Ritter.

810 1048 832 1084 l.
854 1049 876 1085 l.
900 1049 912 1084 Ι
937 1062 972 1098 p.
993 1051 1086 1089 828.

869 1104 1084 1154 Θμουΐτης]
1115 1103 1260 1140 lemuz's
1276 1103 1376 1149 urbs,
1397 1115 1465 1139 un-

811 1161 858 1198 de
895 1174 1023 1198 nomus
1062 1161 1242 1197 Tlnnm'tes
1257 1188 1267 1205 ‚
1316 1172 1386 1195 una
1417 1159 1464 1195 de

811 1218 1007 1254 maioribus
1028 1217 1187 1266 Aegypti
1210 1216 1390 1252 inferioris
1404 1227 1464 1251 ur-

811 1274 914 1311 bibus
935 1275 1046 1311 suisse
1061 1274 1269 1323 perhibetur
1287 1277 1322 1308 et
1343 1284 1364 1307 a
1379 1271 1463 1307 Pto-

809 1330 948 1368 lemaeo
994 1334 1104 1380 caput
1142 1329 1241 1366 nomi
1281 1327 1464 1364 Mendesii

811 1387 963 1434 dicitur,
1003 1386 1084 1424 licet
1117 1386 1330 1423 Herodotus
1370 1385 1462 1420 duos

811 1456 949 1492 eosque
988 1444 1150 1480 diversos
1187 1445 1364 1479 memoret
1395 1454 1464 1477 no-

810 1513 903 1547 mOS,
924 1499 1155 1537 Mendesium
1177 1504 1287 1547 atque
1306 1497 1463 1534 Thmui-

811 1561 896 1593 tem.
957 1557 1064 1599 Quae
1085 1558 1135 1593 sic
1152 1568 1371 1605 componere
1388 1559 1464 1591 stu-

810 1614 873 1650 det
892 1612 1093 1663 Champoll.
1115 1612 1135 1648 l.
1151 1612 1173 1649 l.
1192 1612 1221 1647 ll
1249 1625 1283 1661 p.
1308 1613 1384 1652 115
1405 1623 1460 1660 Sq-

809 1673 849 1706 ut
867 1666 990 1718 νομὸν
1018 1670 1117 1719 apud
1137 1670 1367 1705 Herodotum
1388 1680 1462 1704 non

810 1730 883 1762 tam
907 1727 954 1763 de
977 1726 1160 1776 provincia
1181 1726 1462 1774 s.praefectura‚

811 1783 858 1818 ad
877 1795 985 1831 quam
1008 1782 1130 1832 plures
1150 1782 1256 1818 urbes
1277 1782 1462 1830 pertinue-

808 1839 910 1886 rint,
948 1852 1055 1888 quam
1080 1839 1201 1888 potius
1234 1838 1281 1874 de
1319 1836 1461 1885 singulo

810 1895 957 1932 alicuius
978 1896 1075 1931 urbis
1091 1894 1274 1932 territorio
1295 1894 1364 1930 dici
1385 1894 1461 1930 exi-

810 1952 940 1989 stimet.
1000 1952 1105 1995 Quae
1123 1956 1244 1988 tamen
1262 1963 1401 1996 vereor,
1422 1954 1461 1986 ut

806 2009 964 2045 virorum
984 2009 1171 2044 doctorum
1200 2019 1386 2043 assensum
1408 2007 1462 2042 in-

807 2065 962 2102 veniant.
1022 2065 1116 2101 Utut
1153 2068 1230 2109 est,
1277 2065 1345 2099 sita
1384 2067 1461 2100 erat

811 2120 958 2158 lemuz‘s
1000 2121 1086 2158 urbs
1123 2121 1220 2157 haud
1264 2120 1461 2156 admodum

805 2182 946 2215 remota
965 2190 987 2214 a
1015 2177 1089 2215 Nili
1120 2178 1229 2213 fluvio
1253 2176 1460 2221 Mendesio,

807 2235 926 2272 media
958 2235 1034 2271 sere
1062 2234 1156 2271 inter
1183 2233 1393 2270 Taniticum
1424 2238 1461 2270 et

806 2291 1038 2328 Mendesium
1085 2290 1242 2327 fluvium.
1317 2290 1461 2327 Ruinae

808 2348 905 2384 urbis
925 2347 1067 2396 amplae
1088 2351 1234 2384 exstant
1252 2347 1366 2383 tribus
1379 2347 1460 2383 mil-

807 2404 916 2441 liariis
929 2404 1078 2441 Gallicis
1100 2416 1121 2440 a
1135 2403 1356 2439 Mansourah
1373 2416 1460 2452 pro-

807 2474 856 2511 pe
879 2461 994 2498 vicum
1017 2459 1458 2508 '1¹emay('['h1naouieh).

808 2517 917 2554 Plura
927 2516 1132 2566 Champoll.
1150 2516 1171 2553 l.
1187 2516 1209 2553 l.
1228 2521 1264 2554 et
1276 2516 1458 2553 Mannert.

810 2574 950 2622 Geogr.
983 2574 1048 2610 der
1072 2574 1138 2610 Gr.
1166 2586 1201 2610 u.
1228 2572 1412 2622 Ram.‚X,
1434 2575 1457 2613 1

807 2643 894 2680 pag.
913 2630 1006 2670 577.

862 2682 1120 2736 Ὀνουφίτης]
1142 2684 1253 2722 Nomi
1271 2686 1359 2722 situs
1382 2696 1457 2722 non

807 2742 894 2779 satis
925 2746 1057 2780 certus.
1120 2741 1320 2779 Danvillius
1349 2741 1457 2779 collo-

807 2803 865 2835 cat
903 2799 940 2835 in
973 2798 1187 2835 occidentali
1222 2799 1456 2846 Sebennytici

807 2855 905 2892 fluvii
942 2857 1042 2905 ripa,
1080 2854 1143 2890 ubi
1171 2867 1266 2891 nunc
1291 2853 1455 2899 Banoub,

806 2914 847 2947 ut
861 2910 1002 2949 Arabes
1025 2911 1162 2947 dicunt.
1191 2911 1300 2947 Conf.
1322 2910 1455 2947 Cham-
