1768 3315
287 283 372 324 274

682 270 1153 315 HERODOTI

290 391 386 446 ρεαί
427 389 508 433 εἶσι
547 390 638 432 τῶν
680 383 850 440 οὐρέων
887 383 998 427 ἔνθα
1038 380 1115 432 τὰς
1150 377 1290 435 νόμας
1317 378 1407 420 τῶν
1435 377 1555 432 βοῶν

288 467 373 525 εἶχε
406 462 537 519 οὗτος
568 465 622 521 δὴ
653 463 678 509 ὁ
708 460 948 521 βουκόλος,

1000 458 1111 513 πρὸς
1144 458 1285 516 βορέω
1314 471 1358 499 τε
1389 452 1554 510 ἀνέμου

288 552 379 591 τῶν
405 544 700 601 Ἀγβατάνων,
732 542 806 585 καὶ
832 539 943 595 πρὸς
981 543 1062 582 τοῦ
1090 536 1257 582 πόντου
1287 539 1368 579 τοῦ
1401 532 1555 586 Εὐξεί-

258 633 388 670 3νου.
419 622 554 679 ταύτῃ
583 622 664 677 μὲν
691 619 775 675 γὰρ
805 617 833 674 ἡ
864 617 1042 674 Μηδικὴ
1073 615 1192 674 χώρη
1223 616 1336 671 πρὸς
1365 613 1551 658 Σασπεί·
1565 619 1612 653 25

291 719 384 760 ρων
426 698 575 757 ὀρεινή
614 699 702 742 ἐστι
751 695 914 750 κάρτα,
975 697 1049 740 καὶ
1089 695 1234 753 ὑψηλή
1262 711 1307 739 τε
1335 694 1408 739 καὶ
1435 694 1557 750 ἰ’δῃσι

288 778 552 836 συνηρεφής.
607 774 635 833 ἦ
669 775 716 819 δὲ
745 774 852 830 ἄλλη
883 774 1063 830 Μηδικὴ
1092 775 1210 832 χώρη
1241 774 1326 818 ἐστὶ
1356 777 1474 818 πᾶσα
1502 771 1555 815 ἅ-

259 862 433 909 4πεδος.
491 855 582 900 ἐπεὶ
613 850 677 898 ὦν
715 851 738 897 ὁ
784 852 1001 908 βουκόλος
1040 855 1211 910 σπουδῇ
1241 857 1382 908 πολλῇ
1410 850 1555 896 καλεό-

288 953 417 993 μενος
452 932 654 984 οἷπίκετο,
706 931 820 987 ἔλεγε
852 929 875 974 ὁ
902 930 1126 986 ’Ἅρπαγος
1162 930 1282 975 τάδε·

1343 964 1366 983 ,,
1381 930 1557 973 Κελεύει

396 1014 407 1029 ,
541 1011 551 1024 ι
696 1009 706 1023 x
855 1010 864 1025 ι
1006 1014 1023 1022 -
1203 1010 1212 1024 r
1404 1014 1423 1023 η
1519 1007 1532 1024 9

285 1049 311 1069 „
324 1028 369 1060 σε
401 1018 632 1068 Αστυαγης
660 1027 709 1054 το
740 1012 918 1053 παιδιον
942 1026 1073 1054 τουτο
1102 1013 1318 1067 λαβοντα,
1347 1015 1496 1053 θειναι
1514 1014 1613 1060 ες30

286 1095 371 1147 ,,τό
400 1092 671 1149 ἐρημότατον
699 1093 790 1134 τῶν
820 1087 989 1145 οὐρέων
999 1121 1014 1142 ,
1058 1088 1172 1141 ὅκως
1202 1088 1258 1133 ἂν
1286 1088 1464 1145 τάχιστα
1495 1090 1555 1133 δι-

259 1172 555 1230 5,,αφθαρείη.
615 1170 688 1214 καὶ
725 1169 827 1213 τάδε
866 1186 935 1213 τοι
975 1168 1167 1213 ἐκέλευσε
1205 1170 1363 1222 εἰπεῖν,
1409 1167 1467 1225 ἢν
1496 1166 1556 1224 μή

288 1249 587 1307 ,,ἆποκτείνῃς
626 1246 758 1301 αὐτὸ,
817 1246 926 1293 ἀλλά
965 1265 1046 1306 τεῳ
1085 1246 1235 1307 τρόπῳ
1283 1245 1556 1304 περιποιήσῃ,

288 1328 498 1387 »ὀλέθρῳ
536 1332 597 1386 τῷ
627 1329 817 1387 κακίστῳ
854 1344 899 1372 τε
930 1326 1263 1385 διαχρήσεσθαι·
1316 1328 1481 1383 ἐπορᾶν
1509 1324 1558 1370 δὲ

231 1514 428 1563 Tannegui
443 1513 601 1552 Leffivre
620 1511 668 1550 ad
683 1511 813 1551 Iustini
833 1510 887 1549 lo-

231 1584 312 1610 cum
344 1571 520 1618 affirmat,
556 1570 655 1621 apud
679 1569 886 1619 Hyrcanios

232 1640 326 1677 quae
348 1640 439 1676 gens
459 1626 584 1665 Persis
603 1626 712 1663 fuerit
729 1626 888 1673 subdita,

231 1683 350 1721 adhuc
368 1696 493 1721 canem
510 1682 632 1720 vocari
649 1682 757 1732 Spac.
776 1681 888 1726 Quod

231 1739 330 1778 unde
351 1739 410 1777 ille
433 1740 597 1786 sciverit,
627 1739 798 1788 equidem
822 1751 888 1775 ne-

231 1796 327 1843 scio,
366 1808 435 1833 nec
463 1796 546 1846 ipsa
567 1796 635 1832 viri
667 1795 765 1833 docti
798 1798 887 1832 nota

230 1852 279 1888 ad
307 1864 436 1889 manus
467 1856 542 1900 est,
564 1864 693 1901 ‘quam
719 1851 838 1889 solum
865 1863 886 1888 e

229 1906 402 1945 Larcheri
437 1908 675 1945 adnotatione
712 1908 760 1945 ad
794 1907 829 1944 h.
860 1906 883 1943 l.

230 1963 396 2012 cognovi.
426 1963 622 2002 Praeterea
639 1962 750 2000 Italus
772 1963 885 2000 inter-

229 2031 316 2069 pres
333 2019 730 2069 comparatRussorum
750 2019 882 2057 Sabae.

229 2073 263 2111 A
282 2075 534 2112 Grammaticis
569 2075 721 2112 Graecis
756 2075 884 2112 citatur

231 2125 334 2178 σπάξ
352 2135 393 2167 ut
414 2130 513 2168 canis
532 2143 666 2169 nomen
684 2132 784 2181 apud
794 2131 884 2168 Per-

230 2197 302 2223 sas.
332 2186 391 2223 Cf.
412 2186 543 2225 struve
555 2186 713 2238 Specim.
728 2187 881 2231 Quaest.

228 2254 315 2293 pag.
337 2243 388 2283 14
407 2246 484 2279 not.
513 2242 650 2280 Vocem
670 2240 794 2282 Κυνω
816 2243 882 2281 de·-

227 2297 332 2334 rivari
353 2310 376 2334 a
395 2312 506 2336 κυων
530 2299 692 2347 (canis),
720 2299 779 2336 vix
802 2312 881 2336 mo-

226 2353 383 2390 nituerit
404 2367 508 2404 opus.
521 2351 790 2405 -υπώρεαε,
808 2353 883 2394 ὕπ-

228 2423 350 2461 ωρεια
393 2410 530 2446 radices
561 2410 743 2459 significat
784 2425 882 2449 mon-

225 2467 337 2513 taum,
376 2470 416 2503 ut
445 2465 517 2514 IV,
548 2468 613 2508 23.
663 2467 755 2515 VH,
787 2470 880 2511 129.

224 2520 301 2569 ΙΧ,
326 2524 387 2563 19.
405 2524 471 2563 56.

281 2574 409 2628 πρός
460 2576 721 2630 Σασπείρων]
780 2579 802 2617 i.
846 2593 878 2618 e.

227 2631 391 2683 Suspires
439 2646 579 2681 versus,
627 2647 722 2682 eam,
773 2649 879 2686 quam

226 2687 389 2739 Suspires
426 2689 601 2737 incolunt,
642 2694 770 2728 terram
798 2705 878 2728 ver-

222 2758 302 2790 sus;
331 2748 369 2783 in
395 2744 455 2782 der
479 2745 666 2796 Rz'chtung
694 2747 783 2784 nach
802 2748 877 2785 dem

222 2799 331 2838 Lam!
353 2801 412 2838 der
446 2801 624 2851 Saqn’ren.
691 2802 776 2840 Alia
814 2818 876 2841 ex-

223 2857 342 2907 empla
387 2870 475 2894 usus
520 2857 723 2896 Herodotei
773 2860 875 2897 dabit

221 2911 399 2952 Matthiae
431 2912 469 2966 §.
494 2913 599 2962 590,
625 2928 649 2967 γ
684 2928 722 2967 p.
752 2917 872 2959 1179·

955 1512 1066 1550 Conf.
1102 1511 1140 1560 Ι,
1183 1512 1249 1554 84.
1317 1509 1429 1557 Quod
1465 1522 1612 1558 moneo,

954 1582 1035 1606 cum
1054 1568 1112 1606 hic
1130 1569 1250 1607 minus
1270 1572 1438 1607 accurata
1446 1568 1612 1606 videatur

954 1625 1290 1675 Schweighaeuser-i
1326 1624 1461 1662 Latina
1497 1624 1611 1661 inter-

954 1682 1124 1732 pretatio.
1139 1681 1267 1720 —De
1290 1681 1478 1732 Saspirum
1499 1683 1611 1729 gente

953 1737 1158 1775 monuimus
1184 1738 1234 1776 ad
1260 1738 1299 1787 l,
1331 1741 1423 1780 104.
1459 1736 1612 1774 Variant

953 1793 1012 1831 hic
1047 1794 1085 1831 in
1122 1795 1204 1845 ipsa
1237 1795 1393 1832 nominis
1432 1793 1612 1844 scriptura

952 1850 1114 1887 nonnihil
1133 1851 1235 1897 libri;
1265 1864 1337 1900 qua
1356 1851 1403 1888 de
1434 1862 1474 1887 re
1494 1861 1609 1899 quae-

953 1907 1038 1943 dam
1054 1908 1194 1943 monuit
1211 1906 1488 1956 VVesselingius.

1007 1961 1077 2001 καὶ
1099 1963 1242 2017 ἴδῃσι
1262 1958 1518 2014 συνηρεφής]
1538 1959 1607 2011 ἴδη

950 2017 1144 2056 Herodoto
1179 2023 1237 2057 est
1275 2019 1390 2070 sylva.
1454 2018 1611 2055 Monent

950 2073 1108 2122 Lexica,
1138 2075 1200 2112 ubi
1220 2075 1317 2113 laud.
1331 2076 1394 2124 IV,
1408 2077 1498 2117 109.
1515 2073 1608 2116 175.

950 2129 997 2178 V,
1027 2133 1092 2172 23.
1130 2131 1236 2179 VIII,
1276 2135 1368 2174 111.
1425 2132 1468 2169 In
1499 2143 1605 2180 seqq.

951 2183 1099 2235 ἄπεδος
1129 2192 1185 2225 est
1207 2188 1361 2239 planus,
1388 2192 1429 2225 ut
1459 2184 1608 2234 ἄπεδος

949 2245 1076 2294 χῶρος
1102 2243 1180 2292 ΙΧ,
1208 2248 1289 2287 102
1321 2244 1401 2282 coll.
1429 2243 1506 2291 IX,
1537 2243 1605 2286 25.

950 2299 1014 2347 IV,
1047 2303 1113 2342 62.
1143 2321 1200 2327 ·—
1227 2301 1286 2339 De
1316 2297 1443 2348 ’ὅκως
1472 2296 1606 2340 (ἲν-

951 2355 1200 2423 διαφθαρείη
1222 2358 1294 2394 vid.
1315 2358 1363 2394 ad
1392 2357 1431 2405 I,
1447 2357 1513 2398 75.
1537 2357 1605 2398 99.

1006 2408 1162 2478 ὀλέθρῳ
1184 2415 1239 2468 τῷ
1254 2413 1426 2467 κακίστῳ
1451 2425 1494 2452 σε
1514 2412 1606 2452 δια-

949 2454 1192 2519 χρήσεσθαι]
1222 2469 1399 2506 Ver-tunt:
1428 2470 1605 2519 „pessimo

948 2528 1048 2562 exitu
1068 2529 1101 2563 te
1121 2528 1327 2576 perzturum.
1386 2525 1463 2563 Sed
1491 2538 1605 2574 quae-

945 2581 1035 2618 ritur
1065 2579 1108 2621 σὲ
1141 2585 1261 2619 utrum
1291 2581 1340 2618 sit
1368 2581 1517 2619 subiecti
1542 2594 1604 2619 ac-

945 2637 1125 2674 cusativus
1166 2650 1213 2674 an
1248 2638 1390 2675 obiecti.
1448 2637 1542 2675 Illud
1570 2637 1602 2674 si

944 2706 1090 2741 sumas,
1134 2689 1423 2746 διαχρήσεσθαι
1447 2689 1602 2748 ὀλέθρῳ

943 2749 1074 2786 eodem
1117 2754 1225 2799 pacto
1269 2750 1441 2800 coniungi
1488 2763 1601 2801 posse

942 2810 1065 2842 monet
1084 2805 1287 2855 Schweigh.
1308 2819 1417 2857 quam
1435 2806 1475 2854 Ι,
1498 2809 1599 2848 167:

940 2875 1108 2915 τοιουτῳ
1171 2858 1283 2915 μόρῳ
1344 2863 1598 2914 διαχρᾶσθαι.

941 2916 1013 2962 Qui
1033 2920 1154 2956 tamen
1185 2919 1286 2958 locus
1309 2920 1392 2958 mea
1417 2918 1618 2959 sententio·

1760 1619 1765 1671 ἐ

1736 1673 1768 1883 4

1750 1886 1768 2097 ⁴
