1759 3324
366 271 450 310 580

778 264 1244 306 HERODOTI

366 376 563 433 γύπτιοι·
595 375 680 420 ἆπὸ
712 375 757 420 δὲ
789 377 1060 431 Αἰγυπτίων,
1088 371 1343 430 Ἀμμώνιοι,
1377 370 1519 424 ἐόντες
1547 373 1624 415 Αἰ-

366 458 558 512 γυπτίων
587 473 630 499 τε
659 456 732 500 καὶ
764 454 993 498 Αἰθιόπων
1026 453 1226 504 ἄποικοι,
1267 453 1340 496 καὶ
1369 450 1524 507 φωνὴν
1552 467 1625 505 με-

338 534 476 586 7ταξύ
516 533 776 590 ἀμφοτέρων
804 536 1063 588 νομίζοντες.
1115 532 1280 575 δοκέειν
1310 529 1348 575 δ’
1383 530 1501 585 ἐμοὶ,
1549 530 1624 573 καὶ
1666 537 1746 577 124

365 612 415 656 τό
456 613 625 667 οὕνομα
663 610 896 666 Ἀμμώνιοι
942 609 1027 654 ἀπὸ
1065 610 1193 654 τοῦδέ
1233 622 1313 664 σφι
1348 609 1426 665 τὴν
1456 609 1677 652 {amru-31

369 692 470 746 μίην
503 689 787 745 ἐποιήσαντο·
842 688 999 745 Ἀμοῦν
1036 688 1119 744 γὰρ
1150 688 1383 744 Αἰγύπτιοι
1421 687 1624 732 καλέουσι

311 884 492 932 hodieque
514 886 679 934 superest
698 882 735 918 in
753 881 965 920 Thebarum

311 939 482 988 reliqniis,
501 940 687 977 meridiem
707 952 828 975 versus
848 951 965 988 prope

311 995 476 1033 Karnak.
506 995 546 1031 ln
564 995 638 1033 eius
656 995 728 1031 fani
739 995 839 1031 aditu
852 995 965 1031 utrin-

313 1065 383 1101 que
401 1051 507 1089 locati
533 1056 637 1089 erant
665 1052 793 1088 arietes
821 1050 964 1100 plurimi

313 1121 356 1145 ex
381 1108 511 1156 grandi
541 1107 685 1158 lapide,
717 1119 868 1156 quorum
899 1107 965 1143 ho-

313 1165 446 1212 dieque
477 1164 574 1200 haud
610 1164 661 1200 ita
694 1163 800 1214 pauci
836 1162 964 1212 reliqui

314 1224 406 1257 sunt.
453 1220 685 1258 Recumbunt
704 1219 900 1270 sphingum
927 1219 964 1256 in

312 1289 469 1324 rnorem,
509 1280 677 1325 gerentes
706 1281 790 1313 ante
817 1279 966 1325 pectora

314 1332 374 1370 dei
413 1332 680 1382 anaglyphum,
725 1332 763 1368 in
800 1331 964 1368 manibus

313 1394 469 1426 tesseras
507 1401 638 1425 sacras.
694 1387 833 1426 Ibidem
880 1392 965 1425 ante

313 1458 484 1494 magnum
557 1444 730 1494 palatium
799 1448 966 1494 superest

314 1501 505 1565 Sphingtggn
543 1513 657 1549 genus
706 1501 867 1548 grande,
915 1500 966 1536 ita

313 1561 613 1608 eornpoffltarum,
643 1561 683 1593 ut
709 1557 853 1594 leonino
885 1568 965 1592 cor-

314 1614 396 1664 pori
420 1614 631 1664 impositum
661 1614 706 1650 sit
740 1617 847 1662 caput
872 1613 966 1649 arie-

314 1671 370 1707 tis.
401 1669 485 1707 Vid.
506 1670 594 1706 ibid.
612 1682 649 1718 p.
669 1671 763 1710 207.
786 1667 880 1709 254.
921 1667 964 1705 In

315 1727 446 1776 quibus
467 1725 637 1775 symbolis
659 1725 767 1762 iidem
785 1725 850 1761 ‘siri
867 1724 965 1761 docti

315 1795 395 1820 eam
426 1782 640 1820 sententiam
677 1782 794 1819 inesse
829 1781 965 1827 volunt,

315 1843 353 1875 ut
371 1838 454 1875 solis
474 1838 688 1875 domicilium
702 1838 738 1873 in
756 1837 860 1885 signo
872 1837 964 1874 arie-

315 1895 360 1931 tis
382 1895 614 1944 significetur.
649 1892 729 1931 Nec
753 1894 869 1930 minus
888 1905 965 1930 ma-

316 1964 426 1999 gnum
445 1950 616 2000 templum
633 1949 806 2000 Latopoli
828 1949 964 1997 (Esne)

315 2007 496 2043 residuum
520 2006 614 2042 Iovis
638 2005 824 2042 Ammonis
856 2005 966 2042 fuisse

317 2063 551 2112 suspicantur.
609 2060 663 2098 Ac
693 2062 967 2110 frequentantur

316 2118 353 2153 in
375 2130 417 2154 eo
437 2118 512 2154 eius
533 2117 592 2154 dei
613 2116 802 2165 imagines,
818 2129 885 2153 nec
899 2117 965 2153 mi-

316 2186 385 2210 nus
409 2173 582 2222 imagines
612 2172 775 2221 sphingis
800 2173 964 2221 virgineo

317 2229 435 2280 capite
449 2229 653 2276 insignitae.
671 2228 753 2264 Vid.
765 2229 852 2265 ibid.
865 2229 932 2264 vol.
948 2228 965 2265 I

317 2299 372 2334 cp.
397 2287 448 2325 10
467 2298 504 2335 p.
521 2284 591 2324 7.“
630 2283 802 2322 Creuzer.
823 2285 964 2322 Comm.

316 2340 481 2377 Herodd.
497 2354 533 2390 p.
553 2341 631 2381 161
649 2344 722 2377 not.

354 2391 578 2446 Ἀμμώνιοι,
592 2391 724 2442 ἐόντες
733 2394 964 2447 Αἰγυπτίων

317 2467 357 2491 τε
374 2451 441 2490 καὶ
464 2447 680 2490 Αἰθιόπων
697 2448 858 2491 ἔποικοι
878 2467 912 2490 κ.
929 2466 961 2490 τ.

317 2507 368 2558 λ.]
389 2507 611 2558 Anaglyphis
624 2508 710 2545 haec
725 2508 870 2558 probari
880 2521 964 2546 cen-

320 2570 373 2602 set
386 2565 481 2601 Hirt.
505 2564 526 2600 l.
546 2563 568 2600 l.
588 2576 671 2613 pag.
694 2566 784 2605 126.
817 2564 964 2614 Quippe

318 2620 416 2670 apud
430 2619 638 2656 Ammonios
667 2632 812 2668 quoque
836 2632 963 2656 navem

319 2689 454 2713 sacram
471 2675 640 2725 reperiri,
672 2687 765 2724 quae
793 2688 865 2712 non
896 2676 962 2712 nisi

319 2746 340 2770 e
364 2732 504 2769 Thebis
535 2730 616 2767 illuc
647 2732 767 2768 afferri
795 2731 963 2781 potuerit.

319 2788 374 2825 Ex
383 2787 561 2824 Herodoti
581 2791 700 2823 autem
718 2786 795 2824 loco
807 2787 875 2824 hoc
891 2787 964 2824 col-

319 2844 397 2893 ligit
412 2844 569 2880 Heeren.
601 2842 731 2889 (ldeen
758 2847 823 2879 etc.
853 2843 905 2890 ll,
935 2847 962 2884 2

318 2913 402 2952 pag.
423 2900 504 2948 93)
532 2911 638 2936 unam
666 2899 829 2949 primitus
853 2899 963 2937 videri

1030 882 1142 919 fuisse
1160 879 1408 930 Aethiopicam
1428 883 1538 930 atque
1557 880 1682 931 Aegy-

1031 939 1188 988 ptiacam
1207 938 1386 986 linguam,
1416 941 1479 973 aut
1498 942 1594 974 certe
1621 952 1681 974 co-

1031 998 1193 1043 gnatam,
1222 1006 1266 1031 ex
1286 1006 1357 1029 uno
1379 993 1580 1042 eodemque
1598 994 1681 1030 fon-

1031 1055 1069 1088 te
1097 1050 1300 1087 deductam.
1337 1048 1566 1086 Documento
1598 1054 1682 1087 sunt

1031 1105 1188 1156 templa,
1226 1109 1336 1143 notae
1370 1104 1680 1156 hieroglyphicae,

1032 1161 1241 1213 anaglypha
1269 1162 1307 1198 in
1326 1160 1540 1212 Aethiopiae
1561 1162 1683 1211 regio-

1032 1220 1137 1256 nibus
1148 1247 1159 1265 ,
1178 1231 1273 1268 quae
1289 1230 1406 1267 nuper
1421 1215 1614 1267 Aegyptiis
1634 1218 1682 1255 si-

1032 1275 1178 1313 millima
1196 1276 1344 1312 inventa
1361 1277 1455 1311 sunt.
1471 1275 1579 1311 Conf.
1589 1278 1681 1312 nott.

1032 1332 1080 1369 ad
1094 1331 1140 1378 ΙΙ,
1160 1333 1225 1373 29.
1270 1330 1323 1368 Ae
1342 1333 1496 1368 testatur
1511 1330 1682 1368 recentis-

1033 1388 1143 1425 simus
1161 1387 1414 1437 peregrinator
1443 1387 1490 1424 de
1510 1385 1682 1424 Minutoli

1032 1444 1164 1492 (Reise
1193 1456 1275 1480 zum
1302 1441 1460 1492 Tempel
1476 1446 1544 1480 etc.
1570 1455 1608 1493 p.
1625 1442 1681 1484 94

1033 1504 1070 1537 et
1110 1499 1320 1547 Nachtrkige
1362 1511 1428 1535 zur
1465 1498 1576 1536 Reise
1611 1502 1679 1537 etc.

1030 1568 1117 1607 pag.
1139 1557 1238 1603 106)
1259 1556 1455 1593 etiamnum
1471 1554 1683 1592 Ammonio-

1031 1625 1111 1649 rum
1132 1611 1293 1659 linguam
1318 1612 1466 1649 mixtam
1493 1610 1609 1649 videri
1636 1624 1681 1650 ex

1031 1668 1244 1718 Aethiopica
1261 1671 1298 1705 et
1313 1666 1561 1717 Aegyptiaca,
1593 1666 1682 1705 Am-

1030 1725 1244 1773 moniosque
1274 1724 1374 1774 ipsos
1403 1728 1682 1774 repraesentare

1029 1780 1368 1832 physiognomiam,
1407 1792 1518 1829 quam
1543 1780 1681 1828 dicunt,

1030 1850 1117 1875 vere
1141 1836 1392 1887 Aethiopicam
1418 1836 1683 1886 Aegyptiisque
1703 1876 1717 1885 ,
1758 1821 1759 1834 ¹

1033 1906 1115 1931 esse
1136 1893 1252 1942 magis
1277 1893 1416 1930 rubros.
1455 1892 1537 1930 Nec
1561 1892 1683 1930 omisit

1031 1950 1214 1987 Herodoti
1234 1949 1480 1986 testimonium
1501 1948 1682 1986 Henrich-

1032 2019 1109 2042 sen.
1129 2006 1196 2053 (de
1206 2006 1396 2043 Phoenicis
1414 2004 1523 2042 fabul.
1543 2009 1636 2055 part.
1646 2004 1680 2042 II

1031 2065 1158 2111 pag.7
1177 2073 1252 2110 seq.
1270 2062 1391 2099 Havn.
1419 2061 1570 2110 1827),
1607 2073 1681 2111 quo

1031 2121 1262 2164 monstraret,
1293 2118 1339 2155 ab
1361 2118 1490 2155 eodem
1512 2118 1683 2154 sacerdo-

1030 2177 1105 2209 tum
1133 2173 1281 2219 ordine,
1319 2174 1376 2210 cui
1403 2172 1598 2223 Aethiopia
1624 2173 1682 2210 in-

1030 2229 1154 2266 stituta
1181 2229 1389 2278 cultumque
1417 2229 1570 2276 debeat,
1607 2227 1683 2267 Ae-

1029 2287 1184 2335 gyptum
1220 2297 1366 2334 quoque
1398 2285 1488 2322 deos
1524 2297 1608 2322 suos
1636 2298 1681 2322 ac

1032 2353 1133 2377 sacra
1144 2341 1324 2390 accepisse
1345 2353 1386 2378 ae
1400 2341 1515 2390 primo
1533 2341 1680 2390 quidem

1033 2395 1194 2443 Thebas,
1223 2397 1284 2433 ubi
1301 2396 1349 2433 illi
1367 2397 1574 2435 sacerdotes
1593 2410 1699 2438 con-.

1031 2452 1209 2499 sederint,
1238 2466 1305 2503 per
1332 2454 1536 2491 universam
1555 2453 1679 2504 Aegy-

1029 2513 1132 2558 ptum
1149 2521 1233 2544 mox
1251 2508 1374 2546 delati.

1086 2562 1153 2602 καὶ
1186 2561 1328 2614 φωνήν
1355 2586 1411 2593 —
1438 2566 1680 2617 νομίζον-

1029 2634 1050 2657 τ
1060 2634 1076 2657 ε
1088 2618 1130 2670 ς]
1155 2620 1175 2656 i.
1189 2633 1219 2657 e.
1234 2623 1270 2657 in
1283 2634 1346 2658 usu
1363 2622 1498 2669 habent,
1520 2627 1679 2659 utuntur.

1031 2676 1138 2712 conf.
1169 2676 1205 2723 I,
1245 2679 1336 2719 131.
1373 2678 1462 2720 142.
1505 2678 1678 2716 Dativum

1031 2733 1151 2784 φωνῇ
1177 2733 1317 2770 addidit
1338 2734 1475 2772 Noster
1501 2734 1572 2781 IV,
1598 2736 1678 2775 117

1030 2788 1111 2824 coll.
1129 2787 1182 2834 ll,
1209 2790 1274 2830 50.
1305 2811 1361 2817 —-
1391 2791 1450 2828 Ad
1471 2788 1678 2841 ἐπωνυμίη
1748 2811 1750 2819 ν

1031 2845 1123 2880 conf.
1146 2844 1173 2890 l,
1200 2846 1262 2886 14.
1287 2845 1331 2893 ll,
1346 2846 1383 2887 4.
1747 2857 1750 2864 ¹

1082 2895 1226 2951 Ἀμοῦν
1256 2899 1330 2954 γοῖρ
1359 2898 1572 2954 Αἰγύπτιοι
1602 2916 1675 2941 κα-
