1759 3324
21 373 124 409 lasgos
135 380 199 402 eum
210 372 299 400 Athe·

21 408 187 446 mensibus·
216 407 299 434 habi-

20 478 81 501 tem
112 448 297 501 'sgii'iiiiharg-

21 509 98 535 eiam
123 508 296 542 incomiesc,

20 541 123 575 ibique
175 541 298 581 Cabiro-

22 583 88 602 rum
107 583 193 603 sacra
211 579 298 603 msu-

21 444 102 468 tasse

21 609 127 637 tuisse.

353 257 439 297 6⁰4

751 258 1219 297 HERODOTI

355 368 606 422 Αἰγυπτίων
634 370 895 423 νενομίκασι.
944 373 1024 412 τοῦ
1055 369 1098 412 δὲ
1120 366 1280 423 Ἑρμέω
1309 365 1360 410 τοὶ
1392 365 1615 423 ἀγάλματα

355 444 469 502 ὀρθὰ
500 447 610 502 ἔχειν
630 447 683 490 τά
705 450 848 490 αἰδοῖα
868 452 1113 498 ποιεῦντες,
1144 445 1225 490 οὐκ
1249 443 1329 489 ἀπ’
1366 448 1672 502 Αἰγυπτίωνξὶο

354 525 658 588 μειιιεπιθήκοεσι,7
685 525 781 568 ἄλλ’
812 524 896 569 ἀπὸ
933 530 1190 581 Πελασγῶν·
1222 529 1388 578 πρῶτοι
1417 526 1496 579 μὲν
1521 523 1613 567 Ἑλ-

355 604 499 660 λήνων
536 602 740 647 ἁπάντων
776 602 997 660 Ἀθηναῖοι
1026 604 1369 660 παραλαβόντες,
1419 603 1537 657 παρά
1569 605 1616 648 δὲ

325 681 526 726 Ξτούτων
548 681 694 725 τὧλλοι
763 679 1031 726 Ἀθνναίοισι
1100 683 1108 695 “
1203 683 1249 726 '¹6
1403 699 1415 709 ’
1471 686 1489 694 ”
1577 683 1591 698 ’

699 714 706 722 .
855 712 866 737 1
1059 701 1164 738 γαρ,
1195 701 1222 738 η
1256 700 1278 739 η
1306 699 1543 738 τηνιιιαυτα
1573 699 1615 733 ες

343 760 554 817 ’Έλληνας
589 759 804 812 τελέουσι,
853 762 1069 816 Πελασγοὶ
1108 760 1308 804 σύνοικοι
1338 760 1538 816 ἐγένοντο
1568 761 1615 805 ἐν

354 844 409 897 τῇ
435 839 574 896 χώρῃ·
614 838 719 882 ὅθεν
749 854 829 894 περ
859 839 933 882 καὶ
949 839 1154 896 ’Έλληνες
1182 839 1368 896 ἤρξαντο
1397 843 1633 896 νομισθῆε

326 925 443 962 svm.
502 917 621 970 ὅστις
659 919 704 962 δὲ
741 916 794 962 τὰ
835 919 1068 974 Καβείρων
1120 917 1248 973 ὄργια
1283 916 1513 974 μεμύηται,
1560 917 1671 962 τά95

295 1108 388 1145 nent.
446 1103 528 1142 Nec
573 1103 770 1141 admodum
817 1103 952 1151 differt,

298 1162 398 1212 quod
418 1161 587 1198 continuo
603 1160 752 1208 legitur:
788 1154 851 1199 ἄπ’
880 1159 952 1198 Αἰ-

296 1217 474 1271 γυπτίων
513 1211 782 1269 μεμαθήκασι.
842 1217 950 1254 Conf.

299 1274 363 1322 IV,
383 1277 449 1316 27.

355 1332 429 1370 τοῦ
448 1327 490 1369 δὲ
506 1327 950 1380 Ἑρμέω-ποιεῦντες]

299 1388 324 1426 ἰ.
346 1401 377 1425 e.
386 1387 535 1437 faciunt
555 1385 730 1423 Mercurii
749 1390 889 1423 statuas
898 1388 953 1423 ita

299 1448 340 1482 ut
356 1444 504 1480 habeant
523 1447 635 1480 erecta
650 1442 823 1492 pudenda.
864 1442 954 1480 Per-

299 1501 393 1538 tinet
410 1500 479 1537 huc
492 1500 678 1537 Ciceronis
697 1499 796 1536 locus
820 1499 867 1536 de
877 1503 951 1536 nat.

301 1557 404 1594 deor.
425 1556 475 1593 ΙΙΙ
489 1586 500 1603 ,
518 1559 590 1597 22:
622 1583 645 1602 „
661 1555 766 1592 Unus
788 1555 952 1603 (Mercu-

301 1614 394 1661 rius)
408 1612 520 1649 Coelo
539 1617 656 1662 patre,
667 1611 739 1648 Die
757 1616 872 1649 matre
887 1624 954 1648 na-

301 1673 379 1706 tus:
417 1669 517 1706 cuius
560 1668 772 1705 obscoenius
801 1668 955 1706 excitata

299 1729 430 1762 natura
457 1725 634 1771 traditur,
672 1725 773 1774 quod
805 1728 955 1774 aspectu

300 1780 545 1832 Proserpinae
599 1786 799 1818 commotus
860 1781 916 1817 sit.
929 1781 954 1800 “

303 1838 409 1882 Quae
447 1850 521 1887 quo
560 1830 749 1887 spectanti,
788 1836 956 1887 explicuit

302 1894 474 1931 Creuzer.
494 1893 531 1930 in
547 1898 635 1929 nota
658 1894 831 1940 subiecta,
844 1905 953 1942 quam

301 1950 472 1987 continuo
493 1949 698 1987 afferemus.
739 1949 955 1998 Intelligitur

300 2010 425 2043 autem
444 2006 477 2042 h.
498 2005 520 2042 l.
544 2004 744 2042 Mercurius
771 2005 954 2055 ithyphal-

299 2060 414 2108 licus,
443 2061 506 2110 qui
526 2061 656 2097 dicitur
684 2067 722 2098 et
748 2066 870 2099 erecto
898 2062 954 2098 fa-

299 2117 399 2154 scino
420 2121 734 2166 repraesentatur,
764 2131 843 2154 cum
861 2117 954 2153 ratio

300 2172 348 2209 sit
369 2173 550 2210 seminalis
582 2173 741 2209 omnium
766 2185 886 2210 rerum
915 2173 954 2209 in

299 2231 430 2265 natura
459 2227 637 2277 genitrix,
676 2228 762 2265 solis
799 2229 852 2265 vis
892 2241 954 2266 ve-

301 2287 442 2333 getans.
512 2284 585 2327 Qui
625 2284 669 2321 C.
711 2285 758 2321 O.
798 2283 954 2322 Miillero

301 2339 492 2388 (Etrusco.
512 2339 529 2376 Ι
554 2352 640 2390 pag.
661 2341 746 2388 77)
775 2340 873 2377 idem
901 2341 955 2376 vi-

301 2397 409 2434 detur
428 2400 538 2444 atque
557 2396 712 2433 Hermes
733 2396 952 2442 Chthonius,

301 2451 364 2501 qui
377 2453 535 2488 omnium
544 2464 662 2489 rerum
674 2464 820 2502 parens,
831 2453 954 2489 omnia

300 2508 400 2545 bona
431 2507 637 2545 hominibus
663 2511 852 2558 praestare
880 2509 954 2545 fer-

301 2567 373 2601 tur.

355 2614 606 2670 ’Λθηναίοισι
624 2615 719 2672 γὰρ,
743 2616 823 2669 ἤδη
846 2634 953 2668 τηνι-

301 2677 430 2714 καῦτα
459 2690 494 2714 κ.
514 2690 546 2714 τ.
568 2674 619 2725 λ.]
663 2675 846 2712 Particula
872 2673 951 2726 ἤδη

302 2731 396 2769 male
435 2732 541 2770 abest
575 2744 597 2769 a
623 2731 715 2768 binis
747 2732 877 2779 codd.,
906 2732 952 2769 ab

300 2787 379 2825 aliis
398 2800 592 2839 perperam
619 2788 850 2824 confunditur
873 2801 953 2824 cum

301 2839 375 2894 δή,·
415 2844 639 2893 significatur
678 2843 772 2880 enim
810 2847 952 2893 tempus

301 2899 387 2937 olim
405 2900 540 2948 fuisse,
570 2912 643 2950 quo
661 2900 824 2936 nondum
840 2899 954 2937 Athe-

1019 1104 1164 1142 nienses
1201 1101 1396 1140 Hellenum
1437 1103 1476 1141 in
1522 1115 1673 1142 numero

1019 1162 1153 1198 fuer-lut
1171 1159 1302 1205 habiti3
1331 1159 1371 1196 id
1390 1160 1489 1209 quod
1504 1161 1674 1199 convenit

1020 1229 1100 1254 cum
1118 1217 1182 1262 iis,
1212 1215 1359 1264 quael,
1389 1218 1444 1258 57
1470 1221 1673 1264 narrantur,

1019 1273 1081 1310 ubi
1103 1273 1174 1309 vid.
1194 1275 1301 1320 nott.,
1331 1272 1462 1322 quibus
1483 1272 1549 1310 Cr.
1571 1273 1675 1310 addit

1020 1329 1152 1378 Hejne
1172 1328 1269 1365 obss.
1288 1329 1337 1366 ad
1355 1328 1524 1379 Apollod.
1546 1342 1583 1380 p.
1604 1328 1671 1370 40.

1019 1408 1076 1414 ——
1095 1387 1218 1424 τελεῖν
1237 1383 1277 1430 ἐς
1291 1381 1489 1436 ’Έλληνας
1500 1384 1671 1423 estzHel-

1021 1442 1154 1479 lem‘bus
1180 1443 1354 1478 accenseri
1362 1455 1374 1486 ,·
1404 1443 1451 1480 de
1481 1454 1553 1491 qua
1571 1442 1672 1479 verbi

1021 1499 1170 1536 notione
1185 1498 1278 1535 conf.
1288 1497 1411 1546 Viger.
1434 1499 1482 1536 de
1497 1498 1668 1535 idiotism.

1020 1567 1107 1605 pag.
1142 1557 1221 1596 187
1256 1557 1294 1591 et
1318 1553 1502 1592 Schaefer.
1531 1553 1670 1592 Melett.

1020 1624 1107 1662 pag.
1129 1612 1194 1651 28.
1250 1609 1310 1647 Ad
1330 1614 1581 1659 argumentum
1604 1610 1673 1647 loci

1022 1667 1118 1704 haud
1135 1667 1207 1703 scio
1229 1679 1274 1703 an
1294 1667 1419 1704 referri
1441 1667 1557 1717 possit
1577 1666 1673 1704 anti-

1023 1736 1133 1773 quum
1153 1721 1323 1760 Mercurii
1352 1724 1494 1772 signum
1511 1722 1674 1761 Athena-

1022 1793 1101 1816 rum
1122 1780 1160 1816 in
1188 1779 1325 1816 arcein
1349 1779 1510 1816 Poliadis
1533 1778 1672 1829 templo

1023 1848 1045 1872 a
1064 1836 1250 1885 Cecrope,
1281 1838 1320 1872 ut
1351 1836 1539 1883 ferebant,
1568 1835 1674 1873 dedi-

1022 1896 1143 1928 catum
1162 1896 1435 1940 myrtorumque
1464 1891 1559 1929 foliis
1576 1890 1675 1929 vela-

1021 1952 1095 1984 tum
1111 1977 1120 1993 ‚
1147 1961 1193 1984 ne
1209 1947 1344 1985 scilicet
1363 1947 1562 1986 Mercurius
1578 1947 1674 1996 ithy-

1021 2004 1196 2054 phallicus
1219 2008 1340 2042 erecto
1359 2004 1496 2041 fascino
1524 2015 1673 2054 reprae-

1023 2064 1207 2107 sentatus,
1238 2060 1453 2109 conspicuus
1482 2060 1578 2097 foret
1603 2059 1675 2096 vir-

1023 2117 1194 2165 ginisque
1210 2116 1433 2153 castissimae
1459 2116 1497 2152 in
1516 2115 1673 2152 sacrario

1020 2171 1106 2208 talia
1126 2172 1356 2222 adparerent.
1413 2171 1497 2209 Vid.
1514 2171 1672 2209 Pansan.

1022 2228 1061 2274 I,
1084 2231 1137 2268 27
1160 2232 1195 2264 et
1214 2228 1351 2264 Stuart.
1371 2227 1510 2277 antiqq.
1539 2225 1673 2265 Athen.

1021 2283 1038 2320 1
1057 2297 1095 2333 p.
1115 2282 1195 2324 471
1213 2295 1306 2320 vers.
1330 2295 1493 2331 german.

1076 2335 1180 2384 ’ὅστις
1197 2336 1239 2377 δὲ
1257 2335 1304 2377 τὰ
1325 2338 1536 2390 Καβείρων
1558 2335 1674 2389 ὄργια

1021 2390 1239 2445 μεμύηται]
1277 2391 1472 2446 Κάβειροι
1505 2395 1673 2432 dicuntur

1020 2451 1070 2488 dii
1088 2450 1233 2500 magni,
1261 2455 1451 2500 potentes,
1476 2451 1538 2500 qui
1554 2452 1590 2488 in
1601 2452 1674 2488 Sa-

1019 2507 1243 2544 mothracum
1262 2507 1370 2544 initiis
1391 2507 1567 2555 coluntur,
1580 2506 1674 2544 mul-

1019 2567 1096 2600 tum
1109 2562 1278 2600 celebrati
1295 2568 1453 2601 veterum
1471 2563 1508 2600 in
1527 2563 1674 2612 religio-

1020 2619 1138 2655 nibus.
1202 2618 1243 2654 In
1275 2618 1330 2656 his
1367 2619 1509 2656 Cabiris
1543 2620 1674 2657 Samo-

1020 2674 1163 2712 thraeiis
1187 2679 1354 2724 quartum
1376 2674 1495 2713 locum
1511 2676 1673 2713 tenuisse

1021 2734 1163 2768 constat
1184 2731 1383 2767 Casmilum
1407 2745 1435 2768 s.
1457 2731 1673 2777 Cadmssum,

1022 2787 1176 2824 eundem
1205 2787 1281 2824 fere
1308 2791 1418 2836 atque
1442 2786 1673 2834 Mercurium,

1022 2855 1129 2891 quem
1164 2842 1274 2879 modo
1309 2842 1544 2880 indicavimus
1581 2843 1673 2891 ithy-

1021 2898 1210 2949 phallicum
1247 2898 1284 2935 in
1312 2900 1491 2948 mysteriis
1527 2898 1672 2946 cultum,
