<?xml version="1.0" encoding="UTF-8"?>
<!DOCTYPE html PUBLIC "-//W3C//DTD XHTML 1.0 Transitional//EN"
    "http://www.w3.org/TR/xhtml1/DTD/xhtml1-transitional.dtd">
<html xmlns="http://www.w3.org/1999/xhtml" xml:lang="en" lang="en">
 <head>
  <title>
</title>
<meta http-equiv="Content-Type" content="text/html;charset=utf-8" />
  <meta name='ocr-system' content='tesseract 3.04.00' />
  <meta name='ocr-capabilities' content='ocr_page ocr_carea ocr_par ocr_line ocrx_word'/>
</head>
<body>
  <div class='ocr_page' id='page_1' title='image "./musaeher01hero/musaeher01hero_0735.png"; bbox 0 0 1759 3324; ppageno 0'>
   <div class='ocr_carea' id='block_1_1' title="bbox 534 256 1054 299">
    <p class='ocr_par' dir='ltr' id='par_1_1' title="bbox 534 256 1054 299">
     <span class='ocr_line' id='line_1_1' title="bbox 534 256 1054 299; baseline -0.012 0"><span class='ocrx_word' id='word_1_1' title='bbox 534 256 957 299; x_wconf 89' lang='lat' dir='ltr'>EUTERPE.</span> <span class='ocrx_word' id='word_1_2' title='bbox 1008 256 1054 294; x_wconf 90' lang='lat' dir='ltr'>II.</span> 
     </span>
    </p>
   </div>
   <div class='ocr_carea' id='block_1_2' title="bbox 1331 257 1415 296">
    <p class='ocr_par' dir='ltr' id='par_1_2' title="bbox 1331 257 1415 296">
     <span class='ocr_line' id='line_1_2' title="bbox 1331 257 1415 296; baseline 0.012 -1"><span class='ocrx_word' id='word_1_3' title='bbox 1331 257 1415 296; x_wconf 64' lang='lat'>713</span> 
     </span>
    </p>
   </div>
   <div class='ocr_carea' id='block_1_3' title="bbox 158 364 1414 428">
    <p class='ocr_par' dir='ltr' id='par_1_3' title="bbox 158 364 1414 428">
     <span class='ocr_line' id='line_1_3' title="bbox 158 364 1414 428; baseline -0.012 -7"><span class='ocrx_word' id='word_1_4' title='bbox 158 393 288 428; x_wconf 86' lang='grc' dir='ltr'><strong><em>πτον,</em></strong></span> <span class='ocrx_word' id='word_1_5' title='bbox 333 374 439 418; x_wconf 83' lang='grc' dir='ltr'><strong><em>κατὰ</em></strong></span> <span class='ocrx_word' id='word_1_6' title='bbox 469 374 554 413; x_wconf 80' lang='grc' dir='ltr'><strong><em>τῶν</em></strong></span> <span class='ocrx_word' id='word_1_7' title='bbox 584 368 714 423; x_wconf 85' lang='grc' dir='ltr'><strong><em>ἷρέων</em></strong></span> <span class='ocrx_word' id='word_1_8' title='bbox 750 365 830 422; x_wconf 74' lang='grc' dir='ltr'><strong><em>τήν</em></strong></span> <span class='ocrx_word' id='word_1_9' title='bbox 859 365 1016 422; x_wconf 81' lang='grc' dir='ltr'><em>φάτιν,</em></span> <span class='ocrx_word' id='word_1_10' title='bbox 1073 364 1279 420; x_wconf 83' lang='grc' dir='ltr'><strong><em>στρατιὴν</em></strong></span> <span class='ocrx_word' id='word_1_11' title='bbox 1306 368 1414 407; x_wconf 85' lang='grc' dir='ltr'><strong><em>πολ-</em></strong></span> 
     </span>
    </p>
   </div>
   <div class='ocr_carea' id='block_1_4' title="bbox 157 442 1557 511">
    <p class='ocr_par' dir='ltr' id='par_1_4' title="bbox 157 442 1557 511">
     <span class='ocr_line' id='line_1_4' title="bbox 157 442 1557 511; baseline -0.01 -12"><span class='ocrx_word' id='word_1_12' title='bbox 157 455 236 511; x_wconf 75' lang='grc' dir='ltr'><strong><em>λὴν</em></strong></span> <span class='ocrx_word' id='word_1_13' title='bbox 264 451 410 509; x_wconf 73' lang='grc' dir='ltr'><strong><em>λαβών</em></strong></span> <span class='ocrx_word' id='word_1_14' title='bbox 442 449 600 506; x_wconf 80' lang='grc' dir='ltr'><strong><em>ἤλαυνε</em></strong></span> <span class='ocrx_word' id='word_1_15' title='bbox 630 447 701 490; x_wconf 78' lang='grc' dir='ltr'><em>διὰ</em></span> <span class='ocrx_word' id='word_1_16' title='bbox 729 450 803 501; x_wconf 85' lang='grc' dir='ltr'>τῆς</span> <span class='ocrx_word' id='word_1_17' title='bbox 831 444 1040 502; x_wconf 73' lang='grc' dir='ltr'><strong><em>ἠπείρου,</em></strong></span> <span class='ocrx_word' id='word_1_18' title='bbox 1091 449 1179 487; x_wconf 83' lang='grc' dir='ltr'><strong><em>πᾶν</em></strong></span> <span class='ocrx_word' id='word_1_19' title='bbox 1209 444 1340 493; x_wconf 75' lang='grc' dir='ltr'><strong><em>ἔθνος</em></strong></span> <span class='ocrx_word' id='word_1_20' title='bbox 1367 442 1416 485; x_wconf 84' lang='grc' dir='ltr'>τὸ</span> <span class='ocrx_word' id='word_1_21' title='bbox 1478 444 1557 485; x_wconf 88' lang='grc'>150</span> 
     </span>
    </p>
   </div>
   <div class='ocr_carea' id='block_1_5' title="bbox 130 520 1419 589">
    <p class='ocr_par' dir='ltr' id='par_1_5' title="bbox 130 520 1419 589">
     <span class='ocr_line' id='line_1_5' title="bbox 130 520 1419 589; baseline -0.009 -14"><span class='ocrx_word' id='word_1_22' title='bbox 130 531 364 589; x_wconf 77' lang='grc' dir='ltr'><strong><em>4έμποδων</em></strong></span> <span class='ocrx_word' id='word_1_23' title='bbox 392 524 802 582; x_wconf 80' lang='grc' dir='ltr'><strong><em>καταστρεφόμενος.</em></strong></span> <span class='ocrx_word' id='word_1_24' title='bbox 859 524 1020 568; x_wconf 78' lang='grc' dir='ltr'><em>ὁτέοισι</em></span> <span class='ocrx_word' id='word_1_25' title='bbox 1049 524 1128 580; x_wconf 91' lang='grc' dir='ltr'><strong><em>μέν</em></strong></span> <span class='ocrx_word' id='word_1_26' title='bbox 1156 540 1240 566; x_wconf 89' lang='grc' dir='ltr'>νυν</span> <span class='ocrx_word' id='word_1_27' title='bbox 1272 520 1419 565; x_wconf 77' lang='grc' dir='ltr'><strong><em>αὐτῶν</em></strong></span> 
     </span>
    </p>
   </div>
   <div class='ocr_carea' id='block_1_6' title="bbox 160 602 1444 667">
    <p class='ocr_par' dir='ltr' id='par_1_6' title="bbox 160 602 1444 667">
     <span class='ocr_line' id='line_1_6' title="bbox 160 602 1444 667; baseline -0.009 -12"><span class='ocrx_word' id='word_1_28' title='bbox 160 611 378 667; x_wconf 77' lang='grc' dir='ltr'><em>ἀλκίμοισι</em></span> <span class='ocrx_word' id='word_1_29' title='bbox 406 604 657 661; x_wconf 73' lang='grc' dir='ltr'><strong><em>ἐνετύγχανε</em></strong></span> <span class='ocrx_word' id='word_1_30' title='bbox 697 606 769 648; x_wconf 83' lang='grc' dir='ltr'><strong><em>καὶ</em></strong></span> <span class='ocrx_word' id='word_1_31' title='bbox 811 606 965 655; x_wconf 75' lang='grc' dir='ltr'><strong><em>δεινῶς</em></strong></span> <span class='ocrx_word' id='word_1_32' title='bbox 995 602 1288 659; x_wconf 78' lang='grc' dir='ltr'><em>γλιχομένοισι</em></span> <span class='ocrx_word' id='word_1_33' title='bbox 1317 603 1444 656; x_wconf 78' lang='grc' dir='ltr'>περὶΙ</span> 
     </span>
    </p>
   </div>
   <div class='ocr_carea' id='block_1_7' title="bbox 157 680 1420 747">
    <p class='ocr_par' dir='ltr' id='par_1_7' title="bbox 157 680 1420 747">
     <span class='ocr_line' id='line_1_7' title="bbox 157 680 1420 747; baseline -0.009 -13"><span class='ocrx_word' id='word_1_34' title='bbox 157 695 231 747; x_wconf 83' lang='grc' dir='ltr'>τῆς</span> <span class='ocrx_word' id='word_1_35' title='bbox 259 688 528 742; x_wconf 78' lang='grc' dir='ltr'><strong><em>ἐλευθερίης,</em></strong></span> <span class='ocrx_word' id='word_1_36' title='bbox 571 683 762 727; x_wconf 88' lang='grc' dir='ltr'><em>τούτοισι</em></span> <span class='ocrx_word' id='word_1_37' title='bbox 803 683 882 739; x_wconf 75' lang='grc' dir='ltr'><strong><em>μὲν</em></strong></span> <span class='ocrx_word' id='word_1_38' title='bbox 910 683 1067 740; x_wconf 81' lang='grc' dir='ltr'><strong><em>στήλας</em></strong></span> <span class='ocrx_word' id='word_1_39' title='bbox 1097 683 1240 738; x_wconf 77' lang='grc' dir='ltr'><strong><em>ἐνίστη</em></strong></span> <span class='ocrx_word' id='word_1_40' title='bbox 1270 680 1313 732; x_wconf 80' lang='grc' dir='ltr'>ἐς</span> <span class='ocrx_word' id='word_1_41' title='bbox 1341 680 1420 731; x_wconf 74' lang='grc' dir='ltr'><strong><em>τοὶς</em></strong></span> 
     </span>
    </p>
   </div>
   <div class='ocr_carea' id='block_1_8' title="bbox 156 758 1416 824">
    <p class='ocr_par' dir='ltr' id='par_1_8' title="bbox 156 758 1416 824">
     <span class='ocr_line' id='line_1_8' title="bbox 156 758 1416 824; baseline -0.007 -13"><span class='ocrx_word' id='word_1_42' title='bbox 156 767 319 824; x_wconf 77' lang='grc' dir='ltr'><strong><em>χώρας,</em></strong></span> <span class='ocrx_word' id='word_1_43' title='bbox 351 765 423 809; x_wconf 78' lang='grc' dir='ltr'><em>διὰ</em></span> <span class='ocrx_word' id='word_1_44' title='bbox 451 763 714 820; x_wconf 77' lang='grc' dir='ltr'><strong><em>γραμμάτων</em></strong></span> <span class='ocrx_word' id='word_1_45' title='bbox 743 762 954 819; x_wconf 80' lang='grc' dir='ltr'>λεγούσας</span> <span class='ocrx_word' id='word_1_46' title='bbox 991 761 1040 806; x_wconf 92' lang='grc' dir='ltr'>τό</span> <span class='ocrx_word' id='word_1_47' title='bbox 1071 778 1115 805; x_wconf 89' lang='grc' dir='ltr'>τε</span> <span class='ocrx_word' id='word_1_48' title='bbox 1145 761 1312 804; x_wconf 77' lang='grc' dir='ltr'><strong><em>ἑωυτοῦ</em></strong></span> <span class='ocrx_word' id='word_1_49' title='bbox 1340 758 1416 803; x_wconf 79' lang='grc' dir='ltr'>οὕ-</span> 
     </span>
    </p>
   </div>
   <div class='ocr_carea' id='block_1_9' title="bbox 156 838 1420 903">
    <p class='ocr_par' dir='ltr' id='par_1_9' title="bbox 156 838 1420 903">
     <span class='ocr_line' id='line_1_9' title="bbox 156 838 1420 903; baseline -0.007 -13"><span class='ocrx_word' id='word_1_50' title='bbox 156 865 269 903; x_wconf 91' lang='grc' dir='ltr'><strong><em>νομα</em></strong></span> <span class='ocrx_word' id='word_1_51' title='bbox 298 847 474 900; x_wconf 75' lang='grc' dir='ltr'><strong><em>καὶτῆς</em></strong></span> <span class='ocrx_word' id='word_1_52' title='bbox 506 844 690 900; x_wconf 80' lang='grc' dir='ltr'><strong><em>πάτρης,</em></strong></span> <span class='ocrx_word' id='word_1_53' title='bbox 749 843 822 886; x_wconf 83' lang='grc' dir='ltr'><strong><em>καὶ</em></strong></span> <span class='ocrx_word' id='word_1_54' title='bbox 860 841 918 893; x_wconf 79' lang='grc' dir='ltr'>ὠς</span> <span class='ocrx_word' id='word_1_55' title='bbox 961 839 1124 898; x_wconf 79' lang='grc' dir='ltr'><em>δυνάμι</em></span> <span class='ocrx_word' id='word_1_56' title='bbox 1162 843 1214 895; x_wconf 83' lang='grc' dir='ltr'>τῇ</span> <span class='ocrx_word' id='word_1_57' title='bbox 1253 838 1420 882; x_wconf 75' lang='grc' dir='ltr'><strong><em>ἑωυτοῦ</em></strong></span> 
     </span>
    </p>
   </div>
   <div class='ocr_carea' id='block_1_10' title="bbox 129 916 1446 979">
    <p class='ocr_par' dir='ltr' id='par_1_10' title="bbox 129 916 1446 979">
     <span class='ocr_line' id='line_1_10' title="bbox 129 916 1446 979; baseline -0.005 -14"><span class='ocrx_word' id='word_1_58' title='bbox 129 923 477 979; x_wconf 64' lang='grc' dir='ltr'><strong><em>ἥκατεστρέψατό</em></strong></span> <span class='ocrx_word' id='word_1_59' title='bbox 508 936 655 978; x_wconf 89' lang='grc' dir='ltr'><strong><em>σφεας.</em></strong></span> <span class='ocrx_word' id='word_1_60' title='bbox 714 920 849 965; x_wconf 83' lang='grc' dir='ltr'><strong><em>ὁτέων</em></strong></span> <span class='ocrx_word' id='word_1_61' title='bbox 880 922 924 965; x_wconf 81' lang='grc' dir='ltr'>δὲ</span> <span class='ocrx_word' id='word_1_62' title='bbox 956 919 1139 977; x_wconf 74' lang='grc' dir='ltr'><strong><em>ἀμαχητὶ</em></strong></span> <span class='ocrx_word' id='word_1_63' title='bbox 1183 918 1257 962; x_wconf 81' lang='grc' dir='ltr'><strong><em>καὶ</em></strong></span> <span class='ocrx_word' id='word_1_64' title='bbox 1291 916 1446 961; x_wconf 82' lang='grc' dir='ltr'><strong><em>εὐπε-5</em></strong></span> 
     </span>
    </p>
   </div>
   <div class='ocr_carea' id='block_1_11' title="bbox 156 996 1420 1059">
    <p class='ocr_par' dir='ltr' id='par_1_11' title="bbox 156 996 1420 1059">
     <span class='ocr_line' id='line_1_11' title="bbox 156 996 1420 1059; baseline -0.007 -11"><span class='ocrx_word' id='word_1_65' title='bbox 156 1005 262 1056; x_wconf 87' lang='grc' dir='ltr'><strong><em>τέως</em></strong></span> <span class='ocrx_word' id='word_1_66' title='bbox 290 1004 505 1059; x_wconf 87' lang='grc' dir='ltr'><strong><em>παρέλαβε</em></strong></span> <span class='ocrx_word' id='word_1_67' title='bbox 538 1001 613 1053; x_wconf 76' lang='grc' dir='ltr'><strong><em>τας</em></strong></span> <span class='ocrx_word' id='word_1_68' title='bbox 640 1000 790 1053; x_wconf 87' lang='grc' dir='ltr'><strong><em>πόλις,</em></strong></span> <span class='ocrx_word' id='word_1_69' title='bbox 833 998 1026 1044; x_wconf 84' lang='grc' dir='ltr'><em>τούτοισι</em></span> <span class='ocrx_word' id='word_1_70' title='bbox 1057 1000 1102 1042; x_wconf 80' lang='grc' dir='ltr'>δὲ</span> <span class='ocrx_word' id='word_1_71' title='bbox 1134 997 1345 1053; x_wconf 75' lang='grc' dir='ltr'>ἐνέγραφε</span> <span class='ocrx_word' id='word_1_72' title='bbox 1374 996 1420 1039; x_wconf 77' lang='grc' dir='ltr'><strong><em>ἐν</em></strong></span> 
     </span>
    </p>
   </div>
   <div class='ocr_carea' id='block_1_12' title="bbox 157 1076 1421 1141">
    <p class='ocr_par' dir='ltr' id='par_1_12' title="bbox 157 1076 1421 1141">
     <span class='ocr_line' id='line_1_12' title="bbox 157 1076 1421 1141; baseline -0.008 -14"><span class='ocrx_word' id='word_1_73' title='bbox 157 1088 258 1141; x_wconf 81' lang='grc' dir='ltr'><em>τῇσι</em></span> <span class='ocrx_word' id='word_1_74' title='bbox 288 1082 465 1140; x_wconf 82' lang='grc' dir='ltr'><strong><em>στήλῃσι</em></strong></span> <span class='ocrx_word' id='word_1_75' title='bbox 499 1081 609 1126; x_wconf 80' lang='grc' dir='ltr'><strong><em>κατὰ</em></strong></span> <span class='ocrx_word' id='word_1_76' title='bbox 643 1079 780 1125; x_wconf 75' lang='grc' dir='ltr'>ταύτὰ</span> <span class='ocrx_word' id='word_1_77' title='bbox 809 1081 882 1124; x_wconf 81' lang='grc' dir='ltr'><strong><em>καὶ</em></strong></span> <span class='ocrx_word' id='word_1_78' title='bbox 909 1083 1023 1122; x_wconf 83' lang='grc' dir='ltr'><em>τοῖσι</em></span> <span class='ocrx_word' id='word_1_79' title='bbox 1054 1076 1302 1132; x_wconf 75' lang='grc' dir='ltr'>ἀνδρηίοισι</span> <span class='ocrx_word' id='word_1_80' title='bbox 1331 1078 1421 1118; x_wconf 71' lang='grc' dir='ltr'><strong><em>τῶν</em></strong></span> 
     </span>
    </p>
   </div>
   <div class='ocr_carea' id='block_1_13' title="bbox 159 1154 1421 1218">
    <p class='ocr_par' dir='ltr' id='par_1_13' title="bbox 159 1154 1421 1218">
     <span class='ocr_line' id='line_1_13' title="bbox 159 1154 1421 1218; baseline -0.008 -12"><span class='ocrx_word' id='word_1_81' title='bbox 159 1161 324 1206; x_wconf 74' lang='grc' dir='ltr'><strong><em>ἐθνέων</em></strong></span> <span class='ocrx_word' id='word_1_82' title='bbox 358 1163 652 1218; x_wconf 82' lang='grc' dir='ltr'><strong><em>γενομένοισι·</em></strong></span> <span class='ocrx_word' id='word_1_83' title='bbox 710 1161 785 1204; x_wconf 82' lang='grc' dir='ltr'><strong><em>καὶ</em></strong></span> <span class='ocrx_word' id='word_1_84' title='bbox 824 1158 875 1215; x_wconf 76' lang='grc' dir='ltr'>δή</span> <span class='ocrx_word' id='word_1_85' title='bbox 914 1158 989 1202; x_wconf 82' lang='grc' dir='ltr'><strong><em>καὶ</em></strong></span> <span class='ocrx_word' id='word_1_86' title='bbox 1029 1158 1174 1200; x_wconf 84' lang='grc' dir='ltr'><strong><em>αἰδοῖα</em></strong></span> <span class='ocrx_word' id='word_1_87' title='bbox 1213 1154 1421 1211; x_wconf 80' lang='grc' dir='ltr'><strong><em>γυναικὸς</em></strong></span> 
     </span>
    </p>
   </div>
   <div class='ocr_carea' id='block_1_14' title="bbox 160 1234 1420 1297">
    <p class='ocr_par' dir='ltr' id='par_1_14' title="bbox 160 1234 1420 1297">
     <span class='ocr_line' id='line_1_14' title="bbox 160 1234 1420 1297; baseline -0.007 -12"><span class='ocrx_word' id='word_1_88' title='bbox 160 1242 502 1297; x_wconf 85' lang='grc' dir='ltr'><strong><em>προσενέγραφε,</em></strong></span> <span class='ocrx_word' id='word_1_89' title='bbox 542 1243 652 1297; x_wconf 75' lang='grc' dir='ltr'><strong><em>δῆλα</em></strong></span> <span class='ocrx_word' id='word_1_90' title='bbox 681 1238 949 1296; x_wconf 87' lang='grc' dir='ltr'><strong><em>βουλόμενος</em></strong></span> <span class='ocrx_word' id='word_1_91' title='bbox 987 1235 1150 1281; x_wconf 89' lang='grc' dir='ltr'><strong><em>ποιέειν</em></strong></span> <span class='ocrx_word' id='word_1_92' title='bbox 1181 1234 1239 1286; x_wconf 77' lang='grc' dir='ltr'>ὥς</span> <span class='ocrx_word' id='word_1_93' title='bbox 1270 1237 1420 1291; x_wconf 80' lang='grc' dir='ltr'><strong><em>εἴησαν</em></strong></span> 
     </span>
    </p>
   </div>
   <div class='ocr_carea' id='block_1_15' title="bbox 107 1442 759 1553">
    <p class='ocr_par' dir='ltr' id='par_1_15' title="bbox 107 1442 759 1553">
     <span class='ocr_line' id='line_1_15' title="bbox 161 1442 759 1500; baseline -0.002 -13"><span class='ocrx_word' id='word_1_94' title='bbox 161 1446 260 1488; x_wconf 71' lang='grc' dir='ltr'><strong><em>κατα</em></strong></span> <span class='ocrx_word' id='word_1_95' title='bbox 283 1470 339 1477; x_wconf 84' lang='lat'>—</span> <span class='ocrx_word' id='word_1_96' title='bbox 358 1447 432 1500; x_wconf 75' lang='grc' dir='ltr'><strong><em>τήν</em></strong></span> <span class='ocrx_word' id='word_1_97' title='bbox 456 1445 603 1498; x_wconf 73' lang='grc' dir='ltr'><strong><em>φάτιν]</em></strong></span> <span class='ocrx_word' id='word_1_98' title='bbox 639 1442 759 1495; x_wconf 67' lang='grc' dir='ltr'><strong><em>φάτις</em></strong></span> 
     </span>
     <span class='ocr_line' id='line_1_16' title="bbox 107 1506 758 1553; baseline -0.003 -9"><span class='ocrx_word' id='word_1_99' title='bbox 107 1509 163 1544; x_wconf 89' lang='lat' dir='ltr'>est</span> <span class='ocrx_word' id='word_1_100' title='bbox 186 1508 356 1544; x_wconf 75' lang='grc' dir='ltr'><strong><em>ηανταῖίο.</em></strong></span> <span class='ocrx_word' id='word_1_101' title='bbox 416 1507 522 1544; x_wconf 84' lang='lat' dir='ltr'>Conf.</span> <span class='ocrx_word' id='word_1_102' title='bbox 551 1506 587 1553; x_wconf 91' lang='lat' dir='ltr'>I,</span> <span class='ocrx_word' id='word_1_103' title='bbox 612 1508 676 1546; x_wconf 83' lang='lat'>60.</span> <span class='ocrx_word' id='word_1_104' title='bbox 703 1527 758 1532; x_wconf 89' lang='lat'>—-</span> 
     </span>
    </p>
   </div>
   <div class='ocr_carea' id='block_1_16' title="bbox 108 1592 763 2253">
    <p class='ocr_par' dir='ltr' id='par_1_16' title="bbox 108 1592 763 2253">
     <span class='ocr_line' id='line_1_17' title="bbox 165 1592 759 1647; baseline -0.003 -13"><span class='ocrx_word' id='word_1_105' title='bbox 165 1593 351 1647; x_wconf 72' lang='grc' dir='ltr'><strong><em>στρατιήν</em></strong></span> <span class='ocrx_word' id='word_1_106' title='bbox 399 1594 551 1646; x_wconf 63' lang='grc' dir='ltr'><strong><em>πολλήν</em></strong></span> <span class='ocrx_word' id='word_1_107' title='bbox 601 1592 759 1645; x_wconf 69' lang='grc' dir='ltr'><strong><em>λαβών]</em></strong></span> 
     </span>
     <span class='ocr_line' id='line_1_18' title="bbox 109 1649 759 1703; baseline -0.002 -15"><span class='ocrx_word' id='word_1_108' title='bbox 109 1653 219 1696; x_wconf 86' lang='lat' dir='ltr'>Quod</span> <span class='ocrx_word' id='word_1_109' title='bbox 243 1657 327 1703; x_wconf 83' lang='lat' dir='ltr'>post</span> <span class='ocrx_word' id='word_1_110' title='bbox 354 1649 504 1702; x_wconf 79' lang='grc' dir='ltr'><strong><em>πολλὴν</em></strong></span> <span class='ocrx_word' id='word_1_111' title='bbox 534 1653 571 1688; x_wconf 87' lang='lat' dir='ltr'>in</span> <span class='ocrx_word' id='word_1_112' title='bbox 609 1652 759 1700; x_wconf 84' lang='lat' dir='ltr'>quibus-</span> 
     </span>
     <span class='ocr_line' id='line_1_19' title="bbox 109 1707 760 1755; baseline -0.003 -10"><span class='ocrx_word' id='word_1_113' title='bbox 109 1710 192 1745; x_wconf 80' lang='lat' dir='ltr'>dam</span> <span class='ocrx_word' id='word_1_114' title='bbox 216 1710 323 1745; x_wconf 89' lang='lat' dir='ltr'><strong>codd.</strong></span> <span class='ocrx_word' id='word_1_115' title='bbox 346 1714 462 1745; x_wconf 85' lang='lat' dir='ltr'>exstat</span> <span class='ocrx_word' id='word_1_116' title='bbox 482 1711 584 1755; x_wconf 77' lang='grc' dir='ltr'><strong><em>τῶν,</em></strong></span> <span class='ocrx_word' id='word_1_117' title='bbox 615 1709 653 1744; x_wconf 89' lang='lat' dir='ltr'>id</span> <span class='ocrx_word' id='word_1_118' title='bbox 674 1707 760 1743; x_wconf 81' lang='lat' dir='ltr'>Val-</span> 
     </span>
     <span class='ocr_line' id='line_1_20' title="bbox 108 1764 759 1802; baseline -0.005 0"><span class='ocrx_word' id='word_1_119' title='bbox 108 1766 276 1802; x_wconf 84' lang='lat' dir='ltr'>ckenario</span> <span class='ocrx_word' id='word_1_120' title='bbox 312 1766 523 1801; x_wconf 82' lang='lat' dir='ltr'>mutandum</span> <span class='ocrx_word' id='word_1_121' title='bbox 553 1766 695 1801; x_wconf 73' lang='lat' dir='ltr'>videtur</span> <span class='ocrx_word' id='word_1_122' title='bbox 721 1764 759 1799; x_wconf 90' lang='lat' dir='ltr'>in</span> 
     </span>
     <span class='ocr_line' id='line_1_21' title="bbox 110 1816 757 1870; baseline -0.006 -11"><span class='ocrx_word' id='word_1_123' title='bbox 110 1816 240 1859; x_wconf 73' lang='grc' dir='ltr'><strong><em>οἷστῶν</em></strong></span> <span class='ocrx_word' id='word_1_124' title='bbox 265 1822 324 1868; x_wconf 87' lang='lat' dir='ltr'>(ut</span> <span class='ocrx_word' id='word_1_125' title='bbox 351 1821 599 1870; x_wconf 78' lang='lat' dir='ltr'>intelligantur</span> <span class='ocrx_word' id='word_1_126' title='bbox 618 1820 757 1868; x_wconf 69' lang='lat' dir='ltr'>indige-</span> 
     </span>
     <span class='ocr_line' id='line_1_22' title="bbox 108 1878 758 1927; baseline -0.003 -13"><span class='ocrx_word' id='word_1_127' title='bbox 108 1891 194 1923; x_wconf 77' lang='lat' dir='ltr'>nae,</span> <span class='ocrx_word' id='word_1_128' title='bbox 225 1878 416 1926; x_wconf 64' lang='lat' dir='ltr'>Aegyptii,</span> <span class='ocrx_word' id='word_1_129' title='bbox 446 1878 506 1926; x_wconf 86' lang='lat' dir='ltr'>qui</span> <span class='ocrx_word' id='word_1_130' title='bbox 531 1878 642 1927; x_wconf 86' lang='lat' dir='ltr'>copiis</span> <span class='ocrx_word' id='word_1_131' title='bbox 664 1890 758 1913; x_wconf 87' lang='lat' dir='ltr'>mer-</span> 
     </span>
     <span class='ocr_line' id='line_1_23' title="bbox 109 1934 760 1984; baseline -0.003 -13"><span class='ocrx_word' id='word_1_132' title='bbox 109 1935 257 1971; x_wconf 87' lang='lat' dir='ltr'>cenariis</span> <span class='ocrx_word' id='word_1_133' title='bbox 285 1940 322 1971; x_wconf 87' lang='lat' dir='ltr'>et</span> <span class='ocrx_word' id='word_1_134' title='bbox 349 1934 549 1984; x_wconf 76' lang='lat' dir='ltr'>peregrinis</span> <span class='ocrx_word' id='word_1_135' title='bbox 569 1946 760 1984; x_wconf 85' lang='lat' dir='ltr'>opponan-</span> 
     </span>
     <span class='ocr_line' id='line_1_24' title="bbox 109 1990 759 2040; baseline 0 -14"><span class='ocrx_word' id='word_1_136' title='bbox 109 1992 206 2038; x_wconf 88' lang='lat' dir='ltr'>tur),</span> <span class='ocrx_word' id='word_1_137' title='bbox 246 1995 308 2026; x_wconf 89' lang='lat' dir='ltr'>aut</span> <span class='ocrx_word' id='word_1_138' title='bbox 347 2003 495 2040; x_wconf 84' lang='lat' dir='ltr'>prorsus</span> <span class='ocrx_word' id='word_1_139' title='bbox 535 1990 759 2027; x_wconf 88' lang='lat' dir='ltr'>eiiciendum.</span> 
     </span>
     <span class='ocr_line' id='line_1_25' title="bbox 111 2046 760 2090; baseline 0 -7"><span class='ocrx_word' id='word_1_140' title='bbox 111 2047 234 2090; x_wconf 81' lang='lat' dir='ltr'><strong>Quare</strong></span> <span class='ocrx_word' id='word_1_141' title='bbox 262 2059 328 2082; x_wconf 89' lang='lat' dir='ltr'>nos</span> <span class='ocrx_word' id='word_1_142' title='bbox 369 2060 450 2083; x_wconf 89' lang='lat' dir='ltr'>cum</span> <span class='ocrx_word' id='word_1_143' title='bbox 478 2051 627 2084; x_wconf 86' lang='lat' dir='ltr'>recentt.</span> <span class='ocrx_word' id='word_1_144' title='bbox 675 2046 760 2083; x_wconf 91' lang='lat' dir='ltr'>edd.</span> 
     </span>
     <span class='ocr_line' id='line_1_26' title="bbox 111 2102 760 2153; baseline -0.003 -13"><span class='ocrx_word' id='word_1_145' title='bbox 111 2103 307 2149; x_wconf 87' lang='lat' dir='ltr'>eiecimus,</span> <span class='ocrx_word' id='word_1_146' title='bbox 346 2103 557 2153; x_wconf 85' lang='lat' dir='ltr'>praesertim</span> <span class='ocrx_word' id='word_1_147' title='bbox 596 2116 677 2139; x_wconf 89' lang='lat' dir='ltr'>cum</span> <span class='ocrx_word' id='word_1_148' title='bbox 714 2102 760 2139; x_wconf 90' lang='lat' dir='ltr'>ab</span> 
     </span>
     <span class='ocr_line' id='line_1_27' title="bbox 110 2159 763 2196; baseline -0.002 -1"><span class='ocrx_word' id='word_1_149' title='bbox 110 2159 188 2196; x_wconf 84' lang='lat' dir='ltr'>aliis</span> <span class='ocrx_word' id='word_1_150' title='bbox 229 2159 348 2196; x_wconf 90' lang='lat' dir='ltr'>bonae</span> <span class='ocrx_word' id='word_1_151' title='bbox 384 2164 494 2196; x_wconf 85' lang='lat' dir='ltr'>notae</span> <span class='ocrx_word' id='word_1_152' title='bbox 527 2159 627 2196; x_wconf 90' lang='lat' dir='ltr'>libris</span> <span class='ocrx_word' id='word_1_153' title='bbox 668 2159 763 2196; x_wconf 84' lang='lat' dir='ltr'>absit</span> 
     </span>
     <span class='ocr_line' id='line_1_28' title="bbox 111 2215 249 2253; baseline 0 -1"><span class='ocrx_word' id='word_1_154' title='bbox 111 2215 249 2253; x_wconf 84' lang='lat' dir='ltr'>vocula.</span> 
     </span>
    </p>
   </div>
   <div class='ocr_carea' id='block_1_17' title="bbox 115 2300 765 2467">
    <p class='ocr_par' dir='ltr' id='par_1_17' title="bbox 115 2300 765 2467">
     <span class='ocr_line' id='line_1_29' title="bbox 169 2300 764 2356; baseline -0.002 -12"><span class='ocrx_word' id='word_1_155' title='bbox 169 2302 310 2345; x_wconf 78' lang='grc' dir='ltr'><em>ὁτέοισι</em></span> <span class='ocrx_word' id='word_1_156' title='bbox 333 2303 404 2356; x_wconf 84' lang='grc' dir='ltr'><strong><em>μέν</em></strong></span> <span class='ocrx_word' id='word_1_157' title='bbox 426 2320 502 2344; x_wconf 81' lang='grc' dir='ltr'>νυν</span> <span class='ocrx_word' id='word_1_158' title='bbox 523 2300 654 2344; x_wconf 70' lang='grc' dir='ltr'><strong><em>αὐτῶν</em></strong></span> <span class='ocrx_word' id='word_1_159' title='bbox 674 2319 707 2343; x_wconf 80' lang='grc' dir='ltr'>κ.</span> <span class='ocrx_word' id='word_1_160' title='bbox 731 2320 764 2343; x_wconf 89' lang='grc' dir='ltr'>τ.</span> 
     </span>
     <span class='ocr_line' id='line_1_30' title="bbox 115 2356 765 2412; baseline -0.002 -13"><span class='ocrx_word' id='word_1_161' title='bbox 115 2359 163 2410; x_wconf 83' lang='grc' dir='ltr'>λ.]</span> <span class='ocrx_word' id='word_1_162' title='bbox 195 2356 324 2400; x_wconf 74' lang='grc' dir='ltr'><strong><em>αὐτῶν</em></strong></span> <span class='ocrx_word' id='word_1_163' title='bbox 353 2375 432 2399; x_wconf 92' lang='lat' dir='ltr'>cum</span> <span class='ocrx_word' id='word_1_164' title='bbox 455 2362 573 2399; x_wconf 90' lang='lat' dir='ltr'>Gaisf.</span> <span class='ocrx_word' id='word_1_165' title='bbox 597 2362 765 2412; x_wconf 82' lang='lat' dir='ltr'>rescripsi</span> 
     </span>
     <span class='ocr_line' id='line_1_31' title="bbox 115 2413 765 2467; baseline 0.003 -14"><span class='ocrx_word' id='word_1_166' title='bbox 115 2430 182 2467; x_wconf 89' lang='lat' dir='ltr'>pro</span> <span class='ocrx_word' id='word_1_167' title='bbox 204 2413 377 2456; x_wconf 74' lang='grc' dir='ltr'><strong><em>αὐτέων.</em></strong></span> <span class='ocrx_word' id='word_1_168' title='bbox 434 2418 494 2455; x_wconf 86' lang='lat' dir='ltr'>Ad</span> <span class='ocrx_word' id='word_1_169' title='bbox 513 2423 765 2467; x_wconf 81' lang='lat' dir='ltr'><strong>argumentum</strong></span> 
     </span>
    </p>
   </div>
   <div class='ocr_carea' id='block_1_18' title="bbox 117 2473 767 2568">
    <p class='ocr_par' dir='ltr' id='par_1_18' title="bbox 117 2473 767 2568">
     <span class='ocr_line' id='line_1_32' title="bbox 117 2473 767 2523; baseline 0.008 -15"><span class='ocrx_word' id='word_1_170' title='bbox 117 2474 210 2510; x_wconf 86' lang='lat' dir='ltr'>conf.</span> <span class='ocrx_word' id='word_1_171' title='bbox 235 2473 386 2513; x_wconf 89' lang='lat' dir='ltr'>Diodor.</span> <span class='ocrx_word' id='word_1_172' title='bbox 407 2475 444 2523; x_wconf 90' lang='lat' dir='ltr'>I,</span> <span class='ocrx_word' id='word_1_173' title='bbox 467 2475 520 2517; x_wconf 88' lang='grc'>55</span> <span class='ocrx_word' id='word_1_174' title='bbox 541 2477 669 2513; x_wconf 84' lang='lat' dir='ltr'>eadem</span> <span class='ocrx_word' id='word_1_175' title='bbox 690 2476 767 2513; x_wconf 88' lang='lat' dir='ltr'>fere</span> 
     </span>
     <span class='ocr_line' id='line_1_33' title="bbox 119 2535 355 2568; baseline 0.008 -2"><span class='ocrx_word' id='word_1_176' title='bbox 119 2535 355 2568; x_wconf 81' lang='lat' dir='ltr'><strong>enarrantem.</strong></span> 
     </span>
    </p>
   </div>
   <div class='ocr_carea' id='block_1_19' title="bbox 121 2631 772 2965">
    <p class='ocr_par' dir='ltr' id='par_1_19' title="bbox 121 2631 772 2965">
     <span class='ocr_line' id='line_1_34' title="bbox 176 2631 766 2684; baseline 0.007 -16"><span class='ocrx_word' id='word_1_177' title='bbox 176 2632 434 2683; x_wconf 76' lang='grc' dir='ltr'><strong><em>γλιχομένοισι</em></strong></span> <span class='ocrx_word' id='word_1_178' title='bbox 456 2632 546 2684; x_wconf 82' lang='grc' dir='ltr'><strong><em>περὶ</em></strong></span> <span class='ocrx_word' id='word_1_179' title='bbox 566 2635 637 2683; x_wconf 74' lang='grc' dir='ltr'>τῆς</span> <span class='ocrx_word' id='word_1_180' title='bbox 665 2631 766 2672; x_wconf 78' lang='grc' dir='ltr'><strong><em>ἕλευ-</em></strong></span> 
     </span>
     <span class='ocr_line' id='line_1_35' title="bbox 121 2686 770 2737; baseline 0.003 -13"><span class='ocrx_word' id='word_1_181' title='bbox 121 2686 274 2737; x_wconf 82' lang='grc' dir='ltr'><strong><em>θερίης]</em></strong></span> <span class='ocrx_word' id='word_1_182' title='bbox 303 2689 360 2726; x_wconf 91' lang='lat' dir='ltr'>De</span> <span class='ocrx_word' id='word_1_183' title='bbox 384 2695 562 2727; x_wconf 81' lang='lat' dir='ltr'>structura</span> <span class='ocrx_word' id='word_1_184' title='bbox 579 2691 652 2726; x_wconf 87' lang='lat' dir='ltr'>vid.</span> <span class='ocrx_word' id='word_1_185' title='bbox 671 2689 770 2726; x_wconf 83' lang='lat' dir='ltr'>Mat-</span> 
     </span>
     <span class='ocr_line' id='line_1_36' title="bbox 122 2743 770 2797; baseline 0.008 -19"><span class='ocrx_word' id='word_1_186' title='bbox 122 2743 219 2780; x_wconf 81' lang='lat' dir='ltr'>thiae</span> <span class='ocrx_word' id='word_1_187' title='bbox 240 2744 304 2781; x_wconf 89' lang='lat' dir='ltr'>Gr.</span> <span class='ocrx_word' id='word_1_188' title='bbox 327 2746 390 2782; x_wconf 92' lang='lat' dir='ltr'>Gr.</span> <span class='ocrx_word' id='word_1_189' title='bbox 414 2745 450 2797; x_wconf 62' lang='grc' dir='ltr'>ἓ.</span> <span class='ocrx_word' id='word_1_190' title='bbox 472 2748 553 2788; x_wconf 82' lang='grc'>350</span> <span class='ocrx_word' id='word_1_191' title='bbox 573 2759 659 2795; x_wconf 82' lang='lat' dir='ltr'>pag.</span> <span class='ocrx_word' id='word_1_192' title='bbox 674 2749 770 2793; x_wconf 85' lang='lat'>660,</span> 
     </span>
     <span class='ocr_line' id='line_1_37' title="bbox 123 2799 771 2849; baseline 0.006 -15"><span class='ocrx_word' id='word_1_193' title='bbox 123 2799 183 2834; x_wconf 90' lang='lat' dir='ltr'>ubi</span> <span class='ocrx_word' id='word_1_194' title='bbox 204 2801 308 2837; x_wconf 81' lang='lat' dir='ltr'>vertit</span> <span class='ocrx_word' id='word_1_195' title='bbox 327 2801 361 2838; x_wconf 84' lang='lat' dir='ltr'>h.</span> <span class='ocrx_word' id='word_1_196' title='bbox 380 2802 402 2838; x_wconf 94' lang='lat' dir='ltr'>l.</span> <span class='ocrx_word' id='word_1_197' title='bbox 418 2816 426 2839; x_wconf 90' lang='lat'>:</span> <span class='ocrx_word' id='word_1_198' title='bbox 457 2816 554 2849; x_wconf 89' lang='lat' dir='ltr'>„aus</span> <span class='ocrx_word' id='word_1_199' title='bbox 572 2803 687 2840; x_wconf 90' lang='lat' dir='ltr'>Liebe</span> <span class='ocrx_word' id='word_1_200' title='bbox 706 2815 771 2838; x_wconf 90' lang='lat' dir='ltr'>zur</span> 
     </span>
     <span class='ocr_line' id='line_1_38' title="bbox 123 2855 772 2910; baseline 0.006 -20"><span class='ocrx_word' id='word_1_201' title='bbox 123 2855 284 2892; x_wconf 88' lang='lat' dir='ltr'>Freiheit</span> <span class='ocrx_word' id='word_1_202' title='bbox 294 2857 352 2893; x_wconf 84' lang='lat' dir='ltr'>fiir</span> <span class='ocrx_word' id='word_1_203' title='bbox 373 2858 425 2896; x_wconf 90' lang='lat' dir='ltr'>sie</span> <span class='ocrx_word' id='word_1_204' title='bbox 441 2859 654 2910; x_wconf 65' lang='lat' dir='ltr'>kiimpsenf‘</span> <span class='ocrx_word' id='word_1_205' title='bbox 671 2860 772 2902; x_wconf 84' lang='lat' dir='ltr'>Qua-</span> 
     </span>
     <span class='ocr_line' id='line_1_39' title="bbox 126 2914 770 2965; baseline 0.006 -19"><span class='ocrx_word' id='word_1_206' title='bbox 126 2923 164 2947; x_wconf 87' lang='lat' dir='ltr'>re</span> <span class='ocrx_word' id='word_1_207' title='bbox 201 2924 267 2948; x_wconf 87' lang='lat' dir='ltr'>nec</span> <span class='ocrx_word' id='word_1_208' title='bbox 314 2914 514 2953; x_wconf 83' lang='lat' dir='ltr'>abiicienda</span> <span class='ocrx_word' id='word_1_209' title='bbox 549 2914 770 2965; x_wconf 75' lang='lat' dir='ltr'>praepositio</span> 
     </span>
    </p>
   </div>
   <div class='ocr_carea' id='block_1_20' title="bbox 827 1441 1484 1666">
    <p class='ocr_par' dir='ltr' id='par_1_20' title="bbox 827 1441 1484 1666">
     <span class='ocr_line' id='line_1_40' title="bbox 827 1441 1480 1497; baseline -0.012 -12"><span class='ocrx_word' id='word_1_210' title='bbox 827 1445 938 1497; x_wconf 76' lang='grc' dir='ltr'><strong><em>περὶ,</em></strong></span> <span class='ocrx_word' id='word_1_211' title='bbox 970 1449 1009 1482; x_wconf 86' lang='lat' dir='ltr'>ut</span> <span class='ocrx_word' id='word_1_212' title='bbox 1042 1442 1258 1492; x_wconf 81' lang='lat' dir='ltr'>quibusdam</span> <span class='ocrx_word' id='word_1_213' title='bbox 1290 1441 1373 1478; x_wconf 87' lang='lat' dir='ltr'>olim</span> <span class='ocrx_word' id='word_1_214' title='bbox 1401 1442 1480 1491; x_wconf 85' lang='lat' dir='ltr'>pla-</span> 
     </span>
     <span class='ocr_line' id='line_1_41' title="bbox 828 1497 1481 1551; baseline -0.011 -11"><span class='ocrx_word' id='word_1_215' title='bbox 828 1505 921 1549; x_wconf 84' lang='lat' dir='ltr'>cuit,</span> <span class='ocrx_word' id='word_1_216' title='bbox 966 1515 1033 1538; x_wconf 91' lang='lat' dir='ltr'>nec</span> <span class='ocrx_word' id='word_1_217' title='bbox 1057 1497 1320 1551; x_wconf 80' lang='grc' dir='ltr'><strong><em>γλιχομένοισι</em></strong></span> <span class='ocrx_word' id='word_1_218' title='bbox 1352 1499 1481 1547; x_wconf 86' lang='lat' dir='ltr'>(quod</span> 
     </span>
     <span class='ocr_line' id='line_1_42' title="bbox 829 1555 1484 1605; baseline -0.011 -8"><span class='ocrx_word' id='word_1_219' title='bbox 829 1561 984 1597; x_wconf 83' lang='lat' dir='ltr'>reddere</span> <span class='ocrx_word' id='word_1_220' title='bbox 1024 1557 1132 1594; x_wconf 77' lang='lat' dir='ltr'>etiam</span> <span class='ocrx_word' id='word_1_221' title='bbox 1168 1556 1269 1592; x_wconf 85' lang='lat' dir='ltr'>licet:</span> <span class='ocrx_word' id='word_1_222' title='bbox 1296 1555 1484 1605; x_wconf 76' lang='lat' dir='ltr'>pugnandi</span> 
     </span>
     <span class='ocr_line' id='line_1_43' title="bbox 832 1610 1481 1666; baseline -0.006 -14"><span class='ocrx_word' id='word_1_223' title='bbox 832 1616 987 1666; x_wconf 67' lang='lat' dir='ltr'>cupidis)</span> <span class='ocrx_word' id='word_1_224' title='bbox 1014 1613 1224 1650; x_wconf 78' lang='lat' dir='ltr'>mutandum</span> <span class='ocrx_word' id='word_1_225' title='bbox 1251 1612 1288 1648; x_wconf 88' lang='lat' dir='ltr'>in</span> <span class='ocrx_word' id='word_1_226' title='bbox 1314 1610 1481 1663; x_wconf 80' lang='grc' dir='ltr'><strong><em>μαχομέ-</em></strong></span> 
     </span>
    </p>
   </div>
   <div class='ocr_carea' id='block_1_21' title="bbox 827 1668 1398 1720">
    <p class='ocr_par' dir='ltr' id='par_1_21' title="bbox 827 1668 1398 1720">
     <span class='ocr_line' id='line_1_44' title="bbox 827 1668 1398 1720; baseline -0.011 -8"><span class='ocrx_word' id='word_1_227' title='bbox 827 1685 955 1720; x_wconf 89' lang='grc' dir='ltr'><em>νοισι,</em></span> <span class='ocrx_word' id='word_1_228' title='bbox 985 1676 1025 1707; x_wconf 87' lang='lat' dir='ltr'>ut</span> <span class='ocrx_word' id='word_1_229' title='bbox 1045 1669 1099 1717; x_wconf 78' lang='lat' dir='ltr'>V,</span> <span class='ocrx_word' id='word_1_230' title='bbox 1121 1673 1158 1710; x_wconf 81' lang='lat'>2.</span> <span class='ocrx_word' id='word_1_231' title='bbox 1190 1668 1279 1716; x_wconf 74' lang='lat' dir='ltr'>Vll,</span> <span class='ocrx_word' id='word_1_232' title='bbox 1305 1669 1398 1710; x_wconf 80' lang='lat'><strong>135.</strong></span> 
     </span>
    </p>
   </div>
   <div class='ocr_carea' id='block_1_22' title="bbox 826 1778 1484 2001">
    <p class='ocr_par' dir='ltr' id='par_1_22' title="bbox 826 1778 1484 2001">
     <span class='ocr_line' id='line_1_45' title="bbox 884 1778 1484 1831; baseline -0.007 -10"><span class='ocrx_word' id='word_1_233' title='bbox 884 1779 983 1822; x_wconf 74' lang='grc' dir='ltr'><strong><em>κατὰ</em></strong></span> <span class='ocrx_word' id='word_1_234' title='bbox 1005 1778 1130 1820; x_wconf 64' lang='grc' dir='ltr'><strong><em>ταῦτα</em></strong></span> <span class='ocrx_word' id='word_1_235' title='bbox 1152 1780 1242 1831; x_wconf 77' lang='grc' dir='ltr'><strong><em>καὶ]</em></strong></span> <span class='ocrx_word' id='word_1_236' title='bbox 1275 1780 1363 1819; x_wconf 76' lang='grc' dir='ltr'><strong><em>καὶ</em></strong></span> <span class='ocrx_word' id='word_1_237' title='bbox 1389 1781 1484 1818; x_wconf 83' lang='lat' dir='ltr'>valet</span> 
     </span>
     <span class='ocr_line' id='line_1_46' title="bbox 829 1838 1482 1890; baseline -0.006 -12"><span class='ocrx_word' id='word_1_238' title='bbox 829 1845 956 1890; x_wconf 74' lang='lat' dir='ltr'>atque,</span> <span class='ocrx_word' id='word_1_239' title='bbox 982 1852 1096 1889; x_wconf 77' lang='lat' dir='ltr'>quam.</span> <span class='ocrx_word' id='word_1_240' title='bbox 1156 1839 1335 1875; x_wconf 87' lang='lat' dir='ltr'>Conferas</span> <span class='ocrx_word' id='word_1_241' title='bbox 1356 1838 1482 1885; x_wconf 60' lang='lat' dir='ltr'>Viger.</span> 
     </span>
     <span class='ocr_line' id='line_1_47' title="bbox 826 1895 1483 1948; baseline -0.006 -14"><span class='ocrx_word' id='word_1_242' title='bbox 826 1912 862 1948; x_wconf 86' lang='lat' dir='ltr'>p.</span> <span class='ocrx_word' id='word_1_243' title='bbox 886 1898 980 1938; x_wconf 76' lang='lat'><strong>522.</strong></span> <span class='ocrx_word' id='word_1_244' title='bbox 1037 1896 1196 1932; x_wconf 84' lang='lat' dir='ltr'>Plurima</span> <span class='ocrx_word' id='word_1_245' title='bbox 1225 1909 1269 1932; x_wconf 78' lang='lat' dir='ltr'>ex</span> <span class='ocrx_word' id='word_1_246' title='bbox 1290 1895 1483 1931; x_wconf 84' lang='lat' dir='ltr'>Herodoto</span> 
     </span>
     <span class='ocr_line' id='line_1_48' title="bbox 826 1952 1482 2001; baseline -0.005 -11"><span class='ocrx_word' id='word_1_247' title='bbox 826 1966 921 1991; x_wconf 88' lang='lat' dir='ltr'>nunc</span> <span class='ocrx_word' id='word_1_248' title='bbox 945 1952 1063 1988; x_wconf 71' lang='lat' dir='ltr'>attulit</span> <span class='ocrx_word' id='word_1_249' title='bbox 1085 1953 1214 1989; x_wconf 75' lang='lat' dir='ltr'>Struve</span> <span class='ocrx_word' id='word_1_250' title='bbox 1230 1965 1326 2000; x_wconf 84' lang='lat' dir='ltr'>spec.</span> <span class='ocrx_word' id='word_1_251' title='bbox 1342 1955 1482 2001; x_wconf 82' lang='lat' dir='ltr'>quaest.</span> 
     </span>
    </p>
   </div>
   <div class='ocr_carea' id='block_1_23' title="bbox 828 2007 1282 2059">
    <p class='ocr_par' dir='ltr' id='par_1_23' title="bbox 828 2007 1282 2059">
     <span class='ocr_line' id='line_1_49' title="bbox 828 2007 1282 2059; baseline -0.007 -12"><span class='ocrx_word' id='word_1_252' title='bbox 828 2011 876 2047; x_wconf 92' lang='lat' dir='ltr'>de</span> <span class='ocrx_word' id='word_1_253' title='bbox 894 2009 978 2046; x_wconf 79' lang='lat' dir='ltr'>dial.</span> <span class='ocrx_word' id='word_1_254' title='bbox 995 2009 1135 2046; x_wconf 87' lang='lat' dir='ltr'>Herod.</span> <span class='ocrx_word' id='word_1_255' title='bbox 1156 2022 1193 2059; x_wconf 86' lang='lat' dir='ltr'>p.</span> <span class='ocrx_word' id='word_1_256' title='bbox 1217 2007 1282 2049; x_wconf 81' lang='lat'>25.</span> 
     </span>
    </p>
   </div>
   <div class='ocr_carea' id='block_1_24' title="bbox 831 2115 1493 2951">
    <p class='ocr_par' dir='ltr' id='par_1_24' title="bbox 831 2115 1493 2951">
     <span class='ocr_line' id='line_1_50' title="bbox 886 2115 1486 2170; baseline -0.007 -9"><span class='ocrx_word' id='word_1_257' title='bbox 886 2120 952 2161; x_wconf 77' lang='grc' dir='ltr'><strong><em>καὶ</em></strong></span> <span class='ocrx_word' id='word_1_258' title='bbox 981 2118 1030 2170; x_wconf 72' lang='grc' dir='ltr'>δή</span> <span class='ocrx_word' id='word_1_259' title='bbox 1053 2119 1120 2160; x_wconf 77' lang='grc' dir='ltr'><strong><em>καὶ</em></strong></span> <span class='ocrx_word' id='word_1_260' title='bbox 1146 2119 1280 2159; x_wconf 81' lang='grc' dir='ltr'><strong><em>αἰδοῖα</em></strong></span> <span class='ocrx_word' id='word_1_261' title='bbox 1299 2115 1486 2170; x_wconf 78' lang='grc' dir='ltr'><strong><em>γυναικὸς</em></strong></span> 
     </span>
     <span class='ocr_line' id='line_1_51' title="bbox 831 2177 1487 2228; baseline -0.012 -8"><span class='ocrx_word' id='word_1_262' title='bbox 831 2195 866 2219; x_wconf 80' lang='grc' dir='ltr'>κ.</span> <span class='ocrx_word' id='word_1_263' title='bbox 889 2194 920 2218; x_wconf 88' lang='grc' dir='ltr'>τ.</span> <span class='ocrx_word' id='word_1_264' title='bbox 941 2177 989 2228; x_wconf 85' lang='grc' dir='ltr'>λ.]</span> <span class='ocrx_word' id='word_1_265' title='bbox 1019 2178 1160 2215; x_wconf 83' lang='lat' dir='ltr'>Eadem</span> <span class='ocrx_word' id='word_1_266' title='bbox 1193 2178 1270 2214; x_wconf 86' lang='lat' dir='ltr'>fere</span> <span class='ocrx_word' id='word_1_267' title='bbox 1299 2177 1487 2214; x_wconf 89' lang='lat' dir='ltr'>Diodorus</span> 
     </span>
     <span class='ocr_line' id='line_1_52' title="bbox 832 2233 1487 2285; baseline -0.009 -11"><span class='ocrx_word' id='word_1_268' title='bbox 832 2237 856 2274; x_wconf 87' lang='lat' dir='ltr'>l.</span> <span class='ocrx_word' id='word_1_269' title='bbox 875 2236 912 2283; x_wconf 90' lang='lat' dir='ltr'>l.,</span> <span class='ocrx_word' id='word_1_270' title='bbox 943 2235 1006 2272; x_wconf 88' lang='lat' dir='ltr'>ubi</span> <span class='ocrx_word' id='word_1_271' title='bbox 1021 2235 1090 2272; x_wconf 86' lang='lat' dir='ltr'>hoc</span> <span class='ocrx_word' id='word_1_272' title='bbox 1108 2238 1298 2285; x_wconf 84' lang='lat' dir='ltr'>praeterea</span> <span class='ocrx_word' id='word_1_273' title='bbox 1319 2233 1487 2281; x_wconf 80' lang='lat' dir='ltr'>legimus,</span> 
     </span>
     <span class='ocr_line' id='line_1_53' title="bbox 831 2290 1488 2342; baseline -0.006 -13"><span class='ocrx_word' id='word_1_274' title='bbox 831 2294 898 2330; x_wconf 85' lang='lat' dir='ltr'>viri</span> <span class='ocrx_word' id='word_1_275' title='bbox 918 2292 1092 2342; x_wconf 87' lang='lat' dir='ltr'>pudenda</span> <span class='ocrx_word' id='word_1_276' title='bbox 1111 2290 1292 2340; x_wconf 83' lang='lat' dir='ltr'>insculpta</span> <span class='ocrx_word' id='word_1_277' title='bbox 1310 2290 1422 2326; x_wconf 85' lang='lat' dir='ltr'>fuisse</span> <span class='ocrx_word' id='word_1_278' title='bbox 1449 2290 1488 2325; x_wconf 91' lang='lat' dir='ltr'>in</span> 
     </span>
     <span class='ocr_line' id='line_1_54' title="bbox 835 2346 1489 2397; baseline -0.008 -11"><span class='ocrx_word' id='word_1_279' title='bbox 835 2350 985 2396; x_wconf 82' lang='lat' dir='ltr'>statuis,</span> <span class='ocrx_word' id='word_1_280' title='bbox 1018 2360 1110 2397; x_wconf 83' lang='lat' dir='ltr'>quas·</span> <span class='ocrx_word' id='word_1_281' title='bbox 1137 2348 1174 2384; x_wconf 89' lang='lat' dir='ltr'>in</span> <span class='ocrx_word' id='word_1_282' title='bbox 1205 2347 1366 2396; x_wconf 83' lang='lat' dir='ltr'>gentium</span> <span class='ocrx_word' id='word_1_283' title='bbox 1389 2346 1489 2383; x_wconf 89' lang='lat' dir='ltr'>belli-</span> 
     </span>
     <span class='ocr_line' id='line_1_55' title="bbox 833 2402 1490 2444; baseline -0.008 -1"><span class='ocrx_word' id='word_1_284' title='bbox 833 2418 999 2444; x_wconf 84' lang='lat' dir='ltr'>cosarum</span> <span class='ocrx_word' id='word_1_285' title='bbox 1017 2406 1123 2442; x_wconf 87' lang='lat' dir='ltr'>terris</span> <span class='ocrx_word' id='word_1_286' title='bbox 1142 2417 1207 2441; x_wconf 81' lang='lat' dir='ltr'>rex</span> <span class='ocrx_word' id='word_1_287' title='bbox 1231 2403 1407 2440; x_wconf 83' lang='lat' dir='ltr'>statuerit.</span> <span class='ocrx_word' id='word_1_288' title='bbox 1430 2402 1490 2439; x_wconf 86' lang='lat' dir='ltr'>Ad</span> 
     </span>
     <span class='ocr_line' id='line_1_56' title="bbox 835 2460 1489 2512; baseline -0.005 -13"><span class='ocrx_word' id='word_1_289' title='bbox 835 2476 943 2512; x_wconf 90' lang='lat' dir='ltr'>quem</span> <span class='ocrx_word' id='word_1_290' title='bbox 966 2462 1084 2498; x_wconf 91' lang='lat' dir='ltr'>locum</span> <span class='ocrx_word' id='word_1_291' title='bbox 1104 2461 1192 2498; x_wconf 84' lang='lat' dir='ltr'>alios</span> <span class='ocrx_word' id='word_1_292' title='bbox 1220 2460 1306 2496; x_wconf 87' lang='lat' dir='ltr'>citat</span> <span class='ocrx_word' id='word_1_293' title='bbox 1336 2460 1489 2496; x_wconf 83' lang='lat' dir='ltr'>wesse-</span> 
     </span>
     <span class='ocr_line' id='line_1_57' title="bbox 833 2515 1489 2567; baseline -0.008 -11"><span class='ocrx_word' id='word_1_294' title='bbox 833 2520 988 2567; x_wconf 79' lang='lat' dir='ltr'>litigius,</span> <span class='ocrx_word' id='word_1_295' title='bbox 1019 2518 1081 2567; x_wconf 88' lang='lat' dir='ltr'>qui</span> <span class='ocrx_word' id='word_1_296' title='bbox 1099 2518 1148 2554; x_wconf 86' lang='lat' dir='ltr'>ad</span> <span class='ocrx_word' id='word_1_297' title='bbox 1165 2517 1348 2554; x_wconf 89' lang='lat' dir='ltr'>Herodoti</span> <span class='ocrx_word' id='word_1_298' title='bbox 1372 2515 1489 2552; x_wconf 87' lang='lat' dir='ltr'>locum</span> 
     </span>
     <span class='ocr_line' id='line_1_58' title="bbox 834 2572 1490 2625; baseline -0.006 -13"><span class='ocrx_word' id='word_1_299' title='bbox 834 2576 981 2625; x_wconf 83' lang='lat' dir='ltr'>Iosephi</span> <span class='ocrx_word' id='word_1_300' title='bbox 999 2573 1163 2612; x_wconf 85' lang='lat' dir='ltr'>meminit</span> <span class='ocrx_word' id='word_1_301' title='bbox 1181 2574 1218 2609; x_wconf 90' lang='lat' dir='ltr'>in</span> <span class='ocrx_word' id='word_1_302' title='bbox 1236 2572 1490 2622; x_wconf 84' lang='lat' dir='ltr'>antiqq.Iudd.</span> 
     </span>
     <span class='ocr_line' id='line_1_59' title="bbox 835 2628 1492 2678; baseline -0.008 -9"><span class='ocrx_word' id='word_1_303' title='bbox 835 2632 944 2678; x_wconf 76' lang='lat' dir='ltr'>VIII,</span> <span class='ocrx_word' id='word_1_304' title='bbox 977 2634 1029 2671; x_wconf 88' lang='grc'>10</span> <span class='ocrx_word' id='word_1_305' title='bbox 1050 2660 1060 2678; x_wconf 82' lang='grc'><strong><em>,</em></strong></span> <span class='ocrx_word' id='word_1_306' title='bbox 1096 2632 1121 2671; x_wconf 86' lang='grc'><strong>3</strong></span> <span class='ocrx_word' id='word_1_307' title='bbox 1163 2630 1327 2678; x_wconf 87' lang='lat' dir='ltr'>aliusque</span> <span class='ocrx_word' id='word_1_308' title='bbox 1368 2628 1492 2665; x_wconf 86' lang='lat' dir='ltr'>similis</span> 
     </span>
     <span class='ocr_line' id='line_1_60' title="bbox 836 2685 1493 2734; baseline -0.009 -8"><span class='ocrx_word' id='word_1_309' title='bbox 836 2687 1057 2726; x_wconf 85' lang='lat' dir='ltr'>narrationis</span> <span class='ocrx_word' id='word_1_310' title='bbox 1082 2688 1129 2724; x_wconf 93' lang='lat' dir='ltr'>de</span> <span class='ocrx_word' id='word_1_311' title='bbox 1142 2685 1393 2734; x_wconf 79' lang='lat' dir='ltr'>Margaretha,</span> <span class='ocrx_word' id='word_1_312' title='bbox 1414 2685 1493 2721; x_wconf 69' lang='lat' dir='ltr'>Da-</span> 
     </span>
     <span class='ocr_line' id='line_1_61' title="bbox 836 2742 1491 2792; baseline -0.008 -10"><span class='ocrx_word' id='word_1_313' title='bbox 836 2758 965 2782; x_wconf 89' lang='lat' dir='ltr'>norum</span> <span class='ocrx_word' id='word_1_314' title='bbox 997 2744 1082 2780; x_wconf 88' lang='lat' dir='ltr'>olim</span> <span class='ocrx_word' id='word_1_315' title='bbox 1119 2743 1247 2792; x_wconf 72' lang='lat' dir='ltr'>regina</span> <span class='ocrx_word' id='word_1_316' title='bbox 1282 2742 1491 2787; x_wconf 84' lang='lat' dir='ltr'>fortissima,</span> 
     </span>
     <span class='ocr_line' id='line_1_62' title="bbox 837 2799 1491 2850; baseline -0.008 -12"><span class='ocrx_word' id='word_1_317' title='bbox 837 2814 933 2850; x_wconf 87' lang='lat' dir='ltr'>quae</span> <span class='ocrx_word' id='word_1_318' title='bbox 951 2802 987 2837; x_wconf 87' lang='lat' dir='ltr'>in</span> <span class='ocrx_word' id='word_1_319' title='bbox 999 2801 1156 2837; x_wconf 84' lang='lat' dir='ltr'>dedecus</span> <span class='ocrx_word' id='word_1_320' title='bbox 1173 2799 1294 2848; x_wconf 82' lang='lat' dir='ltr'>gentis</span> <span class='ocrx_word' id='word_1_321' title='bbox 1305 2799 1491 2835; x_wconf 85' lang='lat' dir='ltr'>Sueonum</span> 
     </span>
     <span class='ocr_line' id='line_1_63' title="bbox 837 2854 1493 2902; baseline -0.008 -8"><span class='ocrx_word' id='word_1_322' title='bbox 837 2858 966 2895; x_wconf 70' lang='lat' dir='ltr'>natura</span> <span class='ocrx_word' id='word_1_323' title='bbox 986 2856 1149 2895; x_wconf 86' lang='lat' dir='ltr'>muliebri</span> <span class='ocrx_word' id='word_1_324' title='bbox 1178 2868 1342 2893; x_wconf 84' lang='lat' dir='ltr'>nummos</span> <span class='ocrx_word' id='word_1_325' title='bbox 1369 2854 1493 2902; x_wconf 85' lang='lat' dir='ltr'>signa-</span> 
     </span>
     <span class='ocr_line' id='line_1_64' title="bbox 837 2914 939 2951; baseline -0.01 -1"><span class='ocrx_word' id='word_1_326' title='bbox 837 2914 939 2951; x_wconf 82' lang='lat' dir='ltr'>verit.</span> 
     </span>
    </p>
   </div>
  </div>
 </body>
</html>
