1759 3324
628 266 842 306 CLIO.
899 265 929 303 1.
1327 265 1413 306 457

146 381 435 441 ὑψηλότατον.
493 377 624 421 ἔθνεα
654 375 700 420 δὲ
731 373 982 431 ἀνθρώπων
1011 374 1150 418 πολλοὶ
1187 373 1262 417 καὶ
1298 389 1411 418 παν-
1422 382 1467 417 95

145 468 243 507 τοῖα
272 461 319 505 ἐν
348 459 497 516 ἑωυτῷ
536 457 618 512 ἔχει
650 453 673 499 ὁ
705 453 966 505 Καύκασος·
1020 453 1073 497 τὰ
1098 452 1238 497 πολλοὶ
1267 452 1412 497 πάντα

117 539 232 584 3άπ’
261 538 367 594 ὕλης
393 535 544 592 οἷγρίης
575 534 751 589 ζώοντα.
779 534 827 579 ἐν
843 538 958 578 τοῖσι
974 533 1048 577 καὶ
1067 531 1248 589 δένδρεα
1264 532 1412 589 φύλλα

143 619 314 674 τοιῆσδε
342 614 458 673 ἰδέης
486 614 760 672 παρεχόμενα
790 612 902 658 εἶναι
929 613 1112 670 λέγεται,
1150 611 1205 656 τοὶ
1233 614 1414 670 τρίβον-

141 696 219 749 τάς
243 712 287 740 τε
323 695 398 740 καὶ
433 697 788 751 παραμίσγοντας
825 693 973 748 ὕδωρ,
1022 696 1108 746 ζῶα
1138 692 1340 737 ἑωυτοῖσι
1370 693 1414 745 ἐς

143 775 226 832 τὴν
266 775 429 831 ἐσθῆτα
463 774 718 831 ἐγγράφειν·
777 772 832 817 τὰ
872 774 919 817 δὲ
958 776 1046 826 ζῶα
1084 771 1167 817 οὐκ
1201 772 1438 817 {nulum-1

142 860 274 908 σθαι,
314 853 425 898 ἀλλὰ
456 853 882 911 συγκαταγηράσκειν
910 856 970 909 τῷ
998 851 1113 910 ἄλλῳ
1145 853 1287 911 εἰρίῳ,
1333 870 1413 897 κα-

114 934 282 988 4τάπερ
323 934 631 991 ἐνυφανθέντα
671 932 822 989 ἀρχήν.
879 933 995 989 μίξιν
1031 932 1078 976 δὲ
1121 931 1294 976 τούτων
1323 936 1414 976 τῶν

143 1011 396 1071 ἀνθρώπων
436 1012 547 1058 εἶναι
584 1013 806 1069 ἐμφανέα,
864 1011 1057 1068 κατάπερ
1098 1017 1210 1056 τοῖσι
1245 1011 1412 1068 προβά-
1470 1021 1526 1063 97

22 1097 120 1142 204
144 1105 273 1138 τοισι.

1466 1095 1712 1129 Massagetarum

1466 1129 1560 1157 situs:
1579 1138 1633 1156 cur
1649 1130 1686 1164 C)
1696 1138 1746 1156 rus

1467 1171 1521 1204 eps
1549 1164 1626 1192 bello
1653 1164 1748 1200 petie-

1467 1204 1518 1226 rit.

337 1093 402 1138 Τὰ
444 1094 524 1150 μὲν
571 1094 624 1150 δὴ
675 1092 788 1149 πρός
832 1090 1018 1149 ἑσπέρην
1066 1095 1143 1149 τῆς
1188 1091 1412 1149 θαλάσσης

87 1298 266 1335 κατοικεῖ
288 1288 426 1334 πολλά.
483 1292 567 1330 Hoc
593 1292 631 1329 in
661 1292 742 1330 loco

87 1351 300 1390 Aristoteles
337 1363 463 1388 vocem
497 1350 656 1399 πλῆθος
694 1349 743 1386 ad

87 1408 284 1445 incolarum
295 1406 559 1445 multitudinem
576 1409 612 1443 et
635 1406 741 1443 sedes

88 1468 215 1515 aperte
252 1464 393 1509 retulit3
426 1463 526 1512 quod
558 1475 660 1500 secus
687 1466 743 1499 est

88 1521 190 1571 apud
208 1521 460 1566 Herodotum,
493 1519 556 1568 qui
582 1520 626 1556 ea
654 1532 744 1556 voce

88 1577 365 1628 amplitudinem
405 1576 511 1614 huius
550 1576 684 1613 montis
709 1579 746 1614 et

88 1634 295 1672 vastitatem
314 1633 520 1672 declaravit.

148 1716 270 1757 ἔθνεα
288 1715 331 1757 δὲ
360 1713 596 1767 ἀνθρώπων
618 1712 745 1756 πολλοὶ
786 1746 790 1747 ⁷

90 1773 158 1814 καὶ
180 1778 352 1814 παντοῖα
380 1774 423 1814 ἐν
449 1773 584 1827 ἑωυτῷ
615 1772 691 1824 ἔχει
719 1770 743 1812 ὁ

91 1827 329 1882 Καύκασος]
359 1830 418 1870 De
438 1831 607 1880 gentibus
620 1859 630 1877 ,
649 1842 744 1879 quae

90 1888 296 1926 Caucasum
327 1887 510 1935 incolunt,
541 1888 635 1924 conf.
662 1886 745 1923 Rit-

90 1948 155 1982 ter.
178 1944 384 1982 Erdkunde
402 1944 436 1982 II
461 1956 548 1995 pag.
571 1943 666 1986 849.
696 1942 745 1979 Il-

89 2000 143 2038 las
160 2014 246 2038 vero
269 2014 337 2039 nec
356 2001 507 2038 Graecis
536 2013 604 2038 nec
622 1999 744 2037 Persis

89 2058 288 2095 accuratius
336 2057 538 2094 innotuisse
555 2086 567 2104 ‚
633 2069 745 2106 quum

90 2127 274 2164 nunquam
311 2114 506 2152 Persarum
553 2113 746 2164 imperium

92 2183 136 2209 eo
157 2184 270 2220 usque
284 2171 392 2209 fuerit
412 2175 658 2222 propagatum
678 2182 746 2207 nec

91 2226 195 2277 ipsae
211 2228 302 2265 istae
321 2232 450 2277 gentes
473 2240 634 2276 unquam
655 2226 746 2264 Per-

92 2296 213 2322 sarum
236 2285 427 2335 imperium
447 2283 661 2322 curaverint.

148 2364 196 2406 τοῖ
222 2365 348 2408 πολλοὶ
381 2365 514 2408 πάντα
545 2362 621 2407 ἄττ’
646 2363 747 2418 ὕλης

95 2418 234 2475 ἆγρίης
254 2421 428 2476 ζώοντα]
457 2422 506 2464 τά
517 2421 651 2464 πολλοὶ
679 2425 748 2461 ad-

96 2481 208 2517 verbii
225 2495 332 2519 sensu
356 2482 415 2520 hic
436 2483 524 2520 dici:
541 2482 747 2532 plerumque

98 2541 220 2574 monet
247 2538 430 2577 Schaefer.
473 2539 523 2576 ad
560 2538 749 2576 Lambert.

98 2591 186 2628 Bos.
223 2606 309 2643 pag.
343 2598 425 2636 427
465 2608 569 2644 seq.;
616 2590 750 2633 πάντα

101 2660 186 2685 vero
209 2650 256 2686 ad
270 2651 341 2688 vim
357 2653 564 2700 augendam
585 2652 749 2689 additum

102 2716 203 2749 esse3
232 2707 326 2745 unde
347 2709 617 2759 accipiendum:
648 2708 750 2757 longe

97 2759 284 2810 plurimum
301 2791 313 2810 ,
368 2764 467 2814 longe
507 2764 664 2814 plurima
707 2777 752 2801 ex

98 2819 220 2865 parte,
247 2819 298 2855 ita
325 2823 365 2857 ut
391 2820 462 2859 hae
488 2826 617 2870 gentes
649 2820 753 2858 nullst

99 2871 177 2922 fere
193 2873 266 2911 alia
285 2887 320 2911 re
340 2879 452 2914 vitam
477 2881 672 2914 sustentare
696 2878 753 2915 di-

105 2931 230 2968 eantur
263 2932 333 2971 m‘si
364 2933 544 2985 fructibus
581 2934 754 2974 silvestri-

812 1292 887 1328 bus.
948 1291 1011 1328 Sic
1039 1291 1136 1328 bene
1163 1289 1470 1340 Schweighaeus.,

811 1360 1026 1398 comparans
1051 1347 1104 1395 V,
1127 1350 1192 1388 67.

869 1403 913 1444 ἐν
933 1407 1037 1443 τοῖσι
1067 1402 1136 1442 καὶ
1159 1401 1323 1457 δένδρεα
1341 1426 1398 1432 -
1412 1402 1473 1443 λε’-

811 1459 942 1514 γεται]
1003 1456 1254 1512 παρεχόμενα
1290 1462 1386 1499 refer
1421 1462 1469 1498 ad

813 1517 1000 1568 δένδρεαι
1041 1518 1199 1565 arbore-5,
1241 1530 1330 1568 quae
1363 1530 1471 1568 prae-

813 1575 891 1612 hent
909 1574 1093 1611 huiusmod
1103 1574 1214 1624 folia.
1235 1595 1292 1602 --
1309 1573 1368 1611 Ad
1389 1588 1471 1612 ver-

812 1631 861 1670 ba
881 1632 1069 1680 sequentia
1084 1645 1092 1668 :
1123 1628 1171 1670 τά
1189 1631 1400 1683 τρίβοντας
1415 1652 1472 1659 -

812 1683 1027 1740 ἐγγράφειν
1063 1692 1187 1726 mente
1229 1688 1472 1738 repetendum

813 1743 973 1798 λέγεται.

869 1802 947 1848 ζῶα
968 1799 1150 1839 ἑωυτοῖσι
1171 1798 1210 1846 ἐς
1230 1796 1305 1851 τήν
1318 1798 1473 1851 ἐσθῆτα

811 1853 1047 1911 ἐγγράφειν]
1082 1858 1162 1903 ζῶα
1182 1852 1397 1909 ἐγγράφειν
1416 1857 1474 1894 hic

813 1915 961 1953 omnino
986 1918 1042 1951 est
1057 1915 1203 1964 figuras
1223 1916 1380 1963 pingere.
1413 1914 1473 1950 Cf.

812 1972 852 2020 I,
880 1973 948 2012 70.
979 1971 1053 2018 lV,
1081 1972 1135 2011 88
1169 1976 1280 2019 atque
1304 1970 1479 2007 Eustath.·

813 2029 862 2066 ad
882 2027 984 2065 Iliad.
1011 2040 1048 2077 p.
1080 2025 1186 2075 481,
1218 2029 1243 2067 6
1271 2027 1330 2064 ed.
1361 2025 1473 2063 Basil.

812 2084 923 2122 Plura
939 2084 1011 2121 vid.
1030 2084 1078 2120 ad
1097 2083 1129 2120 Il
1142 2112 1152 2131 ‚
1171 2082 1209 2124 4.
1239 2083 1388 2130 Strabo,
1410 2082 1473 2132 qui

815 2142 968 2189 eadem,
998 2152 1094 2190 quae
1124 2140 1183 2176 hie
1210 2140 1258 2177 de
1285 2140 1474 2177 Caucasiis

813 2202 1072 2244 memorantur,
1090 2197 1139 2233 ad
1160 2195 1394 2245 Massagetas
1415 2209 1476 2234 re·-

813 2254 914 2303 tulit,
938 2255 1035 2291 idem
1054 2253 1233 2303 expressit
1253 2254 1364 2291 verbo
1385 2267 1476 2292 ποι-

813 2311 962 2351 κίλλειν
991 2306 1084 2361 (τήν
1105 2308 1299 2361 ἐσθῆτα),
1328 2309 1390 2347 lib.
1420 2309 1477 2347 XI

813 2381 851 2419 p-
870 2371 952 2409 781
985 2381 1013 2405 s,
1035 2367 1117 2408 513
1144 2367 1202 2404 ed.
1228 2366 1388 2404 Casaub.
1418 2385 1477 2394 —

814 2424 858 2462 In
883 2437 986 2474 seqq.
1016 2423 1266 2474 rescripsimus
1302 2423 1477 2460 librorum

816 2494 861 2520 ex
904 2481 1121 2519 auctoritate
1163 2480 1273 2532 μίξιν
1318 2476 1370 2520 δὲ
1407 2492 1477 2532 pro

818 2538 915 2589 vulg.
943 2538 1052 2590 μίξιν
1081 2550 1143 2576 τε.

1007 2620 1120 2673 Cap.
1161 2620 1295 2659 CCIV.

874 2704 923 2747 τοὶ
966 2704 1039 2758 μὲν
1073 2702 1124 2758 δὴ
1164 2702 1269 2757 πρός
1306 2702 1479 2757 ἕσπέρην

819 2766 893 2815 τῆς
910 2759 1120 2814 θαλάσσης
1136 2760 1310 2814 ταύτης]
1341 2762 1478 2799 Intelli-

821 2822 875 2871 git
902 2821 1095 2870 regiones,
1149 2832 1246 2869 quae
1282 2832 1304 2856 a
1341 2818 1480 2868 Caspio

820 2878 913 2916 mari
955 2878 1180 2914 occidentem
1224 2888 1349 2913 versus
1388 2875 1480 2911 sitae

823 2938 933 2985 sunt,
973 2936 1013 2972 ut
1039 2945 1123 2973 mox
1152 2928 1201 2973 τὰ
1228 2927 1324 2986 πρὸς
1349 2925 1415 2984 ἠοῖ
1439 2943 1481 2970 τε
