1832 3315
629 255 935 298 CL10.1.

1333 258 1414 297 141

159 368 579 434 προσκεχωρηκότων
620 365 742 425 αὐτῷ
776 367 849 410 καὶ
879 364 1025 409 ἄλλων
1061 363 1226 408 ἐθνέων
1254 364 1415 422 βαρβά-

129 463 253 511 3ρων
281 452 463 507 συχνῶν.
521 446 629 502 πρὸς
669 445 722 502 δὴ
763 441 825 488 ὧν
865 446 960 501 ἐμοί
987 460 1032 488 τε
1062 444 1202 488 δοκέει
1230 443 1334 487 οὐδὲ
1363 444 1413 488 τὸ

157 528 426 586 Πελασγικόν
443 527 575 579 ἔθνος
591 559 603 581 ,
633 526 707 570 ἐὸν
727 524 959 582 βάρβαρον
976 556 988 579 ‚
1017 522 1191 581 οὐδαμοὶ
1219 522 1415 581 μεγάλως

156 609 413 665 αὐξηθῆναι.

95 832 269 869 insertum
293 829 452 878 itemque
487 831 574 878 post
613 821 747 880 αὕτςιῒς

96 901 191 938 quae
231 886 412 924 distinctio
457 885 527 936 ipsi
560 885 747 932 Schweig-

95 945 272 982 haeusero
293 942 392 979 haud
418 941 600 991 displicet,
630 945 670 978 ut
690 944 746 977 ta-

97 1001 139 1037 lis
179 1000 226 1036 sit
259 999 388 1036 Nostri
425 998 494 1034 loci
540 997 744 1035 sententia:

95 1055 357 1105 „Hellenicam
376 1058 522 1103 gentem
535 1082 545 1100 ,
573 1053 744 1103 quamdiu

95 1126 119 1150 a
145 1112 310 1161 Pelasgis
343 1111 498 1148 discreta
528 1111 656 1158 fuerit,
691 1109 747 1145 in-

94 1169 236 1206 firmam
254 1168 380 1215 fuisse,
403 1171 490 1217 post
505 1180 592 1204 vero
605 1195 615 1213 ,
635 1178 746 1215 quum

94 1226 211 1263 maior
236 1224 508 1273 Pelasgicorum
528 1222 746 1273 populorum

95 1295 182 1333 pars
223 1281 398 1329 multique
422 1280 480 1316 alii
508 1279 633 1329 populi
664 1279 747 1315 bar-

95 1338 175 1376 bari
194 1350 274 1374 cum
292 1336 353 1373 illa
372 1335 655 1381 coaluissent,in
667 1347 745 1371 ma-

95 1394 321 1444 gnitudinem
340 1392 533 1429 crevisse.“
572 1391 693 1434 Quam
712 1391 744 1427 si

95 1463 289 1499 sequamur
307 1449 505 1496 rationem,
533 1460 641 1484 voces
663 1449 744 1486 τῶν

94 1504 249 1546 ἐθνέων
269 1507 426 1545 πολλῶν
447 1506 495 1543 de
509 1504 674 1553 Pelasgis
685 1516 745 1541 ac-

94 1563 281 1613 cipiendae
319 1566 443 1609 erunt3
486 1562 586 1610 quod
624 1562 744 1611 ipsum

94 1632 167 1669 quo
188 1619 268 1657 iure
298 1619 377 1656 fieri
404 1619 542 1669 possit,
575 1618 743 1666 equidem

93 1676 236 1725 ignom.
291 1674 418 1724 Itaque
437 1687 532 1712 nunc
557 1674 744 1722 vulgatam

94 1732 164 1770 loci
196 1732 519 1781 interpunctionem
544 1734 581 1768 et
619 1730 745 1767 lectio-

94 1801 179 1827 nem
205 1789 429 1825 immutatam
461 1787 666 1836 reliqui.-—
685 1786 744 1823 Ad

95 1842 262 1895 αὔξηται
297 1844 369 1881 Cr.
390 1845 484 1882 conf.
505 1843 667 1881 Fischer.
696 1843 745 1880 ad

93 1900 240 1940 Weller.
267 1900 332 1948 ΙΙΙ,
357 1913 379 1937 a
413 1913 499 1952 pag.
518 1899 584 1942 42.

151 1953 253 2026 πρὸς
274 1953 325 2008 δη
343 1972 401 1996 ων
431 1956 519 2007 ἐμοί
548 1971 589 1995 τε
615 1953 744 1996 δοκέει

94 2009 189 2054 ουδὲ
208 2029 250 2054 το
273 2028 308 2052 κ.
325 2029 355 2052 τ.
368 2013 415 2064 λ.]
445 2013 579 2050 Aldina
597 2017 634 2051 et
651 2026 744 2050 unus

92 2070 182 2109 liber
210 2071 386 2121 scriptus:
415 2086 468 2117 ως
497 2066 547 2121 δη
577 2063 656 2119 ὥν,-
684 2083 743 2108 re-

92 2127 181 2176 liqui
230 2127 372 2165 codices
424 2122 523 2179 πρὸς
570 2123 621 2178 δή
670 2127 740 2165 ὠν.

92 2183 446 2233 Schweighaeusero‚
464 2187 505 2220 ut
514 2187 622 2221 antea
632 2182 742 2221 Reis-

90 2239 174 2288 kio,
232 2239 388 2278 Aldinae
432 2240 568 2291 placuit
621 2240 740 2288 lectio,

92 2309 202 2346 quam
227 2300 267 2333 ut
293 2297 469 2346 explicatu
503 2297 740 2334 difficiliorem

90 2351 244 2390 librariis
265 2353 453 2391 molestam
471 2353 584 2391 fuisse
603 2357 739 2401 censet,

90 2409 254 2458 quamvis
300 2410 486 2460 scriptoris
531 2423 620 2447 usus
659 2423 740 2447 eam

93 2465 182 2502 satis
204 2469 358 2503 tueatur.
413 2465 494 2503 Erit
526 2467 622 2504 enim
650 2466 740 2503 illud

93 2520 237 2560 dicendi
262 2535 398 2571 genus,
427 2523 489 2559 ubi
513 2524 562 2560 ad
591 2522 741 2560 infiniti-

93 2589 178 2614 vum
195 2578 404 2628 suppleatur
419 2579 457 2615 id
469 2580 629 2627 verbum,
640 2580 739 2628 quod

93 2631 134 2668 in
154 2634 284 2671 minori
308 2636 552 2674 enuntiatione
578 2636 740 2673 invenia-

95 2690 176 2735 tur,
213 2694 253 2726 ut
277 2690 311 2727 h.
347 2690 370 2727 l.
407 2692 456 2729 ad
486 2687 741 2743 αὐξηθῆναι,

96 2744 244 2782 verbum
277 2745 412 2786 δοκέει.
471 2749 580 2786 Conf.
607 2748 643 2796 Ι,
673 2748 740 2790 65.

100 2800 192 2840 191.
239 2799 295 2848 Π,
333 2805 370 2843 8.
413 2803 477 2852 IV,
507 2805 544 2846 5.
580 2807 634 2846 76
671 2809 737 2842 etc.

97 2854 296 2893 Hermann.
316 2859 364 2896 ad
388 2859 510 2909 Viger
535 2874 621 2912 pag.
642 2861 737 2902 742.

97 2909 228 2948 Matth.
276 2913 340 2951 Gr.
385 2915 450 2953 Gr.
492 2915 530 2968 ἓ.
571 2918 739 2965 539‚2

814 839 901 876 pag.
937 824 1063 869 1059;
1099 825 1229 875 quibus
1267 825 1343 863 iure
1380 837 1467 861 usus

815 887 871 920 est
890 882 1102 919 Stallbaum.
1115 883 1163 918 ad
1174 882 1315 919 Platon.
1326 881 1465 919 Phileb.

812 953 850 989 p.
864 938 928 980 46.
944 939 1020 985 47,
1040 951 1062 974 a
1093 938 1158 975 Cr.
1181 938 1347 975 laudatus
1364 967 1374 982 .,
1405 939 1467 988 qui

813 996 908 1033 idem
932 994 1071 1032 consuli
1107 994 1182 1031 vult
1201 995 1385 1033 Schaefer.
1419 995 1467 1031 ad

813 1051 985 1102 Sophocl.
1011 1051 1181 1088 Trachin.
1206 1051 1326 1093 1240.
1375 1050 1466 1088 Mihi

814 1112 936 1145 tamen
982 1120 1087 1145 secus
1137 1108 1288 1145 videtur.
1354 1106 1465 1145 Facio

814 1177 894 1201 cum
912 1163 1110 1211 Matthiae,
1149 1165 1210 1212 qui
1231 1164 1394 1200 codicum
1414 1164 1466 1202 le-

814 1222 968 1258 ctionem
1003 1220 1157 1270 plurium
1194 1220 1290 1257 bene
1330 1224 1463 1258 tuetur.

815 1277 941 1325 „Mihi
958 1274 1032 1323 ὥς,
1062 1276 1132 1323 ait,
1162 1289 1235 1312 non
1265 1277 1358 1313 adeo
1394 1277 1464 1313 dif-

813 1333 905 1370 ficile
924 1333 1067 1369 videtur
1092 1333 1145 1379 ei,
1174 1332 1235 1382 qui
1267 1332 1323 1369 vel
1348 1346 1465 1382 pauca

812 1389 994 1428 Herodoti
1014 1389 1165 1438 legerit,
1194 1385 1290 1441 πρὸς
1319 1389 1371 1425 ita
1393 1390 1464 1426 dif-

812 1445 924 1494 ficile,
954 1450 993 1482 ut
1009 1446 1088 1496 ipse
1108 1446 1299 1483 commode
1325 1459 1383 1483 me
1418 1445 1463 1482 il-

812 1502 874 1539 lud
908 1502 1084 1552 explicare
1127 1515 1240 1553 posse
1285 1502 1460 1539 diffidam.

814 1560 896 1603 Quo
912 1560 1031 1595 minus
1062 1558 1131 1596 hoc
1156 1571 1178 1595 a
1204 1558 1348 1596 librario
1376 1572 1463 1609 pro-

810 1616 922 1653 ficisci
947 1616 1112 1666 potuisse
1150 1616 1270 1653 credo.
1328 1616 1462 1654 Dicere

809 1672 920 1709 voluit
943 1669 1042 1724 πρός
1062 1669 1113 1723 δή
1137 1673 1193 1711 ὠν
1212 1667 1307 1711 ουδὲ
1324 1688 1366 1711 το
1384 1674 1461 1711 Πε-

812 1725 997 1795 λασγικόν
1017 1727 1140 1775 ε’θνος
1168 1724 1325 1780 ου’ὃαμα
1345 1725 1461 1780 μεγά-

812 1788 889 1831 λως
938 1780 1115 1835 ηὐξήθη.
1210 1784 1461 1835 Praeterquam

813 1842 902 1892 quod
915 1842 1046 1879 multae
1064 1841 1236 1879 barbarae
1254 1847 1372 1892 gentes
1383 1855 1461 1880 cum

812 1899 1015 1937 Hellembus
1033 1899 1236 1936 coaluerunt
1246 1929 1256 1947 ,
1269 1898 1460 1949 Pelasgica

810 1969 916 2005 gens,
957 1968 1030 1992 una
1061 1968 1078 1992 e
1110 1955 1289 2004 barbaris,
1327 1969 1394 2006 per
1419 1968 1461 1994 se

812 2014 920 2050 etiam
941 2012 1019 2049 sine
1039 2011 1098 2048 illa
1119 2025 1250 2060 causa,
1280 2026 1348 2049 non
1367 2012 1459 2049 mul-

811 2073 886 2106 tum
907 2072 1016 2106 aucta
1045 2072 1106 2106 est.
1120 2069 1145 2088 ‘⁶
1202 2069 1300 2117 Iam,
1330 2071 1460 2107 eodem

808 2127 886 2162 viro
919 2127 1027 2163 docto
1059 2129 1251 2173 monente,
1285 2125 1374 2163 haec
1403 2129 1460 2163 est

808 2182 990 2220 Herodoti
1020 2182 1223 2220 sententia:
1253 2182 1460 2219 accedit—

809 2243 842 2275 εἰ
858 2241 909 2275 sic
929 2239 1017 2276 mz'ln·
1034 2238 1173 2276 videtur
1193 2260 1249 2266 —
1278 2239 1368 2289 quod
1387 2239 1458 2276 Pe-

807 2296 948 2344 lasgica
988 2307 1073 2344 gens
1109 2299 1176 2333 etc.
1235 2295 1391 2333 Censori
1420 2297 1459 2334 in

807 2352 1022 2402 Ephemerr.
1061 2352 1224 2389 lenenss.
1264 2354 1373 2393 1817
1401 2366 1457 2390 nr.

810 2408 890 2450 165
924 2421 1010 2458 pag.
1038 2410 1117 2450 381
1154 2409 1313 2446 scribere
1339 2408 1459 2459 placet

809 2461 842 2503 ὡ
853 2480 872 2511 ς
887 2466 1017 2502 eodem
1036 2478 1148 2502 sensu
1162 2478 1235 2515 quo
1256 2461 1458 2514 ωσαύτως,

807 2535 888 2558 cum
907 2522 959 2558 sic
988 2522 1134 2559 demum
1160 2526 1197 2559 et
1228 2517 1323 2561 ου’δὲ
1345 2527 1381 2560 et
1404 2520 1456 2573 δη

807 2579 864 2616 ὠν
902 2578 1053 2627 intelligi
1102 2578 1233 2630 possit.
1276 2600 1334 2606 ——-
1381 2579 1456 2616 Pro

808 2633 894 2685 ε’μο
910 2635 925 2673 ἰ
962 2649 983 2673 τ
1001 2649 1019 2673 ε
1064 2635 1283 2683 quibusdam
1320 2635 1458 2686 placuit

810 2690 966 2744 ε’μοιγες
1005 2703 1077 2740 quo
1109 2692 1167 2728 vix
1192 2704 1305 2742 opus,
1344 2692 1375 2728 si
1402 2692 1456 2729 lo-

807 2761 888 2785 cum
912 2761 955 2785 eo
974 2748 1104 2795 modo,
1135 2761 1208 2796 quo
1228 2748 1339 2784 voluit
1357 2747 1456 2785 Mat-

806 2805 925 2851 thiae,
955 2804 1199 2853 explicaveris.
1264 2805 1365 2841 idem
1400 2805 1456 2841 vir

807 2861 937 2897 doctus
948 2861 983 2896 in
998 2861 1062 2897 Gr.
1075 2860 1139 2896 Gr.
1150 2859 1186 2911 ἓ.
1199 2863 1280 2902 626
1295 2874 1332 2910 p.
1346 2863 1454 2901 1279

805 2917 900 2956 bene
917 2920 1038 2955 tuetur
1065 2917 1277 2968 particulam
1301 2930 1362 2964 τε,
1398 2916 1453 2952 cui
