1805 3315
222 745 287 789 22

333 241 392 283 5⁰
741 237 1215 279 HERODOTI

335 348 556 406 πυσμένος
584 345 727 392 πάντα
757 345 912 403 λόγον,
943 346 1018 390 καὶ
1040 347 1166 398 εἰδώς
1195 345 1246 390 τὰ
1275 344 1508 403 Ἀλυάττης
1537 346 1633 403 μέλ-

311 433 405 472 8λοι
433 427 654 484 ποιήσειν,
684 428 929 482 μηχανᾶται
960 424 1119 469 τοιοίδε.
1149 425 1254 476 ὅσος
1282 420 1338 482 ἦν
1363 427 1410 470 ἐν
1427 430 1488 486 τῷ
1514 425 1635 470 ἄστει·

336 512 455 558 σῖτος
471 506 544 550 καὶ
563 505 733 549 ἑωυτοῦ
760 505 834 548 καὶ
863 503 1099 557 ἰδιωτικὸς,
1128 508 1290 549 τοῦτον
1309 505 1451 550 πάντα
1476 517 1650 562 ammo-1

336 587 465 642 μίσας
494 585 537 635 ἐς
566 584 645 640 τὴν
675 582 865 640 ἀγορήν,
896 588 1075 638 προεῖπε
1094 585 1366 640 Μιλησίοισι,
1395 583 1526 629 ἐπεάν
1556 582 1633 629 αὐ-

336 665 412 716 τὸς
442 662 637 721 σημήνῃ,
677 662 771 707 τότε
807 664 950 706 πίνειν
977 678 1022 706 τε
1055 660 1223 714 πάντας
1259 663 1334 706 καὶ
1369 663 1503 723 κώμῳ
1539 665 1632 720 χρέ-

337 749 466 789 εσθαι
511 744 554 795 ἐς
588 740 811 798 ἀλλήλους.
875 746 1024 786 Ταῦτα
1065 742 1112 786 δὲ
1153 742 1291 786 ἐποίεέ
1331 759 1376 786 τε
1415 743 1490 787 καὶ
1527 758 1631 797 προ-

336 821 520 881 αγόρευε
553 821 872 878 Θρασύβουλος
898 825 1035 866 τῶνδε
1065 823 1249 874 εἵνεκεν,
1293 821 1404 873 ὅκως
1434 820 1488 865 ἂν
1519 821 1572 878 δὴ
1603 821 1630 865 ὁ

332 901 471 959 κήρυξ
502 900 525 945 ὁ
555 900 826 957 Σαρδιηνὸς,
856 900 965 945 ἰδών
994 918 1039 945 τε
1071 902 1212 956 σωρὸν
1246 901 1381 958 μέγαν
1411 903 1533 945 σίτου
1562 912 1649 946 σεε-5

331 982 546 1038 ,χυμένοω
575 980 648 1024 καὶ
677 979 782 1031 τούς
813 978 1077 1035 ἀνθρώπους
1106 980 1153 1024 ἐν
1180 981 1441 1037 εὐπαθείῃσε
1461 979 1629 1031 ἐόντας,

312 1060 512 1117 Ωᾶγγείλῃ
526 1057 747 1116 Ἀλυάττῃ.
776 1058 829 1103 τὰ
861 1060 912 1116 δὴ
942 1060 1016 1104 καὶ
1045 1060 1223 1116 ἐγένετο.
1257 1059 1316 1111 ὥς
1343 1059 1428 1115 γὰρ
1448 1058 1500 1116 δή
1524 1057 1631 1103 ἰδών

334 1154 380 1183 τε
400 1138 544 1182 ἐκεῖνα
572 1137 596 1181 ὁ
630 1137 789 1194 κήρυξ,
820 1140 892 1183 καὶ
922 1140 1044 1190 εἴπας
1072 1138 1184 1195 πρὸς
1208 1137 1532 1195 Θρασύβουλον
1553 1137 1631 1190 τὰς

335 1217 515 1268 ἐντολὰς
542 1220 620 1261 τοῦ
648 1220 829 1270 Λυδοῦ,
871 1216 1037 1276 ἀπῆλθε
1066 1218 1108 1271 ἐς
1130 1219 1207 1270 τὰς
1235 1219 1425 1273 Σάρδις,
1457 1216 1515 1269 ὠς
1545 1217 1628 1274 ἐγώ

337 1295 644 1353 πυνθάνομαι,
695 1295 755 1341 δι’
797 1295 931 1342 οὐδὲν
969 1297 1074 1342 ἄλλο
1113 1297 1279 1353 ἐγένετο
1327 1296 1355 1354 ἡ
1405 1296 1676 1353 &cumomni-10

313 1374 519 1428 Βέλπίζων
546 1373 630 1432 γὰρ
660 1374 685 1420 ὁ
711 1373 942 1435 Ἀλυάττης
974 1379 1199 1435 σιτοδηΐην
1231 1394 1276 1421 τε
1307 1374 1417 1421 εἶναι
1447 1375 1629 1433 ἰσχυρὴν

291 1583 378 1609 men
395 1583 584 1620 nunquam
602 1584 645 1608 eo
661 1570 783 1610 valere
801 1572 948 1622 poterit,

290 1631 333 1664 ut
363 1627 432 1664 hoc
457 1640 604 1676 quoque
629 1627 709 1665 loco
733 1630 950 1666 caduceato-

289 1696 368 1721 rem
414 1684 525 1720 istum
561 1682 730 1732 Alyattae
768 1686 948 1722 maritimo

289 1740 422 1777 itinere
455 1739 622 1777 Miletum
664 1741 809 1778 venisse
849 1742 949 1778 dica-

289 1809 371 1834 mus
385 1825 397 1843 ,
426 1808 522 1844 quae
541 1796 721 1833 Gronovii
733 1801 789 1834 est
799 1802 948 1836 senten-

291 1852 354 1889 tia.
385 1851 485 1891 Nam
512 1853 559 1889 de
579 1855 707 1901 quovis
726 1854 855 1892 itinere
881 1868 949 1904 pe-

293 1909 409 1946 destri
438 1921 554 1957 aeque
586 1922 629 1945 ac
655 1907 835 1947 maritimo
865 1923 950 1949 sae-

290 1964 375 2015 pius
404 1964 494 2002 haee
530 1965 642 2003 verba
665 1967 833 2018 usurpari
861 1980 949 2005 con-

290 2024 377 2058 stat.

347 2098 417 2139 καὶ
446 2097 569 2155 κώμῳ
598 2099 785 2152 χρὲεσθαι
816 2100 856 2149 ἐς
883 2097 950 2142 αλ-

292 2151 462 2207 λήλους]
520 2155 708 2208 χρὲεσθαι
752 2159 882 2196 merito
929 2173 951 2198 e

292 2212 393 2249 libris
417 2214 600 2250 nonnullis
621 2215 848 2252 retinuerunt
872 2217 950 2254 edi-

292 2273 416 2316 tores,
446 2269 524 2307 loco
553 2270 728 2319 vulgatae
756 2273 948 2322 χρῆσθαι,

293 2337 389 2374 quae
434 2325 518 2363 olim
569 2331 705 2364 textum
748 2341 950 2378 occupave-

290 2385 359 2418 rat.
417 2381 575 2420 Sensum
601 2382 670 2420 loci
709 2384 762 2421 sic
787 2386 950 2423 reddidit

292 2436 495 2486 Schweigh.
508 2452 517 2475 :
535 2443 856 2486 „commessationes
867 2455 945 2479 mu-

291 2495 374 2529 tuas
418 2497 537 2531 cuncti
565 2494 663 2544 (ut)
689 2498 947 2535 z’mtz'tuerentss

289 2547 459 2585 Recurrit
497 2550 689 2598 aliquoties
730 2554 767 2590 in
803 2554 947 2591 Plutar-

290 2603 357 2641 cho
369 2633 379 2651 ,
409 2609 504 2642 teste
519 2605 775 2654 W'yttenbach.
792 2610 839 2646 ad
856 2609 946 2646 Plu-

290 2660 402 2697 tarch.
422 2659 554 2698 Moral.
584 2675 622 2712 p.
652 2665 733 2705 569
752 2664 799 2702 T.
822 2665 851 2702 I.
883 2665 944 2703 De

289 2727 378 2754 voce
397 2718 530 2767 κῶμος
546 2717 820 2770 (commessatio)
847 2723 943 2759 conf.

288 2784 337 2810 ne
365 2772 487 2822 plura,
543 2774 754 2824 Spanhemii
799 2790 842 2815 ac
877 2777 944 2814 Fi·-

288 2827 406 2866 scheri
425 2833 515 2867 nott
532 2831 581 2868 ad
591 2830 826 2884 Aristophan.
847 2833 942 2872 Plut.

1212 1572 1244 1610 C
1256 1585 1323 1623 ap.
1355 1570 1476 1609 XXII.

1071 1646 1394 1704 προαγόρευε
1437 1644 1671 1703 Θρασύβου-

1013 1709 1106 1754 λος]
1166 1708 1321 1746 Variant
1374 1709 1478 1755 libri,
1519 1719 1674 1757 quorum

1014 1764 1205 1812 nonnulli,
1263 1769 1303 1801 ut
1360 1765 1470 1814 vulgo
1541 1764 1674 1810 editur,

1014 1816 1300 1873 προσηγόρευε.
1384 1821 1467 1859 Nos
1518 1820 1673 1857 aliorum

1015 1878 1207 1915 lectionem
1255 1891 1336 1914 cum
1382 1877 1585 1925 Schweigh.
1636 1880 1673 1913 et

1017 1934 1135 1971 Gaisf.
1186 1934 1424 1984 praetulimus
1438 1947 1446 1970 :
1475 1948 1505 1972 π
1515 1948 1536 1985 ρ
1549 1947 1570 1972 ο
1584 1927 1673 1984 ‹176-

1019 2005 1122 2043 ρευε.
1160 1990 1250 2027 Mox
1285 2004 1365 2027 cum
1404 1989 1528 2040 plures
1562 1989 1671 2027 codd.

1018 2048 1212 2085 exhibeant
1260 2043 1574 2098 Σαρδιηνὸς,
1633 2049 1674 2082 ut

1016 2104 1109 2141 infra
1133 2103 1172 2151 I,
1207 2106 1273 2145 79.
1305 2105 1359 2144 83
1401 2106 1439 2140 et
1472 2102 1575 2139 Rich.
1610 2101 1673 2139 In-

1017 2161 1154 2210 scriptt.
1184 2173 1220 2210 p.
1249 2160 1320 2207 85,
1351 2159 1402 2207 5,
1426 2159 1514 2196 nihil
1541 2158 1674 2196 sollici-

1016 2217 1177 2254 tandum.
1209 2216 1252 2253 In
1278 2229 1383 2266 seqq.
1410 2228 1491 2252 cum
1521 2218 1673 2253 recentt.

1014 2274 1145 2312 retinui
1176 2271 1311 2320 εἴπας,
1350 2271 1452 2310 cuius
1479 2271 1559 2309 loco
1588 2271 1672 2308 libri

1015 2330 1166 2379 quidam
1199 2325 1379 2378 εἰπών,
1418 2328 1487 2366 sed
1523 2328 1598 2365 vid.
1639 2327 1671 2376 I,

1014 2386 1069 2428 49
1088 2387 1212 2435 ibique
1234 2389 1325 2423 nott.

1072 2458 1128 2489 ως
1150 2439 1227 2494 ἐγω
1244 2437 1509 2493 πυνθανομαι
1527 2455 1563 2481 κ.
1573 2455 1607 2480 τ.
1617 2443 1668 2487 λ.]

1012 2497 1137 2536 Verba
1157 2500 1247 2536 satis
1273 2498 1388 2546 clara,
1415 2499 1594 2536 immerito
1615 2497 1670 2534 vi·-

1012 2555 1062 2591 ris
1103 2555 1219 2592 doctis
1253 2528 1465 2602 sollicit'ata,
1501 2558 1541 2590 ut
1568 2557 1668 2591 recte

1010 2615 1137 2649 monet
1155 2611 1357 2660 Schweigh.
1386 2610 1560 2659 Namque
1580 2609 1670 2658 Aly-

1011 2668 1110 2714 attis,
1145 2667 1209 2716 qui
1239 2667 1403 2704 inducias
1427 2666 1539 2703 modo
1563 2666 1602 2702 in
1627 2666 1667 2702 id

1010 2726 1167 2773 tempuS,
1197 2735 1270 2772 quo
1289 2722 1463 2786 templum
1482 2726 1581 2760 esset
1604 2733 1668 2759 ex-

1009 2779 1222 2816 struendum
1248 2779 1383 2830 pacisci
1410 2779 1574 2816 voluerat
1599 2778 1666 2827 (eo

1006 2834 1279 2885 praeterlapso,
1341 2835 1475 2873 bellum
1530 2834 1667 2873 scilicet

1005 2891 1311 2940 restauraturus),
1340 2905 1457 2941 nunc,
1486 2891 1548 2930 ubi
1571 2903 1665 2929 nun-
