<?xml version="1.0" encoding="UTF-8"?>
<!DOCTYPE html PUBLIC "-//W3C//DTD XHTML 1.0 Transitional//EN"
    "http://www.w3.org/TR/xhtml1/DTD/xhtml1-transitional.dtd">
<html xmlns="http://www.w3.org/1999/xhtml" xml:lang="en" lang="en">
 <head>
  <title>
</title>
<meta http-equiv="Content-Type" content="text/html;charset=utf-8" />
  <meta name='ocr-system' content='tesseract 3.04.00' />
  <meta name='ocr-capabilities' content='ocr_page ocr_carea ocr_par ocr_line ocrx_word'/>
</head>
<body>
  <div class='ocr_page' id='page_1' title='image "./musaeher01hero/musaeher01hero_0157.png"; bbox 0 0 1832 3315; ppageno 0'>
   <div class='ocr_carea' id='block_1_1' title="bbox 618 254 923 295">
    <p class='ocr_par' dir='ltr' id='par_1_1' title="bbox 618 254 923 295">
     <span class='ocr_line' id='line_1_1' title="bbox 618 254 923 295; baseline -0.01 0"><span class='ocrx_word' id='word_1_1' title='bbox 618 254 836 295; x_wconf 88' lang='lat' dir='ltr'>CLIO.</span> <span class='ocrx_word' id='word_1_2' title='bbox 895 254 923 293; x_wconf 90' lang='grc' dir='ltr'>Ι.</span> 
     </span>
    </p>
   </div>
   <div class='ocr_carea' id='block_1_2' title="bbox 1320 255 1403 295">
    <p class='ocr_par' dir='ltr' id='par_1_2' title="bbox 1320 255 1403 295">
     <span class='ocr_line' id='line_1_2' title="bbox 1320 255 1403 295; baseline 0 0"><span class='ocrx_word' id='word_1_3' title='bbox 1320 255 1403 295; x_wconf 75' lang='lat'>143</span> 
     </span>
    </p>
   </div>
   <div class='ocr_carea' id='block_1_3' title="bbox 144 360 1403 422">
    <p class='ocr_par' dir='ltr' id='par_1_3' title="bbox 144 360 1403 422">
     <span class='ocr_line' id='line_1_3' title="bbox 144 360 1403 422; baseline -0.01 -4"><span class='ocrx_word' id='word_1_4' title='bbox 144 373 283 418; x_wconf 79' lang='grc' dir='ltr'><em>οἰκία·</em></span> <span class='ocrx_word' id='word_1_5' title='bbox 344 371 381 414; x_wconf 84' lang='grc' dir='ltr'>εἰ</span> <span class='ocrx_word' id='word_1_6' title='bbox 408 365 455 412; x_wconf 74' lang='grc' dir='ltr'>δὲ</span> <span class='ocrx_word' id='word_1_7' title='bbox 480 364 682 422; x_wconf 75' lang='grc' dir='ltr'><em>τυγχάνει</em></span> <span class='ocrx_word' id='word_1_8' title='bbox 721 364 851 421; x_wconf 75' lang='grc' dir='ltr'><em>ἔχων,</em></span> <span class='ocrx_word' id='word_1_9' title='bbox 893 360 1075 417; x_wconf 82' lang='grc' dir='ltr'><em>δεύτερα</em></span> <span class='ocrx_word' id='word_1_10' title='bbox 1102 360 1183 420; x_wconf 79' lang='grc' dir='ltr'>τήν</span> <span class='ocrx_word' id='word_1_11' title='bbox 1211 367 1403 420; x_wconf 72' lang='grc' dir='ltr'><em>γυναῖκα</em></span> 
     </span>
    </p>
   </div>
   <div class='ocr_carea' id='block_1_4' title="bbox 144 441 1459 507">
    <p class='ocr_par' dir='ltr' id='par_1_4' title="bbox 144 441 1459 507">
     <span class='ocr_line' id='line_1_4' title="bbox 144 441 1459 507; baseline -0.01 -11"><span class='ocrx_word' id='word_1_12' title='bbox 144 452 393 507; x_wconf 80' lang='grc' dir='ltr'><em>ἐκπέμπειν·</em></span> <span class='ocrx_word' id='word_1_13' title='bbox 421 446 496 490; x_wconf 75' lang='grc' dir='ltr'><em>καὶ</em></span> <span class='ocrx_word' id='word_1_14' title='bbox 526 447 567 488; x_wconf 81' lang='grc' dir='ltr'>εἴ</span> <span class='ocrx_word' id='word_1_15' title='bbox 592 447 657 496; x_wconf 81' lang='grc' dir='ltr'><em>τίς</em></span> <span class='ocrx_word' id='word_1_16' title='bbox 686 445 731 487; x_wconf 83' lang='grc' dir='ltr'>οἱ</span> <span class='ocrx_word' id='word_1_17' title='bbox 759 441 958 500; x_wconf 77' lang='grc' dir='ltr'><em>τυγχάνει</em></span> <span class='ocrx_word' id='word_1_18' title='bbox 977 442 1062 486; x_wconf 76' lang='grc' dir='ltr'>ἐών</span> <span class='ocrx_word' id='word_1_19' title='bbox 1086 447 1211 495; x_wconf 82' lang='grc' dir='ltr'><em>παῖς,</em></span> <span class='ocrx_word' id='word_1_20' title='bbox 1240 447 1404 487; x_wconf 78' lang='grc' dir='ltr'><em>τοῦτον</em></span> <span class='ocrx_word' id='word_1_21' title='bbox 1415 451 1459 484; x_wconf 85' lang='lat'>90</span> 
     </span>
    </p>
   </div>
   <div class='ocr_carea' id='block_1_5' title="bbox 114 521 1402 578">
    <p class='ocr_par' dir='ltr' id='par_1_5' title="bbox 114 521 1402 578">
     <span class='ocr_line' id='line_1_5' title="bbox 114 521 1402 578; baseline -0.005 -6"><span class='ocrx_word' id='word_1_22' title='bbox 114 529 427 575; x_wconf 80' lang='grc' dir='ltr'><em>4ἆπείπασθαι·</em></span> <span class='ocrx_word' id='word_1_23' title='bbox 458 525 629 576; x_wconf 81' lang='grc' dir='ltr'><em>οὔκων,</em></span> <span class='ocrx_word' id='word_1_24' title='bbox 659 526 795 567; x_wconf 82' lang='grc' dir='ltr'><em>ταῦτα</em></span> <span class='ocrx_word' id='word_1_25' title='bbox 825 521 1168 578; x_wconf 82' lang='grc' dir='ltr'><em>παραινέσαντος</em></span> <span class='ocrx_word' id='word_1_26' title='bbox 1193 525 1402 575; x_wconf 81' lang='grc' dir='ltr'><em>Χίλωνος,</em></span> 
     </span>
    </p>
   </div>
   <div class='ocr_carea' id='block_1_6' title="bbox 143 601 1400 660">
    <p class='ocr_par' dir='ltr' id='par_1_6' title="bbox 143 601 1400 660">
     <span class='ocr_line' id='line_1_6' title="bbox 143 601 1400 660; baseline -0.005 -8"><span class='ocrx_word' id='word_1_27' title='bbox 143 611 372 652; x_wconf 81' lang='grc' dir='ltr'><em>πείθεσθαι</em></span> <span class='ocrx_word' id='word_1_28' title='bbox 399 604 546 649; x_wconf 77' lang='grc' dir='ltr'><em>θέλειν</em></span> <span class='ocrx_word' id='word_1_29' title='bbox 574 604 653 649; x_wconf 85' lang='grc' dir='ltr'>τὸν</span> <span class='ocrx_word' id='word_1_30' title='bbox 677 602 981 659; x_wconf 78' lang='grc' dir='ltr'><em>Ἱπποκράτεα·</em></span> <span class='ocrx_word' id='word_1_31' title='bbox 1009 601 1215 659; x_wconf 76' lang='grc' dir='ltr'><em>γενέσθαι</em></span> <span class='ocrx_word' id='word_1_32' title='bbox 1235 605 1278 647; x_wconf 84' lang='grc' dir='ltr'>οἱ</span> <span class='ocrx_word' id='word_1_33' title='bbox 1295 602 1400 660; x_wconf 75' lang='grc' dir='ltr'><em>μετά</em></span> 
     </span>
    </p>
   </div>
   <div class='ocr_carea' id='block_1_7' title="bbox 141 681 1402 741">
    <p class='ocr_par' dir='ltr' id='par_1_7' title="bbox 141 681 1402 741">
     <span class='ocr_line' id='line_1_7' title="bbox 141 681 1402 741; baseline -0.003 -11"><span class='ocrx_word' id='word_1_34' title='bbox 141 690 277 731; x_wconf 86' lang='grc' dir='ltr'><em>ταῦτα</em></span> <span class='ocrx_word' id='word_1_35' title='bbox 303 686 382 729; x_wconf 88' lang='grc' dir='ltr'>τὸν</span> <span class='ocrx_word' id='word_1_36' title='bbox 411 686 723 741; x_wconf 77' lang='grc' dir='ltr'><em>Πεισίστρατον</em></span> <span class='ocrx_word' id='word_1_37' title='bbox 751 687 938 736; x_wconf 85' lang='grc' dir='ltr'><em>τοῦτον,</em></span> <span class='ocrx_word' id='word_1_38' title='bbox 977 681 1049 736; x_wconf 79' lang='grc' dir='ltr'>ὃς,</span> <span class='ocrx_word' id='word_1_39' title='bbox 1081 681 1402 737; x_wconf 80' lang='grc' dir='ltr'><em>στασιαζόντων</em></span> 
     </span>
    </p>
   </div>
   <div class='ocr_carea' id='block_1_8' title="bbox 139 761 1404 821">
    <p class='ocr_par' dir='ltr' id='par_1_8' title="bbox 139 761 1404 821">
     <span class='ocr_line' id='line_1_8' title="bbox 139 761 1404 821; baseline -0.002 -12"><span class='ocrx_word' id='word_1_40' title='bbox 139 768 229 810; x_wconf 81' lang='grc' dir='ltr'>τῶν</span> <span class='ocrx_word' id='word_1_41' title='bbox 265 762 474 820; x_wconf 78' lang='grc' dir='ltr'><em>παράλων</em></span> <span class='ocrx_word' id='word_1_42' title='bbox 509 765 584 809; x_wconf 84' lang='grc' dir='ltr'>καὶ</span> <span class='ocrx_word' id='word_1_43' title='bbox 631 768 722 809; x_wconf 74' lang='grc' dir='ltr'>τῶν</span> <span class='ocrx_word' id='word_1_44' title='bbox 757 764 804 809; x_wconf 75' lang='grc' dir='ltr'>ἐκ</span> <span class='ocrx_word' id='word_1_45' title='bbox 841 766 923 808; x_wconf 83' lang='grc' dir='ltr'><em>τοῦ</em></span> <span class='ocrx_word' id='word_1_46' title='bbox 963 764 1118 808; x_wconf 82' lang='grc' dir='ltr'><em>πεδίου</em></span> <span class='ocrx_word' id='word_1_47' title='bbox 1142 761 1404 821; x_wconf 81' lang='grc' dir='ltr'><em>Ἀθηναίων,</em></span> 
     </span>
    </p>
   </div>
   <div class='ocr_carea' id='block_1_9' title="bbox 80 939 760 1555">
    <p class='ocr_par' dir='ltr' id='par_1_9' title="bbox 80 939 760 1555">
     <span class='ocr_line' id='line_1_9' title="bbox 82 939 738 992; baseline -0.003 -13"><span class='ocrx_word' id='word_1_48' title='bbox 82 945 162 988; x_wconf 88' lang='lat' dir='ltr'>tur,</span> <span class='ocrx_word' id='word_1_49' title='bbox 192 941 291 992; x_wconf 90' lang='lat' dir='ltr'>apud</span> <span class='ocrx_word' id='word_1_50' title='bbox 327 939 560 977; x_wconf 77' lang='lat' dir='ltr'>Plutarchum</span> <span class='ocrx_word' id='word_1_51' title='bbox 585 940 738 979; x_wconf 83' lang='lat' dir='ltr'>inveniri</span> 
     </span>
     <span class='ocr_line' id='line_1_10' title="bbox 81 997 737 1044; baseline -0.005 -7"><span class='ocrx_word' id='word_1_52' title='bbox 81 997 231 1044; x_wconf 83' lang='grc' dir='ltr'><em>παῖδας</em></span> <span class='ocrx_word' id='word_1_53' title='bbox 250 1000 382 1037; x_wconf 85' lang='grc' dir='ltr'><em>ποιεῖν</em></span> <span class='ocrx_word' id='word_1_54' title='bbox 401 1010 479 1034; x_wconf 90' lang='lat' dir='ltr'>cum</span> <span class='ocrx_word' id='word_1_55' title='bbox 499 998 546 1035; x_wconf 93' lang='lat' dir='ltr'>de</span> <span class='ocrx_word' id='word_1_56' title='bbox 562 998 638 1034; x_wconf 83' lang='lat' dir='ltr'>viro</span> <span class='ocrx_word' id='word_1_57' title='bbox 659 1003 737 1035; x_wconf 89' lang='lat' dir='ltr'>tum</span> 
     </span>
     <span class='ocr_line' id='line_1_11' title="bbox 82 1054 737 1101; baseline -0.002 -9"><span class='ocrx_word' id='word_1_58' title='bbox 82 1056 130 1092; x_wconf 90' lang='lat' dir='ltr'>de</span> <span class='ocrx_word' id='word_1_59' title='bbox 157 1054 329 1101; x_wconf 85' lang='lat' dir='ltr'>muliere,</span> <span class='ocrx_word' id='word_1_60' title='bbox 379 1058 420 1090; x_wconf 86' lang='lat' dir='ltr'>ut</span> <span class='ocrx_word' id='word_1_61' title='bbox 451 1055 656 1091; x_wconf 88' lang='lat' dir='ltr'>notavimus</span> <span class='ocrx_word' id='word_1_62' title='bbox 688 1055 737 1091; x_wconf 92' lang='lat' dir='ltr'>ad</span> 
     </span>
     <span class='ocr_line' id='line_1_12' title="bbox 80 1110 737 1160; baseline -0.002 -12"><span class='ocrx_word' id='word_1_63' title='bbox 80 1110 176 1148; x_wconf 90' lang='lat' dir='ltr'>Plut.</span> <span class='ocrx_word' id='word_1_64' title='bbox 198 1111 327 1160; x_wconf 77' lang='lat' dir='ltr'>Pyrrh.</span> <span class='ocrx_word' id='word_1_65' title='bbox 355 1123 441 1160; x_wconf 80' lang='lat' dir='ltr'>pag.</span> <span class='ocrx_word' id='word_1_66' title='bbox 463 1112 555 1152; x_wconf 83' lang='grc'>233.</span> <span class='ocrx_word' id='word_1_67' title='bbox 614 1110 737 1148; x_wconf 89' lang='lat' dir='ltr'>Locu-</span> 
     </span>
     <span class='ocr_line' id='line_1_13' title="bbox 80 1167 736 1216; baseline -0.002 -11"><span class='ocrx_word' id='word_1_68' title='bbox 80 1168 219 1206; x_wconf 91' lang='lat' dir='ltr'>tionem</span> <span class='ocrx_word' id='word_1_69' title='bbox 246 1168 294 1205; x_wconf 91' lang='lat' dir='ltr'>de</span> <span class='ocrx_word' id='word_1_70' title='bbox 321 1168 418 1214; x_wconf 83' lang='lat' dir='ltr'>viro,</span> <span class='ocrx_word' id='word_1_71' title='bbox 459 1168 520 1216; x_wconf 87' lang='lat' dir='ltr'>qui</span> <span class='ocrx_word' id='word_1_72' title='bbox 551 1167 736 1205; x_wconf 88' lang='lat' dir='ltr'>mulierem</span> 
     </span>
     <span class='ocr_line' id='line_1_14' title="bbox 81 1224 760 1281; baseline 0 -20"><span class='ocrx_word' id='word_1_73' title='bbox 81 1225 181 1261; x_wconf 87' lang='lat' dir='ltr'>ducit</span> <span class='ocrx_word' id='word_1_74' title='bbox 203 1225 241 1261; x_wconf 89' lang='lat' dir='ltr'>in</span> <span class='ocrx_word' id='word_1_75' title='bbox 256 1224 521 1262; x_wconf 82' lang='lat' dir='ltr'>matrimonium</span> <span class='ocrx_word' id='word_1_76' title='bbox 535 1254 545 1271; x_wconf 93' lang='lat'>‚</span> <span class='ocrx_word' id='word_1_77' title='bbox 565 1225 737 1262; x_wconf 86' lang='lat' dir='ltr'>usitatam</span> <span class='ocrx_word' id='word_1_78' title='bbox 743 1259 760 1281; x_wconf 44' lang='grc' dir='ltr'><strong><em>δ</em></strong></span> 
     </span>
     <span class='ocr_line' id='line_1_15' title="bbox 83 1277 737 1334; baseline -0.005 -14"><span class='ocrx_word' id='word_1_79' title='bbox 83 1278 254 1334; x_wconf 69' lang='grc' dir='ltr'><em>ἄγεσθαι</em></span> <span class='ocrx_word' id='word_1_80' title='bbox 284 1280 324 1327; x_wconf 80' lang='grc' dir='ltr'>ἐς</span> <span class='ocrx_word' id='word_1_81' title='bbox 354 1277 402 1318; x_wconf 72' lang='grc' dir='ltr'><em>τά</em></span> <span class='ocrx_word' id='word_1_82' title='bbox 439 1280 546 1319; x_wconf 77' lang='grc' dir='ltr'><em>οἰκία</em></span> <span class='ocrx_word' id='word_1_83' title='bbox 591 1283 669 1328; x_wconf 89' lang='lat' dir='ltr'>(sc.</span> <span class='ocrx_word' id='word_1_84' title='bbox 698 1283 737 1317; x_wconf 83' lang='lat' dir='ltr'>z&#39;n</span> 
     </span>
     <span class='ocr_line' id='line_1_16' title="bbox 83 1336 735 1388; baseline -0.003 -13"><span class='ocrx_word' id='word_1_85' title='bbox 83 1350 183 1375; x_wconf 80' lang='lat' dir='ltr'>suam</span> <span class='ocrx_word' id='word_1_86' title='bbox 215 1340 328 1388; x_wconf 76' lang='lat' dir='ltr'>ipsius</span> <span class='ocrx_word' id='word_1_87' title='bbox 355 1337 533 1385; x_wconf 81' lang='lat' dir='ltr'>domum),</span> <span class='ocrx_word' id='word_1_88' title='bbox 563 1336 735 1387; x_wconf 81' lang='lat' dir='ltr'>explicui-</span> 
     </span>
     <span class='ocr_line' id='line_1_17' title="bbox 81 1393 735 1442; baseline -0.003 -10"><span class='ocrx_word' id='word_1_89' title='bbox 81 1408 163 1432; x_wconf 88' lang='lat' dir='ltr'>mus</span> <span class='ocrx_word' id='word_1_90' title='bbox 181 1395 229 1431; x_wconf 86' lang='lat' dir='ltr'>ad</span> <span class='ocrx_word' id='word_1_91' title='bbox 252 1394 399 1431; x_wconf 85' lang='lat' dir='ltr'>Ctesiae</span> <span class='ocrx_word' id='word_1_92' title='bbox 419 1393 540 1430; x_wconf 86' lang='lat' dir='ltr'>Perss.</span> <span class='ocrx_word' id='word_1_93' title='bbox 567 1394 735 1442; x_wconf 84' lang='lat' dir='ltr'>sragmm.</span> 
     </span>
     <span class='ocr_line' id='line_1_18' title="bbox 81 1450 738 1502; baseline -0.002 -14"><span class='ocrx_word' id='word_1_94' title='bbox 81 1465 137 1501; x_wconf 91' lang='lat' dir='ltr'>cp.</span> <span class='ocrx_word' id='word_1_95' title='bbox 153 1455 180 1492; x_wconf 82' lang='lat'><strong>2</strong></span> <span class='ocrx_word' id='word_1_96' title='bbox 206 1463 293 1502; x_wconf 89' lang='lat' dir='ltr'>pag.</span> <span class='ocrx_word' id='word_1_97' title='bbox 313 1453 368 1491; x_wconf 89' lang='grc'>92</span> <span class='ocrx_word' id='word_1_98' title='bbox 389 1462 466 1500; x_wconf 88' lang='lat' dir='ltr'>seq.</span> <span class='ocrx_word' id='word_1_99' title='bbox 505 1450 615 1489; x_wconf 86' lang='lat' dir='ltr'>Conf.</span> <span class='ocrx_word' id='word_1_100' title='bbox 627 1463 738 1501; x_wconf 87' lang='lat' dir='ltr'>supra</span> 
     </span>
     <span class='ocr_line' id='line_1_19' title="bbox 80 1506 383 1555; baseline -0.003 -10"><span class='ocrx_word' id='word_1_101' title='bbox 80 1507 118 1555; x_wconf 91' lang='lat' dir='ltr'>I,</span> <span class='ocrx_word' id='word_1_102' title='bbox 138 1506 206 1549; x_wconf 84' lang='grc'>34.</span> <span class='ocrx_word' id='word_1_103' title='bbox 235 1507 292 1554; x_wconf 90' lang='grc' dir='ltr'>ΙΙ,</span> <span class='ocrx_word' id='word_1_104' title='bbox 316 1506 383 1548; x_wconf 83' lang='grc'>47.</span> 
     </span>
    </p>
   </div>
   <div class='ocr_carea' id='block_1_10' title="bbox 80 1586 740 2040">
    <p class='ocr_par' dir='ltr' id='par_1_10' title="bbox 80 1586 740 2040">
     <span class='ocr_line' id='line_1_20' title="bbox 138 1586 737 1644; baseline -0.002 -13"><span class='ocrx_word' id='word_1_105' title='bbox 138 1586 303 1643; x_wconf 82' lang='grc' dir='ltr'><em>δεύτερα</em></span> <span class='ocrx_word' id='word_1_106' title='bbox 341 1587 417 1642; x_wconf 74' lang='grc' dir='ltr'>τήν</span> <span class='ocrx_word' id='word_1_107' title='bbox 461 1593 633 1644; x_wconf 81' lang='grc' dir='ltr'><em>γυναῖκα</em></span> <span class='ocrx_word' id='word_1_108' title='bbox 659 1589 737 1631; x_wconf 75' lang='grc' dir='ltr'>ἐκ·</span> 
     </span>
     <span class='ocr_line' id='line_1_21' title="bbox 80 1643 737 1700; baseline -0.005 -13"><span class='ocrx_word' id='word_1_109' title='bbox 80 1646 180 1698; x_wconf 83' lang='grc' dir='ltr'>πέμ</span> <span class='ocrx_word' id='word_1_110' title='bbox 191 1663 220 1687; x_wconf 88' lang='grc' dir='ltr'><em>π</em></span> <span class='ocrx_word' id='word_1_111' title='bbox 232 1662 248 1687; x_wconf 86' lang='grc' dir='ltr'>ε</span> <span class='ocrx_word' id='word_1_112' title='bbox 259 1663 273 1686; x_wconf 89' lang='grc' dir='ltr'><em>ι</em></span> <span class='ocrx_word' id='word_1_113' title='bbox 284 1646 333 1698; x_wconf 95' lang='grc' dir='ltr'><em>ν]</em></span> <span class='ocrx_word' id='word_1_114' title='bbox 349 1643 512 1700; x_wconf 79' lang='grc' dir='ltr'><em>δεύτερα</em></span> <span class='ocrx_word' id='word_1_115' title='bbox 525 1648 657 1685; x_wconf 88' lang='lat' dir='ltr'>dictum</span> <span class='ocrx_word' id='word_1_116' title='bbox 668 1661 737 1698; x_wconf 89' lang='lat' dir='ltr'>pro</span> 
     </span>
     <span class='ocr_line' id='line_1_22' title="bbox 83 1701 738 1757; baseline -0.005 -13"><span class='ocrx_word' id='word_1_117' title='bbox 83 1701 249 1757; x_wconf 78' lang='grc' dir='ltr'><em>δεύτερα</em></span> <span class='ocrx_word' id='word_1_118' title='bbox 283 1703 358 1753; x_wconf 82' lang='grc' dir='ltr'>δὲ,·</span> <span class='ocrx_word' id='word_1_119' title='bbox 395 1718 503 1754; x_wconf 86' lang='lat' dir='ltr'>quam</span> <span class='ocrx_word' id='word_1_120' title='bbox 525 1705 738 1755; x_wconf 83' lang='lat' dir='ltr'>particulam</span> 
     </span>
     <span class='ocr_line' id='line_1_23' title="bbox 82 1761 740 1812; baseline -0.002 -14"><span class='ocrx_word' id='word_1_121' title='bbox 82 1763 121 1799; x_wconf 92' lang='lat' dir='ltr'>in</span> <span class='ocrx_word' id='word_1_122' title='bbox 140 1762 208 1799; x_wconf 85' lang='lat' dir='ltr'>hac</span> <span class='ocrx_word' id='word_1_123' title='bbox 230 1761 387 1799; x_wconf 85' lang='lat' dir='ltr'>dictione</span> <span class='ocrx_word' id='word_1_124' title='bbox 397 1761 609 1812; x_wconf 87' lang='lat' dir='ltr'>plerumque</span> <span class='ocrx_word' id='word_1_125' title='bbox 622 1761 740 1798; x_wconf 82' lang='lat' dir='ltr'>omitti</span> 
     </span>
     <span class='ocr_line' id='line_1_24' title="bbox 82 1817 738 1868; baseline -0.003 -12"><span class='ocrx_word' id='word_1_126' title='bbox 82 1822 208 1857; x_wconf 80' lang='lat' dir='ltr'>monet</span> <span class='ocrx_word' id='word_1_127' title='bbox 235 1817 422 1855; x_wconf 81' lang='lat' dir='ltr'>Werferus</span> <span class='ocrx_word' id='word_1_128' title='bbox 457 1819 493 1855; x_wconf 91' lang='lat' dir='ltr'>in</span> <span class='ocrx_word' id='word_1_129' title='bbox 524 1818 618 1855; x_wconf 84' lang='lat' dir='ltr'>Actt.</span> <span class='ocrx_word' id='word_1_130' title='bbox 640 1817 738 1868; x_wconf 88' lang='lat' dir='ltr'>phill.</span> 
     </span>
     <span class='ocr_line' id='line_1_25' title="bbox 82 1874 740 1925; baseline -0.003 -13"><span class='ocrx_word' id='word_1_131' title='bbox 82 1874 249 1912; x_wconf 86' lang='lat' dir='ltr'>Monacc.</span> <span class='ocrx_word' id='word_1_132' title='bbox 283 1874 300 1911; x_wconf 95' lang='lat' dir='ltr'>I</span> <span class='ocrx_word' id='word_1_133' title='bbox 328 1888 415 1925; x_wconf 90' lang='lat' dir='ltr'>pag.</span> <span class='ocrx_word' id='word_1_134' title='bbox 435 1875 517 1917; x_wconf 85' lang='grc'>253</span> <span class='ocrx_word' id='word_1_135' title='bbox 546 1887 623 1924; x_wconf 84' lang='lat' dir='ltr'>seq.</span> <span class='ocrx_word' id='word_1_136' title='bbox 653 1887 740 1925; x_wconf 91' lang='lat' dir='ltr'>per-</span> 
     </span>
     <span class='ocr_line' id='line_1_26' title="bbox 81 1931 739 1982; baseline -0.003 -13"><span class='ocrx_word' id='word_1_137' title='bbox 81 1931 201 1969; x_wconf 82' lang='lat' dir='ltr'>multis</span> <span class='ocrx_word' id='word_1_138' title='bbox 242 1931 413 1982; x_wconf 84' lang='lat' dir='ltr'>exemplis</span> <span class='ocrx_word' id='word_1_139' title='bbox 451 1931 648 1980; x_wconf 83' lang='lat' dir='ltr'>congestis.</span> <span class='ocrx_word' id='word_1_140' title='bbox 682 1952 739 1958; x_wconf 81' lang='grc'>---</span> 
     </span>
     <span class='ocr_line' id='line_1_27' title="bbox 83 1986 738 2040; baseline -0.005 -13"><span class='ocrx_word' id='word_1_141' title='bbox 83 1986 298 2040; x_wconf 78' lang='grc' dir='ltr'><em>ἐκπέμπειν</em></span> <span class='ocrx_word' id='word_1_142' title='bbox 325 1988 492 2038; x_wconf 81' lang='lat' dir='ltr'>inprimis</span> <span class='ocrx_word' id='word_1_143' title='bbox 517 1990 563 2025; x_wconf 87' lang='lat' dir='ltr'>de</span> <span class='ocrx_word' id='word_1_144' title='bbox 583 1988 660 2024; x_wconf 82' lang='lat' dir='ltr'>viro</span> <span class='ocrx_word' id='word_1_145' title='bbox 683 1988 738 2025; x_wconf 77' lang='lat' dir='ltr'>di-</span> 
     </span>
    </p>
   </div>
   <div class='ocr_carea' id='block_1_11' title="bbox 20 2042 739 2094">
    <p class='ocr_par' dir='ltr' id='par_1_11' title="bbox 20 2042 739 2094">
     <span class='ocr_line' id='line_1_28' title="bbox 20 2042 739 2094; baseline -0.003 -12"><span class='ocrx_word' id='word_1_146' title='bbox 20 2042 21 2045; x_wconf 30' lang='lat'><em>*</em></span> <span class='ocrx_word' id='word_1_147' title='bbox 83 2044 138 2092; x_wconf 86' lang='lat' dir='ltr'>ci,</span> <span class='ocrx_word' id='word_1_148' title='bbox 190 2045 251 2094; x_wconf 88' lang='lat' dir='ltr'>qui</span> <span class='ocrx_word' id='word_1_149' title='bbox 288 2045 478 2082; x_wconf 87' lang='lat' dir='ltr'>discidium</span> <span class='ocrx_word' id='word_1_150' title='bbox 518 2044 739 2082; x_wconf 82' lang='lat' dir='ltr'>matrimonii</span> 
     </span>
    </p>
   </div>
   <div class='ocr_carea' id='block_1_12' title="bbox 83 2097 738 2267">
    <p class='ocr_par' dir='ltr' id='par_1_12' title="bbox 83 2097 738 2267">
     <span class='ocr_line' id='line_1_29' title="bbox 84 2097 736 2149; baseline 0.005 -12"><span class='ocrx_word' id='word_1_151' title='bbox 84 2101 202 2148; x_wconf 78' lang='lat' dir='ltr'>ineat,</span> <span class='ocrx_word' id='word_1_152' title='bbox 232 2114 343 2139; x_wconf 84' lang='lat' dir='ltr'>uxore</span> <span class='ocrx_word' id='word_1_153' title='bbox 363 2103 515 2139; x_wconf 84' lang='lat' dir='ltr'>aedibus</span> <span class='ocrx_word' id='word_1_154' title='bbox 535 2102 661 2149; x_wconf 71' lang='lat' dir='ltr'>eiecta,</span> <span class='ocrx_word' id='word_1_155' title='bbox 693 2097 736 2140; x_wconf 78' lang='grc' dir='ltr'>οἷ-</span> 
     </span>
     <span class='ocr_line' id='line_1_30' title="bbox 83 2157 738 2207; baseline -0.003 -10"><span class='ocrx_word' id='word_1_156' title='bbox 83 2157 287 2197; x_wconf 77' lang='grc' dir='ltr'><em>πολείπειν</em></span> <span class='ocrx_word' id='word_1_157' title='bbox 300 2159 346 2196; x_wconf 89' lang='lat' dir='ltr'>de</span> <span class='ocrx_word' id='word_1_158' title='bbox 361 2172 473 2197; x_wconf 74' lang='lat' dir='ltr'>uxore</span> <span class='ocrx_word' id='word_1_159' title='bbox 485 2188 496 2207; x_wconf 88' lang='lat'>‚</span> <span class='ocrx_word' id='word_1_160' title='bbox 524 2171 545 2195; x_wconf 91' lang='lat' dir='ltr'>a</span> <span class='ocrx_word' id='word_1_161' title='bbox 565 2158 640 2195; x_wconf 63' lang='lat' dir='ltr'>xiro</span> <span class='ocrx_word' id='word_1_162' title='bbox 661 2158 738 2195; x_wconf 89' lang='lat' dir='ltr'>dis-</span> 
     </span>
     <span class='ocr_line' id='line_1_31' title="bbox 84 2215 737 2267; baseline 0.002 -16"><span class='ocrx_word' id='word_1_163' title='bbox 84 2215 257 2262; x_wconf 84' lang='lat' dir='ltr'>cedente,</span> <span class='ocrx_word' id='word_1_164' title='bbox 301 2215 464 2266; x_wconf 88' lang='lat' dir='ltr'>pluribus</span> <span class='ocrx_word' id='word_1_165' title='bbox 504 2216 737 2267; x_wconf 87' lang='lat' dir='ltr'>exposuimus</span> 
     </span>
    </p>
   </div>
   <div class='ocr_carea' id='block_1_13' title="bbox 82 2270 742 2901">
    <p class='ocr_par' dir='ltr' id='par_1_13' title="bbox 82 2270 737 2379">
     <span class='ocr_line' id='line_1_32' title="bbox 82 2270 737 2309; baseline 0.002 -1"><span class='ocrx_word' id='word_1_166' title='bbox 82 2270 121 2308; x_wconf 88' lang='lat' dir='ltr'>in</span> <span class='ocrx_word' id='word_1_167' title='bbox 149 2274 239 2309; x_wconf 88' lang='lat' dir='ltr'>nott.</span> <span class='ocrx_word' id='word_1_168' title='bbox 271 2272 319 2308; x_wconf 90' lang='lat' dir='ltr'>ad</span> <span class='ocrx_word' id='word_1_169' title='bbox 349 2272 529 2309; x_wconf 81' lang='lat' dir='ltr'>Plutarch.</span> <span class='ocrx_word' id='word_1_170' title='bbox 558 2272 737 2309; x_wconf 86' lang='lat' dir='ltr'>Alcibiad.</span> 
     </span>
     <span class='ocr_line' id='line_1_33' title="bbox 83 2329 448 2379; baseline 0.008 -16"><span class='ocrx_word' id='word_1_171' title='bbox 83 2340 170 2379; x_wconf 86' lang='lat' dir='ltr'>pag.</span> <span class='ocrx_word' id='word_1_172' title='bbox 196 2329 448 2370; x_wconf 82' lang='grc'>103-105,</span> 
     </span>
    </p>

    <p class='ocr_par' dir='ltr' id='par_1_14' title="bbox 85 2395 742 2901">
     <span class='ocr_line' id='line_1_34' title="bbox 138 2395 732 2451; baseline -0.003 -13"><span class='ocrx_word' id='word_1_173' title='bbox 138 2401 281 2439; x_wconf 79' lang='grc' dir='ltr'><em>τοῦτον</em></span> <span class='ocrx_word' id='word_1_174' title='bbox 320 2395 596 2451; x_wconf 81' lang='grc' dir='ltr'><em>οἷπείπασθαι]</em></span> <span class='ocrx_word' id='word_1_175' title='bbox 645 2400 670 2437; x_wconf 90' lang='lat' dir='ltr'>i.</span> <span class='ocrx_word' id='word_1_176' title='bbox 700 2412 732 2437; x_wconf 88' lang='lat' dir='ltr'>e.</span> 
     </span>
     <span class='ocr_line' id='line_1_35' title="bbox 86 2454 740 2507; baseline 0 -14"><span class='ocrx_word' id='word_1_177' title='bbox 86 2454 176 2493; x_wconf 78' lang='lat' dir='ltr'>hunc</span> <span class='ocrx_word' id='word_1_178' title='bbox 199 2456 321 2507; x_wconf 78' lang='lat' dir='ltr'>filium</span> <span class='ocrx_word' id='word_1_179' title='bbox 360 2457 545 2504; x_wconf 70' lang='lat' dir='ltr'>abdicare,</span> <span class='ocrx_word' id='word_1_180' title='bbox 585 2471 614 2494; x_wconf 79' lang='lat'>5.</span> <span class='ocrx_word' id='word_1_181' title='bbox 645 2456 740 2494; x_wconf 91' lang='lat' dir='ltr'>hunc</span> 
     </span>
     <span class='ocr_line' id='line_1_36' title="bbox 85 2512 740 2563; baseline 0 -14"><span class='ocrx_word' id='word_1_182' title='bbox 85 2512 196 2549; x_wconf 88' lang='lat' dir='ltr'>filium</span> <span class='ocrx_word' id='word_1_183' title='bbox 211 2526 287 2551; x_wconf 91' lang='lat' dir='ltr'>non</span> <span class='ocrx_word' id='word_1_184' title='bbox 315 2526 515 2562; x_wconf 83' lang='lat' dir='ltr'>agnoscere</span> <span class='ocrx_word' id='word_1_185' title='bbox 538 2513 740 2563; x_wconf 87' lang='lat' dir='ltr'>legitimum</span> 
     </span>
     <span class='ocr_line' id='line_1_37' title="bbox 86 2569 739 2621; baseline 0.005 -16"><span class='ocrx_word' id='word_1_186' title='bbox 86 2580 244 2618; x_wconf 86' lang='lat' dir='ltr'>vereque</span> <span class='ocrx_word' id='word_1_187' title='bbox 264 2583 380 2607; x_wconf 90' lang='lat' dir='ltr'>suum.</span> <span class='ocrx_word' id='word_1_188' title='bbox 438 2571 481 2608; x_wconf 92' lang='lat' dir='ltr'>In</span> <span class='ocrx_word' id='word_1_189' title='bbox 501 2584 606 2621; x_wconf 87' lang='lat' dir='ltr'>seqq.</span> <span class='ocrx_word' id='word_1_190' title='bbox 632 2569 739 2608; x_wconf 83' lang='lat' dir='ltr'>facile</span> 
     </span>
     <span class='ocr_line' id='line_1_38' title="bbox 88 2624 740 2673; baseline 0.003 -13"><span class='ocrx_word' id='word_1_191' title='bbox 88 2624 281 2673; x_wconf 84' lang='lat' dir='ltr'>cogitando</span> <span class='ocrx_word' id='word_1_192' title='bbox 312 2627 400 2664; x_wconf 90' lang='lat' dir='ltr'>addi</span> <span class='ocrx_word' id='word_1_193' title='bbox 429 2631 493 2664; x_wconf 88' lang='lat' dir='ltr'>aut</span> <span class='ocrx_word' id='word_1_194' title='bbox 523 2641 543 2666; x_wconf 88' lang='lat' dir='ltr'>e</span> <span class='ocrx_word' id='word_1_195' title='bbox 571 2630 740 2664; x_wconf 86' lang='lat' dir='ltr'>contextu</span> 
     </span>
     <span class='ocr_line' id='line_1_39' title="bbox 89 2680 741 2735; baseline 0.009 -20"><span class='ocrx_word' id='word_1_196' title='bbox 89 2680 250 2729; x_wconf 87' lang='lat' dir='ltr'>suppleri</span> <span class='ocrx_word' id='word_1_197' title='bbox 268 2684 403 2732; x_wconf 86' lang='lat' dir='ltr'>poterit</span> <span class='ocrx_word' id='word_1_198' title='bbox 421 2682 578 2735; x_wconf 79' lang='grc' dir='ltr'><em>λέγουσι</em></span> <span class='ocrx_word' id='word_1_199' title='bbox 590 2715 601 2730; x_wconf 91' lang='grc'><em>,</em></span> <span class='ocrx_word' id='word_1_200' title='bbox 625 2681 741 2733; x_wconf 79' lang='grc' dir='ltr'><em>φασὶ,</em></span> 
     </span>
     <span class='ocr_line' id='line_1_40' title="bbox 89 2735 742 2789; baseline 0.011 -19"><span class='ocrx_word' id='word_1_201' title='bbox 89 2735 147 2772; x_wconf 87' lang='lat' dir='ltr'>vel</span> <span class='ocrx_word' id='word_1_202' title='bbox 166 2737 279 2775; x_wconf 85' lang='lat' dir='ltr'>simile</span> <span class='ocrx_word' id='word_1_203' title='bbox 295 2740 392 2787; x_wconf 89' lang='lat' dir='ltr'>quid.</span> <span class='ocrx_word' id='word_1_204' title='bbox 451 2741 532 2779; x_wconf 90' lang='lat' dir='ltr'>Nec</span> <span class='ocrx_word' id='word_1_205' title='bbox 547 2741 667 2789; x_wconf 86' lang='lat' dir='ltr'>magis</span> <span class='ocrx_word' id='word_1_206' title='bbox 683 2753 742 2777; x_wconf 91' lang='lat' dir='ltr'>re-</span> 
     </span>
     <span class='ocr_line' id='line_1_41' title="bbox 90 2792 741 2848; baseline 0.009 -21"><span class='ocrx_word' id='word_1_207' title='bbox 90 2792 224 2828; x_wconf 85' lang='lat' dir='ltr'>morari</span> <span class='ocrx_word' id='word_1_208' title='bbox 253 2794 364 2832; x_wconf 85' lang='lat' dir='ltr'>debet</span> <span class='ocrx_word' id='word_1_209' title='bbox 395 2796 590 2848; x_wconf 89' lang='lat' dir='ltr'>abruptum</span> <span class='ocrx_word' id='word_1_210' title='bbox 623 2797 654 2834; x_wconf 89' lang='lat' dir='ltr'>si</span> <span class='ocrx_word' id='word_1_211' title='bbox 685 2795 741 2834; x_wconf 88' lang='lat' dir='ltr'>cui</span> 
     </span>
     <span class='ocr_line' id='line_1_42' title="bbox 89 2846 585 2901; baseline 0.018 -18"><span class='ocrx_word' id='word_1_212' title='bbox 89 2846 270 2885; x_wconf 87' lang='lat' dir='ltr'>videbitur</span> <span class='ocrx_word' id='word_1_213' title='bbox 291 2851 434 2890; x_wconf 87' lang='lat' dir='ltr'>dicendi</span> <span class='ocrx_word' id='word_1_214' title='bbox 455 2866 585 2901; x_wconf 87' lang='lat' dir='ltr'>genus.</span> 
     </span>
    </p>
   </div>
   <div class='ocr_carea' id='block_1_14' title="bbox 149 2916 742 2976">
    <p class='ocr_par' dir='ltr' id='par_1_15' title="bbox 149 2916 742 2976">
     <span class='ocr_line' id='line_1_43' title="bbox 149 2916 742 2976; baseline 0.012 -21"><span class='ocrx_word' id='word_1_215' title='bbox 149 2916 429 2968; x_wconf 81' lang='grc' dir='ltr'><em>στασιαζόντων</em></span> <span class='ocrx_word' id='word_1_216' title='bbox 448 2926 527 2965; x_wconf 79' lang='grc' dir='ltr'>τῶν</span> <span class='ocrx_word' id='word_1_217' title='bbox 550 2917 742 2976; x_wconf 80' lang='grc' dir='ltr'><em>παράλων</em></span> 
     </span>
    </p>
   </div>
   <div class='ocr_carea' id='block_1_15' title="bbox 803 934 1463 2974">
    <p class='ocr_par' dir='ltr' id='par_1_16' title="bbox 803 934 1463 2974">
     <span class='ocr_line' id='line_1_44' title="bbox 804 934 1459 990; baseline 0 -12"><span class='ocrx_word' id='word_1_218' title='bbox 804 937 872 979; x_wconf 82' lang='grc' dir='ltr'><em>καὶ</em></span> <span class='ocrx_word' id='word_1_219' title='bbox 906 941 985 978; x_wconf 77' lang='grc' dir='ltr'>τῶν</span> <span class='ocrx_word' id='word_1_220' title='bbox 1011 937 1054 978; x_wconf 80' lang='grc' dir='ltr'>ἔκ</span> <span class='ocrx_word' id='word_1_221' title='bbox 1081 941 1157 979; x_wconf 78' lang='grc' dir='ltr'><em>τοῦ</em></span> <span class='ocrx_word' id='word_1_222' title='bbox 1177 939 1318 980; x_wconf 78' lang='grc' dir='ltr'><em>πεδίου</em></span> <span class='ocrx_word' id='word_1_223' title='bbox 1343 934 1459 990; x_wconf 75' lang='grc' dir='ltr'>Ἀθη-</span> 
     </span>
     <span class='ocr_line' id='line_1_45' title="bbox 804 996 1459 1042; baseline -0.006 -6"><span class='ocrx_word' id='word_1_224' title='bbox 804 996 932 1036; x_wconf 83' lang='grc' dir='ltr'><em>ναίων</em></span> <span class='ocrx_word' id='word_1_225' title='bbox 960 1011 995 1035; x_wconf 84' lang='grc' dir='ltr'>κ.</span> <span class='ocrx_word' id='word_1_226' title='bbox 1024 1011 1058 1034; x_wconf 87' lang='grc' dir='ltr'>τ.</span> <span class='ocrx_word' id='word_1_227' title='bbox 1089 999 1147 1042; x_wconf 87' lang='grc' dir='ltr'>λ.]</span> <span class='ocrx_word' id='word_1_228' title='bbox 1207 997 1459 1035; x_wconf 87' lang='lat' dir='ltr'>Memorantur</span> 
     </span>
     <span class='ocr_line' id='line_1_46' title="bbox 803 1053 1460 1102; baseline -0.002 -12"><span class='ocrx_word' id='word_1_229' title='bbox 803 1058 877 1090; x_wconf 87' lang='lat' dir='ltr'>tres</span> <span class='ocrx_word' id='word_1_230' title='bbox 895 1054 1093 1101; x_wconf 80' lang='lat' dir='ltr'>factiones,</span> <span class='ocrx_word' id='word_1_231' title='bbox 1129 1054 1258 1102; x_wconf 83' lang='lat' dir='ltr'>quibus</span> <span class='ocrx_word' id='word_1_232' title='bbox 1279 1053 1460 1090; x_wconf 83' lang='lat' dir='ltr'>Pisistrati</span> 
     </span>
     <span class='ocr_line' id='line_1_47' title="bbox 804 1109 1460 1157; baseline 0 -11"><span class='ocrx_word' id='word_1_233' title='bbox 804 1114 924 1147; x_wconf 88' lang='lat' dir='ltr'>aetate</span> <span class='ocrx_word' id='word_1_234' title='bbox 947 1109 1066 1146; x_wconf 85' lang='lat' dir='ltr'>Attica</span> <span class='ocrx_word' id='word_1_235' title='bbox 1091 1111 1200 1147; x_wconf 85' lang='lat' dir='ltr'>fuerit</span> <span class='ocrx_word' id='word_1_236' title='bbox 1220 1111 1356 1157; x_wconf 79' lang='lat' dir='ltr'>divisa,</span> <span class='ocrx_word' id='word_1_237' title='bbox 1386 1110 1460 1146; x_wconf 86' lang='lat' dir='ltr'>Pa-</span> 
     </span>
     <span class='ocr_line' id='line_1_48' title="bbox 803 1166 1458 1213; baseline 0 -10"><span class='ocrx_word' id='word_1_238' title='bbox 803 1167 868 1203; x_wconf 90' lang='lat' dir='ltr'>rali</span> <span class='ocrx_word' id='word_1_239' title='bbox 885 1194 896 1212; x_wconf 86' lang='lat'>‚</span> <span class='ocrx_word' id='word_1_240' title='bbox 937 1166 1110 1213; x_wconf 83' lang='lat' dir='ltr'>Pediaei‚</span> <span class='ocrx_word' id='word_1_241' title='bbox 1158 1167 1304 1203; x_wconf 87' lang='lat' dir='ltr'>Diacrii.</span> <span class='ocrx_word' id='word_1_242' title='bbox 1372 1166 1458 1203; x_wconf 85' lang='lat' dir='ltr'>Vid.</span> 
     </span>
     <span class='ocr_line' id='line_1_49' title="bbox 803 1223 1460 1272; baseline -0.003 -12"><span class='ocrx_word' id='word_1_243' title='bbox 803 1227 963 1260; x_wconf 81' lang='lat' dir='ltr'>veterum</span> <span class='ocrx_word' id='word_1_244' title='bbox 1003 1223 1219 1272; x_wconf 84' lang='lat' dir='ltr'>scriptorum</span> <span class='ocrx_word' id='word_1_245' title='bbox 1250 1223 1460 1260; x_wconf 85' lang='lat' dir='ltr'>testimonia</span> 
     </span>
     <span class='ocr_line' id='line_1_50' title="bbox 804 1278 1458 1329; baseline 0 -14"><span class='ocrx_word' id='word_1_246' title='bbox 804 1280 903 1329; x_wconf 88' lang='lat' dir='ltr'>apud</span> <span class='ocrx_word' id='word_1_247' title='bbox 951 1278 1154 1316; x_wconf 87' lang='lat' dir='ltr'>Meursium</span> <span class='ocrx_word' id='word_1_248' title='bbox 1202 1280 1240 1315; x_wconf 92' lang='lat' dir='ltr'>in</span> <span class='ocrx_word' id='word_1_249' title='bbox 1278 1279 1458 1315; x_wconf 83' lang='lat' dir='ltr'>Pisistrat.</span> 
     </span>
     <span class='ocr_line' id='line_1_51' title="bbox 804 1335 1459 1386; baseline -0.002 -14"><span class='ocrx_word' id='word_1_250' title='bbox 804 1349 883 1385; x_wconf 90' lang='lat' dir='ltr'>cap.</span> <span class='ocrx_word' id='word_1_251' title='bbox 910 1335 983 1383; x_wconf 85' lang='lat' dir='ltr'>IH,</span> <span class='ocrx_word' id='word_1_252' title='bbox 1025 1348 1068 1372; x_wconf 88' lang='lat' dir='ltr'>ac</span> <span class='ocrx_word' id='word_1_253' title='bbox 1097 1336 1326 1386; x_wconf 86' lang='lat' dir='ltr'>potissimum</span> <span class='ocrx_word' id='word_1_254' title='bbox 1364 1336 1459 1372; x_wconf 88' lang='lat' dir='ltr'>Plut.</span> 
     </span>
     <span class='ocr_line' id='line_1_52' title="bbox 805 1391 1459 1442; baseline 0.005 -13"><span class='ocrx_word' id='word_1_255' title='bbox 805 1393 932 1429; x_wconf 85' lang='lat' dir='ltr'>Solon.</span> <span class='ocrx_word' id='word_1_256' title='bbox 953 1406 1008 1442; x_wconf 88' lang='lat' dir='ltr'>cp.</span> <span class='ocrx_word' id='word_1_257' title='bbox 1034 1393 1097 1433; x_wconf 84' lang='lat'>13.</span> <span class='ocrx_word' id='word_1_258' title='bbox 1123 1395 1174 1433; x_wconf 85' lang='lat'>19</span> <span class='ocrx_word' id='word_1_259' title='bbox 1194 1406 1280 1442; x_wconf 88' lang='lat' dir='ltr'>pag.</span> <span class='ocrx_word' id='word_1_260' title='bbox 1303 1391 1368 1434; x_wconf 86' lang='lat'>85.</span> <span class='ocrx_word' id='word_1_261' title='bbox 1393 1391 1459 1433; x_wconf 84' lang='lat'>94.</span> 
     </span>
     <span class='ocr_line' id='line_1_53' title="bbox 805 1448 1459 1499; baseline 0 -14"><span class='ocrx_word' id='word_1_262' title='bbox 805 1448 926 1486; x_wconf 89' lang='lat' dir='ltr'>Schol.</span> <span class='ocrx_word' id='word_1_263' title='bbox 956 1448 1143 1499; x_wconf 86' lang='lat' dir='ltr'>Aristoph.</span> <span class='ocrx_word' id='word_1_264' title='bbox 1181 1450 1295 1499; x_wconf 83' lang='lat' dir='ltr'>Vesp.</span> <span class='ocrx_word' id='word_1_265' title='bbox 1338 1449 1459 1490; x_wconf 78' lang='lat'>1218.</span> 
     </span>
     <span class='ocr_line' id='line_1_54' title="bbox 807 1505 1460 1549; baseline 0 -7"><span class='ocrx_word' id='word_1_266' title='bbox 807 1506 881 1549; x_wconf 82' lang='lat' dir='ltr'>Qui</span> <span class='ocrx_word' id='word_1_267' title='bbox 901 1505 1140 1543; x_wconf 87' lang='lat' dir='ltr'>enimDiacrii</span> <span class='ocrx_word' id='word_1_268' title='bbox 1162 1506 1207 1543; x_wconf 91' lang='lat' dir='ltr'>ab</span> <span class='ocrx_word' id='word_1_269' title='bbox 1229 1506 1307 1543; x_wconf 88' lang='lat' dir='ltr'>aliis</span> <span class='ocrx_word' id='word_1_270' title='bbox 1327 1518 1460 1543; x_wconf 86' lang='lat' dir='ltr'>vocan-</span> 
     </span>
     <span class='ocr_line' id='line_1_55' title="bbox 805 1562 1460 1614; baseline -0.002 -16"><span class='ocrx_word' id='word_1_271' title='bbox 805 1566 882 1609; x_wconf 83' lang='lat' dir='ltr'>tur,</span> <span class='ocrx_word' id='word_1_272' title='bbox 912 1562 1104 1600; x_wconf 83' lang='lat' dir='ltr'>Herodoto</span> <span class='ocrx_word' id='word_1_273' title='bbox 1120 1568 1203 1599; x_wconf 85' lang='lat' dir='ltr'>sunt</span> <span class='ocrx_word' id='word_1_274' title='bbox 1223 1562 1460 1614; x_wconf 72' lang='lat' dir='ltr'>Hyperacrii3</span> 
     </span>
     <span class='ocr_line' id='line_1_56' title="bbox 805 1618 1460 1671; baseline 0 -15"><span class='ocrx_word' id='word_1_275' title='bbox 805 1618 843 1656; x_wconf 79' lang='lat' dir='ltr'>hi</span> <span class='ocrx_word' id='word_1_276' title='bbox 863 1619 1034 1656; x_wconf 85' lang='lat' dir='ltr'>favebant</span> <span class='ocrx_word' id='word_1_277' title='bbox 1057 1619 1191 1657; x_wconf 86' lang='lat' dir='ltr'>liberae</span> <span class='ocrx_word' id='word_1_278' title='bbox 1218 1621 1269 1657; x_wconf 91' lang='lat' dir='ltr'>rei</span> <span class='ocrx_word' id='word_1_279' title='bbox 1291 1619 1460 1671; x_wconf 86' lang='lat' dir='ltr'>publicae</span> 
     </span>
     <span class='ocr_line' id='line_1_57' title="bbox 807 1675 1461 1724; baseline -0.003 -11"><span class='ocrx_word' id='word_1_280' title='bbox 807 1676 933 1724; x_wconf 84' lang='lat' dir='ltr'>generi</span> <span class='ocrx_word' id='word_1_281' title='bbox 962 1690 991 1713; x_wconf 90' lang='lat' dir='ltr'>s.</span> <span class='ocrx_word' id='word_1_282' title='bbox 1019 1676 1282 1722; x_wconf 78' lang='lat' dir='ltr'>democratiae,</span> <span class='ocrx_word' id='word_1_283' title='bbox 1312 1675 1461 1714; x_wconf 78' lang='lat' dir='ltr'>Pediaei</span> 
     </span>
     <span class='ocr_line' id='line_1_58' title="bbox 807 1732 1460 1782; baseline 0.003 -15"><span class='ocrx_word' id='word_1_284' title='bbox 807 1733 1034 1782; x_wconf 88' lang='lat' dir='ltr'>optimatium</span> <span class='ocrx_word' id='word_1_285' title='bbox 1046 1732 1226 1781; x_wconf 84' lang='lat' dir='ltr'>regimini,</span> <span class='ocrx_word' id='word_1_286' title='bbox 1238 1733 1358 1769; x_wconf 77' lang='lat' dir='ltr'>Parali</span> <span class='ocrx_word' id='word_1_287' title='bbox 1368 1732 1460 1769; x_wconf 87' lang='lat' dir='ltr'>mix-</span> 
     </span>
     <span class='ocr_line' id='line_1_59' title="bbox 808 1789 1462 1840; baseline 0.003 -15"><span class='ocrx_word' id='word_1_288' title='bbox 808 1793 886 1825; x_wconf 88' lang='lat' dir='ltr'>tum</span> <span class='ocrx_word' id='word_1_289' title='bbox 907 1790 1093 1838; x_wconf 83' lang='lat' dir='ltr'>quoddam</span> <span class='ocrx_word' id='word_1_290' title='bbox 1120 1789 1172 1826; x_wconf 88' lang='lat' dir='ltr'>rei</span> <span class='ocrx_word' id='word_1_291' title='bbox 1196 1789 1361 1840; x_wconf 88' lang='lat' dir='ltr'>publicae</span> <span class='ocrx_word' id='word_1_292' title='bbox 1394 1802 1462 1838; x_wconf 81' lang='lat' dir='ltr'>ge-</span> 
     </span>
     <span class='ocr_line' id='line_1_60' title="bbox 808 1845 1460 1894; baseline -0.002 -12"><span class='ocrx_word' id='word_1_293' title='bbox 808 1858 876 1882; x_wconf 84' lang='lat' dir='ltr'>nus</span> <span class='ocrx_word' id='word_1_294' title='bbox 917 1846 1173 1894; x_wconf 84' lang='lat' dir='ltr'>sequebantur.</span> <span class='ocrx_word' id='word_1_295' title='bbox 1240 1845 1290 1882; x_wconf 84' lang='lat' dir='ltr'>Et</span> <span class='ocrx_word' id='word_1_296' title='bbox 1328 1846 1460 1883; x_wconf 87' lang='lat' dir='ltr'>mirum</span> 
     </span>
     <span class='ocr_line' id='line_1_61' title="bbox 809 1901 1460 1953; baseline -0.002 -13"><span class='ocrx_word' id='word_1_297' title='bbox 809 1906 888 1947; x_wconf 79' lang='lat' dir='ltr'>est,</span> <span class='ocrx_word' id='word_1_298' title='bbox 922 1906 1148 1953; x_wconf 86' lang='lat' dir='ltr'>quantopere</span> <span class='ocrx_word' id='word_1_299' title='bbox 1180 1901 1250 1940; x_wconf 87' lang='lat' dir='ltr'>hae</span> <span class='ocrx_word' id='word_1_300' title='bbox 1285 1903 1460 1940; x_wconf 82' lang='lat' dir='ltr'>sactiones</span> 
     </span>
     <span class='ocr_line' id='line_1_62' title="bbox 807 1959 1462 2008; baseline -0.002 -12"><span class='ocrx_word' id='word_1_301' title='bbox 807 1959 1023 1996; x_wconf 74' lang='lat' dir='ltr'>conveniant</span> <span class='ocrx_word' id='word_1_302' title='bbox 1063 1972 1143 1996; x_wconf 90' lang='lat' dir='ltr'>cum</span> <span class='ocrx_word' id='word_1_303' title='bbox 1171 1959 1321 2008; x_wconf 86' lang='lat' dir='ltr'>antiqua</span> <span class='ocrx_word' id='word_1_304' title='bbox 1347 1959 1462 1996; x_wconf 80' lang='lat' dir='ltr'>tribu-</span> 
     </span>
     <span class='ocr_line' id='line_1_63' title="bbox 806 2014 1460 2053; baseline 0.002 -2"><span class='ocrx_word' id='word_1_305' title='bbox 806 2028 866 2052; x_wconf 86' lang='lat' dir='ltr'>um</span> <span class='ocrx_word' id='word_1_306' title='bbox 916 2016 1094 2053; x_wconf 79' lang='lat' dir='ltr'>divisione</span> <span class='ocrx_word' id='word_1_307' title='bbox 1139 2019 1259 2053; x_wconf 85' lang='lat' dir='ltr'>terrae</span> <span class='ocrx_word' id='word_1_308' title='bbox 1307 2014 1460 2053; x_wconf 83' lang='lat' dir='ltr'>Atticae.</span> 
     </span>
     <span class='ocr_line' id='line_1_64' title="bbox 806 2071 1461 2122; baseline -0.003 -12"><span class='ocrx_word' id='word_1_309' title='bbox 806 2071 975 2122; x_wconf 87' lang='lat' dir='ltr'>Namque</span> <span class='ocrx_word' id='word_1_310' title='bbox 996 2076 1144 2110; x_wconf 81' lang='lat' dir='ltr'>auctore</span> <span class='ocrx_word' id='word_1_311' title='bbox 1164 2072 1312 2109; x_wconf 87' lang='lat' dir='ltr'>Polluce</span> <span class='ocrx_word' id='word_1_312' title='bbox 1342 2072 1461 2119; x_wconf 78' lang='lat' dir='ltr'><strong>(VIII,</strong></span> 
     </span>
     <span class='ocr_line' id='line_1_65' title="bbox 806 2127 1461 2179; baseline 0 -13"><span class='ocrx_word' id='word_1_313' title='bbox 806 2131 832 2170; x_wconf 87' lang='grc'>9</span> <span class='ocrx_word' id='word_1_314' title='bbox 862 2127 1147 2179; x_wconf 76' lang='lat'>§.109.110)</span> <span class='ocrx_word' id='word_1_315' title='bbox 1195 2129 1263 2166; x_wconf 86' lang='lat' dir='ltr'>sub</span> <span class='ocrx_word' id='word_1_316' title='bbox 1293 2129 1461 2178; x_wconf 88' lang='lat' dir='ltr'>Cecrope</span> 
     </span>
     <span class='ocr_line' id='line_1_66' title="bbox 806 2186 1462 2236; baseline -0.002 -14"><span class='ocrx_word' id='word_1_317' title='bbox 806 2198 894 2234; x_wconf 83' lang='lat' dir='ltr'>rege</span> <span class='ocrx_word' id='word_1_318' title='bbox 915 2190 1070 2235; x_wconf 86' lang='lat' dir='ltr'>quatuor</span> <span class='ocrx_word' id='word_1_319' title='bbox 1090 2187 1191 2223; x_wconf 89' lang='lat' dir='ltr'>fuere</span> <span class='ocrx_word' id='word_1_320' title='bbox 1211 2187 1335 2236; x_wconf 79' lang='grc' dir='ltr'><em>φῦλαι</em></span> <span class='ocrx_word' id='word_1_321' title='bbox 1355 2199 1383 2222; x_wconf 79' lang='lat' dir='ltr'>S.</span> <span class='ocrx_word' id='word_1_322' title='bbox 1396 2186 1462 2222; x_wconf 87' lang='lat' dir='ltr'>tri-</span> 
     </span>
     <span class='ocr_line' id='line_1_67' title="bbox 806 2237 1460 2294; baseline 0.005 -16"><span class='ocrx_word' id='word_1_323' title='bbox 806 2241 893 2279; x_wconf 91' lang='lat' dir='ltr'>bus:</span> <span class='ocrx_word' id='word_1_324' title='bbox 953 2241 1174 2294; x_wconf 82' lang='grc' dir='ltr'><em>Κεκροπὶς,</em></span> <span class='ocrx_word' id='word_1_325' title='bbox 1232 2237 1460 2293; x_wconf 73' lang='grc' dir='ltr'><em>αὐτόχθων,</em></span> 
     </span>
     <span class='ocr_line' id='line_1_68' title="bbox 808 2295 1460 2351; baseline -0.002 -15"><span class='ocrx_word' id='word_1_326' title='bbox 808 2295 977 2347; x_wconf 79' lang='grc' dir='ltr'><em>α’κταία,</em></span> <span class='ocrx_word' id='word_1_327' title='bbox 1007 2300 1204 2351; x_wconf 77' lang='grc' dir='ltr'><em>παραλία,</em></span> <span class='ocrx_word' id='word_1_328' title='bbox 1225 2300 1292 2336; x_wconf 82' lang='lat' dir='ltr'>sub</span> <span class='ocrx_word' id='word_1_329' title='bbox 1313 2300 1460 2336; x_wconf 85' lang='lat' dir='ltr'>Cranao</span> 
     </span>
     <span class='ocr_line' id='line_1_69' title="bbox 807 2355 1462 2405; baseline 0 -13"><span class='ocrx_word' id='word_1_330' title='bbox 807 2355 934 2393; x_wconf 87' lang='lat' dir='ltr'>itidem</span> <span class='ocrx_word' id='word_1_331' title='bbox 961 2360 1119 2405; x_wconf 88' lang='lat' dir='ltr'>quatuor</span> <span class='ocrx_word' id='word_1_332' title='bbox 1141 2357 1347 2393; x_wconf 83' lang='lat' dir='ltr'>nominibus</span> <span class='ocrx_word' id='word_1_333' title='bbox 1382 2369 1462 2393; x_wconf 91' lang='lat' dir='ltr'>mu-</span> 
     </span>
     <span class='ocr_line' id='line_1_70' title="bbox 806 2409 1460 2464; baseline 0.005 -16"><span class='ocrx_word' id='word_1_334' title='bbox 806 2412 914 2449; x_wconf 84' lang='lat' dir='ltr'>tatis:</span> <span class='ocrx_word' id='word_1_335' title='bbox 946 2413 1149 2464; x_wconf 80' lang='grc' dir='ltr'><em>Κραναῒς,</em></span> <span class='ocrx_word' id='word_1_336' title='bbox 1181 2409 1321 2460; x_wconf 74' lang='grc' dir='ltr'><em>οἶτθὶς,</em></span> <span class='ocrx_word' id='word_1_337' title='bbox 1348 2423 1460 2463; x_wconf 88' lang='grc' dir='ltr'><em>μεσο-</em></span> 
     </span>
     <span class='ocr_line' id='line_1_71' title="bbox 807 2469 1462 2521; baseline 0 -14"><span class='ocrx_word' id='word_1_338' title='bbox 807 2469 922 2521; x_wconf 77' lang='grc' dir='ltr'><em>γαία,</em></span> <span class='ocrx_word' id='word_1_339' title='bbox 963 2469 1129 2520; x_wconf 82' lang='grc' dir='ltr'><em>διακρίς.</em></span> <span class='ocrx_word' id='word_1_340' title='bbox 1197 2470 1274 2507; x_wconf 89' lang='lat' dir='ltr'>Iam</span> <span class='ocrx_word' id='word_1_341' title='bbox 1327 2469 1462 2507; x_wconf 87' lang='lat' dir='ltr'>tribum</span> 
     </span>
     <span class='ocr_line' id='line_1_72' title="bbox 807 2526 1461 2580; baseline 0 -16"><span class='ocrx_word' id='word_1_342' title='bbox 807 2526 1005 2576; x_wconf 82' lang='grc' dir='ltr'><em>παραλίαν</em></span> <span class='ocrx_word' id='word_1_343' title='bbox 1029 2530 1066 2564; x_wconf 84' lang='lat' dir='ltr'>et</span> <span class='ocrx_word' id='word_1_344' title='bbox 1098 2527 1283 2580; x_wconf 76' lang='grc' dir='ltr'><em>διακρίδα</em></span> <span class='ocrx_word' id='word_1_345' title='bbox 1311 2527 1461 2564; x_wconf 83' lang='lat' dir='ltr'>easdem</span> 
     </span>
     <span class='ocr_line' id='line_1_73' title="bbox 807 2581 1462 2633; baseline 0 -14"><span class='ocrx_word' id='word_1_346' title='bbox 807 2583 978 2632; x_wconf 85' lang='lat' dir='ltr'>regiones</span> <span class='ocrx_word' id='word_1_347' title='bbox 1012 2581 1201 2631; x_wconf 70' lang='lat' dir='ltr'>tenuisse‚‘</span> <span class='ocrx_word' id='word_1_348' title='bbox 1238 2596 1329 2633; x_wconf 88' lang='lat' dir='ltr'>quas</span> <span class='ocrx_word' id='word_1_349' title='bbox 1357 2586 1462 2633; x_wconf 86' lang='lat' dir='ltr'>post-</span> 
     </span>
     <span class='ocr_line' id='line_1_74' title="bbox 807 2639 1462 2690; baseline 0 -15"><span class='ocrx_word' id='word_1_350' title='bbox 807 2639 919 2676; x_wconf 88' lang='lat' dir='ltr'>modo</span> <span class='ocrx_word' id='word_1_351' title='bbox 940 2639 1062 2676; x_wconf 84' lang='lat' dir='ltr'>Parali</span> <span class='ocrx_word' id='word_1_352' title='bbox 1081 2644 1192 2690; x_wconf 90' lang='lat' dir='ltr'>atque</span> <span class='ocrx_word' id='word_1_353' title='bbox 1215 2639 1373 2687; x_wconf 89' lang='lat' dir='ltr'>Diacrii,</span> <span class='ocrx_word' id='word_1_354' title='bbox 1403 2639 1462 2676; x_wconf 82' lang='lat' dir='ltr'>vix</span> 
     </span>
     <span class='ocr_line' id='line_1_75' title="bbox 809 2696 1462 2748; baseline 0 -16"><span class='ocrx_word' id='word_1_355' title='bbox 809 2696 958 2733; x_wconf 89' lang='lat' dir='ltr'>dubium</span> <span class='ocrx_word' id='word_1_356' title='bbox 968 2710 977 2743; x_wconf 82' lang='lat'><em>3</em></span> <span class='ocrx_word' id='word_1_357' title='bbox 987 2697 1145 2746; x_wconf 88' lang='lat' dir='ltr'>itemque</span> <span class='ocrx_word' id='word_1_358' title='bbox 1156 2697 1370 2748; x_wconf 73' lang='grc' dir='ltr'><em>μεσογαίαν</em></span> <span class='ocrx_word' id='word_1_359' title='bbox 1381 2709 1462 2734; x_wconf 89' lang='lat' dir='ltr'>eam</span> 
     </span>
     <span class='ocr_line' id='line_1_76' title="bbox 809 2753 1463 2803; baseline 0 -15"><span class='ocrx_word' id='word_1_360' title='bbox 809 2753 941 2800; x_wconf 83' lang='lat' dir='ltr'>fuisse,</span> <span class='ocrx_word' id='word_1_361' title='bbox 976 2753 1039 2790; x_wconf 88' lang='lat' dir='ltr'>ubi</span> <span class='ocrx_word' id='word_1_362' title='bbox 1084 2759 1215 2803; x_wconf 86' lang='lat' dir='ltr'>postea</span> <span class='ocrx_word' id='word_1_363' title='bbox 1266 2753 1463 2790; x_wconf 83' lang='lat' dir='ltr'>habitarint</span> 
     </span>
     <span class='ocr_line' id='line_1_77' title="bbox 809 2809 1461 2859; baseline -0.002 -13"><span class='ocrx_word' id='word_1_364' title='bbox 809 2809 981 2854; x_wconf 78' lang='lat' dir='ltr'>Pediae13</span> <span class='ocrx_word' id='word_1_365' title='bbox 1012 2809 1151 2859; x_wconf 87' lang='lat' dir='ltr'>quippe</span> <span class='ocrx_word' id='word_1_366' title='bbox 1168 2823 1322 2859; x_wconf 88' lang='lat' dir='ltr'>quorum</span> <span class='ocrx_word' id='word_1_367' title='bbox 1344 2813 1461 2846; x_wconf 85' lang='lat' dir='ltr'>terras</span> 
     </span>
     <span class='ocr_line' id='line_1_78' title="bbox 809 2865 1461 2916; baseline -0.002 -14"><span class='ocrx_word' id='word_1_368' title='bbox 809 2866 904 2902; x_wconf 81' lang='lat' dir='ltr'>arvis</span> <span class='ocrx_word' id='word_1_369' title='bbox 919 2879 960 2903; x_wconf 86' lang='lat' dir='ltr'>ac</span> <span class='ocrx_word' id='word_1_370' title='bbox 969 2866 1114 2916; x_wconf 80' lang='lat' dir='ltr'>pascuis</span> <span class='ocrx_word' id='word_1_371' title='bbox 1124 2867 1337 2916; x_wconf 88' lang='lat' dir='ltr'>conspicuas</span> <span class='ocrx_word' id='word_1_372' title='bbox 1348 2865 1461 2902; x_wconf 80' lang='lat' dir='ltr'>fuisse</span> 
     </span>
     <span class='ocr_line' id='line_1_79' title="bbox 809 2922 1460 2974; baseline -0.003 -15"><span class='ocrx_word' id='word_1_373' title='bbox 809 2927 960 2960; x_wconf 85' lang='lat' dir='ltr'>narrant</span> <span class='ocrx_word' id='word_1_374' title='bbox 980 2922 1115 2960; x_wconf 85' lang='lat' dir='ltr'>Suidas</span> <span class='ocrx_word' id='word_1_375' title='bbox 1132 2927 1242 2974; x_wconf 88' lang='lat' dir='ltr'>atque</span> <span class='ocrx_word' id='word_1_376' title='bbox 1253 2922 1460 2973; x_wconf 85' lang='lat' dir='ltr'>Harpocra—</span> 
     </span>
    </p>
   </div>
  </div>
 </body>
</html>
