1777 3324
407 262 492 303 878

823 261 1288 301 HERODOTI

410 370 595 429 ἀνέθηκε
611 403 622 424 ,
649 373 803 423 λίθους
830 388 875 415 τε
905 371 1063 423 ἄλλους
1090 371 1135 422 ἐς
1164 371 1395 427 ἐπισκευήν
1419 371 1673 427 ὑπερφυέας

382 451 461 495 2τὸ
496 452 689 508 μέγαθος
719 450 905 507 ἐκόμισε.
956 449 1135 507 ἠγάγετο
1168 451 1214 494 δὲ
1250 450 1418 493 τούτων
1447 450 1549 501 τούς
1577 451 1670 506 μὲν,

409 532 457 575 ἐκ
489 534 577 574 τῶν
615 529 724 574 κατα
763 531 950 586 Μέμφιν
989 530 1177 574 ἐουσέων
1212 530 1526 585 λιθοτομιέων·
1567 528 1671 581 τούς

407 610 455 653 δὲ
482 608 837 664 ὑπερμεγάθεας,
878 609 920 661 ἐξ
947 607 1249 665 Ἐλεφαντίνης
1288 608 1471 661 πόλιος,
1531 607 1671 652 πλόον

380 689 485 733 3καὶ
514 689 672 731 ἐείκοσι
708 688 900 743 ἡμερέων
938 685 1178 743 ἀπεχούσης
1218 686 1302 731 ἀπὸ
1334 687 1483 739 Σάϊος.
1542 688 1591 732 τό
1623 688 1726 732 δὲ9ο

409 766 494 809 οὐκ
521 765 674 822 ἥκιστα
712 764 883 817 αὐτῶν,
936 765 1042 809 οἷ’λλοὶ
1083 765 1268 821 μάλιστα
1303 766 1544 822 θωυμάζω,
1583 767 1671 811 ἔστι

411 843 533 888 τόδε·
584 845 741 900 οἴκημα
769 843 1044 900 μουνόλιθον
1081 843 1252 899 ἐκόμισε
1281 844 1322 897 ἐξ
1361 843 1667 902 Ἐλεφαντίνης

354 1056 390 1091 et
410 1051 534 1090 Nilum
554 1052 648 1088 intra
668 1051 817 1100 virginis
839 1060 877 1088 et
892 1050 1006 1088 leonis

353 1111 494 1159 signum
523 1108 681 1146 coeleste
720 1112 942 1145 crescentem
968 1111 1007 1146 et

351 1170 466 1204 terras
495 1166 732 1202 inundantem
749 1193 760 1211 ,
799 1168 929 1214 postea
958 1165 1007 1202 ad

352 1224 454 1260 robur
475 1222 707 1259 indicandum
734 1224 846 1270 atque
866 1224 1005 1271 sapien-

352 1282 440 1316 tiam
458 1279 516 1315 illa
541 1277 653 1315 relata
675 1278 739 1322 sit3
778 1277 875 1315 unde
907 1278 1005 1314 haud

351 1334 589 1386 improbabile
611 1363 622 1381 ‚
662 1333 844 1371 masculae
867 1335 1006 1371 formae

352 1391 525 1443 sphinges
556 1403 635 1428 esse
670 1391 857 1427 formatas.
916 1391 1005 1438 Sed,

352 1447 697 1496 Schweighaeusero
726 1450 897 1494 notante,
931 1447 1005 1494 „in

351 1518 440 1542 voce
469 1498 762 1556 ἄνδρόσφιγγες
789 1503 889 1552 prior
918 1516 1004 1553 pars

351 1561 516 1599 vocabuli
539 1573 613 1596 non
637 1560 684 1596 ad
716 1559 913 1596 masculum
937 1572 1004 1608 ge-

351 1631 418 1656 nus
439 1618 612 1663 refertur,
643 1616 709 1652 sed
730 1616 827 1652 idem
844 1615 940 1652 valet
961 1627 1003 1653 ac

353 1675 384 1712 si
414 1674 552 1711 diceres
592 1667 1002 1723 ἅνθρωπόσφιγγας.“

353 1732 459 1775 Quae
486 1742 572 1766 num
598 1730 645 1766 ad
676 1729 858 1765 Herodoti
883 1728 1001 1765 locum

352 1787 602 1837 explicandum
631 1785 832 1833 sufficiant,
862 1784 919 1821 alii
946 1785 1003 1821 di-

350 1845 521 1881 iudicent.

406 1895 576 1952 ’ἦγοὲγετο
609 1894 652 1937 δὲ
687 1892 864 1947 τούτων]
907 1897 1001 1934 Cum

352 1956 470 1994 Gaisf.
506 1955 593 1993 dedi
627 1949 779 1993 τούτων
813 1966 880 2004 pro
912 1968 1002 1992 του-

351 2011 450 2051 τέων
489 2016 525 2050 et
558 2005 690 2050 αὐτῶν
730 2023 797 2060 pro
835 2005 999 2057 αὐτέων,

352 2069 496 2108 ἐείκοσι
515 2081 582 2118 pro
608 2066 749 2112 εἴκοσι,
782 2070 822 2103 ut
843 2066 897 2114 ΙΙ,
923 2069 1000 2107 176

353 2130 389 2162 et
407 2125 463 2172 ΙΙ,
490 2128 565 2165 121
583 2153 594 2171 ‚
623 2124 684 2159 ubi
703 2123 773 2158 vid.

409 2180 450 2219 ἐκ
471 2182 617 2218 τῶν-
640 2177 918 2230 λιθοτομιέων]
942 2178 1000 2216 Cf.

353 2236 406 2282 Π,
427 2238 463 2276 8.
487 2236 565 2276 158
585 2235 670 2283 ibiq.
692 2240 767 2271 not.

410 2291 449 2337 ε”ξ
469 2286 750 2339 Ἐλεφαντίνης
772 2284 921 2335 πόλιος]
944 2290 1016 2327 De·

354 2346 607 2396 Elephantz'nes
627 2346 743 2382 insula
769 2346 839 2381 vid.
858 2350 932 2381 not.
955 2346 1002 2381 ad

352 2403 407 2450 11,
429 2406 490 2443 17.
550 2402 659 2439 Urbis
679 2401 803 2437 ruinae
822 2401 1002 2449 quaedam

352 2460 390 2495 in
409 2457 498 2496 colle
514 2458 700 2507 dispersae
715 2457 897 2505 hodieque
916 2469 1003 2492 con-

352 2514 443 2564 spici
463 2515 648 2559 dicuntur3
678 2513 724 2550 de
745 2513 874 2562 quibus
896 2511 1001 2562 plura

352 2570 486 2608 Ritter.
515 2569 703 2606 Erdkund.
740 2569 755 2606 1
784 2581 870 2619 pag.
904 2570 998 2609 690.

352 2626 465 2663 Unde
497 2639 571 2662 non
603 2625 800 2662 admodum
836 2629 998 2662 remotae

352 2681 595 2732 lapicidinae,
643 2694 664 2718 e
693 2681 821 2730 quibus
861 2681 1000 2730 lapides

353 2738 402 2775 ad
437 2737 637 2774 istiusmodi
673 2738 786 2775 moles
829 2735 1003 2787 protracti

354 2796 448 2831 sunt.
505 2793 588 2829 Vid.
608 2797 682 2829 not.
701 2794 748 2830 ad
777 2793 833 2838 Π,
853 2794 890 2832 8.
948 2790 1002 2828 Ac

353 2850 438 2887 navi
457 2849 642 2898 ingentem
662 2850 793 2886 molem
819 2848 1001 2898 lapideam

354 2906 514 2944 secundo
542 2906 651 2942 fluvio
692 2905 782 2942 Sai'n
812 2904 1000 2941 advectam

1076 1063 1175 1098 esse,
1204 1050 1286 1101 ipsa
1311 1049 1492 1088 Herodoti
1509 1051 1620 1089 verba
1637 1065 1725 1102 pro-

1073 1108 1194 1155 bant,
1231 1120 1326 1156 quae
1359 1108 1466 1145 etiam
1488 1137 1500 1155 ,
1537 1109 1636 1157 quod
1676 1109 1724 1146 ad

1072 1164 1342 1213 navigationem
1363 1177 1430 1214 per
1444 1164 1569 1201 Nilum
1586 1165 1723 1202 institui

1072 1220 1214 1257 solitam
1239 1221 1396 1268 attinet,
1434 1220 1540 1258 valde
1564 1222 1724 1259 tenenda

1075 1281 1170 1314 sunt.
1229 1277 1334 1313 Conf.
1362 1277 1520 1314 Heeren.
1545 1276 1657 1315 Ideen
1676 1277 1723 1325 II,

1073 1337 1101 1374 2
1128 1346 1213 1383 pag.
1237 1332 1317 1373 144
1349 1346 1427 1382 seq.
1487 1333 1616 1371 Ritter.
1646 1333 1668 1371 l.
1699 1334 1723 1371 l.
1776 1361 1777 1366 ,

1072 1403 1109 1440 p.
1128 1391 1208 1430 881
1229 1394 1265 1427 et
1283 1394 1357 1426 not.
1372 1391 1421 1426 ad
1439 1390 1577 1428 Herod.
1596 1390 1642 1437 ΙΙ,
1654 1392 1721 1431 96.

1072 1445 1353 1494 Navigationem
1366 1446 1491 1494 viginti
1509 1446 1648 1483 dierum
1668 1447 1724 1483 iu-

1073 1506 1165 1539 stam
1186 1503 1300 1539 videri
1319 1503 1453 1540 iudicat
1476 1503 1633 1540 Iomard.
1657 1504 1722 1540 de-

1073 1559 1194 1608 script.
1229 1559 1276 1595 de
1308 1558 1328 1594 l'
1338 1558 1473 1608 Egypt.
1505 1563 1579 1596 ant.
1609 1559 1625 1596 I
1646 1559 1721 1596 livr-

1068 1628 1106 1665 p.
1129 1617 1210 1655 626
1223 1643 1234 1661 ,
1266 1615 1295 1651 si
1312 1615 1474 1664 quinque
1494 1616 1634 1653 dierum
1652 1616 1722 1653 iter

1069 1671 1283 1718 maioribus,
1304 1671 1521 1720 reliquorum
1542 1685 1627 1709 vero
1645 1673 1722 1710 die-

1069 1740 1149 1764 rum
1168 1728 1235 1763 iter
1250 1727 1448 1764 minoribus
1466 1728 1628 1766 schoenis
1655 1729 1722 1765 ab·-

1069 1784 1159 1820 solvi
1178 1784 1389 1832 cogitemus.
1449 1785 1557 1822 Conf.
1576 1788 1652 1821 not.
1672 1785 1721 1821 ad
1776 1794 1777 1831 ᾖ

1069 1840 1121 1885 ll,
1140 1839 1176 1880 4.
1196 1842 1234 1881 9.
1263 1861 1319 1867 —
1348 1840 1585 1892 κυβερνῆται
1612 1842 1721 1878 iidem
1776 1844 1777 1883 ἶ

1069 1901 1175 1943 sunt,
1205 1896 1266 1945 qui
1296 1909 1407 1947 supra
1434 1897 1489 1944 ΙΙ,
1521 1897 1600 1938 164
1623 1911 1721 1934 com-
1776 1914 1777 1918 ¹

1068 1958 1333 1999 memorantur3
1363 1953 1424 1990 ubi
1444 1954 1514 1990 vid.
1533 1958 1610 1991 not.

1126 2009 1274 2059 οἴκημα
1296 2005 1565 2060 μουνόλιθον]
1591 2039 1615 2057 ,,
1626 2008 1719 2047 Atti-

1069 2065 1122 2114 git
1148 2066 1244 2102 hunc
1268 2065 1385 2103 locum
1405 2066 1561 2103 Iomard.
1592 2067 1627 2103 in
1655 2067 1720 2104 de-

1069 2122 1265 2171 scriptione
1286 2122 1544 2172 Elephantines
1559 2151 1571 2169 ,
1602 2123 1719 2160 descr.

1071 2178 1117 2214 de
1135 2177 1230 2226 l'Eg.
1251 2179 1392 2227 antiqq.
1413 2183 1438 2215 t.
1456 2179 1470 2214 Ι
1491 2192 1544 2228 cp.
1558 2180 1584 2218 3
1603 2192 1638 2228 p.
1651 2179 1717 2219 3.“

1072 2233 1137 2270 Cr.
1178 2233 1239 2269 Tu
1258 2235 1352 2271 conf.
1373 2247 1482 2284 supra
1501 2234 1556 2281 Il,
1579 2235 1656 2275 155
1682 2238 1718 2272 et

1067 2289 1210 2325 Joillois
1248 2294 1284 2326 et
1327 2291 1375 2326 du
1403 2290 1643 2339 Bois-Ayme
1679 2291 1717 2327 in

1070 2345 1238 2393 descript.
1275 2345 1340 2382 des
1379 2346 1497 2383 ruines
1535 2347 1581 2383 de
1609 2346 1718 2383 Delta

1070 2400 1258 2449 (descript.
1282 2401 1329 2438 de
1355 2400 1448 2450 l’Eg.
1470 2402 1608 2451 antiqq.
1637 2407 1664 2439 t.
1685 2402 1717 2439 ΙΙ

1068 2455 1171 2505 chap.
1184 2456 1291 2492 XXV
1307 2469 1392 2506 pag.
1409 2461 1446 2499 9.
1467 2460 1550 2506 10),
1580 2458 1641 2495 ubi
1660 2471 1718 2495 se-

1066 2512 1223 2549 cundum
1238 2525 1426 2550 mensuras
1443 2513 1571 2564 lapidis
1583 2514 1629 2551 ab
1638 2514 1718 2552 He-

1065 2568 1198 2605 rodoto
1216 2569 1412 2617 indicatas,
1446 2571 1609 2608 eiusdem
1623 2583 1716 2621 pon·
1774 2591 1776 2594 .

1065 2624 1133 2661 dus
1150 2625 1383 2674 probabiliter
1403 2629 1577 2664 statuunt.

1633 2625 1716 2674 „Le
1774 2668 1776 2670 v

1069 2679 1150 2717 bloc
1168 2681 1284 2719 entier
1299 2682 1349 2718 du
1368 2682 1565 2719 monolithe
1590 2681 1716 2732 (prae-
1774 2703 1776 2717 ι

1070 2739 1141 2773 stat
1157 2737 1250 2773 enim
1268 2737 1348 2787 ipsa
1368 2739 1552 2787 adponere
1571 2738 1714 2787 verba),

1068 2792 1119 2829 tel
1143 2792 1226 2840 qu’il
1256 2805 1278 2829 a
1298 2794 1354 2830 ete
1379 2793 1532 2830 detache
1559 2794 1625 2831 des
1654 2807 1716 2831 ro·
1774 2811 1775 2849 Ξ

1068 2847 1169 2885 chers
1187 2848 1393 2898 granitique
1412 2849 1459 2886 de
1471 2850 1605 2897 Syene,
1623 2850 1715 2888 e'toit
1773 2861 1776 2885 z

1068 2903 1115 2941 de
1143 2902 1226 2944 344
1267 2905 1400 2943 metres
1435 2905 1544 2943 cubes
1583 2910 1621 2944 et
1647 2906 1713 2944 de·
1774 2904 1775 2911 ’
