1759 3324
525 248 940 292 EUTERPE.
1000 248 1045 286 11.
1323 249 1408 290 623

120 362 242 407 3ἐστι
278 362 428 418 λέγειν.
486 358 584 402 ὅσοι
622 358 668 402 δὲ
703 359 868 411 Καρῶν
906 356 988 400 εἰσὶ
1025 354 1074 399 ἐν
1102 355 1310 413 Αἰγύπτῳ
1340 357 1406 400 οἷ-

144 441 335 491 κὲοντες,
392 432 514 481 οὗτοι
551 436 595 480 δὲ
638 433 835 494 τοσούτῳ
863 435 926 479 ἔτι
961 435 1072 478 πλέω
1101 439 1273 478 ποιεῦσι
1301 433 1405 479 τού-

144 535 252 571 των,
309 516 398 574 ὅσῳ
443 515 516 559 καὶ
558 514 612 558 τὰ
649 515 822 571 μέτωπα
871 515 1103 558 κόπτονται
1152 515 1406 571 μαχαίρῃσι·

144 597 216 640 καὶ
245 595 384 652 τούτῳ
422 595 501 638 εἰσὶ
542 596 666 650 δῆλοι
711 593 778 636 ὅτι
812 593 893 637 εἰσὶ
931 594 1063 645 ξεῖνοι
1102 594 1175 636 καὶ
1215 591 1296 637 οὐκ
1326 595 1406 637 Λί-

20 679 86 724 62
141 673 327 730 γύπτιοι.
354 672 421 725 Ἐς
449 671 567 717 Σάϊν
595 674 641 718 δὲ
670 672 799 717 πόλιν
828 671 957 717 ἐπεὰν
986 672 1275 728 συλλεχθέωσι
1305 677 1457 730 τῇσι25

88 870 243 907 honorem
261 870 440 907 verberare
460 882 487 906 s.
504 870 654 919 inflictis
674 867 745 906 sibi

85 927 279 963 verberibus
297 926 447 976 aliquem
466 925 594 974 lugere.
643 926 740 963 Satis

85 996 191 1020 usum
209 984 396 1019 firmarunt
416 983 520 1018 huius
541 982 608 1019 loci
632 982 741 1019 inter—

86 1043 230 1090 pretes,
251 1053 317 1076 nec
337 1038 429 1088 sugit
447 1038 506 1076 ille
525 1039 738 1076 industriam

86 1094 263 1133 Matthiae
283 1096 320 1131 in
344 1096 409 1131 Gr.
435 1096 499 1131 Gr.
530 1109 566 1146 p.
585 1095 678 1136 758.

144 1148 194 1190 οὕ
224 1166 291 1201 μοι
324 1146 433 1190 ὅσιόν
463 1150 542 1190 ἐστι
585 1150 735 1202 λέγειν]

87 1207 160 1245 scil.
180 1207 355 1257 religione
375 1208 572 1257 impeditus
597 1208 663 1245 sibi
684 1208 738 1244 vi-

87 1264 263 1311 debatur,
292 1277 364 1313 quo
391 1265 530 1311 minus,
557 1277 651 1313 quae
679 1278 738 1302 se-

87 1324 186 1358 creta
204 1333 247 1358 ex
277 1320 455 1369 mysteriis
487 1322 661 1357 didicerat
689 1321 735 1357 ab

85 1375 348 1426 Aegyptiorum
385 1377 652 1423 sacerdotibus,
682 1377 738 1413 di-

85 1432 260 1481 vulgaret.
318 1433 498 1470 Osiridem
519 1446 604 1471 vero
632 1433 740 1470 intel-

86 1488 270 1538 ligendum
286 1503 367 1527 esse
386 1502 495 1540 supra
510 1490 579 1527 iam
598 1490 739 1526 monui-

86 1558 177 1582 mus.
198 1567 254 1572 —
271 1545 329 1582 Ad
350 1558 414 1593 ea,
444 1559 539 1595 quae
569 1547 737 1583 continuo

88 1606 307 1650 sequuntur,
339 1602 404 1639 Cr.
424 1603 583 1640 confert:
611 1602 738 1640 Leake

86 1657 139 1695 les
157 1658 364 1708 principaux
387 1663 614 1696 monuments
636 1659 738 1707 Egy-

87 1713 206 1764 ptiens
238 1727 284 1751 en
305 1713 520 1762 Angleterre
551 1715 737 1764 (Londin.

89 1771 220 1819 1827)
237 1783 323 1821 pag.
343 1773 410 1812 27.

283 1854 391 1905 Cap.
428 1853 544 1892 LXII.

144 1936 184 1984 ἐς
195 1932 301 1977 Σάϊν
321 1936 363 1977 δὲ
383 1933 501 1977 πόλιν
521 1934 641 1978 ἕπεᾶν
653 1939 739 1976 συλ-

86 1992 278 2044 λεχθέωσι
302 1996 392 2049 τῇσι
417 1993 612 2048 θυσίῃσι]
647 1997 738 2048 τῇσι

86 2050 276 2104 θυσίῃσιε
314 2051 362 2088 ad
387 2064 491 2088 sacra
520 2051 734 2101 peragenda,

86 2109 180 2145 sacri
196 2111 344 2155 matum,
377 2112 414 2144 ut
431 2112 554 2145 monet
563 2108 736 2145 Schaefe-

87 2176 148 2200 rus
165 2164 212 2200 ad
224 2163 375 2213 Dionys.
387 2164 434 2201 de
454 2165 641 2214 composit.
652 2177 734 2202 ver-

86 2219 165 2257 bor.
183 2232 268 2269 pag.
289 2221 382 2262 306.
440 2220 537 2258 Add.
555 2220 733 2258 Matthiae

89 2275 155 2313 Gr.
189 2276 252 2313 Gr.
289 2274 325 2326 ἓ.
357 2277 437 2319 401
453 2306 464 2324 ,
495 2281 531 2318 3.
562 2299 619 2305 ——
649 2277 737 2314 Sais

86 2331 189 2379 urbs,
214 2334 312 2369 nomi
339 2334 460 2371 Saitici
489 2338 599 2384 caput
623 2334 736 2370 adeo-

89 2399 160 2436 que
183 2387 313 2427 Deltae
339 2390 538 2438 inferioris,
570 2390 734 2427 nonnihil

87 2448 226 2480 remota
245 2446 416 2484 orientem
437 2460 558 2484 versus
576 2448 731 2484 aCano-

87 2498 169 2548 pico
189 2501 297 2537 fluvio
319 2502 386 2539 sita
415 2507 503 2541 erat.
562 2503 733 2553 Splendi-

89 2554 316 2594 dissimorum
352 2559 617 2606 aedificiorum,
651 2560 733 2609 qui-

88 2611 158 2648 bus
181 2611 262 2648 olim
280 2618 405 2652 ornata
426 2617 492 2653 suit
510 2618 594 2654 urbs
608 2644 618 2662 ‚
641 2630 732 2666 pau-

90 2678 133 2703 ca
151 2668 282 2706 rudera
302 2670 467 2720 dispersa
499 2673 617 2710 adhuc
647 2686 732 2710 con-

89 2723 284 2772 spiciuntur
305 2726 353 2763 ad
370 2728 485 2766 vicum
506 2729 579 2767 Ssa
604 2743 631 2766 s.
658 2729 732 2766 Ssa

88 2777 133 2815 αἶ’
150 2778 312 2827 Hadjar‚
340 2782 458 2833 inquo
479 2786 635 2823 cernitur
653 2790 732 2835 ety-

88 2846 175 2872 mon
189 2835 417 2888 Aegyptium,
427 2842 526 2890 quod
538 2842 609 2880 Saz·
617 2842 731 2880 fuisse

88 2889 165 2929 vult
183 2891 407 2945 Champollio
423 2896 446 2935 1.
464 2896 487 2936 Ι.
512 2898 547 2936 Π
576 2912 614 2950 p.
634 2901 730 2940 219.

1462 753 1531 771 num
1549 765 1556 778 ‚

1460 676 1620 704 Mmervae
1630 677 1740 706 festum

1461 710 1606 738 Saiticum
1622 716 1739 739 noctur-

1608 745 1739 772 lucernis

1464 786 1517 813 per
1537 782 1627 805 totam
1641 780 1739 819 Aegy-

1461 816 1543 846 ptum
1561 819 1706 841 accensis.

810 867 894 905 Vid.
916 868 1187 906 Schlichthorst.
1208 868 1230 906 l.
1247 868 1269 906 l.
1289 881 1372 918 pag.
1393 871 1459 911 68.

809 924 1020 962 Herodotus
1040 925 1231 974 aliquoties
1255 926 1353 962 urbis
1376 927 1462 964 facit

807 982 1029 1019 mentionem
1048 981 1080 1017 ΙΙ
1094 1010 1104 1028 ,
1127 985 1205 1023 169
1226 995 1301 1031 seq.
1360 982 1460 1020 Nam

807 1037 1036 1087 splendidum
1055 1038 1091 1074 in
1114 1051 1157 1075 ea
1167 1038 1354 1076 Minervae
1367 1043 1460 1077 tem-

804 1094 921 1144 plum,
946 1095 982 1131 in
1005 1107 1077 1143 quo
1093 1094 1253 1145 Aegypti
1272 1109 1379 1144 reges
1399 1109 1459 1133 se-

804 1151 1051 1200 peliebantur,
1092 1156 1281 1200 praeterea
1305 1152 1458 1201 collegia

806 1208 1031 1244 sacerdotum
1051 1207 1120 1244 illic
1141 1209 1341 1255 florebant,
1358 1210 1456 1247 unde

806 1263 1026 1301 Graecorum
1056 1264 1237 1313 sapientes
1267 1277 1332 1301 sua
1361 1266 1456 1302 didi-

806 1319 897 1357 cisse
946 1321 1119 1357 feruntur.
1185 1321 1290 1364 Quae
1337 1325 1459 1360 tamen

806 1389 904 1413 nunc
922 1377 1114 1423 mittimus3
1144 1388 1359 1424 quaeramus
1390 1391 1460 1428 po-

806 1433 876 1469 tius
897 1461 908 1478 ,
938 1433 1044 1482 quale
1074 1433 1181 1469 fuerit
1217 1435 1372 1480 festum,
1411 1435 1458 1472 de

806 1502 878 1538 quo
894 1489 952 1526 hic
972 1489 1109 1526 Noster
1125 1490 1256 1538 refert,
1287 1494 1323 1528 et
1342 1491 1378 1527 in
1397 1504 1461 1528 cu-

804 1545 944 1582 iusnam
971 1545 1126 1582 numinis
1157 1546 1330 1584 honorem
1357 1547 1462 1584 insti-

803 1606 930 1638 tutum.
979 1602 1201 1640 Referuntur
1220 1603 1391 1640 nonnulla
1410 1605 1458 1641 de

804 1657 874 1694 hoc
903 1659 998 1695 festo
1025 1659 1081 1705 II,
1114 1661 1191 1699 171
1229 1663 1266 1696 et
1292 1664 1461 1697 accurata

805 1713 949 1763 templi,
979 1715 1015 1750 in
1035 1727 1107 1763 quo
1125 1716 1332 1764 peragitur,
1357 1716 1459 1754 exhi-

805 1771 912 1807 betur
931 1770 1124 1821 descriptio
1143 1771 1175 1807 l[
1189 1800 1198 1818 ,
1225 1774 1316 1813 170.
1358 1772 1457 1809 Nam

808 1826 926 1863 Osiris
955 1827 991 1863 in
1018 1827 1108 1875 hoc,
1137 1826 1326 1866 Minervae
1354 1829 1456 1878 quod

806 1888 1051 1920 consecratum
1083 1888 1180 1931 erat,
1218 1884 1353 1934 templo
1397 1898 1457 1923 se-

804 1939 924 1989 pultus
944 1940 1137 1977 ferebatur.
1197 1940 1301 1984 Quae
1324 1941 1353 1977 si
1374 1954 1455 1979 cum

802 1995 901 2032 hisce
918 2009 1197 2046 componamus,
1226 1997 1285 2033 vix
1304 1997 1457 2035 dubium

803 2053 888 2097 erit,
917 2052 986 2089 hoc
1015 2065 1160 2101 quoque
1179 2054 1310 2090 festum
1338 2053 1457 2090 Osiri-

802 2109 915 2145 disin
946 2109 1121 2146 honorem
1147 2109 1259 2147 fuisse
1291 2109 1455 2147 celebra-

799 2168 898 2212 tum,
934 2165 970 2201 in
995 2165 1205 2203 memoriam
1237 2166 1367 2216 opinor
1391 2180 1456 2204 eo-

804 2234 905 2267 rum,
933 2234 1026 2270 quae
1047 2221 1104 2259 ille
1121 2221 1328 2259 hominibus
1357 2226 1455 2259 attu-

803 2277 895 2315 lerat
933 2278 1128 2324 beneficia,
1176 2292 1344 2328 quaeque
1372 2279 1454 2329 ipse

801 2347 931 2384 passus
951 2339 1029 2372 erat
1045 2334 1141 2371 mala
1157 2336 1204 2371 ad
1222 2340 1374 2372 mortem
1392 2349 1454 2372 us-

802 2403 874 2440 que
902 2392 1070 2428 miseram
1102 2404 1124 2428 a
1157 2391 1351 2442 Typhonis
1376 2405 1456 2429 ma-

800 2447 905 2484 nibus
928 2448 1112 2484 inflictam.
1142 2447 1331 2486 Minervae
1353 2449 1456 2498 quod

799 2504 932 2541 festum
952 2505 1167 2541 adscribitur
1186 2504 1259 2552 (II,
1279 2505 1365 2554 59),
1385 2505 1456 2542 hoc

798 2562 999 2598 tenendum
1027 2565 1103 2608 est,
1133 2561 1335 2598 Minervam
1359 2561 1454 2599 hanc

800 2616 928 2665 (quam
951 2617 1122 2667 Aegyptii
1147 2630 1297 2654 vocasse
1324 2618 1453 2655 dicun-

798 2677 857 2709 tur
887 2672 997 2711 Nez'tk
1020 2702 1031 2720 ‚
1061 2674 1159 2710 unde
1183 2675 1301 2724 ipsum
1333 2674 1452 2711 Grae-

798 2743 879 2767 cum
895 2730 987 2768 deae
1006 2742 1142 2767 nomeu
1164 2734 1280 2766 ortum
1306 2730 1449 2778 volunt)

797 2799 872 2823 non
892 2787 985 2824 adeo
1005 2786 1154 2824 differre
1174 2787 1220 2824 ab
1237 2786 1357 2834 Iside,
1387 2799 1451 2824 ve-

795 2855 873 2879 ram
892 2847 929 2880 et
958 2843 1236 2881 reconditiorem
1262 2842 1354 2879 illius
1383 2855 1452 2879 no-

795 2899 932 2937 tionem
953 2899 984 2937 si
1007 2903 1162 2951 spectes.
1219 2898 1355 2937 Isidem
1383 2910 1450 2936 au-
