1759 3324
523 283 947 321 EUTERPE.
999 285 1042 321 ΙΙ.

1321 291 1402 328 851

140 393 190 436 τὸ
219 392 330 436 κατὰ
359 392 542 448 Μέμφιν
569 396 714 435 τεῖνον
745 389 873 447 ὅρος,
911 393 959 436 ἐν
986 397 1049 451 τῷ
1080 396 1128 438 αἱ
1154 397 1406 451 λιθοτομίαι

112 472 287 515 4ἔνεισι.
346 475 426 514 τοῦ
456 466 518 513 ὧν
551 470 603 526 δὴ
636 469 793 525 οὔρεος
821 470 986 515 τούτου
1025 473 1144 529 παρὰ
1172 473 1252 530 τὴν
1281 474 1406 517 fiam-

139 551 243 606 ρέην
271 545 397 605 ἦκται
426 547 452 604 ἡ
485 548 649 603 διώρυξ
679 548 758 592 ἀπ’
787 549 969 607 ἑσπέρης
997 553 1143 610 μακρὴ
1182 553 1293 608 πρὸς
1325 553 1460 610 τήν3ο

135 628 224 685 ἠῶ·
266 624 339 672 {taz
370 628 512 671 ἔπειτα
544 631 672 672 τείνει
702 628 745 679 ἐς
777 628 1045 686 διασφάγας,
1081 631 1281 687 φέρουσα
1316 631 1401 677 ἀπὸ

134 711 215 751 τοῦ
246 706 403 762 οὔρεος
432 706 544 762 πρὸς
588 710 859 765 μεσαμβρίην
887 726 931 752 τε
959 711 1033 754 καὶ
1061 709 1195 754 νότον
1225 710 1402 767 ἄνεμον,

105 787 179 838 5ἐς
208 786 287 830 τόν
316 786 481 831 κόλπον
510 786 590 830 τόν
622 785 838 843 Ἀράβιον.
897 793 952 846 τῇ
982 790 1027 833 δὲ
1055 788 1280 846 ἐλάχιστόν
1309 791 1398 834 ἐστι
1458 803 1535 842 182

131 867 205 909 καὶ
235 866 592 922 συντομώτατον,
623 867 669 910 ἐκ
697 871 773 923 τῆς
804 869 986 925 βορηίης
1012 868 1237 926 θαλάσσης
1265 868 1398 925 ὑπερ--

132 948 264 1002 βῆναι
295 947 336 997 ἐς
365 946 445 1002 την
474 948 625 1003 νοτίην
655 947 728 990 καὶ
755 946 975 1005 Ἐρυθρὴν
1012 947 1093 1005 τήν
1124 947 1264 1005 αὐτὴν
1291 949 1454 992 ταύ-35

130 1042 210 1081 την
238 1024 526 1081 καλεομένην,
569 1025 652 1069 ἀπὸ
683 1029 764 1069 τοῦ
793 1029 968 1070 Κασίου
998 1027 1176 1083 οὔρεος,
1206 1032 1297 1072 τοῦ·
1319 1027 1396 1072 οὐ·

129 1108 330 1160 ρίζοντος
359 1105 584 1161 Αἴγυπτόν
613 1122 657 1149 τε
682 1105 757 1149 καὶ
785 1107 977 1162 Συρίην,
1009 1105 1094 1151 ἀπὸ
1120 1106 1283 1151 τούτου
1314 1108 1396 1151 εἰσὶ

71 1313 148 1349 seq.
178 1299 310 1338 Ritter.
334 1300 524 1337 Erdkund.
544 1301 558 1337 I
584 1314 620 1350 p.
642 1300 724 1342 824

70 1369 146 1405 seq.
174 1356 331 1394 Roziere
350 1357 372 1393 1.
395 1357 417 1394 1.
440 1370 524 1406 pag.
550 1359 623 1397 141
646 1371 723 1406 seq.

69 1416 105 1449 et
126 1414 323 1464 praecipue
345 1414 399 1451 Le
417 1413 511 1451 Pere
530 1413 553 1451 l.
572 1413 595 1450 l.
616 1427 654 1465 p.
670 1416 724 1455 68

69 1481 172 1519 seqq.

122 1544 165 1587 τὸ
176 1545 275 1587 κατὰ
287 1546 461 1599 Μέμφιν
473 1552 603 1589 τεῖνον
615 1546 722 1600 ὅρος]

66 1601 166 1643 nato?
188 1605 246 1642 hic
266 1606 466 1655 significat:
493 1619 535 1642 ex
556 1610 722 1656 opposito,

67 1674 84 1698 e
109 1663 268 1709 regione,
307 1667 347 1698 ut
375 1662 412 1708 1,
439 1665 515 1709 76,
560 1664 620 1699 ubi
648 1664 720 1699 vid.

66 1717 125 1755 De
143 1719 222 1768 ipso
246 1723 369 1755 monte
390 1720 483 1755 conf.
505 1723 582 1756 not.
603 1720 652 1756 ad
673 1719 721 1767 II,

67 1775 92 1815 8
111 1774 188 1811 0011.
209 1774 265 1823 Π,
288 1775 380 1816 124.
409 1774 500 1815 175.

121 1863 239 1903 τείνει
271 1862 309 1910 ἐς
345 1859 596 1916 διασφάγας]
636 1865 717 1904 δια-

66 1917 216 1972 σφάγες
235 1922 338 1969 quasi
355 1922 510 1958 divortia
540 1925 623 1958 sunt
643 1923 719 1960 sive

56 1977 187 2027 fauces
218 1977 312 2013 illius
349 1979 510 2025 montis,
550 1980 597 2015 ad
626 1992 717 2028 quas

62 2047 176 2083 usque
203 2034 338 2071 canalis
359 2034 485 2072 ductus
519 2039 617 2082 erat,
647 2036 718 2073 iam

61 2091 247 2127 meridiem
265 2102 386 2127 versus
415 2092 463 2127 ad
490 2092 608 2129 sinum
625 2090 719 2129 Ara-

61 2147 177 2184 bicum
204 2147 416 2186 deflectens.

115 2238 165 2292 τῇ
184 2233 226 2275 δὲ
246 2232 445 2287 ἐλάχιστόν
468 2235 562 2288 ἐστι]
592 2237 713 2287 Vulgo

61 2288 132 2343 δή,
163 2293 260 2331 cuius
283 2294 362 2331 loco
383 2308 462 2331 cum
484 2298 636 2332 recentt.
655 2308 714 2332 re-

59 2351 165 2399 posui
194 2348 248 2388 δέ.
279 2372 327 2378 --
360 2350 510 2387 Boreale
534 2364 632 2388 mare
653 2355 712 2389 est

59 2406 383 2454 mediterraneum,
401 2408 455 2445 cui
475 2408 575 2457 quod
593 2421 711 2458 oppo-

60 2461 156 2498 nitur
177 2463 316 2500 rubrum
332 2476 445 2511 mare,
476 2464 572 2501 idem
602 2465 711 2502 etiam

60 2517 190 2554 dicitur
217 2520 381 2557 australe.
438 2521 547 2557 Conf.
568 2520 710 2558 Herod.

58 2572 112 2620 Π,
144 2574 233 2616 159.
273 2575 344 2622 lV,
376 2578 431 2618 52
477 2581 514 2614 et
542 2577 710 2625 Breiger.

59 2635 288 2669 commentat.
315 2634 362 2671 de
388 2632 536 2670 difficili.
559 2634 710 2681 quibus-

60 2685 143 2721 dam
162 2686 270 2725 Asiae
294 2693 362 2726 etc.
391 2702 426 2739 p.
450 2689 501 2730 14
522 2688 601 2726 coll.
620 2692 708 2739 p.9.

59 2740 118 2779 De
139 2741 241 2780 Casio
262 2750 385 2782 monte
406 2746 477 2782 vid.
498 2749 575 2781 not.
596 2746 644 2782 ad
663 2746 710 2794 11,

60 2798 106 2844 6,
136 2802 174 2835 et
201 2801 248 2837 de
275 2800 405 2851 Syriae
430 2802 577 2839 nomine
603 2802 710 2839 latius

59 2856 205 2902 patente
225 2860 299 2892 not.
322 2858 370 2894 ad
387 2857 441 2904 11,
467 2860 543 2898 116
564 2858 626 2894 fin.

115 2926 193 2972 οἷπό
211 2930 354 2974 τούτου
381 2934 457 2975 εἰσὶ
480 2933 632 2976 στάδιοι
654 2936 709 2987 χί-

793 1301 894 1351 λιοι]
925 1302 1054 1340 Monet
1069 1302 1450 1353 Schweighaeuserus,

795 1359 941 1395 Gallum
958 1360 1106 1396 doctum
1129 1359 1190 1396 Du
1209 1361 1448 1410 Bois-Ayme

794 1416 850 1461 (in
871 1429 1002 1465 opere:
1037 1416 1208 1466 descript.
1228 1418 1274 1454 de
1288 1416 1449 1467 l’Egypt.

793 1473 841 1508 e't.
862 1473 960 1509 mod.
987 1472 1049 1508 t.I
1077 1486 1113 1522 p.
1139 1475 1218 1513 188
1235 1474 1359 1522 seqq.)
1390 1475 1449 1511 di—

794 1528 965 1565 stantiam
985 1529 1119 1566 hancce
1130 1534 1296 1567 accurate
1308 1531 1450 1568 dimen-

793 1598 894 1631 sum,
934 1585 1114 1622 indicasse
1142 1591 1258 1622 metra
1289 1587 1447 1624 francica

794 1644 992 1688 1ΟΟ,ΟΟΟ,
1029 1642 1067 1678 id
1092 1646 1149 1679 est
1180 1646 1345 1679 trecenta
1370 1644 1447 1681 fere

789 1698 925 1748 pedum
964 1698 1073 1734 millia
1097 1711 1106 1742 ;
1163 1711 1258 1746 quae
1297 1699 1447 1747 quidem

789 1758 914 1791 exacte
933 1754 1124 1791 convenire
1149 1767 1228 1791 cum
1255 1755 1349 1792 mille
1370 1760 1445 1793 sta-

789 1810 857 1847 diis
874 1810 1115 1857 Herodoteis‚
1144 1812 1255 1847 modo
1276 1824 1349 1848 non
1367 1825 1445 1849 ma-

787 1867 854 1902 iori
880 1867 998 1903 stadio
1027 1871 1277 1904 sexcentorum
1295 1869 1444 1917 pedum,

788 1924 854 1959 sed
883 1923 1041 1968 minori,
1082 1924 1229 1960 nonnisi
1254 1925 1336 1965 306
1368 1926 1444 1963 fere

786 1980 900 2030 pedes
946 1980 1158 2017 continente
1208 1980 1442 2018 Herodotum

786 2049 892 2073 usum
913 2049 994 2073 esse
1021 2036 1164 2073 dixeris.
1207 2037 1278 2080 Qui
1293 2038 1440 2086 quidem

785 2093 864 2142 ipse
904 2106 983 2129 cum
1013 2092 1123 2142 paulo
1156 2097 1241 2130 ante
1275 2093 1329 2140 ΙΙ,
1362 2094 1442 2135 149

786 2149 864 2186 coll.
886 2149 1012 2196 lv‚41
1037 2154 1289 2186 sexcentorum
1304 2150 1443 2200 pedum

787 2206 907 2242 stadia
938 2206 1173 2253 indicaverit,
1202 2206 1280 2252 hic,
1314 2206 1441 2243 Gallo-

781 2274 860 2298 rum
881 2263 1069 2299 doctorum
1090 2263 1244 2309 iudicio,
1273 2262 1330 2299 vel
1352 2276 1440 2301 suae

781 2319 894 2369 ipsius
926 2319 1076 2355 rationis
1105 2319 1238 2355 oblitus
1272 2331 1353 2356 esse
1382 2320 1438 2356 di-

780 2375 915 2412 cendus
955 2376 1055 2422 erit,
1097 2375 1154 2413 vel
1192 2388 1260 2425 pro
1294 2375 1436 2413 ratione

778 2432 925 2468 maioris
955 2431 1149 2469 minorisve
1184 2431 1295 2468 stadii
1324 2432 1434 2469 etiam

778 2490 925 2537 orgyias
944 2489 1099 2526 maiores
1120 2487 1177 2525 vel
1195 2488 1353 2525 minores
1374 2501 1438 2525 ae-

779 2545 957 2582 stimasse.
1007 2545 1113 2588 Quae
1137 2557 1224 2581 num
1245 2545 1293 2581 ad
1313 2544 1435 2581 Hero-

777 2601 906 2638 dotum
941 2601 1192 2651 explicandum
1237 2600 1434 2648 sufficiant,

776 2658 932 2695 viderint
968 2657 1057 2703 alii3
1115 2657 1317 2706 equidem,
1357 2657 1433 2705 qui,

777 2726 887 2762 quam
906 2715 1044 2751 incerta
1071 2713 1156 2750 talia
1181 2714 1327 2750 omnino
1348 2713 1432 2759 sint,

781 2771 923 2820 saepius
960 2774 1129 2819 expertus
1168 2782 1271 2816 sum,
1319 2768 1432 2805 nolim

780 2827 868 2874 quid
887 2830 1060 2864 statuere.
1103 2824 1165 2862 Tu
1183 2826 1256 2862 vid.
1275 2824 1434 2862 Roziere

781 2882 953 2931 descript.
977 2883 1023 2919 de
1041 2881 1204 2932 l’Egypt.
1224 2881 1433 2930 I(antiqq.)

778 2952 815 2988 p.
841 2938 920 2979 146
940 2951 1015 2987 seq.

1116 2993 1172 3033 54
1194 2993 1212 3014 *
