1758 3315
290 1089 655 1150 LECTORI
694 1087 1139 1148 BENEVOLO
1180 1088 1250 1145 P.
1293 1087 1358 1148 S.

192 1428 308 1499 Iam
330 1454 500 1498 dudum
523 1460 612 1511 est,
650 1469 704 1498 ex
724 1468 813 1512 quo
837 1452 1091 1498 Hahnius
1119 1467 1145 1495 a
1167 1450 1255 1496 Fr.
1281 1451 1579 1497 Creuzero

55 1557 204 1617 petiit,
241 1563 315 1615 ut,
361 1573 470 1616 quas
502 1557 696 1601 scribere
730 1558 961 1617 inceperat
989 1555 1398 1600 commentationes
1419 1554 1578 1599 Hero-

56 1659 245 1716 dotens,
269 1675 341 1704 eas
364 1659 422 1703 ad
442 1661 576 1703 finem
598 1659 870 1720 perduceret
889 1658 1219 1715 multorumque
1241 1656 1469 1701 desideriis
1489 1657 1578 1700 hoc

54 1761 190 1805 modo
215 1763 498 1806 satisfaceret.
549 1762 639 1817 Qui
660 1777 762 1805 cum
784 1761 876 1804 aliis
898 1761 1088 1820 negotiis
1117 1760 1324 1818 obrutus,
1348 1776 1447 1803 eam
1467 1775 1579 1820 pro-

54 1863 241 1907 vinciam
276 1865 321 1908 in
350 1880 397 1909 se
429 1865 631 1924 recipere
667 1880 756 1909 non
785 1863 1022 1924 potuisset,
1068 1877 1210 1906 novae
1241 1862 1441 1906 editionis
1469 1862 1579 1905 mihi

55 1966 396 2011 demandandae
424 1968 654 2011 consilium
684 1966 958 2026 bibliopolae
986 1964 1295 2010 honestissimo
1319 1980 1372 2008 ea
1396 1965 1580 2022 quidem

54 2068 157 2129 lege
178 2070 417 2129 persuasit,
453 2075 526 2128 ut,
558 2085 674 2128 quae
694 2070 790 2130 ipse
812 2069 918 2112 olim
936 2068 980 2111 in
1013 2068 1458 2111 commentationibus
1478 2067 1578 2111 He-

53 2170 250 2215 rodotei‘s
282 2171 609 2232 disputaverat,
646 2187 699 2216 ea
724 2186 804 2215 suo
831 2185 1035 2229 quaeque
1059 2170 1161 2213 loco
1180 2169 1226 2214 in
1248 2169 1442 2214 editione
1462 2185 1579 2214 nova

54 2271 393 2331 adhiberentur,
430 2274 515 2318 alia
542 2289 676 2331 vero,
725 2288 841 2333 quae
869 2272 929 2317 ad
950 2272 1236 2317 Herodotum
1268 2272 1578 2316 illustrandum

53 2374 98 2418 in
131 2375 305 2420 schedis
337 2377 424 2420 suis
457 2377 723 2437 collegerat,
767 2390 947 2419 mecum
977 2376 1022 2418 in
1050 2390 1180 2418 usum
1208 2373 1338 2418 huius
1375 2374 1577 2419 editionis

25 2479 494 2526 <communicarentu12
563 2479 652 2523 Diu
687 2483 916 2522 cunctatus
958 2476 1168 2535 equidem
1200 2477 1352 2537 recepi
1390 2477 1577 2537 provin-

57 2579 167 2623 ciam
190 2596 293 2624 sane
315 2582 648 2642 gravissi111am3
683 2582 727 2624 in
746 2595 835 2638 qua
857 2595 948 2639 quo
968 2585 1105 2639 pacto
1127 2580 1209 2623 sim
1231 2585 1454 2635 versatus,
1482 2579 1576 2622 aliis

55 2681 204 2725 malim
227 2682 558 2727 diiudicandum
584 2684 847 2742 relinquere.
920 2681 1036 2726 Cum
1058 2683 1176 2725 enim
1204 2680 1294 2725 hoc
1318 2680 1448 2725 huius
1476 2680 1574 2724 edi-

57 2781 182 2826 tionis
208 2791 321 2828 esset
341 2787 585 2842 consilium,
605 2792 653 2829 ut
672 2792 814 2830 textus
835 2786 911 2843 qui
933 2784 1091 2828 dicitur
1111 2780 1408 2840 exhiberetur,
1431 2797 1573 2841 quau-
