1768 3324
622 260 920 301 CL10.1.

1317 262 1400 301 349

21 382 118 429 153
143 379 383 436 ,,μωρέειν,
431 370 487 424 ὥς
523 369 670 416 αὐτῶν
708 369 764 414 οὐ
808 368 1187 425 περιοψομένων.“
1250 372 1398 412 Ταῦτα
1456 381 1731 417 cyruscontcmum

142 461 337 506 εἰπόντος
374 455 455 495 τοῦ
494 448 707 506 κήρυκος,
748 448 915 505 λέγεται
956 451 1107 504 Κῦρον
1149 449 1396 504 ἐπείρεσθαι

141 536 244 588 τούς
271 529 512 586 παρεόντας
551 530 595 572 οἱ
617 526 836 585 Ἑλλήνων
871 529 1020 580 »τίνες
1049 526 1193 580 ἐόντες
1222 528 1395 583 ἄνθρω·

1454 424 1501 443 res

1451 449 1515 476 ficit
1525 448 1727 478 Suvrdibus'ra-

1451 483 1552 510 baiam
1598 484 1730 518 Persam,

1453 525 1528 544 auro
1587 517 1730 551 I'nclyam

1451 550 1583 580 Lydum:

1507 415 1631 448 pondet:
1643 425 1730 451 prau-

1642 552 1731 586 redit,

1453 580 1566 611 Croeso
1593 583 1730 622 abducto,

141 631 250 668 ,,ποι
277 607 636 665 Λακεδαιμόνιοι,
666 607 741 652 καὶ
769 605 896 652 κόσοι
913 613 1105 665 πλῆθος,
1136 612 1271 652 ταῦτα
1290 608 1730 686 ἑωυ-Βῡῑίἓῑιξξῧιιτιξῐξξὲῥρῗξῖ

113 695 236 752 2,,τῷ
264 687 655 745 προαγορεύουσι.“
677 687 1018 743 πυνθανόμενον
1049 688 1094 732 δέ
1122 704 1222 745 μιν,
1260 688 1394 731 εἰπεῖν
1452 685 1711 720 ἕῑῑῑ““““ῑ“ῐ“3·

140 770 250 828 πρὸς
287 768 364 813 τόν
406 767 578 825 κήρυκα
614 766 693 810 τὸν
730 766 1033 825 Σπαρτιήτην·
1090 767 1223 821 »Οὐκ
1258 766 1400 812 ἔδεισά

139 865 234 903 ,,κω
265 848 430 902 ἄνδρας
461 846 712 899 τοιούτους,
757 853 870 891 τοῖσι
911 848 998 892 ἐστὶ
1034 851 1176 905 χῶρος
1213 847 1261 892 ἐν
1289 848 1399 906 μέσῃ

139 931 225 985 »τῇ
254 927 377 972 πόλει
406 925 766 983 ἀποδεδεγμένος,
808 928 850 979 ἐς
886 928 963 971 τόν
992 926 1300 985 συλλεγόμενοι
1328 928 1399 972 άλ-

111 1007 343 1065 3,,λη’λους
372 1005 583 1063 ὀμοῦντες
612 1006 862 1059 ἐξαπατῶσι.
892 1012 1025 1060 τοῖσι,
1055 1007 1113 1064 ἦν
1141 1008 1224 1064 ἐγώ
1253 1007 1397 1064 ὖγιαί-
1409 1013 1454 1049 35

140 1105 262 1142 ,,νω,
291 1084 346 1131 οὐ
375 1086 429 1130 τοὶ
462 1084 626 1130 Ἰώνων
654 1085 799 1130 πάθεα
829 1086 945 1130 ἔσται
976 1088 1173 1144 ἔλλεσχα,
1212 1086 1320 1132 ἄλλα
1346 1088 1399 1132 τά

113 1165 362 1224 4,,οἰκήϊα.“
422 1169 570 1210 Ταῦτα
599 1167 642 1218 ἐς
679 1165 783 1217 τοὺς
821 1164 986 1218 πάντας
1021 1167 1235 1225 ΓΈλληνας
1265 1167 1397 1225 ἀπέρ-

143 1248 241 1304 §ape
271 1245 294 1291 ὁ
325 1249 476 1301 Κῦρος
505 1245 558 1288 τὰ
587 1244 710 1297 ἔπεα,
739 1244 806 1289 ὅτι
836 1244 998 1301 ἀγορὰς
1025 1247 1286 1303 κτησάμενοι
1305 1248 1400 1309 ὠνῇ

116 1335 188 1371 5τε
217 1326 289 1370 καὶ
317 1324 471 1381 πρήσει
499 1323 721 1381 χρέωνται.
761 1321 886 1369 αὐτοὶ
915 1325 998 1381 γὰρ
1029 1328 1072 1369 οἱ
1105 1327 1273 1383 Πέρσαι
1302 1327 1400 1385 ἆγο-

145 1409 246 1463 ρῇσι
275 1404 403 1450 οὐδὲν
432 1402 598 1450 ἐώθασι
625 1407 837 1461 χρῆσθαι,
889 1404 991 1450 οὐδὲ
1022 1406 1102 1462 σφί
1131 1406 1219 1451 ἐστι
1247 1406 1296 1452 τό
1324 1413 1459 1453 noc-40

282 1628 391 1678 Cap.
422 1625 556 1665 CLIII.

144 1711 249 1758 τίνες
271 1706 398 1758 ἐόντες
421 1708 633 1762 ἅνθρωποι
655 1711 739 1748 Λα-

87 1764 332 1819 κεδαιμόνιοι
351 1783 387 1806 κ.
409 1782 440 1805 τ.
460 1766 511 1817 λ.]
543 1767 661 1804 Usum
680 1779 738 1803 re-

86 1823 185 1862 lativi
212 1824 437 1875 pronominis
469 1824 623 1860 illustrat
642 1823 741 1860 Mat-

87 1880 185 1919 thiae
205 1881 271 1918 Gr.
289 1881 356 1917 Gr.
380 1879 416 1931 ς.
442 1880 523 1922 567
555 1894 591 1931 p.
616 1879 737 1921 1118.

143 1958 194 2004 οὔ
219 1959 268 2003 τοὶ
294 1958 439 2003 Ἰαόνων
468 1959 605 2003 πάθεα
634 1962 740 2002 ἔσται

90 2018 318 2072 ἔλλεσχα,
356 2017 454 2060 nimo?
495 2017 543 2059 τά
574 2017 735 2071 οἰκήϊα]

88 2076 112 2114 i.
130 2090 161 2115 e.
190 2090 288 2125 „non
307 2077 348 2114 de
367 2077 491 2114 Ionum
518 2077 736 2115 calamitati-

88 2132 151 2171 bus
177 2134 236 2171 illi
266 2134 585 2184 confabulabantur
615 2146 736 2172 verum

89 2189 131 2227 de
160 2193 234 2228 suis
260 2192 450 2240 ipsorumf‘
498 2191 626 2238 Quae,
657 2203 737 2228 mo-

88 2250 199 2285 nente
247 2247 459 2285 Schlossero
506 2247 736 2297 Universalg.

89 2302 160 2350 l‚1
181 2317 218 2354 p.
231 2305 326 2351 290,
348 2305 395 2342 de
415 2303 736 2341 deliberationibus

90 2370 206 2409 aeque
232 2372 275 2397 ac
310 2361 358 2398 de
384 2360 737 2398 confabulationibus

93 2418 130 2451 et
143 2415 352 2465 quotidiano
373 2429 540 2455 sermone
568 2421 653 2454 sunt
680 2418 737 2454 in-

19 2496 21 2499 ·
90 2470 295 2520 telligenda.
351 2473 424 2510 Pro
463 2472 617 2524 ἕλλεσχα
640 2473 736 2512 male

93 2525 179 2563 olim
201 2524 363 2579 ἅλεσχα,
392 2543 471 2567 cum
496 2529 652 2581 ἔλλεσχα
683 2531 735 2579 (i.

94 2593 126 2619 e.
150 2581 192 2621 ἐν
216 2582 328 2638 λέσχῃ
346 2583 558 2638 γενόμενα)
585 2600 628 2624 ea
653 2587 737 2635 sint,

95 2637 143 2673 de
161 2639 288 2687 quibus
305 2642 468 2681 homines
487 2643 582 2682 inter
602 2657 642 2681 se
663 2644 737 2681 col-

93 2690 305 2744 loquuntur,
335 2698 382 2736 de
401 2700 530 2749 quibus
557 2713 676 2737 sermo
697 2700 740 2738 fit

96 2747 190 2786 inter
222 2750 394 2792 homines.
457 2755 548 2794 Inde
583 2759 738 2808 περιλε-

98 2800 306 2854 σχήνευτος
324 2809 496 2849 hominum
513 2825 662 2849 sermone
681 2825 737 2850 ce-

97 2858 266 2910 lebratus,
304 2865 397 2904 infra
429 2868 485 2915 ΙΙ,
528 2869 607 2910 135
621 2898 632 2916 ,
676 2870 739 2906 ubi

99 2915 329 2958 Grammatiei
353 2923 532 2974 explicant
555 2921 738 2977 περιβόη-

806 1641 891 1675 τος,
920 1623 1198 1679 περιλάλητος,·
1240 1629 1326 1667 inde
1359 1624 1455 1679 πρό-

806 1686 939 1733 λεσχος
958 1685 993 1720 iu
1013 1684 1346 1735 Aeschyl.Supplic.
1360 1688 1454 1727 208.

807 1739 916 1776 Conf.
939 1741 1158 1790 Wesseling.
1188 1742 1236 1778 ad
1263 1742 1298 1779 h.
1313 1743 1336 1779 l.
1380 1743 1457 1779 vo-

807 1795 886 1832 cula
903 1795 1016 1847 λέσχη
1036 1798 1263 1847 colloquium,
1286 1799 1458 1849 confabu—

808 1851 917 1899 latio,
955 1866 1062 1890 sermo
1093 1854 1314 1903 familiaris,
1363 1856 1459 1893 infra

809 1908 949 1957 11‚32.
984 1911 1056 1957 lx,
1086 1914 1152 1951 71.

866 1961 1064 2017 οἷπὲρῤιψε
1086 1965 1108 2006 ὁ
1122 1969 1258 2018 Κῦρος
1277 1963 1324 2006 τὰ
1346 1966 1454 2018 ἔπεα]

806 2015 1025 2073 οἷπέῤῥιψε,
1055 2027 1095 2060 ut
1122 2023 1264 2062 Latini:
1296 2027 1458 2074 proiecit,

802 2081 966 2116 iactavit.
1026 2080 1134 2117 Conf.
1153 2081 1248 2117 infra
1265 2080 1369 2130 VIII,
1390 2085 1456 2124 92.

860 2130 978 2176 αυ’το“ι
1007 2133 1081 2188 γάρ
1110 2136 1151 2175 οἱ
1185 2136 1338 2190 Πέρσαι
1366 2134 1456 2191 ἄγο-

803 2194 896 2247 ρῇσι
915 2188 1032 2232 οὐδὲν
1055 2189 1208 2233 ἐώθασι
1231 2197 1408 2246 χρῆσθαι
1419 2210 1454 2233 κ.

801 2264 834 2287 τ.
855 2247 903 2299 λ.]
934 2250 1039 2287 Haec
1066 2251 1194 2288 eadem
1219 2252 1354 2289 Strabo
1379 2256 1456 2289 tra-

804 2307 876 2354 dit,
908 2306 977 2344 XV
996 2320 1034 2356 p.
1063 2309 1170 2349 1067
1187 2335 1198 2355 ,
1223 2308 1267 2345 Β.
1296 2308 1378 2346 Nec
1395 2322 1455 2347 re-

800 2363 964 2411 fragatur
972 2363 1181 2413 Xenophon
1196 2364 1232 2401 in
1244 2364 1453 2415 Cyropaed.

801 2419 841 2466 I,
870 2422 897 2459 2
928 2418 965 2470 ᾗ.
983 2421 1009 2460 3
1037 2421 1159 2458 forum
1181 2421 1327 2470 quidem
1357 2423 1457 2472 apud

802 2475 937 2513 Persas
987 2477 1101 2514 fuisse
1155 2490 1458 2527 commemoranS‚

802 2545 927 2569 verum
944 2545 1012 2570 nec
1030 2533 1125 2582 tale,
1156 2533 1263 2583 quale
1275 2534 1385 2584 vulgo
1397 2548 1457 2573 re-

803 2589 871 2626 bus
908 2589 1109 2627 vendendis
1147 2595 1257 2640 atque
1290 2592 1463 2629 emendis⁴

806 2645 1051 2694 destinatum,
1083 2647 1151 2683 sed
1181 2647 1241 2684 ubi
1260 2647 1456 2686 liberaliter

804 2701 957 2739 instituti
966 2702 1131 2747 homines
1148 2704 1380 2742 convenirent
1390 2705 1457 2742 be-

806 2770 926 2808 neque
940 2759 1071 2795 morati
1090 2772 1158 2797 nec
1177 2760 1247 2796 nisi
1264 2761 1382 2811 proba
1412 2773 1455 2797 ac

804 2814 904 2852 bona
947 2816 1058 2852 verba
1092 2816 1312 2854 audirentur.
1372 2816 1458 2860 Quo

807 2870 915 2908 etiam
945 2871 1070 2908 alludit
1087 2872 1277 2922 Appianus
1308 2873 1355 2910 de
1373 2872 1456 2910 bell.

805 2927 906 2965 civill.
925 2927 959 2964 II
976 2940 1065 2978 pag.
1085 2929 1178 2969 803.
