1805 3315
717 236 1010 277 cL10.1.

1449 244 1507 284 85

218 351 320 403 ,,λοὶ
357 349 435 405 μὲν
462 345 546 403 γάρ
580 344 813 400 ζάπλουτοι
851 345 1124 402 ἀνθρώπων,
1165 346 1366 406 ἅνόλβιοί
1405 351 1503 395 εἶσι*

193 427 400 481 9,,πολλοὶ
440 427 486 469 δὲ
522 427 710 481 μετρίως
747 426 913 482 ἔχοντες
950 428 1076 483 βίου,
1116 426 1320 484 εὐτυχέες.
1358 426 1383 472 ὁ
1425 430 1550 484 μὲν15

214 506 303 562 »δὴ
349 506 456 562 μέγα
504 504 735 558 πλούσιος,
784 503 989 562 ἀνόλβιος
1027 507 1096 560 δὲ,
1145 509 1290 551 δυοῖσι
1328 509 1503 564 προέχει

214 588 331 636 ,,τοῦ
370 582 568 641 εὐτυχέος
605 583 832 641 μούνοισι·

165 665 321 717 1ο,,καὶ
360 663 570 721 οἷνολβίου
607 668 818 708 πολλοῖσι.

883 579 1013 636 οὗτος
1053 586 1123 638 δὲ,
1166 589 1249 630 τοῦ
1287 589 1501 632 πλουσίου

880 663 903 707 ὁ
933 663 1036 720 μὲν,
1073 665 1308 722 ἐπιθυμίην
1334 666 1501 710 ἐκτελέ-

209 755 340 797 ,,σαι,
377 744 451 787 καὶ
487 742 593 800 ἄτην
631 743 821 800 μεγάλην
857 748 1195 798 προσπεσοῦσαν
1233 744 1394 789 ἐνεῖκαι
1426 747 1499 789 δυ-

208 821 511 877 ,,νατω’τερος·
561 821 584 865 ὁ
626 822 697 874 δὲ,
747 824 907 866 τοισίδε
943 823 1114 880 προέχει
1149 823 1340 867 ἐκείνου·
1390 822 1499 881 ἄτην

206 902 322 959 »μὲν
348 903 421 946 καὶ
450 901 686 959 ἐπιθυμίην
712 900 795 946 οὐκ
822 900 982 958 ὁμοίως
1011 901 1199 954 δυνατὸς
1224 902 1372 964 ἐκείνῳ
1396 904 1545 949 {vel-20

206 998 342 1034 ,,και,
386 985 522 1025 ταῦτα
552 981 597 1025 δὲ
627 981 654 1038 ἡ
685 981 856 1039 εὐτυχίη
897 984 941 1026 οἱ
977 979 1204 1037 ἀπερύκει·
1242 981 1408 1040 ἄπηρος
1451 983 1498 1028 δὲ

205 1061 352 1114 „goth
400 1061 616 1114 ἄνουσος,
664 1059 834 1118 ἀπαθὴς
875 1065 1044 1115 κακῶν,
1093 1059 1267 1115 εὔπαις,
1315 1060 1494 1120 εὐειδής.

215 1202 347 1241 δυοῖσι
393 1199 550 1253 προέχει
586 1202 660 1240 τοῦ
696 1196 813 1239 εὐτυ-

158 1256 246 1308 χέος
263 1253 476 1308 μούνοισι]
492 1257 634 1295 Eadem
655 1260 813 1294 structu-

156 1327 218 1361 ra,
250 1315 296 1352 de
315 1327 387 1363 qua
409 1315 456 1350 ad
480 1313 515 1360 I,
539 1316 560 1354 1
591 1314 810 1350 monuimus

155 1369 321 1408 Recurrit
331 1369 439 1420 paulo
459 1373 564 1420 post:
586 1367 611 1410 ὁ
623 1367 677 1417 δὲ,
691 1370 811 1409 τοισί-

154 1426 199 1465 δε
218 1425 372 1476 προέχει
389 1426 542 1466 ἐκείνου
560 1441 595 1464 κ.
614 1441 646 1465 τ.
665 1429 716 1474 λ.,
748 1426 809 1463 ubi

152 1496 234 1520 cum
254 1483 370 1521 Schw.
392 1487 428 1521 et
451 1483 568 1519 Gaisf.
580 1484 808 1533 reposuimus

151 1553 174 1578 τ
185 1554 205 1578 ο
215 1555 228 1578 ι
241 1539 290 1578 σί
303 1539 326 1578 δ
338 1553 355 1578 ε
366 1568 376 1587 ,
399 1539 573 1576 librorum
594 1540 806 1577 auctoritate

152 1597 242 1633 satis
268 1596 359 1632 illud
384 1597 531 1645 quidem
560 1597 741 1632 firmatum
769 1599 805 1633 et

150 1653 345 1703 probatum
388 1652 520 1689 Matth.
565 1651 602 1702 ἓ.
640 1654 743 1700 630,
771 1665 802 1689 e.

151 1722 189 1759 p.
208 1711 316 1750 1292
347 1709 506 1758 itemque
531 1709 728 1745 Schaefero
753 1708 802 1744 ad

151 1764 337 1802 Lambert.
367 1765 454 1802 Bos.
492 1764 618 1814 Ellips.
654 1764 699 1802 L.
734 1764 800 1800 Gr.

150 1834 191 1871 p.
226 1824 308 1862 606
353 1825 389 1859 et
424 1821 594 1859 lVerfero
631 1821 668 1857 in
703 1820 799 1857 Aett.

149 1877 247 1928 phill.
265 1877 430 1915 Monacc.
447 1878 464 1914 I
473 1891 509 1928 p.
523 1879 575 1918 98
588 1890 679 1926 seq„
692 1890 800 1926 quem

149 1934 296 1971 omnino
326 1935 373 1971 de
390 1934 426 1972 h.
450 1934 472 1971 l.
494 1933 646 1981 consul,
667 1934 703 1969 in
728 1946 801 1982 quo

147 2004 352 2042 pronomen
380 1992 564 2039 (ταῦτα)
610 1991 658 2028 ad
693 2002 798 2038 seqq.

148 2051 315 2097 spectare
337 2052 434 2085 recte
455 2051 590 2084 monet.
607 2068 663 2074 ——
692 2047 799 2089 Quae

146 2116 232 2141 vero
253 2103 310 2141 hic
330 2105 580 2154 disputantur,
607 2103 706 2140 haud
729 2103 799 2139 dif-

146 2161 279 2208 ferunt,
308 2165 453 2198 auctore
475 2160 504 2197 C
512 2173 553 2208 r.,
572 2160 616 2197 ab
638 2160 693 2206 iis,
706 2171 800 2208 quae

147 2217 314 2254 uberiora
335 2230 357 2254 a
377 2217 505 2254 Proclo
526 2217 711 2266 disputata
745 2215 798 2252 le-

146 2273 266 2322 gimus
296 2274 333 2310 in
363 2273 643 2311 Commentariis
680 2285 798 2321 nuper

146 2331 253 2368 editis
293 2330 342 2367 ad
371 2330 536 2367 Platonis
572 2328 748 2366 Alcibiad.
780 2328 796 2365 I

147 2400 176 2424 c·
201 2388 257 2428 33
274 2400 310 2437 p-
331 2386 424 2428 104.
481 2387 595 2424 Redit
613 2389 732 2422 autem
751 2397 795 2422 eo

146 2444 223 2481 sere
251 2443 399 2480 Solonis
439 2443 642 2489 sententia,
681 2446 721 2478 ut
750 2441 794 2488 is,

146 2501 208 2548 qui
231 2500 332 2538 dives
352 2501 421 2548 sit,
450 2514 494 2538 eo
515 2502 721 2550 praevertat
740 2498 795 2535 fe-

145 2554 248 2593 licem
296 2557 525 2606 eundemque
582 2568 795 2606 pauperem,

146 2614 247 2661 quod
271 2613 353 2663 ipse
374 2617 407 2650 et
421 2614 640 2663 cupiditates
658 2611 795 2648 facilius

147 2669 293 2718 explere
311 2673 344 2706 et
364 2671 535 2708 damnum
549 2681 722 2717 magnum
739 2668 795 2703 in-

148 2725 273 2761 cidens
292 2726 431 2765 minore
457 2727 606 2775 negotio
633 2726 797 2775 perferre

149 2785 282 2829 queat;
309 2783 393 2820 felix
408 2796 493 2820 vero
512 2784 683 2831 idemque
706 2793 795 2831 pau-

151 2849 219 2885 per
238 2849 281 2874 eo
302 2840 490 2876 antecellat
506 2840 675 2886 divitem,
697 2838 797 2886 quod

150 2893 283 2930 damna
320 2895 627 2946 cupiditatesque,
666 2896 797 2945 quibus

882 1200 1043 1238 ferendis
1094 1199 1175 1249 ipse
1222 1201 1340 1238 minus
1369 1214 1439 1252 par
1469 1207 1537 1250 est,

881 1258 1029 1293 omnino
1061 1256 1206 1293 fortuna
1247 1257 1293 1293 ab
1323 1270 1366 1295 eo
1403 1263 1536 1306 arceat,

879 1313 1071 1362 ipsumque
1098 1325 1262 1350 securum
1283 1325 1325 1351 ac
1345 1317 1459 1351 tutum
1488 1316 1534 1352 ab

879 1369 947 1405 illis
974 1372 1146 1420 praestet.
1206 1369 1432 1412 Quibuscum
1464 1370 1532 1408 Cr.

876 1430 1082 1476 comparat,
1113 1438 1207 1474 quae
1218 1424 1434 1464 Aristoteles
1455 1427 1531 1463 dis-

873 1487 978 1532 putat
1007 1483 1044 1519 in
1074 1482 1191 1518 Ethic.
1210 1481 1423 1520 Nicomach.
1447 1483 1530 1531 VII,

876 1540 952 1585 133
993 1540 1040 1575 ad
1073 1538 1155 1587 ipsa
1182 1539 1294 1576 verba
1321 1539 1408 1576 citat
1438 1539 1527 1576 Val-

872 1595 977 1632 cken.
1010 1596 1058 1632 ad
1086 1594 1241 1632 Theoer.
1280 1594 1460 1632 Adoniaz.
1491 1610 1524 1633 v.

872 1650 926 1692 24
949 1665 984 1701 p-
1003 1653 1097 1692 317.
1129 1653 1210 1692 318
1240 1651 1329 1688 haec
1360 1656 1528 1690 statuen-

871 1712 963 1745 tem:
1003 1704 1194 1757 ,,”Ολβιος
1231 1707 1418 1745 dicebatur
1448 1710 1523 1746 exi-

869 1764 961 1811 mie,
990 1777 1064 1800 non
1086 1762 1110 1802 ό
1128 1759 1310 1814 εὐτυχής,
1341 1764 1407 1801 sed
1426 1760 1522 1804 0⁶51}-

869 1820 1045 1870 δαίμων,·
1073 1820 1155 1857 hinc
1182 1821 1252 1869 ipsi
1283 1820 1331 1857 dii
1352 1817 1520 1871 ὄλβιοι.“

867 1875 982 1913 Addit
1009 1877 1105 1913 idem
1134 1877 1316 1924 insignem
1336 1876 1521 1928 Euripidis

867 1932 984 1970 locum
1005 1933 1042 1969 in
1062 1932 1196 1970 Medea
1215 1946 1266 1969 VS.
1288 1935 1407 1974 1228.

925 1986 1078 2041 ἄπηρος
1095 1986 1137 2027 δὲ
1160 1987 1263 2034 ἐστὶ]
1296 1986 1450 2041 ἄπηρος
1476 1990 1518 2037 (i.

867 2059 898 2084 e.
918 2047 1075 2083 membris
1098 2045 1253 2082 omnibus
1265 2047 1418 2094 integer)
1431 2047 1519 2084 dedi

866 2116 947 2140 eum
966 2107 1114 2140 recentt'.
1135 2116 1202 2152 pro
1214 2102 1364 2151 vulgato
1379 2100 1444 2141 ὄπ
1457 2117 1513 2142 ει-

866 2174 973 2211 ρος,
1003 2160 1102 2209 quod
1123 2172 1249 2195 omnes
1277 2160 1454 2208 praebent
1472 2159 1516 2196 li-

865 2216 939 2263 bri,
970 2216 1128 2265 exceptis
1151 2216 1292 2251 duobus
1318 2215 1516 2264 Vaticanis,

864 2273 925 2322 qui
949 2274 1191 2310 coniecturam
1202 2271 1344 2309 Heinsii
1366 2274 1515 2321 egregie

864 2330 1033 2373 firmant3
1089 2330 1132 2365 cf.
1168 2328 1426 2376 Iungerinann.
1465 2329 1513 2365 ad

863 2385 1000 2422 Polluc.
1026 2385 1079 2432 ΙΙ,
1098 2388 1163 2427 61.
1205 2385 1310 2422 Unus
1335 2384 1426 2423 liber
1448 2386 1511 2422 dat

862 2438 1025 2494 ἄπορος.

891 2494 1058 2549 εὐειδής]
1075 2493 1241 2549 εὐειδής,
1253 2498 1353 2546 quod
1363 2497 1512 2545 quidam

861 2555 985 2593 dixere
1015 2550 1212 2606 α’δόκιμον
1234 2551 1336 2594 εἶναι
1358 2551 1511 2604 ὄνομα,

862 2612 945 2649 hinc
977 2613 1072 2649 bene
1111 2615 1232 2648 tuetur
1276 2611 1510 2648 Grammatic.

863 2670 994 2708 Graec.
1027 2669 1063 2705 in
1105 2668 1265 2705 Bekker.
1297 2665 1462 2705 Anecdd.
1491 2666 1509 2702 l

863 2739 899 2775 p.
921 2728 986 2767 92.
1011 2727 1075 2766 26.
1117 2724 1181 2762 Cr.
1210 2723 1312 2760 addit
1339 2724 1507 2760 Eustath.

863 2782 912 2818 ad
926 2782 1030 2818 Iliad.
1052 2780 1124 2828 111,
1138 2780 1192 2821 48
1213 2779 1301 2817 (;011ὥ
1319 2780 1510 2827 adOdyss

864 2838 935 2885 Vl,
958 2840 1035 2880 187
1069 2851 1105 2887 p.
1123 2837 1217 2879 257.
1273 2835 1388 2872 Paulo
1424 2839 1509 2885 post

864 2895 912 2932 de
933 2899 1110 2932 structura
1139 2888 1392 2943 εἰτελευτήσει
1423 2904 1508 2928 con-
