1805 3315
632 246 932 286 cL10.1.
1372 255 1425 293 61

98 357 417 415 Ιοῦπολαβόντα
461 355 664 408 ἐξενεῖκαι
701 354 772 400 ἐπὶ
817 356 1050 411 Ταίναρον.
1111 354 1340 413 ἀποβάντα
1380 360 1427 403 δὲ

144 436 277 481 αὐτὸν
303 434 479 491 χωρέειν
507 434 550 485 ἐς
580 433 811 490 Κόρινθον
841 434 922 479 σὺν
950 438 1005 492 τῇ
1035 439 1193 493 σκευῇ,
1232 438 1307 481 καὶ
1332 436 1471 482 (ἐπι-55

99 517 326 572 ιῙκόμενον
366 511 632 569 ἀπηγέεσθαι
670 517 759 557 πᾶν
808 513 858 556 τό
899 514 1091 570 γεγονός.

1149 517 1428 572 Περίανδρον

142 595 187 638 δὲ
212 591 301 636 ὑπὸ
340 590 536 648 οἷπιστίης
571 590 746 646 Ἀρίονα
782 593 860 648 μὲν
889 593 937 636 ἐν
976 598 1154 651 φυλακῇ
1183 595 1314 650 ἔχειν,
1359 594 1430 639 ου’-

139 673 250 727 δαμῆ
279 671 499 726 μετιέντα,
540 669 715 722 α’νακῶς
744 673 791 715 δὲ
821 671 931 728 ἔχειν
959 676 1047 716 τῶν
1076 673 1333 729 πορθμέων·
1367 673 1427 726 ὥς

138 750 184 794 δὲ
225 749 311 804 ἄρα
346 755 549 805 παρεῖναι
588 748 773 803 αὐτούς,
812 752 1050 807 κληθέντας
1087 753 1359 808 ἱστορέεσθαι
1390 755 1429 798 εἴ

92 839 177 874 12τι
203 827 370 885 λέγοιεν
397 830 496 885 περὶ
522 829 735 886 Ἀρίονος.
767 830 976 887 φαμένων
1007 831 1052 874 δὲ
1081 831 1259 876 ἐκείνων
1281 832 1337 884 ὦς
1360 834 1426 889 εἴη

134 925 179 954 τε
209 911 296 959 σιός
324 908 423 964 περὶ
450 907 649 966 Ἰταλίην,
689 911 762 955 καί
790 926 865 967 μιν
895 905 944 954 εὖ
980 908 1230 966 πρήσσοντα
1257 912 1471 956 λίποιενδο

135 988 181 1032 έν
227 987 436 1044 Τάραντι,
484 987 751 1046 ἐπιφανῆναί
801 1000 880 1046 σφι
927 988 1005 1033 τόν
1040 986 1239 1045 Ἀρίονα,
1280 990 1425 1046 ὥσπερ

135 1067 243 1123 ἔχων
280 1067 529 1124 ἐξεπήδησε·
572 1069 646 1112 καὶ
680 1068 804 1120 τούς,
845 1067 1153 1124 ἐκπλαγέντας,
1191 1068 1275 1113 οὐκ
1314 1070 1424 1126 ἔχειν

90 1145 197 1190 13ἔτι
223 1145 525 1203 ἐλεγχομένους
553 1145 800 1203 ἀρνέεσθαι.

864 1150 1011 1189 Ταῦτα
1039 1145 1118 1202 μέν
1148 1163 1232 1191 νυν
1261 1151 1426 1203 Κορίν-

135 1227 230 1270 θιοί
258 1242 301 1270 τε
329 1227 403 1270 καὶ
428 1225 607 1283 Λέσβιοι
634 1226 823 1284 λέγουσι.
879 1225 953 1270 καὶ
978 1223 1176 1283 Ἀρίονός
1204 1226 1293 1271 ἐστι
1319 1226 1424 1271 ἄνοι’-

145 1371 308 1424 οἷνακῶς
333 1373 377 1416 δὲ
412 1373 515 1428 ἔχειν
539 1379 623 1418 τῶν
648 1392 742 1431 πορ-

87 1431 261 1484 θμέων]
293 1434 316 1470 i.
337 1447 369 1471 e.
393 1446 469 1471 eum
488 1447 610 1473 curam
628 1438 742 1473 inten-

87 1489 179 1526 disse
213 1492 252 1526 in
286 1493 428 1530 nautas.
486 1491 676 1541 „Legitur
705 1492 743 1528 in

86 1545 210 1585 Lexic.
220 1547 383 1594 Seguier.
397 1561 433 1597 p.
444 1549 524 1590 391
540 1550 597 1586 ed.
609 1548 742 1586 Bekk.:

89 1604 342 1652 φυλακτικῶς
369 1607 405 1640 et
436 1599 595 1651 οἷνακῶς
619 1604 738 1656 ἔχειν·

90 1659 355 1711 φροντίζειν.“
387 1659 451 1697 Cr.
488 1660 631 1698 Eodem
665 1663 743 1700 fere

89 1716 199 1752 modo
217 1715 338 1752 Schol.
357 1716 405 1752 ad
424 1715 631 1766 Thucydid.
644 1718 742 1766 VIII,

91 1774 184 1819 102,
197 1772 258 1808 ubi
269 1772 404 1809 consul.
416 1772 742 1824 interpreteS.Nam

89 1841 134 1865 ex
152 1828 344 1865 Herodoto
368 1841 494 1866 vocem
522 1832 740 1868 assumsisse

89 1884 341 1933 Thucydidem
362 1885 497 1922 volunt.
541 1885 638 1924 Add.
660 1888 741 1924 He-

86 1941 166 1978 rod.
200 1941 305 1988 VIII,
338 1943 440 1988 109,
483 1954 591 1990 quem
622 1943 740 1981 locum

86 1997 174 2034 citat
194 1996 360 2034 Eustath.
395 1998 442 2034 ad
464 1999 601 2047 Odyss.
631 2000 649 2037 Ι
680 2014 737 2038 vs.

87 2055 170 2094 397
208 2066 294 2103 pag.
331 2055 408 2102 67,
438 2056 493 2095 47
515 2056 572 2093 ed.
594 2056 683 2095 Bas.

144 2107 261 2155 053—-
271 2110 471 2162 παρεῖναι]
486 2112 593 2149 Conf.
603 2112 739 2150 Matth.

87 2163 124 2217 ἓ.
149 2166 231 2208 538
258 2179 345 2216 pag.
369 2167 491 2208 1057

143 2221 390 2273 ιστορέεσθαι
433 2223 473 2262 εἴ
497 2239 534 2263 τι
565 2221 739 2276 λέγοιεν]

87 2275 335 2330 ἱστορέεσθαι
352 2281 511 2317 medium
522 2294 603 2319 cum
615 2284 739 2319 scisci-

85 2334 192 2372 tande
205 2335 355 2374 notione
374 2337 543 2387 nuspiam
561 2337 598 2373 in
619 2337 742 2376 Hero·

86 2391 175 2428 doto
193 2392 416 2440 inveniatur,
448 2394 509 2443 qui
532 2394 648 2431 activo
660 2408 741 2432 ver-

89 2447 138 2484 bo
169 2446 358 2501 ἷστορέειν
396 2449 449 2486 uti
476 2450 611 2497 soleat,
652 2450 740 2488 Val-

91 2502 281 2541 ckenarius
295 2505 446 2543 coniecit
467 2505 735 2558 εἰρωτέεσθαι,

84 2556 222 2597 Nostro
240 2562 510 2610 frequentatum
530 2563 602 2610 VI,
631 2564 736 2611 3.11‚

85 2617 151 2656 32.
209 2617 341 2668 Seripti
369 2618 450 2655 libri
480 2619 516 2656 h.
534 2619 558 2656 l.
589 2623 736 2657 tuentur

88 2668 356 2725 ἱστορέεσθαι,
414 2676 515 2724 quod
565 2675 596 2711 si
653 2689 734 2714 eum

86 2723 285 2777 Schweigh.
318 2731 467 2780 passiva
494 2731 645 2770 notione
674 2746 735 2770 ac-

85 2780 219 2830 cipiaS,
226 2758 344 2823 ohaud
361 2787 479 2836 magis
500 2801 594 2838 opus
606 2789 673 2826 erit
691 2802 735 2827 ea

86 2839 356 2902 emendatione,
384 2848 493 2893 atque
522 2844 592 2881 alia
624 2844 733 2896 εἰρω-

84 2887 296 2947 νεύεσθαι,
318 2909 426 2948 quam
447 2913 468 2938 e
489 2900 597 2939 Gellii
614 2902 733 2941 velbis

811 1375 917 1424 XVT,
950 1377 1002 1418 19
1040 1377 1093 1425 („
1104 1377 1245 1415 navitas
1272 1377 1467 1428 requisitos

810 1455 865 1462 »-
877 1433 1135 1471 dissimulanter
1148 1435 1396 1483 interrogasse
1410 1448 1468 1472 ec—

810 1491 898 1539 quid
923 1491 1113 1528 audissent
1132 1513 1188 1518 —
1218 1504 1328 1541 super
1360 1491 1468 1528 Ario-

809 1548 902 1595 ne“)
924 1547 1004 1595 quis
1028 1548 1185 1597 probare
1205 1549 1362 1584 studeat.
1383 1547 1468 1584 Ma·-

808 1602 870 1640 lim
890 1603 1058 1652 equidem
1088 1604 1184 1641 tueri
1215 1604 1467 1642 auctoritatem

810 1658 1002 1706 librorum,
1033 1660 1108 1698 sive
1132 1661 1247 1698 activa
1281 1661 1357 1698 sive
1378 1673 1467 1710 pas-

810 1716 886 1752 siva
912 1716 1061 1753 notione
1088 1717 1238 1754 verbum
1270 1718 1466 1766 acceperis,

809 1771 868 1808 De
890 1771 972 1820 ipso
1012 1773 1125 1809 verbo
1162 1773 1258 1810 conf.
1289 1776 1382 1810 nott.
1415 1774 1465 1811 ad

808 1826 977 1865 Prooem.

865 1898 920 1930 ως
940 1883 999 1934 ειή
1015 1898 1055 1923 τε
1069 1885 1147 1931 σῶς
1171 1899 1262 1937 περι
1279 1879 1457 1936 Ἰταλίην]

807 1939 898 1991 περὶ
923 1935 1087 1990 Ἰταλίην
1118 1944 1166 1978 in
1196 1941 1332 1989 Ιίαίιᾈα
1363 1947 1402 1979 ut
1431 1943 1464 1989 I,

808 1999 886 2038 27:
916 1996 953 2035 εἴ
975 2012 1012 2036 τι
1031 1997 1091 2048 είη
1121 1994 1312 2050 νεώτερον
1345 2013 1466 2050 περι

806 2067 902 2103 την
930 2050 1069 2092 Ελλα
1085 2054 1151 2093 δα
1179 2055 1286 2091 Conf
1300 2055 1464 2093 Fischer

805 2110 855 2146 ad
876 2109 1023 2147 Weller.
1045 2110 1118 2157 111,
1148 2110 1171 2147 b
1198 2124 1236 2161 p.
1260 2114 1356 2152 217.
1393 2111 1461 2150 Cr.

807 2166 945 2202 consuli
967 2167 1042 2203 vult
1063 2140 1247 2205 Sellaefer.
1270 2169 1318 2204 ad
1339 2168 1461 2204 Schol.

807 2221 961 2262 Parisin.
982 2222 1151 2274 Apollon.
1170 2223 1293 2262 Rhod.
1319 2238 1355 2274 p.
1379 2227 1463 2266 279

808 2282 846 2316 et
893 2279 998 2317 Hase
1047 2281 1097 2317 ad
1144 2279 1262 2317 Leon.
1309 2280 1464 2319 Diacon.

806 2347 896 2386 pag
920 2338 1017 2377 210.

864 2387 1063 2443 ἄναθημα
1098 2389 1264 2443 χαλκεον
1302 2388 1362 2433 ου’
1400 2392 1464 2444 μέ-

805 2461 857 2499 γα
880 2447 946 2487 ε’πὶ
974 2444 1214 2516 Ταιναρῳ]
1220 2450 1350 2488 Plures
1379 2451 1462 2488 libri

806 2504 931 2554 scripti
958 2506 1128 2542 omittunt
1156 2521 1225 2545 ον.
1285 2507 1362 2544 Sed
1394 2520 1463 2557 po·-

803 2561 873 2597 tuit
910 2575 992 2600 mea
1026 2563 1175 2611 quidem
1215 2575 1259 2600 ex
1281 2564 1464 2601 sententia¹

802 2615 1030 2655 librariorum
1069 2619 1294 2668 negligentia
1339 2621 1463 2670 potius

802 2673 918 2710 omitti
942 2675 1138 2724 particula,
1173 2688 1283 2725 quam
1309 2677 1355 2712 ab
1382 2676 1462 2713 aliis

800 2730 965 2768 consulto
996 2731 1116 2768 inseri.
1166 2731 1345 2780 Agnoscit
1370 2745 1463 2781 quo-

801 2798 873 2834 que
918 2788 1134 2837 particulam
1179 2788 1253 2826 Dio
1301 2788 1462 2836 Chryso—

804 2846 909 2879 stom.
961 2844 1026 2880 Or.
1069 2845 1124 2884 37
1168 2858 1204 2894 p.
1253 2843 1349 2886 455.
1402 2845 1460 2880 Ex

799 2896 969 2938 Mediceo
1013 2899 1105 2939 libro
1154 2900 1240 2939 nihil
1275 2904 1465 2947 enotatur3
