1759 3324
617 253 925 294 cL10.1..

1321 259 1407 299 405

119 366 392 425 Ξοῖμφότεραι
430 362 476 406 δὲ
513 355 641 405 αὗται
679 360 878 418 λέγονται
911 360 1089 418 ἀνδρῶν
1126 366 1337 422 ουδαμων
1362 366 1405 418 ἐς

148 446 319 502 ὁμιλίην
341 443 522 498 φοιτᾶν·
550 443 625 485 καὶ
652 440 841 498 κατάπερ
870 442 920 486 ἐν
944 442 1188 500 Πατάροισι
1209 448 1285 502 τῆς
1305 448 1377 489 Λυ

143 526 238 580 κίῃς
263 520 292 578 ἦ
319 519 557 576 πρόμαντις
585 524 668 565 τοῦ
695 525 831 572 θεοῦ,
860 520 993 565 ἐπεάν
1009 521 1208 579 γένηται·
1241 521 1297 567 οὐ
1315 523 1401 580 γάρ

142 598 206 648 ὦν
233 601 316 645 αἰεί
343 598 433 643 ἐστι
459 597 721 657 χρηστήριον
750 598 928 644 αὐτόθι·
978 600 1107 645 ἐπεὰν
1136 602 1183 646 δὲ
1210 604 1399 660 γένηται,

137 679 234 726 τότε
263 673 327 723 ὧν
355 681 739 737 συγκατακληΐεται
754 679 831 732 τοὶς
851 677 1014 733 νύκτας
1033 679 1117 726 ἔσω
1135 680 1184 726 ἐν
1204 685 1266 741 τῷ
1287 684 1390 740 νηῷ.
1402 689 1421 724 1

78 889 119 916 se
138 889 171 914 z.
192 874 327 926 Temp.
349 875 385 913 d.
404 875 549 926 Jupiter
569 874 728 915 Ammon

74 946 112 985 p.
133 934 225 975 121.
254 932 325 971 Hic
340 932 434 970 enim
453 933 490 969 in
512 933 638 984 templi
654 933 728 972 Ae-

75 989 257 1040 gyptiaci,
287 989 387 1039 quod
414 988 566 1026 Karnak
596 990 634 1027 in
665 1003 726 1027 ru-

74 1045 221 1084 deribus
249 1050 328 1093 est,
356 1045 551 1094 imaginem
577 1046 726 1094 invenit,

72 1102 135 1140 ubi
159 1102 259 1140 iuxta
285 1114 411 1151 regem
442 1103 725 1151 sacerdotesque

72 1158 216 1210 puellae
253 1171 398 1208 quoque
433 1158 724 1209 conspiciuntur3

73 1215 112 1253 id
137 1215 239 1265 quod
265 1214 362 1252 haud
385 1214 513 1251 iniuria
533 1215 579 1251 ad
598 1215 723 1252 huius-

71 1272 172 1309 modi
196 1274 323 1322 stupra
353 1284 455 1309 sacra
478 1271 628 1309 relatum
657 1285 723 1309 vo-

70 1328 169 1376 lunt,
196 1328 294 1365 haud
311 1326 540 1378 improbante
550 1327 721 1366 Miintero

69 1384 92 1422 l.
120 1384 144 1422 l.
173 1397 259 1435 pag.
275 1387 340 1426 72.

126 1443 312 1491 κοιμᾶται
345 1439 388 1480 ἐν
423 1441 482 1494 τῷ
514 1440 588 1478 τοῦ
617 1437 719 1487 Διός

66 1499 139 1538 τοῦ
155 1495 350 1549 Θηβαιέος
367 1494 494 1550 γυνή]
529 1497 599 1534 His
621 1497 718 1535 adde

65 1555 257 1592 Strabonis
277 1554 394 1592 locum
409 1553 515 1592 XVII
547 1566 584 1603 p.
607 1555 713 1596 1171

66 1611 181 1660 (pag.
213 1612 316 1659 816,
350 1611 385 1648 D
431 1611 489 1648 ed.
521 1610 714 1658 Casaub.).

65 1667 147 1704 Alia
169 1668 310 1718 profert
328 1666 616 1715 WVesselingiuS,
635 1665 713 1702 lau-

64 1724 158 1760 dans
203 1723 400 1774 praecipue
447 1722 629 1760 Clericum
664 1723 714 1759 ad

62 1779 218 1818 Hesiod.
238 1779 274 1817 T
276 1780 435 1828 heogon.
453 1791 505 1816 vs.
524 1777 618 1819 940.

119 1830 278 1887 ἀνδρῶν
311 1832 498 1887 οὐδαμῶν
529 1834 570 1881 ἐς
609 1831 633 1874 o‘
641 1849 668 1885 μ
682 1848 713 1873 ι-

62 1891 179 1943 λίην
226 1891 441 1943 φοιτᾶν]
496 1893 643 1941 φοιτᾶν
671 1891 708 1927 in

59 1949 168 1987 rebus
190 1950 355 1987 venereis
371 1954 448 1986 tum
474 1949 522 1986 de
537 1948 613 1985 viro
632 1951 710 1984 tum

62 2005 110 2044 de
128 2006 263 2043 femina
278 2006 471 2052 usitatum,
499 2003 624 2055 plures
653 2008 709 2041 te-

61 2065 201 2099 stantur
213 2062 304 2109 loci3
329 2062 403 2099 vid.
423 2062 482 2109 ΙΙ,
512 2063 602 2102 111.
627 2060 707 2102 115

60 2118 182 2168 ibique
204 2120 366 2156 Gronov.
385 2123 421 2156 et
431 2117 633 2166 Schweigh.
644 2116 708 2165 IV,

62 2177 85 2215 1
106 2175 193 2226 ibiq.
207 2175 424 2213 Valckenar.
448 2174 590 2218 Quibus
611 2173 707 2211 aliud

48 2229 128 2269 Cr.
159 2233 282 2270 adiicit
321 2230 524 2281 exemplum
565 2243 587 2268 e
617 2229 708 2267 Plu-

58 2288 169 2326 tarch.
186 2288 383 2340 Symposs,v
403 2287 488 2325 VIII
510 2299 600 2337 pag.
622 2288 706 2328 718

58 2356 144 2394 pag.
171 2348 254 2387 960
278 2345 467 2394 Wyttenb.
495 2366 551 2371 —
573 2342 705 2381 Fuisse

58 2405 179 2438 autem
206 2402 271 2439 has
301 2401 470 2439 mulieres
505 2412 629 2437 earum
659 2412 703 2438 ex

59 2468 215 2505 genere,
253 2470 347 2507 quae
369 2452 609 2509 ἱεροδούλων
636 2469 705 2493 no·-

59 2511 154 2550 mine
171 2526 237 2564 per
251 2514 384 2551 multas
409 2514 580 2563 regiones
595 2511 707 2551 Asiae

62 2571 173 2616 atque
181 2569 294 2620 ipsius
306 2570 482 2608 Graeciae
501 2574 705 2618 occurrunt,

61 2622 159 2661 haud
189 2626 315 2674 negari
346 2628 491 2678 poterit.
545 2626 605 2664 De
632 2639 704 2675 qua

62 2691 102 2716 re
136 2692 180 2717 eo
216 2683 331 2718 minus
364 2684 552 2733 disputare
586 2682 705 2730 velim,

61 2747 134 2783 quo
152 2735 267 2774 acrius
284 2742 410 2776 nostra
426 2739 623 2776 admodum
641 2752 705 2777 ae-

63 2794 138 2827 tate
163 2796 220 2829 est
252 2793 490 2844 disceptatum
519 2796 612 2835 inter
635 2796 705 2832 do-

61 2848 139 2882 ctos
163 2847 427 2888 Berolinenses.
483 2851 575 2900 Hic,
610 2865 706 2902 quae

61 2914 142 2939 cum
183 2902 404 2944 Herodoteis
439 2912 705 2959 comparentur,

794 877 950 929 paucula
999 878 1214 917 adscribam.
1294 877 1450 918 Faciimt

795 934 892 972 enim
919 934 989 972 hue
1019 931 1237 987 ἱερόδουλοι
1263 932 1447 974 Anaitidis

793 988 1008 1039 Armeniae,
1045 993 1092 1030 de
1120 993 1252 1042 quibus
1283 992 1447 1031 Creuze-

792 1059 854 1083 rus
892 1047 1061 1086 disseruit
1094 1048 1132 1085 in
1178 1048 1374 1098 Symbolic.
1409 1049 1446 1087 Π

790 1115 877 1153 pag.
894 1106 970 1150 26,
1005 1104 1207 1154 itidemque
1235 1105 1446 1144 Comanen-

790 1172 850 1196 ses
875 1156 1091 1211 ἱερόδουλοι
1117 1174 1183 1198 sex
1203 1160 1302 1199 mille
1335 1162 1443 1209 (ibid.

789 1228 826 1264 p.
847 1218 901 1257 28
923 1217 1061 1266 seqq.)‚
1092 1216 1163 1254 alia
1202 1229 1298 1267 quae
1322 1218 1443 1267 attigit

788 1271 885 1309 idem
906 1273 1109 1312 Creuzerus
1126 1272 1149 1311 l.
1171 1272 1194 1310 l.
1215 1273 1231 1310 I
1252 1285 1338 1324 pag.
1358 1277 1441 1318 250

787 1332 865 1365 not.
898 1331 972 1376 13,
1014 1333 1052 1367 ut
1087 1328 1228 1367 Isiacae
1261 1332 1442 1369 saci-ariae

788 1384 883 1421 lenae
907 1385 943 1422 in
976 1386 1064 1423 urbe
1082 1386 1274 1434 Romana,
1305 1386 1439 1424 Corin-

786 1441 943 1478 thiorum
961 1441 1122 1479 instituta
1136 1441 1383 1493 ἷεροὸουλίας
1401 1447 1439 1482 et

784 1496 1024 1535 Hetaerarum
1050 1499 1204 1537 societas
1234 1498 1387 1537 Athenis
1415 1512 1438 1537 a

782 1554 921 1592 Solone
940 1555 1148 1593 constituta.
1189 1555 1294 1599 Quae
1314 1555 1438 1594 omnia

782 1610 821 1646 id
839 1623 948 1648 unum
969 1611 1148 1659 evincunt,
1159 1624 1233 1648 non
1252 1611 1437 1662 singulare

781 1667 968 1716 quoddam
998 1667 1113 1705 videri
1134 1668 1203 1705 hoc
1230 1668 1437 1707 institutum

780 1724 827 1760 de
845 1723 1051 1761 mulieribus
1071 1724 1183 1760 sacris
1202 1723 1240 1761 in
1251 1723 1433 1762 Belitem-

778 1778 862 1830 plo,
891 1792 1012 1817 verum
1043 1792 1086 1817 ex
1112 1780 1292 1817 communi
1314 1781 1433 1829 genti-

778 1848 838 1872 um
873 1836 1068 1887 praecipue
1100 1835 1338 1873 Asiaticarum
1369 1851 1431 1874 su-

775 1893 1009 1942 perstitione,
1063 1905 1137 1941 qua
1180 1893 1340 1942 virgines
1378 1893 1431 1930 ita

775 1949 844 1986 diis
875 1952 1102 1986 consecratas
1132 1948 1331 1997 volueriut,
1359 1949 1429 1988 hoc

775 2018 858 2043 esse
873 2006 1124 2055 repetendum.

831 2058 952 2100 ἐπεοὶν
973 2058 1016 2100 δὲ
1034 2059 1208 2113 γένηται]
1226 2074 1276 2098 sc.
1288 2058 1319 2112 ἦ
1334 2056 1428 2113 πρό-

776 2132 935 2169 μαντιςς
963 2117 1100 2168 quando
1119 2118 1252 2155 scilicet
1263 2117 1427 2168 fatidica

774 2174 873 2211 adest
909 2174 1068 2211 sacerdos
1103 2174 1311 2224 maculaque
1341 2175 1425 2213 edit.

774 2230 903 2269 Refert
928 2232 1022 2269 enim
1051 2231 1200 2269 Servius
1229 2231 1275 2267 ad
1294 2231 1423 2281 Virgil.

772 2286 864 2325 Aen„
888 2288 950 2335 IV,
984 2288 1086 2335 143,
1125 2287 1331 2338 Apollinem
1359 2301 1424 2327 sex

771 2344 956 2381 mensibus
982 2343 1196 2382 hiemalibus
1223 2345 1323 2394 apud
1347 2344 1422 2381 Pa-

770 2404 871 2448 tara,
915 2400 1052 2449 Lyciae
1087 2401 1288 2448 civitatem,
1334 2401 1423 2439 dare

768 2469 960 2506 responsa,
977 2458 1075 2495 unde
1093 2457 1293 2494 Pataraeus
1306 2455 1421 2507 Apol-

772 2512 807 2549 lo
829 2513 989 2561 dicatur,
1019 2526 1083 2551 sex
1104 2513 1290 2552 mensibus
1310 2514 1422 2550 aesti-

771 2570 827 2606 vis
856 2570 955 2620 apud
982 2569 1127 2607 Delum.
1182 2568 1242 2607 De
1261 2569 1422 2619 Apolline

772 2625 888 2676 Lycio
930 2626 1067 2663 consul.
1112 2626 1335 2664 Creuzerum
1382 2627 1421 2664 iu

772 2681 934 2731 Symbol.
974 2682 1034 2731 II,
1067 2683 1148 2723 136
1185 2695 1290 2732 seqq.
1327 2678 1420 2734 πρό-

772 2754 910 2790 μαντις
929 2740 1059 2777 eadem
1083 2738 1234 2789 Delphis
1254 2739 1420 2787 occurrit,

771 2808 839 2833 nec
857 2795 980 2833 differt
1007 2795 1273 2844 significatione
1290 2807 1313 2832 a
1330 2808 1421 2833 voce

770 2855 992 2902 προφῆτις,
1023 2864 1243 2901 quamquam
1269 2851 1328 2888 alii
1361 2851 1419 2887 di-

770 2908 909 2958 stingui
922 2908 1148 2947 contendunt
1167 2907 1262 2945 inter
1281 2910 1418 2944 utram-
