1805 3315
663 238 879 277 CLIO.
936 238 963 275 1.

1394 240 1475 282 10⁴1

182 356 346 408 »τοῦδε
377 354 458 395 τοῦ
485 351 627 394 κακοῦ
657 348 819 400 αἴτιος,
870 347 907 390 εἰ
937 347 994 404 μὴ
1018 346 1127 390 ὅσον
1150 345 1291 390 ἀέκων
1308 346 1519 404 ἐξεργὰ-ὃὸ

180 444 321 486 ,,σαο·
351 429 458 473 ἀλλὰ
477 431 597 472 θεῶν
618 444 701 471 κου
723 444 809 480 τις,
842 425 890 477 ὅς
913 443 989 482 μοι
1019 427 1092 469 καὶ
1122 425 1257 470 πάλαι
1284 426 1472 484 προεσή-

180 525 337 568 ,,μαινε
365 507 416 551 τὰ
435 507 645 563 μέλλοντα
671 506 885 550 ἔσεσθαι.“
915 509 1110 561 Κροῖσος
1129 505 1210 561 μέν
1228 522 1312 549 νυν
1335 506 1472 559 ἔθαψε

155 590 236 639 4ὦς
259 587 376 637 οἰκὸς
399 581 454 642 ἦν
473 585 552 629 τόν
578 585 748 629 ἑωυτοῦ
769 588 918 629 παῖδα.

967 584 1209 642 ’Ἄδρηστος
1235 585 1280 628 δὲ
1309 584 1332 629 ὁ
1358 590 1469 640 Γορ-

176 670 275 711 ὁίεω
297 672 377 709 τοῦ
399 668 575 719 Μίδεω,
609 660 740 717 οὗτος
767 665 818 721 δή
848 664 871 708 ὁ
905 665 1069 722 φονεύς
1100 665 1179 720 μὲν
1198 669 1279 707 τοῦ
1301 665 1470 710 ἑωυτοῦ

172 745 390 801 ἀδελφεοῦ
437 744 694 802 γενόμενος,
748 743 915 803 φονεύς
963 743 1010 789 δὲ
1046 747 1128 788 τοῦ
1173 744 1516 802 καθήραντος,9ο

172 825 263 869 ἐπεί
280 841 325 869 τε
345 823 500 883 ἡσυχίη
530 829 619 870 τῶν
642 822 894 880 ἀνθρώπων
925 823 1093 881 ἐγένετο
1122 824 1220 879 περὶ
1253 823 1303 868 τὸ
1340 829 1469 882 σῆμα,

173 904 578 961 συγγινωσκόμενος
612 904 861 961 ἀνθρώπων
912 901 1024 947 εἶναι
1062 906 1149 946 τῶν
1183 902 1315 956 αὐτὸς
1351 903 1469 961 ἤειδε

175 984 665 1041 βαρυσυμφορώτατος,
705 983 871 1029 ἑωυτὸν
900 982 1239 1040 ἐπικατασφάζει
1279 989 1340 1041 τῷ
1365 983 1468 1042 τύμ-

187 1182 362 1248 Κροῖσος
380 1179 450 1232 μέν
471 1195 546 1220 νυν
567 1179 702 1231 ἔθαψε
725 1195 781 1227 ως

130 1233 241 1283 οἶκος
269 1253 322 1288 ην
355 1235 426 1276 τόν
457 1236 608 1277 ἕωυτοῦ
633 1235 781 1287 παῖδα]

131 1291 241 1340 οἰκός
259 1294 420 1364 ’retinui‚
470 1307 548 1331 culn
577 1294 656 1331 libri
690 1306 784 1330 non-

127 1351 214 1388 nulli
234 1346 360 1396 εἰκος,
394 1351 468 1387 bini
495 1350 591 1387 alii’
575 1347 703 1396 εοικὸς
722 1362 784 1387 ex-

128 1407 287 1444 hibeant.
317 1406 358 1443 ln
379 1407 561 1443 Sanc-roffi
579 1408 670 1444 libro
690 1407 785 1443 huuc

127 1464 165 1500 in
181 1463 330 1500 modum
351 1464 567 1500 constitutus
596 1463 653 1501 hic
685 1463 784 1500 locus

127 1520 279 1569 legitur:
304 1522 487 1590 Κροῖσος
499 1535 545 1570 με
529 1518 571 1559 ’ν
592 1536 671 1559 νιν
691 1519 783 1559 ε’θα-

127 1586 208 1626 ψε,
240 1591 293 1622 ως
325 1572 428 1624 εἰκὸς
460 1577 514 1626 ἠν
539 1575 680 1627 θάψαι
713 1591 785 1616 τον

129 1633 281 1673 ἑωυτοῦ
302 1633 446 1682 παῖδα·
474 1635 573 1682 quod
592 1648 666 1671 non
682 1647 785 1684 sper-

129 1690 290 1727 nendum
311 1663 501 1726 vidobaiur
523 1690 785 1739 lVesselingio,

129 1760 210 1784 cuin
243 1747 427 1797 scriptoris
457 1747 548 1783 mori
571 1747 662 1785 haec
679 1760 786 1797 repe—

128 1804 207 1840 titio
235 1803 361 1852 utique
392 1803 622 1852 conveniret,
651 1808 691 1841 ut
723 1803 786 1851 VI,

131 1861 223 1902 109.
253 1859 330 1908 ΙΧ,
364 1862 427 1901 11.

185 1926 270 1967 ἐπεί
292 1942 332 1966 τε
352 1925 498 1979 ’ἡσυχίη
520 1930 600 1967 τῶν
623 1923 782 1980 ἀνθρώ-

132 2000 222 2024 πων
235 1982 415 2055 ἐγένετο]
447 2014 471 2033 ,,
482 1986 581 2022 Infra
602 1985 677 2032 IX,
708 1987 782 2026 44:

129 2040 197 2081 καὶ
217 2039 246 2092 ἦ
259 2053 315 2080 συ
330 2056 351 2091 χ
365 2041 410 2092 ίη
430 2038 563 2081 ἐδόκεε
579 2038 732 2081 εἷναι-
741 2041 783 2082 ἐν

129 2094 259 2152 ὕπνῳ.
315 2098 397 2136 Nec
421 2098 525 2136 alitei
543 2098 650 2136 Plato
666 2099 724 2136 Re
747 2113 783 2149 p.

128 2154 226 2203 VIII,
241 2157 340 2205 16p.
354 2155 434 2197 566
450 2156 531 2193 infr
554 2155 783 2250 etPlutarth.

130 2212 178 2249 de
205 2211 349 2249 oracull.
370 2213 503 2250 defect.
535 2226 573 2263 Ι).
594 2212 702 2260 412,

129 2283 183 2319 ἠν
206 2265 248 2307 δὲ
261 2271 341 2307 τῶν
354 2266 482 2308 ἄλλων
502 2286 527 2322 η
542 2281 595 2309 συ
608 2285 629 2321 χ
642 2270 656 2309 ἰ
670 2285 694 2308 α
716 2266 784 2309 δια

131 2339 206 2376 την
232 2321 353 2377 ὥραν.
357 2327 380 2345 “
413 2326 478 2364 Cr.

187 2391 337 2445 ἐγένετο
358 2392 448 2446 περὶ
467 2389 510 2433 τὸ
532 2392 665 2445 σῆμα]
696 2392 786 2446 περὶ

129 2449 398 2498 melioreslibri,
418 2463 512 2501 quos
531 2456 676 2489 secutus
687 2464 787 2498 sum3

132 2504 334 2559 θΙίἰιταροῖ
356 2504 401 2548 τό
419 2510 552 2558 σῆμας
582 2507 688 2555 male,
707 2521 787 2545 cum

131 2561 202 2600 hoc
224 2564 362 2602 valeat:
393 2567 524 2612 „circa
549 2565 786 2614 sepulcrum.“

135 2619 287 2658 —Mox
304 2618 414 2671 ἤειδε
434 2622 561 2672 optimi
577 2622 677 2667 libri3
693 2635 786 2658 unus

136 2674 269 2714 alterve
285 2674 387 2728 εἶδε,
405 2678 622 2717 Schaeferus
641 2673 785 2729 ηἐίδεε,

136 2728 350 2771 Homericos
375 2737 501 2773 forsan
532 2735 632 2772 locos
667 2736 785 2786 respi-

139 2785 255 2834 ciens,
283 2802 374 2838 quos
396 2791 444 2828 ad
464 2790 655 2829 lectionem
677 2789 788 2842 ἤειδε

138 2844 309 2881 tuendam
351 2847 521 2885 attulerat
566 2849 788 2897 Wesseling.

139 2896 240 2936 mad.
261 2899 386 2952 XXII,
407 2907 488 2947 280
518 2905 600 2954 (ubi
620 2901 788 2957 ηἐίδεις)

852 1183 888 1219 et
911 1178 1049 1226 odyss.
1068 1177 1143 1226 IX,
1156 1178 1238 1220 205
1258 1176 1511 1231 (ιώὶἥείδει).

852 1234 913 1272 Tu
933 1235 1016 1271 xide
1036 1234 1167 1271 Matth.
1187 1236 1251 1272 Gr.
1279 1236 1344 1273 Gr.
1369 1236 1405 1287 ξ.
1430 1239 1511 1279 231

851 1304 937 1343 pag.
970 1291 1064 1332 451.
1099 1293 1193 1333 452.
1223 1291 1434 1330 Buttmann.
1470 1294 1510 1331 in

851 1347 1039 1385 Ausfnhrl.
1090 1348 1291 1385 Grammat.
1346 1348 1383 1400 ἓ.
1433 1352 1514 1391 109

852 1418 938 1456 pag.
967 1406 1060 1446 569.
1118 1404 1251 1442 Struve
1288 1405 1326 1441 in
1354 1406 1512 1456 Specim.

855 1461 1006 1504 Quaest.
1036 1461 1125 1498 Her.
1152 1474 1238 1512 pag.
1272 1465 1324 1503 21
1351 1463 1399 1501 de
1424 1475 1513 1501 voce

853 1515 962 1569 ἤειδε
985 1517 1152 1554 dubitare
1172 1518 1325 1555 videtur.

923 1570 1369 1627 βαρυσυμφορώτατος]
1417 1575 1439 1612 i.
1480 1589 1513 1614 e.

854 1633 1005 1668 omnium
1038 1630 1140 1680 longe
1173 1632 1511 1670 calamitosissimus.
1568 1669 1571 1672 Α

853 1687 954 1725 Inest
973 1688 1010 1723 in
1031 1701 1118 1726 voce
1148 1688 1230 1738 ipsa
1251 1687 1513 1740 βαρυσύμφο-

853 1759 921 1796 ρος
941 1744 1086 1780 maioris
1119 1744 1269 1781 alicuius
1299 1745 1512 1783 calamitatis

852 1802 954 1839 notio
986 1813 1028 1838 ac
1054 1801 1128 1849 vis,
1167 1814 1262 1850 quae
1291 1802 1513 1850 superlativo
1564 1808 1570 1813 “

852 1874 946 1911 adeo
972 1876 1136 1921 augetur.
1167 1857 1388 1925 ΝᾶιᾸβ-αρυ
1414 1872 1514 1910 haud

851 1930 977 1981 paucis
1008 1929 1127 1965 verbis
1159 1929 1340 1966 adiectum
1371 1942 1512 1978 augen-

853 1987 923 2024 dae
941 1985 1217 2034 significationis
1239 1998 1350 2023 causa
1362 2015 1372 2033 ,
1394 1990 1433 2021 ut
1450 1998 1514 2022 va·-

853 2043 944 2081 leat:
976 2042 1100 2089 valde,
1131 2045 1327 2093 copiosum,
1349 2042 1510 2080 multum.

851 2099 964 2137 Plura
998 2099 1071 2135 dixi
1101 2099 1139 2138 in
1170 2099 1345 2138 Creuzeri
1367 2098 1509 2137 Melett.

851 2156 904 2194 111
919 2168 1008 2207 pag.
1027 2154 1093 2198 44-

910 2238 1059 2264 εωυτον
1105 2218 1418 2274 ἐπικατασφαζει
1455 2238 1510 2262 τω

852 2276 1016 2334 τύμβῳ]
1063 2281 1106 2318 Iu
1146 2282 1258 2319 verbo
1306 2279 1512 2320 ἐπικατα-

854 2335 1021 2388 σφαζειν
1049 2342 1179 2375 notare
1199 2338 1298 2374 iuvat
1316 2338 1389 2375 vim
1405 2350 1513 2389 prae-

852 2396 1045 2447 positionis
1074 2392 1162 2443 ἐπὶ,
1202 2395 1276 2445 qua
1299 2398 1374 2432 est:
1412 2407 1513 2444 super

856 2452 996 2502 aliquid
1024 2451 1213 2500 iugulare,
1243 2455 1396 2488 mactare
1427 2451 1515 2500 (ali-

857 2510 998 2558 quem),
1017 2512 1056 2545 ut
1078 2508 1228 2557 sanguis
1244 2521 1402 2558 superne
1421 2521 1514 2556 qua-

857 2567 889 2602 si
912 2565 1103 2603 delabatur
1132 2566 1181 2602 ad
1206 2568 1351 2602 terram.
1410 2564 1514 2602 Idem

856 2623 1026 2669 verbum,
1064 2625 1216 2659 notante
1249 2620 1514 2670 Ivesseliugio,

854 2679 892 2717 in
899 2678 1082 2716 Plutarch.
1093 2677 1223 2715 Moral.
1239 2678 1312 2727 (II)
1319 2691 1405 2729 pag.
1417 2681 1514 2725 772,

856 2737 912 2773 C:
953 2733 976 2775 ό
1009 2732 1051 2773 δὲ
1090 2730 1278 2786 Στράτων
1328 2736 1515 2786 φανερῶς

856 2789 1167 2842 ἐπικατέσφαξεν
1188 2787 1330 2831 ἑαυτὸν
1347 2793 1398 2845 τῇ
1416 2805 1514 2842 παρ-

857 2848 981 2903 θένῳ.
1010 2871 1067 2877 —-
1103 2849 1214 2900 Apud
1244 2849 1449 2887 Diodorum
1477 2848 1514 2884 ln

859 2906 1050 2959 Exceiptis
1074 2911 1192 2945 exstat
1211 2905 1468 2957 κατέσφαξεν.
