1759 3324
543 249 966 291 EUTERPE.
1023 250 1071 288 11.

1347 255 1431 293 689

133 363 357 420 6μέγαθος
383 361 492 406 κατὰ
518 363 671 416 μῆλον.
706 358 825 403 Ἕστι
856 359 902 404 δὲ
931 359 1005 403 καὶ
1035 357 1143 403 ἄλλα
1170 361 1321 415 κρίνεα
1352 360 1429 419 ῥό-

163 446 276 487 δοισι
304 440 512 497 ἐμφερέα,
539 438 586 481 ἐν
615 442 677 497 τῷ
712 442 896 496 ποταμῷ
924 437 1135 495 γινόμενα
1163 440 1237 483 καὶ
1265 444 1426 484 ταῦτα·

160 522 202 574 ἐξ
233 515 294 563 ὧν
327 519 348 563 ὁ
384 517 549 572 καρπὸς
587 518 634 562 ἐν
671 516 776 575 ἄλλῃ
813 516 972 562 κοέλυκι
1014 519 1338 576 παραφυομένῃ
1381 521 1429 564 ἐκ

159 603 234 656 τῆς
264 600 380 655 ῥίζης
421 600 605 653 γίνεται,
663 600 801 655 κηρίῳ
838 602 1022 655 σφηκῶν
1058 598 1178 654 ἰδέην
1220 596 1426 655 ὁμοιότα-

129 687 248 722 7τον.
282 679 327 721 ἐν
356 677 498 737 τούτῳ
529 677 698 733 τρωκτά
735 677 843 722 ὅσον
881 694 926 722 τε
955 677 1098 734 πυρὴν
1137 677 1281 735 ἐλαίης
1312 680 1482 735 {pyt-33

157 774 277 801 νεται
314 756 462 814 συχνά.

521 756 729 813 τρώγεται
770 757 816 802 δὲ
861 757 934 802 καὶ
979 755 1123 801 ἁπαλοὶ
1168 762 1306 802 ταῦτα
1351 759 1426 803 καὶ

127 832 256 880 8αὗα.
293 838 382 894 Τὴν
413 838 458 882 δὲ
488 837 655 895 βύβλον
685 836 764 895 τήν
794 836 983 882 ἐπέτειον
1011 838 1265 895 γινομένην,
1296 838 1426 883 ἐπεὰν

98 1045 197 1093 κέως
215 1047 429 1097 reponenda
448 1051 555 1085 esset.
574 1042 758 1099 Ἐγγλύσ-

100 1117 183 1143 σειν
196 1104 350 1151 (dulcem
368 1106 455 1149 esse)
477 1105 687 1143 neutraliter
700 1104 757 1141 hic

98 1162 360 1210 accipiendum.
377 1162 664 1210 -Sequeutiat
688 1158 757 1199 ἐόν

99 1213 338 1269 στρογγύλον
366 1218 553 1267 pertinent
582 1219 629 1254 ad
656 1217 756 1254 radi-

98 1288 199 1320 cem,
235 1275 382 1311 mininie
409 1288 495 1311 vero
517 1275 563 1310 ad
587 1275 652 1311 loti
680 1276 757 1311 sru-

96 1335 192 1368 ctum
213 1345 240 1367 s.
273 1344 388 1379 grana
411 1344 520 1380 snpra
541 1335 752 1368 memorata.

96 1387 285 1424 simillimo
314 1388 425 1424 modo
452 1388 487 1423 in
526 1402 630 1437 seqq.
665 1388 754 1424 dixit

95 1439 330 1495 ὁμοιότατον
351 1448 480 1481 neutro
499 1457 646 1492 genere,
671 1457 752 1481 cum

95 1502 143 1538 ad
164 1497 316 1551 καρπός
347 1501 523 1537 referatur
538 1530 547 1547 ‚
577 1501 675 1537 haud
695 1502 752 1538 in-

93 1559 277 1607 frequenti
308 1562 432 1594 tamen
462 1558 561 1608 apud
584 1558 749 1595 Graecos

94 1615 238 1652 dicendi
256 1615 378 1651 modo.

151 1669 327 1722 μέγαθος
353 1666 452 1709 κατα
480 1668 631 1721 μῆλον]
692 1670 751 1709 De

94 1724 192 1766 κατὰ
216 1728 498 1778 praepositionis
517 1741 583 1765 usu
604 1729 700 1764 conf.
722 1727 750 1776 I,

96 1786 187 1825 121.
219 1784 275 1831 ΙΙ,
299 1787 360 1824 10.

151 1839 191 1887 ἐξ
204 1834 260 1878 ὧν
285 1838 308 1879 ό
324 1836 477 1890 καρπός
498 1838 540 1879 ἒν
560 1836 657 1893 ἄλλῃ
679 1834 750 1878 κά-

92 1899 182 1936 λυκι
210 1895 503 1950 παραφυομένῃ
535 1896 577 1936 ἐκ
596 1899 666 1947 τῆς
691 1897 748 1946 ῥί-

94 1956 160 2003 ζης
178 1952 351 2005 γίνεται]
384 1949 506 2000 κάλυξ
524 1954 581 1991 hic
597 1967 670 1990 non
692 1958 748 1991 est

92 2010 307 2047 Latinorum
336 2010 444 2060 calyx
478 2011 529 2058 (i.
550 2024 581 2048 e.
606 2010 747 2047 involu-

92 2081 191 2104 crum
217 2096 227 2115 ,
276 2068 377 2116 quod
409 2069 535 2104 florem
563 2067 655 2116 tegit
683 2071 746 2104 aut

91 2125 244 2161 fructum
272 2123 448 2171 includit,
479 2123 639 2171 Kelcl1)‚
680 2124 747 2161 sed

93 2181 139 2218 de
157 2180 271 2218 altero
291 2180 388 2217 cauli
419 2181 534 2228 (nosz
558 2180 704 2228 Stengel
713 2181 745 2229 )‚

93 2237 153 2286 qui
172 2238 270 2274 iuxta
301 2237 451 2274 alterum
472 2251 492 2274 e
518 2238 640 2274 radice
659 2250 748 2274 ena-

93 2293 200 2331 scitur
215 2323 226 2340 ,
262 2293 550 2341 intelligendum.
620 2294 746 2342 Hesy-

91 2350 187 2387 chius
208 2346 330 2398 κάλυξ
356 2351 442 2388 inde
473 2350 629 2400 explicat
651 2345 745 2400 βλά-

93 2417 229 2456 στημα.
259 2407 309 2444 Et
330 2408 488 2457 probant
511 2407 599 2444 haec
618 2406 682 2444 loti
702 2407 746 2445 fi-

91 2475 204 2511 gurae
226 2467 262 2500 et
277 2465 422 2511 icones,
446 2477 536 2513 quas
558 2464 643 2500 citat
652 2463 746 2501 Lar-

92 2519 218 2556 cherus
252 2521 299 2557 ad
325 2520 360 2557 h.
389 2520 426 2568 l.⁷
457 2521 513 2557 cui
534 2521 643 2558 etiam
669 2521 745 2557 suf-

91 2575 254 2623 fragatur
271 2577 432 2615 Heeren.
451 2577 473 2615 l.
495 2577 518 2614 l.
541 2590 627 2628 pag.
647 2578 743 2618 358.

93 2630 187 2671 359.

148 2684 273 2739 κηρίῳ
295 2690 462 2738 σφηκῶν
477 2687 587 2740 ἰδέην
606 2683 744 2740 ὅμοιό-

93 2741 233 2792 τατον]
263 2744 321 2780 Ad
342 2743 452 2796 ἰδέην
475 2748 568 2783 conf.
588 2746 644 2792 ΙΙ,
674 2748 742 2787 71.

93 2797 232 2848 Vespas
252 2799 308 2836 hic
337 2813 424 2851 apes
446 2803 541 2840 feras
572 2803 642 2840 dici
669 2803 745 2840 exi-

94 2854 215 2890 stimat
235 2855 392 2893 Heeren.
412 2857 433 2893 l.
456 2859 479 2895 l.
525 2859 627 2902 Quos
647 2859 744 2896 enim

92 2910 163 2946 favi
186 2911 317 2947 forulos
341 2913 478 2951 habent
497 2915 546 2952 ad
569 2915 640 2953 mel
667 2928 744 2953 ser-

143 2964 352 3006 HERoDoT.
383 2969 411 3007 Ι.

824 1048 984 1084 vandum
997 1076 1008 1094 ‚
1039 1047 1188 1085 eosdem
1207 1048 1245 1084 in
1264 1047 1340 1085 loto
1354 1048 1480 1087 videre

823 1103 906 1141 licet
931 1104 979 1140 ad
1009 1117 1126 1152 grana
1150 1105 1352 1152 servanda,
1383 1118 1480 1154 quae

823 1161 904 1210 ipsa
925 1162 1049 1209 granis
1069 1160 1244 1210 oleaginis
1265 1175 1415 1211 prorsus
1432 1163 1480 1199 si-

823 1217 921 1254 milia
941 1221 1096 1254 testatur
1119 1218 1215 1255 idem
1231 1218 1436 1255 Heerenius
1456 1219 1478 1256 l.

823 1273 845 1311 l.
864 1287 950 1323 pag.
970 1274 1064 1315 359.
1081 1295 1128 1301 -—
1162 1271 1295 1325 πυρήν
1313 1275 1350 1311 in
1373 1288 1479 1326 seqq.

823 1335 881 1368 est
898 1343 1051 1378 granum
1063 1359 1073 1378 ‚
1103 1331 1258 1367 nucleus.

877 1383 951 1438 τη“ν
971 1384 1013 1425 δὲ
1036 1383 1188 1438 βύβλον
1207 1384 1280 1437 τὴν
1303 1385 1479 1428 ἐπέτειον

820 1441 1037 1495 γινομένην
1055 1442 1068 1494 ]
1125 1445 1266 1482 Reddit
1301 1445 1391 1482 haec
1426 1446 1478 1483 ita

819 1500 1203 1549 Schweighaeuserus:
1221 1530 1245 1548 „
1256 1501 1394 1551 hyblam
1419 1502 1477 1549 (id

819 1561 875 1594 est
891 1559 1100 1607 papyrum),
1123 1570 1213 1608 quae
1233 1560 1420 1608 quotannis
1440 1561 1477 1596 in

812 1613 1005 1662 paludibus
1025 1616 1221 1651 nascitur.“
1270 1615 1476 1652 Larcherus

817 1670 962 1708 liberius
987 1671 1077 1708 haec
1104 1684 1155 1707 ua
1182 1672 1377 1720 expressit:
1409 1671 1476 1718 „le

818 1727 942 1777 byblus
968 1730 1018 1763 est
1046 1740 1113 1764 une
1132 1727 1256 1776 plante
1276 1728 1476 1765 annuelle.“

819 1784 1052 1832 Quamquam
1073 1784 1169 1820 haud
1193 1784 1373 1831 diffiteor,
1394 1798 1475 1822 ver-

818 1839 865 1876 ba
882 1836 956 1889 τὴν
968 1838 1142 1879 ἐπέτειον
1154 1839 1369 1892 γινομένην
1384 1842 1473 1878 mihi

815 1909 890 1933 non
909 1897 996 1933 satis
1018 1898 1188 1947 expedita
1215 1898 1349 1943 videri3
1378 1911 1473 1946 quae

814 1954 933 2003 ipsum
951 1953 1333 2002 Schweighaeuserum
1364 1955 1473 1992 etiam

813 2009 977 2046 nonnihil
1019 2010 1217 2048 offendisse
1264 2011 1471 2058 videantur,

816 2067 878 2115 qui
898 2066 967 2102 hoc
984 2065 1034 2102 ita
1054 2067 1188 2103 dictum
1207 2070 1335 2116 putat,
1366 2068 1472 2116 quasi

814 2123 1021 2171 significare
1041 2122 1179 2160 Noster
1196 2123 1361 2170 voluerit,
1378 2125 1470 2161 duas

815 2183 877 2217 aut
898 2179 1020 2229 plures
1047 2193 1130 2217 esse
1161 2180 1293 2229 papyri
1319 2181 1471 2229 species,

814 2249 968 2285 quarum
989 2248 1060 2272 una
1090 2234 1262 2282 ἐπέτειος
1289 2236 1356 2283 sit,
1388 2236 1471 2273 reli-

814 2306 910 2342 quae
930 2305 1005 2329 non
1025 2293 1086 2330 ita.
1143 2292 1186 2329 In
1206 2306 1279 2341 quo
1297 2305 1355 2329 me
1373 2296 1471 2331 certe

813 2362 889 2386 non
918 2349 1179 2387 assentientem
1199 2349 1369 2395 habebit3
1403 2349 1471 2399 by-

814 2405 911 2443 blum
932 2406 1053 2443 malim
1078 2405 1282 2454 intelligere
1311 2409 1470 2454 quotan-

813 2463 870 2499 nis
892 2466 1122 2509 nascentem,
1137 2463 1190 2499 ita
1207 2466 1247 2498 ut
1267 2461 1365 2510 bybli
1388 2461 1470 2512 plu-

812 2532 870 2557 res
887 2531 1003 2556 annos
1021 2523 1132 2557 natae
1144 2531 1248 2555 usum
1269 2519 1317 2555 ad
1334 2518 1469 2557 victum

813 2576 947 2613 scilicet
972 2588 1108 2624 negare
1135 2574 1273 2613 Noster
1301 2574 1467 2613 voluerit.

811 2633 890 2670 Sed
926 2645 974 2670 ne
1006 2632 1096 2669 haec
1135 2632 1284 2681 quidem
1312 2628 1468 2681 ‘prorsus

811 2689 1016 2736 sufficiant3
1064 2688 1213 2726 videant
1249 2689 1296 2724 de
1326 2688 1380 2723 his
1409 2700 1470 2725 me

810 2746 999 2796 peritiores
1012 2775 1023 2793 ‚
1044 2757 1199 2794 quorum
1216 2743 1387 2780 iudicium
1405 2756 1469 2781 ex-

816 2806 952 2852 specto.
1010 2801 1104 2839 Illud
1123 2813 1209 2839 vero
1238 2800 1296 2837 vix
1317 2813 1468 2838 monere

813 2859 964 2906 attinet,
1009 2858 1243 2895 Herodotum
1281 2856 1338 2892 hic
1369 2855 1468 2904 loqui

813 2915 860 2953 de
890 2927 934 2952 ea
959 2914 1103 2966 planta,
1131 2926 1191 3010 ΣΞ
1213 2925 1285 2963 qua
1305 2924 1468 2963 papyrus
