1777 3324
595 264 1018 305 EUTERPE.
1071 265 1118 303 ΙΙ.

1338 267 1422 308 885

158 398 203 426 τε
237 383 301 439 ε’ίη
329 379 439 436 πρὸς
469 376 657 431 άνέμους
682 374 859 426 άντίους
878 373 1044 428 πλέειν,
1075 374 1126 417 τά
1146 375 1309 430 φορτία
1333 375 1422 419 ἔδεε

157 459 380 515 περιάγειν
407 458 453 501 ἐν
483 454 632 511 βάρισι
660 455 757 509 περὶ
786 455 835 498 τὸ
864 454 1028 507 Δέλτα,
1079 455 1201 509 μέχρι
1232 448 1287 498 οὗ
1321 451 1421 497 άπί-
1433 461 1478 495 55

156 554 276 581 κοιτο
307 537 350 587 ἐς
379 534 650 589 Ναύκρατιν.
704 535 821 578 οὕτω
851 533 930 589 μὲν
960 534 1012 590 δὴ
1044 533 1303 589 Ναύκρατις
1333 533 1420 577 ἐτε-

37 620 132 666 180
155 617 317 671 τίμητο.
343 613 675 671 Ἀμφικτυόνων
705 613 753 657 δὲ
781 613 1102 670 μισθωσάντων
1132 612 1210 657 τὸν
1237 613 1284 657 ἐν
1304 617 1418 657 Δελ-

1477 612 1652 648 Delphinum
1679 616 1753 642 tem-

1477 647 1559 681 plum
1604 648 1753 682 deflagra-

154 699 278 752 φοῖσι
316 698 402 738 νῦν
439 691 566 738 ἐόντα
598 692 706 749 νηὸν
733 694 995 749 τριηκοσίων
1035 691 1260 736 ταλάντων
1300 693 1416 748 ἐξερ-
1474 682 1754 751 ἒῖἓῖῗεαίιῗῗέᾒῖῧῗὲ

151 773 394 831 γάσασθαι·
426 772 467 829 (ὁ
496 772 582 829 γάρ
611 771 826 828 πρότερον
856 773 938 816 ἐὼν
971 770 1131 816 αὐτόθι
1162 771 1418 829 αὐτομάτως

151 854 359 911 κατεκάη·
397 851 500 903 τούς
530 851 736 907 Δελφούς
765 853 811 896 δὲ
852 852 1055 908 ἐπέβαλλε
1084 850 1419 908 τεταρτημόριον
1431 857 1475 892 60

151 937 233 978 τοῦ
262 932 544 990 μισθώματος
573 930 848 988 παρασχεῖν)
877 931 1157 988 πλανώμενοι
1179 931 1224 974 δὲ
1245 933 1288 975 οἱ
1308 936 1417 976 Δελ-

152 1015 232 1069 φοὶ
261 1014 358 1069 περὶ
387 1012 462 1064 τὰς
492 1011 644 1065 πόλις,
673 1011 955 1065 ἐδωτίναζον·
986 1014 1208 1062 ποιεῦντες
1236 1012 1282 1054 δὲ
1311 1015 1416 1055 τοῦ-

123 1100 227 1146 Ξτο,
259 1091 341 1136 οὐκ
370 1086 592 1148 ἐλάχιστον
626 1091 668 1144 ἐξ
701 1090 930 1147 Αἰγύπτου
961 1091 1193 1134 ἐνείκαντο.
1232 1089 1416 1147 ’Ἀμασις

150 1172 229 1227 μὲν
258 1170 340 1227 γάρ
373 1183 453 1228 σφι
484 1172 615 1216 ἔδωκε
653 1172 768 1227 χίλια
807 1172 1070 1227 στυπτηρίης
1110 1169 1320 1214 τάλαντα·
1372 1171 1416 1214 οἱ

151 1251 195 1294 δὲ
225 1251 272 1294 ἐν
302 1249 508 1308 Αἰγύπτῳ
540 1251 755 1303 οἰκέοντες
771 1250 995 1307 Ἕλληνες,
1031 1252 1166 1294 εἴκοσι
1194 1249 1339 1306 μνέας.

262 1490 294 1527 C
306 1501 376 1540 ap.
405 1487 595 1527 CLXXX.

148 1569 451 1626 ἐξεργάσασθαι]
473 1574 528 1611 Ita
549 1586 628 1612 cum
640 1574 747 1611 Gais-

91 1632 209 1669 fordio
241 1631 511 1668 rescribendum
540 1632 743 1668 censuimus

92 1701 158 1738 pro
203 1687 350 1736 vulgato
386 1684 634 1739 ἐξεργάσθαι.
702 1687 744 1724 In

91 1746 172 1794 ipso
192 1745 303 1781 verbo
326 1756 406 1780 eam
430 1744 502 1781 vim
523 1744 643 1782 inesse
663 1757 742 1781 cre-

90 1801 267 1847 diderim,
307 1812 417 1849 quam
453 1801 491 1837 in
530 1799 743 1847 ἐξοικοδο-

91 1860 179 1908 μεῖν
217 1862 253 1894 et
292 1855 485 1895 ἐκποιεῖν
521 1858 742 1894 advertimus

89 1926 200 1964 supra
217 1913 265 1960 ΙΙ,
282 1913 373 1954 175.
395 1916 487 1953 176.
499 1916 743 1964 -μισθοῦν

89 1970 146 2007 hic
165 1969 261 2007 valet
280 1969 416 2017 locare,
437 1970 569 2007 elocare
594 1971 743 2019 (aedem

90 2027 378 2075 exstruendam).

146 2081 167 2122 ὅ
189 2079 263 2134 γάρ
281 2079 476 2135 πρότερον
491 2104 538 2110 —
554 2079 739 2132 κατεκάη]

88 2139 146 2177 De
177 2141 295 2176 forma
330 2134 501 2186 κατεκάη
534 2141 660 2177 confer
691 2140 739 2176 sis

87 2195 223 2233 Matth.
243 2196 308 2233 Gr.
332 2197 398 2233 Gr.
426 2210 463 2246 p.
485 2196 589 2242 4673
617 2197 664 2234 de
683 2210 741 2233 ar—

88 2256 263 2301 gumento
295 2254 390 2290 conf.
421 2253 564 2290 Herod.
603 2253 639 2300 Ι,
673 2253 741 2300 50,

87 2309 148 2346 ubi
170 2308 294 2359 templi
320 2310 470 2348 cremati
499 2309 573 2346 iam
603 2310 740 2347 mentio

88 2369 165 2403 erat
183 2367 301 2413 facta3
331 2367 379 2404 de
399 2380 471 2415 quo
489 2366 534 2402 ab
550 2365 740 2403 Alcmaeo-

88 2421 182 2458 nidis
224 2423 426 2460 instaurato
474 2422 740 2471 l‘Vesselingius

89 2478 224 2515 consuli
245 2479 321 2516 vult
350 2480 440 2517 Her.
461 2479 514 2526 V,
537 2482 602 2521 62.
644 2479 741 2516 Pau-

89 2545 164 2570 san.
192 2534 249 2581 X,
279 2535 305 2577 5
339 2540 375 2573 et
408 2536 517 2573 Dion.
547 2535 672 2573 Petav.
702 2536 740 2573 in

89 2589 265 2628 Themist.
284 2604 335 2628 or.
356 2592 407 2629 IV
428 2606 464 2642 p.
486 2594 581 2633 391.
620 2592 671 2629 Et
693 2593 738 2630 cf.

90 2650 181 2682 nott.
198 2647 246 2683 ad
264 2647 302 2695 I,
323 2648 390 2689 50.
407 2669 464 2676 —-
487 2648 529 2685 In
550 2662 653 2698 seqq.
668 2662 736 2698 pro

89 2701 183 2751 vulg·
222 2702 406 2754 ἐπέβαλε
439 2705 618 2742 edidimus
657 2718 738 2742 cum

91 2757 205 2795 Gaisf.
227 2758 321 2811 ἐπέβ
335 2763 458 2799 αλλε.
515 2761 638 2810 Ipsum
657 2774 738 2798 ver-

91 2813 174 2851 bum
201 2815 236 2851 h.
268 2816 291 2853 l.
327 2817 617 2868 impersonaliter
658 2818 737 2855 fere

92 2872 254 2920 usurpari
291 2873 433 2910 videtur
467 2874 514 2911 de
548 2886 608 2921 e0,
646 2875 738 2923 quod

92 2929 266 2977 convenit,
296 2929 386 2979 quod
404 2931 600 2967 iniunctum
619 2934 682 2977 est,
706 2944 734 2968 s.

820 1460 910 1510 quod
931 1460 1119 1507 incumbit,
1150 1462 1326 1509 sequente
1352 1458 1473 1495 infini-

818 1518 891 1554 tivo
915 1522 951 1555 et
977 1517 1204 1563 accusativo,
1233 1516 1474 1565 quemadmo-

817 1574 904 1611 dum
935 1578 1018 1624 post
1055 1573 1292 1624 συμβαίνει,
1332 1572 1404 1610 alia
1434 1572 1473 1609 id

816 1643 954 1679 genus,
985 1630 1315 1667 animadvertimus.
1348 1629 1474 1673 Quare

811 1687 921 1723 nolim
959 1687 1116 1724 scribere
1151 1689 1234 1732 τοῖς
1283 1687 1472 1734 Δελφοῖς,

811 1744 863 1780 uti
887 1743 1089 1792 Schweigh.
1115 1743 1154 1780 in
1182 1743 1250 1780 lex.
1277 1742 1418 1780 Herod.
1442 1755 1471 1779 s.

811 1813 843 1836 v.
866 1813 902 1849 p.
923 1800 1004 1841 249
1029 1800 1231 1849 suspicatus
1252 1802 1320 1846 est,
1342 1811 1472 1847 quam-

813 1869 936 1906 quam,
967 1856 1027 1892 ubi
1048 1857 1168 1893 activo
1189 1868 1296 1892 sensu
1316 1867 1471 1905 usurpa-

813 1918 872 1950 tur
899 1913 1070 1960 verbum,
1101 1912 1263 1949 dativum
1289 1924 1471 1961 personae

812 1970 940 2018 utique
967 1970 1180 2009 adiunctum
1209 1969 1345 2015 habet,
1375 1971 1414 2004 ut
1440 1968 1470 2016 I,

815 2028 905 2067 106.
938 2025 1031 2072 Vll,
1053 2028 1117 2066 23.
1148 2025 1202 2062 Ac
1215 2025 1377 2075 pertinet
1399 2024 1470 2062 huc

813 2095 960 2132 quoque
989 2079 1032 2120 τό
1057 2077 1271 2132 ἐπιβάλλον
1301 2082 1380 2129 (sc.
1405 2079 1469 2131 μέ-

810 2140 899 2190 ρος)
924 2141 1060 2189 portio,
1092 2152 1180 2188 quae
1197 2138 1312 2175 alicui
1328 2138 1468 2186 obtigit,

806 2198 919 2246 portio
933 2197 1134 2232 conveniens
1159 2195 1226 2240 IV,
1248 2194 1340 2235 115.

865 2251 1094 2302 ἐνείκαντο]
1127 2252 1183 2288 lta
1209 2264 1288 2289 cum
1313 2254 1467 2288 recentt.

807 2310 977 2359 rescripsi
1005 2322 1074 2359 pro
1104 2308 1200 2357 vulg.
1236 2303 1467 2358 ἠνείκαντο.

863 2366 968 2416 χίλια
1006 2365 1247 2417 στυπτηρίης
1277 2359 1466 2413 τάλαντα]

809 2422 963 2460 Videtur
982 2422 1200 2460 intellexisse
1211 2421 1336 2458 Attica
1350 2421 1467 2457 talen-

809 2483 850 2516 ta
899 2492 1016 2528 eaque
1062 2478 1226 2528 vulgaria
1248 2506 1259 2525 ‚
1310 2490 1466 2526 quorum

808 2536 1094 2585 unumquodque
1135 2535 1326 2583 sexaginta
1359 2534 1467 2571 minis

807 2596 963 2629 constat.
994 2592 1077 2629 Vid.
1092 2591 1233 2629 Wurm.
1254 2591 1303 2628 de
1325 2591 1468 2639 pondd.

806 2652 890 2686 ratt.
917 2647 953 2700 ξ.
973 2650 1027 2690 28
1056 2660 1142 2699 pag.
1165 2647 1232 2688 47.
1288 2647 1466 2684 Almnz'nz's

806 2718 954 2754 quoque
975 2706 1137 2742 meminit
1158 2703 1315 2741 Diodor.
1335 2703 1380 2749 V,
1398 2706 1464 2750 10,

805 2762 869 2798 ubi
888 2761 1151 2810 VVesselingius
1183 2760 1252 2797 alia
1273 2759 1395 2796 attulit
1415 2760 1463 2796 de

804 2817 894 2855 locis
921 2830 964 2855 ac
988 2818 1221 2866 regionibus,
1250 2817 1348 2852 unde
1376 2828 1463 2864 pro-

805 2875 928 2911 veniat
954 2874 1118 2920 alumen,
1155 2874 1194 2909 in
1219 2886 1259 2910 re
1278 2872 1417 2909 medica
1440 2885 1462 2908 a

804 2931 987 2968 veteribus
1017 2930 1231 2968 adhibitum.
1270 2927 1367 2966 Nam
1386 2927 1463 2964 lau-

1475 747 1653 777 liberalitas.
