1759 3324
373 253 457 292 846
768 251 1235 290 HERODOTI

345 360 529 417 8μένων.
559 359 730 416 ἐποίησε
759 361 842 417 γὰρ
861 361 1061 415 ’Ἄρτεμιν
1091 358 1203 403 εἶναι
1233 358 1451 414 θυγατέρα
1481 358 1634 416 Λήμη-
1654 367 1694 399 11
1746 376 1747 379 “

375 457 488 494 '⁸909-
545 442 625 496 τὴν
666 441 711 483 δὲ
749 445 887 496 νῆσον
926 439 998 482 διὰ
1036 443 1166 482 τοῦτο
1204 438 1410 494 γενέσθαι
1451 436 1638 494 πλωτήν.

376 524 512 564 ταῦτα
539 520 618 574 μὲν
649 518 763 562 οὕτω
794 520 980 574 λέγουσι.

496 600 765 653 Ψαμμίτιχος
805 598 850 640 δὲ
898 599 1144 654 ἐβασίλευσε
1195 596 1422 652 Αἶγύπτου
1461 595 1639 648 τέσσερα

218 609 317 656 157

43 676 245 708 Psammitichi
272 684 319 703 re-

44 722 134 749 gnum
161 717 254 740 totuin
282 710 318 736 ab

43 757 72 776 a.
98 748 146 774 671
181 745 218 772 ad
254 744 318 771 617:

44 785 153 810 Azotus
182 778 249 806 urbs
268 786 320 804 au-

44 825 98 844 nos
116 813 321 843 x'xlx'obsessa,

46 855 75 877 et
95 853 191 883 capta.

377 679 450 722 καὶ
480 675 748 731 πεντήκοντα
780 676 893 719 ἔτεα·
930 681 1014 719 τῶν
1043 677 1094 719 τὰ
1126 675 1222 726 ἕυός
1254 675 1406 718 δέοντα
1437 674 1638 730 τριήκον-

379 774 453 808 τα,
484 754 697 807 ”Αζωτον,
737 759 813 810 τῆς
842 757 1009 810 Συρίης
1038 753 1227 810 μεγάλην
1256 753 1407 805 πόλιν,
1450 766 1641 806 προσκα-
1654 759 1696 793 15

350 835 563 892 Ξτήμενος
593 832 863 886 ἐπολιόρκεε,
900 832 942 884 ἐς
972 832 998 876 ὃ
1027 833 1164 884 ἐξεῖλε.
1198 834 1307 889 αὕτη
1337 833 1382 876 δὲ
1412 832 1640 889 ἡ’Ἀζωτος

379 1041 453 1095 τήν
478 1040 520 1082 δὲ
537 1044 666 1093 νῆσον
686 1038 751 1080 διὰ
782 1042 897 1080 τοῦτο
917 1054 976 1092 γε-

325 1100 471 1142 νέσθαι
491 1094 680 1149 πλωτήν]
718 1098 824 1135 Haec
853 1098 976 1143 verba,

327 1171 422 1209 quae
452 1157 629 1194 immerito
655 1154 869 1204 displicuere
893 1154 976 1189 viris

326 1215 444 1253 doctis
458 1213 689 1263 quibusdam,
707 1214 877 1261 repetunt
894 1223 978 1247 sen-

324 1272 475 1309 tentiam
493 1268 740 1320 principalem,
767 1281 845 1303 culn
867 1267 978 1303 multa

325 1328 397 1366 alia
433 1326 649 1377 interposita
687 1328 837 1370 essent,
886 1336 980 1372 quae

327 1384 517 1422 occasione
537 1382 645 1418 hacce
660 1381 802 1426 oblata,
833 1380 880 1416 ad
903 1392 980 1416 me-

326 1441 455 1479 liorem
508 1438 653 1476 fabulae
705 1436 979 1485 intelligentiam

325 1497 526 1549 praeterire
545 1494 660 1531 noluit
677 1498 781 1544 pater
798 1493 978 1529 historiae.

329 1554 456 1598 Quare
468 1551 683 1589 Schaeserus
699 1550 817 1587 verbis
836 1548 877 1587 ἐκ
890 1544 978 1587 τού-

324 1624 395 1649 του
420 1607 462 1648 δὲ
479 1629 534 1636 -
553 1603 766 1658 Δήμητρος
782 1605 979 1656 parenthe-

329 1680 412 1704 seos
439 1666 544 1714 signa
574 1664 763 1714 apposuit,
794 1675 889 1711 quae
920 1674 982 1698 ea-

328 1724 414 1760 dem
435 1720 638 1769 Schweigh.
658 1725 694 1757 et
711 1719 826 1756 Gaisf.
845 1731 980 1767 posue-

327 1784 415 1816 runt
453 1782 540 1815 ante
578 1777 711 1813 verba:
754 1771 982 1813 Ἀπόλλωνα

329 1833 373 1875 δὲ
399 1850 434 1874 κ.
451 1849 483 1872 τ.
500 1836 532 1872 λ.
605 1833 724 1870 Nobis
757 1836 881 1869 tamen
915 1832 983 1867 isto

327 1892 442 1930 fulcro
481 1902 605 1928 carere
633 1902 746 1939 posse
794 1888 985 1926 videbatur

330 1948 448 1986 oratio
481 1946 708 1984 Herodotea.

510 2029 620 2081 Cap.
651 2028 796 2068 chn.

392 2114 638 2166 Ψαμμίτιχος
658 2136 713 2142 —
732 2112 898 2162 τέσσαρα
918 2111 985 2151 καὶ

329 2168 602 2222 πεντήκοντα]
645 2171 829 2219 Regnavit
857 2170 984 2206 Psam-

330 2228 493 2266 mitichus
514 2228 559 2264 ab
581 2240 677 2263 anno
695 2230 773 2267 671
798 2239 830 2263 a.
845 2226 931 2262 Chr.
948 2239 984 2263 11.

330 2297 447 2333 usque
470 2284 517 2320 ad
538 2296 673 2320 annum
695 2286 776 2324 617
793 2296 824 2319 a.
845 2282 930 2318 Chr.
946 2295 982 2319 n.

332 2340 477 2377 inclusis
506 2339 609 2376 simul
636 2339 840 2387 quindecim
868 2339 984 2375 dode-

334 2396 497 2434 carchiae
516 2395 631 2432 annis.
691 2395 746 2430 Ita
765 2394 983 2442 Larcherus,

335 2465 406 2501 quo
419 2465 504 2488 usus
527 2464 606 2487 sum
627 2451 674 2486 ad
692 2450 719 2497 I,
735 2451 824 2490 105.
845 2450 983 2488 Viden-

334 2514 392 2545 tur
422 2512 542 2544 autem
572 2510 608 2543 et
638 2506 909 2543 Psammitichus
948 2510 984 2543 et

338 2565 399 2614 qui
427 2565 545 2613 ipsum
572 2562 682 2599 secuti
712 2566 796 2598 sunt
824 2563 983 2611 Aegypti

334 2634 440 2669 reges
463 2649 474 2666 ,
519 2618 807 2668 expeditionibus
847 2618 980 2655 bellicis

335 2678 373 2714 id
399 2676 591 2726 praecipue
613 2678 817 2723 spectasse,
849 2678 888 2710 ut
915 2674 986 2723 Sy-

335 2734 426 2770 riam
445 2731 750 2778 Phoeniciamque
763 2759 772 2776 ‚
799 2742 893 2777 quae
914 2734 986 2767 ter-

336 2802 399 2826 rae
447 2790 547 2825 suere
601 2785 894 2836 opulentissimae
952 2789 988 2822 et

339 2845 496 2882 omnium
518 2856 636 2881 rerum
654 2843 759 2891 copia
782 2843 988 2887 affluentes,

337 2901 464 2938 ditioni
485 2913 570 2938 suae
589 2899 839 2948 adiungerent.
870 2897 990 2945 Atque

1045 1039 1225 1088 Azotum,
1254 1040 1293 1077 in
1313 1039 1476 1077 confiniis
1495 1039 1571 1076 fere
1591 1038 1698 1076 sitam

1046 1098 1194 1144 urbem,
1229 1110 1295 1146 per
1316 1097 1562 1145 undetriginta
1583 1108 1697 1132 annos

1046 1154 1236 1191 obsedisse
1264 1154 1380 1191 fertur
1405 1152 1698 1197 Psammitichus;

1046 1211 1146 1259 quod
1175 1222 1261 1247 cave
1292 1210 1338 1247 de
1371 1210 1543 1246 continua
1573 1208 1699 1245 obses-

1047 1269 1149 1303 sione
1168 1266 1349 1315 intelligas
1361 1295 1371 1313 ,
1401 1279 1479 1303 cum
1497 1267 1543 1302 de
1562 1265 1698 1302 iteratis

1047 1323 1336 1373 expeditionibus
1375 1323 1413 1358 in
1441 1322 1566 1359 urbem
1596 1322 1698 1358 factis

1047 1380 1116 1417 hoc
1145 1380 1193 1415 sit
1216 1379 1501 1428 intelligendum.
1561 1377 1696 1414 Videas
1754 1378 1755 1382 ’

1047 1437 1205 1473 Heeren.
1228 1435 1340 1473 Ideen
1359 1435 1412 1481 ΙΙ,
1435 1438 1461 1476 2
1479 1433 1606 1485 p.401
1621 1446 1698 1482 seq.

1048 1492 1126 1530 coll.
1147 1491 1348 1529 Schlosser.
1380 1489 1697 1538 Universalgesch.
1755 1487 1757 1525 ᾗ

1047 1549 1086 1596 Ι,
1118 1551 1139 1589 1
1171 1560 1257 1598 pag.
1276 1551 1358 1589 200
1387 1552 1462 1584 not.
1519 1546 1701 1594 Loquitur

1048 1607 1095 1642 de
1125 1605 1281 1653 quadam
1313 1603 1556 1641 Psammitichi
1590 1615 1700 1653 expe-

1050 1661 1186 1699 ditione
1204 1662 1240 1696 in
1258 1661 1400 1709 Syriam
1422 1659 1615 1706 Diodor.1‚
1632 1662 1699 1706 67,

1051 1719 1112 1755 ubi
1140 1718 1209 1753 hoc
1229 1717 1403 1754 accidisse
1425 1716 1568 1762 scribit,
1600 1715 1700 1764 quod

1050 1774 1263 1811 Herodotus
1292 1777 1415 1810 narrat
1446 1772 1500 1819 II,
1518 1774 1585 1813 30.
1642 1771 1701 1810 De
1757 1775 1759 1804 ἱ

1051 1830 1296 1867 Psammitichi
1316 1829 1389 1865 filio
1409 1841 1451 1866 ac
1476 1841 1700 1875 successore,

1053 1888 1114 1936 qui
1141 1887 1189 1923 ad
1218 1886 1446 1935 Euphratem
1475 1898 1590 1934 usque
1614 1897 1701 1934 pro-

1053 1956 1220 1993 gressus,
1249 1942 1388 1979 cladem
1418 1940 1500 1978 tulit
1529 1954 1550 1978 a
1571 1940 1701 1978 Nabu-

1053 2000 1304 2037 chodonosore
1325 2026 1337 2044 ,
1393 1998 1489 2035 canit
1532 1997 1700 2035 Ieremias

1053 2055 1185 2093 XLVI.
1204 2055 1262 2092 De
1278 2054 1425 2104 reliquis
1445 2054 1580 2091 consul.
1589 2053 1701 2091 Beck.
1758 2047 1759 2088 l

1052 2111 1275 2160 Weltgesch.
1293 2111 1309 2147 I
1329 2124 1366 2161 p.
1386 2114 1411 2151 7
1415 2113 1480 2152 26.

1095 2165 1292 2216 ’Ἀζωτον]
1329 2167 1419 2203 Erat
1439 2178 1510 2203 una
1529 2166 1576 2203 de
1597 2166 1700 2214 quin-

1052 2239 1125 2275 que
1148 2224 1422 2261 Philistaeorum
1447 2222 1612 2268 urbibus,
1652 2222 1700 2259 ad

1051 2295 1151 2319 mare
1179 2280 1479 2317 mediterraneum
1507 2279 1576 2314 sita
1606 2277 1700 2315 intra

1050 2337 1266 2375 Ascalonem
1284 2339 1321 2372 et
1341 2335 1613 2381 Ptolemaidem,
1636 2335 1701 2371 be-

1050 2407 1171 2442 neque
1207 2391 1365 2438 munita,
1402 2396 1441 2428 ut
1482 2395 1616 2428 terram
1653 2391 1699 2427 ab

1048 2449 1311 2499 Aegyptiorum
1343 2447 1605 2485 incursionibus
1642 2451 1702 2484 tu-

1049 2510 1126 2542 tam
1145 2508 1361 2555 praestaret.
1411 2503 1452 2540 In
1473 2503 1582 2540 sacris
1601 2503 1700 2540 libris

1047 2566 1194 2599 vocatur
1212 2563 1342 2614 *15an
1355 2559 1564 2608 (Aschdod).
1594 2559 1702 2596 Nunc

1048 2618 1128 2655 loco
1162 2630 1295 2654 nomen
1331 2616 1461 2653 Esdnd
1494 2629 1522 2652 s.
1547 2615 1700 2652 Atzdud.

1051 2674 1161 2711 Plura
1187 2673 1368 2710 Mannert.
1401 2673 1539 2720 Geogr.
1569 2672 1604 2708 d.
1635 2672 1700 2708 Gr.

1052 2743 1086 2766 u.
1107 2730 1214 2766 Ram.
1237 2729 1309 2775 Vl,
1332 2731 1351 2767 1
1388 2740 1472 2778 pag.
1494 2730 1586 2768 261.
1624 2728 1701 2764 Ro-

1055 2785 1255 2822 senmiiller.
1277 2783 1362 2820 bibl.
1380 2783 1637 2821 Alterthumsk.
1656 2784 1701 2830 H,

1056 2845 1082 2882 2
1101 2854 1185 2891 pag.
1204 2840 1454 2880 374—377.

1113 2895 1150 2943 ἐς
1170 2894 1190 2935 ὃ
1207 2894 1338 2946 ἐξεῖλε]
1368 2896 1605 2933 Restituimus
1627 2893 1665 2941 ἐς
1682 2891 1702 2934 ὃ
