1805 3315
636 247 856 285 CLIO.
917 249 943 285 I.
1373 254 1430 293 39

143 365 260 419 φούς
288 359 470 414 ἀνέθηκε
500 354 783 412 αναθήματα,
812 355 919 413 μετὰ
939 358 1091 412 Μίδην
1110 357 1188 399 τὸν
1219 359 1428 412 Γορδίεω,

120 442 335 497 6Φρυγίης
354 436 544 493 βασιλέα.
594 434 780 492 ἀνέθηκε
798 435 882 492 γὰρ
905 435 958 492 δή
980 436 1052 480 καὶ
1075 437 1223 491 Μίδης
1251 435 1330 480 τὸν
1354 440 1475 492 [ia-20

143 516 308 574 σιλήϊον
338 514 532 570 θρόνον,
577 516 620 566 ἐς
646 515 724 558 τὸν
753 516 1030 569 προκατίζων
1061 515 1247 568 ἐδίκαζε,
1299 513 1429 560 ἐόντα

141 594 406 651 ἀξιοθέητον.
444 600 581 638 κεῖται
619 595 665 639 δὲ
698 595 722 640 ὁ
758 596 927 652 θρόνος
965 589 1096 644 οὗτος
1127 594 1236 637 ἔνθα
1271 610 1352 651 περ
1385 599 1429 640 οἱ

115 677 219 722 7τοῦ
247 673 397 731 Γύγεω
430 677 654 730 κρητῆρες.
704 673 727 718 ὁ
763 676 810 719 δὲ
837 674 997 732 χρυσὸς
1029 669 1157 724 οὗτος
1186 674 1260 717 καὶ
1289 673 1313 717 ὁ
1344 675 1427 729 ἄρ-

136 769 292 810 γυρος,
323 752 401 796 τὸν
432 752 455 797 ὁ
483 751 628 810 Γύγης
659 754 870 811 ἀνέθηκε,
900 753 988 798 ’ὑπό
1010 755 1202 809 Δελφῶν
1228 753 1426 798 καλέεται

113 832 340 890 8Γυγάδας
365 831 434 876 ἐπὶ
463 836 543 876 τοῦ
568 831 809 885 ἀναθέντος
840 835 1102 890 ἐπωνυμίην.
1131 829 1327 889 Ἐσέβαλε
1345 834 1472 889 μέν25

135 929 220 958 νυν
245 911 453 969 στρατιήν
479 913 553 956 καὶ
580 908 733 967 οὗτος,
778 914 868 958 ἐπεί
901 931 944 958 τε
979 908 1105 970 ἦρξε,
1143 911 1186 963 ἐς
1213 928 1257 956 τε
1285 913 1424 970 Μίλη-

91 1113 168 1138 rem
185 1100 223 1136 in
245 1111 334 1136 voce
350 1094 482 1151 Γύγης
497 1098 645 1148 longam
664 1111 747 1137 esse

92 1155 349 1206 grammaticus
377 1157 574 1193 contendit.

151 1210 246 1264 μετοῖ
276 1212 422 1263 Μίδην
449 1209 519 1251 τόν
550 1209 742 1261 Γορδίεω]

92 1270 296 1307 Occurrunt
330 1269 367 1305 in
411 1267 552 1316 Lydica
593 1268 745 1304 historia

91 1326 215 1377 plures
237 1337 364 1372 rege5‚
395 1325 525 1373 quibus
543 1324 600 1361 vel
616 1323 745 1361 IlIz'dae

92 1381 149 1420 vel
199 1381 327 1419 Gordii
378 1394 513 1418 nomen
565 1381 743 1418 tribuitur.

92 1438 166 1482 Qui
185 1439 243 1475 hic
262 1437 469 1474 nominatur
488 1437 623 1484 Midas,
656 1451 743 1474 eun-

90 1495 175 1531 dem
203 1507 287 1532 esse
312 1494 514 1544 suspicatur
539 1493 743 1531 wesselin-

89 1551 194 1600 gius,
238 1563 346 1601 quem
381 1550 562 1588 Eusebius
591 1550 744 1587 collocat

88 1607 237 1657 Olymp.
272 1607 326 1655 Χ,
355 1606 394 1648 4.
433 1608 544 1651 Quod
562 1608 592 1643 si
604 1620 742 1654 verum,

89 1664 148 1701 ille
175 1676 328 1712 regnum
348 1665 533 1713 accepisse
557 1664 741 1714 putandus

90 1721 159 1758 erit
194 1722 276 1761 737
312 1733 343 1756 a.
372 1721 458 1757 Chr.
497 1721 520 1757 i.
549 1734 580 1758 e.
613 1720 742 1769 viginti

90 1777 232 1814 duobus
269 1781 354 1814 ante
387 1776 492 1813 annis
526 1790 635 1827 quam
663 1777 742 1825 Gy-

89 1847 156 1884 ges
181 1835 230 1870 ad
254 1846 408 1882 regnum
433 1838 577 1871 evectus
609 1837 675 1870 est.

143 1890 185 1938 ἐς
214 1887 285 1929 τόν
328 1890 573 1941 προκατίζων
614 1888 741 1928 ἐδίκα-

87 1949 145 1996 ζε]
184 1947 207 1984 i.
224 1960 256 1984 e.
295 1948 368 1994 „in
400 1960 469 1997 qua
498 1946 606 1994 (sella
622 1947 741 1995 regis)

81 2004 285 2056 praesidens
324 2005 381 2040 ius
422 2004 534 2041 (licere
572 2003 742 2040 solebatf‘

86 2060 372 2112 Praepositionis
400 2059 441 2106 ἐς
473 2074 577 2097 usum
612 2060 650 2096 in
684 2060 740 2096 his

87 2131 130 2156 ac
179 2117 352 2154 similibus
396 2117 563 2167 explicuit
610 2116 740 2153 Matth.

86 2173 124 2226 ᾗ.
140 2174 240 2221 578,
270 2176 309 2221 3,
339 2186 361 2210 a
389 2187 425 2224 p.
459 2174 568 2214 1142
598 2187 654 2223 sq.
681 2173 740 2209 Cf.

84 2231 264 2269 Herodot.
311 2230 349 2277 l,
401 2232 492 2272 199.
544 2229 618 2277 IV,
673 2228 740 2270 46.

83 2287 193 2336 Vm,
222 2290 289 2329 71-

140 2343 165 2385 ὁ
184 2341 226 2384 δὲ
243 2340 387 2396 χρυσὸς
407 2345 523 2389 οὗτος
543 2357 608 2382 και
627 2357 647 2381 ο
670 2338 737 2394 οἷρ-

83 2415 204 2454 γυρος
229 2422 280 2430 -—
314 2397 396 2440 vno*
442 2402 619 2452 Λελφων
668 2414 736 2437 κα-

84 2456 208 2497 λέεται
234 2453 420 2510 Γυγάδας
446 2455 511 2496 ἐπὶ
535 2459 608 2495 τοῦ
637 2451 735 2494 ἄνα-

82 2513 226 2561 θέντος
244 2513 496 2565 ἐπωνυμίην]
528 2514 551 2550 i.
577 2526 607 2551 e.
645 2526 734 2559 ,au-

84 2583 161 2609 rum
185 2584 266 2609 vero
287 2571 385 2609 istud
405 2575 438 2608 et
460 2573 646 2618 argentum
678 2590 734 2596 —-

86 2639 120 2679 a&
130 2627 276 2678 Delphis
306 2632 453 2665 vocatur
482 2628 667 2678 Gygaeum
691 2625 734 2662 de

87 2681 202 2732 illius,
247 2687 310 2735 qui
329 2684 574 2731 dedicaverat,
618 2683 732 2719 nomi-

85 2739 164 2776 ne“
199 2739 376 2792 Respexit
415 2741 506 2778 haec
543 2739 730 2776 Himerius

87 2793 259 2844 sophista
281 2798 488 2845 19‚1(ubi
513 2798 556 2834 cf.
574 2795 729 2833 Werns-

87 2851 181 2888 dors·
194 2863 279 2901 Pag-
295 2855 412 2902 267).
443 2852 464 2893 ὅ
481 2850 523 2892 δὲ
540 2849 730 2904 ’ἡμέτερος

85 2908 256 2955 πλοῦτος
278 2920 325 2948 ου
346 2906 485 2962 χρυσός
506 2924 565 2957 τις
592 2906 728 2962 Γυγά-

816 1099 888 1145 δας
906 1095 935 1150 ἢ
951 1094 1121 1144 Λύδιος.
1185 1098 1226 1133 In
1249 1097 1471 1134 Herodoteis

814 1156 934 1193 verbis
965 1160 1094 1191 notare
1122 1153 1206 1191 licet
1233 1166 1335 1189 usum
1362 1166 1471 1203 prae—

813 1212 1006 1261 positionis
1035 1209 1101 1250 ἐπὶ
1135 1208 1220 1257 (ἐπὶ
1257 1211 1331 1247 τοῦ
1374 1204 1468 1248 οἴνα-

811 1266 974 1317 θέντος)
1007 1268 1045 1304 ἰιι
1083 1266 1183 1303 hisce
1221 1265 1320 1302 haud
1357 1266 1466 1303 infre—

811 1329 1002 1373 quentem:
1034 1323 1072 1370 I,
1111 1322 1168 1364 94
1204 1321 1290 1371 ibiq.
1321 1325 1396 1358 not.
1420 1321 1466 1369 V,

811 1381 877 1422 65.
911 1381 984 1428 IV,
1016 1380 1082 1422 45.
1118 1380 1210 1419 107.
1254 1378 1346 1419 148.
1385 1376 1468 1419 149

812 1442 877 1475 etc.
908 1437 1028 1474 Aliam
1054 1434 1246 1474 formulam
1273 1436 1407 1472 καλεῖν
1427 1449 1467 1473 τι

811 1493 878 1533 ἐπί
917 1509 997 1533 τινι
1033 1492 1270 1530 Heindorfius
1295 1490 1466 1540 explicuit

809 1552 858 1588 ad
878 1551 1020 1588 Platon.
1052 1547 1188 1597 Cratyl.
1232 1562 1268 1598 p.
1297 1550 1387 1588 163.
1421 1547 1462 1584 ln

809 1610 1012 1645 accusativo
1030 1603 1276 1655 ἐπωνυμίην,
1289 1617 1333 1641 ex
1349 1605 1463 1641 abun-

809 1665 935 1701 dantia
968 1665 1126 1714 quadam
1156 1662 1332 1698 orationis
1366 1661 1464 1697 haud

809 1721 1029 1770 infrequenti
1053 1718 1190 1765 addito,
1210 1717 1359 1754 minime
1375 1717 1461 1754 hae-*1

808 1778 972 1814 rendum.
1007 1777 1077 1813 Est
1106 1777 1229 1812 autem
1255 1772 1462 1824 ἐπωνυμίη

809 1834 867 1870 hic
898 1835 977 1871 fere
1016 1834 1115 1870 idem
1153 1829 1253 1879 quod
1291 1827 1462 1880 οὕνομα,

807 1890 1020 1940 appellatio,
1061 1888 1319 1934 denominatio,
1358 1891 1397 1923 ut
1432 1887 1463 1933 1,

808 1946 862 1987 94
883 1947 945 1984 fin.
969 1947 1061 1987 173.
1088 1945 1145 1991 ll,
1174 1943 1212 1984 4.

861 2002 1020 2054 ἐσέβαλε
1043 2022 1099 2030 ——
1131 1995 1343 2050 στρατιήν]
1374 1998 1458 2036 Ple-

802 2073 954 2109 rumque
992 2059 1052 2106 (v.
1091 2058 1128 2105 Ι,
1171 2059 1235 2097 17.
1273 2057 1325 2096 18
1362 2055 1458 2103 ete.)

803 2118 1045 2153 accusativum
1089 2115 1183 2151 hunc
1222 2112 1305 2148 huic
1346 2112 1458 2149 verbo

803 2173 906 2210 addit
929 2173 1094 2217 Noster,
1130 2169 1332 2206 Pausanias
1363 2168 1455 2204 dati—

801 2243 895 2267 vum.
933 2229 993 2267 De
1025 2241 1097 2277 quo
1127 2226 1268 2263 monuit
1299 2224 1454 2262 Siebelis

804 2287 853 2323 ad
869 2286 1027 2322 Pausau.
1044 2284 1098 2332 ΙΙ,
1130 2283 1184 2323 36
1215 2280 1251 2332 §-
1277 2280 1314 2322 5·

859 2341 1020 2392 ἐσέβαλε
1055 2338 1129 2392 μέν
1163 2353 1238 2378 νυν
1268 2333 1455 2388 στρατιήν

801 2398 869 2438 καὶ
894 2400 1011 2444 οὗτος
1038 2418 1095 2425 -
1132 2393 1171 2442 ἐς
1196 2408 1238 2433 τε
1268 2394 1455 2444 Μίλητον

803 2471 870 2495 και
896 2454 936 2502 ἐς
971 2449 1193 2506 Σμύρνην]
1243 2450 1327 2487 Huc
1359 2449 1453 2487 Lar-

803 2513 929 2551 cherus
962 2513 1094 2557 refert,
1145 2520 1242 2557 quae
1273 2508 1320 2544 de
1354 2506 1452 2544 bello

802 2569 963 2618 quodam
1015 2568 1110 2604 inter
1160 2563 1361 2601 Sardianos
1415 2567 1451 2600 et

800 2626 1024 2674 Smyrnaeus
1058 2625 1166 2672 gesto
1195 2620 1367 2669 leguntur
1405 2632 1449 2657 ex

797 2681 966 2720 Dosithei
986 2680 1209 2729 Lydicorum
1229 2677 1319 2714 libro
1339 2675 1446 2712 tertio

797 2742 968 2788 excerpta
991 2736 1092 2787 apud
1110 2733 1292 2772 Plutarch.
1315 2731 1445 2768 Moral.

796 2808 832 2844 p.
864 2796 949 2836 312
978 2806 1034 2842 sq.
1069 2792 1130 2828 ubi
1169 2790 1241 2827 vid.
1275 2789 1445 2838 Wytten-

797 2851 898 2888 bach.
926 2850 1116 2887 Annotatt.
1133 2861 1170 2897 p.
1189 2848 1254 2887 86.
1274 2844 1441 2882 Sardiani

795 2907 1017 2957 Smyrnaeos
1062 2902 1254 2943 obsidione
1298 2912 1444 2953 presse—
