1759 3324
351 289 437 331 468

766 285 1239 326 HERODOTI

321 397 507 450 δοῖνου,
537 390 681 440 εὗδον.
711 396 756 440 οἷ
783 396 830 441 δὲ
860 396 1026 453 Πέρσαι
1057 393 1309 446 ἐπελθόντες
1333 393 1523 446 πολλοὺς
1537 394 1617 450 μέν

352 487 501 532 σφεων
528 473 797 531 ἐφόνευσαν,
830 479 978 533 πολλῷ
1008 473 1050 519 δ’
1083 475 1145 518 ἔτι
1163 477 1355 525 πλεῦνας
1379 472 1615 530 ἐζώρησαν,

351 555 425 600 καὶ
455 553 634 607 ἄλλους,
664 556 738 599 καὶ
766 554 845 598 τὸν
873 559 948 611 τῆς
978 555 1195 610 βασιλείης
1221 551 1438 608 Τομύριος
1466 554 1616 605 παῖδα,
1628 559 1673 594 35

352 633 670 691 στρατηγέοντα
699 632 1044 688 Μασσαγετέων,
1084 635 1145 688 τῷ
1176 631 1347 687 οὔνομα
1380 627 1437 687 ἦν
1463 635 1616 686 Σπαρ-

199 717 298 762 212
356 715 550 770 γαπίσης.
605 710 664 754 Ἡ
689 711 759 764 δὲ,
806 711 1036 766 πυθομένη
1074 709 1128 753 τά
1166 726 1211 753 τε
1247 711 1345 764 περὶ
1383 709 1463 764 τὴν
1492 722 1616 764 στρα-

21 781 132 810 Matris
148 781 242 809 filium
251 790 299 809 re-

22 816 152 852 petentia
167 815 277 844 minae.
355 793 453 848 τιήν
479 790 689 847 γεγονότα
730 790 804 833 καὶ
840 788 893 832 τὰ
933 788 1030 843 περὶ
1065 787 1146 831 τόν
1183 789 1342 838 παῖδα,
1388 789 1617 843 πέμπουσα

325 870 527 927 Ξκήρυκα
557 867 676 923 παρα
706 871 883 922 Κῦρον,
911 867 1025 923 ἔλεγε
1055 865 1177 909 τάδε·
1221 864 1455 922 ,ξἈπληστε
1485 868 1614 922 αἵμα-

354 965 465 1002 ,,τος
494 951 636 1002 Κῦρε,
664 947 799 1004 μηδὲν
829 947 1024 1003 ἐπαρθῇς
1053 949 1115 1004 τῷ
1148 944 1348 1002 γεγονότι
1375 947 1486 1004 τῷδε
1507 944 1616 1002 πρή-

355 1043 541 1084 ,,γματι,
589 1027 626 1069 εἰ
653 1024 872 1082 ἀμπελίνῳ
901 1027 1079 1081 καρπῷ,
1120 1029 1182 1084 τῷ
1212 1040 1293 1080 περ
1335 1023 1463 1069 αὐτοὶ
1491 1026 1611 1081 ἐμπι-
1626 1029 1671 1066 40

354 1105 605 1162 ,,πλοέμενοι
636 1107 843 1160 μαίνεσθε
873 1103 1014 1156 οὕτω,
1053 1103 1160 1148 ὥστε
1188 1104 1417 1156 κατιόντος
1445 1107 1526 1148 τοῦ
1556 1105 1616 1148 o't'-

352 1203 474 1239 „vov
503 1185 546 1236 ἐς
575 1185 624 1228 τὸ
656 1189 807 1241 σῶμα,
856 1182 1155 1227 ἐπαναπλῶειν
1192 1183 1298 1239 ὑμῖν
1337 1184 1440 1227 ἔπεα
1482 1182 1612 1236 κακοὶ,

348 1262 572 1324 »τοιούτῳ
603 1263 823 1321 φαρμάκῳ
854 1262 1072 1317 δολώσας,
1103 1262 1341 1320 ἐκράτησας
1359 1262 1515 1314 παιδὸς
1535 1265 1613 1306 τοῦ

320 1351 380 1397 3,,
392 1343 523 1400 ἐμοῦ,
571 1341 672 1386 ἄλλ’
703 1341 756 1386 οὐ
788 1342 903 1399 μάχῃ
932 1343 1042 1387 κατὰ
1078 1343 1127 1387 τὸ
1156 1341 1381 1398 καρτερόν.
1438 1346 1523 1386 νῦν
1552 1336 1613 1386 ὧν
1625 1345 1670 1383 45

350 1438 466 1479 ,,μευ
504 1417 555 1466 εὗ
592 1421 914 1478 παραινεούσης
951 1421 1142 1479 ὑπόλαβε
1184 1420 1263 1465 τόν
1301 1419 1447 1477 λόγον.
1506 1419 1611 1465 ἄπο-

351 1500 494 1554 ,,δούς
521 1517 597 1557 μοι
624 1499 702 1545 τόν
730 1502 878 1545 παῖδα.
939 1500 1066 1546 ἄπιθι
1105 1501 1152 1545 ἐκ
1192 1502 1321 1558 τῆσδε
1359 1504 1435 1556 τῆς
1470 1498 1611 1556 χώρης

350 1577 588 1637 ,,ἆζήμιος,
638 1579 963 1637 Μασσαγετέων
998 1581 1265 1637 τριτημορίδι
1302 1583 1382 1623 τοῦ
1420 1580 1611 1634 στρατοῦ

295 1809 529 1861 Xenophont.
564 1810 582 1849 I
618 1823 704 1862 pag.
735 1810 819 1854 527
853 1811 941 1861 ibiq.

295 1866 392 1904 laud.
432 1867 552 1904 Sturz.
589 1868 636 1906 de
677 1868 818 1906 dialect.
856 1867 944 1905 Ale-

296 1923 421 1960 xandr.
442 1936 528 1972 pag.
549 1924 622 1964 151
651 1937 753 1974 seqq.
782 1924 943 1961 Fischer.

295 1979 335 2015 in
364 1979 476 2016 Indic.
517 1981 564 2017 ad
602 1979 814 2030 Palaephat.
851 1993 879 2016 5.
910 1992 945 2016 v.

296 2034 518 2071 Philemonis
554 2034 678 2074 Lexic.
715 2036 754 2073 in
792 2032 945 2075 ἄνασσα

296 2102 382 2141 pag.
405 2092 496 2131 12⁶⁴
525 2090 591 2129 Cr.

465 2229 496 2267 c
513 2242 534 2267 a
551 2243 590 2281 p.
627 2230 776 2269 ccxu.

353 2309 477 2364 μηδὲν
507 2311 690 2369 ἐπαρθῇς
713 2336 769 2344 -
801 2313 847 2353 εἶ
874 2309 945 2366 α’μ-

297 2369 445 2423 πελίνῳ
461 2373 602 2423 καρπῷ
622 2386 657 2410 κ.
674 2386 706 2409 τ.
726 2369 776 2421 λ.]
809 2370 844 2410 εἰ
858 2371 893 2407 h.
920 2371 943 2408 l.

299 2438 443 2463 causam
477 2427 618 2473 reddit,
661 2427 723 2464 ubi
758 2426 844 2464 alias
870 2423 942 2466 ὅτι

299 2481 408 2518 Conf.
437 2481 566 2518 Matth.
582 2483 647 2519 Gr.
670 2483 735 2519 Gr.
761 2496 797 2533 p.
823 2485 943 2525 1252.

298 2537 462 2575 Pertinet
477 2551 563 2575 vero
589 2538 679 2576 haec
707 2539 882 2589 particula
911 2539 948 2578 εἰ

299 2594 347 2631 ad
357 2589 570 2646 ἐκράτησας
581 2591 723 2642 παιδὸς
742 2597 815 2634 τοῦ
834 2594 944 2647 ἐμοῦ.

353 2701 626 2745 ἐπαναπλῶειν
642 2703 741 2757 ’ὑμῖν
758 2705 853 2746 ἔπεα
878 2723 944 2747 κα-

297 2757 373 2811 κοὶ]
402 2760 659 2801 ἐπαναπλέειν
685 2763 826 2812 plurimi
865 2764 944 2802 libri

294 2821 405 2866 atque
423 2817 628 2856 Athenaeus
649 2819 734 2855 XlV
752 2820 827 2856 init.
866 2821 942 2858 Sed

295 2871 504 2911 Eustathius
521 2875 569 2911 ad
585 2874 688 2911 Iliad.
712 2872 744 2913 σ’
765 2889 801 2926 p.
821 2879 940 2924 1212,

298 2930 361 2969 12.
389 2925 425 2967 v'
450 2942 536 2980 pag.
557 2931 682 2978 1330,
701 2934 765 2973 28
800 2932 937 2980 Οά)55.

1010 1807 1043 1850 τ’
1064 1824 1153 1863 pag·
1178 1810 1284 1858 685,
1307 1813 1359 1852 16
1379 1812 1437 1850 ed.
1457 1810 1545 1848 Bas.
1566 1809 1667 1849 exhi-

1009 1869 1073 1906 bet
1095 1862 1344 1915 οἷναπλῶεινς
1369 1868 1469 1917 quod
1490 1880 1570 1904 cum
1588 1880 1667 1904 ma-

1012 1925 1068 1973 gis
1087 1925 1302 1962 Herodoteo
1326 1923 1481 1960 sermoni
1510 1936 1667 1971 congru-

1013 1984 1089 2019 eret
1112 1981 1236 2029 (conf.
1264 1979 1340 2026 VI,
1366 1982 1431 2021 26.
1461 1982 1527 2020 33.
1549 1980 1665 2028 116),

1015 2049 1111 2074 nunc
1148 2036 1339 2073 ediderunt
1373 2029 1665 2075 ἐπαναπλῶειν.

1015 2091 1076 2128 Ad
1113 2092 1213 2129 verbi
1250 2091 1548 2140 significationem
1579 2095 1666 2141 apte

1015 2152 1140 2185 monet
1176 2147 1464 2197 lVesselingius‚
1505 2148 1668 2185 indicare

1015 2203 1214 2253 Tomyrin,
1240 2204 1343 2240 ebriis
1367 2217 1504 2242 sursum
1532 2204 1666 2241 tendere

1013 2263 1047 2297 et
1076 2263 1177 2310 quasi
1205 2262 1243 2297 in
1275 2273 1330 2297 ore
1360 2264 1484 2298 natare
1508 2261 1663 2311 improba

1013 2317 1128 2353 verba.
1161 2337 1215 2346 -
1252 2316 1295 2353 In
1323 2330 1427 2367 seqq.
1463 2331 1664 2370 φαρμακῳ

1013 2368 1190 2420 δολωσας
1231 2372 1329 2409 haud
1369 2373 1492 2411 differt
1524 2374 1570 2411 ab
1601 2386 1660 2420 eo,

1010 2430 1109 2478 quod
1128 2429 1167 2477 Ι,
1189 2428 1271 2471 214
1294 2433 1413 2468 exstat
1432 2425 1531 2469 ἔλων
1548 2424 1662 2483 δόλῳ.

1066 2538 1094 2580 v‘
1107 2556 1136 2579 π
1149 2556 1168 2580 ο
1161 2536 1202 2579 ’λ
1214 2556 1238 2579 α
1251 2542 1276 2592 β
1288 2555 1305 2580 ε
1331 2538 1396 2581 *cdv
1415 2537 1589 2595 λόγον]”
1562 2556 1661 2581 υπο-

1011 2593 1230 2648 λαμβανειν
1275 2598 1372 2634 idem
1423 2612 1506 2636 esse
1552 2602 1662 2647 atque

1009 2652 1279 2703 υποδέχεσθαι
1309 2654 1378 2691 hoc
1398 2654 1478 2692 loco
1496 2667 1663 2704 compro-

1010 2710 1074 2747 bat
1097 2710 1260 2747 Thomas
1281 2709 1431 2759 Magist.
1455 2723 1542 2762 pag.
1565 2710 1660 2752 875.

1010 2787 1066 2794 —-
1103 2765 1192 2803 Mox
1227 2766 1467 2817 κατυβρίσας
1494 2767 1659 2804 additum

1007 2822 1117 2860 habet
1135 2822 1311 2868 dativum3
1336 2835 1449 2871 quare
1467 2823 1583 2859 rarior
1601 2827 1660 2860 est

1005 2882 1207 2926 structura,
1237 2882 1311 2916 not.
1340 2878 1471 2916 Matth.
1501 2878 1566 2915 Gr.
1588 2878 1654 2915 Gr.

1003 2947 1090 2985 pag.
1111 2937 1206 2978 696.
