1805 3315
363 241 420 282 62
772 240 1247 280 HERODOTI

362 355 485 406 θημα
512 348 697 405 χάλκεον
726 349 782 395 οὐ
813 349 921 407 μέγα
959 349 1028 393 ἐπὶ
1072 349 1300 409 Ταινάρῳ,
1350 350 1417 395 ἐπὶ
1456 353 1660 408 δελφῖνος

361 427 501 473 ἐπειὸν
529 427 778 485 ἅνθρωπος.
1720 430 1774 470 12

245 522 311 569 25
474 506 702 564 Ἀλυάττης
741 508 787 551 δὲ
827 507 852 552 ὁ
882 507 1030 560 Λυδὸς
1058 508 1138 552 τὸν
1165 508 1277 564 πρὸς
1310 511 1554 566 Μιλησίους
1583 507 1707 553 ard-66

73 588 214 630 A-lyattae
231 597 310 616 mors

37 622 312 684 ῗῆνῖἱῖκῦωὲἓῖέἰ

38 689 269 719 ferrumiuandi.

357 592 492 644 λεμον
523 589 755 638 διενείκας,
786 587 1009 643 μετέπειτα
1037 591 1237 645 τελευτᾷ,
1278 587 1539 643 βασιλεύσας
1568 589 1662 632 ἔτεα

335 666 465 712 Ξὲπτά
497 666 569 711 καὶ
601 664 883 723 πεντήκοντα.
914 664 1102 723 ἀνέθηκε
1132 667 1202 719 δὲ,
1231 667 1438 724 ἐκφυγών
1457 666 1537 724 τὴν
1558 672 1662 711 νοῦ-

360 758 442 791 σον
475 746 678 802 δεύτερος
708 741 838 798 οὗτος
874 750 951 802 τῆς
982 748 1121 803 οἰκίης
1157 746 1343 803 ταύτης,
1382 747 1425 798 ἐς
1453 746 1663 803 Δελφοὺς

359 826 555 883 κρητῆρά
583 843 627 870 τε
657 824 876 883 ἀργύρεον
904 825 1054 883 μέγαν,
1087 827 1161 872 καὶ
1196 825 1568 883 ὑποκρητηρίδιον
1600 836 1709 871 σι-7ο

1101 963 1170 1006 καὶ
1192 963 1533 1019 ὑποκρητηρίδιον
1556 960 1710 1017 σιδήρε-

1050 1037 1097 1063 ον
1116 1019 1329 1073 κολλητδν]
1368 1021 1711 1074 ’ὑποκρητηρίδιον

313 967 412 1004 unde
429 967 600 1004 credibile
616 969 684 1013 est,
706 965 853 1003 retineri
868 978 978 1003 vocu-

314 1023 388 1060 lam
419 1023 488 1060 hoc
518 1024 555 1060 in
579 1023 681 1060 libro.
719 1021 831 1074 Apud
860 1023 978 1061 Gaisf.

314 1093 509 1130 operarum
553 1080 662 1127 vitio,
700 1083 740 1117 ut
771 1080 902 1130 opinor
922 1077 980 1129 *)‚

315 1141 435 1175 exstat
479 1136 520 1176 οἰ
553 1150 621 1188 pro
676 1132 736 1175 ου’.
793 1158 849 1164 --
915 1135 982 1175 ἐπὶ

320 1188 505 1247 Ταινάρῳ
572 1194 619 1231 de
686 1193 766 1230 loeo
822 1194 980 1244 accipio:

313 1252 351 1288 in
390 1249 569 1297 Taenaro,
609 1250 658 1286 ad
696 1249 871 1300 templum
900 1249 979 1288 Ne-

312 1307 417 1357 ptuni
448 1306 517 1343 hoc
555 1307 593 1342 in
632 1306 884 1355 promontorio
920 1320 981 1344 ex-

313 1366 499 1400 structum.
567 1362 676 1400 Conf.
723 1363 884 1401 Fischer.
932 1364 980 1401 ad

313 1418 465 1456 W‘eller.
488 1418 562 1466 ΙΙΙ,
582 1419 605 1455 b
635 1432 722 1469 pag.
742 1421 836 1461 236.
858 1420 978 1469 Ipsius

313 1476 454 1512 donarii
491 1476 665 1513 admonet
698 1476 899 1513 Pausanias
931 1476 978 1524 II,

310 1531 388 1579 25,
418 1532 580 1581 itemque
606 1531 748 1570 Aelian.
778 1531 867 1569 Nat.
887 1531 979 1569 Ani-

311 1588 406 1626 mall.
438 1588 528 1635 XII,
564 1588 631 1629 45.
668 1589 781 1626 Unde
806 1588 980 1638 intelligi-

310 1658 391 1683 mus
439 1644 580 1680 donarii
618 1645 696 1681 basi
736 1645 826 1682 haec
867 1646 978 1683 verba

311 1700 426 1738 fuisse
453 1700 654 1751 insculpta:

348 1752 586 1796 Ἀθανάτων
608 1759 831 1808 πομπαῖσιν
850 1752 978 1809 Ἀρίο-

536 1829 608 1862 να,
639 1810 853 1861 Κύκλονος
870 1811 978 1862 ὗιόν,

349 1867 393 1909 ἔκ
425 1871 598 1909 Σικελοῦ
623 1866 823 1922 πελάγους
850 1872 978 1910 σῶσεν

539 1924 667 1977 ὄχημα
694 1924 798 1966 τόδε.

311 1980 422 2020 Aliud
453 1995 598 2021 carmen
616 1984 653 2021 in
673 1983 841 2033 Neptuni
861 1983 979 2021 hono-

310 2052 388 2076 rem
413 2041 662 2090 conscriptum
690 2040 864 2078 Aelianus
892 2055 979 2091 pro-

312 2097 383 2132 fert
407 2095 429 2132 l.
465 2095 509 2143 l.,
537 2097 638 2145 quod
666 2096 819 2134 relatum
851 2103 907 2134 est
942 2098 980 2134 iu

308 2151 468 2189 Brunck.
490 2151 670 2191 Analectl.
697 2153 744 2190 T.
772 2153 807 2190 Π
834 2167 871 2203 p.
899 2153 980 2195 154

311 2212 348 2245 et
380 2208 432 2244 ΙΙΙ
460 2221 497 2258 p.
530 2211 613 2251 327
646 2222 702 2247 nr.
730 2213 767 2251 2.
810 2210 980 2258 (lacobs.

308 2264 584 2302 Animadverss.
613 2265 631 2304 I
661 2266 703 2304 P.
729 2266 748 2304 1
780 2279 868 2318 pag.
898 2269 978 2309 179

311 2321 426 2370 seq.).

510 2405 542 2444 C
554 2418 576 2442 a
585 2419 622 2457 p.
654 2405 774 2445 XXV.

368 2476 547 2534 ἀνέθηκε
569 2481 612 2524 δὲ
635 2483 836 2538 ἐκφυγών]
869 2487 977 2524 Cous.

309 2551 424 2589 supra
452 2539 482 2587 1,
508 2543 571 2581 19.
605 2540 666 2578 Ad
684 2544 797 2580 verba
821 2556 978 2593 sequen-

307 2594 359 2630 tia
406 2591 660 2647 δευτερος
700 2593 852 2645 οὗτος
884 2600 979 2636 conf.

305 2649 379 2698 IV,
417 2650 473 2692 44
523 2656 561 2690 et
607 2652 737 2692 Matth.
788 2655 855 2693 Gr.
913 2654 978 2691 Gr.

309 2718 396 2758 pag.
425 2709 508 2748 877
541 2721 663 2759 supra.

1048 1084 1106 1118 est
1134 1081 1280 1116 crateris
1309 1079 1402 1116 basis
1420 1094 1448 1116 s.
1469 1079 1632 1125 fulcrum,
1656 1079 1712 1115 eui

1048 1141 1164 1174 crater
1183 1137 1410 1187 imponatur,
1451 1135 1601 1183 Gestell,
1636 1133 1714 1171 Un-

1048 1193 1224 1242 tergestell
1259 1195 1349 1230 eines
1389 1192 1544 1236 Krater3
1594 1190 1712 1228 Galli:

1048 1262 1226 1299 soucoupe.
1273 1249 1419 1287 Eodem
1453 1261 1565 1287 sensu
1613 1248 1713 1298 apud

1047 1306 1269 1344 Pausaniam
1287 1306 1420 1354 legitur
1439 1305 1495 1354 X,
1524 1307 1576 1346 16
1603 1303 1640 1356 ἓ.
1665 1306 1711 1345 1:

1047 1358 1244 1413 ’ὑπόθημα
1279 1365 1351 1401 τοῦ
1378 1364 1598 1414 κρατῆρος,
1650 1359 1713 1397 ubi

1047 1419 1202 1457 Siebelis
1242 1432 1329 1468 pag.
1361 1422 1443 1461 207
1483 1431 1552 1456 nec
1594 1417 1712 1455 nostri

1045 1475 1114 1512 loci
1146 1476 1213 1512 suit
1235 1476 1366 1512 oblitus
1396 1489 1465 1513 nec
1493 1476 1628 1522 Sigeae
1654 1474 1712 1509 in-

1047 1532 1256 1582 scriptionis
1303 1531 1450 1569 alterius
1465 1561 1476 1580 ‚
1527 1532 1588 1567 ubi
1633 1533 1712 1567 est:

1046 1591 1229 1640 κρητῆρα
1282 1585 1324 1627 δὲ
1374 1604 1443 1628 και
1481 1585 1713 1637 ὑποκρη-

1046 1641 1251 1695 τήριον,
1289 1657 1371 1680 cum
1403 1646 1442 1681 in
1470 1644 1585 1681 altera
1612 1643 1714 1679 inve-

1045 1701 1187 1738 niatur:
1236 1703 1416 1752 κρατῆρα
1458 1696 1714 1748 κᾶπίστατον,

1046 1757 1108 1794 ubi
1133 1758 1228 1793 conf.
1250 1758 1425 1795 Chishull.
1457 1762 1494 1796 et
1515 1756 1714 1794 Chandler.

1046 1814 1228 1863 Inscriptt.
1276 1813 1384 1851 Attic.
1430 1827 1468 1864 p.
1520 1814 1574 1854 37
1634 1811 1713 1849 coll.

1046 1870 1207 1907 Boeckh.
1223 1870 1527 1907 Staatshaushalt.
1538 1869 1573 1906 ΙΙ
1582 1882 1619 1919 p.
1631 1870 1685 1910 30
1692 1871 1713 1909 1,

1047 1931 1085 1964 et
1114 1927 1152 1962 in
1183 1926 1295 1977 Corp.
1335 1927 1520 1978 Inscriptt.
1563 1926 1715 1962 Graece.

1046 1982 1083 2030 l,
1115 1985 1138 2023 1
1170 1995 1258 2032 pag.
1286 1986 1353 2030 20,
1387 1984 1450 2020 ubi
1484 1982 1615 2020 Atticis
1646 1981 1717 2018 hoc

1048 2051 1159 2076 sensu
1175 2040 1344 2076 usitatius
1376 2053 1460 2077 esse
1480 2042 1606 2076 monet
1630 2036 1716 2077 ε’πί-

1049 2107 1211 2143 στατον,
1257 2092 1511 2143 ὑπόστατον,
1559 2088 1716 2135 ἐπιστά-

1046 2167 1139 2202 της,
1173 2149 1410 2204 ὑποστάτης.
1440 2152 1575 2190 Rarior
1589 2151 1717 2200 utique

1047 2208 1274 2257 Ionibusque
1301 2211 1451 2260 propria
1475 2209 1618 2246 videtur
1644 2219 1717 2244 vox

1048 2261 1375 2317 ὖποκρητήριον,
1416 2269 1500 2313 aut,
1542 2268 1583 2301 ut
1618 2264 1718 2314 apud

1047 2321 1285 2359 Herodotum
1325 2327 1409 2370 est,
1446 2319 1718 2372 ’ὑποκρητηρί-

1048 2378 1150 2418 διον.
1180 2377 1293 2428 Apud
1317 2379 1459 2416 Atticos
1489 2379 1601 2415 etiam
1634 2375 1717 2416 ἐπι-

1047 2435 1332 2486 κρητηρίδιον;
1362 2436 1400 2472 in
1427 2434 1643 2483 Aeginetica
1659 2434 1717 2469 in-

1048 2491 1248 2540 scriptione
1276 2496 1397 2528 exstat
1433 2487 1592 2542 βάθρον
1617 2487 1718 2528 ν’πο-

1047 2543 1278 2598 κρατήριον.
1303 2569 1360 2577 —-
1381 2547 1551 2585 Proxime
1570 2546 1641 2582 huc
1660 2546 1718 2582 fa-

1047 2602 1168 2649 ciunt,
1210 2615 1304 2651 quae
1347 2604 1447 2653 apud
1487 2602 1718 2639 Athenaeum

1045 2657 1216 2705 leguntur
1240 2672 1284 2695 ex
1301 2658 1550 2707 Hegesandro
1574 2658 1630 2706 V,
1663 2659 1717 2698 13

1048 2713 1118 2762 (Τ.
1138 2713 1173 2750 Π
1196 2727 1234 2765 p.
1256 2716 1339 2756 309
1363 2714 1602 2763 Schweigh.)‚
1617 2713 1718 2764 apud

375 2784 412 2826 *)
435 2785 537 2817 Extat
558 2790 672 2827 aperte
696 2787 780 2828 apud
808 2788 912 2821 Gaisf.
947 2789 1018 2825 (ed.
1048 2791 1124 2832 Lips
1129 2787 1235 2831 .)οὐ.
1260 2793 1293 2824 111
1312 2793 1467 2824 nonnullis
1496 2792 1715 2824 tantummodo

399 2833 544 2873 exempll.
567 2833 697 2864 litterae
721 2835 746 2866 ὕ
762 2835 919 2874 particula
937 2838 1027 2876 prelo
1045 2838 1211 2878 absumpta
1231 2848 1264 2869 es
1251 2842 1297 2876 st,

1333 2840 1380 2869 ita
1404 2842 1438 2870 ut
1461 2840 1564 2870 obiter
1590 2839 1718 2869 intuen-

401 2877 485 2909 tibus
503 2877 542 2912 οἰ
560 2879 662 2911 videri
681 2881 784 2921 possit
802 2885 923 2914 extare
973 2883 1065 2916 Quod
1081 2893 1212 2923 moneo,
1238 2894 1277 2916 ne
1297 2889 1491 2926 propagetur
1516 2886 1572 2915 illa
1599 2884 1718 2926 opinio.

1330 2929 1599 2973 Typotheta.
