1805 3315
620 256 921 297 CL10.1.
1365 260 1421 298 93

128 371 321 424 Κροῖσος
350 365 395 411 δέ
423 382 499 421 μιν
530 364 730 422 ἐκάθηρε.
770 365 860 410 ἔστι
897 366 942 409 δὲ
980 366 1258 421 παραπλησίη
1289 364 1316 422 ἦ
1346 364 1419 409 κὰ-

103 453 285 503 δθαρσις
321 451 434 489 τοῖσι
471 447 658 489 Λυδοῖσι
702 445 775 488 καὶ
805 449 918 487 τοῖσι
935 443 1123 500 ΓΈλλησι.
1181 444 1272 488 ἐπεί
1299 462 1343 488 τε
1374 446 1419 488 δὲ
1469 454 1520 493 18

125 525 179 569 τοὶ
208 524 467 581 νομιζόμενα
497 525 668 580 ἐποίησε
698 523 721 568 ὁ
753 529 969 580 Κροῖσος,
1011 522 1280 567 ἐπυνθάνετο
1312 522 1465 568 ὁκό-66

126 610 159 648 θ
367 604 376 619 ¹
441 605 450 620 ν
523 605 543 628 ν,
655 603 662 616 ’
829 602 838 616 ‘
897 619 905 628 .
983 601 1002 615 ³‘
1318 604 1326 618 ²

162 620 208 648 εν
235 620 279 647 τε
308 620 381 647 και
409 621 473 655 τις
503 620 589 659 ειη,
619 607 757 659 λεγων
785 606 886 647 ταδε
955 605 1245 657 ,,ῼνθρωπε,
1286 620 1349 653 τις
1377 618 1421 646 τε

127 682 274 736 »ε’-κήν,
313 683 385 726 καὶ
423 682 559 726 κόθεν
587 686 661 738 τῆς
693 685 886 738 Φρυγίης
914 681 1057 738 ἥκων,
1107 682 1294 733 ἐπίστιος
1325 681 1422 737 ἐμοὶ

130 762 339 819 ,,ἐγένεο;
373 763 472 805 τίνοι
508 778 552 805 τε
590 760 765 817 ἀνδρῶν
803 760 832 818 ἢ
860 765 1084 817 γυναικῶν
1114 760 1419 817 ἐφόνευσας,·“

105 840 179 888 4‘0
207 842 253 886 δὲ
283 839 499 899 ἀμείβετο·
543 836 631 898 »Ὧι
656 845 856 899 βασιλεῦ,
898 842 1089 896 Γορδίεω
1119 840 1198 898 μὲν
1226 844 1307 885 τοῦ
1336 842 1467 889 Μί-7ο

86 1048 186 1086 libris
225 1053 261 1086 et
313 1053 463 1087 recentt.
513 1050 613 1087 editt.
671 1048 742 1087 Alii

87 1105 334 1157 ἔπικυρῆσαι.
410 1106 525 1143 Paulo
571 1110 658 1156 post
696 1107 742 1144 de

50 1167 59 1176 '
87 1162 283 1213 particulae
296 1176 362 1199 usu
374 1163 411 1199 in
422 1164 540 1201 verbis
563 1161 629 1200 καὶ
641 1166 742 1201 τοῖσι

73 1215 241 1269 ’Έλλησι
269 1220 315 1256 cf.
335 1220 383 1257 ad
406 1219 445 1266 I,
468 1219 521 1260 94
551 1219 627 1256 init.

143 1271 293 1315 ὁκόθεν
314 1289 354 1314 τε
382 1274 450 1314 καὶ
476 1275 535 1321 τίς
566 1272 653 1325 εἴη]
683 1273 743 1321 τίς

26 1343 31 1345 ’
88 1346 129 1371 τε
146 1330 212 1371 καὶ
234 1327 364 1370 πόθεν
385 1331 558 1369 solemnis
579 1336 618 1368 ut
639 1331 743 1369 vide-

87 1392 146 1426 tur
162 1389 378 1439 peregrinos
404 1388 653 1437 interrogandi
681 1391 743 1425 aut

89 1445 297 1496 appellandi
327 1445 439 1491 rati03
487 1446 534 1482 de
566 1457 638 1494 qua
676 1445 743 1481 Cr.

90 1502 263 1539 admonet
281 1501 466 1540 Schaefer.
495 1503 542 1538 ad
568 1501 740 1551 Sophocl.

90 1557 263 1595 Trachin.
275 1553 454 1608 421⁸1biq.
480 1558 592 1596 Hom.
607 1559 744 1607 Odyss.

90 1614 203 1662 XIX,
227 1614 317 1656 105.
376 1615 453 1652 Sed
469 1614 576 1664 plura
607 1628 649 1652 ex
667 1615 745 1651 He-

90 1672 222 1708 rodoto
259 1671 369 1708 allata
408 1671 510 1708 vides
545 1684 566 1707 a
601 1672 746 1707 Struvio

92 1727 266 1774 (Quaest.
300 1727 347 1765 de
377 1727 557 1764 Herodot.
601 1727 745 1764 dialect.

92 1784 242 1834 specim.
272 1797 309 1834 p.
341 1783 394 1825 49
418 1784 539 1831 not.):
569 1783 625 1830 Π,
653 1783 744 1824 115.

92 1839 166 1887 ΙΙΙ,
197 1841 288 1881 156.
336 1840 409 1884 IV,
442 1840 521 1881 145
555 1844 623 1876 etc.
658 1845 745 1885 etex,

93 1897 224 1946 quibus
253 1897 446 1947 probatum
468 1897 495 1933 it
520 1896 573 1932 vir
604 1896 746 1943 doctus,

95 1953 278 1999 Graecos,
309 1953 340 1989 si
368 1952 474 2003 plura
509 1953 672 1989 membra
692 1953 748 1989 in-

93 2009 315 2058 terrogativa
360 2009 507 2058 oblique
552 2013 748 2058 ponantur,

95 2070 133 2103 et
151 2065 417 2114 interrogativis
438 2070 474 2103 et
487 2065 644 2102 relativis
658 2079 746 2115 pro-

95 2123 300 2159 nominibus
321 2122 526 2171 promiscue
546 2135 632 2157 usos
652 2135 745 2160 esse.

96 2197 152 2205 -
171 2178 259 2216 Mox
297 2177 471 2224 ἐπίστιος
496 2177 623 2215 Ionum
645 2191 747 2216 more

96 2247 164 2286 pro
199 2232 399 2285 ἐφέστιος,
449 2238 595 2272 auctore
622 2234 745 2273 Schol-

97 2290 265 2342 Apollon.
284 2291 407 2329 Rhod.
428 2291 501 2339 IV,
522 2295 548 2332 7
551 2290 604 2332 47
618 2291 747 2327 dicitur

98 2345 120 2387 ὁ
137 2346 201 2387 ἐπὶ
218 2349 269 2402 τῇ
290 2346 398 2401 ἑστίᾳ
419 2343 478 2386 ὢν
505 2348 529 2386 i.
553 2361 583 2385 e.
602 2347 748 2396 supplex

99 2403 147 2441 ad
175 2403 299 2455 focum
333 2417 402 2454 pro
431 2417 533 2441 more
574 2403 747 2440 adsidens.

99 2458 180 2498 Alia
204 2461 301 2498 vocis
328 2460 493 2511 exempla
517 2461 581 2497 dat
598 2460 751 2498 Wesse-

99 2515 186 2566 ling.
205 2517 253 2554 ad
267 2516 303 2553 h.
325 2516 362 2562 l.‚
394 2517 523 2566 quibus
550 2517 654 2553 addit
684 2517 750 2554 Cr.

102 2573 258 2622 Gregor.
300 2573 465 2610 Corinth.
504 2586 542 2622 p.
577 2575 660 2614 500
691 2573 749 2610 ed.

101 2628 478 2666 SchaefiHomericum
490 2628 607 2666 locum
621 2628 749 2678 Ulyxis

101 2685 197 2721 facto
225 2685 399 2722 consimili
425 2686 606 2733 insignem
633 2686 670 2721 in
695 2686 750 2722 0-

104 2740 202 2788 dyss.
228 2740 316 2789 VH,
345 2742 425 2783 153
458 2741 629 2779 attulerat
657 2741 752 2779 Lar-

104 2795 243 2832 chems.

163 2851 333 2902 Γορδίεω
351 2850 423 2903 μὲν
442 2855 518 2892 τοῦ
528 2849 676 2893 Μίδεώ
698 2852 751 2892 εἰ-

107 2922 152 2958 μι
169 2911 284 2953 παῖς,
319 2906 590 2961 ου’νομάζομαι
619 2907 662 2949 δὲ
682 2906 749 2949 ''A-

811 1047 1001 1100 δρηστος]
1042 1048 1140 1086 Dedi
1171 1043 1464 1100 ου’νομᾶζομαι

810 1119 891 1142 cum
908 1106 1075 1153 Schwgh.
1105 1111 1141 1142 et
1167 1106 1286 1143 Gaisf.
1344 1106 1465 1154 Vulgo

810 1157 1056 1212 ὀνομάζομαι
1077 1162 1195 1198 minus
1226 1162 1359 1199 Ionice.
1389 1161 1466 1199 Lo-

810 1231 890 1254 cum
910 1218 1027 1268 ipsum
1050 1222 1090 1254 tu
1109 1219 1161 1254 sic
1183 1218 1355 1267 accipias:
1378 1218 1468 1254 Gor-

810 1274 891 1311 diae
926 1287 1001 1310 sum
1029 1273 1156 1323 filius,
1187 1272 1314 1310 Medae
1352 1287 1466 1323 nepos,

810 1335 860 1367 est
882 1331 970 1367 mila·
995 1343 1114 1367 nomen
1142 1330 1310 1367 Adrasto.
1366 1330 1469 1367 Infra

809 1386 847 1434 I,
867 1387 943 1428 45:
963 1383 1182 1438 ’Ἄδρηστος
1199 1384 1241 1425 δὲ
1255 1385 1276 1426 ὁ
1291 1387 1465 1439 Γορδίεω

811 1445 883 1482 τοῦ
911 1443 1078 1490 Midam
1109 1444 1208 1492 quod
1239 1444 1369 1481 eodem
1385 1457 1466 1481 mo-

812 1500 860 1536 do
883 1500 1152 1550 accipiendum:
1193 1500 1392 1547 Adrastus,
1408 1501 1464 1550 fi-

813 1556 883 1593 Iius
905 1557 1079 1603 Gordiae,
1111 1558 1172 1606 qui
1191 1562 1240 1594 est
1262 1556 1390 1594 Midae
1411 1557 1467 1606 fi-

813 1613 883 1650 lius
913 1614 962 1661 (s.
987 1613 1114 1650 Midae
1140 1613 1272 1663 nepos).
1329 1614 1468 1651 Moneo

812 1674 963 1720 propter
987 1671 1168 1706 Sturzium
1183 1700 1193 1718 ,
1235 1670 1297 1720 qui
1319 1671 1356 1707 in
1376 1669 1470 1706 Pro-

814 1738 966 1774 gramm.
1017 1727 1064 1764 de
1108 1727 1269 1763 nolninn.
1315 1727 1468 1764 Graece.

816 1782 1058 1831 (Commentt.
1084 1783 1208 1820 societ.
1226 1782 1348 1832 philol.
1364 1783 1469 1832 Lips.

813 1838 852 1885 I,
873 1842 899 1879 2
917 1852 956 1888 p.
978 1840 1079 1887 226)
1110 1840 1157 1875 ad
1176 1839 1362 1876 articulum
1382 1852 1470 1888 sup-

813 1895 920 1944 plens
937 1891 1067 1946 πατήρ
1081 1924 1092 1942 ,
1118 1894 1316 1932 Adrastum
1335 1909 1470 1946 perpe-

815 1964 891 1987 ram
938 1951 1114 1989 intellexit
1146 1955 1334 2001 „nepotem
1375 1953 1467 1989 Gor-

814 2007 917 2055 diae,
950 2010 1011 2057 qui
1032 2008 1113 2058 snit
1141 2006 1284 2045 IlIz'dc'ae
1315 2008 1470 2057 pater,·“

814 2065 882 2101 sed
922 2064 1037 2102 altero
1075 2064 1152 2101 loco
1182 2065 1222 2112 I,
1256 2063 1310 2106 35
1344 2078 1470 2103 vocem

813 2123 909 2166 παῖς
948 2121 994 2158 de
1041 2125 1177 2171 nepote
1221 2121 1472 2171 accipiendam

814 2177 951 2213 statuit.
983 2177 1095 2220 Quod
1125 2190 1198 2231 quo
1225 2177 1301 2215 iure
1322 2182 1471 2225 statuat,

814 2234 983 2282 equidem
996 2228 1286 2283 ⁷‘non‘'assequor.
1345 2233 1399 2271 Ac
1417 2235 1473 2270 vi-

817 2291 924 2327 detur
965 2289 1211 2339 W'esselingio
1247 2290 1304 2327 hic
1332 2290 1470 2337 Midas,

817 2346 981 2384 Gordiae
1006 2352 1112 2397 pater
1142 2347 1238 2384 idem
1271 2360 1376 2394 esse,
1407 2347 1469 2396 qui

816 2415 929 2452 supra
962 2416 991 2440 c.
1034 2402 1087 2444 14
1125 2403 1293 2440 laudatur
1332 2404 1470 2453 primus

816 2458 999 2507 Phrygiae
1020 2471 1105 2506 rex,
1135 2459 1196 2508 qui
1213 2458 1379 2509 Delphos
1402 2460 1471 2496 do-

817 2527 866 2551 na
892 2515 1050 2561 miserit,
1081 2515 1216 2564 quique
1242 2520 1278 2553 et
1304 2516 1384 2565 ipse
1416 2515 1473 2552 di-

819 2571 910 2608 citur
942 2571 1104 2609 Gordiae
1122 2571 1224 2608 filius.
1283 2572 1360 2609 Sed
1379 2576 1472 2609 tem-

817 2641 947 2678 porum
977 2628 1152 2665 rationem
1194 2628 1349 2677 opponit
1375 2627 1471 2665 Lar-

819 2684 969 2730 cheruS,
999 2697 1077 2720 cum
1106 2684 1203 2720 illum
1221 2683 1361 2720 Midam
1386 2688 1472 2722 ante

820 2739 964 2788 Gygem
976 2769 986 2787 ,
996 2741 1106 2788 igitur
1117 2740 1227 2788 longe
1246 2744 1331 2776 ante
1342 2741 1471 2777 Croesi

819 2800 976 2833 aetatem
991 2797 1122 2833 vixisse
1137 2809 1288 2833 necesse
1306 2796 1362 2832 sit.
1377 2796 1472 2833 Sunt

817 2853 943 2900 utique
963 2852 1115 2889 Gordiae
1127 2857 1163 2889 et
1172 2850 1301 2888 ,Midae
1322 2852 1469 2888 nomina

818 2907 993 2946 solemnia
1026 2909 1064 2946 in
1101 2908 1286 2958 Phrygum
1317 2907 1467 2946 historia
