1759 3324
500 237 921 277 EUTERPE.
975 237 1020 274 ΙΙ.

1297 239 1382 279 559

118 353 292 409 γύπτιοι
321 351 365 394 δὲ
393 345 479 392 ὑπὸ
517 347 621 398 τοὺς
665 347 889 398 θανάτους
927 345 1084 390 ἀνιεῖσι
1122 345 1197 396 τὰς
1234 347 1382 402 τρίχας

121 433 347 483 αὔξεσθαι,
376 427 450 478 τάς
479 442 521 469 τε
553 427 600 468 ἐν
627 430 680 482 τῇ
709 431 880 483 κεφαλῇ
909 426 983 469 καὶ
1005 429 1068 483 τῷ
1086 427 1250 483 γενείῳ.
1274 426 1382 477 τέως

90 509 381 565 3ἐξυρημένοι.
441 511 556 550 τοῖσι
593 505 673 563 μὲν
720 505 890 549 ἄλλοισι
937 503 1207 560 ἀνθρώποισι
1250 506 1382 561 χωρὶς

115 590 284 644 θηρίων
330 587 473 630 δίαιτα
515 584 810 639 οἷποκέκριταν

737 663 822 708 ἀπὸ
860 662 1035 717 πυρέων
1074 663 1147 707 καὶ
1182 663 1405 718 κριθέωυΙ

86 669 311 722 4θηρίοισι
340 664 366 721 ἡ
399 663 542 708 δίαιτά
573 665 673 709 ἐστι.

115 742 244 790 ὧλλοι
286 744 466 799 ζώουσι·

872 586 1151 640 Αἰγυπτίοισι
1190 585 1236 628 δὲ
1266 584 1380 640 ὁμοῦ

527 746 780 800 Αἰγυπτίων
821 744 867 787 δὲ
904 746 964 800 τῷ
1009 742 1253 800 ποιευμένῳ
1293 740 1378 787 ἀπὸ

112 826 280 869 τούτων
305 824 382 880 τὴν
414 823 536 880 ζόην,
577 825 745 876 ὄνειδος
773 821 978 880 μέγιστόν
1006 822 1118 866 ἐστι·
1151 821 1258 866 ἄλλοι
1293 820 1374 866 ἆπὸ

111 904 309 959 ὀλυρέων
338 909 567 949 ποιεῦνται
598 906 733 956 σιτία,
761 903 836 956 τὰς
867 901 978 956 ζειὰς
1005 903 1266 958 μετεξέτεροι
1296 920 1376 947 κα-

111 1089 365 1143 Αἰγυπτίοισι
391 1087 434 1130 δὲ
465 1087 568 1142 ὁμοῦ
588 1089 708 1143 θηρί-

56 1157 134 1187 οισι
179 1144 209 1198 ἦ
245 1144 377 1187 δίαιτα
418 1147 521 1194 ε’στι]
577 1148 708 1187 δίαιτα

56 1204 201 1242 omnino
222 1206 318 1241 vitae
338 1209 394 1243 est
423 1207 537 1252 ratio,
567 1204 711 1242 vivendi

55 1260 174 1298 modus
196 1273 239 1298 ac
260 1261 378 1310 locus,
408 1267 448 1299 ut
468 1262 505 1309 I,
526 1262 592 1303 35.
615 1261 705 1302 157.

55 1317 110 1364 11,
162 1318 216 1359 68
239 1346 250 1365 ‚
309 1332 401 1369 quos
453 1318 551 1355 locos
599 1318 708 1355 affert

53 1373 256 1423 Schweigh.
291 1374 412 1425 Atque
430 1375 583 1423 eandem
603 1387 709 1425 pror-

54 1443 114 1468 sus
142 1431 286 1468 vivendi
312 1433 490 1471 rationem
523 1431 707 1468 hominum

55 1500 132 1524 cum
153 1487 278 1525 bestiis
299 1489 505 1526 domesticis
525 1487 707 1537 hodieque

53 1544 208 1581 advertit
245 1545 282 1581 in
318 1544 490 1596 Aegypto
538 1544 709 1582 Minutoli

55 1600 186 1648 (Reise
214 1601 307 1638 nach
336 1602 419 1639 dem
439 1601 474 1639 Τ
479 1601 594 1651 empel
617 1602 705 1649 etc.)

54 1670 90 1706 p.
111 1657 204 1698 243.
247 1656 314 1694 Cr.
341 1659 388 1695 ad
409 1658 443 1695 h.
463 1658 486 1694 l.
514 1658 707 1707 adscripsit

54 1711 159 1750 haec:
190 1741 213 1760 ‚,
225 1713 283 1751 Cf.
304 1714 433 1763 Zoega
463 1715 510 1751 de
538 1713 705 1751 obelisco.

53 1783 90 1819 p.
113 1771 193 1810 283
215 1782 291 1818 seq.
311 1774 347 1807 et
364 1771 448 1808 add.
463 1770 642 1820 Descript.
660 1771 707 1808 de

53 1824 148 1873 l‘Eg.
178 1825 247 1863 vol.
279 1826 310 1863 II
340 1840 374 1877 p.
405 1829 508 1875 331,
539 1827 600 1863 ubi
629 1827 708 1864 ani-

53 1881 159 1918 malia
177 1887 338 1921 veterum
357 1883 621 1934 Aegyptiorum
641 1884 708 1920 do-

53 1939 202 1976 mestica
224 1945 488 1987 memorantur3
518 1941 553 1978 in
577 1940 706 1988 quibus

53 1998 173 2033 tamen
203 2009 276 2032 non
313 1997 457 2034 fuerunt
490 2001 526 2034 ct
555 1995 704 2047 elephas

54 2054 91 2089 et
118 2052 316 2090 cameluS.“
374 2054 486 2098 Quod
512 2058 705 2102 utrumque

53 2107 184 2145 anImal
210 2109 246 2146 in
269 2109 485 2161 anaglyphis
511 2123 553 2148 ac
576 2122 706 2147 monu-

53 2165 181 2203 mentis
206 2164 439 2216 Aegyptiacis
477 2180 557 2205 cum
594 2166 704 2216 vulgo

53 2222 183 2260 deesse
206 2227 396 2273 putaretur
414 2253 425 2272 ‚
459 2236 481 2261 a
512 2237 552 2262 se
578 2223 705 2260 inven-

51 2281 126 2315 tum
149 2292 228 2317 esse
248 2284 353 2317 notat
369 2280 538 2317 Minutoli
561 2278 585 2316 l.
604 2280 702 2316 laud.

51 2347 138 2384 pag.
164 2336 257 2378 293.
330 2336 452 2374 Valuit
479 2342 601 2376 autem
636 2336 705 2374 hoc

52 2391 147 2429 vitae
177 2393 279 2442 quasi
313 2394 534 2432 consortium
563 2393 701 2430 anima-

52 2446 137 2484 lium
164 2452 272 2497 atque
298 2448 480 2487 hominum
508 2451 555 2488 ad
573 2462 702 2488 conse-

53 2504 187 2540 cranda
205 2509 241 2541 et
260 2507 474 2544 medicanda
494 2505 701 2544 animalium

54 2571 226 2610 corpora,
273 2574 346 2611 quo
376 2567 518 2614 spectat
548 2564 701 2612 zoegae
740 2611 742 2613 ‚

53 2613 76 2653 l.
92 2614 115 2651 l.
155 2614 216 2652 Tu
233 2617 303 2655 vid.
322 2624 413 2657 nott.
432 2620 480 2658 ad
500 2619 555 2667 II,
575 2623 642 2662 67·

111 2664 190 2710 οἷπό
218 2666 388 2725 ὀλυρέων
411 2678 617 2716 ποιεῦνται
638 2687 698 2715 σι·-

53 2725 141 2773 τία,
170 2724 238 2775 τοές
259 2727 360 2779 ζειοὶς
375 2731 611 2785 μετεξέτεροι
631 2747 700 2772 κα-

54 2781 207 2834 λέουσι]
248 2783 349 2834 ζειοῖς
382 2790 583 2840 recepimus
619 2803 699 2828 cum

54 2843 202 2877 recentt.
219 2854 285 2890 pro
302 2843 397 2893 vulg.
419 2841 521 2892 ζεᾶς.
577 2845 701 2896 Atque

52 2895 314 2947 Buttmannus‚
341 2906 512 2940 monente
539 2901 606 2940 Cr.
619 2930 630 2949 ‚
661 2903 700 2939 in

774 1086 941 1137 Lexilog.
985 1101 1073 1139 pag.
1112 1089 1192 1131 198
1230 1088 1431 1136 contendit,

776 1141 901 1194 ὅλυρα
920 1145 1208 1195 antiquissimam
1231 1145 1352 1182 hordea·
1365 1158 1433 1196 ap-

775 1201 1008 1252 pellationem
1026 1215 1108 1240 esse
1130 1202 1290 1251 indeque
1316 1201 1431 1240 simile

774 1258 943 1295 frumenti
961 1271 1077 1307 genus
1100 1258 1308 1307 designare.
1362 1257 1432 1295 Cui

775 1326 849 1352 non
869 1327 1131 1365 usquequaque
1162 1315 1220 1352 hic
1249 1315 1432 1363 suffraga-

774 1375 833 1407 tur
845 1371 958 1408 locus.
1016 1370 1114 1409 Nam
1144 1372 1190 1408 ab
1219 1371 1342 1408 hordeo
1375 1372 1431 1408 di-

774 1440 917 1465 versum
938 1440 1039 1475 esse,
1069 1442 1113 1466 ex
1131 1428 1429 1466 antecedentibus

775 1485 862 1521 satis
889 1483 1126 1535 perspicitur3
1161 1486 1209 1522 ad
1237 1497 1430 1523 commune

774 1542 846 1591 τῆς
867 1542 954 1588 ζεᾶς
981 1554 1096 1589 genus
1128 1542 1347 1591 pertinuisse
1377 1541 1430 1578 vi-

775 1597 882 1635 detur
908 1594 1028 1648 ὅλυρα
1060 1603 1234 1647 tanquam
1274 1599 1427 1650 species,

776 1653 886 1697 Quod
907 1654 1003 1692 enim
1022 1654 1250 1702 distinguunt
1273 1662 1309 1693 et
1329 1657 1428 1692 trita·-

775 1723 853 1747 cum
883 1710 1008 1760 Spelta
1048 1710 1243 1759 (Dinkel)
1281 1716 1318 1749 et
1347 1711 1429 1749 Zea

775 1766 940 1817 (Spelz),
970 1772 1163 1817 utrumque
1183 1768 1292 1805 etiam
1313 1781 1429 1818 equo-

774 1837 853 1860 rum
883 1823 1054 1875 pabulum
1099 1824 1278 1871 (Homer.
1311 1825 1351 1862 11.
1380 1825 1427 1872 V,

778 1880 878 1928 196)
910 1884 947 1919 et
975 1881 1155 1919 communi
1180 1881 1279 1918 Zeas
1299 1881 1428 1932 appel-

774 1936 909 1975 latione
937 1936 1132 1975 indicatum
1149 1965 1160 1985 ,
1195 1937 1283 1974 illud
1311 1938 1341 1975 si
1367 1951 1428 1975 ac-

773 1994 931 2030 curatius
960 1993 1142 2043 loquaris‚
1183 1990 1329 2045 ὅλνρα,
1358 1994 1428 2032 hoc

773 2046 837 2096 ζεά
855 2051 1030 2102 appellari
1049 2051 1170 2089 debet.
1187 2050 1270 2087 Vid.
1284 2052 1426 2101 Spren-

772 2106 842 2156 gel.
865 2107 947 2144 hist.
972 2108 1096 2145 botan.
1126 2107 1140 2144 Ι
1168 2120 1254 2157 pag.
1272 2109 1327 2149 36
1347 2107 1426 2145 coll.

770 2176 856 2214 pag.
889 2166 954 2205 60.
1030 2164 1070 2201 ln
1109 2164 1305 2202 Homerico
1345 2164 1425 2202 loco

771 2221 907 2269 Odyss.
928 2220 991 2269 lV,
1011 2220 1067 2262 42
1097 2220 1260 2259 Nitzsch.
1281 2235 1317 2271 p.
1341 2222 1426 2263 236

772 2273 875 2324 ζειοές
898 2278 1158 2328 interpretatur
1173 2277 1286 2327 farra
1311 2278 1426 2323 (Din-

769 2333 849 2382 kel)
872 2335 1069 2372 secundum
1087 2334 1215 2383 Virgil.
1237 2334 1375 2384 Georg.
1396 2334 1424 2382 l,

770 2392 846 2437 73,
876 2391 937 2428 ubi
959 2391 1031 2429 vid.
1063 2391 1091 2428 Ι.
1112 2390 1161 2428 Η.
1182 2391 1313 2437 Voss.;
1341 2391 1423 2428 aliis

768 2451 891 2485 tamen
919 2447 1006 2485 locis
1043 2447 1111 2496 (ll.
1130 2447 1178 2496 V,
1202 2449 1294 2489 196.
1322 2447 1422 2496 Vlll,

768 2503 871 2554 564)
892 2505 989 2542 idem
1008 2504 1177 2543 frumenti
1201 2518 1316 2553 genus
1338 2501 1424 2544 ὅλυ-

768 2576 843 2613 ραν
868 2562 937 2599 dici
953 2565 1087 2599 monet.
1126 2560 1179 2598 Ac
1197 2560 1306 2599 Link.
1328 2561 1425 2610 (Ur-

767 2618 850 2656 welt
867 2622 932 2656 etc.
960 2632 997 2669 p.
1014 2619 1116 2665 212)
1137 2619 1285 2655 nomina
1305 2618 1424 2656 Grae-

767 2687 809 2712 ca
829 2671 910 2721 ζειοὶ
941 2680 1052 2724 atque
1079 2671 1203 2726 ὅλυρα
1231 2674 1317 2712 nihil
1350 2675 1423 2712 nisi

769 2731 877 2782 Spelz
905 2731 1110 2781 significare
1131 2730 1229 2779 vult,
1259 2744 1342 2771 cum
1358 2744 1423 2768 va-

766 2789 828 2825 riis
850 2788 1073 2839 temporibus
1093 2788 1203 2824 modo
1223 2788 1293 2826 hoc
1311 2788 1423 2825 modo

767 2845 856 2882 illud
884 2857 1019 2883 nomen
1043 2845 1080 2882 in
1100 2858 1168 2882 usu
1187 2845 1304 2882 suerit.
1361 2843 1421 2880 Ad

766 2901 997 2939 Herodotum
1030 2905 1071 2938 ut
1096 2904 1257 2939 revertar
1273 2929 1286 2949 ,
1325 2899 1421 2936 infra
