1759 3324
511 237 933 278 EUTERPE.
988 238 1032 275 II.

1312 241 1395 281 581

104 350 215 393 8τὸν
243 351 339 394 Δία.
385 346 488 398 τούς
517 347 562 390 δὲ
590 345 744 401 κριούς
774 344 828 388 οὐ
857 343 1021 389 θύουσι
1054 348 1264 401 Θηβαῖοι,
1297 343 1392 389 ἀλλ’

132 430 214 471 εἰσί
240 441 318 481 σφι
358 427 449 478 ἱροὶ
489 425 560 468 διὰ
590 429 734 468 τοῦτο.

783 429 862 482 μιῇ
892 425 937 468 δὲ
964 423 1101 480 ἡμέρῃ
1131 428 1212 468 τοῦ
1243 425 1389 468 ἐνιαυ-

131 510 235 560 τοῦ,
279 505 326 547 ἐν
355 504 462 560 ὁρτῇ
490 507 572 546 τοῦ
600 502 733 556 Διὸς,
783 503 912 557 κριόν
952 503 1028 546 ἕνα
1069 503 1450 554 κατακόψαντεςΒό

130 584 202 627 καὶ
240 581 568 636 ἀποδείραντες,
619 581 729 626 κατὰ
766 581 905 626 τώυτὸ
944 580 1149 626 ἐνδύουσι
1189 580 1393 636 τῶγαλμα

127 666 207 706 τοῦ
235 659 365 714 Διὸς,
394 661 469 704 καὶ
499 661 642 704 ἔπειτα
673 659 779 704 ἄλλο
802 659 974 718 ἄγαλμα
998 661 1230 716 Ἡρακλέος
1254 672 1391 717 προσ-

100 740 285 796 9οέγουσι
325 738 435 795 πρὸς
466 737 588 783 αὐτό.
628 743 767 783 ταῦτα
805 740 851 784 δὲ
880 739 1162 796 ποιήσαντες,
1205 737 1392 783 τύπτον-

124 836 196 863 ται
221 821 265 863 οἱ
295 819 392 874 περὶ
423 819 501 862 τὸν
532 818 628 874 ἷρόν
658 818 844 871 ἅπαντες
871 819 951 863 τόν
969 818 1121 875 κριόν,
1152 818 1224 863 καὶ
1248 819 1394 863 ἔπειτα

127 899 175 942 ἐν
198 900 272 955 ἱρῇ
299 898 416 955 θήκῃ
444 897 666 942 θάπτουσι
700 896 849 943 αὐτόν.
1403 899 1450 937 40

70 1083 203 1125 λέουσι
230 1081 301 1124 τόν
327 1083 430 1130 Δία]
476 1083 599 1133 Vulgo
634 1078 722 1134 Ἀμ-

72 1144 193 1193 μοῦν,
214 1142 314 1191 quod
335 1154 415 1177 cum
435 1140 550 1177 Gaisf.
571 1140 724 1177 mutavi-

69 1212 149 1236 mus
166 1199 203 1235 in
220 1193 382 1249 Ἀμοῦν,
410 1198 623 1234 auctoritate
643 1196 724 1233 libri

69 1254 408 1292 Schellershemiani
437 1254 624 1303 ipsiusque
646 1252 723 1289 Eu-

71 1311 195 1348 stathii
215 1311 262 1347 ad
278 1310 388 1347 Dion.
405 1309 548 1357 Perieg.
559 1321 611 1345 vs.
627 1311 721 1350 211.

73 1388 121 1395 —-
155 1366 262 1413 „Nec
277 1365 381 1403 aliter
400 1366 480 1402 eod.
502 1364 723 1402 Parisdam-

68 1423 174 1460 blichi
201 1423 248 1459 de
275 1421 428 1472 Myster.
451 1421 554 1468 VIII,
577 1425 602 1462 ὃ
632 1421 720 1470 ibiq.

71 1479 152 1517 Gal.
174 1493 209 1529 p.
233 1481 325 1520 302.
375 1478 496 1527 Atque
518 1477 611 1514 hanc
635 1478 722 1515 scri-

69 1539 210 1587 pturam
252 1547 376 1573 veram
411 1534 621 1585 pronuntiat
663 1534 722 1570 Ia-

71 1591 213 1630 blonski
233 1591 281 1638 II,
306 1595 333 1632 2
352 1604 390 1641 p.
419 1593 498 1632 166
529 1603 605 1639 seq.
631 1591 720 1627 etin

70 1649 179 1686 Voce.
199 1646 356 1697 Aegypt.
371 1660 408 1697 p.
431 1648 485 1688 30
507 1660 583 1696 seq.
622 1645 721 1683 Ean-

70 1706 154 1742 dem
184 1704 338 1741 servavit
360 1702 539 1740 Plutarch.
568 1703 614 1739 de
635 1702 724 1739 Isid.

70 1776 106 1812 p-
133 1759 227 1802 354-
261 1759 362 1807 453,
401 1760 494 1796 duas
524 1758 630 1795 huius
660 1772 724 1795 vo—

70 1818 120 1855 cis
150 1816 404 1866 explicationes
432 1817 643 1866 proferens,
673 1814 725 1852 al-

69 1878 183 1911 teram
202 1872 448 1919 Manethonis‚
462 1871 638 1909 Hecataei
649 1871 725 1908 Ab-

70 1930 209 1967 deritae
237 1930 396 1967 alteram.
434 1927 515 1965 Alia
538 1932 727 1965 tentarunt

70 1985 313 2031 recentiores3
342 1985 414 2022 vid.
442 1983 627 2020 lablonski
654 1984 676 2021 l.
699 1984 722 2021 l.

71 2043 156 2091 ibiq.
188 2041 247 2079 Te
275 2041 413 2080 Water.
447 2040 550 2083 Quas
571 2041 652 2078 lites
669 2041 725 2077 di-

71 2098 177 2135 remit
207 2111 323 2148 nuper
355 2097 583 2147 Champollio
616 2098 651 2133 in
681 2096 724 2133 li-

74 2155 159 2192 bro:
185 2153 358 2205 l’Egypte
374 2168 402 2191 s,
414 2153 466 2190 les
484 2153 584 2204 phar.
601 2153 723 2201 I‚217

73 2224 163 2260 seq„
184 2212 246 2260 qui
267 2224 307 2249 se
323 2211 361 2247 in
377 2210 490 2247 lexico
512 2211 655 2260 coptico
669 2211 724 2247 bi-

74 2266 197 2303 blioth.
221 2280 300 2316 reg.
326 2266 441 2304 Paris.
462 2267 642 2316 reperisse
667 2270 724 2304 te—

75 2327 210 2370 statur,
240 2336 320 2361 eam
340 2322 563 2371 significare:
593 2323 723 2372 gloria,

74 2378 259 2426 celsitudo,
285 2379 454 2427 sublimis,
486 2391 637 2428 eamque
655 2393 723 2429 ap-

73 2434 303 2485 pellationem
319 2439 419 2473 recte
430 2436 560 2475 eadere
575 2437 612 2473 in
624 2436 725 2486 prin-

75 2493 192 2540 cipem
207 2492 356 2529 deorum
372 2491 531 2542 Aegypti
551 2493 723 2530 omnium.

75 2547 197 2595 Atque
218 2548 446 2586 Iablonskius
471 2549 508 2584 in
528 2549 659 2586 Panth,
678 2548 725 2595 Il,

78 2606 104 2643 2
122 2600 157 2652 ἓ
180 2601 216 2642 5.
233 2606 271 2644 7.
309 2605 422 2642 Amun
442 2605 625 2656 accipiens
644 2610 725 2642 tan-

77 2670 186 2705 quam
205 2659 374 2708 lucidum,
394 2661 490 2698 hunc
508 2661 726 2699 Ammonem

79 2713 287 2752 Thebarum
313 2717 398 2754 dicit
427 2730 509 2754 esse
538 2719 725 2755 introitum

80 2769 164 2806 solis
186 2770 222 2806 in
239 2772 379 2820 siguum
401 2775 536 2820 arietis,
557 2775 581 2811 i.
596 2788 626 2812 e.
649 2774 724 2825 pri-

79 2825 222 2863 mordia
234 2828 337 2865 veris.
360 2828 579 2878 Obloquitur
591 2830 728 2868 lomar-

81 2881 149 2918 dus
172 2881 209 2919 in
234 2881 413 2936 Descript.
442 2886 489 2923 de
518 2885 540 2923 l'
549 2886 619 2936 Eg.
640 2885 678 2935 Ι,
698 2887 726 2927 3

790 1096 828 1135 p,
850 1085 903 1125 16
923 1095 999 1132 seq.
1019 1094 1160 1132 negans
1179 1083 1217 1121 in
1244 1083 1357 1120 ariete
1384 1095 1450 1119 an-

791 1140 944 1189 tiquitus
974 1139 1067 1176 veris
1089 1139 1190 1176 initia
1214 1153 1243 1178 s.
1277 1140 1450 1189 aequino-

792 1196 900 1233 ctium
933 1208 1083 1232 vernum
1115 1196 1247 1233 fuisse:
1278 1196 1315 1232 in
1345 1200 1449 1232 tauro

790 1253 914 1303 potius
944 1252 1066 1289 fuisse.
1113 1251 1332 1289 Continetur
1359 1251 1448 1288 haec

791 1321 848 1345 res
870 1321 948 1345 cum
973 1307 1144 1345 universa
1168 1308 1310 1345 ratione
1334 1307 1449 1344 Fran-

791 1364 1033 1413 cogallorum,
1064 1364 1126 1413 qui
1154 1377 1271 1414 nuper
1299 1364 1346 1400 de
1375 1364 1450 1399 Zo-

791 1421 902 1458 diacis
929 1433 995 1471 per
1028 1419 1162 1469 templa
1188 1419 1449 1470 Aegyptiorum

788 1481 932 1514 vetusta
943 1476 1058 1513 obviis
1076 1477 1324 1526 disputarunt3
1341 1489 1448 1525 quam

791 1547 860 1582 ego
883 1533 1081 1570 diiudicare
1100 1546 1168 1570 nec
1183 1532 1286 1580 volo,
1316 1547 1396 1579 nec,
1419 1534 1449 1569 si

790 1590 920 1635 velim,
950 1589 1127 1640 possimss
1175 1589 1346 1627 Creuzer.
1378 1589 1400 1626 l.
1425 1589 1447 1626 l.

790 1660 825 1698 p.
846 1648 938 1688 159-
965 1648 1058 1686 160.

847 1697 1204 1741 τύπτονται--τόν
1221 1697 1351 1751 κριόν]
1373 1701 1394 1737 i.
1416 1714 1448 1738 e.

791 1759 971 1796 verberant
1002 1771 1037 1794 se
1067 1760 1210 1794 arietem
1234 1757 1390 1806 lugentes
1418 1772 1446 1794 s.

785 1815 963 1866 plangunt
982 1817 1135 1851 arietem.
1156 1813 1214 1851 De
1232 1810 1450 1851 τύπτεσθαι

792 1874 862 1909 hoc
878 1871 1083 1920 significatu
1100 1870 1253 1907 diximus
1265 1870 1312 1906 ad
1326 1869 1372 1916 II,
1383 1872 1448 1910 61.

792 1950 848 1956 —-
876 1928 957 1975 „Ac
984 1927 1068 1964 vide
1093 1927 1278 1975 quomodo
1299 1926 1447 1963 arietem

793 1985 948 2022 caedant
966 1982 1136 2020 Thebani
1155 1986 1192 2020 et
1216 1983 1373 2020 eundem
1394 1986 1449 2019 ta-

791 2053 874 2078 men
886 2040 1072 2091 plangant.
1100 2038 1280 2076 Nimirum
1293 2039 1451 2076 caedunt

790 2097 889 2135 haud
928 2096 1037 2133 dubie
1076 2096 1125 2132 ad
1170 2095 1450 2143 significandum

790 2153 982 2191 transitum
1011 2151 1117 2199 solis,
1154 2151 1335 2203 plangunt
1362 2164 1450 2201 pro-

791 2214 875 2261 pter
913 2209 1118 2255 Osiridem,
1175 2211 1306 2258 utpote
1351 2207 1449 2244 cuius

792 2267 974 2316 quaedam
989 2265 1112 2312 imago
1130 2267 1194 2301 aut
1221 2263 1397 2314 particula
1413 2263 1450 2300 in

792 2336 836 2361 eo
853 2323 951 2359 hirco
970 2321 1140 2358 obierit.“
1158 2320 1221 2358 Cr.
1234 2320 1256 2357 l.
1267 2320 1289 2356 l.
1302 2333 1342 2370 p.
1356 2322 1448 2368 160,

792 2379 855 2429 qui
876 2379 973 2417 idem
984 2381 1115 2429 postea
1130 2376 1221 2414 haec
1239 2376 1449 2426 adscripsit:

793 2436 979 2484 „Adhibet
997 2435 1086 2471 haec
1103 2433 1298 2483 lnghiraini
1313 2433 1350 2469 in
1365 2432 1450 2468 Mo-

792 2492 958 2530 numenti
976 2489 1144 2527 Etruschi
1165 2490 1214 2526 ad
1235 2490 1309 2526 tab.
1326 2488 1379 2530 45
1392 2488 1449 2526 de’

794 2549 872 2587 vasi
894 2547 988 2586 fittili
1005 2559 1091 2598 pag.
1113 2545 1194 2586 444
1215 2545 1321 2594 seq.“

850 2604 893 2645 ἐν
928 2604 996 2657 ἱρῇ
1025 2597 1164 2656 θήκῃ]
1223 2598 1361 2652 θήκην
1393 2601 1452 2637 hie

793 2662 902 2711 vulgo
931 2660 1095 2698 reddimt
1117 2658 1278 2695 loculum.
1319 2657 1451 2695 Melius

793 2717 997 2766 Schweigh.
1013 2715 1220 2765 sepulcrum,
1242 2728 1323 2753 cum
1339 2710 1450 2765 θήκη

793 2775 986 2813 Herodoto
1010 2773 1056 2810 sit
1085 2771 1314 2809 conditorium
1340 2785 1369 2808 s.
1390 2782 1452 2806 ca-

793 2843 907 2878 mera,
952 2828 1109 2880 plurimu
1146 2840 1310 2865 arcarum
1337 2838 1451 2876 capax

793 2891 830 2926 et
841 2887 934 2925 arcis
947 2884 1161 2937 recipiendis
1173 2884 1366 2931 destinata,
1374 2894 1452 2919 mo-
