1759 3324
13 586 82 634 50

515 235 936 278 EUTERPE.
990 234 1036 273 11.
1310 236 1394 277 601

135 352 256 408 παρὰ
289 349 472 405 Κάδμου
502 362 546 390 τε
583 350 666 390 τοῦ
701 346 889 400 Τυρίου,
941 344 1016 387 καὶ
1043 346 1132 386 τῶν
1159 342 1243 386 σύν
1273 342 1394 403 αὐτῷ

137 431 184 474 ἐκ
220 430 425 483 Φοινίκης
455 423 730 482 ἀπικομένων
769 425 811 475 ἐς
851 422 930 479 τήν
958 426 1044 466 νῦν
1073 424 1288 479 Βοιωτίην
1317 440 1396 467 κα-

138 508 343 565 λεομένην
370 504 527 562 χώρην.

247 584 412 642 Σχεδὸν
442 585 487 628 δὲ
527 584 600 627 καὶ
636 582 777 626 πάντα
814 582 866 625 τοὶ
905 580 1130 637 οὐνόματα
1160 583 1247 623 τῶν
1273 584 1393 623 θεῶν
1448 581 1730 651 ggffiffiffimffgg}

136 666 178 718 ἐξ
207 664 428 720 Αἰγύπτου
458 662 638 720 ἐλήλυθε
667 662 709 714 ἐς
734 661 815 719 τήν
839 661 1034 705 Ἑλλάδα.
1067 659 1177 704 διότι
1206 659 1286 716 μὲν
1311 659 1394 715 γάρ
1453 656 1732 718 ιζ’ξὶζςὲςὲῗὶἲὲῖξωῗ

1453 725 1522 743 num
1542 716 1578 743 ab
1591 716 1669 743 Afris
1683 725 1730 742 es-

137 745 184 788 ἐκ
220 748 306 787 τῶν
344 741 584 799 βαρβάρων
628 741 743 797 ἥκει,
792 739 1128 796 πυνθανόμενος
1165 738 1279 784 οὕτω
1323 736 1731 818 εὖ-Ίὸἱῗίἳξὲἳῗέἒεηοη

137 825 272 880 ρίσκω
312 822 407 867 ἐόν·
468 820 604 865 δοκέω
645 820 692 864 δ’
726 815 788 863 ὦν
825 819 1009 875 μάλιστα
1048 817 1126 862 ἀπ’
1173 817 1400 874 Αἰγύπτου

109 900 336 959 Ξᾶπῐχθαι.
367 901 433 945 ὅτι
466 900 550 956 γὰρ
581 899 634 956 δή
665 899 721 956 μὴ
747 899 1064 951 Ποσειδέωνος,
1089 898 1162 942 καὶ
1181 897 1398 942 Διοσκού-

138 998 230 1039 ρων
243 1014 254 1034 ,
285 980 344 1033 ὥς
359 981 432 1025 καὶ
451 977 666 1036 πρότερόν
684 996 760 1036 μοι
781 982 918 1023 ταῦτα
935 980 1123 1034 εἴρηται,
1154 978 1227 1022 καὶ
1245 976 1399 1034 ‘'Hong,

85 1204 226 1250 quanta
248 1200 394 1237 omnino
411 1198 558 1237 inhisce
578 1198 740 1249 reperia-

85 1262 144 1295 tur
173 1257 327 1294 varietas
353 1268 536 1305 quamque
562 1255 636 1293 late
668 1267 738 1305 pa-

83 1317 186 1352 teant
202 1313 292 1351 haec
318 1312 398 1362 ipsa
424 1313 656 1360 antiquorum
675 1311 740 1348 he—

84 1382 187 1408 roum
218 1368 360 1418 (quales
382 1369 546 1405 feruntur
564 1368 739 1413 Cadmus,

84 1425 310 1475 Melampus,
339 1423 426 1472 alii)
458 1425 628 1471 nomina,
659 1424 740 1473 qui-

84 1484 150 1521 bus
174 1493 437 1531 saepenumero
449 1480 617 1518 universa
629 1481 739 1530 stirps

87 1543 150 1576 aut
186 1550 277 1587 gens
316 1537 551 1586 designatur,
589 1538 636 1574 ab
664 1549 739 1573 uno

87 1595 147 1632 illo
165 1595 283 1632 abavo
304 1593 410 1631 huius
444 1593 598 1630 nominis
629 1593 742 1641 origi-

87 1664 170 1689 nem
189 1651 338 1688 ducens.
396 1649 458 1687 Tu
485 1651 580 1687 conf.
610 1649 742 1688 Creuz.

89 1706 254 1757 Symbol.
272 1705 322 1744 111
339 1719 375 1757 p.
398 1707 488 1747 141.

146 1789 186 1838 ἔς
204 1786 277 1842 τήν
295 1791 372 1829 νῦν
396 1789 593 1841 Βοιωτίην
611 1791 744 1829 καλεο-

89 1844 214 1900 μένην
230 1841 391 1898 χώρην]
413 1847 510 1884 Olim
532 1847 627 1884 enim
649 1846 739 1883 haec

89 1904 211 1953 regio,
240 1915 335 1954 quae
356 1915 376 1940 a
403 1903 553 1941 Boeotis
574 1916 594 1940 e
613 1902 738 1940 Thes-

91 1960 179 1998 salia
199 1959 320 1998 eiectis
331 1959 508 1997 Boeotiae
527 1972 660 1996 nomen
682 1971 742 1995 ac-

91 2017 209 2067 cepit,
270 2015 430 2053 Cadmeis
477 2015 741 2066 appellabatur.

89 2073 174 2111 Vid.
195 2071 401 2121 Thucydid.
422 2071 460 2119 Ι,
484 2074 538 2114 12
558 2071 636 2109 coll.
649 2071 743 2109 Dio-

91 2130 169 2169 dor.
189 2128 299 2167 Sicul2
319 2127 383 2177 IV,
405 2131 471 2170 67.

310 2240 439 2292 Cap.
480 2239 527 2278 L.

151 2321 286 2376 σχεδὸν
306 2322 349 2365 δὲ
368 2323 436 2364 καὶ
455 2321 587 2365 πάντα
611 2320 659 2364 vo?
679 2318 748 2364 οὕ-

93 2375 249 2432 νόματα
275 2383 356 2421 τῶν
376 2383 486 2422 θεῶν
508 2397 545 2421 κ.
563 2396 596 2420 τ.
619 2379 668 2432 λ.]
705 2380 747 2418 ln

94 2438 310 2476 contrariam
325 2442 467 2489 partem
477 2467 489 2486 ‚
506 2442 550 2476 ut
559 2438 654 2476 hunc
669 2450 748 2475 mo·-

95 2494 144 2531 do
162 2506 440 2533 commemorem
451 2522 463 2541 ‚
483 2495 648 2545 disputat
659 2493 748 2531 Plu-

94 2550 208 2588 tarch.
219 2551 268 2590 de
282 2551 430 2600 malign.
445 2551 587 2588 Herod.
602 2564 639 2601 p.
652 2549 748 2598 857,

96 2605 144 2644 D.
164 2606 219 2653 E;
257 2619 328 2645 nec
366 2608 516 2645 defuere
557 2607 747 2645 recentiori

96 2665 237 2710 aetate,
266 2664 330 2713 qui
355 2664 511 2701 eandem
532 2664 579 2701 ob
603 2675 749 2700 causam

97 2717 341 2757 obtrectarent
368 2719 583 2767 Herodoto,
640 2731 750 2768 quem

99 2775 243 2821 tamen,
270 2787 311 2813 re
329 2775 540 2825 diligentius
553 2775 750 2826 pensitata,

99 2827 158 2864 vix
174 2828 341 2869 incusare
359 2831 481 2870 licebit
495 2833 627 2870 erroris
647 2844 750 2869 men-

101 2883 259 2933 daciivc,
295 2886 327 2923 si
355 2888 504 2938 quidem
535 2889 611 2926 eius
640 2888 751 2926 verba

805 1198 997 1236 maximam
1033 1201 1175 1248 partem
1212 1199 1380 1248 spectant
1407 1196 1458 1234 ad

806 1256 954 1292 nomina
965 1255 1116 1292 deorum
1133 1253 1318 1304 Aegyptia
1337 1254 1375 1291 in
1390 1253 1460 1290 lin-

806 1324 916 1360 guam
955 1311 1132 1347 Graecam
1170 1310 1365 1356 translata,
1408 1310 1460 1346 ita

808 1372 848 1404 ut
860 1367 1033 1417 Aegyptii
1046 1367 1253 1404 sacerdotes
1266 1366 1328 1413 illi,
1342 1366 1460 1404 Grae-

807 1437 929 1460 corum
957 1423 1122 1472 magistri
1152 1427 1188 1460 et
1221 1423 1325 1472 quasi
1353 1435 1462 1472 prae-

807 1485 996 1529 ceptores,
1028 1492 1108 1516 eam
1137 1480 1292 1517 numinis
1312 1478 1461 1516 alicuius

807 1537 1010 1583 notionem,
1029 1548 1124 1585 quae
1144 1548 1165 1572 a
1182 1536 1332 1572 rudibus
1344 1535 1463 1573 Grae-

810 1594 861 1631 cis
883 1592 1019 1630 facilius
1052 1593 1222 1641 cognosci
1250 1605 1293 1630 ac
1322 1592 1462 1642 percipi

810 1649 989 1700 potuerit,
1010 1648 1047 1685 in
1059 1649 1282 1686 Graecorum
1302 1648 1463 1697 linguam

811 1704 1054 1743 converterint
1078 1705 1210 1754 deique
1235 1717 1369 1742 nomen
1394 1704 1464 1742 hoc

812 1762 922 1799 modo
948 1761 1090 1798 Graece
1123 1761 1354 1812 interpretati
1379 1760 1462 1797 sint.

811 1817 923 1855 Plura
956 1817 1128 1854 Creuzer.
1170 1818 1209 1854 in
1241 1816 1401 1866 Symbol.
1431 1815 1467 1853 ΙΙ

807 1887 844 1925 p.
867 1875 949 1915 282
970 1895 1026 1901 —
1044 1876 1139 1916 292.
1219 1873 1349 1922 Itaque
1378 1872 1466 1910 nihil

808 1930 868 1968 isti
886 1930 1097 1979 proficiunt,
1128 1929 1189 1979 qui
1213 1929 1262 1966 ad
1282 1929 1466 1967 Herodoti

808 1985 1052 2024 testimouium
1074 1986 1367 2023 labefactandum
1385 1986 1467 2036 ipsa

813 2041 1078 2092 Aegyptiorum
1107 2046 1220 2091 atque
1242 2042 1469 2079 Graecorum

815 2099 966 2136 deorum
977 2099 1124 2135 nomina
1135 2098 1372 2135 dissimillima
1382 2110 1471 2148 pro-

814 2156 959 2203 ferunt,
989 2168 1069 2192 cum
1101 2167 1145 2193 ea
1169 2167 1217 2193 ne
1248 2155 1360 2205 ipsius
1389 2153 1472 2203 qui-

816 2211 899 2250 dem
930 2211 1115 2249 Herodoti
1138 2211 1248 2249 fuerit
1275 2210 1469 2249 sententia.

873 2263 976 2307 οὕτω
1017 2266 1187 2320 εὑρίσκω
1227 2262 1297 2307 ἐόν
1317 2265 1334 2318 ]
1372 2267 1394 2303 i.
1437 2280 1471 2304 e.

813 2326 970 2372 „inveni
999 2323 1061 2361 hoc
1089 2327 1144 2362 ita
1163 2325 1273 2362 esse.“
1331 2323 1470 2361 Confer

813 2379 948 2418 Matth.
970 2381 1035 2418 Gr.
1063 2381 1130 2418 Gr.
1149 2394 1237 2431 pag.
1259 2383 1378 2422 1077.
1424 2378 1468 2416 In

814 2450 918 2487 seqq.
942 2438 991 2475 ad
1018 2433 1078 2477 ὅτι
1101 2434 1157 2488 μή
1185 2438 1470 2488 (praeterquam,

814 2495 904 2543 nisi)
934 2495 1029 2531 conf.
1050 2494 1078 2542 Ι,
1098 2495 1163 2535 18.
1184 2496 1276 2535 143.
1305 2493 1353 2541 ΙΙ,
1375 2494 1439 2534 13.

873 2548 927 2597 ὥς
953 2549 1022 2588 καὶ
1042 2545 1237 2602 πρότερόν
1259 2564 1327 2600 μοι
1346 2550 1471 2600 ταῦτα

817 2604 997 2658 εἴρηται]
1034 2607 1118 2644 Vid.
1161 2618 1270 2657 supra
1306 2605 1362 2653 113
1402 2607 1470 2646 43.

814 2661 1013 2701 Dioscuros
1050 2664 1213 2701 Graecos
1244 2662 1305 2700 ubi
1339 2661 1471 2700 intelli-

817 2723 910 2768 gunt
928 2720 1083 2757 Cabiros
1096 2747 1104 2763 ‚
1125 2719 1188 2769 qui
1204 2718 1471 2769 Aegyptiorum

816 2776 981 2813 feruntur
1001 2776 1069 2823 dii,
1080 2775 1167 2813 illud
1184 2775 1385 2813 tenendum
1403 2777 1472 2820 est,

819 2831 1042 2870 Graecorum
1063 2831 1319 2881 Tyndaridas,
1342 2832 1475 2868 Casto-

817 2901 895 2927 rem
917 2893 1031 2940 atque
1047 2887 1232 2927 Pollucem
1247 2917 1260 2936 ‚
1288 2900 1381 2938 quos
1408 2885 1474 2923 hc-
