1759 3324
357 254 441 294 782
774 247 1241 288 HERODOTI

197 361 298 406 128
357 361 404 405 δὲ
435 360 583 416 ἔλεγον
612 363 824 416 Χεφρῆνα
851 359 897 411 ἓξ
926 359 999 402 καὶ
1033 356 1302 413 πεντήκοντα
1333 356 1441 399 ἔτεα.
1478 357 1627 398 Ταῦτα

26 425 102 453 011ἰο
129 425 257 461 cheopia
276 429 307 453 et

27 459 231 500 thnlireiiiS,
251 462 306 486 Ae-

25 499 307 595 {iiffldlggmffiviffi}
363 520 525 562 πτίοισί
561 534 606 560 τε
634 521 781 561 πᾶσαν
808 515 922 561 εἶναι
950 515 1192 573 κακότητα,
1232 517 1306 560 καὶ
1334 517 1387 559 τὰ
1417 513 1491 569 ἱρὰ
1522 511 1626 569 χρό-

26 593 82 623 dis.

364 439 407 492 ἕξ
436 456 480 483 τε
515 439 588 482 καὶ
628 438 783 482 ἑκατὸν
821 439 1064 493 λογίζονται
1104 437 1220 490 ἔτεα,
1270 438 1316 481 ἐν
1345 441 1457 480 τοῖσι
1488 435 1682 489 Αἶγυ-65

302 704 460 741 eminere
481 700 664 738 existimat
692 699 806 747 (conf.
828 701 958 751 Zoega

303 761 350 796 de
372 757 537 794 obeliscc.
556 770 642 806 pag.
662 756 744 796 400
775 763 849 794 not.
874 760 958 806 19).

304 815 377 859 Qui
400 814 494 850 idem
513 813 605 849 hanc
625 813 849 862 pyramidem
872 827 959 850 con-

303 872 414 907 ditam
436 882 516 906 esse
543 869 666 906 scribit
693 881 802 917 super
829 870 958 907 tubere

303 929 521 974 exsurgente
539 937 559 962 e
584 938 712 974 campo
733 937 856 972 saxeo,
878 930 958 962 arte

304 987 403 1020 secto
433 987 546 1030 atque
572 980 825 1030 complanato,
853 983 960 1032 pedi-

302 1041 445 1087 busque
466 1038 618 1086 triginta
637 1041 792 1086 quatuor
803 1039 958 1076 editiore

303 1108 414 1146 quam
435 1095 480 1131 sit
509 1094 624 1130 solum
649 1094 779 1144 prioris
801 1095 960 1145 pyrami-

303 1153 370 1190 dis.
429 1150 576 1198 Reliqui
614 1150 807 1200 scriptores
844 1151 960 1199 (nam

304 1209 401 1246 solus
458 1207 680 1244 Niebuhrius
731 1207 961 1246 altitudinem

304 1277 451 1302 mensus
471 1267 547 1312 est)
566 1268 706 1300 tantum
727 1269 962 1312 annotarunt,

305 1322 398 1359 hanc
415 1320 640 1371 pyramidem
656 1320 777 1371 priore
797 1321 962 1359 altiorem

306 1390 509 1428 apparere,
540 1390 584 1414 eo
616 1377 715 1426 quod
736 1378 812 1414 saxi
833 1379 962 1415 tubere

305 1435 476 1484 imposita
488 1437 595 1480 esset,
611 1446 831 1483 quamquam
843 1436 963 1485 ipsum

306 1490 511 1528 aedificium
524 1489 631 1540 paulo
652 1491 768 1527 minus
781 1492 837 1528 sit.
857 1492 963 1529 Haec

307 1548 438 1595 zoega
466 1547 488 1583 l.
519 1546 541 1582 l.
571 1559 658 1596 pag.
680 1546 761 1588 409
790 1553 864 1584 not.
888 1547 962 1593 153

307 1618 328 1641 e
348 1616 420 1653 quo
448 1603 577 1640 eodem
599 1603 669 1639 alia
695 1605 875 1652 quaedam
896 1605 962 1640 ad-

306 1661 415 1698 iicere
434 1659 536 1696 lubet
556 1660 602 1697 de
621 1660 690 1695 situ
700 1660 802 1697 huius
815 1661 961 1698 alterius

304 1716 504 1768 pyramidis
546 1720 583 1753 et
628 1716 805 1754 hodierno
855 1722 962 1754 statu.

306 1774 383 1811 Ubi
409 1773 505 1810 enim
538 1785 560 1809 a
589 1785 746 1820 magnae
763 1774 962 1824 pyramidis

307 1829 444 1879 angulo
466 1842 597 1879 passus
624 1830 765 1867 circiter
786 1832 961 1868 ducentos

304 1887 541 1938 progrederis
564 1886 612 1922 ad
632 1887 839 1933 meridiem,
858 1887 962 1924 venis

307 1944 356 1980 ad
377 1942 548 1991 angulum
571 1943 751 1981 secundae
769 1944 872 1981 huius
892 1957 960 1993 py-

306 2000 456 2036 ramidis
497 2011 655 2048 magnae
693 2001 789 2036 ortui
823 2001 961 2038 aestivo

307 2056 545 2092 obiacentem.
594 2055 753 2092 Condita
771 2061 827 2093 est
853 2070 962 2106 super

306 2112 434 2148 tubere
457 2116 693 2160 exsurgente3
727 2113 775 2149 ad
793 2114 961 2150 occiden-

306 2171 380 2204 tem
403 2172 440 2204 et
461 2168 744 2217 septentrionem
764 2170 861 2206 fossa
885 2169 961 2205 cin-

307 2224 406 2272 gitur
426 2223 500 2260 lata
524 2224 638 2273 pedes
656 2225 724 2261 XC
745 2238 786 2262 ac
806 2238 897 2275 rupe
913 2226 961 2262 ad

305 2280 457 2328 triginta
482 2280 619 2329 pedum
648 2280 873 2318 altitudinem
904 2294 962 2318 se-

306 2340 388 2382 cta,
416 2336 455 2372 in
475 2336 574 2372 cuius
594 2336 713 2373 fronte
733 2338 850 2375 excisa
878 2341 962 2374 sunt

307 2397 414 2429 antra
444 2392 623 2440 quadrata
652 2393 745 2431 serie
778 2394 961 2430 continua.

307 2447 452 2485 Paucae
481 2448 519 2484 in
551 2448 604 2484 his
638 2453 749 2486 notae
778 2449 962 2498 hierogly-

306 2504 455 2555 phicae3
486 2504 616 2553 quibus
642 2506 833 2554 insigniter
851 2506 962 2542 deco-

305 2573 368 2598 rae
397 2563 480 2597 sunt
509 2559 603 2598 aliae
623 2574 799 2599 cavernae
828 2561 876 2599 ad
904 2574 964 2598 or-

305 2621 385 2654 tum
403 2616 613 2654 brumalem.
670 2616 769 2656 Ante
789 2617 964 2655 orientale

309 2673 402 2710 latus
422 2677 615 2710 cernuntur
636 2675 804 2723 quadrati
836 2674 962 2724 templi

311 2730 385 2767 sive
414 2729 581 2766 vestibuli
607 2731 740 2768 rudera
764 2743 966 2782 praegran-

311 2786 418 2823 dibus
459 2785 641 2835 lapidibus
677 2787 813 2824 structi.
883 2786 966 2836 Ipsa

311 2843 564 2891 magnitudine
602 2856 670 2892 par
708 2857 788 2881 esse
826 2844 966 2879 videtur

313 2899 424 2949 priori
444 2899 641 2949 pyramidi:
671 2900 892 2938 Niebuhrius
915 2898 967 2935 al-

1025 707 1101 739 tam
1121 701 1261 739 invenit
1272 701 1388 750 pedes
1409 696 1682 743 CCCCXLIH,

1026 758 1183 807 amplam
1212 758 1249 793 in
1270 757 1382 794 latere
1411 755 1548 793 boreali
1567 755 1681 805 pedes

1024 813 1178 851 DCCV.
1237 813 1408 849 Summus
1440 816 1564 849 vertex
1597 824 1682 847 acu-

1025 873 1082 906 tus
1116 873 1171 906 est
1202 873 1239 905 et
1271 869 1415 917 integer
1445 873 1482 905 et
1518 868 1683 917 superior

1025 925 1225 975 pyramidis
1252 937 1337 974 pars
1362 937 1477 973 usque
1503 925 1551 960 ad
1568 924 1682 974 pedes

1026 981 1058 1018 L
1095 981 1189 1017 infra
1219 981 1357 1031 apicem
1382 981 1500 1018 adhuc
1519 984 1685 1017 contecta

1027 1041 1084 1076 est
1099 1037 1278 1088 lapidibus
1297 1041 1465 1075 accurate
1483 1035 1684 1085 laevigatis,

1027 1095 1089 1143 qui
1116 1095 1164 1131 ad
1204 1093 1291 1131 solis
1331 1095 1452 1131 radios
1490 1092 1684 1143 splendere

1030 1151 1223 1197 dicuntur3
1246 1150 1383 1199 reliqua
1400 1164 1485 1200 pars
1506 1162 1622 1199 aeque
1640 1161 1684 1186 ac

1028 1208 1158 1257 prioris
1179 1207 1377 1258 pyramidis
1395 1207 1531 1253 latera,
1554 1205 1683 1242 ablatis

1030 1265 1174 1301 extimis
1210 1265 1302 1300 saxis
1321 1292 1332 1310 ‚
1389 1264 1525 1312 gradus
1564 1261 1685 1309 offert,

1028 1334 1096 1370 per
1116 1333 1209 1370 quos
1227 1320 1373 1358 ascendi
1399 1323 1535 1371 potest.
1592 1318 1687 1356 Nul-

1029 1377 1102 1413 lum
1138 1378 1174 1414 in
1221 1376 1289 1413 hac
1313 1377 1501 1427 pyramide
1531 1375 1686 1426 adparet

1031 1434 1117 1470 ostii
1157 1433 1328 1470 indicium
1348 1461 1360 1479 ‚
1416 1447 1484 1470 nec
1523 1443 1684 1481 unquam

1031 1490 1178 1527 omnino
1198 1490 1316 1526 aditus
1337 1490 1373 1526 in
1388 1503 1431 1527 ea
1449 1490 1562 1526 fuisse
1582 1489 1686 1526 vide-

1028 1550 1087 1583 tur
1112 1559 1220 1597 supra
1240 1546 1370 1594 solum,
1393 1547 1459 1584 sed
1478 1559 1545 1597 per
1559 1545 1684 1595 sphin-

1030 1616 1114 1652 gem
1138 1603 1233 1640 illam
1254 1603 1470 1650 immanem,
1493 1614 1588 1652 quae
1598 1614 1685 1638 con-

1031 1660 1179 1709 spicitur
1216 1664 1301 1697 ante
1341 1660 1500 1697 mediam
1525 1657 1686 1709 pyrami·

1031 1717 1115 1753 dem
1135 1717 1172 1752 in
1189 1715 1302 1753 latere
1329 1715 1496 1754 orientali
1516 1715 1684 1765 passibus

1029 1773 1108 1810 fere
1147 1773 1318 1810 trecentis
1359 1773 1405 1809 ab
1446 1784 1490 1809 ea
1519 1774 1684 1817 remota3

1031 1830 1270 1867 subterraneo
1304 1833 1428 1866 meatu
1463 1829 1512 1866 ad
1541 1828 1686 1865 intimos

1028 1899 1192 1923 recessus
1218 1890 1363 1923 ventum
1389 1899 1469 1923 esse
1496 1883 1687 1922 verisimile

1029 1947 1097 1980 est.
1157 1943 1260 1979 Haec
1277 1946 1314 1979 et
1332 1942 1405 1979 alia
1421 1942 1573 1990 Zoiiga,
1595 1953 1689 1990 quo-

1030 2012 1110 2036 cum
1131 1999 1240 2036 etiam
1259 1999 1469 2037 conferend.
1488 1997 1600 2036 Beck.
1617 1997 1641 2034 l.
1664 1996 1686 2033 l.

1028 2068 1115 2106 pag.
1134 2056 1230 2097 713.

1199 2224 1309 2275 Cap.
1341 2221 1546 2261 cxan.

1087 2337 1212 2374 ταῦτα
1233 2333 1272 2381 ἕξ
1295 2348 1335 2373 τε
1358 2332 1427 2372 καὶ
1454 2330 1596 2373 ἑκατόν
1623 2334 1688 2372 λο-

1031 2391 1206 2444 γίζονται
1230 2390 1316 2429 ἔτεα
1334 2405 1369 2428 κ.
1389 2405 1421 2428 τ.
1442 2393 1490 2436 λ.]
1512 2391 1610 2427 Sunt
1631 2389 1687 2426 ni-

1031 2449 1160 2485 mirum
1186 2447 1452 2497 quinquaginta
1483 2447 1592 2494 anni,
1621 2458 1688 2496 per

1031 2518 1123 2554 quos
1157 2505 1327 2553 Cheops,
1359 2508 1396 2540 et
1424 2503 1689 2552 quinquaginta

1032 2573 1120 2607 sex,
1165 2572 1231 2609 qer
1264 2573 1356 2609 quos
1397 2560 1592 2608 Chephren
1631 2571 1687 2596 re-

1032 2629 1142 2666 gnum
1166 2617 1281 2653 tenuit
1302 2616 1385 2663 (ll,
1411 2618 1521 2663 127).
1535 2614 1688 2651 -Mox

1033 2668 1232 2722 κακότητα
1252 2672 1413 2721 intelligo
1434 2673 1686 2717 calamitatem,

1033 2729 1154 2773 malm
1183 2730 1278 2765 conf.
1298 2729 1349 2774 ll,
1377 2727 1466 2770 124.
1497 2724 1688 2767 τοσούτου

1034 2781 1180 2836 χρόνου
1203 2785 1301 2821 haud
1320 2785 1422 2821 aliter
1435 2784 1689 2834 explicandum

1034 2847 1146 2890 atque
1167 2841 1219 2888 ll,
1244 2841 1322 2882 115
1354 2843 1475 2893 τριῶν
1495 2839 1688 2893 ἡμερέων,

1035 2899 1096 2935 ubi
1116 2898 1185 2935 vid.
1206 2901 1282 2934 not.
