<?xml version="1.0" encoding="UTF-8"?>
<!DOCTYPE html PUBLIC "-//W3C//DTD XHTML 1.0 Transitional//EN"
    "http://www.w3.org/TR/xhtml1/DTD/xhtml1-transitional.dtd">
<html xmlns="http://www.w3.org/1999/xhtml" xml:lang="en" lang="en">
 <head>
  <title>
</title>
<meta http-equiv="Content-Type" content="text/html;charset=utf-8" />
  <meta name='ocr-system' content='tesseract 3.04.00' />
  <meta name='ocr-capabilities' content='ocr_page ocr_carea ocr_par ocr_line ocrx_word'/>
</head>
<body>
  <div class='ocr_page' id='page_1' title='image "./musaeher01hero/musaeher01hero_0429.png"; bbox 0 0 1759 3324; ppageno 0'>
   <div class='ocr_carea' id='block_1_1' title="bbox 640 278 943 316">
    <p class='ocr_par' dir='ltr' id='par_1_1' title="bbox 640 278 943 316">
     <span class='ocr_line' id='line_1_1' title="bbox 640 278 943 316; baseline 0 0"><span class='ocrx_word' id='word_1_1' title='bbox 640 278 943 316; x_wconf 84' lang='lat' dir='ltr'>cL10.1.</span> 
     </span>
    </p>
   </div>
   <div class='ocr_carea' id='block_1_2' title="bbox 1337 279 1422 319">
    <p class='ocr_par' dir='ltr' id='par_1_2' title="bbox 1337 279 1422 319">
     <span class='ocr_line' id='line_1_2' title="bbox 1337 279 1422 319; baseline 0 0"><span class='ocrx_word' id='word_1_2' title='bbox 1337 279 1422 319; x_wconf 81' lang='lat'>411</span> 
     </span>
    </p>
   </div>
   <div class='ocr_carea' id='block_1_3' title="bbox 135 383 1423 443">
    <p class='ocr_par' dir='ltr' id='par_1_3' title="bbox 135 383 1423 443">
     <span class='ocr_line' id='line_1_3' title="bbox 135 383 1423 443; baseline -0.002 -12"><span class='ocrx_word' id='word_1_3' title='bbox 135 389 250 435; x_wconf 74' lang='lat' dir='ltr'>236oe</span> <span class='ocrx_word' id='word_1_4' title='bbox 284 389 467 435; x_wconf 78' lang='grc' dir='ltr'>ἐδύνατο</span> <span class='ocrx_word' id='word_1_5' title='bbox 503 383 698 443; x_wconf 75' lang='grc' dir='ltr'><em>μάλιστα.</em></span> <span class='ocrx_word' id='word_1_6' title='bbox 759 389 922 442; x_wconf 80' lang='grc' dir='ltr'><em>Πρῶτα</em></span> <span class='ocrx_word' id='word_1_7' title='bbox 956 387 1036 443; x_wconf 78' lang='grc' dir='ltr'>μὲν</span> <span class='ocrx_word' id='word_1_8' title='bbox 1071 385 1150 430; x_wconf 84' lang='grc' dir='ltr'>τὸν</span> <span class='ocrx_word' id='word_1_9' title='bbox 1178 383 1423 442; x_wconf 78' lang='grc' dir='ltr'><em>Εὐφρήτην</em></span> 
     </span>
    </p>
   </div>
   <div class='ocr_carea' id='block_1_4' title="bbox 163 463 1479 762">
    <p class='ocr_par' dir='ltr' id='par_1_4' title="bbox 163 463 1479 762">
     <span class='ocr_line' id='line_1_4' title="bbox 164 463 1479 525; baseline -0.006 -12"><span class='ocrx_word' id='word_1_10' title='bbox 164 468 382 525; x_wconf 82' lang='grc' dir='ltr'>ποταμόν,</span> <span class='ocrx_word' id='word_1_11' title='bbox 431 465 586 521; x_wconf 80' lang='grc' dir='ltr'><strong><em>ῥέοντα</em></strong></span> <span class='ocrx_word' id='word_1_12' title='bbox 623 463 841 520; x_wconf 86' lang='grc' dir='ltr'><em>πρότερον</em></span> <span class='ocrx_word' id='word_1_13' title='bbox 883 466 1008 517; x_wconf 79' lang='grc' dir='ltr'><strong><em>ἰθὺν,</em></strong></span> <span class='ocrx_word' id='word_1_14' title='bbox 1049 464 1097 517; x_wconf 80' lang='grc' dir='ltr'>ὅς</span> <span class='ocrx_word' id='word_1_15' title='bbox 1124 476 1204 521; x_wconf 86' lang='grc' dir='ltr'><em>σφι</em></span> <span class='ocrx_word' id='word_1_16' title='bbox 1239 464 1310 509; x_wconf 67' lang='lat' dir='ltr'>dno?</span> <span class='ocrx_word' id='word_1_17' title='bbox 1350 469 1479 522; x_wconf 81' lang='grc' dir='ltr'><em>τῆς35</em></span> 
     </span>
     <span class='ocr_line' id='line_1_5' title="bbox 163 542 1425 602; baseline -0.003 -10"><span class='ocrx_word' id='word_1_18' title='bbox 163 546 315 598; x_wconf 84' lang='grc' dir='ltr'><strong><em>πόλιος</em></strong></span> <span class='ocrx_word' id='word_1_19' title='bbox 342 545 474 602; x_wconf 80' lang='grc' dir='ltr'><strong><em>μέσης</em></strong></span> <span class='ocrx_word' id='word_1_20' title='bbox 501 543 608 600; x_wconf 74' lang='grc' dir='ltr'><strong><em>ῥέει,</em></strong></span> <span class='ocrx_word' id='word_1_21' title='bbox 647 548 826 597; x_wconf 86' lang='grc' dir='ltr'><em>τοῦτον,</em></span> <span class='ocrx_word' id='word_1_22' title='bbox 864 545 1038 589; x_wconf 75' lang='grc' dir='ltr'><strong><em>ἄνωθεν</em></strong></span> <span class='ocrx_word' id='word_1_23' title='bbox 1070 543 1288 600; x_wconf 75' lang='grc' dir='ltr'><em>διώρυχας</em></span> <span class='ocrx_word' id='word_1_24' title='bbox 1317 542 1425 600; x_wconf 83' lang='grc' dir='ltr'><em>ὀρύ-</em></span> 
     </span>
     <span class='ocr_line' id='line_1_6' title="bbox 165 622 1425 681; baseline -0.003 -12"><span class='ocrx_word' id='word_1_25' title='bbox 165 627 294 679; x_wconf 73' lang='grc' dir='ltr'><em>ξασα,</em></span> <span class='ocrx_word' id='word_1_26' title='bbox 341 623 458 668; x_wconf 79' lang='grc' dir='ltr'><em>οὕτω</em></span> <span class='ocrx_word' id='word_1_27' title='bbox 489 623 542 681; x_wconf 81' lang='grc' dir='ltr'>δή</span> <span class='ocrx_word' id='word_1_28' title='bbox 570 642 610 668; x_wconf 92' lang='grc' dir='ltr'>τι</span> <span class='ocrx_word' id='word_1_29' title='bbox 642 625 814 681; x_wconf 81' lang='grc' dir='ltr'><em>ἐποίησε</em></span> <span class='ocrx_word' id='word_1_30' title='bbox 854 624 1057 676; x_wconf 79' lang='grc' dir='ltr'><em>σκολιόν,</em></span> <span class='ocrx_word' id='word_1_31' title='bbox 1108 622 1217 667; x_wconf 72' lang='grc' dir='ltr'><em>ὥστε</em></span> <span class='ocrx_word' id='word_1_32' title='bbox 1247 622 1301 679; x_wconf 84' lang='grc' dir='ltr'>δὴ</span> <span class='ocrx_word' id='word_1_33' title='bbox 1332 623 1425 677; x_wconf 78' lang='grc' dir='ltr'><em>τρὶς</em></span> 
     </span>
     <span class='ocr_line' id='line_1_7' title="bbox 164 700 1425 762; baseline -0.002 -13"><span class='ocrx_word' id='word_1_34' title='bbox 164 704 208 756; x_wconf 78' lang='grc' dir='ltr'>ἐς</span> <span class='ocrx_word' id='word_1_35' title='bbox 235 707 325 747; x_wconf 74' lang='grc' dir='ltr'>τῶν</span> <span class='ocrx_word' id='word_1_36' title='bbox 353 703 452 747; x_wconf 69' lang='lat' dir='ltr'>nvo}</span> <span class='ocrx_word' id='word_1_37' title='bbox 483 704 663 760; x_wconf 81' lang='grc' dir='ltr'><strong><em>κωμέων</em></strong></span> <span class='ocrx_word' id='word_1_38' title='bbox 690 709 780 748; x_wconf 76' lang='grc' dir='ltr'>τῶν</span> <span class='ocrx_word' id='word_1_39' title='bbox 824 705 871 748; x_wconf 79' lang='grc' dir='ltr'>ἐν</span> <span class='ocrx_word' id='word_1_40' title='bbox 911 709 965 762; x_wconf 85' lang='grc' dir='ltr'>τῇ</span> <span class='ocrx_word' id='word_1_41' title='bbox 994 703 1197 759; x_wconf 81' lang='grc' dir='ltr'><em>Ἀσσυρίῃ</em></span> <span class='ocrx_word' id='word_1_42' title='bbox 1229 700 1425 746; x_wconf 80' lang='grc' dir='ltr'><strong><em>ἀπικνέε-</em></strong></span> 
     </span>
    </p>
   </div>
   <div class='ocr_carea' id='block_1_5' title="bbox 136 780 1426 842">
    <p class='ocr_par' dir='ltr' id='par_1_5' title="bbox 136 780 1426 842">
     <span class='ocr_line' id='line_1_8' title="bbox 136 780 1426 842; baseline 0 -16"><span class='ocrx_word' id='word_1_43' title='bbox 136 790 237 827; x_wconf 77' lang='grc' dir='ltr'><em>Βται</em></span> <span class='ocrx_word' id='word_1_44' title='bbox 266 782 390 839; x_wconf 79' lang='grc' dir='ltr'><strong><em>ῥέων.</em></strong></span> <span class='ocrx_word' id='word_1_45' title='bbox 448 787 501 841; x_wconf 86' lang='grc' dir='ltr'>τῇ</span> <span class='ocrx_word' id='word_1_46' title='bbox 532 784 578 828; x_wconf 83' lang='grc' dir='ltr'>δὲ</span> <span class='ocrx_word' id='word_1_47' title='bbox 615 783 741 842; x_wconf 80' lang='grc' dir='ltr'><strong><em>κώμῃ</em></strong></span> <span class='ocrx_word' id='word_1_48' title='bbox 782 782 951 841; x_wconf 73' lang='grc' dir='ltr'><strong><em>οὔνομά</em></strong></span> <span class='ocrx_word' id='word_1_49' title='bbox 989 783 1101 837; x_wconf 78' lang='grc' dir='ltr'><em>ἐστι,</em></span> <span class='ocrx_word' id='word_1_50' title='bbox 1149 782 1192 834; x_wconf 81' lang='grc' dir='ltr'>ἐς</span> <span class='ocrx_word' id='word_1_51' title='bbox 1220 781 1300 839; x_wconf 86' lang='grc' dir='ltr'>τὴν</span> <span class='ocrx_word' id='word_1_52' title='bbox 1330 780 1426 826; x_wconf 73' lang='grc' dir='ltr'><em>ἀπι-</em></span> 
     </span>
    </p>
   </div>
   <div class='ocr_carea' id='block_1_6' title="bbox 111 894 386 901">
    <p class='ocr_par' dir='ltr' id='par_1_6' title="bbox 111 894 386 901">
     <span class='ocr_line' id='line_1_9' title="bbox 111 894 386 901; baseline 0 2423"><span class='ocrx_word' id='word_1_53' title='bbox 111 894 386 901; x_wconf 95' lang='lat' dir='ltr'> </span> 
     </span>
    </p>
   </div>
   <div class='ocr_carea' id='block_1_7' title="bbox 99 956 781 2987">
    <p class='ocr_par' dir='ltr' id='par_1_7' title="bbox 99 956 764 1068">
     <span class='ocr_line' id='line_1_10' title="bbox 99 956 764 1009; baseline -0.002 -10"><span class='ocrx_word' id='word_1_54' title='bbox 99 956 209 1008; x_wconf 82' lang='grc' dir='ltr'><strong><em>”Ινα,</em></strong></span> <span class='ocrx_word' id='word_1_55' title='bbox 236 962 278 996; x_wconf 92' lang='lat' dir='ltr'>ut</span> <span class='ocrx_word' id='word_1_56' title='bbox 296 971 340 997; x_wconf 89' lang='lat' dir='ltr'>ea</span> <span class='ocrx_word' id='word_1_57' title='bbox 355 959 440 997; x_wconf 90' lang='lat' dir='ltr'>urbs</span> <span class='ocrx_word' id='word_1_58' title='bbox 459 959 696 1009; x_wconf 85' lang='lat' dir='ltr'>intelligatur,</span> <span class='ocrx_word' id='word_1_59' title='bbox 716 959 764 998; x_wconf 88' lang='lat' dir='ltr'>de</span> 
     </span>
     <span class='ocr_line' id='line_1_11' title="bbox 111 1015 486 1068; baseline 0.003 -15"><span class='ocrx_word' id='word_1_60' title='bbox 111 1028 184 1068; x_wconf 92' lang='lat' dir='ltr'>qua</span> <span class='ocrx_word' id='word_1_61' title='bbox 201 1028 311 1066; x_wconf 85' lang='lat' dir='ltr'>supra</span> <span class='ocrx_word' id='word_1_62' title='bbox 330 1015 369 1063; x_wconf 88' lang='lat' dir='ltr'>l,</span> <span class='ocrx_word' id='word_1_63' title='bbox 394 1017 486 1057; x_wconf 85' lang='lat'><strong>179.</strong></span> 
     </span>
    </p>

    <p class='ocr_par' dir='ltr' id='par_1_8' title="bbox 112 1067 763 1351">
     <span class='ocr_line' id='line_1_12' title="bbox 168 1067 761 1124; baseline 0.002 -13"><span class='ocrx_word' id='word_1_64' title='bbox 168 1069 332 1111; x_wconf 65' lang='grc' dir='ltr'><strong><em>ἄνωθεν</em></strong></span> <span class='ocrx_word' id='word_1_65' title='bbox 352 1068 550 1124; x_wconf 72' lang='grc' dir='ltr'><em>διώρυχας</em></span> <span class='ocrx_word' id='word_1_66' title='bbox 574 1067 761 1123; x_wconf 73' lang='grc' dir='ltr'><em>ὀρύξασα]</em></span> 
     </span>
     <span class='ocr_line' id='line_1_13' title="bbox 113 1125 763 1180; baseline -0.002 -11"><span class='ocrx_word' id='word_1_67' title='bbox 113 1125 276 1169; x_wconf 60' lang='grc' dir='ltr'><strong><em>ἄνωθεν</em></strong></span> <span class='ocrx_word' id='word_1_68' title='bbox 317 1129 395 1166; x_wconf 84' lang='lat' dir='ltr'>scil.</span> <span class='ocrx_word' id='word_1_69' title='bbox 427 1131 500 1180; x_wconf 81' lang='grc' dir='ltr'>τῆς</span> <span class='ocrx_word' id='word_1_70' title='bbox 524 1131 763 1180; x_wconf 78' lang='grc' dir='ltr'><strong><em>Βαβυλῶνος</em></strong></span> 
     </span>
     <span class='ocr_line' id='line_1_14' title="bbox 112 1182 762 1235; baseline -0.003 -10"><span class='ocrx_word' id='word_1_71' title='bbox 112 1182 278 1233; x_wconf 80' lang='grc' dir='ltr'><em>πόλιος,</em></span> <span class='ocrx_word' id='word_1_72' title='bbox 316 1189 356 1222; x_wconf 91' lang='lat' dir='ltr'>ut</span> <span class='ocrx_word' id='word_1_73' title='bbox 384 1186 454 1222; x_wconf 88' lang='lat' dir='ltr'>iam</span> <span class='ocrx_word' id='word_1_74' title='bbox 486 1186 680 1235; x_wconf 86' lang='lat' dir='ltr'>Breigerus</span> <span class='ocrx_word' id='word_1_75' title='bbox 715 1187 762 1223; x_wconf 94' lang='lat' dir='ltr'>de</span> 
     </span>
     <span class='ocr_line' id='line_1_15' title="bbox 114 1241 763 1294; baseline 0 -14"><span class='ocrx_word' id='word_1_76' title='bbox 114 1241 249 1281; x_wconf 89' lang='lat' dir='ltr'>difficil.</span> <span class='ocrx_word' id='word_1_77' title='bbox 284 1241 425 1279; x_wconf 88' lang='lat' dir='ltr'>Herod.</span> <span class='ocrx_word' id='word_1_78' title='bbox 462 1243 664 1294; x_wconf 75' lang='lat' dir='ltr'>geograph,</span> <span class='ocrx_word' id='word_1_79' title='bbox 694 1241 763 1280; x_wconf 87' lang='lat' dir='ltr'>loc.</span> 
     </span>
     <span class='ocr_line' id='line_1_16' title="bbox 113 1298 605 1351; baseline 0 -15"><span class='ocrx_word' id='word_1_80' title='bbox 113 1311 201 1351; x_wconf 86' lang='lat' dir='ltr'>pag.</span> <span class='ocrx_word' id='word_1_81' title='bbox 218 1300 275 1341; x_wconf 78' lang='lat'>42</span> <span class='ocrx_word' id='word_1_82' title='bbox 292 1298 386 1336; x_wconf 91' lang='lat' dir='ltr'>bene</span> <span class='ocrx_word' id='word_1_83' title='bbox 405 1305 605 1337; x_wconf 84' lang='lat' dir='ltr'><strong>monuerat.</strong></span> 
     </span>
    </p>

    <p class='ocr_par' dir='ltr' id='par_1_9' title="bbox 113 1350 781 2987">
     <span class='ocr_line' id='line_1_17' title="bbox 172 1350 763 1407; baseline 0 -13"><span class='ocrx_word' id='word_1_84' title='bbox 172 1351 271 1395; x_wconf 74' lang='grc' dir='ltr'><em>ὥστε</em></span> <span class='ocrx_word' id='word_1_85' title='bbox 297 1352 349 1405; x_wconf 74' lang='grc' dir='ltr'>δή</span> <span class='ocrx_word' id='word_1_86' title='bbox 376 1354 461 1407; x_wconf 84' lang='grc' dir='ltr'><em>τρὶς</em></span> <span class='ocrx_word' id='word_1_87' title='bbox 490 1354 530 1401; x_wconf 80' lang='grc' dir='ltr'>ἐς</span> <span class='ocrx_word' id='word_1_88' title='bbox 563 1357 646 1394; x_wconf 75' lang='grc' dir='ltr'>τῶν</span> <span class='ocrx_word' id='word_1_89' title='bbox 674 1350 763 1394; x_wconf 63' lang='lat' dir='ltr'>nvo?</span> 
     </span>
     <span class='ocr_line' id='line_1_18' title="bbox 113 1407 764 1467; baseline -0.002 -16"><span class='ocrx_word' id='word_1_90' title='bbox 113 1409 280 1462; x_wconf 81' lang='grc' dir='ltr'><strong><em>κωμέων</em></strong></span> <span class='ocrx_word' id='word_1_91' title='bbox 310 1413 392 1450; x_wconf 72' lang='grc' dir='ltr'>τῶν</span> <span class='ocrx_word' id='word_1_92' title='bbox 425 1410 469 1451; x_wconf 81' lang='grc' dir='ltr'>ἐν</span> <span class='ocrx_word' id='word_1_93' title='bbox 492 1413 545 1465; x_wconf 81' lang='grc' dir='ltr'>τῇ</span> <span class='ocrx_word' id='word_1_94' title='bbox 578 1407 764 1467; x_wconf 78' lang='grc' dir='ltr'><em>Ἀσσυρίῃ</em></span> 
     </span>
     <span class='ocr_line' id='line_1_19' title="bbox 114 1463 765 1519; baseline -0.003 -11"><span class='ocrx_word' id='word_1_95' title='bbox 114 1463 342 1508; x_wconf 67' lang='grc' dir='ltr'><strong><em>ἐπικνέεται</em></strong></span> <span class='ocrx_word' id='word_1_96' title='bbox 378 1489 435 1496; x_wconf 93' lang='lat'>—-</span> <span class='ocrx_word' id='word_1_97' title='bbox 473 1466 498 1508; x_wconf 75' lang='grc' dir='ltr'><em>ὅ</em></span> <span class='ocrx_word' id='word_1_98' title='bbox 530 1464 765 1519; x_wconf 68' lang='grc' dir='ltr'><em>Εὐφρήτης,</em></span> 
     </span>
     <span class='ocr_line' id='line_1_20' title="bbox 114 1522 766 1577; baseline -0.006 -12"><span class='ocrx_word' id='word_1_99' title='bbox 114 1522 364 1577; x_wconf 83' lang='grc' dir='ltr'><em>Λρδὲρικκα]</em></span> <span class='ocrx_word' id='word_1_100' title='bbox 403 1524 545 1562; x_wconf 84' lang='lat' dir='ltr'>Primus</span> <span class='ocrx_word' id='word_1_101' title='bbox 562 1524 766 1563; x_wconf 88' lang='lat' dir='ltr'>Larcherus</span> 
     </span>
     <span class='ocr_line' id='line_1_21' title="bbox 114 1581 767 1631; baseline -0.003 -11"><span class='ocrx_word' id='word_1_102' title='bbox 114 1581 184 1620; x_wconf 91' lang='lat' dir='ltr'>hoc</span> <span class='ocrx_word' id='word_1_103' title='bbox 203 1581 381 1631; x_wconf 86' lang='lat' dir='ltr'>explicare</span> <span class='ocrx_word' id='word_1_104' title='bbox 405 1585 442 1619; x_wconf 89' lang='lat' dir='ltr'>et</span> <span class='ocrx_word' id='word_1_105' title='bbox 462 1582 587 1619; x_wconf 86' lang='lat' dir='ltr'>addita</span> <span class='ocrx_word' id='word_1_106' title='bbox 605 1582 767 1620; x_wconf 89' lang='lat' dir='ltr'>delinea-</span> 
     </span>
     <span class='ocr_line' id='line_1_22' title="bbox 114 1637 768 1676; baseline -0.002 0"><span class='ocrx_word' id='word_1_107' title='bbox 114 1638 215 1676; x_wconf 80' lang='lat' dir='ltr'>tione</span> <span class='ocrx_word' id='word_1_108' title='bbox 233 1637 412 1675; x_wconf 91' lang='lat' dir='ltr'>illustrare</span> <span class='ocrx_word' id='word_1_109' title='bbox 427 1639 645 1676; x_wconf 84' lang='lat' dir='ltr'>sententiam</span> <span class='ocrx_word' id='word_1_110' title='bbox 664 1651 768 1675; x_wconf 85' lang='lat' dir='ltr'>suam</span> 
     </span>
     <span class='ocr_line' id='line_1_23' title="bbox 117 1695 769 1732; baseline -0.002 0"><span class='ocrx_word' id='word_1_111' title='bbox 117 1697 267 1732; x_wconf 88' lang='lat' dir='ltr'>conatus</span> <span class='ocrx_word' id='word_1_112' title='bbox 292 1697 360 1732; x_wconf 90' lang='lat' dir='ltr'>est.</span> <span class='ocrx_word' id='word_1_113' title='bbox 417 1695 554 1732; x_wconf 85' lang='lat' dir='ltr'>Statuit</span> <span class='ocrx_word' id='word_1_114' title='bbox 579 1695 675 1732; x_wconf 83' lang='lat' dir='ltr'>enim</span> <span class='ocrx_word' id='word_1_115' title='bbox 699 1695 769 1731; x_wconf 89' lang='lat' dir='ltr'>flu-</span> 
     </span>
     <span class='ocr_line' id='line_1_24' title="bbox 117 1750 770 1801; baseline 0 -14"><span class='ocrx_word' id='word_1_116' title='bbox 117 1750 213 1788; x_wconf 85' lang='lat' dir='ltr'>vium</span> <span class='ocrx_word' id='word_1_117' title='bbox 224 1752 540 1801; x_wconf 88' lang='lat' dir='ltr'>praeterfluentem</span> <span class='ocrx_word' id='word_1_118' title='bbox 559 1751 609 1788; x_wconf 88' lang='lat' dir='ltr'>ita</span> <span class='ocrx_word' id='word_1_119' title='bbox 623 1752 770 1788; x_wconf 85' lang='lat' dir='ltr'>ductum</span> 
     </span>
     <span class='ocr_line' id='line_1_25' title="bbox 118 1807 771 1857; baseline -0.003 -11"><span class='ocrx_word' id='word_1_120' title='bbox 118 1807 254 1854; x_wconf 85' lang='lat' dir='ltr'>fuisse,</span> <span class='ocrx_word' id='word_1_121' title='bbox 292 1811 332 1843; x_wconf 92' lang='lat' dir='ltr'>ut</span> <span class='ocrx_word' id='word_1_122' title='bbox 370 1807 483 1845; x_wconf 87' lang='lat' dir='ltr'>altera</span> <span class='ocrx_word' id='word_1_123' title='bbox 514 1812 653 1844; x_wconf 88' lang='lat' dir='ltr'>tantum</span> <span class='ocrx_word' id='word_1_124' title='bbox 690 1807 771 1857; x_wconf 84' lang='lat' dir='ltr'>ripa</span> 
     </span>
     <span class='ocr_line' id='line_1_26' title="bbox 117 1862 770 1915; baseline -0.003 -14"><span class='ocrx_word' id='word_1_125' title='bbox 117 1863 234 1901; x_wconf 83' lang='lat' dir='ltr'>vicum</span> <span class='ocrx_word' id='word_1_126' title='bbox 252 1863 449 1912; x_wconf 85' lang='lat' dir='ltr'>attingeret</span> <span class='ocrx_word' id='word_1_127' title='bbox 462 1864 629 1914; x_wconf 84' lang='lat' dir='ltr'>adeoque</span> <span class='ocrx_word' id='word_1_128' title='bbox 640 1862 770 1915; x_wconf 91' lang='lat' dir='ltr'>triplici</span> 
     </span>
     <span class='ocr_line' id='line_1_27' title="bbox 117 1919 772 1971; baseline -0.003 -13"><span class='ocrx_word' id='word_1_129' title='bbox 117 1919 177 1958; x_wconf 83' lang='lat' dir='ltr'>vel</span> <span class='ocrx_word' id='word_1_130' title='bbox 208 1919 433 1971; x_wconf 84' lang='lat' dir='ltr'>quadruplici</span> <span class='ocrx_word' id='word_1_131' title='bbox 464 1921 669 1958; x_wconf 87' lang='lat' dir='ltr'>curvamine</span> <span class='ocrx_word' id='word_1_132' title='bbox 702 1922 772 1957; x_wconf 90' lang='lat' dir='ltr'>flu-</span> 
     </span>
     <span class='ocr_line' id='line_1_28' title="bbox 117 1976 773 2026; baseline -0.002 -12"><span class='ocrx_word' id='word_1_133' title='bbox 117 1976 196 2014; x_wconf 89' lang='lat' dir='ltr'>vius</span> <span class='ocrx_word' id='word_1_134' title='bbox 239 1976 322 2026; x_wconf 90' lang='lat' dir='ltr'>ipse</span> <span class='ocrx_word' id='word_1_135' title='bbox 368 1978 587 2015; x_wconf 88' lang='lat' dir='ltr'>flecteretur.</span> <span class='ocrx_word' id='word_1_136' title='bbox 652 1977 773 2020; x_wconf 89' lang='lat' dir='ltr'>Quem</span> 
     </span>
     <span class='ocr_line' id='line_1_29' title="bbox 118 2033 771 2085; baseline 0.002 -16"><span class='ocrx_word' id='word_1_137' title='bbox 118 2035 205 2085; x_wconf 87' lang='lat' dir='ltr'>post</span> <span class='ocrx_word' id='word_1_138' title='bbox 222 2036 366 2070; x_wconf 84' lang='lat' dir='ltr'>secutus</span> <span class='ocrx_word' id='word_1_139' title='bbox 385 2037 441 2071; x_wconf 89' lang='lat' dir='ltr'>est</span> <span class='ocrx_word' id='word_1_140' title='bbox 461 2033 571 2070; x_wconf 88' lang='lat' dir='ltr'>Italus</span> <span class='ocrx_word' id='word_1_141' title='bbox 589 2033 771 2071; x_wconf 85' lang='lat' dir='ltr'>Herodoti</span> 
     </span>
     <span class='ocr_line' id='line_1_30' title="bbox 119 2089 774 2140; baseline 0 -13"><span class='ocrx_word' id='word_1_142' title='bbox 119 2090 309 2140; x_wconf 78' lang='lat' dir='ltr'>interpres,</span> <span class='ocrx_word' id='word_1_143' title='bbox 355 2089 469 2127; x_wconf 87' lang='lat' dir='ltr'>Paulo</span> <span class='ocrx_word' id='word_1_144' title='bbox 490 2089 593 2127; x_wconf 89' lang='lat' dir='ltr'>aliter</span> <span class='ocrx_word' id='word_1_145' title='bbox 613 2103 690 2127; x_wconf 92' lang='lat' dir='ltr'>rem</span> <span class='ocrx_word' id='word_1_146' title='bbox 711 2102 774 2127; x_wconf 89' lang='lat' dir='ltr'>ex-</span> 
     </span>
     <span class='ocr_line' id='line_1_31' title="bbox 120 2145 772 2198; baseline -0.002 -14"><span class='ocrx_word' id='word_1_147' title='bbox 120 2145 249 2198; x_wconf 88' lang='lat' dir='ltr'>pedire</span> <span class='ocrx_word' id='word_1_148' title='bbox 288 2147 427 2183; x_wconf 87' lang='lat' dir='ltr'>studuit</span> <span class='ocrx_word' id='word_1_149' title='bbox 463 2146 660 2196; x_wconf 81' lang='lat' dir='ltr'>Breigerus</span> <span class='ocrx_word' id='word_1_150' title='bbox 694 2146 717 2184; x_wconf 90' lang='lat' dir='ltr'>l.</span> <span class='ocrx_word' id='word_1_151' title='bbox 748 2145 772 2183; x_wconf 92' lang='lat' dir='ltr'>l.</span> 
     </span>
     <span class='ocr_line' id='line_1_32' title="bbox 119 2201 774 2254; baseline 0 -15"><span class='ocrx_word' id='word_1_152' title='bbox 119 2214 208 2254; x_wconf 86' lang='lat' dir='ltr'>pag.</span> <span class='ocrx_word' id='word_1_153' title='bbox 227 2201 293 2243; x_wconf 82' lang='lat'>41.</span> <span class='ocrx_word' id='word_1_154' title='bbox 350 2202 444 2251; x_wconf 83' lang='lat' dir='ltr'>Qui,</span> <span class='ocrx_word' id='word_1_155' title='bbox 472 2203 606 2241; x_wconf 89' lang='lat' dir='ltr'>reiecta</span> <span class='ocrx_word' id='word_1_156' title='bbox 627 2216 670 2241; x_wconf 87' lang='lat' dir='ltr'>ea</span> <span class='ocrx_word' id='word_1_157' title='bbox 689 2215 774 2240; x_wconf 87' lang='lat' dir='ltr'>sen-</span> 
     </span>
     <span class='ocr_line' id='line_1_33' title="bbox 121 2258 774 2308; baseline -0.002 -11"><span class='ocrx_word' id='word_1_158' title='bbox 121 2258 259 2307; x_wconf 85' lang='lat' dir='ltr'>tentia,</span> <span class='ocrx_word' id='word_1_159' title='bbox 275 2273 285 2281; x_wconf 76' lang='lat'><em>-</em></span> <span class='ocrx_word' id='word_1_160' title='bbox 307 2271 403 2308; x_wconf 91' lang='lat' dir='ltr'>quae</span> <span class='ocrx_word' id='word_1_161' title='bbox 439 2259 550 2297; x_wconf 84' lang='lat' dir='ltr'>toties</span> <span class='ocrx_word' id='word_1_162' title='bbox 590 2264 774 2296; x_wconf 89' lang='lat' dir='ltr'>curvatum</span> 
     </span>
     <span class='ocr_line' id='line_1_34' title="bbox 122 2314 774 2364; baseline 0 -12"><span class='ocrx_word' id='word_1_163' title='bbox 122 2314 237 2353; x_wconf 85' lang='lat' dir='ltr'>fuisse</span> <span class='ocrx_word' id='word_1_164' title='bbox 273 2314 349 2353; x_wconf 88' lang='lat' dir='ltr'>vult</span> <span class='ocrx_word' id='word_1_165' title='bbox 380 2316 549 2364; x_wconf 91' lang='lat' dir='ltr'>fluvium,</span> <span class='ocrx_word' id='word_1_166' title='bbox 591 2315 774 2354; x_wconf 89' lang='lat' dir='ltr'>Herodoti</span> 
     </span>
     <span class='ocr_line' id='line_1_35' title="bbox 122 2370 775 2410; baseline 0.002 -2"><span class='ocrx_word' id='word_1_167' title='bbox 122 2371 242 2409; x_wconf 88' lang='lat' dir='ltr'>verbis</span> <span class='ocrx_word' id='word_1_168' title='bbox 271 2370 321 2409; x_wconf 91' lang='lat' dir='ltr'>nil</span> <span class='ocrx_word' id='word_1_169' title='bbox 356 2371 454 2410; x_wconf 88' lang='lat' dir='ltr'>aliud</span> <span class='ocrx_word' id='word_1_170' title='bbox 486 2372 661 2410; x_wconf 87' lang='lat' dir='ltr'>contineri</span> <span class='ocrx_word' id='word_1_171' title='bbox 687 2385 775 2410; x_wconf 91' lang='lat' dir='ltr'>con-</span> 
     </span>
     <span class='ocr_line' id='line_1_36' title="bbox 124 2427 774 2475; baseline 0 -10"><span class='ocrx_word' id='word_1_172' title='bbox 124 2427 262 2475; x_wconf 81' lang='lat' dir='ltr'>tendit,</span> <span class='ocrx_word' id='word_1_173' title='bbox 286 2427 357 2464; x_wconf 89' lang='lat' dir='ltr'>nisi</span> <span class='ocrx_word' id='word_1_174' title='bbox 377 2432 432 2467; x_wconf 89' lang='lat' dir='ltr'>ter</span> <span class='ocrx_word' id='word_1_175' title='bbox 456 2429 504 2466; x_wconf 88' lang='lat' dir='ltr'>ad</span> <span class='ocrx_word' id='word_1_176' title='bbox 537 2430 693 2467; x_wconf 91' lang='lat' dir='ltr'>eundem</span> <span class='ocrx_word' id='word_1_177' title='bbox 720 2429 774 2465; x_wconf 89' lang='lat' dir='ltr'>lo-</span> 
     </span>
     <span class='ocr_line' id='line_1_37' title="bbox 125 2484 777 2534; baseline 0.006 -14"><span class='ocrx_word' id='word_1_178' title='bbox 125 2495 207 2520; x_wconf 89' lang='lat' dir='ltr'>cum</span> <span class='ocrx_word' id='word_1_179' title='bbox 237 2484 389 2522; x_wconf 87' lang='lat' dir='ltr'>rediisse</span> <span class='ocrx_word' id='word_1_180' title='bbox 423 2485 595 2534; x_wconf 87' lang='lat' dir='ltr'>fluvium,</span> <span class='ocrx_word' id='word_1_181' title='bbox 629 2485 777 2524; x_wconf 84' lang='lat' dir='ltr'>minime</span> 
     </span>
     <span class='ocr_line' id='line_1_38' title="bbox 126 2541 778 2592; baseline 0.009 -18"><span class='ocrx_word' id='word_1_182' title='bbox 126 2550 211 2576; x_wconf 87' lang='lat' dir='ltr'>vero</span> <span class='ocrx_word' id='word_1_183' title='bbox 229 2542 285 2577; x_wconf 91' lang='lat' dir='ltr'>ter</span> <span class='ocrx_word' id='word_1_184' title='bbox 301 2554 383 2578; x_wconf 88' lang='lat' dir='ltr'>eum</span> <span class='ocrx_word' id='word_1_185' title='bbox 398 2543 531 2579; x_wconf 86' lang='lat' dir='ltr'>flexum</span> <span class='ocrx_word' id='word_1_186' title='bbox 542 2555 636 2580; x_wconf 87' lang='lat' dir='ltr'>esse.</span> <span class='ocrx_word' id='word_1_187' title='bbox 656 2541 778 2592; x_wconf 90' lang='lat' dir='ltr'>Atque</span> 
     </span>
     <span class='ocr_line' id='line_1_39' title="bbox 127 2593 778 2648; baseline 0.009 -18"><span class='ocrx_word' id='word_1_188' title='bbox 127 2593 196 2631; x_wconf 83' lang='lat' dir='ltr'>hoc</span> <span class='ocrx_word' id='word_1_189' title='bbox 221 2594 273 2633; x_wconf 87' lang='lat' dir='ltr'>sic</span> <span class='ocrx_word' id='word_1_190' title='bbox 296 2597 431 2635; x_wconf 84' lang='lat' dir='ltr'>factum</span> <span class='ocrx_word' id='word_1_191' title='bbox 462 2611 545 2636; x_wconf 90' lang='lat' dir='ltr'>esse</span> <span class='ocrx_word' id='word_1_192' title='bbox 574 2599 641 2636; x_wconf 87' lang='lat' dir='ltr'>sibi</span> <span class='ocrx_word' id='word_1_193' title='bbox 659 2599 778 2648; x_wconf 86' lang='lat' dir='ltr'>fingit,</span> 
     </span>
     <span class='ocr_line' id='line_1_40' title="bbox 130 2650 778 2706; baseline 0.009 -20"><span class='ocrx_word' id='word_1_194' title='bbox 130 2653 170 2687; x_wconf 89' lang='lat' dir='ltr'>ut</span> <span class='ocrx_word' id='word_1_195' title='bbox 193 2650 308 2700; x_wconf 84' lang='lat' dir='ltr'>primo</span> <span class='ocrx_word' id='word_1_196' title='bbox 335 2654 463 2691; x_wconf 91' lang='lat' dir='ltr'>fluvius</span> <span class='ocrx_word' id='word_1_197' title='bbox 486 2667 645 2706; x_wconf 88' lang='lat' dir='ltr'>superne</span> <span class='ocrx_word' id='word_1_198' title='bbox 662 2656 778 2694; x_wconf 87' lang='lat' dir='ltr'>vicum</span> 
     </span>
     <span class='ocr_line' id='line_1_41' title="bbox 132 2703 779 2755; baseline 0.017 -15"><span class='ocrx_word' id='word_1_199' title='bbox 132 2703 302 2755; x_wconf 78' lang='lat' dir='ltr'>allueret,</span> <span class='ocrx_word' id='word_1_200' title='bbox 329 2711 488 2747; x_wconf 88' lang='lat' dir='ltr'>secundo</span> <span class='ocrx_word' id='word_1_201' title='bbox 509 2723 596 2749; x_wconf 89' lang='lat' dir='ltr'>vero</span> <span class='ocrx_word' id='word_1_202' title='bbox 615 2711 695 2750; x_wconf 94' lang='lat' dir='ltr'>loco</span> <span class='ocrx_word' id='word_1_203' title='bbox 717 2725 779 2750; x_wconf 89' lang='lat' dir='ltr'>se·-</span> 
     </span>
     <span class='ocr_line' id='line_1_42' title="bbox 132 2759 780 2817; baseline 0.014 -20"><span class='ocrx_word' id='word_1_204' title='bbox 132 2759 204 2798; x_wconf 89' lang='lat' dir='ltr'>mel</span> <span class='ocrx_word' id='word_1_205' title='bbox 222 2761 372 2801; x_wconf 85' lang='lat' dir='ltr'>inflexus</span> <span class='ocrx_word' id='word_1_206' title='bbox 399 2778 466 2817; x_wconf 88' lang='lat' dir='ltr'>per</span> <span class='ocrx_word' id='word_1_207' title='bbox 485 2768 646 2806; x_wconf 90' lang='lat' dir='ltr'>medium</span> <span class='ocrx_word' id='word_1_208' title='bbox 662 2768 780 2806; x_wconf 61' lang='lat' dir='ltr'>vicum</span> 
     </span>
     <span class='ocr_line' id='line_1_43' title="bbox 132 2816 780 2875; baseline 0.015 -22"><span class='ocrx_word' id='word_1_209' title='bbox 132 2816 281 2865; x_wconf 86' lang='lat' dir='ltr'>flueret,</span> <span class='ocrx_word' id='word_1_210' title='bbox 307 2820 406 2858; x_wconf 85' lang='lat' dir='ltr'>cuius</span> <span class='ocrx_word' id='word_1_211' title='bbox 435 2822 484 2859; x_wconf 92' lang='lat' dir='ltr'>ad</span> <span class='ocrx_word' id='word_1_212' title='bbox 509 2823 659 2862; x_wconf 85' lang='lat' dir='ltr'>alteram</span> <span class='ocrx_word' id='word_1_213' title='bbox 691 2837 780 2875; x_wconf 88' lang='lat' dir='ltr'>par-</span> 
     </span>
     <span class='ocr_line' id='line_1_44' title="bbox 134 2872 779 2918; baseline 0.012 -10"><span class='ocrx_word' id='word_1_214' title='bbox 134 2873 208 2909; x_wconf 84' lang='lat' dir='ltr'>tem</span> <span class='ocrx_word' id='word_1_215' title='bbox 227 2872 357 2914; x_wconf 87' lang='lat' dir='ltr'>deinde</span> <span class='ocrx_word' id='word_1_216' title='bbox 375 2876 504 2915; x_wconf 89' lang='lat' dir='ltr'>iterum</span> <span class='ocrx_word' id='word_1_217' title='bbox 519 2885 685 2918; x_wconf 84' lang='lat' dir='ltr'>curvatus</span> <span class='ocrx_word' id='word_1_218' title='bbox 702 2884 779 2918; x_wconf 86' lang='lat' dir='ltr'>ter-</span> 
     </span>
     <span class='ocr_line' id='line_1_45' title="bbox 133 2925 781 2987; baseline 0.017 -24"><span class='ocrx_word' id='word_1_219' title='bbox 133 2926 186 2964; x_wconf 87' lang='lat' dir='ltr'>tio</span> <span class='ocrx_word' id='word_1_220' title='bbox 203 2925 281 2967; x_wconf 84' lang='lat' dir='ltr'>loco</span> <span class='ocrx_word' id='word_1_221' title='bbox 296 2931 345 2970; x_wconf 86' lang='lat' dir='ltr'>ad</span> <span class='ocrx_word' id='word_1_222' title='bbox 361 2933 477 2972; x_wconf 81' lang='lat' dir='ltr'>vicum</span> <span class='ocrx_word' id='word_1_223' title='bbox 496 2936 650 2985; x_wconf 88' lang='lat' dir='ltr'>rediret,</span> <span class='ocrx_word' id='word_1_224' title='bbox 670 2949 781 2987; x_wconf 89' lang='lat' dir='ltr'>quem</span> 
     </span>
    </p>
   </div>
   <div class='ocr_carea' id='block_1_8' title="bbox 829 956 1501 2987">
    <p class='ocr_par' dir='ltr' id='par_1_10' title="bbox 829 956 1501 2987">
     <span class='ocr_line' id='line_1_46' title="bbox 830 956 1483 1008; baseline -0.005 -12"><span class='ocrx_word' id='word_1_225' title='bbox 830 958 900 997; x_wconf 84' lang='lat' dir='ltr'>hac</span> <span class='ocrx_word' id='word_1_226' title='bbox 931 957 1009 996; x_wconf 89' lang='lat' dir='ltr'>vice</span> <span class='ocrx_word' id='word_1_227' title='bbox 1045 958 1140 995; x_wconf 85' lang='lat' dir='ltr'>infra</span> <span class='ocrx_word' id='word_1_228' title='bbox 1179 956 1314 995; x_wconf 88' lang='lat' dir='ltr'>alluere</span> <span class='ocrx_word' id='word_1_229' title='bbox 1342 959 1483 1008; x_wconf 88' lang='lat' dir='ltr'>posset.</span> 
     </span>
     <span class='ocr_line' id='line_1_47' title="bbox 831 1013 1484 1062; baseline -0.006 -9"><span class='ocrx_word' id='word_1_230' title='bbox 831 1016 908 1053; x_wconf 89' lang='lat' dir='ltr'>Sed</span> <span class='ocrx_word' id='word_1_231' title='bbox 951 1016 1085 1062; x_wconf 84' lang='lat' dir='ltr'>fateor,</span> <span class='ocrx_word' id='word_1_232' title='bbox 1123 1013 1210 1051; x_wconf 90' lang='lat' dir='ltr'>mihi</span> <span class='ocrx_word' id='word_1_233' title='bbox 1246 1013 1337 1051; x_wconf 91' lang='lat' dir='ltr'>haec</span> <span class='ocrx_word' id='word_1_234' title='bbox 1365 1013 1484 1061; x_wconf 80' lang='lat' dir='ltr'>magis</span> 
     </span>
     <span class='ocr_line' id='line_1_48' title="bbox 830 1069 1486 1122; baseline -0.005 -14"><span class='ocrx_word' id='word_1_235' title='bbox 830 1072 996 1122; x_wconf 82' lang='lat' dir='ltr'>quaesita</span> <span class='ocrx_word' id='word_1_236' title='bbox 1019 1072 1211 1120; x_wconf 82' lang='lat' dir='ltr'>minusque</span> <span class='ocrx_word' id='word_1_237' title='bbox 1228 1069 1405 1120; x_wconf 83' lang='lat' dir='ltr'>simplicia</span> <span class='ocrx_word' id='word_1_238' title='bbox 1431 1069 1486 1106; x_wconf 86' lang='lat' dir='ltr'>vi-</span> 
     </span>
     <span class='ocr_line' id='line_1_49' title="bbox 830 1127 1486 1179; baseline -0.005 -13"><span class='ocrx_word' id='word_1_239' title='bbox 830 1129 909 1166; x_wconf 86' lang='lat' dir='ltr'>deri</span> <span class='ocrx_word' id='word_1_240' title='bbox 936 1141 1025 1179; x_wconf 84' lang='lat' dir='ltr'>prae</span> <span class='ocrx_word' id='word_1_241' title='bbox 1052 1127 1113 1164; x_wconf 85' lang='lat' dir='ltr'>illa</span> <span class='ocrx_word' id='word_1_242' title='bbox 1150 1127 1349 1173; x_wconf 84' lang='lat' dir='ltr'>sententia,</span> <span class='ocrx_word' id='word_1_243' title='bbox 1390 1138 1486 1175; x_wconf 88' lang='lat' dir='ltr'>quae</span> 
     </span>
     <span class='ocr_line' id='line_1_50' title="bbox 829 1182 1486 1229; baseline -0.006 -7"><span class='ocrx_word' id='word_1_244' title='bbox 829 1185 974 1222; x_wconf 80' lang='lat' dir='ltr'>fluvium</span> <span class='ocrx_word' id='word_1_245' title='bbox 997 1188 1055 1222; x_wconf 92' lang='lat' dir='ltr'>ter</span> <span class='ocrx_word' id='word_1_246' title='bbox 1073 1187 1255 1222; x_wconf 89' lang='lat' dir='ltr'>curvatum</span> <span class='ocrx_word' id='word_1_247' title='bbox 1273 1195 1356 1220; x_wconf 89' lang='lat' dir='ltr'>esse</span> <span class='ocrx_word' id='word_1_248' title='bbox 1367 1182 1486 1229; x_wconf 89' lang='lat' dir='ltr'>docet,</span> 
     </span>
     <span class='ocr_line' id='line_1_51' title="bbox 829 1237 1487 1292; baseline -0.006 -14"><span class='ocrx_word' id='word_1_249' title='bbox 829 1242 1045 1292; x_wconf 88' lang='lat' dir='ltr'>praesertim</span> <span class='ocrx_word' id='word_1_250' title='bbox 1096 1253 1178 1277; x_wconf 92' lang='lat' dir='ltr'>cum</span> <span class='ocrx_word' id='word_1_251' title='bbox 1221 1238 1309 1275; x_wconf 88' lang='lat' dir='ltr'>nihil</span> <span class='ocrx_word' id='word_1_252' title='bbox 1344 1237 1487 1287; x_wconf 83' lang='lat' dir='ltr'>legatur</span> 
     </span>
     <span class='ocr_line' id='line_1_52' title="bbox 831 1294 1487 1348; baseline -0.006 -13"><span class='ocrx_word' id='word_1_253' title='bbox 831 1299 932 1348; x_wconf 86' lang='lat' dir='ltr'>apud</span> <span class='ocrx_word' id='word_1_254' title='bbox 965 1297 1217 1343; x_wconf 89' lang='lat' dir='ltr'>Herodotum,</span> <span class='ocrx_word' id='word_1_255' title='bbox 1245 1294 1392 1332; x_wconf 86' lang='lat' dir='ltr'>fluvium</span> <span class='ocrx_word' id='word_1_256' title='bbox 1418 1306 1487 1345; x_wconf 89' lang='lat' dir='ltr'>per</span> 
     </span>
     <span class='ocr_line' id='line_1_53' title="bbox 831 1349 1489 1402; baseline -0.008 -10"><span class='ocrx_word' id='word_1_257' title='bbox 831 1355 992 1392; x_wconf 88' lang='lat' dir='ltr'>medium</span> <span class='ocrx_word' id='word_1_258' title='bbox 1023 1353 1139 1391; x_wconf 89' lang='lat' dir='ltr'>vicum</span> <span class='ocrx_word' id='word_1_259' title='bbox 1175 1351 1412 1402; x_wconf 85' lang='lat' dir='ltr'>perfluxisse3</span> <span class='ocrx_word' id='word_1_260' title='bbox 1447 1349 1489 1387; x_wconf 89' lang='lat' dir='ltr'>id</span> 
     </span>
     <span class='ocr_line' id='line_1_54' title="bbox 833 1405 1488 1461; baseline -0.008 -14"><span class='ocrx_word' id='word_1_261' title='bbox 833 1411 933 1460; x_wconf 90' lang='lat' dir='ltr'>quod</span> <span class='ocrx_word' id='word_1_262' title='bbox 964 1411 1068 1461; x_wconf 89' lang='lat' dir='ltr'>ponit</span> <span class='ocrx_word' id='word_1_263' title='bbox 1096 1408 1306 1457; x_wconf 83' lang='lat' dir='ltr'>Breigerus.</span> <span class='ocrx_word' id='word_1_264' title='bbox 1369 1405 1488 1444; x_wconf 89' lang='lat' dir='ltr'>Addi-</span> 
     </span>
     <span class='ocr_line' id='line_1_55' title="bbox 833 1462 1489 1505; baseline -0.006 -1"><span class='ocrx_word' id='word_1_265' title='bbox 833 1480 914 1505; x_wconf 90' lang='lat' dir='ltr'>mus</span> <span class='ocrx_word' id='word_1_266' title='bbox 934 1467 1033 1504; x_wconf 81' lang='lat' dir='ltr'>hisce</span> <span class='ocrx_word' id='word_1_267' title='bbox 1056 1465 1279 1504; x_wconf 90' lang='lat' dir='ltr'>Heerenium</span> <span class='ocrx_word' id='word_1_268' title='bbox 1299 1463 1354 1501; x_wconf 90' lang='lat' dir='ltr'>in:</span> <span class='ocrx_word' id='word_1_269' title='bbox 1375 1462 1489 1501; x_wconf 87' lang='lat' dir='ltr'>Ideen</span> 
     </span>
     <span class='ocr_line' id='line_1_56' title="bbox 833 1518 1489 1574; baseline -0.008 -13"><span class='ocrx_word' id='word_1_270' title='bbox 833 1524 874 1571; x_wconf 94' lang='lat' dir='ltr'>I,</span> <span class='ocrx_word' id='word_1_271' title='bbox 894 1527 921 1565; x_wconf 80' lang='lat'>2</span> <span class='ocrx_word' id='word_1_272' title='bbox 949 1536 1035 1574; x_wconf 83' lang='lat' dir='ltr'>pag.</span> <span class='ocrx_word' id='word_1_273' title='bbox 1056 1524 1136 1564; x_wconf 82' lang='lat'>138</span> <span class='ocrx_word' id='word_1_274' title='bbox 1155 1534 1234 1571; x_wconf 88' lang='lat' dir='ltr'>seq.</span> <span class='ocrx_word' id='word_1_275' title='bbox 1253 1521 1301 1558; x_wconf 87' lang='lat' dir='ltr'>de</span> <span class='ocrx_word' id='word_1_276' title='bbox 1317 1520 1387 1557; x_wconf 90' lang='lat' dir='ltr'>hoc</span> <span class='ocrx_word' id='word_1_277' title='bbox 1407 1518 1489 1556; x_wconf 91' lang='lat' dir='ltr'>loco</span> 
     </span>
     <span class='ocr_line' id='line_1_57' title="bbox 835 1577 1490 1627; baseline -0.008 -10"><span class='ocrx_word' id='word_1_278' title='bbox 835 1581 1087 1618; x_wconf 86' lang='lat' dir='ltr'>disserentem.</span> <span class='ocrx_word' id='word_1_279' title='bbox 1106 1578 1182 1616; x_wconf 92' lang='lat' dir='ltr'>Ubi</span> <span class='ocrx_word' id='word_1_280' title='bbox 1201 1577 1381 1615; x_wconf 85' lang='lat' dir='ltr'>existimat</span> <span class='ocrx_word' id='word_1_281' title='bbox 1394 1588 1490 1627; x_wconf 83' lang='lat' dir='ltr'>opus</span> 
     </span>
     <span class='ocr_line' id='line_1_58' title="bbox 833 1631 1491 1682; baseline -0.009 -8"><span class='ocrx_word' id='word_1_282' title='bbox 833 1636 904 1674; x_wconf 86' lang='lat' dir='ltr'>hoe</span> <span class='ocrx_word' id='word_1_283' title='bbox 922 1636 1022 1673; x_wconf 85' lang='lat' dir='ltr'>fluvii</span> <span class='ocrx_word' id='word_1_284' title='bbox 1040 1635 1177 1673; x_wconf 84' lang='lat' dir='ltr'>curvati</span> <span class='ocrx_word' id='word_1_285' title='bbox 1203 1634 1248 1670; x_wconf 88' lang='lat' dir='ltr'>iis</span> <span class='ocrx_word' id='word_1_286' title='bbox 1275 1635 1314 1670; x_wconf 89' lang='lat' dir='ltr'>in</span> <span class='ocrx_word' id='word_1_287' title='bbox 1330 1631 1491 1682; x_wconf 82' lang='lat' dir='ltr'>regioni-</span> 
     </span>
     <span class='ocr_line' id='line_1_59' title="bbox 834 1689 1490 1740; baseline -0.008 -10"><span class='ocrx_word' id='word_1_288' title='bbox 834 1693 906 1730; x_wconf 86' lang='lat' dir='ltr'>bus</span> <span class='ocrx_word' id='word_1_289' title='bbox 926 1694 1060 1730; x_wconf 86' lang='lat' dir='ltr'>factum</span> <span class='ocrx_word' id='word_1_290' title='bbox 1079 1704 1180 1739; x_wconf 84' lang='lat' dir='ltr'>esse,</span> <span class='ocrx_word' id='word_1_291' title='bbox 1206 1690 1269 1727; x_wconf 90' lang='lat' dir='ltr'>ubi</span> <span class='ocrx_word' id='word_1_292' title='bbox 1281 1689 1490 1740; x_wconf 84' lang='lat' dir='ltr'>Euphrates</span> 
     </span>
     <span class='ocr_line' id='line_1_60' title="bbox 837 1745 1493 1800; baseline -0.008 -14"><span class='ocrx_word' id='word_1_293' title='bbox 837 1749 996 1800; x_wconf 89' lang='lat' dir='ltr'>scopulis</span> <span class='ocrx_word' id='word_1_294' title='bbox 1023 1748 1193 1797; x_wconf 86' lang='lat' dir='ltr'>saxisque</span> <span class='ocrx_word' id='word_1_295' title='bbox 1218 1746 1380 1797; x_wconf 79' lang='lat' dir='ltr'>repletus</span> <span class='ocrx_word' id='word_1_296' title='bbox 1400 1745 1493 1782; x_wconf 84' lang='lat' dir='ltr'>labi-</span> 
     </span>
     <span class='ocr_line' id='line_1_61' title="bbox 836 1801 1494 1853; baseline -0.008 -10"><span class='ocrx_word' id='word_1_297' title='bbox 836 1810 895 1843; x_wconf 91' lang='lat' dir='ltr'>tur</span> <span class='ocrx_word' id='word_1_298' title='bbox 915 1805 1020 1844; x_wconf 92' lang='lat' dir='ltr'>celeri</span> <span class='ocrx_word' id='word_1_299' title='bbox 1039 1817 1146 1842; x_wconf 86' lang='lat' dir='ltr'>cursu</span> <span class='ocrx_word' id='word_1_300' title='bbox 1171 1803 1332 1852; x_wconf 90' lang='lat' dir='ltr'>indeque</span> <span class='ocrx_word' id='word_1_301' title='bbox 1349 1801 1494 1853; x_wconf 89' lang='lat' dir='ltr'>pericu-</span> 
     </span>
     <span class='ocr_line' id='line_1_62' title="bbox 840 1857 1494 1909; baseline -0.008 -10"><span class='ocrx_word' id='word_1_302' title='bbox 840 1862 919 1899; x_wconf 87' lang='lat' dir='ltr'>losa</span> <span class='ocrx_word' id='word_1_303' title='bbox 942 1863 1020 1900; x_wconf 91' lang='lat' dir='ltr'>eius</span> <span class='ocrx_word' id='word_1_304' title='bbox 1038 1860 1236 1909; x_wconf 82' lang='lat' dir='ltr'>navigatio.</span> <span class='ocrx_word' id='word_1_305' title='bbox 1265 1859 1336 1896; x_wconf 91' lang='lat' dir='ltr'>Cui</span> <span class='ocrx_word' id='word_1_306' title='bbox 1353 1862 1392 1895; x_wconf 88' lang='lat' dir='ltr'>nt</span> <span class='ocrx_word' id='word_1_307' title='bbox 1404 1857 1494 1895; x_wconf 92' lang='lat' dir='ltr'>sub-</span> 
     </span>
     <span class='ocr_line' id='line_1_63' title="bbox 837 1914 1493 1970; baseline -0.009 -14"><span class='ocrx_word' id='word_1_308' title='bbox 837 1919 978 1956; x_wconf 88' lang='lat' dir='ltr'>veniret</span> <span class='ocrx_word' id='word_1_309' title='bbox 1013 1916 1250 1970; x_wconf 87' lang='lat' dir='ltr'>probabiliter</span> <span class='ocrx_word' id='word_1_310' title='bbox 1287 1914 1493 1952; x_wconf 84' lang='lat' dir='ltr'>institutum</span> 
     </span>
     <span class='ocr_line' id='line_1_64' title="bbox 838 1972 1494 2023; baseline -0.008 -11"><span class='ocrx_word' id='word_1_311' title='bbox 838 1975 929 2013; x_wconf 90' lang='lat' dir='ltr'>illud</span> <span class='ocrx_word' id='word_1_312' title='bbox 947 1987 1030 2012; x_wconf 88' lang='lat' dir='ltr'>esse</span> <span class='ocrx_word' id='word_1_313' title='bbox 1065 1974 1185 2023; x_wconf 91' lang='lat' dir='ltr'>(quod</span> <span class='ocrx_word' id='word_1_314' title='bbox 1207 1972 1294 2009; x_wconf 88' lang='lat' dir='ltr'>inde</span> <span class='ocrx_word' id='word_1_315' title='bbox 1318 1983 1494 2020; x_wconf 78' lang='lat' dir='ltr'>magnum</span> 
     </span>
     <span class='ocr_line' id='line_1_65' title="bbox 838 2026 1495 2080; baseline -0.011 -10"><span class='ocrx_word' id='word_1_316' title='bbox 838 2033 952 2070; x_wconf 88' lang='lat' dir='ltr'>fuisse</span> <span class='ocrx_word' id='word_1_317' title='bbox 980 2060 1005 2080; x_wconf 91' lang='lat'>,‚</span> <span class='ocrx_word' id='word_1_318' title='bbox 1014 2027 1333 2068; x_wconf 86' lang='lat' dir='ltr'>Schleussenwerk</span> <span class='ocrx_word' id='word_1_319' title='bbox 1342 2029 1367 2047; x_wconf 81' lang='lat'>‘⁴</span> <span class='ocrx_word' id='word_1_320' title='bbox 1382 2026 1495 2065; x_wconf 89' lang='lat' dir='ltr'>conii-</span> 
     </span>
     <span class='ocr_line' id='line_1_66' title="bbox 839 2086 1496 2138; baseline -0.009 -12"><span class='ocrx_word' id='word_1_321' title='bbox 839 2089 949 2138; x_wconf 86' lang='lat' dir='ltr'>cias),</span> <span class='ocrx_word' id='word_1_322' title='bbox 971 2087 1149 2137; x_wconf 90' lang='lat' dir='ltr'>simulque</span> <span class='ocrx_word' id='word_1_323' title='bbox 1169 2086 1292 2132; x_wconf 88' lang='lat' dir='ltr'>etiam,</span> <span class='ocrx_word' id='word_1_324' title='bbox 1308 2097 1389 2122; x_wconf 84' lang='lat' dir='ltr'>cum</span> <span class='ocrx_word' id='word_1_325' title='bbox 1406 2096 1496 2134; x_wconf 90' lang='lat' dir='ltr'>pro-</span> 
     </span>
     <span class='ocr_line' id='line_1_67' title="bbox 839 2140 1497 2197; baseline -0.009 -14"><span class='ocrx_word' id='word_1_326' title='bbox 839 2149 923 2197; x_wconf 89' lang='lat' dir='ltr'>pter</span> <span class='ocrx_word' id='word_1_327' title='bbox 956 2145 1168 2194; x_wconf 88' lang='lat' dir='ltr'>frequentes</span> <span class='ocrx_word' id='word_1_328' title='bbox 1199 2140 1333 2180; x_wconf 88' lang='lat' dir='ltr'>canalis</span> <span class='ocrx_word' id='word_1_329' title='bbox 1367 2152 1497 2178; x_wconf 85' lang='lat' dir='ltr'>curva-</span> 
     </span>
     <span class='ocr_line' id='line_1_68' title="bbox 838 2197 1496 2252; baseline -0.009 -13"><span class='ocrx_word' id='word_1_330' title='bbox 838 2202 958 2240; x_wconf 86' lang='lat' dir='ltr'>tiones</span> <span class='ocrx_word' id='word_1_331' title='bbox 994 2200 1101 2252; x_wconf 87' lang='lat' dir='ltr'>plura</span> <span class='ocrx_word' id='word_1_332' title='bbox 1146 2197 1326 2237; x_wconf 91' lang='lat' dir='ltr'>eiusmodi</span> <span class='ocrx_word' id='word_1_333' title='bbox 1358 2208 1496 2248; x_wconf 85' lang='lat' dir='ltr'>opera,</span> 
     </span>
     <span class='ocr_line' id='line_1_69' title="bbox 842 2253 1498 2308; baseline -0.009 -13"><span class='ocrx_word' id='word_1_334' title='bbox 842 2271 938 2308; x_wconf 89' lang='lat' dir='ltr'>quae</span> <span class='ocrx_word' id='word_1_335' title='bbox 964 2271 1034 2295; x_wconf 89' lang='lat' dir='ltr'>nos</span> <span class='ocrx_word' id='word_1_336' title='bbox 1070 2255 1298 2308; x_wconf 85' lang='lat' dir='ltr'>appellamus</span> <span class='ocrx_word' id='word_1_337' title='bbox 1324 2253 1498 2292; x_wconf 73' lang='lat' dir='ltr'>Schleus-</span> 
     </span>
     <span class='ocr_line' id='line_1_70' title="bbox 841 2308 1497 2365; baseline -0.009 -13"><span class='ocrx_word' id='word_1_338' title='bbox 841 2328 930 2363; x_wconf 86' lang='lat' dir='ltr'>sen,</span> <span class='ocrx_word' id='word_1_339' title='bbox 968 2314 1193 2365; x_wconf 83' lang='lat' dir='ltr'>permeanda</span> <span class='ocrx_word' id='word_1_340' title='bbox 1229 2314 1373 2359; x_wconf 87' lang='lat' dir='ltr'>essent,</span> <span class='ocrx_word' id='word_1_341' title='bbox 1408 2308 1497 2347; x_wconf 84' lang='lat' dir='ltr'>illud</span> 
     </span>
     <span class='ocr_line' id='line_1_71' title="bbox 840 2366 1499 2416; baseline -0.009 -7"><span class='ocrx_word' id='word_1_342' title='bbox 840 2372 892 2409; x_wconf 90' lang='lat' dir='ltr'>sic</span> <span class='ocrx_word' id='word_1_343' title='bbox 914 2371 1099 2409; x_wconf 89' lang='lat' dir='ltr'>diductum</span> <span class='ocrx_word' id='word_1_344' title='bbox 1122 2370 1260 2415; x_wconf 86' lang='lat' dir='ltr'>fuisse,</span> <span class='ocrx_word' id='word_1_345' title='bbox 1286 2371 1327 2404; x_wconf 90' lang='lat' dir='ltr'>ut</span> <span class='ocrx_word' id='word_1_346' title='bbox 1345 2366 1499 2416; x_wconf 88' lang='lat' dir='ltr'>naviga-</span> 
     </span>
     <span class='ocr_line' id='line_1_72' title="bbox 840 2423 1498 2479; baseline -0.011 -13"><span class='ocrx_word' id='word_1_347' title='bbox 840 2429 892 2466; x_wconf 90' lang='lat' dir='ltr'>tio</span> <span class='ocrx_word' id='word_1_348' title='bbox 920 2441 987 2479; x_wconf 91' lang='lat' dir='ltr'>per</span> <span class='ocrx_word' id='word_1_349' title='bbox 1011 2428 1129 2465; x_wconf 84' lang='lat' dir='ltr'>vicum</span> <span class='ocrx_word' id='word_1_350' title='bbox 1158 2424 1354 2463; x_wconf 83' lang='lat' dir='ltr'>Arderieca</span> <span class='ocrx_word' id='word_1_351' title='bbox 1389 2423 1498 2460; x_wconf 87' lang='lat' dir='ltr'>trium</span> 
     </span>
     <span class='ocr_line' id='line_1_73' title="bbox 842 2483 1499 2532; baseline -0.008 -10"><span class='ocrx_word' id='word_1_352' title='bbox 842 2485 952 2523; x_wconf 86' lang='lat' dir='ltr'>fuerit</span> <span class='ocrx_word' id='word_1_353' title='bbox 971 2484 1133 2530; x_wconf 87' lang='lat' dir='ltr'>dierum,</span> <span class='ocrx_word' id='word_1_354' title='bbox 1162 2487 1241 2520; x_wconf 85' lang='lat' dir='ltr'>tum</span> <span class='ocrx_word' id='word_1_355' title='bbox 1264 2483 1417 2532; x_wconf 91' lang='lat' dir='ltr'>propter</span> <span class='ocrx_word' id='word_1_356' title='bbox 1436 2491 1499 2517; x_wconf 83' lang='lat' dir='ltr'>ca-</span> 
     </span>
     <span class='ocr_line' id='line_1_74' title="bbox 842 2535 1500 2589; baseline -0.009 -10"><span class='ocrx_word' id='word_1_357' title='bbox 842 2540 966 2589; x_wconf 84' lang='lat' dir='ltr'>nales,</span> <span class='ocrx_word' id='word_1_358' title='bbox 1014 2540 1172 2578; x_wconf 88' lang='lat' dir='ltr'>fluminis</span> <span class='ocrx_word' id='word_1_359' title='bbox 1208 2538 1354 2589; x_wconf 89' lang='lat' dir='ltr'>lapsum</span> <span class='ocrx_word' id='word_1_360' title='bbox 1388 2535 1500 2574; x_wconf 90' lang='lat' dir='ltr'>vehe-</span> 
     </span>
     <span class='ocr_line' id='line_1_75' title="bbox 843 2592 1500 2647; baseline -0.011 -11"><span class='ocrx_word' id='word_1_361' title='bbox 843 2602 1003 2636; x_wconf 90' lang='lat' dir='ltr'>mentem</span> <span class='ocrx_word' id='word_1_362' title='bbox 1023 2610 1095 2647; x_wconf 92' lang='lat' dir='ltr'>quo</span> <span class='ocrx_word' id='word_1_363' title='bbox 1113 2596 1342 2641; x_wconf 88' lang='lat' dir='ltr'>minuerent,</span> <span class='ocrx_word' id='word_1_364' title='bbox 1360 2593 1412 2630; x_wconf 86' lang='lat' dir='ltr'>ita</span> <span class='ocrx_word' id='word_1_365' title='bbox 1429 2592 1500 2630; x_wconf 86' lang='lat' dir='ltr'>cir-</span> 
     </span>
     <span class='ocr_line' id='line_1_76' title="bbox 843 2649 1498 2702; baseline -0.012 -10"><span class='ocrx_word' id='word_1_366' title='bbox 843 2654 1054 2693; x_wconf 89' lang='lat' dir='ltr'>cumductos</span> <span class='ocrx_word' id='word_1_367' title='bbox 1065 2682 1076 2702; x_wconf 92' lang='lat'>,</span> <span class='ocrx_word' id='word_1_368' title='bbox 1093 2657 1133 2690; x_wconf 93' lang='lat' dir='ltr'>ut</span> <span class='ocrx_word' id='word_1_369' title='bbox 1149 2656 1308 2690; x_wconf 84' lang='lat' dir='ltr'>extrema</span> <span class='ocrx_word' id='word_1_370' title='bbox 1323 2649 1392 2687; x_wconf 88' lang='lat' dir='ltr'>vici</span> <span class='ocrx_word' id='word_1_371' title='bbox 1410 2660 1498 2700; x_wconf 85' lang='lat' dir='ltr'>pars</span> 
     </span>
     <span class='ocr_line' id='line_1_77' title="bbox 842 2707 1501 2760; baseline -0.011 -12"><span class='ocrx_word' id='word_1_372' title='bbox 842 2716 995 2760; x_wconf 87' lang='lat' dir='ltr'>utraque</span> <span class='ocrx_word' id='word_1_373' title='bbox 1024 2714 1217 2759; x_wconf 87' lang='lat' dir='ltr'>utrumque</span> <span class='ocrx_word' id='word_1_374' title='bbox 1255 2707 1365 2745; x_wconf 89' lang='lat' dir='ltr'>etiam</span> <span class='ocrx_word' id='word_1_375' title='bbox 1390 2717 1501 2743; x_wconf 83' lang='lat' dir='ltr'>cana-</span> 
     </span>
     <span class='ocr_line' id='line_1_78' title="bbox 843 2764 1501 2816; baseline -0.012 -11"><span class='ocrx_word' id='word_1_376' title='bbox 843 2766 915 2805; x_wconf 89' lang='lat' dir='ltr'>lem</span> <span class='ocrx_word' id='word_1_377' title='bbox 940 2767 1156 2816; x_wconf 85' lang='lat' dir='ltr'>attingeret‚</span> <span class='ocrx_word' id='word_1_378' title='bbox 1193 2764 1410 2812; x_wconf 89' lang='lat' dir='ltr'>mediusque</span> <span class='ocrx_word' id='word_1_379' title='bbox 1439 2773 1501 2798; x_wconf 88' lang='lat' dir='ltr'>ca-</span> 
     </span>
     <span class='ocr_line' id='line_1_79' title="bbox 843 2820 1499 2875; baseline -0.012 -14"><span class='ocrx_word' id='word_1_380' title='bbox 843 2823 936 2862; x_wconf 86' lang='lat' dir='ltr'>nalis</span> <span class='ocrx_word' id='word_1_381' title='bbox 965 2824 1085 2875; x_wconf 86' lang='lat' dir='ltr'>ipsam</span> <span class='ocrx_word' id='word_1_382' title='bbox 1119 2822 1247 2859; x_wconf 90' lang='lat' dir='ltr'>urbem</span> <span class='ocrx_word' id='word_1_383' title='bbox 1281 2820 1499 2870; x_wconf 86' lang='lat' dir='ltr'>permearet,</span> 
     </span>
     <span class='ocr_line' id='line_1_80' title="bbox 843 2876 1499 2931; baseline -0.015 -13"><span class='ocrx_word' id='word_1_384' title='bbox 843 2884 921 2918; x_wconf 88' lang='lat' dir='ltr'>tum</span> <span class='ocrx_word' id='word_1_385' title='bbox 958 2883 1110 2931; x_wconf 90' lang='lat' dir='ltr'>propter</span> <span class='ocrx_word' id='word_1_386' title='bbox 1154 2876 1305 2915; x_wconf 87' lang='lat' dir='ltr'>multum</span> <span class='ocrx_word' id='word_1_387' title='bbox 1339 2877 1499 2924; x_wconf 88' lang='lat' dir='ltr'>tempus,</span> 
     </span>
     <span class='ocr_line' id='line_1_81' title="bbox 845 2927 1500 2987; baseline -0.017 -12"><span class='ocrx_word' id='word_1_388' title='bbox 845 2936 947 2987; x_wconf 86' lang='lat' dir='ltr'>quod</span> <span class='ocrx_word' id='word_1_389' title='bbox 965 2936 1011 2974; x_wconf 84' lang='lat' dir='ltr'>iis</span> <span class='ocrx_word' id='word_1_390' title='bbox 1028 2934 1284 2973; x_wconf 84' lang='lat' dir='ltr'>insumendum</span> <span class='ocrx_word' id='word_1_391' title='bbox 1301 2929 1423 2978; x_wconf 87' lang='lat' dir='ltr'>fuerit,</span> <span class='ocrx_word' id='word_1_392' title='bbox 1437 2927 1500 2978; x_wconf 86' lang='lat' dir='ltr'>qui</span> 
     </span>
    </p>
   </div>
  </div>
 </body>
</html>
