1759 3324
193 379 293 424 126

348 260 433 298 300

352 369 447 420 ὁοι,
487 368 727 423 Δροπικοὶ,
775 367 1030 423 Σαγάρτιοι.

765 257 1236 297 HERODOTI

1101 366 1179 418 Ὡς
1228 366 1274 410 δὲ
1317 369 1520 422 παρῆσαν
1568 364 1614 410 ἅ-

346 462 503 497 παντες
537 447 703 502 ἔχοντες
747 447 795 491 τὸ
832 446 1176 503 προειρημένον,
1224 445 1419 489 ἐνθαῦτα
1462 443 1486 488 ὁ
1526 447 1615 488 Κῦ-

347 543 425 581 ρος
459 521 532 582 (ἦν
569 524 654 583 γάρ
693 543 757 577 τις
795 531 938 582 χῶρος
981 529 1056 582 τῆς
1100 528 1315 581 Περσικῆς
1353 523 1617 580 ἀκανθώδης

347 604 455 649 ὅσον
484 621 528 648 τε
558 605 627 648 ἐπὶ
657 602 950 649 ὀκτωκαίδεκα
979 606 1183 655 σταδίους
1212 602 1240 660 ἢ
1270 605 1408 648 ε’ίκοσι
1431 603 1612 660 πάντη)

346 684 506 730 τοῦτόν
535 694 616 739 σφι
643 682 722 727 τὸν
749 686 896 738 χῶρον
924 689 1103 738 προεῖπε
1142 683 1402 739 ἐξημερῶσαι
1440 683 1487 727 ἐν
1516 680 1613 738 ἦμέ-

320 770 343 804 2
357 780 425 819 ρῃ.

486 760 819 806 ἐπιτελεσάντων
849 761 895 805 δὲ
923 766 1012 805 τῶν
1043 761 1252 815 Περσέων
1285 763 1364 806 τόν
1392 763 1612 818 προκείμε-
1624 763 1669 802 45

348 857 430 884 νον
463 839 625 884 ἄεθλον
636 874 652 893 ,
693 838 873 896 δεύτερά
904 851 983 897 σφι
1011 845 1215 895 προεῖπε,
1245 840 1288 891 ἐς
1314 841 1394 898 τὴν
1421 841 1615 896 ὑστεραί-

321 927 408 976 Βην
435 923 637 973 παρεῖναι
665 919 971 975 λελουμένους.
1029 918 1078 962 ἐν
1118 918 1165 962 δὲ
1201 917 1342 977 τούτῳ
1378 919 1432 963 τά
1471 935 1515 962 τε
1546 921 1614 962 αἶ-

344 997 477 1042 πόλια
511 1000 586 1043 καὶ
613 998 690 1050 τὰς
719 1001 908 1055 ποίμνας
946 997 1021 1042 καὶ
1059 996 1113 1040 τοὶ
1155 996 1368 1054 βουκόλια
1408 997 1431 1041 ὁ
1461 1000 1612 1053 Κῦρος

343 1078 486 1121 πάντα
514 1082 597 1122 τοῦ
625 1078 789 1133 πατρὸς
817 1079 1053 1129 συναλίσας
1081 1077 1124 1129 ἐς
1152 1075 1316 1130 τώυτὸ,
1363 1077 1492 1130 ἔθυε,
1537 1077 1612 1121 καὶ

344 1156 634 1213 παρεσκεύαζε
665 1155 724 1208 ὥς
754 1157 982 1214 δεξόμενος
1018 1159 1109 1200 τῶν
1138 1157 1344 1212 Περσέων
1369 1156 1448 1201 τὸν
1477 1167 1611 1212 στρα-
1623 1161 1669 1199 50

343 1235 444 1281 τόν·
475 1235 587 1292 πρὸς
617 1236 684 1288 δὲ,
720 1238 826 1297 οἴνῳ
856 1253 900 1281 τε
929 1237 1005 1280 καὶ
1033 1237 1209 1280 σιτίοισι
1238 1234 1298 1288 ὦς
1326 1235 1606 1292 ἐπιτηδεωτά-

316 1320 475 1361 4τοισι.
508 1315 802 1372 ἀπικομένους
833 1317 879 1361 δὲ
908 1320 962 1373 τῇ
989 1315 1196 1373 ὑστεραίῃ
1224 1313 1328 1366 τούς
1344 1315 1516 1371 Πέρσας
1541 1331 1616 1360 κα-

344 1397 550 1448 τακλίνας
579 1395 623 1448 ἐς
651 1400 863 1453 λειμῶνα,
895 1394 1061 1453 εὐώχεε.
1120 1395 1212 1439 ἐπεί
1244 1411 1290 1438 τε
1325 1394 1371 1438 δὲ
1411 1392 1499 1438 ἀπὸ
1532 1396 1612 1439 δεί-

343 1489 461 1519 πνου
490 1470 626 1532 ἦσαν,
675 1475 814 1532 εἴρετό
845 1487 981 1532 σφεας
1020 1473 1045 1520 ὁ
1077 1477 1228 1530 Κῦρος
1269 1473 1425 1531 κότερα
1461 1472 1516 1519 τοὶ
1554 1476 1610 1532 τῇ

288 1671 442 1710 Videtur
481 1673 590 1711 etiam
631 1672 722 1710 haec
751 1685 843 1722 gens
871 1684 940 1723 pro

288 1729 486 1766 nomadum
509 1730 650 1767 ratione
676 1729 793 1766 nullas
817 1731 940 1766 firmas

287 1785 452 1823 tenuisse
471 1787 592 1824 sedes.
639 1785 748 1823 conf.
769 1785 940 1823 Larcber.

288 1840 325 1879 Τ
327 1842 384 1878 ab.
403 1843 542 1891 Geogr.
568 1856 597 1880 s,
621 1856 654 1880 v.
686 1842 764 1880 coll.
786 1842 940 1879 Rennel.

287 1897 311 1935 l.
334 1911 446 1949 supra
469 1897 492 1936 l.
513 1903 550 1937 et
575 1911 686 1950 supra
705 1899 794 1936 Her.
817 1898 854 1945 Ι,
875 1897 942 1940 84

344 1981 562 2034 Δροπικοὶ,
595 1977 836 2034 Σαγάρτιοι]
883 1980 943 2020 De

288 2038 455 2087 Dropicis
487 2038 575 2075 nihil
604 2038 756 2076 relatum
785 2038 941 2087 reperio.

290 2094 464 2143 Sagartz'i
486 2098 730 2132 memorantur
746 2094 841 2130 infra
860 2092 940 2140 VH,

288 2152 365 2196 85⁴,
395 2151 531 2200 quippe
560 2163 711 2199 quorum
739 2154 821 2187 octo
844 2149 942 2187 mille

289 2207 432 2256 equites
450 2206 581 2243 Xerxis
601 2206 793 2244 exercitum
810 2219 942 2255 seque-

289 2263 433 2300 bantur.
482 2261 623 2299 Incolas
660 2275 743 2300 esse
779 2261 940 2311 regionis

289 2318 470 2367 Zagatai,
501 2318 563 2368 qui
583 2331 605 2355 a
624 2318 768 2366 Scythis
790 2333 819 2355 s.
845 2317 941 2355 Tar-

288 2375 375 2412 taris
392 2374 571 2423 originem
594 2375 730 2411 ducant
751 2379 787 2412 et
805 2375 841 2411 in
850 2373 940 2411 Per-

286 2431 371 2467 sicis
398 2431 563 2481 partibus
595 2430 939 2480 septentrionalibus

286 2491 398 2536 atque
409 2486 643 2524 orientalibus
654 2500 747 2524 nunc
761 2487 940 2535 habitent,

286 2541 486 2582 Rennelius
499 2543 704 2594 suspicatur
722 2542 745 2580 l.
757 2543 779 2580 l.
795 2557 833 2596 p·
845 2544 940 2585 510.

461 2655 493 2694 C
505 2667 526 2692 a
535 2667 572 2706 p.
603 2653 772 2693 CXXVI.

343 2736 469 2780 εἴκοσι
496 2752 528 2778 π
540 2733 565 2778 ἁ
577 2753 603 2778 ν
615 2753 636 2777 τ
646 2737 698 2790 η]
738 2738 854 2778 Recte
873 2751 941 2778 no-

287 2796 343 2834 bis
362 2796 415 2834 sic
431 2809 511 2834 cum
525 2796 728 2846 Schweigh.
749 2797 940 2847 scripsisse

286 2852 450 2890 videmur
490 2865 511 2890 e
540 2851 640 2889 libn's
671 2852 832 2903 probatis
869 2865 938 2903 pro

284 2908 433 2959 vulgata
464 2904 629 2957 πάντα,
675 2920 784 2960 quam
813 2921 937 2947 vocem

1008 1671 1246 1722 sequentibus
1277 1670 1397 1708 verbis
1422 1664 1571 1710 τοῦτόν
1593 1679 1667 1720 σφι

1009 1743 1044 1768 κ.
1067 1742 1099 1767 τ.
1125 1731 1159 1766 λ.
1189 1728 1394 1765 adstruunt.
1452 1727 1510 1764 Ita
1535 1722 1667 1777 πάντη

1010 1783 1379 1856 (quaquaversum)l,
1396 1786 1486 1824 181
1509 1783 1557 1830 II,
1571 1785 1664 1825 168

1068 1840 1184 1890 ε’θυε,
1222 1838 1291 1879 καὶ
1316 1835 1582 1892 παρεσκεύαζε
1612 1854 1666 1886 ως

1011 1892 1217 1947 δεξόμενος
1253 1897 1336 1934 τῶν
1370 1894 1559 1947 Περσέων
1594 1892 1663 1934 τὸν

1011 1948 1200 2005 στρατόν]
1230 1947 1353 1991 θυειν
1381 1951 1440 1990 hic
1455 1951 1665 2002 simpliciter

1010 2014 1068 2046 est
1118 2011 1292 2055 mactare,
1348 2003 1665 2060 παρασκευαζειν

1010 2069 1067 2103 est
1082 2077 1234 2115 parare,
1246 2067 1414 2102 znstruere
1425 2064 1560 2115 epulas,
1582 2065 1665 2114 qui-

1008 2121 1075 2157 bus
1107 2121 1300 2159 Persarum
1340 2122 1534 2159 exercitum
1558 2133 1664 2159 exce-

1008 2181 1138 2228 pturus
1167 2181 1245 2215 erat
1271 2177 1402 2226 Cyrus.
1458 2177 1542 2214 Hoc
1567 2177 1663 2215 enim

1009 2234 1078 2271 sibi
1097 2233 1172 2270 vult
1190 2234 1225 2270 h.
1243 2232 1266 2269 l.
1296 2231 1499 2284 δέχεσθαι,
1530 2234 1661 2272 eodem

1007 2291 1118 2327 modo
1138 2290 1185 2327 de
1204 2289 1408 2340 hospitibus
1429 2290 1542 2328 coena
1562 2289 1662 2328 laute

1007 2347 1179 2384 instructa
1211 2347 1431 2397 excipiendis
1457 2346 1659 2383 adhibitum

1007 2402 1054 2450 V,
1083 2404 1146 2443 18-
1177 2401 1267 2449 Vll,
1297 2405 1389 2444 119.
1445 2402 1568 2440 Dativi
1597 2402 1662 2452 qui

1006 2462 1209 2508 sequuntur
1229 2457 1325 2497 οι’νω
1343 2462 1380 2496 et
1399 2458 1556 2498 σιτίοισι
1570 2471 1660 2509 per-

1007 2516 1126 2553 tinent
1147 2515 1196 2551 ad
1212 2499 1435 2565 δεξομενος.
1468 2513 1566 2552 Nam
1580 2518 1659 2552 tum

1005 2571 1186 2623 pecudum
1199 2575 1432 2609 mactatarum
1445 2583 1565 2619 carne,
1580 2574 1659 2608 tum

1008 2628 1094 2665 vino
1117 2639 1160 2664 ac
1186 2639 1284 2677 pane
1313 2627 1446 2664 Persas
1478 2627 1517 2663 in
1541 2626 1659 2678 epulis

1007 2686 1222 2734 excepturus
1257 2686 1336 2721 erat
1367 2683 1498 2732 CyruS.
1524 2703 1582 2711 —
1613 2681 1657 2720 In

1007 2753 1113 2790 seqq.
1132 2734 1213 2778 οἷπό
1233 2739 1396 2779 δείπνου
1417 2735 1521 2778 εἶναι
1538 2752 1563 2777 α
1581 2751 1658 2776 coe-

1005 2810 1055 2834 na
1070 2794 1262 2844 discedere,
1291 2794 1398 2833 coemi
1416 2794 1536 2833 sumt&
1547 2796 1656 2842 abire,

1004 2854 1093 2890 satis
1114 2855 1252 2889 notum.
1292 2853 1351 2890 Cf.
1369 2851 1500 2890 Matth.
1524 2850 1658 2904 §.572

1003 2922 1090 2962 pag.
1114 2911 1222 2950 1128
1244 2921 1324 2959 seq.
