1805 3315
641 234 857 273 CLIO.
916 235 944 271 Ι.
1382 239 1438 279 59

130 350 296 400 ῖοΞείσας
314 348 372 399 δὲ,
399 345 629 390 ὑπεδέκετο
661 343 828 389 ἑωυτόν
845 343 1213 401 κατεργάσασθαι.
1235 344 1310 388 καὶ
1323 349 1483 393 τοῖσι45

161 525 293 572 (ἱείσας
317 521 382 572 δὲ,
406 521 618 563 ὑπεδέκετο
661 521 755 563 ἕωυ-

108 582 173 624 τὸν
200 577 421 632 κατεργά
438 580 662 631 σασθαι]
692 581 757 618 Bi-

104 642 141 678 ni
162 639 242 676 libri
259 632 453 690 κατεργάσ
467 652 483 676 ε
496 641 559 676 σθ
572 654 596 676 α
608 653 622 676 ι
632 666 645 685 ,
677 638 755 675 iure

102 709 176 733 non
197 695 398 731 admissum
417 694 628 732 editoribus.
658 694 756 732 Nam

100 751 225 789 aoristi
244 751 441 788 infinitivus
452 754 540 801 post
547 752 659 789 verba
669 764 757 801 pro-

100 808 288 856 mittendi,
318 808 513 858 sperandi,
540 807 610 845 alia
631 808 670 845 id
692 821 757 857 ge-

100 877 169 902 nus
205 865 303 901 haud
339 863 519 902 insolitus.
589 863 676 902 vid.
710 877 758 902 ne

99 921 224 972 plura,
254 934 348 970 quae
388 921 462 957 dixi
499 920 538 957 in
583 921 757 960 Creuzeri

101 977 243 1015 Melett.
265 978 317 1015 m
337 991 377 1028 p.
400 980 466 1018 10.
496 979 563 1019 11.

156 1087 225 1129 καὶ
245 1092 346 1130 τοῖσι
369 1089 549 1131 ἐσελθεῖν
569 1087 643 1143 γάρ
663 1089 757 1141 ἦδο-

101 1141 208 1197 νὴν]
250 1147 294 1184 ln
325 1148 380 1184 his
421 1149 540 1186 verbis
581 1147 758 1198 particula

102 1199 178 1256 γάρ
200 1204 331 1241 multos
357 1209 394 1242 et
415 1205 555 1254 priores
575 1208 611 1241 et
632 1216 758 1241 recen-

103 1261 214 1298 tiores
290 1261 443 1298 offendit
522 1261 755 1310 interpretes·

103 1316 487 1365 Schweighaeuserus‚
526 1317 757 1354 distinctione

103 1373 233 1410 minori
255 1373 377 1423 posita
402 1377 489 1423 post
509 1372 600 1420 καὶ,
632 1373 669 1409 in
694 1386 758 1410 co-

104 1429 252 1480 piosiori
271 1430 525 1478 annotatione,
556 1443 665 1480 quam
678 1430 758 1467 huic

103 1487 184 1524 loco
223 1486 397 1533 subiecit,
445 1486 503 1524 hic
545 1500 692 1536 quoque
720 1487 758 1523 in

103 1543 282 1581 communi
319 1543 517 1594 particulae
555 1544 657 1580 istius
688 1556 758 1581 usu

104 1600 236 1649 (nam,
270 1600 447 1649 namque)
505 1600 653 1637 subsisti
682 1600 759 1636 vult

103 1669 260 1706 eamque
280 1655 398 1706 ipsam
417 1656 549 1706 duplici
566 1657 677 1694 modo
697 1669 759 1694 ex-

104 1713 229 1764 plicari
254 1726 367 1762 posse
396 1714 601 1761 contendit,
644 1713 758 1751 altero

104 1770 136 1806 si
148 1769 342 1818 cogitando
354 1770 638 1806 enuntiationum
649 1771 758 1808 sedes

103 1829 288 1878 permutes
308 1830 347 1862 ut
367 1839 460 1875 quae
475 1827 587 1877 priori
604 1827 683 1864 loco
706 1826 758 1864 le-

104 1886 254 1932 gantur,
285 1895 329 1920 ea
354 1895 450 1920 nunc
469 1887 758 1934 postponantur3

105 1939 239 1987 altero,
280 1938 311 1975 si
352 1940 660 1987 enuntiationem,
701 1939 758 1976 cui

105 1995 232 2033 addita
253 1999 309 2032 est
329 1996 506 2046 particula
525 1994 623 2049 γὰρ,
646 1997 759 2033 inter-

106 2052 258 2090 cal-atam
278 2053 615 2104 parentheseosque
642 2052 757 2101 signis

105 2109 193 2147 inde
250 2109 512 2158 seiungendam
561 2111 756 2149 existimes.

106 2165 210 2204 Haec
227 2169 348 2204 tamen
367 2167 458 2203 ratio
477 2167 535 2204 hic
544 2167 661 2204 minus
672 2180 759 2218 pro-

106 2222 213 2259 batur
240 2223 368 2269 nobis3
407 2224 524 2271 magis
555 2224 674 2274 placet
703 2237 759 2271 ea,

107 2291 216 2329 quam
237 2281 429 2330 proposuit
446 2280 636 2318 Matthiae.
675 2280 760 2318 Duo

108 2336 205 2374 enim
234 2336 407 2373 orationis
448 2338 610 2378 membra
637 2337 696 2374 hic
723 2337 761 2373 in

107 2405 219 2430 unum
254 2394 406 2431 confusa
439 2408 522 2433 esse
560 2394 656 2442 vult,
694 2393 764 2431 hoe

110 2451 186 2488 fere
202 2451 334 2487 modo:
364 2450 451 2490 καὶ
480 2447 667 2498 τοῦς-
696 2449 764 2489 ἐσ-

111 2509 243 2546 ελθεῖν
271 2502 362 2559 γὰρ
399 2503 580 2554 αὐτοῖς
605 2504 762 2559 ἡδονήν

110 2584 167 2591 ·—
188 2558 463 2615 ἀναχωρῆσαι,·
491 2570 532 2602 ut
551 2578 585 2602 v.
603 2579 634 2602 c.
652 2564 681 2611 I,
695 2567 761 2606 28.

110 2617 175 2667 IV,
202 2622 300 2661 200.
335 2624 428 2662 149.
490 2622 575 2659 Vid.
605 2622 762 2659 eundem

114 2675 152 2712 in
179 2677 245 2713 Gr.
278 2678 344 2715 Gr.
388 2677 424 2729 ᾗ.
456 2679 538 2720 615
578 2692 615 2728 p.
653 2678 761 2719 1242

115 2731 191 2770 coll.
209 2737 299 2773 nott.
319 2736 368 2772 ad
385 2734 423 2783 Ι,
452 2739 490 2778 8.
532 2736 674 2780 Quibus
694 2735 762 2771 ad-

117 2787 171 2824 dit
191 2788 254 2825 Cr.
281 2803 375 2839 quae
399 2792 590 2830 Werferus
608 2793 646 2829 in
665 2790 761 2830 Actt.

117 2843 215 2894 phill.
235 2845 399 2885 Monacc.
429 2848 467 2898 I,
494 2852 514 2890 1
545 2863 582 2901 p.
600 2851 651 2890 81
675 2861 763 2900 pro-

117 2900 197 2938 tulit
210 2903 371 2954 exempla
390 2906 438 2943 de
467 2907 647 2946 sententia
677 2919 762 2944 cau-

823 524 892 562 sali
938 523 1131 574 primariae
1182 522 1384 574 praemissa
1416 537 1483 574 per

823 580 1034 633 particulam
1063 575 1152 631 γάρ.
1214 580 1357 623 Quodsi
1387 581 1483 618 enim

823 642 910 689 post
946 636 1014 675 καὶ
1043 637 1201 683 incidas,
1243 637 1315 674 iam
1347 636 1482 686 aliquid

825 694 942 732 deerit
983 694 1031 730 ad
1066 688 1342 744 ἀναχωρῆσαι,
1382 694 1483 742 quod

824 751 922 789 nude
941 750 993 787 sic
1012 751 1172 801 positum
1193 750 1372 800 displicet.
1403 750 1483 788 Ne-

825 821 896 857 que
924 806 1015 844 ratio
1051 806 1203 855 cogitari
1239 810 1382 857 potest,
1421 819 1483 844 cur

824 864 898 912 legi
922 877 998 901 non
1027 864 1167 914 possit,
1196 863 1306 900 immo
1328 863 1481 901 debeat:

824 925 928 960 τοῖσι
957 916 1032 972 yde
1056 919 1259 968 ἕσελθεῖν,·
1298 920 1398 969 quod
1423 923 1483 957 ta-

825 990 910 1016 men
947 976 1111 1013 consulto
1159 977 1295 1014 vitasse
1341 976 1483 1014 videtur

825 1035 1059 1080 Herodotus,
1089 1033 1189 1070 cuins
1215 1033 1251 1069 in
1271 1032 1389 1070 verbis
1415 1033 1483 1069 da-

824 1090 919 1127 tivus
937 1092 1039 1128 τοῖσι
1066 1089 1175 1139 (prox
1204 1087 1272 1128 καὶ
1292 1085 1405 1138 τούς)
1435 1102 1480 1126 ex

825 1146 1049 1184 attractionis
1095 1146 1253 1194 quodam
1294 1158 1365 1182 usu
1413 1158 1482 1182 nec

826 1203 978 1239 Graecis
1018 1215 1086 1239 nec
1137 1201 1280 1238 Latinis
1332 1202 1481 1238 insolito

825 1258 1058 1308 explicandus
1096 1258 1172 1296 erit.
1233 1257 1330 1296 Nam
1359 1256 1480 1309 εἰσέρ-

825 1318 966 1368 χεσθαι
984 1315 1105 1351 dativo
1127 1315 1285 1351 iunctum
1304 1327 1413 1351 nemo
1425 1315 1480 1352 fe-

825 1386 866 1410 re
883 1372 1018 1418 nescit,
1036 1375 1123 1422 post
1140 1375 1270 1409 notatt.
1288 1371 1482 1408 Hemster-

825 1429 908 1467 hus.
936 1429 984 1465 ad
1011 1428 1161 1468 Lucian.
1194 1427 1211 1465 I
1239 1442 1276 1479 p.
1302 1430 1386 1469 206
1421 1428 1481 1465 ed.

825 1486 909 1537 Bip.
968 1485 1102 1534 Neque
1125 1485 1244 1535 ipsam
1262 1484 1482 1522 sententiam

825 1543 1090 1591 verborumque
1130 1542 1294 1579 ordinem
1333 1541 1364 1577 si
1397 1553 1483 1591 spe-

826 1604 962 1638 ctemus
974 1629 985 1647 ,
1008 1599 1076 1637 erit
1098 1599 1198 1648 quod
1217 1611 1286 1635 nos
1306 1598 1481 1637 offendat.

825 1656 922 1694 Nam
946 1668 1056 1693 causa
1073 1657 1200 1704 utique
1227 1655 1397 1693 effectum
1417 1666 1483 1690 an-

826 1714 982 1759 tecedit,
1024 1713 1214 1760 oratioque
1248 1712 1331 1762 ipsa
1370 1710 1482 1748 multo

827 1774 883 1807 est
903 1769 1022 1820 aptior
1047 1781 1089 1805 ac
1117 1768 1288 1815 vividior,
1327 1769 1357 1804 si
1387 1767 1482 1804 hunc

825 1827 956 1864 natura
984 1825 1089 1874 quasi
1127 1825 1393 1875 praescriptum
1424 1823 1482 1861 illa

825 1885 1067 1933 persequatur
1084 1882 1275 1919 verborum
1304 1881 1482 1918 ordinem.

826 1939 938 1977 Unde
967 1938 1054 1974 satis
1087 1942 1262 1988 apparet,
1295 1937 1381 1973 nihil
1407 1936 1483 1974 vitii

825 1995 894 2033 hoc
914 1996 954 2032 in
972 1995 1052 2032 loco
1080 1995 1224 2041 inesse,
1254 1998 1294 2031 ut
1316 1993 1401 2030 olim
1423 2006 1483 2030 ar-

825 2053 980 2090 bitratus
1015 2055 1074 2088 est
1101 2064 1261 2088 summus
1290 2050 1482 2088 Hemster-

825 2110 906 2148 hus.
933 2109 982 2145 ad
1009 2107 1160 2147 Lucian.
1192 2108 1227 2145 II
1255 2121 1293 2158 p.
1316 2108 1398 2148 526
1420 2107 1480 2144 ed.

825 2166 924 2216 Bip.,
951 2165 1011 2201 ubi
1045 2165 1093 2202 de
1111 2164 1287 2216 particula
1306 2160 1380 2216 γάρ
1401 2163 1483 2213 plu-

827 2223 928 2260 ribus
961 2221 1080 2260 verbis
1116 2221 1325 2272 postposita
1353 2233 1482 2269 agen5‚

826 2283 992 2317 nostrum
1015 2279 1133 2315 locum
1164 2279 1202 2315 in
1222 2277 1394 2328 exemplis
1418 2277 1486 2313 ad-

829 2336 988 2373 scribere
1008 2336 1142 2373 veritus
1167 2339 1234 2373 est.
1292 2334 1370 2372 Sed
1395 2332 1484 2370 Gel-

829 2393 867 2430 lii
888 2393 1000 2430 verba
1038 2392 1177 2439 (XVI,
1215 2394 1286 2432 19:
1317 2392 1415 2428 feros
1449 2392 1486 2427 et

830 2450 1007 2487 immanes
1035 2449 1176 2486 navitas
1203 2448 1407 2499 prolubium
1428 2450 1487 2483 ta-

830 2519 907 2543 men
928 2506 1100 2544 audiendi
1118 2505 1241 2554 subit)
1258 2504 1385 2542 melius
1404 2516 1485 2540 cum

831 2563 1045 2601 Herodoteo
1062 2563 1141 2599 loco
1161 2561 1364 2613 comparari
1371 2572 1485 2611 posse

829 2623 955 2658 censet
982 2619 1179 2667 Valcken.‚
1226 2631 1321 2669 quae
1355 2618 1483 2655 eadem

829 2678 878 2714 ad
898 2675 1082 2724 vulgatam
1111 2676 1301 2713 lectionem
1336 2675 1483 2712 firman-

830 2734 916 2771 dam
941 2732 1040 2770 haud
1079 2733 1209 2769 iniuria
1241 2733 1321 2782 quis
1347 2733 1483 2769 referre

827 2790 957 2841 possit.
994 2789 1053 2827 Ad
1070 2803 1194 2828 vocem
1210 2784 1396 2840 πρύμνης
1417 2786 1481 2823 Cr·

828 2849 970 2885 confert
978 2846 1146 2884 Eustath.
1165 2847 1214 2884 ad
1234 2848 1372 2896 Odyss.
1382 2842 1483 2889 XIII,

828 2907 884 2948 75
905 2918 942 2957 p.
964 2904 1158 2960 504jinsra
1173 2904 1286 2941 Basil.
