1759 3324
607 291 702 334 CL
730 292 748 331 1
776 293 823 331 O.
879 290 909 330 1.

1301 295 1386 335 465

128 411 316 464 Δαρεῖος
349 401 666 460 πρεσβύτατος,
713 401 798 445 ἐών
825 400 920 445 τότε
957 400 1130 459 ἡλικίην
1165 402 1209 454 ἐς
1248 404 1384 447 ε’ίκοσί

128 503 214 531 κον
242 484 425 542 μάλιστα
453 480 556 524 ἔτεα.
607 481 680 524 καὶ
711 475 841 533 οὗτος
867 481 1170 525 καταλέλειπτο
1198 481 1246 526 ἐν
1274 483 1384 539 Πέρ-

99 568 250 621 4σῃσι·
301 558 353 605 οὐ
382 560 467 616 γοὶρ
496 556 581 615 εἶχε
608 575 672 603 κω
708 558 882 616 ἡλικίην
909 557 1236 615 στρατεύεσθαι.
1294 562 1385 607 ἐπεὶ

127 637 190 685 οἷν
219 641 272 696 δὴ
301 639 499 695 έξεγέρθη
523 636 548 681 ὁ
569 641 738 695 Κῦρος,
770 640 917 683 ἐδίδου
945 638 1080 695 λόγον
1108 640 1257 699 έωυτῷ
1284 641 1384 696 περὶ

125 724 199 778 τῆς
228 720 366 772 ὄψιος.
425 716 485 769 ὦς
522 717 568 762 δέ
612 720 656 762 οἱ
691 718 837 762 ἐδόκεε
875 718 1035 776 μεγάλη
1073 716 1186 764 εἶναι
1213 718 1242 776 ἡ
1270 719 1385 774 ὄψις,

125 797 310 850 καλέσας
339 795 603 850 Ὑστάσπεα,
650 798 723 842 καὶ
753 796 990 854 ἀπολαβών
1017 801 1210 854 μοῦνον,
1268 797 1410 844 εἶπε·1

96 877 416 932 5,,Ἵ’στασπες,
465 882 568 928 παῖς
596 876 669 933 σὸς
698 876 993 933 ἐπιβουλεύων
1027 877 1123 934 ἐμοί
1157 894 1204 922 τε
1231 880 1304 923 καὶ
1331 883 1386 936 τῇ

126 958 244 1015 ,,έμῇ
283 954 393 1013 ἀρχῇ
433 955 614 1000 ἑάλωκε·
675 954 735 1008 ὥς
772 957 819 1000 δὲ
849 961 985 1001 ταῦτα
1022 955 1233 1014 ἀτρεκέως
1262 956 1385 1012 οἴδα,

97 1035 247 1092 6,,έγω“
278 1036 490 1092 σημανέω.
530 1036 634 1092 ἐμεῦ
661 1035 756 1080 θεοὶ
781 1033 1009 1093 κήδονται,
1039 1037 1115 1081 καί
1141 1053 1219 1094 μοι
1244 1036 1388 1081 πάντα

125 1115 505 1170 ,,προδεικνυόυσι
533 1115 586 1159 τὰ
616 1113 928 1172 ἐπιφερόμενα·
958 1113 1042 1172 ἤδη
1072 1110 1137 1160 ὦν
1166 1116 1214 1161 έν
1232 1119 1287 1174 τῇ
1303 1125 1415 1161 ποι-5

129 1194 400 1253 ,,ροιχομένῃ
439 1195 565 1239 νυκτὶ
606 1194 766 1248 εὕδων,
826 1193 946 1239 εἶδον
980 1198 1069 1239 τῶν
1095 1199 1187 1238 σῶν
1218 1198 1390 1240 παίδων

129 1274 243 1326 »τὸν
270 1273 569 1330 πρεσβύτατον
598 1274 750 1330 ἔχοντα
780 1273 848 1318 ἐπὶ
880 1277 970 1317 τῶν
999 1273 1130 1329 ὤμων
1150 1274 1389 1332 πτέρυγας·

128 1386 154 1405 ,,
164 1353 238 1397 καὶ
265 1353 457 1398 τουτέων
484 1356 538 1411 τῇ
566 1353 645 1409 μὲν
673 1353 752 1410 τὴν
779 1351 947 1409 Ἀσίην,
974 1356 1031 1409 τῇ
1060 1353 1106 1397 δὲ
1134 1352 1213 1410 τὴν
1240 1354 1390 1409 Εὐρώ-

102 1437 154 1484 7,,
168 1448 254 1489 πην
283 1431 552 1487 ἐπισκιάζειν.
585 1431 733 1477 οὔκων
763 1431 851 1476 ἐστὶ
879 1431 1048 1489 μηχανὴ
1064 1430 1150 1476 ἆπὸ
1169 1435 1242 1488 τῆς
1262 1433 1392 1486 ὄψιος

130 1510 329 1568 »ταύτης
359 1511 562 1568 οὐδεμία,
615 1511 663 1556 τό
695 1510 753 1568 μὴ
783 1516 930 1556 κεῖνον
959 1511 1255 1567 ἐπι-βουλεύειν
1283 1514 1389 1570 ἐμοί.

130 1591 222 1644 ,,σύ
257 1593 410 1636 τοίνυν
445 1591 526 1648 τὴν
562 1593 764 1648 ταχίστην
799 1589 986 1646 πορεύεο
1025 1589 1165 1636 ὀπίσω
1202 1592 1245 1643 ἐς
1286 1592 1394 1648 Πέρ-

77 1825 120 1860 ut
147 1821 237 1871 VII,
271 1825 336 1865 11.
361 1820 456 1865 224.
511 1822 572 1862 De
600 1822 730 1862 eodem

76 1878 191 1917 Persei
209 1880 341 1930 opinor
371 1880 515 1918 Ctesias
543 1879 566 1917 l.
589 1880 637 1927 l.‚
668 1879 730 1916 ubi

77 1935 150 1974 vid.
173 1940 313 1974 annott.
333 1950 370 1988 p.
393 1935 487 1978 244.
517 1934 575 1973 Ad
596 1932 731 1987 Ἀχαι-

78 1992 218 2046 μενίδῃ
237 1994 331 2030 conf.
354 1992 394 2040 Ι,
421 1991 512 2033 125.
571 1993 630 2031 De
648 1993 730 2043 ipso

79 2049 218 2086 somnio
231 2049 450 2098 WVesseling.
471 2049 556 2087 citat
573 2048 732 2087 Artemi-

78 2106 206 2143 dorum
225 2105 262 2142 in
282 2106 471 2144 Oneirocr.
499 2105 554 2153 ΙΙ,
575 2108 630 2148 72
660 2109 734 2143 sta-

78 2166 257 2209 tuentem,
285 2162 354 2200 hoc
374 2163 596 2199 somniorum
616 2175 732 2212 genus

78 2221 163 2265 τοῖς
191 2219 399 2265 πλουσίοις
428 2217 496 2257 καὶ
524 2222 608 2266 τοῖς
635 2217 733 2271 μέγα

81 2273 318 2325 δυναμένοις
343 2271 467 2328 α’ρχᾶς
498 2279 734 2327 περιποιεῖν.

81 2351 137 2359 -·
159 2331 219 2370 De
246 2331 383 2379 Dario,
420 2331 617 2382 Hystaspis
644 2331 733 2379 filio,

82 2388 146 2437 qui
179 2391 265 2437 post
285 2389 333 2425 ad
359 2388 553 2426 Persarum
577 2400 734 2437 regnum

84 2447 140 2480 est
157 2444 388 2492 evectus,hic
402 2445 636 2495 cogitandum
653 2457 736 2483 esse

84 2510 192 2537 nemo
214 2512 289 2538 non
309 2501 420 2539 videt.

140 2614 237 2658 παῖς
265 2608 336 2660 σὸς
375 2611 589 2665 ἔπιβουλ
603 2608 656 2653 ευ’
669 2627 738 2652 ων

86 2688 144 2695 --
154 2666 172 2706 ἓ
182 2663 207 2706 ά
218 2670 238 2706 λ
251 2682 281 2707 ω
292 2683 316 2708 κ
327 2672 368 2715 ε]
402 2667 640 2709 ἁλίσκεσθαι
656 2671 738 2719 (ar-

86 2724 173 2770 gui,
195 2725 370 2774 convinci)
398 2727 589 2778 participio
617 2727 739 2776 iungi-

87 2782 169 2826 tur,
193 2785 341 2818 notante
362 2782 494 2820 Matth.
513 2796 599 2833 pag.
614 2785 738 2824 1078.

92 2855 141 2861 —
160 2834 203 2872 In
221 2849 336 2886 seqq„
357 2839 484 2876 ordine
498 2839 637 2888 vulgari
655 2852 737 2876 mu-

89 2893 166 2927 tato
178 2918 190 2938 ‚
223 2903 245 2929 e
273 2892 476 2931 melioribus
507 2894 607 2933 libris
626 2896 738 2932 refin-

90 2945 225 2983 ximus:
243 2949 364 2987 ταῦτα
381 2945 585 3003 οἶτρεκέως.
613 2950 737 2999 Vulgo

149 3001 357 3042 HEnouo'r.
390 3005 418 3043 Ι,

799 1816 991 1874 ἀτρεκέως
1018 1824 1152 1862 ταῦτα.
1198 1823 1272 1861 Pro
1305 1819 1450 1875 κήδον-

798 1892 862 1917 ται
881 1879 918 1916 in
940 1891 1043 1929 seqq.
1062 1892 1154 1917 unus
1175 1879 1267 1918 liber
1286 1879 1450 1932 κηδέαν-

799 1949 884 1983 ται,
938 1934 1028 1973 alter
1082 1936 1449 1975 Schellershemianus

799 1988 1009 2042 κηδέαται,
1048 1993 1149 2041 quod
1177 2005 1221 2030 eo
1251 1994 1369 2043 magis
1396 1998 1453 2031 te·-

800 2048 961 2086 nendum
979 2047 1123 2085 videtur
1141 2048 1359 2098 Schweigh„
1379 2063 1453 2099 qno

799 2105 894 2142 infra
923 2103 980 2152 ΙΙ,
1010 2103 1066 2145 47
1100 2104 1196 2142 idem
1236 2106 1370 2144 codex.
1385 2119 1454 2156 pro

801 2158 852 2213 ἔγ
863 2176 884 2201 ο
896 2175 919 2199 ν
930 2175 994 2199 ται
1025 2161 1157 2199 afferat
1199 2156 1249 2213 οἷγ
1262 2159 1316 2202 έα
1326 2177 1389 2201 ται
1418 2166 1455 2200 et

800 2217 858 2266 ΙΙ,
875 2219 930 2258 67
951 2218 1028 2268 ‘pro
1054 2212 1194 2270 οἷποὶγο
1207 2232 1322 2266 νται,
1355 2213 1456 2257 ἅπα-

801 2288 826 2326 y
838 2272 857 2313 έ
869 2288 894 2312 α
906 2288 982 2312 ται.
1039 2273 1172 2312 Itidem
1207 2274 1260 2323 II,
1277 2275 1332 2317 47
1353 2273 1456 2315 ἔκδι-

802 2330 826 2370 δ
838 2325 859 2371 ό
872 2345 896 2369 α
908 2345 973 2369 ται
992 2343 1060 2382 pro
1080 2328 1191 2370 ἐκδίδ
1200 2345 1221 2371 o
1234 2345 1343 2371 νται.

861 2438 997 2483 οὔκων
1024 2440 1103 2482 ἐστὶ
1133 2441 1292 2496 μηχανή
1318 2464 1369 2472 -
1392 2440 1457 2485 ού-

804 2499 942 2551 δεμία,
970 2496 1015 2539 το“
1049 2495 1104 2550 μὴ
1134 2503 1270 2540 κεῖνον
1298 2498 1458 2553 ἐπιβου-

804 2551 968 2606 λεύειν]
1008 2552 1193 2605 ου’δεμία
1220 2557 1388 2596 meliores
1416 2558 1459 2595 li-

805 2613 863 2651 bri
883 2612 1050 2650 obtulere
1067 2625 1134 2664 pro
1151 2612 1248 2663 vulg.
1268 2609 1411 2666 οὗδεμί
1419 2629 1460 2665 η,

809 2691 858 2697 —
885 2668 946 2706 Ad
970 2682 1075 2707 usum
1110 2670 1208 2706 vocis
1238 2668 1396 2723 μηχανή
1421 2672 1460 2707 in

804 2726 937 2763 talibus
972 2727 1067 2763 conf.
1110 2726 1223 2763 modo
1253 2727 1378 2776 Viget.
1413 2727 1459 2764 de

805 2782 982 2819 Idiotism.
1001 2795 1088 2833 pag.
1112 2783 1191 2824 113
1213 2795 1256 2820 ac
1272 2784 1320 2821 de
1337 2783 1461 2820 infini-

805 2839 881 2876 tivo
918 2839 1086 2888 sequenti
1127 2834 1183 2878 τό
1220 2835 1288 2889 μη“
1325 2843 1461 2878 κεῖνον

805 2889 1080 2945 ἐπιβουλεύειν
1107 2893 1285 2932 Matthiae
1306 2895 1371 2932 Gr.
1394 2895 1460 2932 Gr.

804 2963 893 3001 pag.
918 2951 1038 2993 1056.

1130 3006 1188 3044 30
