1759 3324
515 263 939 301 EUTERPE.
994 264 1038 301 Π.

1317 269 1400 308 723

104 373 237 425 Ξτούς
265 374 308 417 τὲ
339 373 383 417 οἷ
410 373 589 423 λίθους,
638 372 742 423 τούς
781 373 847 415 ἐπὶ
888 372 1050 416 τούτου
1089 377 1168 417 τοῦ
1197 376 1401 430 βασιλέος

131 453 415 510 κομισθέντας
444 451 488 501 ἐς
517 454 597 494 τοῦ
617 449 862 508 Ἡφαίστου
900 451 949 495 τὸ
985 452 1106 507 ἱρὸν,
1140 451 1293 505 ἐόντας
1322 471 1397 509 με-

130 532 259 589 γάθεϊ
284 529 564 587 περιμήκεας,
616 525 740 574 οὗτοι
770 525 882 586 ἦσαν
922 533 965 574 οἵ
1001 531 1279 584 ἑλκύσαντες·
1325 535 1400 577 καὶ

127 611 203 662 τὰς
236 607 451 665 διώρυχας
490 610 567 661 τὰς
605 614 688 653 νῦν
726 609 886 662 ἐούσας
931 611 977 653 ἐν
1006 610 1213 671 Αἰγύπτῳ
1253 611 1396 664 πάσας
1411 620 1454 653 90

128 686 252 733 οὗτοι
274 688 611 745 ἀναγκαζόμενοι
636 689 864 744 ὤρυσσον·
898 690 1071 733 ἐποίευν
1087 708 1132 735 τε
1162 691 1244 735 οὐκ
1275 692 1396 736 ἐκόν-

124 787 191 821 τες
220 772 470 825 Αἴγυπτον,
500 769 550 813 τό
581 770 688 823 πρὶν
715 770 876 813 ἐοῦσαν
906 772 1145 826 ἱππασίμην
1174 772 1249 814 καὶ
1285 770 1396 827 ἁμα-

96 850 362 906 3ξευομένην
390 853 556 902 πᾶσαν,
596 850 722 894 ἐνδεᾶ
753 848 934 893 τούτων.

999 848 1084 893 dm?
1117 848 1202 906 γὰρ
1232 850 1396 894 τούτου

124 934 205 973 τοῦ
233 928 400 985 χρόνον
430 932 671 985 Αἴγυπτος,
703 929 836 972 ἐοῦσα
865 929 1016 980 πεδιὰς
1035 934 1176 977 πᾶσα,
1209 929 1395 982 ἄνιππος

124 1010 198 1052 καὶ
230 1007 528 1066 ἀναμάξευτος
557 1008 724 1065 γέγονε·
773 1011 906 1053 αἴτιαι
937 1009 983 1053 δὲ
1014 1009 1184 1053 τούτων
1215 1012 1260 1053 αἱ
1290 1009 1394 1054 διώ-
1407 1017 1451 1051 95

126 1106 250 1145 ρυχες
280 1088 510 1145 γεγόνασι,
540 1089 692 1132 ἐοῦσαι
722 1090 902 1141 πολλαὶ,
932 1090 1006 1133 καὶ
1034 1091 1274 1140 παντοίους
1291 1088 1395 1145 τρό-

95 1173 240 1220 4πους
271 1169 458 1225 ἔχουσαι.
488 1169 724 1224 κατέταμνε
748 1170 794 1212 δὲ
819 1172 949 1213 τοῦδε
969 1171 1112 1213 εἵνεκα
1140 1169 1220 1226 τὴν
1248 1167 1396 1225 χώρην

124 1248 148 1293 ὁ
180 1246 403 1306 βασιλεύς·
437 1247 534 1292 ὅσοι
570 1252 659 1291 τῶν
689 1250 940 1303 Αἰγυπτίων
979 1248 1038 1305 μὴ
1068 1248 1136 1291 ἐπὶ
1166 1251 1228 1306 τῷ
1258 1264 1394 1291 ποτα-

124 1334 192 1387 μῷ
222 1330 398 1385 ἔκτηντο
427 1326 503 1378 τὰς
531 1327 676 1379 πόλις,
721 1325 819 1370 ἀλλ’
852 1325 1100 1380 ἀναμέσους
1129 1323 1253 1371 οὗτοι
1282 1326 1396 1378 ὅκως

121 1425 166 1453 τε
196 1407 318 1452 οἷπίοι
348 1405 371 1451 ὁ
403 1406 624 1463 ποταμός,
660 1408 937 1460 σπανίζοντες
960 1405 1154 1456 ὑδάτων,
1187 1407 1394 1450 πλατυτέ-

122 1498 240 1543 ροισι
268 1488 468 1544 ἐχρέοντο
501 1491 614 1531 τοῖσι
634 1485 798 1543 πόμασι
814 1520 825 1539 ,
856 1487 903 1531 ἐκ
924 1485 1128 1543 φρεάτων
1147 1484 1387 1543 χρεόμενοι.
1403 1494 1419 1526 1

119 1676 188 1717 καὶ
211 1674 289 1724 τας
319 1674 516 1728 διώρυχας
543 1673 613 1723 τας
645 1679 721 1715 νῦν

64 1731 208 1780 ἐούσας
229 1750 264 1772 κ.
288 1749 319 1772 τ.
340 1737 388 1780 λ.]
420 1735 502 1771 vid.
524 1734 679 1771 Diodor.
695 1734 721 1781 l,

63 1793 129 1833 57.
186 1790 308 1840 Atque
329 1791 556 1829 coniunctum
579 1795 637 1828 est
664 1804 720 1827 se-

63 1848 206 1897 quentis
267 1849 395 1899 capitis
444 1851 718 1896 argumentum,

61 1906 234 1954 quoniam
256 1909 423 1941 accurata
442 1905 631 1953 regionum
653 1904 719 1940 (le-

62 1961 209 2011 scriptio
245 1962 554 2010 terminorumque
585 1961 719 1998 consti-

59 2018 280 2055 tuendorum
300 2019 394 2055 ratio
422 2018 581 2066 indeque
608 2018 719 2054 vecti-

60 2075 193 2124 galium
216 2087 363 2123 quoque
385 2075 656 2122 exigendorum,
669 2075 715 2111 ab

58 2131 112 2169 his
133 2130 314 2168 canalibus
334 2132 381 2168 ad
406 2135 540 2167 terram
563 2132 716 2168 fertilio-

58 2201 133 2226 rem
157 2188 382 2225 reddendam
398 2187 561 2224 deductis
582 2201 715 2238 prove-

58 2245 191 2282 niebat.
247 2244 382 2294 Neque
419 2244 528 2281 etiam
568 2244 715 2281 omnino

60 2305 183 2338 auctor
208 2300 312 2338 huius
339 2301 391 2338 rei
429 2301 542 2338 fuisse
574 2302 716 2338 videtur

59 2357 257 2405 Sesostris,
287 2371 367 2394 cum
388 2356 474 2394 talia
491 2362 576 2395 ante
596 2359 715 2408 ipsum

59 2413 130 2450 iam
148 2414 311 2451 instituta
334 2415 447 2451 fuisse
467 2427 643 2465 perquam
668 2415 716 2451 sit

60 2469 240 2517 credibile,
259 2472 324 2508 sed
334 2470 483 2508 multum
499 2471 560 2508 illa
570 2473 713 2509 auxisse

59 2526 259 2575 meliusque
277 2527 465 2565 ordinasse
477 2529 619 2566 videtur
636 2541 713 2575 rex,

59 2583 107 2618 ad
127 2595 233 2631 quem
261 2584 462 2635 principem
488 2586 565 2622 fere
584 2598 714 2634 regum

60 2637 320 2688 Aegyptiorum
396 2642 714 2688 adscribebantur,

60 2706 298 2745 quaecunque
350 2697 541 2747 splendida
601 2703 714 2747 atque

61 2752 210 2799 egregia
236 2765 279 2789 ex
306 2755 520 2803 antiquitate
550 2755 715 2791 instituta

59 2806 184 2843 habuit
218 2807 408 2859 Aegyptus
429 2837 441 2856 ,
486 2811 535 2848 ad
571 2811 713 2861 imperii

60 2861 205 2900 laudem
224 2877 297 2901 non
315 2867 433 2903 minus
461 2880 571 2916 quam
591 2869 638 2904 ad
660 2868 714 2903 vi-

59 2922 134 2956 tam
169 2919 287 2970 ipsam
324 2923 511 2960 cultiorem
543 2924 711 2973 insignia.

791 1677 900 1714 Conf.
921 1677 1082 1713 Heeren.
1102 1675 1214 1713 Ideen
1241 1679 1308 1713 etc.
1339 1675 1393 1722 II,
1423 1678 1450 1716 2

788 1747 824 1784 p-
847 1734 927 1774 341
951 1733 1028 1769 coll·
1052 1733 1147 1773 348.
1185 1731 1340 1770 Rennel.
1371 1732 1394 1768 l.
1424 1731 1447 1768 l.

788 1803 876 1840 pag.
901 1790 995 1831 597.
1044 1790 1167 1837 Atque
1187 1789 1241 1824 his
1264 1788 1448 1825 canalibus

789 1860 934 1883 omnem
977 1845 1139 1895 Aegypti
1173 1845 1303 1882 faciem
1343 1844 1449 1882 valde

788 1904 901 1939 fnisse
933 1907 1108 1939 mutatam
1135 1902 1229 1939 bene
1269 1901 1447 1938 credimus

786 1960 981 1997 Herodoto
1038 1959 1239 2007 expressim
1293 1959 1448 2006 notanti,

787 2017 889 2065 equis
927 2020 964 2052 et
990 2016 1153 2052 curribus
1187 2027 1262 2051 non
1292 2014 1446 2064 amplius

787 2086 868 2110 eam
899 2085 981 2109 esse
1010 2076 1154 2121 aptam,
1191 2084 1288 2120 quae
1316 2070 1449 2108 scilicet

785 2134 894 2167 antea
916 2133 952 2166 et
968 2129 1128 2177 equitum
1149 2132 1187 2165 et
1209 2140 1377 2164 curruum
1389 2140 1447 2164 ar-

784 2191 965 2222 matorum
1003 2185 1110 2234 copia
1151 2184 1370 2229 abundarit,
1408 2187 1447 2220 ut

784 2243 841 2280 vel
861 2255 904 2280 ex
923 2242 1040 2278 Exod.
1054 2239 1154 2288 XIV,
1173 2243 1198 2282 9
1220 2240 1445 2289 intelligitur.

783 2299 892 2337 Plura
905 2298 1092 2335 Michaelis
1110 2297 1305 2335 Mosaisch.
1314 2296 1446 2335 Recht.

783 2356 833 2393 III
853 2370 889 2406 p.
913 2357 996 2397 213
1018 2367 1123 2404 seqq.

839 2411 905 2451 καὶ
918 2411 1134 2457 παντοίους
1150 2403 1324 2460 τρόπους
1339 2408 1446 2460 ἔχου-

782 2467 862 2519 σαι]
886 2468 1061 2517 Intelligit
1081 2466 1223 2505 canales
1244 2469 1347 2503 vario
1370 2478 1444 2502 mo-

780 2526 824 2563 do
847 2538 1107 2576 quaquaversus
1128 2523 1302 2561 deductos.
1335 2522 1445 2560 Conf.

779 2583 820 2631 Ι,
844 2585 935 2624 188-
959 2584 1051 2624 199-

837 2637 1112 2690 πλατυτέροισι
1141 2633 1322 2687 ἐχρέοντο
1341 2637 1445 2673 τοῖσι

780 2691 958 2747 πόμασι]
989 2696 1012 2732 i.
1034 2709 1065 2733 e.
1096 2693 1242 2730 salsiore
1259 2696 1346 2742 potu
1364 2695 1445 2729 ute-

782 2754 914 2790 bantur
940 2766 968 2789 s.
1001 2765 1098 2802 aqua
1127 2749 1283 2787 salsiore.
1344 2748 1443 2785 Nam

781 2805 908 2849 πλατύ
928 2804 1039 2859 ’ὕδωρ
1067 2806 1272 2855 Hesychius
1294 2805 1443 2854 exponit

783 2862 985 2916 ἁλμυρὸν,
1016 2865 1245 2912 eandemque
1264 2862 1360 2898 vocis
1374 2873 1442 2910 po-

780 2926 953 2960 testatem
975 2922 1023 2958 ad
1043 2919 1175 2957 Athen.
1201 2918 1235 2955 ll
1249 2946 1261 2965 ‚
1281 2917 1308 2957 4
1340 2929 1441 2954 com-

1072 2974 1161 3016 46*
