1759 3324
635 264 927 304 cL10.1.

1326 272 1412 313 4⁰3

123 373 422 432 7έστρωμένη,
463 374 539 418 καί
568 374 612 417 οἱ
639 372 829 430 τράπεζα
856 375 1116 431 παρακέεται
1143 377 1314 436 χρυσέη.
1360 378 1410 425 ἅτ

150 459 292 512 γαλμα
319 454 366 498 δὲ
399 450 478 496 οὐκ
506 452 572 495 ἔνι
600 450 734 497 οὐδὲν
770 453 932 499 αὐτόθι
959 454 1269 512 ἐνιδρυμένον·
1305 456 1410 509 οὐδὲ

148 532 286 578 νύκτα
315 529 460 582 οὐδεὶς
496 531 762 586 ἐναυλίζεται
791 530 1062 589 ἀνθρώπων,
1108 533 1176 578 ὅτι
1202 534 1261 593 μή
1290 536 1402 595 γυνή
1418 544 1465 579 90

152 609 296 669 μούνη
333 613 425 654 τῶν
463 610 727 667 ἐπιχωρίων,
780 611 862 669 τήν
902 610 958 656 ἂν
988 612 1012 657 ὁ
1045 613 1150 665 θεὸς
1187 613 1332 671 ἕληται
1358 616 1408 661 ἐκ

144 690 339 742 πασέων,
369 686 429 742 ὥς
455 689 632 747 λέγουσι
662 691 707 735 οἱ
734 693 970 744 Χαλδαῖοι,
1002 691 1144 745 ἐόντες
1172 692 1283 750 ἱρέες
1303 694 1404 740 τού·

144 886 214 928 καί
239 886 281 927 οἵ
304 881 476 940 τράπεζα
502 885 740 939 παρακέεται

88 942 258 998 χρυσέη]
280 943 448 982 Pluribus
464 957 629 982 mensam
647 943 740 982 hanc

89 1001 262 1041 describit
297 1000 486 1039 Diodorus
512 1000 653 1038 Siculus
693 1000 740 1048 ΙΙ,

89 1061 129 1101 9.
157 1057 240 1096 Iure
264 1061 386 1095 autem
415 1056 484 1094 hoc
504 1058 553 1094 ad
571 1057 740 1094 lectister-

87 1117 172 1162 nia,
210 1127 304 1164 quae
323 1125 398 1150 non
422 1112 542 1150 solum
560 1113 739 1151 Romanis

89 1171 287 1210 Graecisve
321 1169 471 1217 usitata,
509 1182 576 1220 per
615 1168 740 1206 Asiam

88 1240 259 1278 quoque,
287 1229 446 1264 testante
464 1238 566 1264 sacra
584 1226 741 1276 scriptu-

86 1296 152 1331 ra,
179 1283 408 1321 inveniuntur
434 1282 611 1319 communi
638 1286 740 1319 vete-

86 1352 168 1378 rum
197 1339 361 1389 gentium
390 1350 435 1376 ex
468 1338 738 1389 superstitione,

86 1397 198 1434 refert
218 1407 241 1433 a
271 1394 338 1432 Cr.
367 1393 534 1432 laudatus
555 1394 737 1432 Gesenius

87 1451 126 1489 in
145 1450 424 1488 Commentariis
452 1451 501 1488 ad
518 1450 624 1489 Iesai.
657 1454 683 1487 t.
701 1449 736 1487 Π

85 1520 172 1560 pag.
191 1509 273 1550 286
285 1506 384 1556 (coll.
404 1508 486 1548 283
505 1508 616 1556 seq).
639 1507 734 1548 335.

85 1562 169 1606 346
216 1562 505 1613 testimoniisque
552 1575 736 1601 sacrorum

83 1620 301 1670 scriptorum
327 1619 467 1668 firmat,
504 1619 566 1669 qui
586 1620 625 1656 in
654 1619 736 1657 Beli

85 1675 184 1714 cultu
202 1688 278 1713 non
297 1674 409 1714 semel
424 1680 629 1714 memorant
645 1675 736 1714 haec

85 1731 305 1770 lectisternia
324 1731 557 1782 ciborumque
576 1744 735 1782 appara-

85 1791 145 1827 tus
161 1787 398 1840 splendidos,
425 1787 516 1826 Belo
537 1787 691 1826 oblatos.

143 1858 200 1891 ως
234 1842 391 1896 λέγουσι
441 1842 483 1883 οἷ
527 1844 735 1889 Χαλδαῖοι,

83 1895 257 1947 ἕόντες”
240 1898 340 1952 ιρέες
358 1895 503 1940 τούτου
523 1903 596 1940 τοῦ
614 1899 733 1951 θεοῦ]

83 1956 145 1996 De
163 1956 359 1995 Chaldaeis
383 1957 504 1995 dicere
520 1957 682 2006 longum,
702 1957 734 1994 si

83 2012 202 2052 varias
222 2014 378 2051 virorum
405 2013 594 2051 doctorum
612 2014 660 2051 de
679 2014 733 2051 his

84 2070 283 2108 sententias
298 2073 466 2108 excutere
481 2069 581 2108 velis.
638 2069 735 2119 Nos,

83 2125 231 2176 reliquis
245 2125 530 2177 praetermissis,
558 2127 601 2163 iis
618 2127 737 2178 potis-

84 2181 215 2220 simum
233 2182 440 2220 insistamus
451 2211 463 2230 ,
492 2195 588 2232 quae
606 2188 733 2220 nostra

85 2241 205 2277 aetate
218 2238 283 2276 viri
302 2239 523 2286 doctissimi,
549 2240 733 2278 Gesenius

85 2292 398 2333 inCommentarr.
429 2296 478 2332 ad
508 2296 613 2334 Iesai.
642 2300 668 2333 t.
696 2295 731 2333 ΙΙ

84 2362 172 2401 pag.
182 2350 264 2393 349
283 2364 388 2401 seqq.
416 2351 576 2390 Heeren.
600 2352 733 2400 (Ideen

85 2404 126 2453 1,
142 2409 170 2448 2
195 2419 282 2457 pag·
310 2408 390 2450 152
407 2421 490 2458 sqq·
516 2411 597 2450 194
616 2410 734 2459 sqq),

85 2459 248 2500 Ritterus
277 2462 509 2511 (Erdkunde
534 2465 570 2503 ll
588 2479 626 2516 p.
649 2468 733 2507 797

87 2519 226 2567 seqq),
249 2519 331 2567 alii,
361 2533 455 2570 quos
488 2522 538 2558 ad
568 2522 732 2560 Ctesiam

89 2584 127 2623 p.
147 2572 226 2615 140
251 2587 328 2625 seq.
349 2576 473 2624 citavi,
501 2582 730 2616 monuerunt.

89 2627 167 2666 lam
193 2640 287 2678 quae
319 2631 584 2671 Chaldaeorum
615 2635 732 2684 origo,

89 2694 185 2732 quae
204 2685 321 2733 gentis
339 2688 457 2738 prima
477 2690 606 2738 sedes,
635 2692 733 2729 unde

88 2739 251 2789 prosecta
269 2741 326 2779 illa
343 2743 381 2780 in
391 2744 733 2794 Babylonem3haec

89 2797 128 2832 et
144 2794 228 2832 talia
247 2800 287 2834 ut
302 2797 337 2835 h.
355 2798 378 2836 l.
405 2802 587 2851 copiosius
615 2804 734 2841 disse-

90 2860 189 2897 ram,
227 2851 284 2890 vix
313 2865 336 2890 a
368 2867 427 2893 me
457 2857 647 2907 quisquam
671 2872 734 2897 ex-

89 2906 278 2957 Spectabit
333 2909 484 2956 Quare
475 2926 513 2952 m
527 2915 733 2955 universum

804 900 961 935 mone0,
1010 887 1279 927 Chaldaeorum
1310 891 1461 931 nomine

805 945 954 996 proprie
969 946 1166 983 nomadum
1186 952 1332 996 gentem
1361 948 1460 990 desi÷

806 1002 911 1051 gnari
931 1000 969 1037 in
988 1001 1126 1051 campis
1146 1003 1192 1040 ab
1210 1003 1329 1042 Araxe
1346 1017 1459 1055 supe-

806 1059 901 1096 riore
929 1058 1087 1107 irrigatis
1121 1059 1326 1109 palantem3
1363 1074 1460 1110 quae

806 1127 886 1151 cum
922 1126 998 1151 non
1027 1114 1118 1151 alius
1148 1120 1259 1164 atque
1287 1116 1459 1157 Persicae

806 1170 928 1220 stirpis
949 1170 1116 1221 primitus
1143 1172 1257 1210 fuisse
1278 1173 1458 1222 videatur,

806 1228 936 1265 eodem
967 1239 1114 1276 quoque
1147 1231 1256 1278 pacto
1283 1230 1457 1269 credibile

805 1288 883 1331 est,
922 1282 1096 1320 habuisse
1130 1285 1361 1322 sacerdotum
1393 1286 1457 1324 tri-

805 1339 891 1377 bum
919 1339 1125 1388 quandam,
1155 1340 1301 1389 qualem
1319 1341 1455 1391 Magos

801 1397 916 1434 ferme
956 1399 1066 1444 atque
1097 1395 1186 1433 alios
1235 1399 1334 1448 apud
1364 1399 1454 1436 alias

802 1451 914 1489 Asiae
930 1452 1127 1503 superioris
1151 1453 1318 1491 nationes
1346 1456 1455 1493 inve-

802 1508 932 1546 nimus.
997 1507 1051 1545 Ut
1098 1508 1194 1546 enim
1240 1510 1453 1560 existimem,

803 1564 1009 1602 Chaldaeos
1021 1593 1032 1612 ,
1057 1566 1186 1604 rudem
1209 1570 1321 1616 atque
1338 1567 1454 1605 incul-

801 1625 876 1659 tam
896 1624 1041 1669 gentem
1053 1649 1064 1668 ‚
1095 1626 1171 1660 tum
1188 1622 1353 1672 demum,
1372 1636 1453 1662 cum

802 1678 950 1715 sedibus
967 1677 1147 1727 prioribus
1171 1678 1209 1715 in
1224 1677 1313 1717 Asia
1341 1693 1454 1731 supe-

802 1734 888 1770 riori
920 1732 1052 1771 relictis
1094 1734 1323 1783 Babylonem
1346 1749 1453 1774 occu·

801 1793 966 1841 passent,
976 1791 1088 1827 sacris
1101 1790 1264 1829 colendis
1273 1796 1311 1829 et
1320 1791 1452 1829 Astro-

801 1846 948 1884 nomiae
982 1845 1074 1895 (qua
1098 1860 1164 1898 per
1186 1851 1303 1885 totum
1325 1849 1451 1887 orbem

801 1901 982 1950 celebres)
1010 1902 1205 1941 discendae
1223 1917 1264 1942 se
1288 1905 1450 1954 dedisse,

801 1971 986 2008 nunquam
1006 1970 1028 1995 a
1048 1972 1107 1997 me
1138 1961 1334 2010 impetrare
1362 1974 1451 2012 pos-

800 2028 892 2052 sum.
920 2014 1121 2053 Palmblad.
1146 2017 1194 2053 de
1210 2017 1286 2054 reb.
1304 2017 1448 2067 Babyll.

800 2084 887 2123 pag.
917 2073 971 2112 67
1000 2084 1105 2121 seqq.
1137 2074 1192 2113 70
1239 2073 1447 2112 Chaldaeos

801 2128 926 2165 statuit
945 2127 1059 2166 fuisse
1083 2128 1268 2167 Kashwitas.
1327 2129 1448 2174 Quid-

799 2185 889 2234 quid
908 2183 1050 2231 statuis,
1071 2185 1338 2224 Chaldaeorum
1356 2199 1448 2235 gens

797 2241 883 2279 olim
902 2241 1125 2279 ferocissima
1152 2246 1189 2280 et
1215 2242 1448 2280 bellicosissi-

798 2310 875 2346 ma⁷
903 2297 964 2335 ubi
992 2298 1143 2335 subacta
1166 2297 1447 2350 Mesopotamia,

797 2353 987 2403 Babylone
1013 2356 1122 2392 sedes
1142 2356 1254 2408 cepit,
1283 2356 1447 2407 inprimis

799 2411 910 2448 sacris
931 2411 1154 2460 deorumque
1178 2412 1277 2449 cultu
1292 2417 1330 2450 et
1349 2413 1448 2450 side-

798 2467 897 2504 ribus
939 2468 1211 2516 perscrutandis
1251 2469 1448 2520 conspicua

799 2523 877 2561 fuit.
933 2522 1025 2561 Inde
1039 2524 1109 2561 hoe
1126 2524 1206 2562 loco
1226 2530 1448 2563 memoratur

789 2579 1030 2617 sacerdotum
1059 2581 1197 2628 tribus,
1237 2581 1353 2631 qualis
1389 2580 1447 2619 vel

799 2635 912 2673 multo
931 2642 1018 2686 post
1032 2636 1274 2685 Herodotum,
1291 2637 1448 2675 Alexan-

799 2691 856 2728 dri
892 2691 1022 2741 Magni
1054 2693 1220 2743 adeoque
1255 2694 1447 2731 Strabonis

799 2751 920 2786 aetate
945 2748 1063 2787 adhuc
1084 2750 1260 2798 occurrit,
1287 2751 1349 2788 ubi
1370 2763 1447 2788 cer-

799 2808 874 2841 tam
902 2806 1083 2854 quandam
1117 2806 1316 2855 Babylonis
1349 2806 1447 2843 urbis

798 2864 939 2911 partem
967 2861 1035 2897 soli
1059 2862 1243 2900 habitasse
1268 2863 1445 2911 dicuntur,

799 2928 822 2953 a
841 2916 1059 2968 reliquorum
1086 2918 1268 2956 hominum
1295 2930 1445 2957 consor-

1085 2975 1172 3015 26*
