1759 3324
608 264 915 308 cL10.1.

1317 267 1401 308 377

114 384 302 439 7ὤμοισι
330 379 625 435 περικείμενοι.
684 375 808 420 Μετὰ
837 375 909 428 δὲ,
935 374 1039 426 τούς
1068 376 1220 427 Κᾶρας
1249 372 1395 432 χρόνῳ

141 462 327 516 ὕστερον
361 461 507 517 πολλῷ
545 455 734 512 Δωριέες
773 471 819 499 τε
847 455 921 499 καὶ
939 453 1087 505 Ἴωνες
1115 453 1402 510 ἐξανέστησαν

141 540 189 584 ἐκ
216 543 303 583 τῶν
334 537 506 594 νήσων·
536 535 610 579 καὶ
640 534 755 578 οὕτω
785 535 827 585 ἐς
855 533 936 591 τὴν
964 533 1148 590 ἤπειρον
1177 531 1399 577 ἀπίκοντο.

112 617 265 662 8Κατοὶ
294 617 372 672 μὲν
402 614 454 672 δὴ
475 617 630 669 Κᾶρας
655 612 771 658 οὕτω
794 616 961 670 Κρῆτες
980 613 1156 671 λέγουσι
1180 612 1401 669 γενέσθαι.
1413 618 1460 654 20

142 695 196 742 ου’
226 695 372 752 μέντοι
402 693 529 739 αὐτοί
555 710 602 751 γε
632 691 921 750 ὁμολογέουσι
948 691 1146 737 τούτοισι
1171 693 1215 736 οἵ
1241 694 1402 746 Κᾶρες·

140 773 248 820 ἄλλα
284 775 514 832 νομίζουσι
559 770 685 817 αὐτοὶ
736 772 928 825 ἑωυτοὺς
967 770 1081 816 εἶναι
1128 768 1404 827 αὐτόχθονας

138 852 403 911 ἠπειρώτας,
433 852 507 897 καὶ
535 856 597 911 τῷ
625 850 837 908 οὐνόματι
866 855 928 911 τῷ
958 849 1080 911 αὐτῷ
1110 848 1176 895 ἀεὶ
1197 853 1403 906 διαχρεω-

110 933 300 991 9μένους
327 936 470 991 τῷπερ
499 936 595 977 νῦν.
654 931 937 976 ἀποδεικνῦσι
977 931 1024 975 δὲ
1063 930 1111 974 ἐν
1149 929 1405 974 Μυλάσοισι

139 1012 250 1064 Διός
278 1014 452 1069 Καρίου
495 1011 594 1069 ἱρὸν
624 1010 829 1070 ἀρχαῖον,
874 1014 955 1056 τοῦ
984 1014 1185 1055 Μυσοῖσι
1221 1010 1301 1067 μὲν
1330 1008 1402 1054 καὶ
1414 1011 1460 1049 25

86 1231 180 1268 vices
209 1230 429 1281 humerosque
458 1231 612 1268 sinistris
653 1230 738 1269 alli-

86 1290 180 1336 gata
208 1287 378 1324 habentes.
428 1286 488 1325 Ad
506 1288 654 1325 verbum
674 1301 740 1327 πε-

89 1343 304 1395 ρικείμενοι
322 1343 440 1394 suppl.
466 1340 535 1390 τοὶς
556 1339 739 1392 ἀσπίδας,

87 1404 128 1437 ut
150 1399 244 1437 bene
271 1399 447 1450 praecipit
471 1399 649 1437 Matthiae
670 1401 736 1437 Gr.

89 1455 155 1493 Gr.
174 1453 211 1506 5.
233 1454 335 1503 424‚
358 1458 384 1496 2
409 1468 495 1506 pag.
517 1458 611 1498 781.
641 1455 739 1494 Nam

87 1511 235 1561 quaevis
257 1512 463 1550 emendatio
487 1513 544 1551 hic
566 1525 739 1565 superva-

87 1580 156 1606 cua
179 1571 244 1606 est.

145 1621 240 1675 μετοέ
264 1621 326 1672 δὲ,
355 1619 451 1672 τούς
481 1626 621 1678 Κᾶρας
647 1620 741 1677 χρό-

89 1694 147 1733 νῳ
180 1676 347 1733 ὕστερον
383 1683 518 1734 πολλῷ
549 1697 584 1721 κ.
613 1697 647 1721 τ.
678 1681 738 1733 λ.]

90 1737 227 1775 Sensus
247 1736 315 1774 loci
333 1750 407 1774 non
428 1739 613 1787 obscurus,
630 1739 741 1776 modo

90 1796 188 1830 recte
225 1793 453 1843 distinxeris,
502 1795 554 1832 ita
585 1799 626 1833 ut
657 1798 744 1846 post

91 1845 187 1900 μετὰ
206 1847 249 1888 δὲ
269 1854 426 1900 ponatur
452 1863 602 1889 comma.
643 1851 743 1890 Nam

90 1905 300 1943 Herodotus
311 1906 385 1944 vult
392 1910 521 1958 postea
529 1907 743 1958 (postquam

91 1961 225 2000 scilicet
245 1961 363 2000 Minoi
385 1964 518 2001 subditi
538 1968 660 2003 essent
687 1966 744 2001 fa-

94 2017 141 2055 cti
158 2017 292 2068 Cares)
304 2023 341 2057 et
359 2020 506 2069 quidem
527 2020 639 2070 longo
657 2024 745 2072 post

92 2077 256 2125 tempore
283 2075 399 2114 Cares
430 2089 453 2114 a
484 2076 646 2115 Doribus
682 2077 744 2114 Io-

93 2131 270 2180 nibusque
285 2132 409 2170 insulis
428 2133 516 2181 illis,
545 2147 638 2184 quas
658 2135 745 2172 inde

93 2198 117 2223 a
142 2186 277 2225 Minois
311 2193 433 2228 aetate
468 2190 638 2240 adeoque
672 2191 744 2228 iam

94 2247 204 2282 antea
238 2248 452 2294 tenuerant,
494 2246 617 2297 pulsos
652 2260 746 2295 esse,

96 2303 311 2351 coactosque
346 2306 386 2339 ut
423 2303 509 2340 inde
545 2303 584 2340 in
610 2307 746 2342 terram

96 2353 203 2394 Asiae
216 2358 459 2397 continentem
470 2360 651 2398 cederent.
669 2360 749 2398 Do-

99 2423 176 2449 rum
192 2426 277 2452 vero
305 2419 342 2453 et
360 2415 487 2453 Ionum
505 2416 674 2465 migratio
704 2429 749 2455 ea

100 2471 176 2515 est,
195 2469 241 2508 de
259 2483 331 2520 qua
351 2475 460 2511 antea
481 2476 699 2525 exposuerat
718 2473 748 2522 I,

103 2522 184 2565 142
203 2538 305 2576 seqq.

155 2581 357 2632 νομίζουσι
379 2578 493 2624 αὐτοὶ
504 2581 678 2633 ἕωυτούς
695 2581 746 2625 εἷ-

102 2649 171 2674 ναι
209 2634 456 2690 αὐτόχθονας
497 2637 743 2695 ἠπειρώτας]

103 2689 163 2728 De
188 2697 360 2732 structura
379 2699 569 2735 accusativi
591 2712 673 2736 cum
691 2701 747 2736 in-

105 2747 262 2797 finitivo,
295 2753 356 2789 ubi
383 2754 602 2791 nominativo
625 2756 747 2805 potius

105 2802 203 2841 loeus
230 2811 327 2854 erat,
355 2811 493 2846 monuit
521 2811 652 2848 Matth.
678 2813 746 2849 Gr.

107 2858 173 2896 Gr.
197 2858 333 2911 §.536
363 2869 438 2902 not.
477 2866 584 2904 Conf.
614 2867 672 2915 ΙΙ,
709 2871 748 2909 2.

105 2916 166 2956 Ad
201 2926 446 2970 argumentum
483 2923 608 2961 verbb.
644 2936 748 2974 seqq.

805 1229 1010 1268 Larcherus
1057 1231 1231 1276 annotat,
1271 1225 1463 1279 probabile

807 1300 887 1326 esse
907 1299 946 1325 re
958 1298 1043 1323 vera
1054 1285 1168 1323 Cares
1188 1283 1285 1321 nullo
1303 1284 1374 1322 alio
1394 1296 1463 1320 un-

807 1355 916 1394 quam
935 1355 1020 1379 usos
1036 1355 1117 1379 esse
1138 1341 1306 1388 nomine,
1335 1352 1463 1378 verum

807 1400 853 1437 ab
875 1399 1006 1436 exteris
1025 1397 1190 1448 potuisse
1209 1387 1463 1444 diciLelegeS,

807 1468 919 1506 quum
939 1455 1128 1503 utriusque
1154 1454 1274 1503 gentis
1297 1453 1462 1490 homines

805 1513 845 1550 in
861 1525 971 1549 unum
992 1509 1201 1549 coaluerint.

863 1565 1126 1608 ἀποδεικνῦσι
1155 1563 1199 1606 δὲ
1240 1563 1283 1606 ἐν
1319 1559 1465 1604 Μυλά-

808 1636 914 1665 σοισι
946 1621 1045 1671 Διός
1080 1622 1235 1675 Καρίου
1270 1617 1357 1674 ἷρόν
1387 1616 1465 1673 οἷρ-

808 1679 936 1734 χαῖον]
961 1675 1195 1719 Μυλάσοισι
1213 1692 1294 1716 cum
1310 1680 1463 1716 recentt.

809 1738 1016 1789 scripsimus
1046 1741 1124 1773 tum
1150 1736 1318 1773 binorum
1354 1733 1466 1771 libro-

808 1808 890 1833 rum
916 1806 960 1832 ex
985 1793 1200 1831 auctoritate
1218 1795 1294 1829 tum
1313 1791 1467 1827 Strabo-

809 1852 867 1889 nis
885 1864 905 1889 e
922 1851 1015 1888 loeo.
1055 1848 1178 1898 Vulgo
1206 1842 1466 1887 Mvaoioooa-

813 1919 864 1948 σι.
919 1906 980 1945 De
1009 1905 1181 1958 Mylasa,
1211 1904 1344 1941 Cariae
1373 1904 1465 1941 urbe

811 1964 899 2003 satis
925 1963 1048 2013 ampla
1086 1966 1128 1999 ut
1150 1961 1294 1998 videtur
1318 1960 1467 1997 ornata-

812 2033 907 2071 que,
935 2019 1009 2056 vid.
1029 2018 1202 2056 Strabon.
1223 2016 1311 2054 XIV
1329 2030 1366 2067 p.
1383 2015 1467 2058 658

811 2091 848 2129 p.
870 2078 951 2118 973
986 2088 1065 2125 seq.
1121 2074 1166 2112 In
1193 2073 1255 2110 illa
1292 2072 1468 2123 templum

811 2134 881 2172 fuit
897 2132 994 2170 Iovis
1024 2131 1145 2179 Catii,
1175 2143 1285 2180 quem
1309 2129 1469 2168 eundem

813 2194 924 2239 atque
942 2188 1117 2226 Stratium
1137 2182 1363 2238 (στράτιον)
1382 2198 1479 2236 per-.

813 2246 915 2284 hibet
937 2244 1106 2284 Aelianus
1125 2244 1172 2282 de
1191 2243 1280 2281 Nat.
1299 2240 1468 2280 Animall.

812 2302 907 2351 XII,
928 2303 995 2343 30.
1052 2301 1201 2339 Rectius
1222 2299 1356 2337 Strabo
1375 2299 1470 2336 inter

814 2363 1009 2408 utrumque
1029 2357 1242 2407 distinguit,
1261 2356 1362 2393 varia
1378 2355 1471 2392 utri-

815 2429 931 2465 usque
949 2415 1008 2453 dei
1028 2414 1165 2465 templa
1181 2424 1470 2452 commemorans

817 2477 950 2511 etcum
972 2471 1167 2509 Herodoto
1198 2470 1348 2518 egregie
1382 2480 1471 2505 con-

817 2528 982 2579 spirans,
1018 2527 1078 2565 lib.
1109 2526 1197 2565 XIV
1225 2540 1261 2577 p.
1290 2526 1395 2572 973,
1425 2524 1471 2562 C.

814 2584 920 2632 974,
943 2584 988 2622 A.
1045 2582 1144 2622 Nam
1163 2583 1249 2621 facit
1283 2595 1327 2620 eo
1350 2581 1473 2618 Hero-

815 2643 923 2680 dotus
945 2652 1093 2690 quoque
1110 2639 1158 2688 V,
1182 2641 1275 2680 119.
1330 2638 1472 2681 Quam-

813 2710 924 2748 quam
961 2698 1074 2746 igitur
1099 2696 1158 2734 hic
1198 2694 1373 2743 distingui
1405 2706 1474 2731 ne-

814 2767 916 2792 cesse
943 2757 1020 2801 est,
1051 2765 1098 2791 ne
1118 2753 1193 2790 dua
1211 2750 1347 2802 templa
1365 2745 1471 2786 unius

815 2811 963 2860 quidem
979 2810 1039 2847 dei
1067 2809 1134 2847 sed
1154 2808 1264 2846 variis
1284 2806 1474 2855 cognomi-

816 2867 922 2904 nibus
951 2865 1070 2903 ornati
1101 2865 1386 2910 confundamus,
1416 2866 1476 2898 ta-

817 2936 902 2962 men
934 2922 965 2959 si
1003 2921 1109 2960 altius
1153 2920 1335 2971 inquirere
1371 2916 1473 2965 velis,
