1777 3324
383 256 658 295 ExcURsUs
688 255 703 292 1
741 253 808 292 AD
839 251 1109 291 HERonoT.
1138 252 1176 301 Ι,
1202 252 1269 294 35.
1501 257 1585 296 891

67 372 104 409 iu
128 372 218 409 urbe
245 371 302 410 vel
330 374 426 409 certe
451 372 489 407 in
517 370 592 407 eius
623 367 721 418 agris
746 366 939 405 Adrasteae
969 368 1038 404 fuit
1067 367 1269 418 templum3
1309 379 1403 416 quae
1424 368 1495 406 dea
1515 370 1583 406 nisi

0 485 2 490 Ι
67 441 215 477 omnino
246 440 395 477 Adrasti
423 437 486 474 dea
517 450 556 474 es
541 441 594 483 st,
642 449 710 487 pro
743 434 885 473 Nemesi
910 435 1019 484 vulgo
1049 435 1211 473 habetur.
1273 436 1381 473 Conf.
1410 437 1581 475 Strabon.

0 497 2 542 J
67 507 154 543 XIII
170 521 206 556 p
228 509 310 548 880
344 504 565 554 (Antimach.
586 507 753 553 fragmm.
785 505 843 542 ed.
862 504 1135 554 Schellenberg.
1155 518 1242 555 pag.
1263 504 1338 552 71)
1370 507 1408 541 et
1438 504 1582 542 Hoeck.

0 561 1 609 J
64 574 101 610 in
123 575 222 611 Cret.
254 574 270 610 I
301 587 337 624 p.
362 576 442 614 192
460 586 563 622 seqq.
622 573 696 609 Alii
723 572 935 610 Adrasteam
974 573 1012 609 in
1042 573 1210 623 nymphis
1239 577 1383 623 ponunt
1412 573 1583 622 Iovisque

65 642 251 680 Cretensis
272 642 471 679 nutricibus
492 654 563 678 una
583 655 663 679 cum
681 643 768 689 Ida,
800 643 1030 691 eandemque
1058 641 1233 678 Curetum
1262 654 1424 679 sororem
1452 641 1583 692 appel-

63 709 148 747 lant.
208 710 290 747 vid.
322 710 533 747 Callimach.
560 711 596 747 in
625 710 699 748 Iov.
726 710 792 752 47.
832 709 952 762 Apoll.
982 710 1104 747 Rhod.
1134 709 1204 758 ΙΙΙ,
1237 711 1317 750 133
1352 710 1438 759 ibiq.
1471 709 1581 747 schol.

63 777 260 827 Iungamus
286 778 384 816 hisce
412 791 475 826 ea,
515 791 609 827 quae
636 780 844 830 Stephanus
873 779 1100 828 Byzantinus
1134 777 1201 828 (p.
1220 779 1274 819 36
1298 779 1355 816 ed.
1376 777 1508 827 Berk.)
1537 791 1583 815 ex

63 845 232 895 Diogene
250 847 390 884 retulit:
421 847 629 884 Adrasteam
650 861 731 885 esse
757 860 800 885 ex
827 847 1007 897 Nymphis
1037 846 1292 884 Orestiadibus
1307 875 1318 894 ,
1349 850 1387 884 et
1415 859 1459 884 ex
1483 846 1581 883 Cha-

63 915 154 951 racis
172 914 389 952 Hellenicis:
423 915 632 952 Adrasteam
653 929 732 953 esse
753 915 871 953 locum
903 915 1040 953 Troiae
1070 915 1293 965 appellatum
1320 916 1366 952 ab
1385 914 1579 962 Adrastea,

64 981 137 1019 filia
160 981 321 1029 Melissi,
352 985 412 1032 qui
430 988 467 1021 et
486 985 575 1022 Idae
594 988 699 1034 pater
716 983 823 1021 suerit
841 984 914 1021 eius
929 1012 939 1031 ,
972 996 1066 1033 quae
1085 983 1239 1033 primum
1258 983 1296 1019 in
1314 981 1430 1020 Troia
1447 995 1580 1031 regna-

62 1052 165 1089 verit.
224 1051 300 1089 Iam
328 1064 402 1100 quo
432 1066 542 1089 sensu
565 1052 741 1089 Adrastea
772 1051 904 1090 haecce
941 1052 1017 1088 Iovi
1045 1052 1204 1088 addatur
1229 1051 1374 1098 nutrix,
1415 1051 1581 1102 pluribus

62 1119 227 1170 exposuit
249 1119 420 1156 Creuzer.
445 1120 482 1156 in
511 1120 672 1169 Symbol.
699 1119 732 1156 II
763 1133 800 1170 p.
822 1120 903 1161 501
933 1132 1036 1169 seqq.
1095 1118 1154 1157 Ad
1180 1120 1449 1168 cosmogoniam
1484 1119 1579 1156 enim

60 1188 246 1238 pertinere
264 1187 360 1224 illam
383 1188 471 1223 satis
491 1188 673 1237 probant,
704 1200 798 1236 quae
826 1188 924 1237 apud
955 1188 1121 1225 Proclum
1146 1187 1318 1237 leguntur
1348 1187 1387 1224 in
1417 1186 1578 1235 theolog.

61 1254 204 1291 Platon.
226 1255 298 1300 IV,
320 1258 370 1295 16
390 1257 481 1293 etin
506 1255 696 1293 Timaeum
716 1269 751 1305 p.
773 1256 868 1297 323.
927 1256 1038 1299 Quod
1064 1269 1149 1294 vero
1180 1256 1228 1293 ad
1255 1254 1380 1292 Asiam
1412 1260 1579 1306 spectare

61 1322 204 1359 videtur
225 1322 398 1360 Adrastea
420 1326 570 1373 eiusque
599 1323 748 1371 religio,
785 1323 949 1373 disputat
972 1323 1156 1361 Iablonsk.
1189 1324 1265 1373 (de
1284 1322 1435 1361 Nemesi
1458 1323 1567 1372 Aegg

61 1391 99 1427 in
117 1389 281 1428 Pantheo
304 1390 478 1442 Aegjptt.
499 1393 598 1441 107)
631 1391 859 1440 eandemque
895 1390 1020 1429 haberi
1049 1391 1126 1429 vult
1161 1405 1203 1430 ac
1232 1391 1413 1429 Bubastm
1444 1396 1482 1428 et
1511 1391 1577 1428 Τι’-

60 1458 302 1496 ΐήνιιηιὸοηενη.
361 1459 418 1496 Ab
439 1460 583 1497 Astarte
602 1474 632 1496 s.
654 1459 798 1497 Venere
816 1463 956 1496 armata
974 1464 1009 1497 et
1029 1460 1184 1499 Victrice
1213 1474 1294 1498 eam
1315 1460 1414 1498 haud
1432 1460 1579 1498 differre

61 1529 248 1565 contendit
269 1528 438 1565 Bochart.
464 1529 501 1566 in
528 1542 655 1577 geogr.
689 1540 776 1564 sacr.
806 1527 844 1573 I,
866 1526 920 1568 42
950 1540 1036 1577 pag.
1056 1529 1159 1577 664,
1189 1542 1231 1567 ac
1253 1529 1459 1579 nuperrime
1496 1528 1578 1578 qui-

61 1596 144 1632 dem
162 1596 302 1633 Hoeck.
328 1595 350 1632 l.
372 1596 393 1633 l.
415 1610 499 1646 pag.
526 1599 605 1638 193
626 1597 673 1633 ad
690 1596 946 1644 cosmogonica
965 1597 1075 1633 Asiae
1094 1597 1242 1634 minoris
1262 1597 1410 1634 numina
1428 1596 1578 1634 relatam

59 1663 135 1700 vult
154 1663 360 1700 Adrasteam
375 1692 385 1711 ‚
415 1664 513 1701 haud
531 1665 678 1701 multum
697 1676 894 1713 sanequam
913 1664 1092 1701 d1versam
1112 1677 1134 1701 a
1150 1665 1310 1714 Phrygia
1332 1670 1448 1703 matre
1471 1666 1579 1702 deum

61 1732 230 1781 adeoque
249 1733 364 1782 ipsam
387 1733 573 1781 Cybelen,
602 1746 696 1782 quae
711 1733 810 1782 apud
828 1733 990 1769 Graecos
1010 1732 1202 1770 Adrasteae
1232 1746 1366 1771 nomen
1397 1733 1578 1783 acceperit

61 1812 84 1836 a
105 1800 184 1836 loco
204 1799 262 1836 illo
288 1800 501 1850 temploque
527 1800 770 1838 celeberrimo.
831 1800 906 1844 Qui
933 1800 1028 1837 enim
1047 1798 1265 1838 Adrasteam
1285 1801 1423 1839 Melissi
1443 1801 1578 1838 faciant

60 1868 194 1916 filiam,
226 1881 288 1906 eos
311 1869 358 1905 ad
380 1867 582 1918 posteriora
605 1872 770 1919 tempora
789 1869 974 1920 pertinere
994 1869 1089 1905 idem
1109 1869 1212 1905 addit
1234 1868 1257 1905 l.
1277 1868 1300 1905 l.
1321 1883 1357 1920 p.
1380 1868 1472 1910 194.

172 1959 248 1995 Iam
279 1972 365 1996 vero
393 1959 484 1996 haec
512 1961 632 1997 omnia
665 1973 746 1998 eum
774 1960 812 1997 in
842 1960 953 1997 finem
977 1959 1258 2009 disputavimus,
1289 1972 1363 2010 quo
1393 1972 1576 1997 common-

62 2030 214 2064 stremus
243 2026 372 2075 (quod
402 2028 449 2064 ad
482 2028 666 2065 Herodoti
693 2028 937 2065 narrationem
967 2028 1237 2065 diiudicandam
1264 2028 1426 2065 nonnihil
1455 2030 1576 2065 facere

58 2095 213 2145 potest),
242 2095 394 2132 Adrasti
424 2109 555 2133 nomen
584 2097 612 2132 si
645 2095 842 2145 Phrygium
874 2096 940 2143 sit,
981 2100 1017 2133 et
1044 2096 1162 2146 ipsum
1189 2097 1372 2146 pertinere
1399 2096 1448 2133 ad
1475 2108 1577 2132 sacra

59 2175 185 2211 regum
203 2163 372 2210 nomina,
394 2176 416 2200 a
433 2164 636 2201 numinibus
657 2163 802 2201 summis
822 2165 998 2214 repetita3
1029 2168 1070 2201 ut
1089 2162 1265 2201 Adrastus
1287 2165 1390 2214 quasi
1411 2164 1575 2201 alumnus

59 2230 291 2280 perhibeatur
310 2231 403 2269 deae
421 2230 626 2270 Adrasteae
662 2232 716 2280 (h.
742 2246 773 2270 e.
795 2232 946 2270 Veneris
966 2232 1131 2269 Victricis
1157 2246 1184 2270 s.
1207 2232 1396 2270 Minervae
1412 2232 1576 2269 Victricis

62 2301 98 2334 et
115 2298 295 2347 Ultricis).
352 2298 488 2337 Verum
514 2312 535 2336 a
555 2301 698 2338 Graeca
719 2301 830 2352 stirpe
850 2301 879 2338 si
899 2303 1090 2352 repetatur
1107 2314 1241 2338 nomen
1273 2301 1366 2350 (quo
1388 2300 1486 2337 ducit
1503 2300 1577 2336 fra-

60 2364 124 2401 tris
151 2366 196 2403 ab
220 2365 383 2404 Adrasto
413 2368 595 2406 interfecti
623 2382 757 2406 nomen
788 2369 1030 2418 Agatlwnz‘s),
1060 2369 1149 2406 illud
1185 2369 1308 2420 potius
1336 2368 1577 2418 spectandum

62 2431 224 2482 videtur,
264 2438 304 2471 ut
331 2433 508 2473 Adrastus
537 2438 647 2474 modo
676 2437 771 2474 ultor
797 2439 848 2491 sit
880 2437 1219 2487 (quemadmodum
1241 2436 1348 2474 Talai
1381 2436 1440 2475 ille
1470 2435 1576 2482 filius,

60 2504 166 2538 notus
198 2502 234 2538 in
263 2502 513 2553 Epigonorum
543 2506 716 2543 adversus
748 2494 897 2543 Thebas
929 2505 1160 2556 expeditione
1180 2533 1191 2552 ,
1238 2506 1351 2543 frater
1380 2504 1575 2554 Eriphyles

62 2580 157 2617 quae
184 2569 293 2607 fatale
322 2570 421 2609 istud
453 2566 586 2611 monile
617 2578 696 2611 erat
724 2578 851 2621 nacta,
892 2575 954 2623 qui
984 2573 1081 2612 idem
1110 2573 1279 2622 Tydeum
1307 2574 1500 2623 perfugam
1529 2572 1576 2608 ob

62 2635 180 2672 fratris
211 2638 359 2675 caedem
389 2640 564 2690 expiat),
602 2642 714 2678 modo
735 2643 906 2691 punitus,
936 2655 1035 2689 sons,
1067 2641 1221 2692 infelix,
1245 2641 1396 2691 fugax,
1439 2639 1577 2688 suaque

62 2703 174 2752 ipsius
204 2717 312 2742 manu
348 2708 591 2756 occumbens,
630 2712 671 2746 ut
701 2708 759 2746 ille
789 2709 957 2747 Herculis
988 2709 1091 2746 filius.
1149 2708 1231 2746 Nec
1255 2709 1445 2755 abhorret,
1475 2707 1576 2757 qnod

64 2771 155 2808 deae
182 2771 332 2811 Nemesi
362 2773 543 2813 Adrastus
575 2777 723 2826 quidam
750 2777 926 2828 templum
957 2777 1149 2815 dedicasse
1178 2778 1354 2823 traditur,
1386 2776 1456 2812 hoc
1482 2775 1577 2812 enim

63 2838 111 2874 ad
148 2838 298 2878 'froicas
338 2840 590 2894 Phrygiasque
628 2845 822 2894 religiones
860 2846 987 2895 utique
1025 2845 1197 2895 pertinet.
1267 2845 1366 2888 Quin
1406 2843 1578 2880 Herodo-

64 2911 142 2944 teus
170 2907 349 2945 Adrastus
370 2939 381 2958 ,
434 2913 565 2949 Gordii
601 2912 751 2962 Phrygii
791 2913 885 2950 filius
906 2943 916 2960 ,
974 2912 1179 2951 Nemeseos
1209 2912 1314 2961 quasi
1344 2911 1507 2948 minister
1536 2922 1578 2947 ac
