1805 3315
362 253 419 293 20

770 247 1245 288 HERODOT1

366 360 483 405 οὕτω
523 363 757 416 περιῆλθε,
808 358 942 401 ἐοῦσα
972 356 1309 411 Ἡρακλειδέων,
1364 359 1408 410 ἐς
1444 360 1492 404 τὸ
1529 361 1655 416 γένος

341 439 413 486 2τό
443 439 662 492 Κροίσου,
693 437 986 492 καλεομένους
1019 437 1064 480 δὲ
1093 441 1375 495 Μερμνάδας.
1425 432 1507 482 3⁴Hv
1537 442 1653 484 Kav-

365 517 548 573 δαύλης,
586 515 665 559 τὸν
694 515 960 572 οῖ”Ελληνες
989 517 1220 571 Μυρσίλον
1251 517 1543 574 ὀνομάζουσι,
1582 519 1654 564 τύ-

364 613 524 651 ραννος
555 597 785 650 Σαρδίων,
838 594 1057 650 ἀπόγονος
1097 595 1142 638 δὲ
1177 595 1376 641 Ἀλκαίου
1417 602 1497 641 τοῦ
1521 596 1653 654 Ἡρα·-

340 674 500 727 3κλέος.
538 673 710 731 ’Ἄγρων
744 674 823 731 μὲν
860 674 945 730 γὰρ
977 674 1000 718 ὁ
1031 675 1198 728 Νίνου,
1247 679 1328 718 τοῦ
1359 675 1529 731 Βήλου,
1571 680 1676 727 τοῦ5

361 753 560 798 Ἀλκαίου
572 787 582 806 ,
640 758 815 808 πρῶτος

866 751 1183 809 Ἡρακλειδέων
1234 753 1437 810 βασιλεύς
1486 753 1652 810 ἐγένετο

339 834 596 887 4Σαρδίων·
637 832 900 889 Κανδαύλης
946 834 991 877 δὲ
1034 834 1058 877 ὁ
1097 833 1314 888 Μύρσου,
1359 832 1557 885 ὕστατος.
1611 835 1654 877 οἱ

365 912 411 955 δὲ
455 911 675 967 πρότερον
715 911 938 967 ’Ἄγρωνος
990 911 1325 968 βασιλεύσαντες
1370 911 1529 969 ταύτης
1575 916 1653 969 τῆς

320 1095 585 1148 καλεομένους
627 1093 670 1135 δὲ
711 1092 974 1148 Μερμναδας,

322 1166 418 1203 quae
447 1153 494 1190 ad
518 1153 808 1190 antecedentia'
792 1169 830 1200 ες
853 1151 896 1193 τὸ
914 1153 974 1206 γε’-

321 1224 392 1255 νος
420 1210 625 1260 pertinent,
655 1214 776 1247 mente
807 1215 974 1260 repeten-

321 1266 408 1302 dum
440 1264 490 1312 ἐς.
518 1264 572 1302 Ac
601 1269 792 1315 praeterea
818 1268 975 1316 particu-

321 1321 378 1360 lae
408 1319 451 1360 δὲ
476 1322 531 1358 vis
561 1322 836 1359 demonstrandi
861 1328 897 1360 et
914 1336 975 1360 ex-

320 1378 479 1430 plicandi
506 1378 670 1414 notanda
698 1383 764 1417 est.
821 1379 880 1416 De
910 1394 975 1418 πε-

322 1436 499 1486 ριελθεῖν
545 1434 696 1483 aliisque
752 1448 832 1472 cum
885 1435 976 1487 περὶ

294 1531 300 1539 ,
321 1490 530 1541 compositis
554 1491 673 1528 verbis
693 1491 759 1528 hac
786 1492 823 1528 in
842 1505 882 1529 re
901 1493 975 1529 usi-

321 1548 407 1584 tatis
428 1548 472 1584 cf.
499 1547 594 1584 infra
624 1546 664 1594 Ι,
691 1550 783 1589 120-
814 1551 880 1589 96.

379 1599 450 1642 τὸν
482 1602 524 1642 οἱ
554 1599 663 1642 Έλλ.
696 1606 974 1656 Μυρσίλον

323 1653 437 1710 ὄνομ.
451 1658 466 1710 ]
511 1660 725 1711 Μυρσίλον
750 1674 818 1724 pro
853 1665 972 1726 Μυρ-

323 1718 457 1764 σῖλον,
495 1720 536 1752 ut
562 1716 696 1765 vulgo,
736 1717 863 1766 scripsi
893 1731 975 1754 cum

321 1745 539 1821 Schweigh„
557 1772 674 1810 Gaisf.
697 1777 734 1810 et
757 1773 888 1811 Matth.
912 1775 972 1811 Cf.

322 1828 453 1866 Athen.
476 1828 512 1865 X
538 1842 576 1879 p.
597 1828 689 1870 430.
721 1829 832 1867 Dion.
855 1831 972 1868 Halic.

323 1885 371 1922 de
405 1898 566 1935 compos,
596 1886 722 1922 verbb.
751 1886 803 1922 III
845 1901 882 1937 p.
918 1889 973 1928 36

320 1940 466 1979 Schaef.
504 1941 582 1978 coll.
619 1941 745 1978 Plehn.
782 1941 973 1980 Lesbiacc.

321 2009 359 2046 p.
380 1997 462 2037 205
484 2009 539 2045 sq.
562 2002 599 2034 et
621 1998 668 2034 de
686 2011 725 2035 re
742 1997 837 2035 Plin.
856 2000 905 2036 H.
923 1999 973 2037 N.

322 2052 478 2099 XXXV,
501 2054 537 2093 8.
567 2052 620 2090 Ac
638 2054 860 2092 Graecorum
881 2069 973 2105 quo-

322 2121 394 2157 que
440 2108 573 2145 fabulis
621 2110 726 2148 valde
770 2111 971 2149 celebratus

324 2164 530 2229 Μυρτίλος
550 2165 664 2213 (male
681 2169 890 2218 Μυρτῖλος
910 2173 973 2205 aut

322 2215 575 2271 Μύρτιλος),
606 2222 668 2270 qui
686 2223 844 2274 Pelopi
836 2238 873 2261 111
896 2238 972 2262 cer-

320 2277 455 2315 tamine
476 2290 555 2314 cum
575 2277 766 2316 Oenomao
787 2293 895 2329 opem
914 2285 972 2317 tu-

319 2332 406 2371 lisse
426 2334 561 2381 fertur,
592 2334 638 2371 de
657 2347 728 2383 quo
750 2335 815 2372 Cr.
848 2336 972 2373 laudat

317 2387 460 2427 Nitsch.
480 2388 574 2427 Lex.
591 2391 737 2438 mythol.
757 2405 786 2428 s.
808 2405 841 2428 v,
872 2392 904 2428 ΙΙ
932 2405 970 2442 p.

318 2447 401 2487 293
431 2458 488 2494 sq.
521 2447 578 2483 ed.
607 2446 736 2497 Klopf.
776 2452 812 2485 et
848 2447 969 2485 Schol.

315 2499 436 2552 Apoll.
453 2501 576 2539 Rhod.
599 2503 703 2551 adl,
734 2504 828 2546 752
850 2507 968 2556 Μυρ-

312 2557 419 2604 τίλος
453 2555 603 2609 Ἑρμου
643 2557 734 2606 υἱὸς
773 2559 816 2599 ἐκ
847 2563 966 2612 Μυρ-

310 2615 427 2662 τοῦς,
476 2617 571 2665 μιᾶς
613 2617 694 2654 τῶν
729 2611 964 2667 Ἀμαζόνων.

308 2667 407 2707 Nam
436 2668 662 2709 Amazonum
690 2685 836 2722 quoque
856 2674 967 2711 vesti-

307 2725 368 2772 gia
397 2727 582 2792 quaedam
622 2729 659 2765 in
687 2728 876 2778 Lydorum
904 2743 963 2767 re-

307 2781 404 2818 bus
395 2795 453 2818 mx
458 2783 565 2831 eniri,
595 2784 706 2834 inque
726 2787 845 2822 numis
867 2787 960 2823 adeo

303 2848 482 2886 apparere
500 2839 603 2878 Idem
619 2842 761 2879 monuit
770 2841 803 2879 F
805 2855 958 2891 raffmm

1044 1095 1303 1134 Lesbiacarum
1350 1098 1564 1149 scriptorem
1612 1110 1698 1149 pro-

1044 1155 1116 1190 fert
1134 1153 1259 1190 Plehn.
1288 1153 1310 1189 l.
1329 1152 1351 1190 l.

1090 1206 1277 1261 ’Ἀγρων
1307 1207 1379 1260 μὲν
1409 1206 1485 1261 γάρ
1506 1207 1530 1249 ὁ
1552 1209 1697 1258 Νίνου,

1042 1267 1115 1304 τοῦ
1172 1263 1328 1316 Βηλου,
1383 1268 1456 1305 τοῦ
1502 1261 1697 1315 Ἀλκαίου,

1044 1324 1202 1372 πρῶτος
1230 1337 1265 1360 κ
1295 1337 1326 1360 τ.
1357 1321 1416 1372 λ.]
1475 1322 1516 1359 In
1545 1323 1698 1360 lectione

1033 1375 1108 1430 ”Ay
1102 1394 1192 1429 ρων
1220 1379 1491 1416 subsistendum
1520 1380 1696 1426 duximus,

1042 1439 1081 1471 ut
1112 1436 1247 1472 dudum
1277 1435 1461 1485 placuerat
1495 1435 1698 1473 Wesselin-

1043 1491 1104 1540 gio
1126 1492 1171 1528 de
1191 1492 1288 1528 ham
1278 1491 1496 1540 genealogia
1515 1493 1697 1540 quaedam

1041 1548 1193 1584 notanti.
1215 1547 1391 1585 Niebuhr.
1411 1552 1533 1585 autem
1551 1548 1590 1585 in
1608 1548 1696 1585 scri-

1041 1604 1167 1654 ptione
1205 1617 1315 1654 super
1356 1604 1491 1641 Euseb.
1525 1605 1696 1642 Chronic-

1040 1660 1188 1697 Armen.
1203 1660 1233 1696 C
1238 1664 1460 1697 ommentatt.
1474 1661 1597 1699 societ.
1617 1674 1694 1710 reg.

1040 1716 1163 1753 Berol.
1189 1729 1272 1753 ann.
1305 1719 1412 1758 1820
1436 1722 1473 1754 et
1501 1719 1609 1759 1821
1638 1719 1694 1755 ill-

1042 1777 1140 1809 serta
1160 1785 1246 1822 pag.
1267 1773 1321 1814 48
1355 1786 1410 1822 sq.
1441 1786 1484 1810 ex
1510 1773 1608 1811 hisce
1628 1787 1694 1823 ge-

1040 1829 1218 1877 nealogiis
1238 1830 1307 1866 hoc
1329 1829 1449 1878 colligi
1477 1829 1572 1877 vult,
1601 1830 1695 1868 hanc

1041 1885 1190 1935 stirpem
1219 1885 1408 1934 Lydorum
1445 1886 1583 1934 regiam
1616 1887 1693 1924 sive

1042 1942 1246 1989 dynastiam
1273 1956 1317 1980 ex
1337 1941 1488 1991 Assyria
1515 1956 1596 1980 cum
1615 1955 1694 1980 ma-

1041 1998 1136 2034 xime
1183 1999 1424 2048 repetendam
1473 2012 1578 2047 esse,
1617 2000 1693 2048 (cf.

1039 2058 1131 2091 nott.
1150 2056 1198 2091 ad
1221 2055 1259 2102 1,
1290 2055 1316 2095 4
1336 2055 1419 2103 fin.)
1447 2068 1527 2092 cum
1555 2056 1614 2093 alii
1635 2069 1692 2103 eo,

1040 2112 1140 2159 quod
1160 2111 1355 2148 Herculem
1378 2112 1531 2149 abavum
1560 2113 1694 2150 habeat

1039 2167 1131 2204 haec
1167 2168 1299 2217 stirps,
1355 2168 1536 2206 Graecam
1576 2170 1693 2206 fuisse

1038 2224 1215 2273 ipsosque
1235 2224 1363 2272 Lydos
1384 2224 1469 2263 inde
1485 2238 1553 2275 pro
1574 2225 1692 2262 Grae-

1039 2280 1090 2316 cis
1111 2280 1299 2317 habendos
1322 2294 1404 2318 esse
1425 2285 1598 2318 statuant.
1630 2281 1692 2318 Tu

1038 2336 1111 2372 vid.
1137 2337 1283 2373 omnino
1302 2338 1349 2375 de
1369 2336 1557 2386 Lydorum
1573 2350 1690 2387 regno

1037 2392 1260 2441 regibusque
1308 2393 1421 2431 Beck.
1457 2394 1495 2431 in
1532 2394 1690 2444 Allgem.

1038 2446 1265 2497 Vl'eltgesch.
1297 2448 1314 2486 Ι
1348 2463 1386 2500 p.
1424 2451 1506 2491 309
1539 2464 1590 2489 ss.
1622 2451 1690 2488 Cr.

1035 2504 1156 2540 addit:
1187 2504 1305 2541 Lanzi
1323 2506 1360 2542 in
1391 2506 1507 2555 Sagg.
1536 2508 1574 2543 di
1602 2507 1690 2555 ling.

1032 2558 1175 2597 Etrusc.
1204 2560 1239 2597 11
1271 2573 1308 2610 p.
1337 2561 1389 2601 51
1429 2562 1495 2612 (p.
1524 2562 1580 2604 42
1608 2562 1688 2600 coll.

1032 2617 1086 2657 82
1108 2617 1166 2653 ed.
1187 2617 1291 2665 sec.)

1089 2671 1131 2711 οἱ
1168 2670 1211 2711 δὲ
1257 2667 1477 2730 πρότερον
1479 2670 1687 2726 ’Ἄγρωνος

1029 2726 1334 2779 βασιλεύσαντες
1362 2750 1419 2757 -
1447 2731 1556 2780 ἦσαν
1588 2727 1686 2772 οἷπό-

1027 2799 1140 2835 γονοι
1159 2782 1302 2826 Λύδου
1321 2801 1358 2824 κ.
1377 2800 1409 2824 τ.
1428 2785 1477 2836 λ.]
1500 2788 1592 2825 Cum
1605 2788 1685 2826 He

1025 2842 1155 2879 rodoto
1193 2842 1374 2880 consentit
1412 2843 1684 2893 antiquissimus

300 2890 412 2931 Histt.
442 2908 480 2945 p.
508 2899 605 2939 202
625 2895 818 2947 Myrszlum
838 2912 958 2938 rerum
1021 2895 1243 2946 Lydicarum
1265 2911 1384 2937 rerum
1403 2900 1562 2951 scriptor
1579 2901 1680 2939 Xan-
