1759 3324
13 609 112 655 124

524 251 950 292 EUTERPE.
998 252 1044 289 II.

1321 253 1405 294 767

138 370 198 423 τῷ
228 365 343 423 λόγῳ
373 364 453 408 εἶσὶ
483 365 525 407 οἳ
548 361 767 418 Ἑλλήνων
796 360 1055 417 ἐχρήσαντο,
1086 361 1129 404 οἷ
1159 360 1261 416 μὲν,
1290 359 1402 416 πρό-

135 463 286 501 τερον,
317 447 361 488 οἱ
390 444 458 494 δὲ,
487 443 697 498 ὕστερον,
732 439 791 491 ὥς
821 442 916 498 ἰδίῳ
949 439 1123 484 ἑωυτῶν
1146 438 1281 484 ἐόντι·
1312 443 1403 484 τῶν

136 524 218 582 ἐγώ
248 523 372 574 εἰδώς
400 523 452 566 τὰ
483 522 731 578 οὐνόματα,
771 519 826 565 οὐ
855 517 1026 577 γράφω,

72 879 233 930 pluribus
252 879 512 917 declaravimus
531 878 580 915 ad
596 877 652 925 II,
675 879 728 919 67

73 935 152 973 coll.
176 935 242 977 65.

127 989 255 1044 τούτῳ
273 993 331 1045 τῷ
348 985 452 1045 λόγῳ
476 988 552 1029 εἰσὶ
582 990 622 1028 οἳ
646 987 727 1028 Ἑλ-

71 1043 204 1099 λήνων
223 1063 256 1087 κ.
280 1063 311 1086 τ.
331 1046 380 1097 λ.]
415 1048 524 1085 Conf.
546 1059 642 1095 quae
666 1060 728 1084 su-

70 1118 138 1156 pra
161 1106 210 1142 ad
243 1105 387 1142 initium
407 1118 483 1155 cap.
514 1102 623 1141 allata
642 1107 727 1140 sunt

70 1163 119 1200 de
139 1162 290 1199 Graecis
320 1161 412 1198 hanc
438 1161 639 1199 doctrinam
657 1161 725 1197 sibi

69 1219 351 1256 assumentibus.
424 1218 499 1255 Iam
547 1218 725 1254 addamus

70 1288 136 1322 ea,
166 1287 261 1325 quae
279 1276 409 1312 Creuz.
428 1273 552 1312 attulit
569 1274 606 1310 in
627 1286 725 1311 com-

69 1336 181 1370 ment.
201 1332 292 1370 Her.
320 1345 356 1382 p.
376 1333 455 1373 168
480 1343 579 1379 seq.:
610 1330 724 1377 „Iam

68 1392 110 1426 ut
150 1402 212 1426 eos
259 1388 426 1425 omittam
465 1389 528 1437 qui
560 1389 662 1437 prius
703 1401 724 1426 e

69 1445 220 1483 Graecis
246 1445 315 1482 hoc
341 1446 526 1483 decretum
554 1457 622 1494 pro
656 1457 723 1481 suo

66 1502 277 1540 venditasse
303 1502 472 1539 dicuntur
505 1504 621 1550 (quos
651 1514 722 1550 ego

68 1558 240 1609 Orphz‘cos
259 1571 337 1596 esse
354 1559 548 1607 arbitrer):
580 1558 641 1607 qui
655 1571 721 1608 po-

65 1617 192 1652 sterius
208 1616 305 1653 idem
330 1617 515 1653 factitasse
540 1615 722 1662 dicuntur,

65 1685 150 1719 eos,
190 1685 270 1709 cum
305 1673 421 1722 probe
451 1673 572 1717 sciat,
611 1675 720 1708 notos

65 1729 185 1767 facere
212 1729 284 1765 suis
315 1728 508 1766 lectoribus
538 1741 613 1765 non
642 1728 722 1765 vult

64 1784 288 1823 Herodotus.
348 1785 461 1821 Cuius
480 1784 613 1821 silentii
638 1785 720 1821 ido-

65 1854 135 1879 nea
151 1845 307 1893 apparet
326 1842 432 1878 ratio.
480 1841 592 1878 Hand
609 1842 719 1879 dubie

65 1899 162 1936 enim
188 1911 312 1936 verum
334 1899 427 1934 vidit
454 1897 718 1947 lVesselingius

63 1956 112 1992 ad
136 1954 169 1992 h.
187 1954 233 2001 l.,
275 1968 355 1991 cum
385 1954 614 2005 Pherecydem
645 1954 718 2005 Sy-

61 2013 153 2048 rium
179 2015 218 2049 et
246 2010 490 2061 Pythagoram
521 2012 718 2061 significari

62 2068 158 2105 dicit.
216 2069 321 2105 Conf.
356 2069 478 2105 Sturz.
506 2069 555 2105 ad
582 2068 718 2107 Phere-

61 2125 143 2174 cyd.
171 2125 302 2173 fragm.
322 2137 409 2175 pag.
427 2127 544 2166 11-—
557 2126 619 2166 15.
663 2123 717 2162 Ac

60 2181 281 2230 Pherecydis
330 2194 438 2231 quam
492 2181 716 2219 celebratum

60 2249 194 2275 nomen
228 2239 338 2276 fuerit
368 2239 467 2288 apud
493 2239 587 2276 cives
613 2243 714 2276 exte-

60 2306 216 2344 rosque,
241 2307 350 2333 nemo
367 2295 535 2343 ignorat,
564 2295 634 2332 nisi
651 2296 713 2345 qui

58 2350 307 2401 philosophiae
338 2351 526 2388 historiam
555 2352 713 2401 ignoret.

58 2406 292 2456 Pythagorae
319 2412 440 2446 autem
463 2421 597 2447 nomen
617 2408 712 2446 mul-

58 2466 99 2499 to
119 2465 230 2501 etiam
248 2464 472 2502 celebratius.
532 2464 610 2502 Iam
631 2465 710 2503 He-

58 2520 228 2567 rodotus,
256 2525 299 2558 ut
323 2521 385 2570 qui
405 2521 591 2559 historiam
609 2535 712 2560 suam

59 2576 250 2614 conficeret
274 2578 313 2614 in
337 2577 478 2627 Magna
504 2578 564 2615 illa
594 2579 713 2617 Grae-

59 2631 138 2678 cia,
173 2644 282 2681 quam
318 2637 436 2672 totam
465 2635 615 2673 tenebat
635 2635 711 2686 Py-

58 2686 234 2735 thagorae
266 2689 612 2741 Pythagorefimque
646 2704 712 2729 au-

58 2743 228 2791 ctoritas,
256 2747 400 2784 nonnisi
418 2751 516 2785 tecte
538 2760 581 2785 ac
609 2747 709 2785 clan-

58 2798 176 2836 culum
187 2800 378 2850 designare
389 2807 538 2853 poterat
555 2817 617 2842 eos
626 2804 708 2855 phi-

56 2853 240 2905 losophos,
269 2870 360 2907 quos
378 2860 515 2897 sciebat
531 2872 708 2909 arrogan-

58 2910 131 2948 tius
154 2911 310 2953 iactasse
335 2927 376 2953 se
404 2919 569 2954 auctores
599 2917 709 2954 disci-

248 603 394 658 Μέχρι
424 601 503 658 μέν
542 618 626 646 νυν
659 599 941 656 Ῥαμψινίτου
973 598 1174 656 βασιλέος
1212 598 1325 644 εἶναι
1354 600 1401 644 ἐν

132 682 339 740 Αἰγύπτῳ
379 686 526 726 πᾶσαν
574 680 783 738 εὐνομίην
829 680 1004 736 ἔλεγον,
1062 679 1135 723 καὶ
1175 676 1402 737 εὐθηνέειν

796 875 1001 926 plinarum,
1046 888 1136 925 quas
1176 877 1222 913 ab
1262 875 1456 928 Aegyptiis

797 933 1001 971 hauserant.
1049 932 1183 983 Neque
1200 934 1280 983 ipse
1300 936 1455 973 sortasse

797 989 971 1026 historiae
987 993 1093 1039 pater
1114 991 1295 1038 derogare
1308 991 1454 1029 volebat

796 1045 934 1094 gloriae
962 1047 1038 1084 eius
1067 1047 1153 1093 viri,
1193 1048 1256 1096 qui
1288 1049 1354 1084 sua
1382 1049 1453 1084 vir-

794 1106 875 1140 tute
893 1103 1117 1152 ingenioque
1137 1116 1180 1140 ac
1206 1104 1345 1141 meritis
1367 1109 1451 1141 tan-

792 1163 923 1209 topere
940 1159 1157 1197 inclaruerat
1173 1161 1273 1210 apud
1289 1161 1450 1198 Graecos

793 1216 1051 1265 barbarosque.
1119 1217 1229 1261 Quod
1265 1230 1351 1254 vero
1381 1218 1451 1254 do-

793 1273 945 1310 ctrinam
973 1272 1069 1310 illam
1090 1274 1448 1323 metempsychoseos

792 1332 970 1378 tanquam
1003 1343 1106 1367 suam
1144 1331 1336 1368 tradidisse
1366 1344 1451 1368 eos-

793 1386 877 1423 dem
896 1386 982 1423 dicit
1002 1386 1159 1424 Noster:
1189 1400 1323 1436 magno
1337 1400 1448 1436 argu-

791 1446 914 1480 mento
951 1447 1032 1490 est,
1061 1457 1123 1481 eos
1150 1457 1224 1481 non
1250 1445 1378 1482 rudem
1404 1444 1448 1480 il-

789 1499 861 1536 lam
878 1500 1056 1538 duntaxat
1073 1513 1115 1538 ac
1136 1501 1322 1550 vulgarem
1340 1501 1448 1538 disci-

788 1556 925 1607 plinam
955 1558 1127 1596 sumsisse
1159 1558 1206 1595 ab
1237 1557 1445 1608 Aegyptiis,

788 1627 914 1650 verum
937 1614 1124 1652 cultiorem
1146 1614 1304 1664 aliquam
1324 1616 1448 1652 erudi-

787 1670 1004 1720 tioremque.
1070 1671 1300 1721 Pythagoras
1347 1675 1447 1709 certe

787 1726 875 1763 nihil
888 1728 957 1764 nisi
972 1727 1080 1765 valde
1100 1728 1248 1765 doctum
1259 1728 1444 1765 limatum-

787 1795 859 1832 que
874 1797 941 1833 pro
963 1798 1028 1821 suo
1047 1788 1194 1834 poterat
1220 1786 1258 1822 in
1284 1785 1443 1822 medium

786 1841 961 1890 proferre.
1035 1840 1170 1890 Arguit
1210 1845 1332 1889 aetas,
1372 1853 1444 1891 qua

785 1897 945 1934 scholam
961 1899 1126 1947 aperuit3
1163 1899 1284 1947 arguit
1300 1899 1445 1947 ingeni-

785 1967 846 1990 um
875 1954 1029 1991 hominis
1059 1954 1205 1992 aliunde
1233 1956 1442 2003 cognitum3

785 2011 907 2059 arguit
926 2011 1003 2060 ipse
1022 2011 1235 2048 Herodotus
1252 2025 1361 2060 quem
1382 2025 1442 2048 su-

783 2080 850 2118 pra
887 2068 1076 2115 attigimus
1115 2068 1308 2117 (11‚49).
1367 2069 1443 2105 Ubi

784 2136 894 2173 quum
926 2124 1077 2174 Orphici
1116 2126 1224 2162 etiam
1266 2125 1441 2174 grandius

783 2193 826 2217 ac
847 2180 1031 2218 sublimius
1054 2181 1252 2232 explicasse
1272 2183 1442 2219 dicuntur

781 2249 838 2275 res
866 2237 1070 2285 Osiriacas‚
1104 2240 1167 2288 qui
1195 2239 1346 2276 tandem
1372 2238 1440 2275 hu-

780 2292 879 2331 milia
907 2307 949 2331 ac
974 2295 1139 2343 vulgaria
1166 2295 1274 2332 tribui
1294 2296 1440 2345 possint

780 2351 828 2388 ab
859 2352 989 2388 eodem
1021 2352 1200 2402 scriptore
1235 2351 1438 2400 Pherecydi

779 2409 947 2456 adeoque
958 2408 1191 2456 Pythagorae
1202 2406 1308 2444 ?“—
1316 2407 1440 2454 „Plae-

777 2463 917 2514 recydes
930 2464 1062 2514 Syrius
1071 2465 1195 2501 floruit
1211 2465 1278 2502 sub
1288 2465 1437 2516 Olymp.

779 2521 890 2567 le3
922 2520 1151 2572 Pythagoras
1171 2525 1315 2570 autem,
1343 2521 1438 2559 Lar-

779 2578 888 2616 chero
916 2579 1064 2627 quidem
1091 2578 1331 2629 probabiliter
1349 2591 1437 2615 con-

779 2635 970 2681 firmante,
1003 2639 1110 2672 natus
1131 2634 1279 2685 Olymp.
1298 2634 1436 2682 XLIII,

783 2694 830 2739 13
855 2696 1019 2729 mortuus
1039 2691 1188 2742 Olymp.
1207 2690 1361 2740 LXVII,
1372 2693 1440 2732 3.“

953 2775 1063 2827 Cap.
1095 2774 1267 2813 CXXIV.

834 2857 901 2899 καὶ
931 2854 1063 2910 εὕθη
1076 2858 1213 2899 νέειν
1228 2858 1437 2912 Αἴγυπτον

776 2913 968 2969 μεγάλως]
1000 2915 1060 2954 Ad
1086 2917 1237 2954 verbum
1266 2912 1434 2967 εὐθηνέ-

1460 603 1589 640 (theom,
1608 606 1645 633 ab
1664 615 1733 636 ann.

1457 638 1522 677 1182
1540 639 1577 666 ad
1598 640 1736 674 lmzim-

1458 680 1524 704 pius

1455 706 1647 735 itinerarium
1683 716 1735 743 ag-

1560 677 1590 699 et
1624 674 1734 701 durus:
