1814 3315
619 273 824 311 CLIO
883 273 909 310 1.

133 388 157 432 ὁ
187 390 398 442 Κροῖσος,
445 383 493 427 τὸ
521 383 746 434 ἐνθεῦτεν,

1310 276 1392 316 193

794 380 852 432 (ὃς
882 381 960 436 μὲν
990 381 1073 437 ἐγώ
1102 381 1235 438 λέγω,
1281 383 1391 427 κατα

131 468 206 517 τὰς
235 465 388 514 ἐούσας
417 461 612 518 γεφύρας
651 463 871 518 διεβίβασε
900 460 978 504 τὸν
1008 461 1214 515 στρατόν·
1255 460 1314 512 ὠς
1344 462 1391 505 δὲ

131 545 155 590 ὁ
185 543 339 594 πολλός
369 539 496 596 λόγος
533 540 770 597 Ἑλλήνων,

101 625 354 679 4διεβίβασε.

831 543 978 598 Θαλῆς
1019 542 1062 584 οἱ
1103 540 1127 584 ὁ
1170 540 1391 597 Μιλήσιος

413 618 678 676 ἄπορέοντος
718 620 802 676 γάρ
841 621 1040 674 Κροίσου
1083 619 1197 671 ὅκως
1228 621 1271 663 οἱ
1300 622 1390 663 δια-

127 701 303 758 βήσεται
331 700 409 743 τὸν
438 700 638 756 ποταμὸν
670 698 693 744 ὁ
723 699 926 755 στρατὸς,
970 696 1045 754 (οὐ
1075 698 1158 754 γάρ
1192 699 1244 754 δή
1276 697 1447 743 εἶναίόο

126 796 189 825 κω
217 783 375 823 τοῦτον
403 777 480 823 τὸν
508 777 670 835 χρόνον
699 780 775 830 τὰς
803 777 1002 834 γεφύρας
1030 777 1234 834 ταύτας,)
1279 778 1390 835 λέγε-

125 875 196 902 ται
221 858 441 914 παρεόντα
462 859 541 902 τόν
563 863 708 915 Θαλῆν
726 858 772 902 ἐν
800 861 861 917 τῷ
883 859 1158 915 στρατοπέδῳ
1173 890 1184 911 ,
1209 861 1390 914 ποιῆσαι

128 936 247 997 αὐτῷ
276 937 353 982 τὸν
381 938 606 994 ποταμόν,
638 938 681 990 ἐξ
705 936 932 994 ἀριστερῆς
953 937 1097 993 χειρὸς
1131 937 1287 993 ῥέοντα
1309 940 1391 981 τοῦ

100 1020 346 1073 ὀστρατοῦ,
376 1017 450 1060 καὶ
480 1017 526 1061 ἐκ
557 1019 695 1074 δεξιῆς
727 1016 860 1072 ῥέειν·
891 1020 1071 1073 ποιῆσαι
1093 1016 1138 1060 δὲ
1160 1011 1256 1061 ὦδε.
1278 1015 1389 1060 ἅνω-

126 1101 208 1140 &ev
236 1100 318 1140 τοῦ
358 1098 655 1152 στρατοπέδου
692 1094 955 1152 ἀρξάμενον,
1002 1094 1197 1153 διώρυχα
1225 1096 1392 1160 βαθέην

129 1173 355 1230 ὀρύσσειν,
387 1175 549 1233 ἄγοντα
571 1174 829 1233 μηνοειδέα,
859 1174 972 1227 ὅκως
1001 1173 1057 1219 ἂν
1085 1175 1134 1219 τό
1159 1174 1387 1232 στρατόπε-
1400 1180 1445 1218 55

127 1346 227 1388 κατοὶ
255 1364 325 1395 τας
350 1345 492 1395 ἐούσας
517 1363 560 1401 γε
545 1345 724 1401 εφύρας]

71 1406 94 1443 i.
131 1419 163 1444 e.
198 1405 247 1443 ad
280 1418 359 1453 eos,
409 1408 472 1456 qui
499 1419 622 1443 nunc
659 1407 728 1444 ibi

70 1465 172 1510 sunt,
205 1465 338 1512 pontes.

129 1520 262 1570 Θαλῆς
285 1517 327 1558 οἱ
345 1515 369 1558 ὁ
384 1513 589 1583 Μιλήσιος
605 1519 725 1569 διεβί-

71 1573 192 1627 βασε]
224 1575 298 1612 scil.
318 1571 386 1614 τὸν
406 1569 581 1627 στρατόν.
633 1575 725 1612 Pro-

71 1644 205 1669 nomen
238 1630 280 1670 οἵ
310 1632 359 1668 ad
390 1631 568 1669 Croesum
592 1633 725 1679 refero,

72 1688 129 1725 cui
159 1687 351 1726 exercitum
380 1688 438 1735 (s,
459 1689 559 1725 cuius
590 1689 726 1726 exerci-

73 1744 178 1792 tum)
209 1743 346 1781 Thales
373 1748 474 1781 trans
499 1744 623 1793 Halyn
657 1745 725 1781 du—

72 1805 186 1838 xerat.
243 1800 438 1837 Caeterum
479 1801 526 1838 de
569 1800 726 1838 Thalete

74 1856 140 1894 Cr.
158 1857 310 1894 conferri
321 1856 397 1893 vult
413 1857 569 1895 Gesner.
588 1858 636 1894 ad
647 1856 724 1893 Lu-

71 1913 163 1951 cian.
182 1913 297 1963 Hipp.
320 1912 429 1950 som.
448 1913 515 1950 Vll
534 1926 619 1964 pag.
641 1913 722 1954 557

73 1969 131 2008 ed.
147 1969 231 2020 Bip.
289 1968 409 2012 Quem
427 1969 524 2007 enim
543 1970 724 2007 Milesium

70 2024 210 2063 Noster
239 2025 345 2073 dicit,
392 2019 474 2063 euffi
505 2025 724 2064 Phoenicem

71 2081 132 2119 alii
150 2086 281 2119 vocant
302 2094 345 2120 ea
367 2083 521 2119 forsitan
541 2078 586 2120 ex
603 2095 724 2130 causa,

71 2138 172 2187 quod
189 2137 382 2176 Thaletem
393 2139 634 2176 Phoenicibus
647 2152 723 2176 ma-

70 2194 206 2232 ioribus
234 2195 425 2232 oriundum
454 2195 535 2246 ipse
551 2195 723 2234 Herodo-

70 2254 128 2287 tus
147 2251 233 2288 dicit
253 2250 291 2298 I,
315 2253 407 2292 170.

137 2302 185 2346 ου’
215 2303 291 2359 γὰρ
326 2303 375 2358 δὴ
409 2303 512 2347 εἶναί
542 2322 578 2346 κ.
609 2322 641 2346 τ.
672 2306 722 2358 λ.]

70 2361 240 2401 Pendent
260 2364 350 2401 haec
376 2365 422 2401 ab
454 2364 591 2401 omisso
621 2363 723 2416 λέγε-

71 2433 136 2458 ται
154 2419 215 2457 vel
234 2421 426 2458 referenda
450 2425 535 2457 sunt
556 2422 604 2458 ad
622 2425 726 2458 ante-

73 2476 239 2513 cedentia
281 2491 335 2523 ως
367 2474 389 2516 ὁ
428 2474 572 2524 πολλὸς
613 2473 727 2529 λόγος

69 2526 279 2582 Ἑλλήνων

129 2584 200 2627 τὸν
227 2586 424 2640 ποταμὸν,
450 2588 491 2637 ἐξ
519 2585 727 2641 οἷριστερῆς

75 2640 199 2695 χειρος
229 2643 369 2708 ῥέοντα
397 2661 432 2685 κ.
452 2661 484 2684 τ.
509 2645 556 2696 L]
597 2646 727 2684 Croesi

77 2699 249 2736 exercitus
269 2701 306 2738 in
317 2701 418 2740 laeva
435 2703 534 2739 fluvii
553 2703 634 2752 ripa
651 2702 724 2740 col-

74 2753 212 2791 locatus
229 2761 306 2793 erat
325 2771 368 2794 ex
387 2758 569 2796 Herodoti
589 2763 724 2806 mente,

76 2810 139 2859 qui
164 2810 215 2847 ita
243 2812 387 2861 scribit,
416 2815 515 2851 fluvii
532 2828 675 2852 cursum
702 2827 725 2852 a

75 2865 237 2903 sontibus
267 2867 352 2906 inde
376 2883 612 2920 persequens.
670 2871 727 2908 Ut

77 2921 189 2970 igitur
209 2924 380 2961 exercitus
407 2926 535 2965 dextra
563 2930 661 2964 esset
688 2927 726 2964 in

122 2977 332 3015 Hmzonow.
363 2979 392 3016 Ι.

792 1350 871 1399 ripa
889 1351 1109 1399 fluvlumque
1126 1362 1224 1400 pone
1233 1361 1274 1386 se
1283 1348 1445 1397 haberet,

793 1406 892 1442 fluvii
910 1420 1078 1454 cursum,
1107 1408 1210 1443 fossa
1240 1418 1352 1456 supra
1382 1419 1447 1443 ex-

794 1463 928 1500 ercitus
947 1467 1066 1500 castra
1081 1464 1192 1500 ducta
1211 1462 1342 1499 circum
1365 1462 1446 1512 ipsa

795 1523 914 1555 castra
934 1532 956 1556 a
976 1523 1082 1570 parte
1103 1519 1229 1566 laeva,
1258 1518 1310 1554 ita
1327 1522 1447 1554 muta-

791 1575 843 1612 vit
863 1575 1022 1624 Thales,
1051 1580 1092 1612 ut
1123 1575 1185 1625 qui
1211 1578 1297 1612 ante
1314 1587 1336 1611 a
1359 1575 1448 1612 dex-

791 1634 848 1668 tra
871 1636 989 1669 castra
1018 1633 1297 1682 praeterflueret
1315 1631 1445 1678 amnis,

793 1701 891 1725 nunc
925 1700 948 1724 a
980 1687 1081 1725 laeva
1102 1688 1125 1725 i.
1148 1701 1179 1725 e.
1207 1700 1307 1739 pone
1328 1691 1447 1724 castra

792 1744 1130 1795 praeterlaberetur.

849 1797 1011 1839 ἄνωθεν
1033 1802 1107 1839 τοῦ
1125 1796 1389 1851 στρατοπέδου
1409 1813 1444 1837 κ.

793 1872 826 1896 τ.
844 1855 892 1907 λ.]
933 1856 1033 1894 Nihil
1061 1857 1098 1893 in
1126 1856 1205 1904 his,
1240 1869 1288 1894 ne
1316 1855 1447 1892 distin-

793 1913 949 1951 ctionem
967 1913 1117 1962 quidem
1138 1912 1362 1961 singularum
1381 1925 1446 1949 vo-

793 1983 873 2007 cum
885 1998 895 2017 ,
926 1971 1161 2017 mutavimus,
1193 1969 1278 2018 quia
1298 1971 1446 2006 senten-

792 2027 844 2063 tia
873 2025 983 2076 plane
1013 2027 1143 2078 opinor
1173 2026 1224 2062 sic
1261 2025 1445 2075 procedit:

792 2082 825 2120 A
846 2083 1035 2133 superiore
1057 2086 1163 2133 parte
1182 2085 1382 2119 castrorum
1402 2081 1445 2129 (i.

793 2152 826 2177 e.
843 2140 889 2176 ab
909 2151 953 2176 ea
969 2143 1094 2189 parte,
1123 2139 1221 2176 unde
1238 2138 1368 2175 fluvius
1385 2150 1446 2175 ve-

791 2195 864 2244 nit)
893 2195 1028 2246 incepit
1047 2197 1184 2233 fossam
1202 2195 1328 2232 fodere
1348 2206 1446 2232 eam-

792 2265 865 2302 que
885 2252 1018 2290 ducere
1036 2251 1073 2288 in
1092 2250 1251 2302 speciem
1269 2250 1376 2288 lunae
1390 2250 1447 2287 di-

791 2308 984 2356 midiatae,
1013 2312 1052 2345 ut
1070 2308 1199 2344 fluvius
1219 2319 1242 2344 a
1262 2310 1366 2356 tergo
1385 2320 1447 2343 su·-

792 2369 910 2402 meret
925 2368 1044 2401 castra
1062 2365 1192 2401 eodem
1204 2363 1283 2400 loco
1296 2375 1447 2400 manen-

793 2421 844 2458 tia
856 2450 866 2468 ,
895 2420 965 2458 huc
984 2420 1118 2458 scilicet
1135 2420 1195 2467 (ut
1213 2419 1250 2456 in
1270 2420 1446 2457 exercitus

793 2482 899 2526 tergo
917 2477 1034 2526 esset)
1063 2477 1101 2513 in
1121 2475 1282 2513 canalem
1300 2489 1341 2513 se
1359 2488 1447 2513 con.-

793 2538 937 2571 vertens
964 2546 1008 2570 ex
1027 2538 1149 2571 vetere
1162 2532 1263 2569 alveo
1275 2561 1286 2580 ‚
1309 2536 1345 2569 et
1360 2532 1446 2569 dein

793 2603 916 2626 rursus
948 2589 1222 2639 praeterlapsus
1253 2593 1372 2625 castra
1408 2588 1446 2624 in

792 2650 952 2683 veterem
971 2645 1111 2683 alveum
1127 2646 1307 2682 influeret.
1327 2644 1446 2691 Quae,

790 2702 882 2752 ipsis
921 2701 1193 2750 wyttenbachii
1236 2700 1355 2738 verbis
1403 2712 1447 2737 ex

791 2762 899 2809 parte
919 2758 1083 2808 prolata,
1113 2762 1188 2794 tam
1205 2756 1301 2794 clara
1319 2756 1446 2793 viden-

792 2819 873 2862 tur,
892 2818 932 2850 ut
948 2814 1045 2851 nulla
1067 2827 1159 2864 opus
1178 2826 1247 2850 nec
1268 2811 1445 2849 distincti-

793 2870 874 2907 onis
898 2883 964 2907 nec
983 2870 1174 2908 verborum
1195 2869 1405 2905 mutatione.

852 2921 956 2972 ὅκως
986 2922 1047 2968 ἂν
1066 2948 1121 2954 ——-
1141 2920 1317 2976 λάβοι]
1337 2923 1444 2961 Unus
