1814 3315
365 256 449 297 146
779 250 1250 294 HERODOTI

363 366 575 421 κυρῆσαι,
611 363 829 420 πρότερον
858 361 1150 419 εὐδοκιμήσας
1180 360 1227 405 ἐν
1256 363 1309 418 τῇ
1343 358 1453 414 πρὸς
1481 362 1628 415 Μεγα-

363 443 464 498 ρέας
498 442 710 501 γενομένῃ
748 443 1004 499 στρατηγίῃ,
1049 439 1245 484 Νίσαιάν
1286 456 1331 483 τε
1371 438 1506 492 ἑλών,
1554 438 1629 482 καὶ

335 521 479 566 edua
509 520 828 578 ἀποδεξάμενος
857 519 1017 577 μεγάλα
1036 520 1160 576 ἔργα.
1207 518 1257 562 Ὃ
1280 519 1326 563 δὲ
1349 520 1486 574 δῆμος
1505 516 1528 562 ὁ
1549 520 1640 561 τῶν

359 599 609 658 Ἀθηναίων
638 599 939 656 ἐξαπατηθεὶς,
971 598 1100 643 ἔδωκε’
1130 600 1175 642 οἱ
1202 602 1291 642 τῶν
1322 596 1467 641 άστῶν
1496 604 1655 641 κατα-5

363 682 484 733 λέξας
516 679 681 735 ἄνδρας
709 678 918 731 τούτους,
959 680 1002 722 οἳ
1043 677 1292 733 δορυφόροι
1322 677 1400 733 μὲν
1430 674 1513 721 οὐκ
1543 675 1628 732 ἐγέ-

363 775 494 803 νοντο
526 756 865 812 Πεισιστράτου,
906 754 1215 813 κορυνηφόροι
1255 756 1329 806 63'„
1374 755 1515 808 ξύλων
1543 755 1629 811 γὰρ

333 835 560 894 7κορύνας
591 835 759 891 ἔχοντες
790 833 964 878 εἵποντό
994 836 1038 878 οῖ
1069 834 1234 878 ὄπισθε.
1278 834 1628 878 συνεπαναστάν-

362 931 431 966 τες
461 915 507 958 δὲ
538 908 661 957 οὗτοι
690 912 781 969 ἅμα
812 912 1131 969 Πεισιστράτῳ,
1169 913 1295 968 ἔσχον
1324 913 1403 967 τὴν
1432 912 1629 968 ἀκρόπο-

362 997 444 1037 λιν.
485 992 594 1036 ἔνθα
625 991 676 1047 δή
710 990 733 1035 ὁ
767 992 1075 1046 Πεισίστρατος
1101 986 1204 1047 ἦρχε
1228 989 1496 1047 Ἀθηναίων,
1529 989 1629 1034 οὔτε

363 1070 491 1127 τιμὰς
519 1070 595 1122 τὰς
625 1067 782 1122 ἐούσας
810 1069 1102 1125 συνταράξας,
1159 1070 1257 1114 οὔτε
1286 1070 1444 1126 θέσμια
1474 1073 1627 1126 μεταλ-
1640 1076 1685 1110 10

364 1148 498 1203 λάξας
510 1163 520 1174 “

365 1318 630 1374 εύδοκιμήσας
674 1320 717 1362 ἐν
763 1324 815 1377 τῇ
863 1319 963 1374 πρὸς

310 1378 526 1431 Μεγαρέας
560 1377 753 1433 γενομένῃ
800 1390 962 1429 στρατη-

307 1434 393 1490 γίῃ]
424 1436 588 1474 Pertinet
613 1435 682 1473 hoc
713 1436 876 1485 inprimis
914 1436 962 1472 ad

309 1493 580 1542 expeditionem
623 1493 670 1529 de
713 1492 962 1542 recuperanda

308 1547 515 1596 Salamine,
573 1560 683 1596 quam
720 1547 962 1596 Megarenses

308 1605 506 1652 tenebant,
550 1608 777 1654 susceptam,
812 1604 849 1640 in
888 1615 962 1653 qua

303 1656 456 1711 praeter
529 1659 704 1697 Solonem
779 1659 961 1696 Pisistrati

309 1716 417 1753 etiam
443 1716 483 1752 fit
506 1716 641 1753 mentio
662 1716 761 1766 apud
780 1715 959 1753 Plutarch.

308 1770 382 1809 Vit.
404 1771 531 1810 Solon.
556 1785 612 1821 cp.
636 1773 661 1812 8
681 1783 767 1822 pag.
791 1773 857 1813 82.

367 1826 507 1865 Nz'saea
536 1827 714 1876 Megarae
744 1833 800 1865 est
818 1831 960 1877 portus,

311 1884 374 1934 qui
401 1884 523 1934 longis
553 1884 742 1921 moenibus
771 1897 850 1920 cum
879 1884 962 1933 ipsa

312 1941 402 1977 urbe
421 1945 479 1978 est
506 1941 729 1977 coniunctus.
759 1939 843 1976 Vid.
857 1939 892 1977 T
895 1940 961 1975 hu-

311 1996 429 2044 cydid.
471 1996 509 2042 I,
551 1999 642 2037 103.
689 1995 800 2032 Plura
837 1995 961 2032 Kruse

313 2051 442 2089 Hellas
466 2051 514 2098 ΙΙ,
548 2054 569 2092 1
600 2065 637 2101 p.
656 2051 738 2092 385
760 2063 864 2100 seqq.
882 2050 961 2088 coll.

312 2108 397 2148 362
425 2111 462 2144 et
493 2107 744 2155 Reinganum:
782 2106 861 2144 Das
889 2107 961 2144 alte

306 2157 487 2211 Megaris.
511 2163 671 2201 Berolin.
703 2162 823 2205 1825.

368 2216 491 2257 ἔδωκέ
533 2217 575 2258 οἵ
616 2221 696 2257 τῶν
730 2213 858 2257 άστῶν
889 2232 961 2257 κα-

311 2272 470 2321 ταλέξας
491 2270 641 2326 ἄνδρας
659 2270 842 2324 τούτους]
857 2274 961 2317 Quos

312 2330 577 2379 quinquaginta
615 2343 765 2367 numero
807 2331 962 2380 primum

311 2386 425 2423 fuisse
445 2391 568 2423 narrat
588 2386 768 2423 Plutarch.
795 2386 866 2423 Vit.
890 2387 961 2422 So-

311 2441 384 2478 lon.
403 2443 481 2489 30,
502 2443 586 2479 dein
607 2446 731 2479 auctos
753 2455 836 2479 esse
856 2455 879 2479 a
898 2442 961 2478 Pi-

311 2498 470 2545 sistrato,
499 2498 731 2548 permittente
755 2501 818 2534 aut
835 2498 960 2535 conni-

310 2557 418 2590 vente
436 2553 584 2604 popuIO.
617 2553 819 2591 Trecentos
847 2554 960 2592 fuisse

311 2613 436 2646 auctor
470 2614 526 2646 est
552 2608 758 2657 Polyaenus
787 2610 828 2646 in
856 2610 961 2646 Stra-

310 2668 386 2714 teg.
413 2664 452 2712 I,
473 2668 525 2706 21
550 2664 587 2716 §.
603 2668 640 2706 3.
668 2661 962 2717 Κορυνηφόροι

311 2720 447 2758 diserte
487 2721 544 2758 hic
604 2722 875 2770 distinguuntur
912 2722 959 2759 ab

310 2776 375 2824 iis,
405 2775 467 2826 qui
493 2776 722 2827 appellantur
739 2771 960 2829 δορυφόροι

311 2832 437 2879 (hasta
466 2835 620 2880 armati,
649 2833 789 2870 Ιιαείαηι
818 2837 961 2882 gestan-

312 2888 382 2938 tes)
415 2889 562 2927 nomine
583 2889 630 2927 de
658 2889 768 2939 regiis
795 2889 960 2928 satelliti-

578 1149 648 1194 ἐπί
685 1165 730 1194 τε
767 1155 881 1194 τοῖσι
919 1153 1176 1194 κατεστεῶσι
1217 1150 1338 1206 ἔνεμε
1375 1148 1455 1206 τήν
1483 1147 1628 1202 πόλιν,

1030 1323 1098 1359 bus
1118 1322 1254 1358 usitato
1283 1321 1443 1370 indeque
1473 1321 1573 1372 apud
1594 1319 1685 1358 libe-

1029 1391 1089 1415 ras
1118 1379 1280 1416 civitates
1313 1378 1516 1424 invidioso3
1553 1378 1626 1414 vid.
1653 1375 1684 1424 I,

1031 1437 1068 1476 8.
1104 1432 1397 1486 Κορυνηφόροι
1450 1438 1626 1470 vocantur
1662 1445 1686 1470 a

1030 1491 1152 1538 clava,
1189 1492 1261 1539 qua
1299 1489 1426 1527 armati
1473 1494 1558 1526 sunt
1601 1493 1685 1526 tan-

1031 1560 1141 1597 quam
1171 1546 1315 1584 milites.
1344 1546 1444 1583 Alias
1477 1550 1562 1583 sunt
1590 1545 1684 1584 servi

1027 1604 1164 1654 pedum
1204 1602 1390 1654 pastorale
1440 1615 1469 1638 s.
1517 1602 1683 1639 baculum

1027 1660 1199 1696 rusticiun
1233 1662 1432 1707 gestantes.
1498 1657 1557 1696 De
1601 1658 1685 1707 qui-

1027 1715 1096 1752 bus
1117 1719 1262 1766 praeter
1282 1714 1414 1752 Athen.
1435 1713 1506 1751 XII
1525 1727 1563 1765 p.
1586 1713 1682 1755 410.

1028 1771 1111 1813 504
1161 1771 1364 1820 Schweigh.
1417 1770 1483 1808 Cr.
1542 1770 1682 1807 consuli

1027 1828 1103 1865 vult
1131 1828 1326 1865 Ruhnken.
1356 1828 1405 1865 ad
1431 1826 1576 1864 Timaei
1606 1826 1683 1864 Le-

1028 1884 1094 1923 xic.
1115 1884 1259 1922 Platon.
1294 1896 1380 1933 pag.
1408 1882 1503 1925 214.
1524 1887 1561 1920 et
1589 1886 1681 1920 nott.

1028 1941 1078 1977 ad
1112 1940 1228 1978 Cicer.
1275 1940 1322 1978 de
1358 1939 1517 1979 Divinat.
1545 1938 1585 1987 I,
1617 1941 1681 1980 17.

1028 2009 1113 2047 pag.
1146 1997 1212 2038 85.

1085 2051 1150 2091 ἐπί
1195 2066 1235 2092 τε
1285 2054 1388 2091 τοῖσι
1443 2052 1680 2090 κατεστεῶσι

1029 2106 1140 2158 ἔνεμε
1161 2105 1235 2160 τὴν
1254 2104 1367 2148 πόλιν
1379 2123 1417 2147 κ.
1439 2122 1471 2146 τ.
1493 2105 1545 2158 λ.]
1575 2107 1680 2144 Haec

1028 2166 1140 2201 verba
1175 2178 1219 2203 ex
1247 2164 1546 2203 antecedentibus
1574 2162 1680 2200 facile

1028 2220 1198 2270 explicari
1225 2225 1408 2272 poterunt.
1454 2220 1554 2258 Nam
1584 2218 1680 2255 Pisi-

1029 2280 1162 2313 stratus
1182 2278 1415 2326 magistratus
1438 2280 1548 2325 atque
1562 2274 1679 2312 hono-

1029 2345 1087 2369 res
1108 2332 1191 2382 lege
1210 2334 1426 2370 constitutos
1453 2331 1572 2369 nullos
1594 2343 1679 2381 per-

1027 2389 1185 2425 turbavit
1210 2393 1273 2426 aut
1303 2389 1447 2426 sustulit
1484 2385 1597 2436 (οὔτε
1625 2402 1680 2426 τι-

1029 2440 1106 2494 μάς
1137 2441 1208 2490 τάς
1240 2441 1383 2490 ἐούσας
1413 2439 1677 2495 συνταράξας)

1029 2512 1149 2548 neque
1164 2500 1254 2536 ullas
1273 2500 1423 2537 mutavit
1454 2499 1557 2548 leges
1591 2499 1675 2546 (eas

1027 2555 1101 2591 scil.
1095 2582 1119 2603 .,
1137 2568 1232 2604 quae
1252 2568 1273 2592 a
1285 2555 1422 2593 Solone
1440 2554 1535 2592 latae
1553 2558 1677 2592 erant.

1028 2607 1120 2650 ου’τε
1141 2610 1288 2661 θέσμια
1306 2605 1578 2662 μεταλλάξας),
1608 2610 1677 2647 sed

1026 2667 1091 2714 iis,
1120 2679 1215 2717 quae
1245 2667 1283 2704 in
1311 2680 1351 2705 re
1368 2667 1515 2717 publica
1539 2665 1676 2703 consti-

1025 2726 1105 2760 tuta
1154 2726 1278 2770 erant,
1321 2724 1458 2772 optime
1506 2722 1674 2768 servatis,

1026 2779 1206 2816 civitatem
1235 2779 1444 2816 moderatus
1479 2783 1535 2816 est
1556 2779 1675 2828 impe-

1024 2835 1189 2883 riumque
1221 2834 1496 2872 administravit.
1551 2833 1675 2882 Atque

1026 2890 1213 2929 declarant
1273 2891 1402 2929 verba:
1458 2888 1524 2931 ἐπὶ
1571 2892 1675 2929 τοῖσι
