1814 3315
364 232 446 272 156

774 228 1240 270 HERODOTI

360 338 592 393 Ἀκαρνάν,
632 337 931 395 χρησμολόγος
969 337 1102 396 ἀνὴρ,
1140 341 1188 393 ὅς
1224 342 1269 386 οἱ
1307 342 1507 398 προσιών
1534 346 1619 401 χρᾷ

362 418 409 461 ἐν
438 417 651 473 ἑξαμέτρῳ
681 416 819 477 τόνῳ,
862 418 965 462 τάδε
993 420 1153 475 λέγων·

432 494 627 540 ’Ἑρριπται
646 494 678 532 δ’
698 493 718 533 ὁ
739 496 867 540 βόλος,
889 496 930 535 vd
951 497 991 534 δὲ
1012 501 1162 535 δίκτυον
1180 499 1457 538 ἐκπεπέτασται·

440 553 580 589 θύννοι
602 552 642 590 δ’
663 553 859 601 οἰμήσουσι
883 558 1074 604 σεληναίης
1094 558 1158 595 διὰ
1184 557 1326 602 νυκτός.
1633 560 1677 596 85

304 747 535 794 Gronovius,
591 751 631 785 ut
675 742 868 800 Ἀχαρνᾶν
922 763 950 786 s.

301 799 496 854 Ἀκαρνάν
527 804 622 841 idem
657 804 779 842 valere
819 806 954 844 diceret

301 865 410 908 atque
440 855 669 911 Ἀχαρνεύς,
708 874 779 908 quo
817 861 955 898 Achar-

300 917 423 953 nensis
452 917 539 965 pagi
566 917 661 954 cives
682 916 741 953 ille
762 918 953 967 perhibea-

300 976 368 1008 tur.
425 971 509 1009 Alia
535 973 582 1010 de
611 973 680 1010 hoc
705 979 788 1010 vate
816 987 954 1023 suppe-

299 1029 429 1065 ditabit
466 1028 648 1067 Meursius
693 1030 730 1066 in
774 1029 952 1068 Pisistrat.

299 1097 377 1135 cap.
399 1084 436 1126 5.

353 1135 636 1193 χρησμολόγος]
667 1141 722 1179 Ita
741 1146 887 1179 vocatur
907 1143 952 1191 is,

299 1199 361 1247 qui
387 1198 531 1235 oracula
560 1198 648 1247 edit,
678 1198 857 1248 Apollinis
886 1213 954 1236 nu-

297 1254 395 1292 mine
411 1255 566 1291 afflatus.
624 1254 719 1291 Alibi
735 1256 951 1293 oraculorum

298 1314 349 1347 est
372 1313 557 1360 interme-3,
603 1315 642 1347 ut
668 1311 757 1359 VH,
789 1314 825 1351 6.
869 1312 949 1353 142

298 1371 336 1404 et
355 1367 454 1416 apud
477 1367 696 1404 Pausaniam
716 1367 751 1414 I,
774 1368 828 1410 34
849 1366 885 1419 5
909 1370 948 1417 3,

297 1423 359 1460 ubi
378 1424 449 1460 vid.
468 1423 601 1460 Siebel.

354 1477 532 1528 ἕῤῥιπται
553 1475 592 1518 δ’
620 1476 642 1517 ὁ
664 1474 801 1529 βόλος]
832 1475 949 1531 βόλος

297 1540 337 1571 ut
356 1534 570 1573 Latinorum
590 1536 764 1582 iaculum,
794 1537 851 1573 hic
867 1538 950 1574 bre-

295 1592 375 1628 vius
405 1593 492 1630 retis
535 1605 650 1641 genus
687 1593 773 1640 (ein
807 1592 947 1630 kleines

296 1648 499 1696 Zugnetz)
537 1649 672 1685 indicat
707 1650 865 1697 indeque
893 1650 948 1686 di-

296 1704 492 1753 stinguitur
509 1704 555 1740 ab
575 1717 640 1751 eo,
665 1705 765 1753 quod
787 1705 948 1744 δίκτυον

295 1761 433 1798 dicitur.
463 1760 613 1798 Praeter
629 1773 692 1808 ea,
723 1774 816 1810 quae
835 1760 946 1799 Lexi-

295 1829 338 1854 ca
371 1817 550 1864 offerunt,
588 1817 653 1854 Cr.
695 1819 835 1855 confert
857 1818 947 1855 Bot-

294 1873 399 1922 tiger.
426 1873 465 1910 in
488 1873 680 1911 Amalthea
699 1874 732 1911 ΙΙ
761 1887 845 1924 pag.
865 1878 945 1916 307

293 1934 370 1967 not.
396 1929 495 1966 Alias
521 1927 545 1969 ὁ
568 1926 682 1980 βόλος
711 1931 757 1967 de
784 1931 944 1979 piscibus

293 1986 384 2036 ipsis
411 1999 485 2022 uno
513 1987 599 2023 retis
625 1987 720 2023 iactu
750 1988 864 2036 captis
892 1988 947 2024 di-

294 2044 406 2087 citur3
434 2048 474 2078 ut
490 2041 526 2077 in
542 2041 709 2090 Aes-chyl.
731 2042 832 2079 Pers.
848 2042 945 2090 430,

293 2098 355 2135 ubi
375 2099 447 2135 vid.
468 2097 671 2135 Blomfield.
696 2099 734 2134 in
759 2099 946 2145 Glossar.;

294 2154 351 2191 cui
387 2153 450 2191 Cr.
480 2155 583 2190 addit
610 2154 863 2202 wyttenbach.
898 2156 946 2192 ad

293 2210 474 2247 Plutarch.
494 2210 636 2247 Morall.
657 2210 736 2247 Vol.
751 2211 783 2247 ll
800 2224 836 2260 p.
852 2214 944 2253 633.

293 2266 390 2303 Hinc
409 2267 445 2302 in
464 2266 499 2303 T
501 2266 647 2304 heocrit.
667 2266 696 2314 I,
728 2266 781 2307 40
800 2280 822 2303 a
841 2268 947 2304 scho-

292 2322 349 2359 liis
366 2322 562 2372 explicatur
584 2320 704 2374 ἄγρα,
735 2328 772 2361 et
789 2323 942 2360 Latinus

293 2379 447 2428 scriptor
464 2379 581 2415 Varro
606 2379 779 2416 vocabulo
801 2380 942 2417 Graeco

293 2435 379 2471 lucri
404 2448 515 2472 sensu
540 2436 649 2472 utitur
672 2436 710 2471 in
733 2436 808 2472 his:
839 2437 943 2483 „sed

292 2495 332 2527 ut
351 2491 446 2528 hunc
465 2491 575 2528 bolum
603 2493 835 2541 pervenias.“
865 2492 944 2539 (De

292 2547 349 2584 Re
375 2548 495 2584 rustic.
522 2547 596 2594 ΙΙΙ,
629 2551 676 2594 2,
708 2551 759 2589 16
789 2562 824 2598 Ρ-
860 2550 943 2590 278

292 2604 482 2653 Schneid.)
517 2603 723 2654 Respicitur
754 2609 874 2642 autem
906 2605 942 2641 in

292 2659 457 2707 oraculo,
486 2661 586 2709 quod
610 2660 644 2696 h.
663 2660 685 2697 l.
715 2660 868 2710 legitur,
899 2673 943 2698 ea

290 2717 466 2766 piscatio,
501 2729 594 2765 quae
621 2717 707 2765 quia
739 2722 843 2755 nocte
877 2717 942 2754 fie-

292 2773 374 2819 bat,
421 2770 696 2824 νυκτερευτική
745 2774 941 2818 dicebatur,

293 2829 340 2866 de
365 2842 437 2878 qua
469 2828 499 2866 C
507 2842 536 2869 r.
568 2830 654 2866 citat
684 2829 775 2866 Plat.
814 2830 853 2867 in
871 2830 941 2865 So-

291 2886 400 2936 phist.
430 2898 516 2937 pag.
551 2889 656 2935 220,
691 2886 741 2935 D,
768 2887 828 2924 ubi
867 2887 937 2924 vid.

1022 749 1215 789 Heindorf.
1279 763 1365 801 pag.
1425 752 1517 791 287.
1576 746 1675 785 Alias

1021 808 1238 856 thynnorum
1294 807 1503 856 piscationis
1552 805 1676 842 crebra

1022 864 1181 909 mentio;
1239 874 1334 911 quae
1373 862 1588 911 plerumque
1626 861 1676 896 ita

1022 919 1158 966 fiebat,
1188 925 1228 955 ut
1258 919 1338 967 quis
1368 918 1405 953 in
1426 918 1538 954 altum
1558 916 1675 953 locum

1022 975 1284 1021 adscenderet,
1329 975 1426 1011 unde
1458 974 1675 1021 thynnorum

1023 1044 1174 1080 gregem
1196 1030 1460 1080 specularetur,
1491 1042 1562 1078 quo
1583 1029 1674 1074 viso,

1022 1088 1167 1135 signum
1193 1087 1433 1136 piscatoribus
1458 1086 1583 1131 daret,
1612 1084 1672 1133 qui

1021 1145 1159 1181 retibus
1188 1148 1304 1180 totum
1333 1154 1482 1191 gregem
1512 1141 1674 1178 include-

1021 1205 1112 1238 rent.
1156 1200 1267 1243 Quod
1300 1204 1387 1248 post
1415 1198 1673 1235 Philostratum

1021 1258 1058 1294 in
1078 1257 1175 1294 Icon.
1197 1255 1237 1302 Ι,
1269 1257 1320 1296 13
1345 1255 1492 1305 copiose
1512 1267 1588 1292 rem
1606 1254 1672 1291 de-

1018 1314 1233 1351 scribentem
1261 1317 1347 1362 apte
1380 1311 1520 1348 monuit
1549 1309 1673 1347 Blom-

1017 1370 1112 1407 field.
1140 1369 1163 1406 1.
1191 1369 1237 1414 l.,
1267 1368 1379 1404 multa
1398 1367 1465 1405 alia
1486 1366 1672 1415 colligens,

1016 1427 1115 1463 unde
1166 1430 1264 1462 certe
1302 1425 1372 1461 hoc
1415 1424 1591 1474 probatur
1632 1423 1672 1459 id

1015 1482 1180 1533 piscandi
1201 1494 1318 1529 genus
1343 1480 1672 1529 frequentissimum

1016 1540 1130 1576 fuisse
1175 1537 1357 1585 valdeque
1405 1537 1439 1574 ei
1475 1536 1671 1573 indulsisse

1016 1600 1176 1640 veteres,
1206 1594 1368 1643 inprimis
1394 1592 1534 1629 Atticos
1555 1592 1671 1629 homi-

1015 1664 1092 1688 nes,
1124 1650 1236 1687 L'nde
1254 1650 1462 1698 imaginem,
1491 1661 1565 1697 qua
1588 1661 1671 1686 ora-

1016 1707 1132 1744 culum
1161 1706 1293 1753 utitur,
1329 1718 1404 1742 non
1429 1705 1541 1753 longe
1564 1717 1670 1755 repe-

1015 1764 1119 1800 titam
1147 1769 1182 1799 et
1205 1762 1429 1811 quaesitam,
1458 1762 1525 1799 sed
1548 1774 1592 1799 ex
1609 1774 1670 1797 so-

1013 1819 1124 1857 lemni
1138 1819 1323 1855 hominum
1341 1817 1538 1855 Atticorum
1562 1831 1669 1855 occu-

1013 1876 1163 1926 patione
1202 1876 1403 1912 desumtam
1439 1887 1521 1912 esse
1553 1874 1668 1923 quivis

1012 1931 1218 1982 perspiciet.
1276 1930 1401 1968 Simile
1423 1935 1546 1968 tamen
1575 1930 1666 1967 effa-

1013 1994 1091 2026 tum
1123 1988 1267 2025 Helveti
1296 1987 1434 2024 comifis
1469 1987 1518 2024 ad
1557 1986 1668 2024 Turi-

1014 2057 1140 2082 censes
1164 2058 1208 2081 ex
1226 2045 1253 2081 Ι.
1285 2043 1430 2080 Miilleri
1451 2043 1548 2080 Hist.
1576 2042 1667 2080 Hel-

1013 2106 1083 2139 vet.
1110 2100 1128 2136 Ι
1155 2114 1191 2151 p.
1220 2102 1302 2142 492
1332 2100 1440 2137 affert
1486 2099 1517 2136 C
1526 2112 1575 2147 r.,
1604 2099 1664 2136 ubi

1012 2157 1240 2208 potissimum
1258 2157 1406 2194 attende
1427 2156 1517 2194 haec
1536 2155 1664 2193 verba:

1011 2213 1179 2261 „Ziirich
1211 2215 1259 2250 ist
1289 2226 1361 2250 von
1384 2213 1529 2250 meinen
1550 2211 1665 2248 Herr-

1011 2270 1173 2306 schaften
1193 2271 1257 2307 wie
1274 2272 1327 2307 ein
1344 2268 1451 2306 Fiscla
1471 2281 1547 2306 vom
1566 2269 1665 2306 Garn

1009 2326 1212 2373 umgeben.“

1065 2377 1217 2421 θύννοι
1235 2377 1272 2421 δ’
1294 2379 1531 2433 οἰμήσουσι]
1562 2377 1662 2420 θύν-

1010 2451 1074 2475 νοι
1104 2450 1147 2475 ex
1185 2438 1532 2476 Schellershemiano
1571 2438 1662 2474 libro

1012 2506 1092 2530 cum
1149 2494 1359 2531 Gaisfordio
1402 2493 1662 2544 praetulimus‘,

1008 2549 1120 2597 wilgo
1144 2552 1290 2597 θῦνοι,
1332 2550 1390 2587 alii
1420 2547 1554 2588 θύνοι.
1612 2549 1663 2586 Et

1009 2605 1255 2643 Blomfieldius
1287 2620 1455 2656 quoque,
1495 2606 1556 2642 ubi
1593 2619 1661 2642 no-

1008 2666 1121 2698 strum
1144 2662 1261 2699 locum
1294 2663 1414 2712 attigit
1445 2664 1481 2699 in
1506 2666 1660 2700 annota-

1010 2718 1108 2755 tione
1127 2718 1291 2767 laudata,
1320 2720 1396 2757 iure
1413 2719 1536 2756 scribit
1554 2713 1658 2758 θύν-

1009 2788 1092 2822 νοι,·
1129 2775 1267 2825 quippe
1293 2788 1387 2824 quae
1411 2780 1467 2813 est
1497 2775 1660 2824 legitima

1009 2831 1106 2867 xocis
1118 2832 1306 2881 scriptura.
1363 2832 1547 2869 Iudicatur
1571 2844 1657 2869 vero

1008 2887 1160 2926 mannus
1197 2888 1344 2926 scomber
1378 2888 1553 2937 Linnaei‚
1594 2888 1656 2939 qui

1812 766 1814 795 ἕ

1808 798 1814 827 ³.

1768 2973 1772 3001 l

1767 3011 1771 3095 g
