1759 3324
624 257 845 296 CLIO.
889 256 916 294 Ι.
1322 258 1406 297 313

141 372 272 423 στεώς
298 370 480 414 ἐπαείδει
507 368 773 424 θεογονίην,
817 367 916 422 οἴην
956 362 1010 421 δή
1040 364 1200 408 ἐκεῖνοι
1232 364 1406 421 λέγουσι
1419 373 1464 406 50

139 450 251 495 εἶναι
278 449 356 505 τὴν
384 446 613 503 ἐπαοιδήν·
646 447 751 490 ἄνευ
780 445 865 503 γάρ
897 447 950 502 δὴ
979 442 1124 501 μάγου
1155 444 1211 487 οὕ
1236 455 1315 501 σφι
1333 443 1405 488 νό-

111 536 219 586 5μος
248 528 334 572 ἐστὶ
361 527 521 577 θυσίας
549 527 790 570 ποιέεσθαι.
830 525 1017 582 ἐπισχών
1048 525 1094 568 δὲ
1128 522 1277 580 ὀλίγον
1305 524 1405 580 χρό-

138 624 239 660 νον,
290 605 559 663 ἀποφέρεται
590 604 614 650 ὁ
646 606 790 657 θύσας
830 606 882 648 τὰ
921 604 1052 660 κρέα,
1091 604 1165 647 καὶ
1194 607 1349 659 χρᾶται
1378 603 1404 648 ὅ

1461 655 1564 684 Mores
1575 665 1582 683 ι
1597 655 1674 684 diem
1685 665 1737 684 na-

1460 690 1552 717 talem
1578 690 1688 717 festum
1706 700 1738 718 a-

1460 729 1555 758 gunt:
1582 732 1640 758 quo
1659 725 1740 752 victu

1458 757 1580 784 vivant:
1608 757 1678 784 vino
1695 758 1740 784 in-

1461 790 1605 825 dulgent:
1637 799 1740 818 eorum

1459 824 1740 852 verecundiatcom-

1460 862 1600 894 potantes
1626 858 1741 886 delibe-

1459 896 1540 922 rant.

17 692 114 738 133
138 704 180 731 τι
207 702 283 743 μιν
309 685 439 742 λόγος
470 687 614 742 αἱρέει.
668 685 858 742 Ἡμέρην
895 685 941 729 δὲ
979 682 1181 727 ἁπασέων
1219 681 1404 738 μάλιστα

108 766 308 822 Ξέκείνην
340 753 472 822 τιμᾶν
510 767 762 822 νομίζουσι,
801 768 854 822 τῇ
893 764 1075 816 ἕκαστος
1112 761 1293 819 ἐγένετο.
1353 762 1401 807 ἐν

82 942 177 981 neris
194 942 346 979 numina
365 941 651 992 profitebantur,
680 940 735 977 vi-

83 1001 214 1037 dentur
251 1000 380 1037 eadem
417 998 486 1035 alia
525 1002 635 1046 atque
666 997 736 1034 alia

83 1056 250 1104 origine,
293 1056 361 1093 etsi
401 1054 547 1092 minime
581 1054 736 1091 human-51

84 1113 265 1150 statuisse.
325 1112 462 1160 Cogita
499 1111 546 1148 de
584 1111 736 1147 Gnosti-

84 1182 206 1207 corum
223 1167 408 1206 Aeonibus
432 1172 469 1205 et
487 1167 738 1218 Emanationi-

86 1226 154 1263 bus
179 1238 223 1263 ex
251 1225 439 1262 Zoroastri
473 1228 509 1261 et
529 1224 738 1260 Chaldaeo-

84 1295 164 1320 rum
185 1281 392 1330 Theologia
412 1281 630 1320 arcessitis.‘.‘
659 1279 740 1317 Erit

85 1340 196 1388 igitur
220 1337 411 1390 θεογονίή
439 1350 513 1373 non
547 1349 614 1383 ea,
644 1349 739 1386 quae

85 1396 133 1444 li,
151 1395 204 1436 53
223 1395 374 1441 dicitur,
396 1394 463 1431 sed
480 1393 517 1429 in
533 1393 739 1430 universum

86 1453 134 1490 de
164 1451 232 1488 diis
269 1450 428 1488 narratio
462 1451 584 1499 deque
615 1462 739 1487 eorum

85 1508 250 1557 origine,
277 1506 473 1544 incantatio
492 1507 530 1543 in
552 1507 661 1543 sacris
673 1507 740 1542 ad-

85 1565 202 1602 hiberi
222 1564 338 1601 solita.
394 1563 525 1601 Refert
550 1563 619 1600 huc
646 1561 741 1599 Lar-

87 1621 214 1659 cherus
269 1620 461 1657 Strabonis
506 1619 623 1657 locum
669 1618 739 1655 XV

87 1690 126 1727 p.
147 1676 278 1724 1065,
294 1677 348 1723 B,
377 1677 439 1713 ubi
464 1675 569 1726 plura
589 1676 636 1713 de
656 1675 741 1712 Ma-

89 1745 218 1783 gorum
235 1733 398 1783 partibus
418 1733 456 1769 in
473 1732 665 1769 sacrificiis.

147 1785 245 1828 ἄνευ
265 1786 340 1841 γοὶρ
369 1785 421 1840 δή
445 1784 574 1841 μάγου
596 1785 648 1828 οὕ
667 1799 741 1837 σφι

87 1840 213 1896 νόμος
235 1843 315 1885 ἐστὶ
341 1845 490 1892 θυσίας
514 1843 739 1890 ποιέεσθαι]

91 1902 247 1939 Constat
266 1903 388 1939 omnia
406 1915 508 1940 sacra
526 1906 603 1940 tum
622 1901 740 1953 publi-

90 1971 134 1996 ca
169 1962 244 1996 tum
272 1959 415 2009 privata
450 1959 584 1996 obiisse
610 1971 738 2007 magos

90 2019 132 2052 ut
147 2016 375 2053 sacerdotum
394 2016 526 2052 tribum
539 2045 550 2063 ,
578 2028 741 2052 omnem-

92 2084 165 2122 que
183 2084 302 2110 rerum
334 2073 536 2109 divinarum
565 2072 744 2120 cognitio-

91 2139 175 2166 nem
187 2157 198 2176 ,
226 2141 407 2166 sacrorum
425 2132 536 2178 atque
553 2129 666 2166 cultus
683 2141 746 2166 cu-

91 2197 169 2222 ram
193 2198 309 2235 penes
346 2186 496 2223 eosdem
522 2187 645 2224 fuisse.
701 2185 743 2221 Id

93 2242 191 2291 quod
219 2245 304 2293 post
337 2242 569 2280 Herodotum
599 2241 744 2294 plurimi

93 2301 270 2336 testantur
298 2299 515 2349 scriptores,
545 2301 592 2337 de
614 2299 745 2348 quibus

94 2355 188 2391 conf.
218 2355 444 2393 Brissonium
468 2355 491 2394 l.
518 2356 541 2393 l.
570 2356 606 2393 11
632 2354 670 2407 ἓ.
691 2355 747 2397 52

94 2423 197 2460 seqq.

152 2463 393 2521 ἀποφέρεται
405 2467 425 2510 ὁ
434 2465 567 2516 θύσας
577 2465 624 2508 τοὶ
633 2466 742 2520 κρέα]

97 2523 206 2562 Conf.
219 2538 298 2562 cum
312 2525 411 2564 hisce
427 2526 618 2564 Strabonis
629 2525 747 2563 locum

99 2592 207 2630 supra
238 2582 439 2631 laudatum,
472 2596 517 2621 ex
553 2596 626 2633 quo
659 2595 745 2620 cau-

100 2647 177 2672 sam
192 2636 295 2675 huius
315 2640 425 2676 moris
450 2640 630 2677 discimus.
663 2638 747 2676 Ma·-

101 2702 211 2739 gum,
239 2694 300 2743 qui
317 2708 456 2733 sacrum
473 2700 649 2746 peragat,
680 2695 747 2732 ho-

102 2746 195 2784 stiae
222 2755 398 2790 mactatae
431 2752 591 2801 singulas
623 2756 746 2802 partes

103 2803 223 2840 scribit
245 2805 460 2846 distribuere
489 2809 554 2856 iis,
595 2808 657 2858 qui
690 2821 748 2845 sa-

104 2857 172 2895 cris
187 2860 429 2910 interfuerint3
445 2865 508 2914 qui
524 2865 596 2902 iam
611 2865 749 2902 abeun-

104 2917 182 2962 tes,
216 2929 313 2955 suam
343 2920 497 2970 quisque
521 2925 664 2972 partem
692 2933 748 2959 se-

804 952 882 977 cum
911 938 1103 986 auferant,
1133 936 1232 974 nulla
1259 936 1327 973 diis
1356 940 1463 987 parte

803 996 938 1034 relicta.
985 994 1108 1032 Deum
1138 994 1233 1032 enim
1262 994 1383 1042 (hanc
1405 995 1462 1030 ni-

803 1054 932 1090 mirum
962 1051 1031 1088 illis
1060 1064 1140 1088 esse
1165 1050 1460 1101 persuasionem)

804 1108 891 1147 nihil
929 1107 1021 1145 veile
1054 1112 1200 1158 praeter
1224 1107 1366 1144 hostiae
1383 1107 1461 1144 ani-

805 1178 913 1203 mam.
945 1165 1056 1208 Quod
1077 1165 1106 1201 si
1130 1177 1254 1202 verum
1273 1167 1351 1210 est,
1370 1164 1461 1200 mul-

805 1227 883 1259 tum
904 1221 1000 1258 valet
1019 1221 1067 1257 ad
1082 1225 1246 1257 nostrum
1265 1220 1312 1257 de
1329 1219 1463 1259 Persa-

806 1292 885 1315 rum
912 1277 974 1314 ι·61ἰ
994 1277 1091 1328 §.one
1110 1277 1290 1314 iudicium.

864 1336 1002 1385 χρᾶται
1015 1329 1039 1372 ὅ
1057 1348 1094 1371 τι
1111 1349 1178 1383 μιν
1190 1329 1306 1385 λόγος
1325 1331 1462 1384 αἱρέει]

808 1387 921 1444 λόγος
954 1392 1033 1427 sine
1062 1390 1211 1427 articulo
1241 1388 1266 1429 ὁ
1298 1391 1465 1428 dedimus

808 1461 889 1485 cum
907 1447 1139 1494 Gaisfordio,
1171 1447 1343 1496 quoniam
1373 1460 1395 1484 a
1422 1447 1466 1483 li—

807 1505 880 1541 bris
909 1504 969 1541 ille
1004 1503 1118 1541 abest.
1176 1504 1320 1541 Eodem
1354 1504 1466 1542 modo

807 1561 879 1608 Vl,
911 1560 1003 1601 124.
1050 1560 1122 1608 111,
1151 1560 1217 1602 45.
1258 1560 1330 1605 IV,
1371 1563 1464 1602 127.

809 1619 886 1655 Sed
902 1619 1064 1654 additum
1091 1617 1290 1655 invenimus
1321 1617 1378 1666 II,
1397 1619 1464 1659 33.

809 1674 900 1721 Vll,
920 1674 986 1715 41.
1024 1674 1160 1711 Sensus
1188 1674 1364 1712 formulae
1391 1679 1466 1712 est:

803 1734 911 1782 prout
933 1733 965 1768 εί
985 1730 1196 1768 commodum
1216 1731 1370 1780 videtur,
1382 1744 1465 1782 pro-

809 1791 851 1824 ut
875 1789 969 1825 ratio
995 1787 1131 1827 suadet.

960 1872 1075 1923 Cap.
1104 1870 1315 1909 cxxxnl.

866 1954 1023 2010 ’ἡμέρην
1055 1954 1098 1996 δὲ
1134 1954 1323 1995 ἁπασέων
1356 1952 1468 2007 μάλι-

813 2025 884 2053 στα
909 2029 946 2052 κ.
978 2028 1012 2052 τ.
1037 2016 1095 2059 λ.]
1136 2013 1258 2050 Locus
1285 2013 1469 2058 classicus,

812 2072 859 2108 ab
868 2070 1057 2108 Athenaeo
1073 2070 1123 2107 lv
1136 2084 1172 2120 p.
1190 2072 1268 2111 143
1281 2099 1292 2117 ,
1309 2069 1352 2106 F.
1365 2083 1401 2120 p.
1413 2072 1470 2110 62

812 2127 981 2176 Schwgh.
1012 2128 1231 2177 exscriptus,
1270 2127 1318 2164 de
1344 2126 1468 2164 Persis

813 2185 909 2222 diem
923 2184 1080 2222 natalem
1092 2183 1370 2222 celebrantibus.
1391 2182 1469 2219 Ad-

814 2241 930 2278 dimus
943 2240 1017 2289 IX,
1041 2243 1142 2288 110,
1171 2241 1233 2278 ubi
1254 2240 1468 2277 Herodotus

812 2298 917 2349 plura
936 2298 983 2335 de
1008 2299 1124 2343 sesto,
1156 2297 1258 2347 quod
1283 2296 1381 2346 regis
1406 2296 1469 2333 die

813 2354 927 2391 natali
953 2354 1165 2392 celebratur.
1219 2352 1303 2390 Alia
1334 2366 1468 2403 suppe-

815 2412 945 2448 ditabit
970 2411 1132 2448 Brisson.
1160 2411 1207 2447 de
1248 2422 1327 2458 reg.
1363 2409 1465 2446 Pers.

813 2468 929 2519 princ.
948 2467 986 2515 I,
1006 2467 1073 2510 42.
1101 2467 1154 2515 II,
1177 2469 1233 2507 70
1263 2466 1344 2503 coll.
1373 2465 1466 2507 135.

817 2524 848 2562 C
856 2537 883 2562 r.
897 2525 1018 2562 addit:
1042 2523 1295 2574 Olympiodor.
1306 2523 1343 2559 in
1355 2522 1469 2559 Com-

815 2585 925 2619 ment.
947 2582 995 2618 ad
1016 2581 1158 2618 Platon.
1179 2579 1291 2616 Alcib.
1312 2593 1350 2630 p.
1376 2579 1470 2620 157.

817 2638 978 2675 Gibbon.
1009 2636 1215 2676 Geschicht.
1248 2637 1285 2673 d.
1311 2635 1412 2673 Verf.
1434 2636 1471 2672 d.

816 2695 923 2732 Rom.
953 2695 1000 2731 R.
1031 2708 1088 2745 cp.
1120 2692 1212 2730 XIX
1249 2691 1389 2740 (Tom.
1420 2691 1472 2729 lv

815 2765 902 2802 pag.
913 2752 1028 2800 302).
1060 2750 1236 2788 Chardin.
1250 2749 1405 2797 voyage
1426 2761 1472 2785 en

815 2808 919 2846 Pers.
945 2807 993 2845 T.
1011 2808 1064 2845 ΠΙ
1091 2819 1177 2858 pag.
1198 2808 1264 2847 90.
1290 2804 1388 2842 Nam
1406 2817 1474 2841 nec

816 2868 967 2914 postera
985 2867 1108 2902 aetate
1129 2864 1176 2900 ab
1199 2875 1244 2900 eo
1264 2874 1366 2899 more
1385 2860 1474 2898 Per-

820 2933 883 2958 sae
900 2921 1142 2959 desciverunt.
