1768 3315
580 232 799 271 CLIO.
857 232 884 270 Ι.
943 230 951 243 ⁷

1284 237 1367 277 267

106 347 174 399 ρὶς
203 346 249 390 δὲ
288 348 367 389 τοῦ
396 342 566 400 φόρου,
615 342 811 398 ἥρπαζον
850 343 1208 398 περιελαύνοντες
1237 346 1366 387 τοῦτο

77 423 134 467 23
162 440 201 467 τι
230 424 363 480 ἔχοιεν
391 422 576 465 ἕκαστοι.
605 422 686 472 >καὶ
718 421 887 465 τούτων
925 422 1005 479 μὲν
1043 422 1147 474 τούς
1174 425 1366 475 πλεῦνας

105 501 333 559 Κυαξάρης
361 517 405 544 τε
434 502 506 544 καὶ
537 503 690 558 Μῆδοι
728 502 988 554 ξεινίσαντες
1017 502 1089 546 καὶ
1119 502 1364 558 καταμεθύ-

105 593 252 632 σαντες
280 579 617 636 κατεφόνευσαν.
646 581 719 624 καὶ
749 581 866 625 οὕτω
896 579 1170 625 ἀνεσώσαντο
1192 582 1273 639 τήν
1293 580 1364 638 ἆρ-

101 660 181 717 χὴν
208 663 380 716 Μῆδοι,
417 661 492 703 καὶ
520 659 778 715 ἐπεκράτεον
806 665 896 704 τῶν
923 676 1004 716 περ
1033 661 1106 705 καὶ
1134 660 1363 717 πρότερον.

73 739 174 783 3καὶ
201 738 281 795 τήν
307 755 352 784 τε
381 742 527 785 Νῖνον
560 738 700 794 εἷλον,
731 738 811 796 (ὥς
840 740 887 785 δὲ
917 737 1058 793 εἷλον,
1098 740 1146 784 ἐν
1176 741 1364 798 ἑτέροισι
1422 741 1477 784 54

43 925 234 963 πρησσον.
290 915 397 959 Quae
437 919 560 952 tamen
609 914 695 952 mihi

44 982 118 1007 non
151 971 390 1008 satisfaciunt.
446 971 578 1008 Restat
606 971 694 1008 illud

45 1039 176 1075 unum,
214 1029 315 1077 quod
344 1028 535 1078 proposuit
562 1028 694 1076 Stege-

44 1096 127 1130 rus;
156 1088 196 1121 ut
219 1084 351 1134 triple<
378 1085 604 1121 vexationum
629 1098 694 1133 ge-

44 1153 112 1176 nus
128 1141 195 1177 hoc
215 1140 293 1178 loco
324 1142 369 1178 ab
400 1141 570 1177 historico
594 1142 691 1177 iudi-

44 1197 115 1233 cari
135 1198 376 1243 existimetur,
404 1198 573 1247 primum,
594 1199 694 1246 quod

45 1253 84 1288 in
117 1257 215 1292 certo
246 1254 405 1301 tributo,
445 1255 521 1291 sive
559 1267 695 1301 annuo,

44 1310 120 1346 sive
141 1313 347 1355 menstruo,
376 1312 564 1356 consistat,
577 1311 695 1359 quod-

43 1378 116 1414 que
160 1366 280 1403 verbis
323 1366 516 1403 indicetur:
577 1365 695 1417 χωρὶς

42 1419 115 1471 μὲν
133 1418 208 1474 γοῖρ
229 1418 391 1471 φόρων,·
411 1422 575 1469 alterum,
595 1424 697 1472 quod

41 1478 244 1516 declaretur
270 1479 388 1516 verbis
417 1476 462 1518 τό
493 1474 695 1519 ἑκάστοισι

41 1533 278 1586 ἐπέβαλλον,
310 1536 333 1573 i.
356 1549 387 1574 e.
420 1536 595 1573 tributum
618 1550 694 1574 non

39 1595 236 1639 statutum,
276 1593 343 1630 sed
373 1592 526 1629 diversis
553 1597 696 1643 tempo-

41 1648 140 1684 ribus
160 1649 236 1686 sive
250 1648 318 1685 hac
336 1649 411 1686 sive
429 1649 488 1686 illa
507 1651 696 1687 causaim-

40 1708 205 1754 peratum
214 1733 226 1750 ‚
254 1708 363 1755 prout
373 1705 517 1753 Scythis
532 1705 674 1744 libuerit
684 1719 696 1753 ς

42 1761 364 1799 extraordinarium
404 1761 572 1809 dixerim,
620 1767 696 1800 ter·

41 1816 129 1853 tium
159 1817 339 1866 denique,
370 1819 614 1869 quodcunque
633 1831 694 1856 ra-

39 1872 188 1923 piebant
229 1873 383 1923 singulis
413 1875 547 1924 singuli
573 1876 695 1913 incur-

39 1933 162 1967 santes
188 1942 231 1967 ac
256 1929 436 1981 palantes,
493 1931 616 1982 Atque
643 1933 695 1969 ita

39 1985 110 2023 iam
141 1986 278 2024 dudum
308 1991 419 2025 antea
452 1988 546 2026 hunc
573 1989 693 2027 locum

40 2041 254 2092 explicatum
289 2043 453 2082 voluerat
495 2058 626 2083 censor
653 2045 692 2083 in

39 2098 193 2149 Ephem.
240 2099 316 2138 Ien.
357 2102 466 2142 1817
509 2115 565 2140 nr.
609 2100 690 2143 165

40 2167 124 2204 pag.
145 2157 240 2198 382.
297 2156 404 2201 Quae
423 2157 454 2194 si
471 2162 569 2197 recte
584 2162 691 2197 erunt

38 2211 242 2262 disputata,
271 2214 382 2251 verba
401 2213 521 2267 χωρὶς
554 2211 597 2254 δὲ
615 2215 690 2255 τοῦ

39 2264 169 2319 φόρου
188 2273 293 2307 erunt
308 2270 547 2320 intelligenda
564 2273 612 2310 de
631 2285 692 2310 se-

39 2325 156 2362 cundo
184 2326 414 2364 vexationum
453 2329 552 2377 quod
579 2329 690 2366 modo

41 2381 246 2430 posuimus,
275 2396 435 2431 genere,
464 2385 503 2422 in
529 2397 604 2435 quo
632 2389 690 2423 ta-

39 2448 123 2474 men
137 2438 219 2488 ipso
237 2440 430 2488 singularis
449 2442 604 2479 offendit
621 2455 690 2478 nu-

40 2504 181 2541 merus,
209 2496 308 2532 cuius
328 2497 408 2534 loco
438 2510 556 2547 aeque
579 2503 691 2547 atque

41 2548 77 2584 in
96 2552 391 2590 antecedentibus
421 2554 498 2592 iure
514 2554 690 2605 pluralem

43 2610 249 2654 exspectare
266 2613 424 2658 poteras.
469 2610 550 2648 Nec
572 2612 691 2648 minus

43 2658 209 2710 displicet
228 2664 390 2703 eiusdem
408 2667 564 2704 nominis
582 2681 690 2718 repe-

42 2716 120 2752 titio
167 2718 216 2754 ad
249 2721 427 2759 diversam
459 2723 689 2762 indicandam

42 2784 129 2808 rem.
158 2771 284 2823 Itaque
300 2777 335 2814 in
354 2791 398 2815 ea
417 2779 588 2829 opinione
605 2794 690 2831 per-

45 2827 170 2866 sistere
194 2831 334 2880 malim,
363 2838 402 2871 ut
429 2837 540 2873 verba
572 2835 691 2889 χωρὶς

45 2879 88 2923 δὲ
113 2886 183 2925 τοῦ
202 2882 352 2941 φόρου,
383 2895 443 2930 aut
463 2897 560 2932 certe
582 2906 691 2933 vocu-

762 915 834 953 lam
862 911 929 966 φό
943 931 1035 969 ρον
1064 928 1087 954 a
1117 914 1323 965 glossatore
1354 917 1420 955 ali-

762 985 836 1021 quo
857 974 967 1010 modo
998 973 1109 1011 textui
1128 973 1303 1010 intrusam
1336 987 1420 1013 esse

761 1033 907 1079 putem,
936 1030 1183 1079 mendumque
1211 1029 1331 1079 ipsum
1350 1043 1421 1068 no-

762 1089 861 1122 stros
881 1086 1118 1123 Herodoteos
1137 1086 1248 1123 libros
1273 1092 1420 1125 antece-

762 1142 860 1179 dere.
919 1142 1016 1179 Nam
1033 1143 1081 1179 ad
1106 1142 1350 1191 tautologias,
1381 1145 1420 1181 in

761 1197 954 1235 Herodoto
976 1199 1053 1235 illas
1081 1198 1226 1247 quidem
1247 1200 1419 1249 frequen-

762 1259 818 1290 tes
842 1255 971 1292 haecce
993 1259 1030 1291 ut
1046 1255 1220 1301 reseram,
1242 1258 1418 1304 quemad—

762 1311 910 1346 modum
939 1310 1074 1360 placuit
1097 1310 1142 1348 V.
1158 1311 1205 1348 D.
1228 1310 1418 1351 Letronne

761 1366 901 1414 (lourn.
935 1368 970 1403 d.
995 1368 1080 1404 δᾶν.
1124 1369 1232 1408 1817
1272 1381 1309 1418 1)-
1341 1369 1416 1418 49)

761 1424 984 1473 comparanti
1007 1424 1096 1471 VII,
1117 1427 1182 1465 16.
1202 1426 1279 1472 39,
1309 1438 1332 1463 a
1357 1439 1418 1464 me

761 1480 956 1531 impetrare
976 1480 1074 1518 haud
1088 1481 1204 1531 potui.

820 1531 1037 1587 Κυαξάρης
1079 1551 1120 1576 τε
1161 1536 1229 1576 καὶ
1273 1540 1417 1590 Μῆδοι

762 1592 1027 1640 ξεινίσαντες]
1067 1593 1334 1642 ξεινίσαντες
1378 1601 1417 1634 ut

762 1650 881 1698 magis
926 1650 1088 1688 Ionicum
1140 1664 1237 1689 nunc
1278 1653 1355 1690 iure
1395 1667 1418 1691 e

764 1706 1115 1744 Schellershemiano
1145 1708 1240 1745 libro
1273 1709 1418 1759 alioque

762 1762 930 1800 Parisino
948 1764 1096 1801 editum.
1153 1764 1275 1814 Vulgo
1303 1766 1416 1813 ξενί-

763 1831 912 1866 σαντες.

818 1874 886 1915 καὶ
922 1873 996 1927 τήν
1024 1890 1066 1915 τε
1107 1879 1239 1917 Νῖνον
1285 1874 1415 1931 εἷλον]

762 1932 871 1970 Conf.
894 1946 976 1970 cum
999 1932 1054 1970 his
1072 1933 1254 1972 Herodot.
1275 1935 1304 1983 I,
1322 1938 1415 1977 178.

763 1991 856 2032 183.
891 1990 1137 2038 Hieronymus
1164 1991 1202 2029 in
1233 1992 1417 2030 Chronico

760 2057 782 2083 a
800 2046 969 2095 Cyaxare
985 2046 1099 2084 Medo
1114 2046 1252 2085 Ninum
1271 2050 1416 2087 subver-

758 2115 834 2139 sam
854 2116 937 2140 esse
958 2117 1039 2140 cum
1058 2105 1202 2153 scribit,
1234 2105 1417 2145 Graecum

757 2160 971 2197 vocabulum
993 2155 1094 2200 εἷλεν
1115 2162 1201 2209 (i.e.
1215 2163 1329 2214 cepit)
1340 2165 1417 2201 for-

757 2228 825 2253 san
844 2216 914 2254 hoc
932 2217 1044 2254 modo
1070 2219 1241 2256 reddidit.
1301 2219 1416 2258 Tem-

759 2285 829 2323 pus
849 2286 958 2320 vero,
988 2287 1062 2323 quo
1082 2274 1202 2312 Ninus
1231 2281 1341 2328 capta
1358 2278 1416 2315 su·-

756 2329 833 2368 isse
851 2330 1085 2380 perhibetur,
1112 2331 1318 2371 Larcherus
1339 2338 1416 2371 sta-

756 2386 826 2423 tuit
848 2399 933 2424 ann.
954 2388 1037 2428 603
1059 2400 1092 2425 a.
1113 2389 1201 2426 Chr.
1238 2389 1414 2428 Volneius

758 2442 841 2484 597
868 2456 901 2481 a.
933 2444 1020 2481 Chr.
1049 2457 1086 2482 n.
1132 2444 1264 2496 Nuper
1289 2447 1417 2484 admo-

758 2500 846 2537 dum
864 2499 1028 2550 pluribus
1068 2501 1106 2538 in
1138 2502 1229 2540 haec
1263 2503 1416 2553 inquisi—

757 2556 808 2592 vit
829 2556 947 2593 Graff.
967 2557 1005 2594 in
1021 2563 1305 2608 programmate,
1316 2562 1417 2610 quod

757 2613 895 2663 prodiit
919 2613 1096 2652 VVetzlar.
1120 2617 1229 2657 1828
1257 2629 1343 2666 pag.
1362 2620 1413 2660 11

759 2682 864 2719 seqq.
904 2670 1041 2707 Ninum
1070 2684 1093 2708 a
1112 2672 1280 2720 Cyaxare
1312 2687 1415 2711 ever—

758 2738 837 2763 sam
861 2739 945 2764 esse
972 2729 1181 2776 contendit,
1211 2742 1308 2767 anno
1331 2733 1416 2772 606

758 2795 790 2819 a.
812 2783 899 2820 Chr.
923 2795 958 2820 n.
1455 2835 1457 2837 q

814 2837 857 2878 ἐν
878 2837 1043 2892 ἑτέροισι
1062 2837 1212 2891 λόγοισι
1229 2839 1414 2892 δηλώσω]

759 2895 893 2934 lterum
912 2896 950 2946 1,
973 2897 1053 2940 184
1082 2898 1169 2935 dicit
1194 2911 1235 2937 se
1254 2897 1416 2947 Babylo-
