1814 3315
342 252 423 293 164

341 357 513 416 Κρήτης
541 351 782 411 ἀγαγέσθαι
812 353 959 395 ταῦτα.

287 539 323 573 et
352 529 512 581 Lycurgi
532 527 798 578 legislationem
822 528 936 566 inter-

286 591 414 628 cedere
440 588 625 633 dicantur3
669 586 719 622 ita
747 589 808 631 ut,
836 584 935 622 Leo-

286 647 371 684 bota
391 645 558 691 adeoque
576 641 651 678 eius
671 640 743 678 filio
769 641 935 690 Dorysso

285 704 460 750 regnante
478 712 525 735 ne
546 702 652 734 natus
676 698 824 746 quidem
853 711 936 735 esse

285 757 443 809 potuerit
460 755 663 803 Lycurgus.
693 754 936 799 Marshfflnus,

285 827 357 864 quo
394 811 626 848 Herodotum
666 811 938 858 quodammodo

287 868 491 908 conciliaret
509 880 588 904 cum
610 866 825 916 reliquorum
852 866 939 903 scri-

284 931 429 977 ptorum
447 923 684 970 testimoniis,
714 926 852 960 mutata
875 935 939 958 vo-

285 995 365 1019 cum
402 980 697 1018 Herodotearum
733 979 824 1015 sede
864 977 938 1027 legi

283 1038 375 1075 vult:
406 1030 744 1087 ἐπιτροπεύσαντα
767 1029 934 1083 ἀδελφι-

284 1093 377 1134 δέου
401 1091 473 1144 μὲν
504 1092 678 1137 ἑωυτοῦ,
710 1088 937 1142 βασιλεύον-

283 1165 350 1197 τος
380 1148 423 1189 d}
454 1147 733 1200 Σπαρτιητέων
764 1144 937 1198 Λεωβώ-

283 1221 379 1254 τεω,
417 1210 458 1243 ut
481 1205 672 1254 Lycurgus
706 1205 813 1241 suerit
840 1209 938 1241 tutor

282 1264 348 1300 filii
366 1262 488 1299 fratris
521 1261 596 1307 sui,
633 1261 802 1297 Leobota
822 1262 938 1309 Spar-

283 1319 379 1356 tanis
419 1331 507 1366 regc
555 1318 764 1367 imperante.
831 1317 938 1359 Quae

283 1375 377 1412 ratio
402 1375 433 1411 si
452 1374 611 1424 placeat,
641 1386 757 1410 novae
784 1372 937 1409 difficul-

284 1435 380 1468 tates
399 1431 605 1468 exorientur
625 1434 860 1478 etemporum
878 1442 937 1465 ra-

284 1488 385 1525 tione
433 1487 492 1524 vix
537 1485 802 1532 conciliandae,
843 1497 938 1534 quae

283 1542 490 1592 Lycurgum
536 1546 702 1591 tempore
746 1541 938 1579 Leobotae

284 1600 418 1637 vixisse
464 1598 686 1647 tutelamque
733 1598 937 1635 exercuisse

285 1656 432 1693 minime
461 1655 658 1705 patiuntur.
716 1653 813 1691 Nam
841 1653 936 1689 Lar-

284 1710 430 1749 cherum
461 1711 493 1747 si
522 1723 732 1759 sequamur,
770 1709 934 1746 Labotas

284 1780 330 1805 ex
363 1767 709 1816 Eurysthenidarum
758 1766 936 1815 progenie

284 1824 449 1872 regnavit
464 1823 550 1860 inde
577 1824 622 1859 ab
643 1835 738 1859 anno
766 1823 871 1864 1035
900 1835 933 1858 a.

285 1880 372 1916 Chr.
381 1887 448 1930 per
457 1879 699 1928 quadraginta
708 1892 823 1915 annos
835 1891 935 1916 eum-

286 1948 357 1985 que
384 1940 527 1973 seeutus
559 1935 746 1983 Doryssus
776 1936 935 1983 quadra-

285 1992 386 2040 ginta
410 1992 481 2028 duo
510 2004 626 2040 usque
653 1992 701 2027 ad
728 1991 830 2037 953,
862 2004 934 2040 quo

284 2047 366 2098 ipso
377 2060 471 2083 anno
481 2046 697 2096 AgesilausI
717 2048 764 2083 ad
780 2060 932 2095 regnum

285 2107 429 2140 evectus
449 2106 516 2141 est.
552 2102 745 2151 Lycurgus
764 2116 850 2140 vero
867 2116 934 2140 na-

285 2163 344 2195 tus
374 2163 430 2196 est
463 2161 546 2200 924
575 2171 608 2194 a.
635 2159 734 2205 Chr„
764 2164 801 2196 et
821 2161 934 2197 frater

285 2214 501 2263 Polydectes
521 2213 622 2262 954,
652 2215 715 2264 qui
729 2220 834 2264 patre
856 2215 933 2251 Eu-

285 2282 396 2307 nomo
418 2271 604 2308 interfecto
621 2298 632 2317 ‚
671 2283 823 2319 regnum
849 2273 932 2312 912

284 2330 494 2377 susceptum
519 2339 586 2375 per
613 2326 740 2375 viginti
777 2331 933 2376 quatuor

284 2394 402 2418 annos
432 2383 557 2419 tenuit.
621 2382 805 2420 Successit
838 2383 931 2420 filius

285 2438 465 2475 Chai-illus
481 2450 577 2475 anno
599 2438 680 2479 888
691 2467 702 2485 ‚
717 2451 758 2475 ac
777 2451 931 2487 regnum

285 2494 399 2531 tenuit
412 2493 582 2542 Lycurgo
601 2498 720 2531 tutore
741 2507 808 2544 per
826 2507 931 2532 sexa-

283 2549 387 2598 ginta
405 2554 560 2598 quatuor
578 2562 706 2586 annos
762 2550 848 2600 Ipsa
866 2563 929 2587 ve-

282 2618 326 2642 ro
349 2604 508 2654 Lycurgi
530 2605 708 2654 legislatio
738 2606 862 2643 incidit
890 2607 928 2644 in

283 2674 418 2699 annum
437 2663 517 2702 866
528 2674 538 2706 3
575 2662 689 2698 tribus
702 2666 789 2712 post
807 2663 925 2709 annis,

283 2718 380 2763 863,
401 2716 579 2754 Charinus
600 2717 711 2754 tutela
727 2718 924 2755 dimittitur.

282 2772 387 2810 Haec
404 2772 627 2820 Larcherus‚
653 2773 715 2822 qui
735 2773 820 2810 nihil
838 2787 925 2811 cun-

282 2832 399 2867 ctatus
430 2828 468 2865 in
488 2828 702 2866 Herodoteo
731 2834 830 2866 textu
855 2841 923 2879 pro

282 2880 511 2936 Λεωβώτεω
537 2889 710 2923 mutatum
742 2885 816 2923 »νὴ
841 2888 920 2924 Xa-

738 241 1213 280 HERODOTI

1021 349 1080 402 ὡς
1107 349 1191 407 γάρ
1215 348 1503 406 ἐπετρόπευσε
1531 348 1605 393 τά·

1002 525 1136 578 ρίλλου
1166 526 1294 576 (prout
1315 526 1386 562 iam
1414 524 1550 562 dudum
1581 523 1684 575 pla-1

1002 588 1126 621 cuerat
1144 583 1322 630 Buherio)
1353 582 1463 630 idque
1484 583 1603 631 ipsum
1623 582 1660 617 in

1003 640 1117 677 altera
1139 639 1317 675 versionis
1339 638 1498 675 editione
1511 651 1659 688 expres-

1004 698 1070 743 sit,
1101 708 1211 744 quum
1244 696 1281 731 in
1311 695 1423 744 priori
1461 693 1662 731 Marshami

1004 752 1243 798 sententiam,
1264 764 1359 800 quae
1381 751 1489 788 etiam
1510 750 1660 788 wesse-

1006 808 1118 857 lingio
1139 820 1213 843 non
1237 821 1386 857 prorsus
1415 807 1662 857 displicuerat,

1007 869 1151 901 secutus
1178 867 1288 901 esset.
1346 863 1430 899 vid.
1462 867 1537 900 not.
1567 863 1662 899 Lar-

1007 921 1102 958 cher.
1124 920 1172 956 ad
1190 920 1224 956 h.
1242 919 1263 955 l.
1289 922 1325 955 et
1346 918 1451 967 plura
1469 919 1506 955 in
1526 919 1561 955 T
1564 919 1658 955 abul.

1007 975 1231 1023 Chronolog.
1252 975 1299 1011 T.
1319 974 1387 1011 VH
1409 988 1445 1024 p.
1464 974 1545 1016 489
1554 987 1659 1024 seqq.

1004 1033 1080 1069 Sed
1103 1034 1206 1069 testis
1228 1031 1398 1079 vulgatae
1421 1032 1520 1080 apud
1536 1031 1659 1068 Hero-

1004 1090 1129 1125 dotum
1163 1088 1329 1125 lectionis
1362 1087 1482 1124 existit
1518 1087 1660 1124 Pausa-

1004 1146 1084 1182 nias
1102 1144 1173 1192 111,
1197 1143 1331 1194 2§.3:
1364 1142 1464 1183 ἔτεσι
1485 1141 1528 1182 δὲ
1548 1139 1659 1182 ὅστε-

1006 1216 1078 1251 ρον
1117 1196 1165 1240 οὕ
1205 1203 1367 1247 πολλοῖς
1410 1196 1607 1250 Λαβώτας
1636 1197 1662 1239 ὅ

1000 1253 1256 1308 Ἐχεστράτου
1288 1253 1361 1307 τήν
1391 1252 1519 1308 α’ρχήν
1548 1255 1660 1307 ἔσχεν

1005 1313 1047 1353 ἐν
1065 1309 1256 1379 Σπάρτῃ·
1298 1315 1441 1352 τοῦτον
1469 1310 1538 1353 τὸν
1565 1317 1660 1353 Λα-

1005 1366 1172 1421 βώταν
1195 1355 1477 1440 Ἡρόδοτος
1505 1368 1560 1409 ἐν
1590 1384 1661 1438 *rgo¹

1005 1423 1138 1480 λόγῳ
1168 1428 1225 1480 τῷ
1250 1426 1290 1473 ἐς
1308 1428 1537 1478 Κροῖσον
1559 1422 1661 1465 v‘nd

1005 1468 1321 1547 Λυκούργου
1370 1485 1463 1522 τοῦ
1498 1481 1659 1552 1ἀθεμέ·

1005 1555 1095 1579 νου
1123 1536 1217 1586 τούς
1239 1535 1386 1590 νόμους
1411 1552 1536 1590 φησιν
1558 1538 1658 1578 ἐπι-

1003 1598 1374 1660 τροπευθηναι
1394 1593 1594 1634 παῖδα’
1580 1592 1657 1635 όν-

1003 1667 1081 1700 τα,
1110 1648 1339 1703 Λεωβώτην
1366 1650 1408 1690 δέ
1436 1651 1477 1691 οἱ
1502 1652 1658 1691 τίθεται

1002 1706 1046 1748 τὸ
1071 1705 1197 1758 ὄνομα
1224 1708 1292 1748 καὶ
1323 1703 1372 1747 οὕ
1395 1705 1598 1760 Λαβώταν
1620 1723 1656 1748 κ.

1002 1780 1034 1804 τ.
1054 1767 1088 1803 λ.
1132 1765 1248 1802 Cuius
1272 1765 1457 1815 scriptoris
1491 1769 1657 1816 tempore

1002 1822 1072 1858 nisi
1105 1821 1289 1859 Herodoti
1328 1821 1546 1871 exemplaria
1583 1822 1656 1859 iam

1003 1879 1203 1928 depravata
1222 1891 1305 1916 esse
1324 1878 1478 1924 dixeris,
1491 1878 1548 1915 vix
1569 1877 1655 1916 inde

1002 1935 1187 1984 expedies.
1246 1934 1296 1971 Et
1314 1938 1439 1971 narrat
1464 1933 1655 1972 Philemon

1001 2003 1060 2041 ap.
1087 1990 1265 2040 Porphyr.
1294 1991 1461 2034 Quaestt.
1483 1990 1653 2029 Homerr.

1000 2051 1077 2084 sect
1131 2047 1164 2084 ἶ
1167 2047 1216 2084 lll
1253 2047 1330 2084 init.
1379 2043 1506 2086 πολλὰ
1537 2045 1655 2113 φέρε-

1002 2107 1101 2142 σθαι
1137 2102 1249 2156 μέχρι
1277 2119 1355 2142 νυν
1391 2099 1654 2156 αμαρτήματα

998 2174 1098 2198 κατα
1134 2157 1209 2209 τήν
1238 2155 1447 2210 Ἡροδότου
1490 2171 1655 2212 συγγρα-

1000 2212 1099 2266 φήν.
1148 2217 1260 2259 Quod
1279 2218 1311 2253 si
1332 2217 1401 2254 hoe
1419 2216 1499 2254 loco
1519 2217 1652 2265 valeat,

998 2273 1097 2309 idem
1125 2272 1203 2308 aliis
1237 2285 1384 2322 quoque
1411 2272 1522 2321 locis,
1559 2286 1652 2323 quo-

998 2341 1078 2365 rum
1100 2328 1170 2365 iam
1196 2328 1335 2377 aliquot
1354 2330 1561 2378 attigimus,
1589 2329 1653 2367 ubi

998 2383 1203 2433 corruptela
1228 2390 1375 2421 nostros
1398 2385 1510 2422 libros
1539 2398 1651 2424 manu

998 2441 1153 2490 scriptos
1174 2442 1391 2479 antecedere
1407 2442 1561 2489 videtur,
1581 2443 1651 2480 erit

997 2497 1239 2533 statuendum.
1306 2496 1489 2546 Equidem
1525 2501 1649 2535 tamen

996 2549 1120 2601 ἐπέχω
1134 2582 1145 2599 ,
1184 2564 1253 2588 nec
1278 2551 1316 2588 in
1345 2557 1448 2589 tanto
1473 2552 1649 2592 librorum

995 2620 1176 2645 consensu
1201 2607 1398 2656 quidquam
1423 2614 1564 2647 mutare
1582 2622 1648 2647 au-

994 2663 1122 2710 deam,
1140 2665 1353 2713 praesertim
1372 2678 1452 2702 eum
1470 2666 1578 2702 etiam
1599 2666 1648 2703 de

992 2719 1072 2768 ipsa
1100 2718 1259 2767 Lycurgi
1279 2720 1392 2771 stirpe
1417 2721 1580 2758 diversas
1607 2722 1646 2760 in

990 2779 1113 2825 partes
1135 2775 1234 2812 abire
1246 2776 1387 2813 videam
1404 2782 1544 2816 veteres
1555 2778 1646 2816 scri-

988 2835 1136 2880 ptores,
1167 2844 1322 2880 quorum
1342 2837 1447 2881 sunt,
1478 2833 1644 2882 quiPry-

987 2891 1109 2925 tanem
1131 2887 1208 2925 eius
1227 2893 1370 2938 patrem
1389 2893 1550 2936 narrent,
1575 2889 1640 2926 ali-
