1805 3315
345 247 428 288 108
770 246 1240 285 HERODOTI

344 359 422 415 βῳ.
479 359 671 412 Κροῖσος
700 357 745 401 δὲ
777 357 843 401 ἐπὶ
867 358 947 400 δύο
985 357 1078 400 ἔτεα
1104 356 1150 400 ἐν
1179 356 1331 400 πένθεϊ
1357 354 1528 412 μεγάλῳ
1560 369 1632 397 κοι-

344 439 508 491 θῆστο,
538 440 619 480 τοῦ
646 435 803 487 παιδὸς
833 435 1121 492 ἐστερημένος.

228 498 296 543 46

57 561 177 589 Duobus
214 564 299 591 anilis

24 600 107 630 post,
149 596 246 624 Medis
281 606 296 624 a

25 631 104 663 Cyro
123 629 248 658 devictis
261 631 306 668 [1‚

24 663 88 697 128]
120 664 248 691 Croesus
267 665 305 694 de
673 688 683 701 1
829 671 834 678 “
854 696 870 703 -

21 696 303 764 ξὲτεζτὲίἷιιμΰίιέῧέῗη-
363 694 406 734 ἐν
425 694 571 733 πένθεϊ
585 696 738 745 μεγαλῳ
759 696 955 744 καθηστο]

23 765 148 793 oracula
171 765 271 801 explo-
307 752 446 789 Omnes
480 751 560 787 libri
593 752 808 800 καθῆστο,
856 751 956 799 quod

456 515 584 558 Μετὰ
614 515 681 568 δὲ,
711 514 738 572 ἡ
766 514 1018 571 Ἀστυάγεος
1049 519 1130 560 τοῦ
1162 513 1394 570 Κυαξάρεω
1424 513 1676 571 ἡγεμονίη95

1026 696 1111 732 dem
1139 708 1212 731 non
1232 696 1426 745 perspicio,
1484 692 1675 731 Meliorem

1025 751 1197 789 Volneius
1228 752 1312 787 inihi
1339 751 1539 788 instituisse
1576 749 1675 785 vide-

1023 812 1081 844 tur
1111 809 1418 857 computationem
1451 808 1487 843 in
1510 806 1675 843 Chrono-

22 801 82 826 m‘·
303 811 343 844 in
378 809 589 857 κατῆσθω
628 807 841 843 mutandum
873 819 955 843 esse

297 868 450 914 propter
468 859 688 912 κατήμενος
702 891 711 909 ,
742 862 812 899 alia
831 863 869 897 id
888 875 953 910 ge-

299 932 388 966 nus,
417 919 490 955 iam
510 919 557 955 ad
575 918 615 964 Ι,
630 918 682 958 43
695 918 833 955 censuit
843 917 953 954 Wes-

300 975 492 1023 selingius,
530 986 745 1023 comparans
774 973 846 1020 Ill,
875 975 953 1021 833

301 1045 373 1080 quo
392 1032 522 1068 eodem
549 1032 588 1066 in
616 1030 696 1066 loco
731 1031 855 1080 scripti
874 1030 953 1066 libri

301 1089 511 1137 conspirant
523 1087 560 1123 in
572 1086 725 1124 lectione
743 1102 792 1124 κα
804 1091 833 1124 ι’)
844 1089 950 1136 ἧστο,

302 1144 394 1181 male
415 1156 436 1180 a
454 1143 583 1180 Reizio
603 1147 742 1179 mutata
762 1144 799 1179 in
817 1158 867 1180 κα
880 1145 951 1193 τῆ-

303 1212 382 1239 στο.
443 1199 660 1237 Schaeferus
694 1204 848 1248 utroque
874 1199 952 1236 loco

302 1256 448 1306 scripsit
476 1258 700 1306 κατῆσθο,
731 1257 954 1294 assentiente

302 1312 670 1361 Schweighaeusero,
700 1325 807 1361 quem
832 1317 954 1350 tamen

300 1373 387 1420 post
406 1369 491 1405 sacti
512 1369 698 1418 poenituit.
738 1369 863 1412 Quare
886 1382 954 1405 nos

301 1439 382 1462 cum
402 1425 518 1461 Gaisf.
538 1425 715 1462 etMatth.
736 1425 955 1462 inlibrorum

300 1481 456 1519 lectione
485 1482 792 1531 adquiescendum
811 1483 955 1532 putavi-

300 1550 392 1574 mus.

358 1596 533 1645 Κροῖσος
555 1591 598 1633 δὲ
624 1592 689 1633 ἐπὶ
711 1590 785 1634 δύο
808 1592 892 1633 ἔτεα
910 1593 953 1634 ἐν

299 1649 446 1690 πένθεϊ
466 1646 621 1704 μεγάλῳ
641 1649 844 1702 καθῆστο]
875 1651 951 1689 Va-

299 1707 350 1745 let
366 1707 421 1744 hic
440 1706 540 1743 locus
555 1708 603 1743 ad
620 1711 825 1757 temporum
842 1708 954 1744 ratio—

298 1777 365 1802 nes
392 1763 590 1800 accuratius
626 1764 875 1811 definiendas,
915 1764 954 1801 in

301 1821 433 1869 quibus
452 1821 599 1856 omnino
620 1820 717 1857 haud
739 1833 870 1870 parvas
884 1821 953 1857 dis-

301 1876 481 1913 ficultates
500 1876 625 1913 crebro
656 1878 754 1926 aqud
773 1876 953 1914 Nostrum

297 1933 473 1982 reperiri,
512 1932 583 1969 iam
622 1946 733 1983 supra
759 1934 807 1969 ad
833 1933 870 1980 I,
898 1935 952 1974 30

301 1989 547 2025 indicavimus.
593 1988 815 2026 Larcheruni
835 1990 852 2031 (
856 1989 891 2025 Τ
894 1991 950 2026 ab.

300 2044 460 2081 chronol.
483 2058 512 2080 s,
541 2044 650 2082 Tom.
670 2046 737 2081 HI
762 2059 847 2095 pag.
870 2046 951 2087 205

300 2102 437 2149 seqq.)
467 2101 499 2135 si
531 2114 742 2149 sequamur,
792 2102 952 2139 Croesus

300 2156 411 2192 filiuni
440 2157 559 2192 amisit
583 2170 678 2193 anno
711 2158 792 2199 560
823 2170 842 2193 a
864 2158 949 2195 Chr.

300 2217 337 2249 et
360 2213 524 2261 proximo
564 2213 708 2250 demum
744 2227 840 2250 anno
868 2219 952 2263 post

300 2272 441 2318 patrem
451 2274 631 2306 mortuum
644 2271 692 2306 ad
709 2283 860 2317 reguum
873 2272 952 2319 ipse

303 2328 447 2362 evectus
484 2330 560 2372 est,
591 2326 672 2367 559
701 2339 731 2362 a.
754 2327 839 2363 Chr.
871 2340 952 2362 cum

301 2384 429 2427 antea,
451 2381 536 2418 inde
557 2382 601 2418 ab
619 2396 715 2418 anno
735 2384 837 2430 574,
859 2383 954 2432 patn'

301 2437 492 2473 adiunctus
513 2438 642 2475 fuisset
668 2439 807 2487 collega
836 2440 872 2474 iu
894 2452 951 2476 re-

299 2505 374 2541 gno
401 2494 687 2531 administrando
714 2500 750 2532 et
771 2508 843 2531 una
873 2508 951 2531 cum

299 2548 359 2585 illo
416 2551 666 2599 expeditiones
718 2552 950 2600 suscepisset.

301 2605 413 2648 Quod
431 2607 616 2655 quomodo
637 2620 681 2644 ex
695 2607 876 2643 Herodoti
898 2608 952 2643 lo-

299 2674 342 2698 CO
371 2661 408 2708 Ῑ,
442 2665 496 2704 26
545 2660 878 2714 (τελευτήσαντος
908 2661 949 2702 δὲ

297 2712 536 2766 Ἀλυάττεω,
568 2718 765 2767 ἐξεδέξατο
786 2716 859 2770 τὴν
880 2721 949 2771 βα-

301 2774 460 2825 σιληΐην
486 2777 659 2826 Κροῖσος
686 2772 947 2820 ὂἈλυάττεω,

302 2828 420 2869 ἐτέων
451 2827 529 2870 {aiv
551 2830 710 2883 ἡλικίην
741 2832 854 2871 πέντε
882 2831 950 2871 καὶ

301 2881 539 2938 τριήκοντα)
567 2890 659 2928 effici
687 2894 817 2940 queat,
847 2890 950 2940 equi-

1022 864 1094 912 log.
1116 864 1294 901 Herodot.
1315 876 1400 912 pag.
1422 864 1476 904 33
1498 875 1601 911 seqq.
1620 864 1673 902 41

1021 932 1125 968 seqq.
1175 921 1266 956 Cuui
1290 919 1385 956 enim
1405 918 1580 967 Astyagis
1607 918 1674 954 im-

1020 976 1159 1025 perium
1205 988 1227 1011 a
1255 976 1353 1023 Cyro
1391 988 1556 1012 eversum
1593 986 1675 1011 esse

1022 1035 1163 1069 constet
1179 1044 1274 1067 anno
1294 1033 1372 1072 561
1397 1044 1428 1067 a.
1450 1031 1535 1067 Chr.
1547 1060 1558 1077 ‚
1588 1029 1674 1067 inde

1020 1088 1078 1125 ille
1098 1087 1299 1135 concludit,
1337 1087 1552 1125 Herodoteo
1587 1099 1675 1123 con-

1020 1145 1108 1181 fisus
1145 1145 1370 1190 testimonio,
1418 1143 1560 1179 duobus
1589 1147 1675 1180 ante

1021 1202 1148 1247 annis,
1186 1201 1224 1236 id
1251 1205 1307 1237 est
1347 1202 1426 1242 563
1456 1212 1488 1236 a.
1519 1199 1606 1236 Chr.
1635 1212 1671 1235 n.

1022 1258 1151 1294 Croesi
1162 1257 1273 1294 filium
1295 1256 1409 1293 fuisse
1430 1256 1671 1293 interfectum.

1021 1313 1117 1351 Ante
1143 1314 1248 1350 huius
1282 1313 1419 1349 obitum
1444 1326 1524 1349 cum
1551 1312 1673 1349 Hero-

1023 1371 1130 1407 dotus
1150 1375 1265 1420 ponat
1294 1373 1330 1406 et
1359 1368 1505 1406 bellicas
1543 1369 1672 1405 Croesi

1023 1427 1274 1477 expeditiones
1286 1455 1296 1473 ‚
1309 1429 1345 1463 et
1363 1425 1578 1473 colloquium
1591 1438 1670 1461 cum

1022 1483 1158 1520 Solone
1177 1483 1337 1519 habitum
1356 1482 1476 1530 (quod
1490 1481 1581 1518 circa
1590 1481 1672 1522 570

1022 1552 1054 1577 a.
1067 1540 1152 1576 Chr.
1164 1552 1198 1575 n.
1210 1538 1443 1589 probabiliter
1450 1538 1672 1587 posuimus),

1022 1597 1094 1633 iam
1114 1595 1228 1632 multo
1254 1600 1338 1632 ante
1362 1607 1513 1631 necesse
1540 1598 1595 1631 est
1613 1607 1671 1631 re—

1018 1665 1132 1702 gnum
1159 1652 1319 1689 Croesus
1345 1650 1556 1700 susceperit.
1601 1648 1672 1686 Ac—

1021 1709 1116 1746 cedit
1144 1708 1295 1754 Pittaci,
1332 1719 1441 1756 quem
1471 1719 1567 1743 anno
1589 1705 1672 1747 570

1021 1778 1053 1803 a.
1086 1765 1173 1802 Chr.
1197 1769 1376 1800 mortuum
1407 1776 1490 1800 esse
1527 1763 1672 1809 scimus,

1021 1835 1101 1858 cum
1135 1821 1276 1857 Croeso
1310 1819 1580 1865 commercium,
1610 1832 1671 1855 ac·-

1021 1879 1154 1915 cedunt
1176 1877 1265 1925 alia,
1295 1877 1345 1913 ad
1354 1876 1534 1913 Pisistrati
1555 1875 1670 1912 domi-

1018 1935 1207 1971 nationem
1256 1946 1350 1983 quae
1403 1932 1608 1982 pertinent,
1648 1943 1671 1967 a

1018 1991 1174 2027 Volneio
1193 1990 1327 2028 utiliter
1343 1989 1485 2040 prolata
1497 2018 1508 2036 ⁷
1538 1988 1669 2037 quibus

1020 2048 1173 2085 efficitur
1193 2047 1322 2084 Croesi
1341 2058 1495 2095 regnum
1513 2045 1584 2081 iam
1605 2056 1670 2081 an-

1017 2118 1066 2140 110
1084 2104 1161 2145 571
1181 2116 1212 2139 a.
1225 2104 1310 2140 Chr.
1330 2103 1468 2139 initium
1487 2100 1668 2138 habuisse.

1017 2160 1137 2209 Atque
1181 2160 1275 2196 hanc
1326 2159 1543 2197 sententiam
1589 2157 1669 2193 aliis

1019 2230 1164 2265 (pioque
1206 2216 1408 2253 rationibus
1445 2213 1671 2252 confirmavit

1019 2273 1176 2308 Schultz.
1214 2274 1249 2309 in
1278 2271 1415 2321 Appar.
1449 2272 1497 2307 ad
1522 2269 1667 2306 Annall.

1019 2329 1110 2365 critt.
1139 2342 1224 2365 rerr.
1246 2330 1396 2365 Graece.
1425 2327 1516 2374 (Kil.
1542 2327 1669 2375 1826)

1018 2398 1103 2434 pag.
1130 2387 1323 2425 19-21,
1381 2383 1603 2421 Praesertim
1622 2383 1670 2419 de

1018 2440 1173 2488 Alyattis
1207 2442 1263 2477 hic
1288 2444 1412 2477 monet
1434 2452 1567 2487 regn03
1606 2439 1669 2487 qui

1019 2509 1097 2532 cuin
1118 2497 1227 2533 vitam
1248 2497 1340 2532 ultra
1359 2509 1493 2532 annum
1521 2495 1603 2536 565
1634 2506 1666 2531 a.

1019 2552 1104 2588 Chr.
1144 2554 1346 2602 producere
1382 2564 1458 2587 non
1496 2550 1668 2600 potuerit,

1019 2609 1179 2645 Croesus
1200 2621 1242 2646 ex
1264 2608 1445 2645 Herodoti
1465 2612 1586 2644 mente
1601 2618 1668 2656 pa-

1017 2664 1063 2700 tri
1102 2665 1319 2702 successisse
1357 2665 1572 2701 statuendus
1612 2667 1669 2700 est

1017 2725 1102 2757 aute
1125 2722 1203 2762 561
1226 2733 1257 2756 a.
1280 2720 1365 2756 Chr.
1386 2734 1422 2757 n.
1455 2721 1563 2757 Cont'.
1587 2720 1666 2758 He-

1015 2778 1134 2814 rodot.
1158 2777 1192 2824 1,
1212 2780 1265 2817 92
1286 2777 1347 2812 fin.

1206 2834 1317 2882 Cap.
1349 2832 1480 2870 XLVI.

1075 2887 1170 2941 μετοέ
1195 2887 1256 2938 δὲ,
1280 2887 1307 2940 ἡ
1333 2884 1562 2942 Ἀστυάγεος
1591 2892 1667 2930 τοῦ
