1768 3315
635 220 848 261 CLIO.
906 222 934 261 Ι.
1333 229 1417 270 247

150 334 333 392 ἤρξαντο
362 329 650 374 ἀπίστασθαι·
693 331 768 374 καί
795 346 882 383 κως
910 326 1037 376 οὗτοι
1065 334 1164 389 περὶ
1193 337 1270 391 τῆς
1299 335 1414 380 ἐλευ-

149 414 301 468 θερίης
327 407 613 467 μαχεσάμενοι
641 414 754 453 τοῖσι
773 408 1067 467 Ἀσσυρίοισι,
1100 412 1302 468 ἐγένοντο
1332 414 1438 458 εἶὲν-Ι

146 494 244 547 δρες
270 489 455 546 ἀγαθοί·
501 488 576 532 καὶ
604 487 886 546 ἀπωσάμενοι
925 490 1004 548 τὴν
1032 491 1335 549 δουλοσύνην,
1364 493 1410 551 ἦ-

116 568 500 624 4λευθερώθησαν.
558 568 662 624 μετὰ
714 570 761 614 δὲ
808 569 1017 623 τούτους,
1077 571 1150 614 καὶ
1196 571 1249 616 τὰ
1295 571 1407 617 ἄλλα

141 648 271 692 ἔθνεα
296 647 436 692 ἐποίεε
464 645 606 692 τώυτὸ
632 653 747 692 τοῖσι
776 648 986 705 Μήδοισι.
1034 647 1226 694 Ἐόντων
1255 651 1302 696 δὲ
1332 650 1407 697 αὖ·

139 726 342 784 τονόμων
380 726 558 771 πάντων
593 726 678 771 dvo}
716 728 797 784 τήν
833 727 1036 784 ἤπειρον,
1084 723 1169 774 οἶδε
1207 726 1331 783 αὖτις
1359 731 1403 783 ἐς

18 804 84 848 96
139 807 402 862 τυραννίδας
432 810 684 863 περιῆλθον.
712 807 837 864 Ἀνήρ
870 809 918 852 ἐν
945 813 1058 853 τοῖσι
1079 808 1278 866 Μήδοισι
1305 811 1398 867 ἐγέ-

140 901 239 930 νετο
270 886 431 942 σοφὸς,
479 891 541 945 τῷ
571 886 743 943 οὔνομα
779 882 837 945 ἦν
873 886 1088 945 Δηϊόκης,
1139 894 1243 941 παῖς
1272 890 1319 934 δὲ
1346 907 1401 948 ην

141 967 391 1024 Φραόρτεω.
425 961 557 1020 οὗτος
599 965 624 1012 ὁ
654 967 866 1026 Δηϊόκης,
896 967 1099 1024 ἐρασθεὶς
1127 970 1402 1026 τυραννίδος,

82 1188 227 1227 mittere
271 1192 434 1239 praestat
448 1217 461 1237 ,
509 1187 596 1227 talia
635 1192 734 1237 sunt,

82 1245 214 1293 quibus
254 1257 326 1294 quo
356 1246 473 1282 minus
506 1244 731 1292 assentiaris,

81 1300 152 1338 alia
183 1301 331 1338 obstant
361 1301 459 1338 haud
492 1301 652 1348 minora,
691 1305 731 1338 ut

79 1356 241 1406 pluribus
279 1357 349 1395 illic
382 1358 545 1408 exposui.
605 1357 729 1401 Quare

77 1413 174 1450 haud
201 1413 276 1450 scio
307 1426 353 1451 an
379 1427 528 1465 operam
558 1414 727 1464 perdant,

76 1469 138 1519 qui
165 1469 251 1507 talia
276 1483 397 1508 secum
430 1470 468 1508 in
497 1471 726 1508 concordiam

75 1526 243 1575 redigere
260 1526 390 1575 velint,
420 1527 467 1565 de
488 1527 620 1577 quibus
638 1527 726 1565 certi

75 1583 163 1632 quid
185 1584 261 1621 erui
276 1596 389 1633 posse
409 1584 578 1634 despero.
606 1584 725 1622 Binae

75 1640 172 1677 enim
200 1640 271 1676 iam
301 1640 499 1689 antiquitus
538 1641 724 1678 exstitisse

75 1695 243 1733 videntur
278 1696 443 1734 diversae
478 1697 652 1734 narrandi
687 1701 723 1734 et

73 1752 306 1802 computandi
354 1753 538 1800 rationes,
568 1765 724 1803 quarum

72 1808 245 1857 alteram,
286 1809 333 1846 ab
364 1810 456 1860 ipsis
483 1808 643 1858 Assyriis
680 1822 723 1846 ac

72 1864 195 1903 Persis
210 1865 361 1903 relatam
375 1866 520 1904 Ctesias
537 1866 644 1903 fuerit
663 1879 723 1904 se-

71 1926 172 1959 cutus
195 1926 233 1959 et
253 1926 434 1972 quotquot
451 1922 510 1960 alii
524 1923 720 1973 scriptores

70 1991 112 2015 se
128 1978 176 2015 ad
192 1978 288 2016 hunc
297 1979 554 2029 applicuerint;
570 1980 720 2017 alteram

69 2047 92 2071 a
118 2034 327 2084 Babyloniis
356 2036 527 2073 traditam
567 2040 605 2074 et
637 2049 718 2074 cum

70 2091 220 2130 Graecis
238 2092 536 2130 communicatam
545 2092 718 2130 Herodo-

67 2151 127 2184 tus
145 2149 326 2199 exceperit
351 2153 387 2188 et
412 2149 475 2199 qni
496 2153 605 2199 post,
630 2149 718 2188 Ale-

66 2204 194 2242 xandri
229 2206 354 2255 magni
397 2209 538 2254 aetate,
579 2207 626 2244 de
660 2206 717 2243 his

67 2261 287 2312 scripserint.
354 2262 446 2301 Inde
475 2262 615 2313 explico
644 2263 719 2301 Be-

66 2318 140 2354 rosi
178 2331 294 2355 annos
343 2319 425 2361 526
470 2320 717 2357 enumerantis

66 2386 145 2411 cum
170 2374 361 2413 Herodoto
392 2389 609 2414 consensum
629 2389 717 2426 pro-

67 2430 187 2479 boque
204 2430 395 2470 Niebuhrii
426 2433 604 2480 rationes,
634 2433 716 2482 qui-

69 2486 134 2522 bus
183 2487 412 2526 Herodotum
470 2491 715 2527 narrationem

67 2553 169 2579 snam
190 2544 237 2581 de
257 2545 312 2581 his
321 2545 512 2594 Babylone
530 2545 716 2596 accepisse

8 2594 18 2607 “
69 2601 203 2636 statuat
231 2600 322 2647 (vid.
342 2601 486 2639 Annali.
497 2603 621 2641 societ.
635 2615 712 2651 reg.

70 2652 292 2694 Berolinens.
338 2670 397 2695 an.
446 2661 566 2700 1820.
605 2661 711 2700 1821

68 2720 153 2758 Pag-
170 2713 255 2760 48).
299 2714 376 2751 Sed
394 2728 476 2752 eum
495 2716 614 2765 ipsum
637 2716 712 2752 dis-

68 2777 214 2826 sensum
241 2770 301 2818 qui
340 2784 559 2821 componere
582 2772 713 2822 possit,

67 2833 125 2856 vix
159 2835 315 2873 unquam
344 2832 528 2878 repertum
553 2829 596 2865 iri
628 2841 714 2879 per—

68 2889 213 2916 suasum
257 2881 385 2921 habeo.
441 2883 576 2935 Neque
606 2884 714 2935 quid-

800 1199 912 1238 quam
941 1186 990 1224 ad
1013 1199 1058 1225 ea
1077 1185 1291 1226 illustranda
1313 1200 1358 1226 ex
1387 1190 1459 1227 ori-

799 1244 978 1283 entalibus
1017 1244 1254 1294 scriptoribus
1299 1243 1455 1286 lucrabi-

797 1314 896 1349 mur,
926 1300 988 1349 qui
1021 1312 1130 1349 quam
1157 1301 1386 1350 negligenter
1414 1303 1453 1340 in

797 1362 1003 1408 temporum
1018 1356 1219 1394 rationibus
1247 1357 1452 1396 indicandis

795 1414 976 1463 annisque
995 1412 1147 1462 singulis
1176 1418 1342 1452 accurate
1362 1427 1451 1452 con-

794 1470 986 1508 stituendis
1021 1482 1064 1507 ac
1105 1470 1340 1508 numerandis
1368 1484 1450 1509 ver-

792 1532 942 1576 sentur,
972 1539 1085 1564 nemo·
1105 1527 1183 1564 sere
1207 1527 1334 1566 nescit.

850 1583 890 1631 ἐς
938 1583 1178 1636 τυραννίδας
1235 1584 1448 1635 περιῆλ-

790 1638 916 1691 θον]
947 1638 1226 1693 περιέρχεσθαι
1245 1641 1292 1679 de
1316 1653 1448 1690 regno,

791 1698 894 1746 quod
927 1697 965 1734 in
1001 1696 1108 1734 alium
1136 1697 1267 1734 transit
1292 1696 1447 1735 aliamve

789 1753 992 1791 devolvitur
1020 1755 1059 1790 in
1088 1752 1261 1803 stirpem·‚
1292 1754 1390 1790 conf.
1414 1753 1445 1801 Ι,

790 1813 829 1852 7.
858 1813 941 1852 120
964 1810 1053 1860 ibiq.
1079 1814 1171 1846 nott.
1228 1810 1289 1847 Ad
1316 1824 1445 1848 κατοι-

789 1865 974 1917 κημένων
993 1867 1031 1904 in
1060 1879 1165 1917 seqq.
1197 1867 1292 1904 conf.
1320 1866 1361 1915 Ι,
1390 1869 1446 1908 27

789 1923 851 1961 fin.

978 2006 1012 2044 C
1021 2020 1089 2059 ap.
1123 2006 1256 2045 XCVI.

842 2085 959 2138 οὗτος
997 2088 1020 2132 ὁ
1055 2086 1254 2142 Δηϊόκης]
1306 2090 1440 2128 Mirum

784 2150 949 2200 profecto
981 2154 1058 2195 est,
1088 2149 1186 2198 quod
1214 2148 1326 2185 verba
1344 2161 1440 2196 quae

785 2210 985 2255 sequuntur
1005 2218 1122 2254 usque
1148 2206 1196 2242 ad
1215 2217 1294 2255 cap.
1317 2204 1349 2241 C
1375 2204 1436 2241 fin.

785 2262 823 2299 in
843 2262 1027 2300 Sancrofti
1055 2261 1147 2298 libro
1183 2260 1335 2310 aliisque
1363 2273 1438 2298 non

786 2319 857 2357 nisi
882 2319 1009 2369 paucis
1048 2322 1233 2355 contracta
1256 2317 1438 2366 leguntur.

783 2396 840 2403 -—
874 2375 1036 2412 Deiocem
1064 2374 1124 2411 alii
1147 2373 1438 2424 Arphaxadrum‚

782 2433 883 2469 cuius
916 2432 954 2468 in
986 2431 1105 2468 Iudith
1142 2443 1221 2480 cap.
1246 2434 1265 2470 1
1300 2430 1437 2468 mentio

781 2488 842 2535 fit,
883 2502 968 2526 esse
999 2488 1145 2534 dicunt,
1180 2487 1239 2523 alii
1281 2485 1438 2523 Pleraor-

781 2548 871 2589 tem,·
899 2545 971 2582 vid.
992 2543 1215 2592 Wesseling.
1239 2544 1288 2580 ad
1300 2543 1335 2580 h.
1358 2542 1380 2579 l.
1400 2549 1437 2581 et

781 2602 946 2652 inprimis
980 2601 1095 2639 Beck.
1124 2600 1278 2649 Allgem.
1317 2599 1437 2637 Welt-

782 2659 907 2707 gesch.
932 2658 949 2694 I
971 2671 1008 2708 p.
1021 2660 1102 2699 636
1115 2670 1209 2705 seq.‚
1237 2656 1299 2705 qui
1317 2656 1435 2692 varias

780 2716 864 2752 virr.
901 2715 1013 2752 doctt.
1048 2713 1195 2761 collegit
1222 2712 1434 2750 sententias.

781 2771 912 2822 Nuper
918 2771 1115 2809 admodum
1124 2770 1345 2807 Hammerus
1355 2781 1437 2805 eum

782 2841 867 2866 esse
882 2827 974 2865 dixit
988 2827 1181 2873 Deiocem,
1210 2825 1274 2875 qui
1290 2825 1328 2862 in
1346 2824 1435 2861 Per-

781 2897 903 2923 sarum
960 2883 1177 2922 carminibus
1236 2880 1437 2919 celebretur

1458 878 1604 906 affectans

1456 912 1519 939 tiae
1555 899 1640 942 laudi
1673 918 1735 942 stu-

1459 946 1534 975 duit.

1407 818 1429 853 5
1458 811 1587 838 neioecs
1618 813 1737 847 imperi-

1459 853 1506 872 um
1532 845 1611 880 apud
1629 847 1737 874 Medos

1649 881 1736 908 iusti-
