1768 3315
654 254 958 296 CLIOMI

62 371 155 418 111
184 367 466 423 ,,ἓκκείμενον
501 364 777 420 διατέταγμαι
815 363 914 421 ἐγώ.
919 369 945 390 “
1006 368 1153 410 Ταῦτα
1191 364 1385 420 ἀκούσας
1415 368 1739 444 5353xussi'issirifim

1359 261 1444 302 275

180 446 412 505 βουκόλος,
442 443 515 487 καὶ
545 442 779 500 οἷναλαβων
807 442 855 488 τὸ
886 445 1069 488 παιδίον
1097 443 1162 501 ἤϊε
1190 445 1271 503 τὴν
1300 444 1442 505 αυτὴν

152 527 319 571 ἓόπίσω
348 523 476 576 ὁδὸν,
502 524 576 566 καὶ
606 521 853 567 ἀπικνέεται
882 524 926 575 ἐς
954 522 1036 580 τὴν
1064 523 1260 569 ἔπαυλιν.
1304 530 1367 585 τῷ
1397 526 1441 572 δ’

180 604 263 660 ἄρα
291 603 364 648 καὶ
393 600 512 661 αὐτῷ
540 600 568 659 ἡ
593 603 733 659 γυνὴ,
765 603 903 656 ἐπίτεξ
927 603 1061 647 ἐοῦσα
1085 608 1231 649 πᾶσαν
1258 605 1437 664 ἡμέρην,

176 682 271 728 τότε
299 698 386 734 κως
415 681 523 726 κατά
554 684 742 739 δαίμονα
771 684 922 735 τίκτει,
955 684 1191 740 οἰχομένου
1217 689 1299 730 τοῦ
1329 690 1439 743 βου-

174 761 312 808 κόλου
351 761 395 813 ἓς
433 760 576 806 πόλιν.
634 757 748 819 ἦσαν
788 762 834 807 δὲ
870 763 918 807 ἐν
957 765 1162 821 φροντίδι
1199 762 1442 822 ἀμφότεροι

174 840 374 898 ἀλλήλων
402 839 521 896 πέρι·
563 840 587 886 ὁ
618 841 715 897 μὲν,
746 846 829 886 τοῦ
857 840 992 887 τόκου
1020 847 1096 900 τῆς
1127 843 1338 900 γυναικὸς
1366 844 1439 902 ἆῤ-

174 921 371 977 ῥωδέων·
418 919 447 979 ἦ
484 920 531 966 δὲ
569 921 703 979 γυνὴ,
742 922 769 966 ὅ
798 938 841 966 τι
871 920 955 968 οὐκ
983 922 1134 976 {oficiis
1162 923 1186 969 ὁ
1220 925 1440 983 ’Ἅρπαγος
1497 931 1552 975 56

119 1142 237 1179 minus
256 1145 344 1193 apte
369 1152 451 1179 cum
479 1143 606 1177 nostro
625 1152 775 1191 compo-

118 1203 245 1245 netur,
275 1211 429 1248 quocum
459 1196 576 1245 magis
607 1197 774 1235 convenit

118 1255 210 1292 alter
229 1254 368 1301 locusl‚
381 1253 454 1296 24:
484 1247 660 1292 κελεύειν
678 1268 774 1300 τους

115 1309 325 1363 πορθμέας
340 1306 369 1361 ἢ
387 1305 505 1348 αυτὸν
527 1309 772 1360 διαχρασθαί

115 1382 185 1419 μιν
222 1368 274 1416 („
285 1380 321 1404 se
347 1369 460 1417 ipsum
487 1366 767 1416 interfzcere“).

114 1423 213 1462 Nam
247 1423 340 1461 solet
366 1422 505 1461 Noster
537 1422 656 1460 verbis
686 1422 769 1461 δια-

115 1481 290 1531 χρᾶσθαι
317 1493 348 1516 S.
369 1481 644 1530 καταχρᾶσθαι
675 1479 767 1527 (vid.

114 1537 163 1574 ad
182 1536 221 1584 Ι,
243 1537 326 1585 82)
360 1535 594 1586 interficiendi
619 1536 769 1574 notione

115 1593 318 1643 adiungere
360 1593 603 1631 accusativum
638 1606 767 1643 perso-

115 1661 208 1695 nae3
237 1661 346 1698 quem
373 1649 409 1686 h.
436 1649 459 1687 l.
483 1651 698 1700 pronomine
726 1646 768 1688 σὲ

114 1706 266 1743 indicari
287 1706 344 1742 vix
363 1705 450 1743 mihi
476 1706 634 1743 dubium.
671 1706 768 1744 Hinc

115 1761 266 1800 subiecti
284 1763 508 1799 accusativus
543 1763 591 1799 ad
617 1762 766 1799 infiniti-

112 1831 194 1855 vum
212 1822 336 1856 mente
355 1819 600 1865 adficiendus,
614 1819 675 1868 qui
686 1818 767 1856 nul-

112 1874 168 1912 lus
195 1874 286 1912 alius
313 1888 396 1912 esse
420 1879 545 1925 potest
572 1876 641 1912 nisi
655 1874 766 1925 Asty-

112 1944 228 1981 agee,
257 1931 319 1981 qui
345 1931 563 1982 Harpagum
591 1932 681 1969 haec
709 1933 767 1970 di-

113 2000 194 2026 cere
214 1988 319 2025 iussit
349 1988 502 2025 bubulco
516 2018 527 2036 ‚
556 2001 591 2025 se
611 1989 767 2037 (i.e.re-

113 2045 225 2094 gem)
266 2044 314 2083 de
353 2045 507 2083 bubulco
548 2045 766 2096 supplicium

112 2105 329 2149 sumturum,
377 2114 413 2139 se
442 2102 604 2153 pessimo
638 2103 766 2139 mortis

112 2170 247 2207 genere
284 2171 366 2196 eum
398 2158 671 2197 interfecturum
708 2158 766 2208 (s.

110 2214 263 2253 interfici
283 2215 494 2264 iussurum).
552 2215 630 2253 Iam
658 2216 708 2253 ita
735 2215 767 2252 si

112 2270 227 2309 locum
246 2271 513 2323 interpreteri5‚
543 2272 631 2309 nihil
646 2273 768 2321 video,

112 2328 212 2377 quod
251 2340 320 2365 nos
359 2329 535 2366 offendat.
602 2329 662 2367 De
697 2342 768 2366 usu

111 2384 211 2421 verbi
232 2384 475 2435 διαχρᾶσθαι
487 2386 652 2423 videatur
662 2385 766 2423 Tho-

111 2453 191 2478 mas
227 2440 409 2490 Magister
427 2456 464 2493 p.
485 2445 569 2484 222
591 2455 670 2492 seq.
698 2441 768 2479 ibi-

111 2509 184 2546 que
211 2498 396 2536 adnotata.
413 2520 469 2527 —-
498 2498 541 2535 In
563 2511 666 2548 seqq.
697 2510 766 2548 pro

111 2551 363 2606 διατέταγμαι
393 2555 529 2604 (iussus
556 2555 652 2604 sum)
684 2554 767 2593 Me-

113 2607 236 2647 diceus
262 2610 393 2660 aliique
429 2609 634 2664 τέταγμαι,
665 2612 766 2661 quod

112 2668 234 2702 tamen
270 2670 309 2704 ut
348 2669 553 2717 praeferam
595 2668 767 2717 vulgatae

112 2718 278 2770 lectioni,
305 2723 439 2762 nullam
466 2724 585 2763 habeo
606 2737 765 2762 causam.

310 2801 428 2868 Cap.
457 2802 557 2842 cxl.

169 2868 196 2905 η
223 2852 348 2907 γυνὴ,
386 2857 515 2908 ἐπίτεξ
542 2858 664 2900 ἐοῦσα
690 2861 765 2899 ποῖ-

115 2918 190 2950 σαν
213 2909 391 2966 ἡμέρην]
421 2915 445 2953 i.
462 2928 494 2955 e.
522 2928 636 2966 uxor,
665 2919 766 2956 cuius

837 1145 966 1192 partus
986 1143 1024 1179 in
1038 1141 1111 1179 dces
1128 1144 1178 1191 (s.
1195 1143 1242 1181 de
1260 1144 1320 1182 die
1332 1144 1369 1181 in
1379 1145 1495 1194 diem)

840 1199 1121 1248 exspectabatur.
1189 1199 1413 1238 Monuerunt
1443 1201 1496 1239 A·

840 1254 979 1292 bresch.
998 1255 1035 1291 in
1056 1255 1226 1293 Dilucidd
1246 1256 1496 1306 ‚Thucydidd.

837 1323 875 1361 p.
896 1312 978 1353 583
997 1316 1033 1349 et
1054 1311 1257 1362 Schweigh.
1275 1314 1324 1350 ad
1345 1313 1380 1350 h.
1399 1314 1495 1362 l.‚de

837 1366 1019 1405 locutione
1057 1369 1191 1408 πᾶσαν
1217 1368 1373 1421 ἡμέρην
1416 1370 1494 1408 lau-

837 1423 931 1460 dans
971 1423 1057 1472 Vll,
1093 1427 1177 1467 203
1207 1430 1244 1464 et
1280 1428 1385 1474 198,
1432 1427 1496 1465 ubi

838 1474 918 1519 civo?
941 1481 1104 1518 additum
1132 1482 1325 1520 invenitur.
1350 1503 1406 1511 —
1434 1483 1496 1522 De

836 1535 965 1584 ἐπίτεξ
986 1537 1056 1575 vid.
1076 1538 1168 1587 adl,
1182 1541 1273 1581 108.
1289 1560 1347 1568 -
1357 1539 1399 1577 In
1410 1553 1496 1590 sqq.

835 1590 935 1633 κατοέ
949 1593 1120 1645 δαίμονα
1140 1596 1164 1633 i.
1177 1609 1208 1634 e.
1219 1595 1494 1647 fortesortund,

834 1650 873 1686 in
886 1663 979 1700 quo,
1010 1656 1050 1688 ut
1068 1651 1106 1688 in
1126 1656 1183 1690 tot
1203 1652 1282 1689 aliis
1302 1653 1494 1701 eiusmodi,

834 1703 934 1745 κατοέ
972 1707 1136 1745 adverbii
1174 1710 1247 1746 vim
1291 1710 1495 1759 exprimere

833 1763 999 1811 videtur,
1023 1777 1105 1801 cum
1123 1765 1274 1816 proprie
1292 1766 1492 1814 significet:

833 1819 1019 1857 secundum
1031 1849 1042 1868 ‚
1071 1833 1126 1858 ex.
1185 1822 1295 1860 Conf.
1328 1822 1493 1861 Fischer.

832 1877 881 1914 ad
900 1876 1047 1915 VVeller.
1066 1877 1138 1926 ΙΙΙ,
1157 1881 1182 1920 6
1203 1880 1348 1930 p-180-

889 1957 962 1995 τοῦ
981 1951 1099 1996 τόκου
1119 1958 1191 2008 τῆς
1209 1955 1402 2009 γαναικός
1423 1953 1491 2011 0243-

834 2010 1017 2065 ῤ’ωδέων]
1048 2013 1071 2050 i.
1096 2026 1126 2051 e.
1158 2016 1282 2052 timens
1314 2015 1353 2052 ob
1369 2015 1490 2053 muli-e

833 2081 884 2106 res
903 2073 1059 2119 partum.
1120 2070 1281 2109 Genitivi
1305 2072 1399 2109 ratio
1431 2073 1490 2110 vix

835 2126 981 2164 diversa
1006 2127 1053 2163 ab
1089 2126 1154 2174 iis,
1204 2140 1300 2177 quae
1345 2128 1491 2178 collegit

834 2181 1015 2221 Matthiae
1049 2180 1086 2234 ἓ.
1105 2185 1200 2226 368.
1226 2205 1283 2213 —-
1319 2184 1363 2222 In
1384 2199 1488 2236 seqq.

835 2239 913 2278 iure
930 2239 1057 2290 optimi
1083 2239 1164 2276 libri
1189 2239 1490 2293 μεταπέμψαιτο

835 2295 915 2334 loco
935 2297 1022 2333 olim
1039 2296 1208 2345 vulgatae
1230 2297 1490 2351 μεταπέμψα-

834 2367 892 2392 το.
951 2353 1051 2390 Nam
1085 2353 1145 2391 hic
1173 2355 1328 2393 maxime
1349 2368 1491 2393 accom-

834 2409 1006 2448 modatus
1027 2413 1083 2447 est
1102 2411 1297 2461 optativus
1346 2412 1401 2449 Ut
1424 2425 1491 2450 au-

834 2470 909 2504 tem
938 2466 1052 2503 altero
1078 2466 1158 2504 loco
1183 2463 1343 2506 editur
1333 2463 1354 2508 ό
1377 2483 1414 2508 τι
1435 2489 1491 2497 —-

835 2521 1158 2573 μεταπέμψαιτο,
1178 2524 1230 2562 ita
1250 2525 1358 2562 etiam
1378 2525 1491 2577 priori

833 2579 915 2617 loco
947 2580 1131 2617 edendum
1170 2581 1375 2619 curavimus
1399 2577 1422 2621 ὅ
1452 2597 1489 2621 τι

835 2631 909 2675 οὐκ
941 2633 1084 2683 {manig
1106 2651 1127 2675 o
1150 2633 1361 2690 ’Ἅρπαγος
1373 2652 1489 2689 μετα-

834 2691 1038 2744 πέμψαιτο
1051 2722 1062 2741 ,
1088 2693 1150 2730 ubi
1166 2693 1260 2732 male
1269 2695 1368 2746 apud
1380 2695 1492 2732 Gais-

833 2750 1014 2798 fordium,
1062 2749 1153 2787 alios
1184 2746 1246 2790 ὅτι
1275 2752 1494 2788 coniunctim

834 2805 1027 2844 invenitur.
1039 2805 1186 2844 Monuit
1195 2807 1327 2846 Struve
1338 2808 1490 2852 Quaest.

835 2862 885 2900 de
921 2862 1103 2902 Herodot.
1155 2863 1297 2903 dialect.
1343 2863 1490 2914 specim.

834 2930 922 2969 pag.
947 2918 1014 2961 47.

1128 2975 1184 3015 18
1203 2974 1222 2997 *
