1768 3315
309 246 393 285 zm

699 231 1166 272 HERODOTI

314 351 425 395 σέων
461 341 736 399 ἀλλογνώσας
773 345 967 396 Κροῖσον
1009 340 1068 393 ὠς
1103 340 1396 393 ἀποκτενέων,
1434 342 1566 395 Κροῖ·

314 441 390 478 σος
417 424 495 481 μέν
521 437 606 466 νυν
642 419 784 476 ὁρέων
820 420 1020 473 ἐπιόντα,

1083 420 1172 464 ὑπὸ
1213 425 1286 476 τῆς
1321 421 1568 478 παρεούσης

315 505 542 562 συμφορῆς
569 499 883 558 παρημελήκεε,
915 498 1015 542 οὐδέ
1040 516 1080 542 τι
1107 501 1151 542 οἱ
1173 499 1340 555 διέφερε
1365 500 1568 556 πληγέντι
1579 506 1624 542 55

317 581 597 630 ἇποθανέειν·

662 579 686 624 ὁ
717 580 762 624 δὲ
789 584 889 630 παῖς
929 573 1057 629 οὗτος
1086 577 1110 622 ὁ
1142 577 1344 634 ἄφωνος,
1395 578 1454 630 ὠς
1483 578 1570 624 εἶδε

318 660 493 707 ἐπιόντα
521 659 599 703 τὸν
627 658 821 716 Πέρσην,
868 657 956 701 ὑπὸ
994 658 1120 708 δέους
1157 674 1201 701 τε
1236 659 1310 702 καὶ
1340 664 1479 703 κακοῦ
1508 660 1572 714 ἔῤ-

320 743 418 798 ρηξε
448 738 621 796 φωνὴν,
653 737 743 782 εἶπε
774 737 840 781 δέ·

292 824 475 873 5,,σον.“

897 735 1154 791 ,ζᾩυθρωπε
1168 770 1179 788 ,
1210 739 1268 794 μὴ
1288 744 1425 782 κτεῖνε
1440 741 1572 793 Κροῖ-

538 812 677 868 Οὖτος
724 817 802 873 μὲν
839 817 891 872 δὴ
931 820 1060 859 τοῦτο
1107 820 1283 870 πρῶτον
1323 817 1573 873 ἐφθέγξατο·

322 899 426 956 μετὰ
454 897 501 942 δὲ
528 901 659 941 τοῦτο
687 896 770 953 ἤδη
800 894 964 952 ἐφώνεε
1003 895 1080 939 τὸν
1119 894 1262 939 πάντα
1301 895 1463 952 χρόνον
1500 902 1633 954 τῆςῡο

271 1143 446 1194 Κροῖσος
475 1137 547 1192 μέν
577 1151 653 1177 νυν
674 1135 740 1189 όρε
724 1135 800 1175 ἔων
824 1151 860 1176 ν..
887 1149 919 1175 τ

271 1202 303 1238 λ.
314 1213 327 1246 ,-
367 1210 464 1248 quae
500 1197 584 1246 ipsa
621 1194 707 1230 dum
742 1193 923 1231 scribebat

271 1258 418 1301 auctor,
458 1264 586 1291 eorum
611 1250 722 1287 modo
749 1251 923 1287 memine-

273 1315 349 1358 rat,
396 1321 491 1359 quae
527 1307 693 1358 proxime
729 1307 923 1344 antecede-

275 1368 390 1415 bant,
429 1365 575 1402 inducta
611 1375 678 1413 per
713 1362 924 1412 particulam

276 1418 366 1476 γάρ.
425 1420 529 1458 Solet
544 1418 639 1457 enim
664 1418 818 1456 causalis
842 1431 925 1455 sen-

277 1478 393 1517 tentia
421 1478 478 1524 ei,
517 1476 616 1514 cuius
647 1487 792 1511 causam
829 1487 925 1511 com-

278 1535 444 1587 plectitur
456 1562 468 1581 ‚
496 1531 691 1582 anteponi,
712 1531 928 1568 observante

279 1591 449 1629 VVerfero
466 1589 503 1626 in
523 1587 617 1625 Actt.
646 1586 745 1638 phill.
763 1586 928 1623 Monacc.

280 1647 319 1696 1,
341 1649 364 1689 1
395 1658 481 1696 pag.
500 1646 574 1690 79,
608 1643 670 1680 ubi
695 1655 817 1681 veram
848 1643 882 1679 h.
905 1642 928 1678 l.

281 1702 437 1741 restituit
475 1699 752 1737 distinctionem.
822 1699 931 1736 Conf.

282 1758 413 1797 Matth.
426 1758 491 1794 Gr.
500 1757 564 1793 Gr.
584 1754 620 1806 ᾖ.
633 1756 728 1803 631,
738 1760 763 1797 4
773 1768 809 1805 p.
824 1756 933 1796 1300

283 1815 360 1853 coll.
391 1812 428 1864 ἓ.
460 1812 541 1855 615
584 1824 670 1862 pag.
703 1812 812 1853 1242
853 1824 932 1860 seq.

285 1872 411 1915 Quare
422 1868 598 1919 displicet,
619 1868 720 1917 quod
730 1867 934 1916 Schweigh.

285 1926 516 1966 coniiciebat:
548 1926 723 1975 Κροῖσος
753 1923 823 1975 μέν
851 1939 935 1975 μιν

287 1984 374 2035 (pro
400 1981 495 2030 νυν)
514 1978 639 2032 ὁρέων
661 1977 834 2020 ἐπιόντα.
858 1979 936 2018 Ne-

288 2052 360 2089 que
369 2038 440 2075 huc
455 2038 654 2105 quidquam
663 2038 749 2075 facit
757 2037 936 2075 Sancroft.

290 2095 371 2133 libri
390 2093 495 2131 lectio
517 2092 588 2144 μέν
609 2109 699 2143 νιν,
729 2094 868 2144 quippe
893 2105 937 2131 ex

292 2149 370 2217 μέν
384 2164 461 2189 νυν
479 2155 569 2186 oita.
628 2150 737 2187 Conf.
754 2150 805 2197 ll,
824 2150 889 2191 42.

346 2201 611 2272 ἀλλογνώσας]
623 2207 781 2255 Hesy.ch
792 2206 851 2256 lp.
856 2205 938 2248 242

293 2263 441 2314 exponit
468 2256 591 2314 α’γνοή
581 2275 684 2312 joag,
714 2263 776 2300 ubi
795 2263 865 2300 vid.
883 2263 938 2299 in-

292 2322 455 2368 terprett.
471 2339 526 2346 —-
542 2315 607 2369 ήίε
624 2340 679 2346 —-
699 2334 753 2365 ως
774 2315 937 2358 ἀποκτε-

294 2373 396 2414 νέων
416 2374 515 2411 haud
540 2375 833 2413 confundendum
859 2387 938 2412 cum

296 2431 471 2469 eiusmodi
507 2429 768 2479 locutionibus,
815 2431 942 2482 quales

297 2501 329 2524 v.
353 2500 383 2523 c.
404 2486 439 2532 1,
463 2489 559 2528 122:
589 2484 653 2537 ἤϊε
675 2483 824 2539 ταύτην
841 2485 943 2527 αἰνέ-

300 2558 367 2581 ων.
423 2541 520 2579 Nam
561 2543 630 2580 hoc
676 2543 755 2581 loco
795 2545 943 2582 verbum

300 2597 402 2638 ἰέναι
422 2610 524 2635 suam
547 2600 677 2636 retinet
695 2601 775 2636 vim.
799 2622 855 2628 --
884 2599 945 2637 Ad

299 2651 379 2694 ὑπὸ
399 2675 454 2681 —-
474 2657 684 2704 συμφορῆς
714 2657 818 2706 (prae
844 2656 944 2695 cala-

299 2710 450 2758 mitate)
488 2711 581 2748 conf.
613 2710 743 2749 Matth
775 2713 841 2750 Gr.
878 2713 944 2751 Gr.

302 2767 340 2818 ἓ
362 2767 465 2812 592,
487 2778 509 2802 a
535 2778 621 2816 pag.
645 2769 764 2808 1186

363 2817 456 2861 οὐδέ
474 2836 511 2861 τι
530 2820 571 2862 οἱ
591 2821 771 2874 διέφερε]
801 2826 823 2862 i.
837 2840 867 2864 e
889 2839 949 2863 nec

305 2879 493 2932 quidquam
509 2880 617 2930 ipszus
638 2882 815 2918 intererat.
852 2881 950 2920 Lau-

987 1136 1052 1173 dat
1086 1135 1288 1174 Larcherus
1325 1136 1477 1175 similem
1520 1136 1638 1174 locum

987 1192 1224 1231 Demosthen.
1243 1205 1310 1243 pro
1332 1194 1468 1232 Coron.
1486 1207 1523 1244 p.
1541 1196 1639 1240 520,

989 1248 1035 1286 Α.
1054 1271 1111 1277 -
1140 1249 1246 1292 Quae
1261 1255 1481 1299 sequuntur,
1507 1250 1641 1300 partim

991 1305 1028 1342 in
1055 1306 1305 1356 quaestionem
1327 1311 1453 1343 vocata
1481 1310 1568 1343 sunt
1595 1305 1642 1342 ab

991 1362 1057 1409 iis,
1098 1362 1160 1410 qui
1186 1362 1276 1399 haec
1313 1376 1393 1399 cum
1418 1362 1508 1410 illis,
1548 1374 1644 1412 quae

994 1430 1105 1468 supra
1139 1418 1180 1465 I,
1209 1417 1275 1459 34.
1295 1419 1350 1459 38
1379 1423 1526 1456 narrata
1544 1422 1644 1464 sunt,

993 1475 1110 1511 miuus
1124 1474 1216 1512 bene
1235 1475 1427 1512 convenire
1445 1476 1644 1512 crederent.

994 1530 1053 1568 De
1067 1530 1196 1580 quibus
1216 1534 1336 1568 tacere
1349 1544 1391 1568 eo
1410 1532 1528 1579 magis
1539 1542 1648 1581 prae-

997 1591 1092 1633 stat,
1123 1599 1194 1636 quo
1221 1587 1279 1633 id,
1310 1588 1409 1636 quod
1428 1588 1642 1624 Herodotus

996 1643 1125 1689 tradit,
1155 1655 1176 1679 a
1195 1655 1314 1680 rerum
1346 1648 1476 1680 natura
1501 1643 1648 1680 minime

1000 1699 1180 1736 abhorret.
1237 1698 1317 1736 Nec
1337 1700 1433 1748 sugit
1460 1701 1566 1737 etiam
1586 1698 1650 1735 Ci-

1001 1767 1168 1792 ceronem
1190 1756 1236 1793 de
1253 1755 1372 1792 Divin.
1394 1756 1432 1804 I,
1454 1756 1519 1798 53.
1550 1755 1649 1793 Nam

1000 1811 1110 1849 Plinii
1139 1811 1256 1849 locum
1285 1812 1322 1849 in
1344 1812 1393 1849 H.
1417 1811 1467 1849 N.
1497 1812 1574 1859 XI,
1596 1811 1650 1852 50

1001 1867 1159 1905 huonon
1184 1868 1385 1918 pertinere,
1414 1868 1486 1906 iam
1513 1868 1651 1905 dudum

1001 1928 1220 1962 monuerunt
1237 1924 1300 1961 viri
1317 1925 1426 1962 docti.
1473 1924 1532 1962 Ad
1553 1924 1652 1960 locu-

1002 1981 1139 2018 tionem
1159 1980 1296 2032 ἕῤῥηξε
1317 1978 1485 2033 φωνήν,
1504 1980 1653 2031 aptissi-

1003 2050 1098 2074 mam
1132 2037 1228 2074 illam
1253 2038 1419 2087 quidem,
1466 2048 1656 2087 compara-

1004 2106 1085 2130 mus
1105 2093 1200 2131 infra
1214 2094 1269 2141 II,
1282 2098 1328 2136 2:
1349 2090 1492 2145 ἥντινα
1511 2088 1656 2143 φωνήν

1006 2145 1174 2200 ῥήξουσι
1208 2151 1256 2188 de
1295 2151 1494 2187 infantibus
1529 2161 1655 2187 recens

1005 2207 1099 2243 natis
1117 2206 1215 2243 haud
1237 2206 1316 2245 sine
1343 2207 1520 2244 industria
1535 2209 1577 2242 ut
1603 2205 1657 2241 vi-

1006 2263 1132 2310 detur,
1163 2264 1306 2301 dictum.
1365 2263 1474 2301 Cons.
1503 2262 1574 2299 illic
1590 2274 1658 2298 no-

1004 2323 1069 2356 tat.

1065 2370 1098 2412 ὤ
1110 2378 1303 2426 νθρωπε,
1327 2372 1382 2426 μή
1399 2378 1527 2414 κτεῖνε
1539 2375 1658 2425 Κροῖ-

1009 2433 1101 2477 σον]
1146 2428 1345 2483 ὤνθρωπε
1383 2431 1549 2483 plerique
1580 2430 1661 2467 libri

1010 2500 1091 2525 cum
1112 2488 1268 2536 Gregor.
1288 2488 1374 2525 Cor.
1404 2488 1453 2525 de
1478 2486 1561 2524 dial.
1581 2486 1659 2523 Ion.

1011 2542 1050 2595 ἓ.
1084 2546 1150 2585 29.
1207 2543 1307 2581 Male
1353 2543 1414 2580 alii
1459 2540 1662 2594 ἄνθρωπε.

1011 2601 1120 2638 Conf.
1151 2599 1182 2636 si
1210 2600 1302 2637 tanti
1323 2604 1401 2648 est,
1450 2600 1661 2637 Buttmann.

1012 2657 1049 2693 in
1071 2656 1232 2693 Gramm.
1254 2657 1381 2693 maior.
1397 2656 1415 2693 I
1430 2669 1466 2707 p.
1482 2656 1574 2697 115.
1603 2655 1664 2693 De

1015 2713 1218 2763 praesentis
1227 2712 1440 2762 imperativo
1462 2713 1500 2749 in
1518 2711 1666 2749 vetandi

1015 2768 1176 2806 formulis
1195 2769 1373 2808 subtiliter
1389 2769 1562 2807 disseruit
1569 2767 1667 2805 Her-

1017 2837 1136 2862 mann.
1147 2825 1195 2862 ad
1206 2825 1362 2876 Gregor.
1370 2825 1534 2864 Corinth.
1543 2825 1666 2876 p.865

1018 2882 1076 2920 ed.
1095 2881 1238 2920 Schaef.
