1777 3324
158 260 243 298 904
630 252 1193 294 EXCURSUSV

625 725 1121 775 EXCURSUS
1178 728 1224 775 V

389 842 513 881 AD
608 840 1452 888 HERoDoT.11,17.

581 1075 682 1118 De
748 1074 934 1119 Nili
999 1076 1276 1118 ostiis.

275 1179 345 1218 Est
366 1180 424 1219 hic
441 1179 608 1219 classicus
641 1180 740 1218 locus
767 1181 814 1219 de
835 1180 913 1219 Nili
936 1181 1062 1229 ostiis,
1102 1193 1196 1230 quae
1223 1184 1351 1218 nostra
1381 1185 1505 1219 aetate
1536 1181 1684 1220 minime

164 1248 292 1287 eadem
322 1262 404 1288 esse
431 1254 542 1300 atque
560 1250 740 1288 Herodoti
765 1253 909 1297 aetate,
939 1262 1046 1286 nemo
1077 1249 1156 1286 fere
1180 1250 1309 1286 nescit.
1367 1249 1565 1300 Hodieque
1586 1251 1684 1288 enim

164 1317 250 1353 bina
264 1318 495 1368 potissimum
517 1322 601 1355 sunt
620 1318 732 1365 ostia,
763 1317 895 1367 quibus
923 1330 1098 1367 aquarum
1119 1316 1259 1367 copiam
1275 1316 1380 1354 Nilus
1401 1318 1439 1354 in
1459 1331 1560 1357 mare
1580 1318 1685 1356 emit-

163 1385 227 1432 tit,
257 1384 409 1423 alterum
435 1400 553 1437 prope
580 1387 706 1424 urbem
731 1385 997 1432 Rosettanam,
1029 1385 1181 1423 alterum
1199 1398 1316 1437 prope
1337 1385 1569 1435 Damiatam,
1601 1386 1686 1424 reli-

164 1453 245 1502 quis
264 1454 364 1491 ostiis
383 1455 561 1492 obturatis
584 1455 740 1492 arenave
759 1459 821 1490 aut
838 1454 923 1491 limo
949 1453 1126 1491 obductis.
1184 1452 1284 1491 Nam
1307 1459 1445 1505 septem
1465 1456 1574 1506 vulgo
1595 1468 1688 1494 enu-

163 1525 304 1558 merata
324 1526 407 1559 sunt
433 1521 510 1560 Nili
529 1522 644 1570 ostia,
675 1521 737 1571 qui
765 1521 852 1559 inde
876 1522 1100 1571 septemfluus
1127 1522 1317 1559 dicebatur
1337 1523 1464 1560 fluvius
1493 1537 1522 1560 s.
1542 1526 1687 1573 septem-

163 1590 320 1637 geminus
329 1602 342 1633 ;
381 1602 403 1627 a
422 1603 495 1640 qua
525 1590 705 1628 sententia
729 1602 797 1627 nec
818 1589 1050 1626 Herodotum
1076 1590 1230 1628 alienum
1250 1592 1385 1639 fuisse,
1415 1591 1496 1629 licet
1523 1592 1687 1641 quinque

163 1660 302 1694 tantum
326 1658 419 1696 ostia
441 1658 518 1697 Nili
539 1661 821 1705 commemoret,
850 1657 1003 1694 vidimus
1030 1658 1078 1694 ad
1110 1658 1162 1706 ΙΙ,
1184 1661 1247 1700 10.
1305 1659 1383 1697 Sed
1410 1659 1516 1697 valde
1544 1658 1688 1696 variant

163 1724 201 1760 in
229 1724 380 1773 singulis
411 1726 510 1765 hisce
539 1728 642 1764 ostiis
673 1731 814 1777 septem
844 1726 1100 1773 recensendis,
1137 1726 1195 1763 vel
1223 1740 1345 1764 errore
1376 1727 1489 1777 lapsi,
1526 1726 1604 1774 vel,
1635 1726 1688 1763 uti

164 1792 242 1830 fieri
260 1792 374 1842 solet,
404 1808 498 1844 quae
517 1795 565 1832 ad
586 1795 731 1832 diversa
761 1798 929 1844 tempora
949 1795 1196 1844 pertinerent,
1225 1808 1300 1832 non
1321 1796 1406 1832 satis
1428 1799 1593 1833 accurate
1611 1795 1688 1831 dis-

166 1865 367 1899 cernentes.
427 1862 548 1907 Quam
572 1863 610 1900 in
633 1876 710 1902 rem
729 1875 825 1913 quae
844 1862 998 1913 plurima
1017 1874 1038 1899 a
1058 1863 1142 1900 viris
1168 1863 1283 1900 doctis
1306 1867 1432 1900 nostra
1453 1862 1687 1913 potissimum

165 1933 288 1966 aetate
316 1930 502 1981 disputata
533 1935 640 1979 sunt,
681 1944 725 1970 ea
758 1930 929 1968 nolumus
959 1930 1029 1968 huc
1054 1931 1333 1977 transscribere3
1372 1943 1548 1968 summam
1575 1930 1687 1968 modo

166 2009 308 2046 eorum,
348 2004 528 2048 quatenus
570 1999 619 2037 ad
654 1999 887 2037 Herodotum
921 1999 992 2038 rite
1031 1999 1310 2049 intelligendum
1348 1998 1503 2047 faciant,
1551 1999 1687 2036 referre

162 2070 339 2116 praestat.

279 2131 332 2169 Ac
360 2134 483 2172 statuit
504 2134 688 2173 Mannert.
718 2135 878 2186 (Geogr.
901 2136 935 2173 d.
956 2136 1021 2174 Gr.
1041 2149 1076 2172 u.
1095 2135 1203 2173 Rom.
1226 2135 1283 2185 X,
1310 2139 1332 2178 1
1362 2149 1448 2187 pag.
1469 2136 1551 2177 528
1575 2135 1686 2184 seq.)‚

167 2198 349 2237 Herodoti
373 2203 590 2240 sententiam
614 2204 661 2241 de
681 2204 797 2241 tribus
828 2204 1007 2255 primariis
1036 2204 1112 2242 Nili
1139 2206 1263 2253 ostiis,
1307 2206 1406 2242 unde
1433 2204 1570 2252 reliqua
1594 2207 1688 2240 tem-

168 2279 298 2316 porum
317 2267 472 2306 decursu
491 2271 625 2307 fuerint
645 2271 804 2308 deducta
817 2300 828 2318 ,
862 2284 942 2310 eam
963 2272 1076 2308 videri
1090 2300 1101 2319 ,
1133 2285 1227 2321 quae
1251 2277 1287 2309 et
1313 2273 1468 2309 maxime
1488 2270 1687 2322 probabilis

170 2338 206 2370 et
235 2346 314 2370 cum
343 2334 423 2384 ipsa
447 2349 486 2374 re
514 2342 760 2375 consentanea
789 2339 845 2375 sit.
906 2339 1026 2382 Quem
1051 2340 1210 2376 medium
1238 2339 1298 2377 ille
1327 2340 1422 2376 dicat
1444 2338 1519 2376 Nili
1539 2339 1689 2375 fluvium

169 2399 472 2449 Sebennyticum‚
505 2417 585 2441 eum
604 2405 690 2442 olim
713 2406 823 2443 fuisse
839 2406 955 2443 videri
973 2406 1173 2456 principem
1197 2419 1238 2444 ac
1263 2406 1493 2457 primarium3
1527 2419 1570 2443 ex
1589 2418 1632 2443 eo
1652 2405 1689 2442 in

169 2472 360 2516 utramque
377 2475 519 2518 partem
544 2476 581 2510 et
598 2473 821 2511 occidentem
843 2478 880 2510 et
902 2473 1077 2510 orientem
1092 2487 1237 2521 versus,
1269 2474 1317 2511 ad
1344 2487 1443 2511 mare
1472 2474 1688 2510 discessisse

170 2535 243 2571 duo
265 2535 432 2573 brachia:
464 2539 688 2591 Canopicum
709 2546 744 2579 et
766 2541 1004 2578 Pelusiacum.
1061 2541 1146 2578 Hoc
1168 2543 1296 2591 utique
1318 2542 1434 2590 magis
1460 2541 1577 2578 videri
1598 2552 1686 2577 con-

170 2615 318 2651 gruum,
349 2616 457 2653 quam
483 2607 581 2655 quod
607 2607 834 2658 Canopicum
852 2608 1001 2645 fiuvium
1021 2609 1136 2647 fuisse
1152 2610 1371 2659 primitivum
1401 2608 1500 2645 dicas
1521 2608 1688 2656 adeoque

170 2674 357 2720 parentem
385 2671 625 2722 reliquorum,
672 2680 854 2725 quotquot
882 2676 992 2725 vulgo
1030 2677 1300 2726 perhibeantur.
1356 2675 1537 2725 Equidem
1566 2679 1689 2711 tamen

172 2751 234 2775 eos
258 2740 360 2788 sequi
386 2741 532 2788 malim,
570 2742 701 2791 quibus
731 2744 958 2781 verisimilius
987 2747 1023 2781 et
1057 2757 1138 2781 cum
1161 2745 1243 2795 ipsa
1269 2749 1389 2782 terrae
1418 2741 1540 2778 indole
1571 2741 1687 2790 magis

172 2811 454 2845 consentaneum
478 2809 638 2855 videtur,
679 2809 748 2846 duo
771 2814 913 2849 tantum
943 2811 1110 2861 primitus
1133 2811 1242 2848 fuisse
1265 2810 1431 2856 brachia,
1460 2808 1687 2846 Pelusiacum

172 2878 208 2909 et
233 2873 479 2923 Canopicum,
515 2876 609 2913 intra
639 2889 733 2927 quae
775 2882 894 2925 terra,
938 2878 994 2915 cui
1023 2890 1158 2915 nomen
1184 2877 1318 2926 Delta,
1359 2876 1442 2914 olim
1474 2875 1686 2914 substiterit.
