1759 3324
511 262 935 301 EUTERPE.
995 262 1040 300 ΙΙ.

1326 269 1412 308 803

148 371 426 426 Σεσώστριος
453 371 675 427 βασιλέος·
720 369 899 425 δεύτερα
932 371 1003 424 δὲ,
1041 371 1113 415 ἐπὶ
1141 376 1222 417 τοῦ
1254 376 1410 420 Aleio-

117 460 232 503 5πος
261 452 332 495 καὶ
360 449 500 504 κάρτα
539 447 700 505 ὑψηλαὶ
739 450 952 506 ἐγένοντο.

144 529 304 584 ἑτέρων
346 528 627 584 τασσομένων
670 528 717 572 ἐν
756 532 808 586 τῇ
849 528 1055 587 Αἰγύπτῳ
1095 532 1298 584 πολίων,

1006 449 1230 507 ’Τψηλὲων
1261 454 1308 497 δὲ
1335 455 1410 499 καὶ
1459 509 1461 512 .

1347 531 1408 585 ὦς

141 608 238 664 ἐμοὶ
267 607 430 659 δοκέει,
471 606 656 663 μάλιστα
685 608 764 664 μὲν
793 607 1015 665 Βουβάστι
1043 608 1145 653 πόλι
1175 611 1406 669 ἐξεχώσθη,

139 688 186 731 ἐν
216 693 270 744 τῇ
307 688 381 731 καὶ
411 685 512 742 ἱρόν
549 686 638 731 ἐστι
678 686 953 743 Βουβάστιος
990 687 1405 747 ἀξιαπηγητότατον.

112 765 255 823 6μὲζω
285 767 363 823 μὲν
391 765 474 823 γάρ
507 765 639 819 ἄλλα,
670 768 744 811 καὶ
773 769 1173 825 πολυδαπανώτερα
1204 770 1291 814 ἐστι
1313 769 1461 825 ἷρά·35

136 844 282 904 ἡδονῇ
312 847 358 891 δὲ
387 846 560 891 ἰδέσθαι
589 845 719 891 οὐδὲν
748 846 908 891 τούτου
936 851 1115 903 μᾶλλον.
1146 849 1172 906 ἡ
1205 851 1249 893 δὲ
1281 850 1398 895 Βού-
1459 859 1535 900 171

136 930 309 985 βαστις,
365 926 477 971 κατὰ
523 924 711 971 Ἐλλάδα
759 930 992 983 γλῶσσαν,
1054 928 1143 972 ἐστὶ
1188 926 1400 983 Ἄρτεμις.

77 1109 216 1160 πόλιος
228 1111 300 1164 μὲν
313 1110 603 1164 ἐκκεχωσμένης
617 1110 734 1162 ὑψοῦ

77 1185 113 1209 κ.
144 1185 175 1209 τ.
202 1173 233 1209 λ.
272 1183 367 1220 quae
405 1171 452 1208 de
484 1182 616 1218 aggere
647 1169 732 1217 solo,

76 1240 150 1277 quo
169 1228 255 1264 urbs
274 1227 498 1264 circumdata
521 1226 644 1273 fuerit,
667 1226 735 1262 mi-

74 1284 171 1322 nime
191 1283 341 1332 intelligi
364 1286 545 1334 poterunt.
559 1305 613 1309 ——
627 1283 734 1329 „He-

73 1341 227 1378 rodotea
247 1340 398 1377 laudant
414 1352 561 1389 quoque
573 1340 731 1376 editores

74 1397 194 1447 operis
216 1397 387 1447 descript.
415 1397 462 1434 de
481 1396 575 1445 l'Eg.
609 1395 678 1432 vol.
698 1395 732 1432 11

74 1454 262 1502 (Thebes)
289 1467 375 1504 pag.
402 1455 506 1499 871,
542 1452 604 1489 ubi
633 1466 731 1490 com-

72 1511 231 1561 probant
260 1511 369 1548 certis
399 1510 623 1558 argumentis
650 1509 730 1559 pla-

73 1567 199 1605 nitiem
222 1567 315 1604 eirca
335 1566 485 1604 Thebas
517 1579 596 1604 esse
622 1566 730 1602 altio-

72 1637 149 1662 rem
189 1625 323 1661 factam
376 1623 462 1660 limo
516 1623 727 1660 inundantis

73 1681 246 1730 deinceps
269 1679 361 1725 Nili3
401 1680 614 1716 architectos
643 1692 728 1716 vero

71 1736 274 1787 Aegyptios
283 1737 321 1773 id
333 1736 496 1773 studiose
513 1736 728 1773 observasse

72 1806 228 1843 eamque
260 1793 306 1830 ob
332 1805 496 1840 causam,
527 1805 600 1841 quo
621 1792 727 1829 dein-

72 1863 160 1900 ceps
188 1850 298 1887 etiam
325 1853 493 1887 caverent
513 1849 685 1886 aedificiis
705 1861 728 1886 a

71 1920 110 1945 se
123 1906 325 1954 exstructis,
343 1919 467 1944 eorum
486 1905 727 1942 fundamenta

68 1964 237 2014 posuisse
258 1963 295 1999 in
316 1962 498 2012 suggestis
517 1962 725 1999 elatioribus

67 2024 153 2058 ante
191 2020 393 2057 institutum
428 2032 520 2070 opus
562 2017 726 2056 consulto

69 2076 283 2114 confectis.“
316 2075 378 2113 Cr.

123 2130 191 2172 καὶ
209 2130 352 2185 ἑτέρων
370 2130 720 2183 τασσομένων]

66 2188 155 2227 Non
185 2202 278 2240 opus
316 2190 573 2227 emendatione
599 2200 720 2228 πασ-

68 2244 323 2297 σομένων,·
362 2260 447 2284 nam
475 2241 643 2285 πάσσειν
673 2247 720 2284 de

66 2303 236 2353 inspersis
272 2303 397 2352 utique
436 2303 652 2349 adhibetur3
681 2302 719 2339 in

66 2360 215 2397 urbibus
236 2359 347 2397 altius
371 2359 506 2397 eductis
521 2359 638 2397 nullus
654 2372 718 2397 ve-

66 2428 108 2452 ro
137 2416 211 2454 eius
241 2430 341 2454 usus.
402 2417 515 2461 Quod
538 2417 596 2453 alii
627 2416 718 2453 affe—

66 2475 151 2509 runt
166 2471 402 2524 γενομένων,
414 2474 718 2524 interpretamen-

66 2530 142 2565 tum
165 2529 306 2567 videtur
334 2530 496 2568 lectionis
523 2530 716 2579 genuinae.

66 2583 108 2621 In
128 2584 273 2635 reliquis
300 2587 504 2636 Schweigh.
531 2590 567 2624 et
598 2586 716 2625 Gaisf.

66 2645 205 2679 secutus
225 2656 316 2680 sum.
375 2643 434 2681 De
454 2644 544 2681 urbe
562 2642 720 2681 Bubaste·

66 2696 136 2733 vid.
159 2698 206 2734 ad
223 2698 277 2746 ΙΙ,
297 2701 350 2740 60
369 2704 463 2739 nott.

120 2750 252 2808 ηδονῇ
262 2728 303 2794 δὲ
320 2754 479 2795 ἰδέσθαι
492 2751 611 2796 οὐδὲν
625 2750 716 2795 τού-

65 2822 135 2847 του
148 2811 307 2861 μᾶλλον]
321 2810 453 2866 ἡδονῇ
474 2817 512 2851 et
528 2813 608 2850 libri
627 2813 716 2850 scri-

64 2864 118 2914 pti
144 2869 182 2903 et
214 2871 376 2906 vetustae
409 2870 497 2907 edd.
533 2869 715 2916 offerunt3

64 2921 164 2969 quod
191 2922 275 2961 olim
304 2924 441 2975 placuit
470 2925 716 2974 Wesselingio

801 1109 932 1164 ’ἡδονὴ
960 1113 1027 1161 (in
1048 1114 1291 1162 nominativo,
1323 1121 1362 1153 ut
1392 1117 1458 1165 Ill,

804 1172 928 1218 160),
960 1170 1059 1207 haud
1083 1172 1327 1209 necessarium
1354 1174 1457 1212 vide-

801 1230 880 1273 tur,
899 1227 928 1263 si
949 1240 1029 1264 cum
1054 1227 1258 1276 Schweigh.
1280 1230 1456 1268 subintel-

802 1282 917 1331 ligere
934 1283 1035 1320 malis
1055 1281 1188 1338 ἡδονῇ
1206 1283 1365 1325 ἰδέσθαι
1386 1282 1454 1326 ου’-

803 1337 870 1378 δὲν
892 1341 1042 1390 μᾶλλον
1063 1335 1360 1408 α’ξιαπήγητον,
1390 1347 1455 1381 aut

801 1409 881 1433 cum
903 1396 1060 1446 Stegero
1080 1395 1213 1451 ἡδονῇ
1229 1420 1284 1426 -
1304 1401 1454 1449 μᾶλλον

799 1453 964 1503 accipere
1005 1467 1073 1504 pro
1110 1454 1261 1505 μείζοιι
1295 1454 1452 1510 ’ἡδονῆς

798 1522 820 1546 a
839 1522 912 1558 quo
933 1514 1080 1559 tamen,
1112 1512 1214 1560 quod
1236 1511 1295 1550 ille
1312 1515 1453 1563 profert

796 1565 979 1614 Il‚120:
1023 1561 1126 1619 ‹ivm›
1161 1566 1316 1607 ἐκείνου
1340 1572 1453 1620 μᾶλ-

796 1625 888 1661 λον
927 1620 1031 1672 ἐών,
1075 1625 1113 1661 ὶ(1
1150 1625 1298 1663 differre
1329 1627 1450 1664 credo.

796 1679 1058 1717 Valckenarius
1072 1682 1225 1718 nostro'
1217 1695 1253 1718 1n
1269 1682 1348 1719 loco
1364 1696 1452 1720 con-

796 1736 950 1773 iecerat:
981 1732 1126 1787 ἥδιον
1147 1733 1180 1776 δ’
1199 1737 1359 1778 ἰδέσθαι
1382 1735 1450 1779 ου’-

797 1789 865 1832 δὲν
885 1787 1029 1832 τούτου
1051 1796 1213 1844 μᾶλλον.

852 1846 881 1899 ἦ
900 1846 943 1888 δε
960 1847 1207 1902 Βούβαστις,
1240 1865 1340 1889 κατα
1367 1849 1450 1890 Ελ-

795 1900 897 1944 λαδα
916 1909 1117 1957 γλῶσσαν
1147 1905 1228 1947 ε’στι
1245 1904 1448 1959 Ἄρτεμις]

793 1962 877 2000 Vid.
896 1963 1079 2001 Herodot.
1109 1964 1162 2012 ΙΙ,
1185 1964 1238 2005 56
1268 1969 1304 2002 et
1324 1966 1451 2003 confer

792 2019 975 2056 Iablonsk.
1004 2021 1135 2058 Panth.
1156 2019 1276 2070 Aegg.
1305 2021 1378 2069 ΙΙΙ,
1409 2023 1449 2063 3.

791 2089 889 2114 vocc.
914 2076 1032 2126 Aegg.
1066 2092 1102 2129 p.
1122 2076 1175 2118 53
1198 2091 1274 2127 seq.
1315 2079 1448 2116 Creuz.

791 2133 953 2182 Sy.mbol
973 2134 1006 2170 ll
1026 2148 1063 2184 p.
1086 2136 1165 2174 168
1183 2147 1286 2184 seqq.
1316 2134 1380 2181 IV,
1397 2137 1447 2176 11

791 2202 866 2238 seq.
921 2190 1013 2228 Erat
1044 2194 1165 2227 autem
1184 2190 1357 2228 Bubastis
1377 2204 1445 2228 nu-

789 2259 873 2283 men
901 2246 1027 2284 Lunae
1046 2260 1157 2285 novae
1182 2247 1237 2284 vel
1262 2260 1444 2285 renascen-

787 2305 856 2349 tis,
887 2303 966 2341 Dea
990 2303 1109 2341 Luna.
1175 2304 1261 2348 Quo
1288 2303 1345 2341 vel
1377 2317 1446 2341 no-

786 2373 871 2397 men
901 2361 1033 2409 ducit,
1072 2361 1205 2410 quod,
1248 2361 1446 2411 interprete

787 2416 996 2454 Iablonskio
1017 2447 1028 2465 ‚
1063 2417 1087 2455 1,
1125 2417 1148 2454 l.
1186 2416 1307 2454 valet:
1356 2430 1445 2467 quae

787 2473 921 2511 vultum
951 2474 1068 2511 nudat
1097 2473 1154 2511 vel
1181 2476 1328 2522 retegit,
1358 2477 1442 2511 aut:

777 2529 914 2580 faciem
925 2531 1164 2580 multiplicans
1170 2544 1183 2575 ;
1196 2531 1294 2580 quod
1304 2535 1440 2567 utrum-

784 2599 856 2636 que
888 2588 935 2625 de
961 2586 1069 2624 Luna
1105 2587 1200 2624 bene
1228 2587 1300 2623 dici
1330 2599 1442 2636 posse

784 2656 890 2680 nemo
925 2657 999 2680 non
1041 2644 1152 2681 videt.
1208 2643 1441 2681 Herodotum

783 2704 904 2737 autem
923 2701 1011 2737 satis
1030 2704 1132 2750 patet
1148 2712 1243 2748 quae
1256 2700 1348 2737 ratio
1362 2712 1441 2736 mo-

783 2757 900 2803 verit,
946 2761 986 2794 ut
1028 2756 1207 2793 Bubastia
1244 2755 1441 2806 explicaret

781 2811 949 2850 Dianam.
1006 2813 1141 2862 Neque
1176 2812 1246 2849 hoc
1276 2815 1441 2862 praeter-

781 2870 1018 2917 mittendum,
1040 2869 1239 2915 Bubastia,
1259 2881 1355 2917 quae
1374 2867 1438 2904 Isi-

781 2926 837 2963 dis
867 2926 943 2964 filia
976 2926 1086 2975 vulgo
1116 2925 1328 2975 perhibetur
1351 2951 1363 2969 ‚
1403 2927 1441 2959 et

1126 2982 1179 3020 51
1204 2981 1221 3001 *
