<?xml version="1.0" encoding="UTF-8"?>
<!DOCTYPE html PUBLIC "-//W3C//DTD XHTML 1.0 Transitional//EN"
    "http://www.w3.org/TR/xhtml1/DTD/xhtml1-transitional.dtd">
<html xmlns="http://www.w3.org/1999/xhtml" xml:lang="en" lang="en">
 <head>
  <title>
</title>
<meta http-equiv="Content-Type" content="text/html;charset=utf-8" />
  <meta name='ocr-system' content='tesseract 3.04.00' />
  <meta name='ocr-capabilities' content='ocr_page ocr_carea ocr_par ocr_line ocrx_word'/>
</head>
<body>
  <div class='ocr_page' id='page_1' title='image "./musaeher01hero/musaeher01hero_0179.png"; bbox 0 0 1814 3315; ppageno 0'>
   <div class='ocr_carea' id='block_1_1' title="bbox 614 242 1407 283">
    <p class='ocr_par' dir='ltr' id='par_1_1' title="bbox 614 242 1407 283">
     <span class='ocr_line' id='line_1_1' title="bbox 614 242 1407 283; baseline 0.001 -2"><span class='ocrx_word' id='word_1_1' title='bbox 614 243 830 282; x_wconf 91' lang='lat' dir='ltr'>CLIO.</span> <span class='ocrx_word' id='word_1_2' title='bbox 890 243 916 280; x_wconf 86' lang='grc' dir='ltr'>Ι.</span> <span class='ocrx_word' id='word_1_3' title='bbox 1324 242 1407 283; x_wconf 79' lang='lat'>165</span> 
     </span>
    </p>
   </div>
   <div class='ocr_carea' id='block_1_2' title="bbox 139 348 1459 415">
    <p class='ocr_par' dir='ltr' id='par_1_2' title="bbox 139 348 1459 415">
     <span class='ocr_line' id='line_1_2' title="bbox 139 348 1459 415; baseline -0.01 -12"><span class='ocrx_word' id='word_1_4' title='bbox 139 370 279 415; x_wconf 83' lang='grc' dir='ltr'><em>χιστα,</em></span> <span class='ocrx_word' id='word_1_5' title='bbox 337 353 561 412; x_wconf 77' lang='grc' dir='ltr'><em>μετέστησε</em></span> <span class='ocrx_word' id='word_1_6' title='bbox 597 352 650 395; x_wconf 80' lang='grc' dir='ltr'><em>τοὶ</em></span> <span class='ocrx_word' id='word_1_7' title='bbox 690 349 853 408; x_wconf 86' lang='grc' dir='ltr'><em>νόμιμα</em></span> <span class='ocrx_word' id='word_1_8' title='bbox 890 350 1056 401; x_wconf 81' lang='grc' dir='ltr'><em>πάντα,</em></span> <span class='ocrx_word' id='word_1_9' title='bbox 1107 350 1180 394; x_wconf 83' lang='grc' dir='ltr'>καὶ</span> <span class='ocrx_word' id='word_1_10' title='bbox 1218 348 1459 406; x_wconf 74' lang='grc' dir='ltr'><em>ἐφύλαξεδὸ</em></span> 
     </span>
    </p>
   </div>
   <div class='ocr_carea' id='block_1_3' title="bbox 110 428 1403 490">
    <p class='ocr_par' dir='ltr' id='par_1_3' title="bbox 110 428 1403 490">
     <span class='ocr_line' id='line_1_3' title="bbox 110 428 1403 490; baseline -0.005 -11"><span class='ocrx_word' id='word_1_11' title='bbox 110 442 275 481; x_wconf 84' lang='grc' dir='ltr'><em>7ταῦτα</em></span> <span class='ocrx_word' id='word_1_12' title='bbox 303 434 361 490; x_wconf 76' lang='grc' dir='ltr'>μή</span> <span class='ocrx_word' id='word_1_13' title='bbox 390 433 688 487; x_wconf 78' lang='grc' dir='ltr'><em>παραβαίνειν.</em></span> <span class='ocrx_word' id='word_1_14' title='bbox 718 430 824 486; x_wconf 70' lang='grc' dir='ltr'><em>μετὰ</em></span> <span class='ocrx_word' id='word_1_15' title='bbox 854 430 920 482; x_wconf 76' lang='grc' dir='ltr'>δὲ,</span> <span class='ocrx_word' id='word_1_16' title='bbox 966 429 1017 473; x_wconf 78' lang='grc' dir='ltr'><em>τοὶ</em></span> <span class='ocrx_word' id='word_1_17' title='bbox 1058 429 1101 481; x_wconf 82' lang='grc' dir='ltr'>ἐς</span> <span class='ocrx_word' id='word_1_18' title='bbox 1137 429 1331 485; x_wconf 79' lang='grc' dir='ltr'><em>πόλεμον</em></span> <span class='ocrx_word' id='word_1_19' title='bbox 1359 428 1403 472; x_wconf 75' lang='grc' dir='ltr'>ἕ-</span> 
     </span>
    </p>
   </div>
   <div class='ocr_carea' id='block_1_4' title="bbox 136 507 1403 571">
    <p class='ocr_par' dir='ltr' id='par_1_4' title="bbox 136 507 1403 571">
     <span class='ocr_line' id='line_1_4' title="bbox 136 507 1403 571; baseline -0.005 -13"><span class='ocrx_word' id='word_1_20' title='bbox 136 531 289 571; x_wconf 83' lang='grc' dir='ltr'><em>χοντα,</em></span> <span class='ocrx_word' id='word_1_21' title='bbox 320 512 556 567; x_wconf 79' lang='grc' dir='ltr'><em>ἐνωμοτίας</em></span> <span class='ocrx_word' id='word_1_22' title='bbox 584 512 658 554; x_wconf 79' lang='grc' dir='ltr'>καὶ</span> <span class='ocrx_word' id='word_1_23' title='bbox 687 509 926 567; x_wconf 80' lang='grc' dir='ltr'><em>τριηκάδας</em></span> <span class='ocrx_word' id='word_1_24' title='bbox 955 510 1028 553; x_wconf 83' lang='grc' dir='ltr'>καὶ</span> <span class='ocrx_word' id='word_1_25' title='bbox 1048 511 1270 563; x_wconf 85' lang='grc' dir='ltr'><em>συσσίτια,</em></span> <span class='ocrx_word' id='word_1_26' title='bbox 1292 507 1403 564; x_wconf 76' lang='grc' dir='ltr'><strong><em>πρός</em></strong></span> 
     </span>
    </p>
   </div>
   <div class='ocr_carea' id='block_1_5' title="bbox 77 639 740 2954">
    <p class='ocr_par' dir='ltr' id='par_1_5' title="bbox 77 639 734 1199">
     <span class='ocr_line' id='line_1_5' title="bbox 79 639 731 692; baseline -0.009 -10"><span class='ocrx_word' id='word_1_27' title='bbox 79 650 134 682; x_wconf 86' lang='lat' dir='ltr'>ter</span> <span class='ocrx_word' id='word_1_28' title='bbox 151 648 262 692; x_wconf 88' lang='lat' dir='ltr'>atque</span> <span class='ocrx_word' id='word_1_29' title='bbox 284 641 416 689; x_wconf 83' lang='lat' dir='ltr'>vulg0‚</span> <span class='ocrx_word' id='word_1_30' title='bbox 446 640 507 676; x_wconf 80' lang='lat' dir='ltr'>ubi</span> <span class='ocrx_word' id='word_1_31' title='bbox 525 639 731 676; x_wconf 85' lang='lat' dir='ltr'>Eunomum</span> 
     </span>
     <span class='ocr_line' id='line_1_6' title="bbox 79 695 731 752; baseline -0.008 -15"><span class='ocrx_word' id='word_1_32' title='bbox 79 704 219 752; x_wconf 84' lang='lat' dir='ltr'>patrem</span> <span class='ocrx_word' id='word_1_33' title='bbox 233 702 405 735; x_wconf 85' lang='lat' dir='ltr'>statuunt.</span> <span class='ocrx_word' id='word_1_34' title='bbox 464 695 544 733; x_wconf 74' lang='lat' dir='ltr'>Nec</span> <span class='ocrx_word' id='word_1_35' title='bbox 560 697 678 733; x_wconf 89' lang='lat' dir='ltr'>minor</span> <span class='ocrx_word' id='word_1_36' title='bbox 694 697 731 733; x_wconf 86' lang='lat' dir='ltr'>iu</span> 
     </span>
     <span class='ocr_line' id='line_1_7' title="bbox 79 752 732 804; baseline -0.011 -10"><span class='ocrx_word' id='word_1_37' title='bbox 79 760 197 795; x_wconf 83' lang='lat' dir='ltr'>aetate</span> <span class='ocrx_word' id='word_1_38' title='bbox 224 753 386 804; x_wconf 84' lang='lat' dir='ltr'>Lycurgi</span> <span class='ocrx_word' id='word_1_39' title='bbox 418 752 629 790; x_wconf 84' lang='lat' dir='ltr'>definienda</span> <span class='ocrx_word' id='word_1_40' title='bbox 656 753 732 789; x_wconf 85' lang='lat' dir='ltr'>dis-</span> 
     </span>
     <span class='ocr_line' id='line_1_8' title="bbox 79 808 730 860; baseline -0.008 -10"><span class='ocrx_word' id='word_1_41' title='bbox 79 825 230 860; x_wconf 77' lang='lat' dir='ltr'>sensus,</span> <span class='ocrx_word' id='word_1_42' title='bbox 298 823 408 860; x_wconf 90' lang='lat' dir='ltr'>quem</span> <span class='ocrx_word' id='word_1_43' title='bbox 465 808 730 846; x_wconf 76' lang='lat' dir='ltr'>Eratosthenes</span> 
     </span>
     <span class='ocr_line' id='line_1_9' title="bbox 79 865 731 914; baseline -0.008 -8"><span class='ocrx_word' id='word_1_44' title='bbox 79 873 223 907; x_wconf 74' lang='lat' dir='ltr'>centrun</span> <span class='ocrx_word' id='word_1_45' title='bbox 244 871 326 905; x_wconf 88' lang='lat' dir='ltr'>octo</span> <span class='ocrx_word' id='word_1_46' title='bbox 353 879 470 903; x_wconf 87' lang='lat' dir='ltr'>annos</span> <span class='ocrx_word' id='word_1_47' title='bbox 492 870 576 903; x_wconf 84' lang='lat' dir='ltr'>ante</span> <span class='ocrx_word' id='word_1_48' title='bbox 604 865 731 914; x_wconf 76' lang='lat' dir='ltr'>Olym-</span> 
     </span>
     <span class='ocr_line' id='line_1_10' title="bbox 79 925 733 976; baseline -0.006 -14"><span class='ocrx_word' id='word_1_49' title='bbox 79 925 223 976; x_wconf 86' lang='lat' dir='ltr'>piadem</span> <span class='ocrx_word' id='word_1_50' title='bbox 250 925 403 975; x_wconf 82' lang='lat' dir='ltr'>primam</span> <span class='ocrx_word' id='word_1_51' title='bbox 434 926 629 972; x_wconf 82' lang='lat' dir='ltr'>posuerat,</span> <span class='ocrx_word' id='word_1_52' title='bbox 659 935 733 959; x_wconf 86' lang='lat' dir='ltr'>non</span> 
     </span>
     <span class='ocr_line' id='line_1_11' title="bbox 78 977 734 1034; baseline -0.008 -15"><span class='ocrx_word' id='word_1_53' title='bbox 78 995 229 1034; x_wconf 79' lang='lat' dir='ltr'>prorsus</span> <span class='ocrx_word' id='word_1_54' title='bbox 256 982 465 1028; x_wconf 80' lang='lat' dir='ltr'>refragante</span> <span class='ocrx_word' id='word_1_55' title='bbox 493 977 734 1029; x_wconf 81' lang='lat' dir='ltr'>Apollodoro.</span> 
     </span>
     <span class='ocr_line' id='line_1_12' title="bbox 81 1034 732 1076; baseline -0.008 0"><span class='ocrx_word' id='word_1_56' title='bbox 81 1038 150 1076; x_wconf 80' lang='lat' dir='ltr'>Cr.</span> <span class='ocrx_word' id='word_1_57' title='bbox 178 1037 272 1074; x_wconf 83' lang='lat' dir='ltr'>hanc</span> <span class='ocrx_word' id='word_1_58' title='bbox 302 1037 340 1073; x_wconf 88' lang='grc' dir='ltr'>ἰιι</span> <span class='ocrx_word' id='word_1_59' title='bbox 370 1049 446 1073; x_wconf 79' lang='lat' dir='ltr'>rem</span> <span class='ocrx_word' id='word_1_60' title='bbox 473 1034 599 1072; x_wconf 82' lang='lat' dir='ltr'>laudat</span> <span class='ocrx_word' id='word_1_61' title='bbox 620 1036 664 1072; x_wconf 91' lang='lat' dir='ltr'>C.</span> <span class='ocrx_word' id='word_1_62' title='bbox 685 1035 732 1072; x_wconf 92' lang='lat' dir='ltr'>O.</span> 
     </span>
     <span class='ocr_line' id='line_1_13' title="bbox 77 1092 732 1143; baseline -0.006 -11"><span class='ocrx_word' id='word_1_63' title='bbox 77 1094 219 1132; x_wconf 59' lang='lat' dir='ltr'>Mulier.</span> <span class='ocrx_word' id='word_1_64' title='bbox 252 1093 371 1131; x_wconf 89' lang='lat' dir='ltr'>Dorer</span> <span class='ocrx_word' id='word_1_65' title='bbox 397 1092 415 1129; x_wconf 93' lang='lat' dir='ltr'>I</span> <span class='ocrx_word' id='word_1_66' title='bbox 446 1105 483 1143; x_wconf 86' lang='lat' dir='ltr'>p.</span> <span class='ocrx_word' id='word_1_67' title='bbox 517 1094 598 1134; x_wconf 83' lang='lat'>132</span> <span class='ocrx_word' id='word_1_68' title='bbox 627 1104 732 1141; x_wconf 86' lang='lat' dir='ltr'>seqq.</span> 
     </span>
     <span class='ocr_line' id='line_1_14' title="bbox 82 1154 284 1199; baseline -0.005 -6"><span class='ocrx_word' id='word_1_69' title='bbox 82 1154 161 1193; x_wconf 81' lang='lat'>137</span> <span class='ocrx_word' id='word_1_70' title='bbox 181 1163 284 1199; x_wconf 83' lang='lat' dir='ltr'>seqq</span> 
     </span>
    </p>

    <p class='ocr_par' dir='ltr' id='par_1_6' title="bbox 77 1200 734 2106">
     <span class='ocr_line' id='line_1_15' title="bbox 136 1200 734 1267; baseline -0.01 -21"><span class='ocrx_word' id='word_1_71' title='bbox 136 1205 342 1259; x_wconf 79' lang='grc' dir='ltr'>μετέστησε</span> <span class='ocrx_word' id='word_1_72' title='bbox 371 1222 417 1245; x_wconf 87' lang='grc' dir='ltr'><em>τα</em></span> <span class='ocrx_word' id='word_1_73' title='bbox 444 1200 632 1267; x_wconf 80' lang='grc' dir='ltr'><em>νόμιμα]</em></span> <span class='ocrx_word' id='word_1_74' title='bbox 647 1203 734 1241; x_wconf 92' lang='lat' dir='ltr'>Duo</span> 
     </span>
     <span class='ocr_line' id='line_1_16' title="bbox 80 1260 733 1313; baseline -0.006 -12"><span class='ocrx_word' id='word_1_75' title='bbox 80 1264 159 1302; x_wconf 87' lang='lat' dir='ltr'>libri</span> <span class='ocrx_word' id='word_1_76' title='bbox 175 1279 197 1302; x_wconf 89' lang='grc' dir='ltr'><em>ν</em></span> <span class='ocrx_word' id='word_1_77' title='bbox 212 1260 231 1302; x_wconf 84' lang='grc' dir='ltr'>ό</span> <span class='ocrx_word' id='word_1_78' title='bbox 245 1278 271 1313; x_wconf 83' lang='grc' dir='ltr'>μ</span> <span class='ocrx_word' id='word_1_79' title='bbox 284 1278 342 1311; x_wconf 75' lang='grc' dir='ltr'>ια,</span> <span class='ocrx_word' id='word_1_80' title='bbox 363 1263 462 1312; x_wconf 87' lang='lat' dir='ltr'>quod</span> <span class='ocrx_word' id='word_1_81' title='bbox 481 1263 512 1297; x_wconf 92' lang='lat' dir='ltr'>si</span> <span class='ocrx_word' id='word_1_82' title='bbox 529 1263 566 1298; x_wconf 89' lang='lat' dir='ltr'>in</span> <span class='ocrx_word' id='word_1_83' title='bbox 584 1255 733 1309; x_wconf 84' lang='grc' dir='ltr'><em>νόμαια</em></span> 
     </span>
     <span class='ocr_line' id='line_1_17' title="bbox 79 1317 732 1367; baseline -0.006 -10"><span class='ocrx_word' id='word_1_84' title='bbox 79 1324 297 1367; x_wconf 82' lang='lat' dir='ltr'>mutaretur,</span> <span class='ocrx_word' id='word_1_85' title='bbox 319 1320 417 1356; x_wconf 88' lang='lat' dir='ltr'>haud</span> <span class='ocrx_word' id='word_1_86' title='bbox 435 1318 602 1367; x_wconf 86' lang='lat' dir='ltr'>displicet</span> <span class='ocrx_word' id='word_1_87' title='bbox 624 1317 671 1354; x_wconf 72' lang='lat' dir='ltr'><strong>W</strong></span> <span class='ocrx_word' id='word_1_88' title='bbox 674 1330 732 1354; x_wconf 89' lang='lat' dir='ltr'>es-</span> 
     </span>
     <span class='ocr_line' id='line_1_18' title="bbox 81 1374 731 1424; baseline -0.008 -10"><span class='ocrx_word' id='word_1_89' title='bbox 81 1376 244 1424; x_wconf 74' lang='lat' dir='ltr'>seling&#39;ro.</span> <span class='ocrx_word' id='word_1_90' title='bbox 302 1375 361 1413; x_wconf 86' lang='lat' dir='ltr'>Ad</span> <span class='ocrx_word' id='word_1_91' title='bbox 391 1377 643 1423; x_wconf 82' lang='lat' dir='ltr'>argumentum</span> <span class='ocrx_word' id='word_1_92' title='bbox 675 1374 731 1409; x_wconf 87' lang='lat' dir='ltr'>sa-</span> 
     </span>
     <span class='ocr_line' id='line_1_19' title="bbox 79 1429 726 1480; baseline -0.008 -9"><span class='ocrx_word' id='word_1_93' title='bbox 79 1434 127 1471; x_wconf 86' lang='lat' dir='ltr'>cit</span> <span class='ocrx_word' id='word_1_94' title='bbox 157 1433 325 1480; x_wconf 86' lang='lat' dir='ltr'>Dionysii</span> <span class='ocrx_word' id='word_1_95' title='bbox 352 1432 509 1468; x_wconf 74' lang='lat' dir='ltr'>narratio</span> <span class='ocrx_word' id='word_1_96' title='bbox 547 1429 726 1479; x_wconf 85' lang='lat' dir='ltr'>(Antiqq.</span> 
     </span>
     <span class='ocr_line' id='line_1_20' title="bbox 77 1488 727 1537; baseline -0.009 -10"><span class='ocrx_word' id='word_1_97' title='bbox 77 1488 292 1536; x_wconf 84' lang='lat' dir='ltr'>Romm.11‚</span> <span class='ocrx_word' id='word_1_98' title='bbox 310 1488 398 1537; x_wconf 77' lang='grc'>49),</span> <span class='ocrx_word' id='word_1_99' title='bbox 427 1501 490 1525; x_wconf 92' lang='lat' dir='ltr'>eos</span> <span class='ocrx_word' id='word_1_100' title='bbox 511 1488 727 1536; x_wconf 71' lang='lat' dir='ltr'>Spartanos,</span> 
     </span>
     <span class='ocr_line' id='line_1_21' title="bbox 79 1542 729 1597; baseline -0.003 -15"><span class='ocrx_word' id='word_1_101' title='bbox 79 1547 139 1597; x_wconf 90' lang='lat' dir='ltr'>qui</span> <span class='ocrx_word' id='word_1_102' title='bbox 156 1546 262 1582; x_wconf 88' lang='lat' dir='ltr'>nimis</span> <span class='ocrx_word' id='word_1_103' title='bbox 287 1545 395 1582; x_wconf 86' lang='lat' dir='ltr'>duras</span> <span class='ocrx_word' id='word_1_104' title='bbox 415 1548 452 1581; x_wconf 89' lang='lat' dir='ltr'>et</span> <span class='ocrx_word' id='word_1_105' title='bbox 480 1556 626 1581; x_wconf 80' lang='lat' dir='ltr'>severas</span> <span class='ocrx_word' id='word_1_106' title='bbox 651 1542 729 1591; x_wconf 76' lang='lat' dir='ltr'>Ly-</span> 
     </span>
     <span class='ocr_line' id='line_1_22' title="bbox 79 1600 729 1651; baseline -0.006 -12"><span class='ocrx_word' id='word_1_107' title='bbox 79 1602 179 1651; x_wconf 76' lang='lat' dir='ltr'>curgi</span> <span class='ocrx_word' id='word_1_108' title='bbox 198 1602 301 1650; x_wconf 79' lang='lat' dir='ltr'>leges</span> <span class='ocrx_word' id='word_1_109' title='bbox 320 1603 414 1639; x_wconf 84' lang='lat' dir='ltr'>ferre</span> <span class='ocrx_word' id='word_1_110' title='bbox 425 1613 498 1637; x_wconf 86' lang='lat' dir='ltr'>non</span> <span class='ocrx_word' id='word_1_111' title='bbox 509 1600 729 1650; x_wconf 87' lang='lat' dir='ltr'>potuissent,</span> 
     </span>
     <span class='ocr_line' id='line_1_23' title="bbox 78 1655 729 1696; baseline -0.008 0"><span class='ocrx_word' id='word_1_112' title='bbox 78 1659 117 1696; x_wconf 86' lang='lat' dir='ltr'>iu</span> <span class='ocrx_word' id='word_1_113' title='bbox 141 1658 280 1696; x_wconf 82' lang='lat' dir='ltr'>ltaliam</span> <span class='ocrx_word' id='word_1_114' title='bbox 307 1658 356 1694; x_wconf 86' lang='lat' dir='ltr'>ad</span> <span class='ocrx_word' id='word_1_115' title='bbox 395 1657 554 1694; x_wconf 85' lang='lat' dir='ltr'>Sabinos</span> <span class='ocrx_word' id='word_1_116' title='bbox 582 1655 729 1693; x_wconf 88' lang='lat' dir='ltr'>commi-</span> 
     </span>
     <span class='ocr_line' id='line_1_24' title="bbox 79 1712 731 1765; baseline -0.006 -14"><span class='ocrx_word' id='word_1_117' title='bbox 79 1727 227 1765; x_wconf 80' lang='lat' dir='ltr'>grasse3</span> <span class='ocrx_word' id='word_1_118' title='bbox 265 1715 362 1751; x_wconf 91' lang='lat' dir='ltr'>unde</span> <span class='ocrx_word' id='word_1_119' title='bbox 382 1714 431 1751; x_wconf 87' lang='lat' dir='ltr'>ad</span> <span class='ocrx_word' id='word_1_120' title='bbox 458 1713 646 1750; x_wconf 85' lang='lat' dir='ltr'>Romanos</span> <span class='ocrx_word' id='word_1_121' title='bbox 675 1712 731 1748; x_wconf 90' lang='lat' dir='ltr'>in-</span> 
     </span>
     <span class='ocr_line' id='line_1_25' title="bbox 79 1769 732 1821; baseline -0.006 -12"><span class='ocrx_word' id='word_1_122' title='bbox 79 1772 205 1809; x_wconf 82' lang='lat' dir='ltr'>stituta</span> <span class='ocrx_word' id='word_1_123' title='bbox 228 1771 410 1821; x_wconf 84' lang='lat' dir='ltr'>quaedam</span> <span class='ocrx_word' id='word_1_124' title='bbox 434 1769 618 1809; x_wconf 87' lang='lat' dir='ltr'>Laconica</span> <span class='ocrx_word' id='word_1_125' title='bbox 646 1781 732 1820; x_wconf 88' lang='lat' dir='ltr'>per-</span> 
     </span>
     <span class='ocr_line' id='line_1_26' title="bbox 77 1824 729 1870; baseline -0.006 -4"><span class='ocrx_word' id='word_1_126' title='bbox 77 1827 252 1866; x_wconf 83' lang='lat' dir='ltr'>venerint.</span> <span class='ocrx_word' id='word_1_127' title='bbox 311 1827 433 1870; x_wconf 84' lang='lat' dir='ltr'>Quam</span> <span class='ocrx_word' id='word_1_128' title='bbox 473 1827 511 1863; x_wconf 92' lang='lat' dir='ltr'>in</span> <span class='ocrx_word' id='word_1_129' title='bbox 544 1839 621 1863; x_wconf 89' lang='lat' dir='ltr'>rem</span> <span class='ocrx_word' id='word_1_130' title='bbox 663 1824 729 1862; x_wconf 81' lang='lat' dir='ltr'>Cr.</span> 
     </span>
     <span class='ocr_line' id='line_1_27' title="bbox 79 1882 728 1930; baseline -0.006 -8"><span class='ocrx_word' id='word_1_131' title='bbox 79 1885 234 1922; x_wconf 85' lang='lat' dir='ltr'>conferri</span> <span class='ocrx_word' id='word_1_132' title='bbox 253 1883 354 1922; x_wconf 89' lang='lat' dir='ltr'>iubet</span> <span class='ocrx_word' id='word_1_133' title='bbox 371 1883 536 1921; x_wconf 90' lang='lat' dir='ltr'>Ciceron.</span> <span class='ocrx_word' id='word_1_134' title='bbox 564 1883 611 1920; x_wconf 92' lang='lat' dir='ltr'>de</span> <span class='ocrx_word' id='word_1_135' title='bbox 629 1882 728 1930; x_wconf 80' lang='lat' dir='ltr'>legg.</span> 
     </span>
     <span class='ocr_line' id='line_1_28' title="bbox 79 1938 731 1992; baseline -0.006 -14"><span class='ocrx_word' id='word_1_136' title='bbox 79 1940 153 1989; x_wconf 86' lang='lat' dir='ltr'>III,</span> <span class='ocrx_word' id='word_1_137' title='bbox 174 1943 200 1982; x_wconf 86' lang='lat'>7</span> <span class='ocrx_word' id='word_1_138' title='bbox 223 1939 260 1992; x_wconf 62' lang='grc' dir='ltr'>ἓ.</span> <span class='ocrx_word' id='word_1_139' title='bbox 282 1942 333 1981; x_wconf 88' lang='grc'>16</span> <span class='ocrx_word' id='word_1_140' title='bbox 363 1940 451 1989; x_wconf 85' lang='lat' dir='ltr'>ibiq.</span> <span class='ocrx_word' id='word_1_141' title='bbox 469 1943 560 1976; x_wconf 73' lang='lat' dir='ltr'>nott.</span> <span class='ocrx_word' id='word_1_142' title='bbox 583 1943 620 1976; x_wconf 91' lang='lat' dir='ltr'>et</span> <span class='ocrx_word' id='word_1_143' title='bbox 639 1938 731 1975; x_wconf 89' lang='lat' dir='ltr'>Hei-</span> 
     </span>
     <span class='ocr_line' id='line_1_29' title="bbox 80 1995 728 2046; baseline -0.005 -11"><span class='ocrx_word' id='word_1_144' title='bbox 80 2010 177 2036; x_wconf 86' lang='lat' dir='ltr'>necc.</span> <span class='ocrx_word' id='word_1_145' title='bbox 188 1998 376 2046; x_wconf 82' lang='lat' dir='ltr'>Syntagm.</span> <span class='ocrx_word' id='word_1_146' title='bbox 387 1996 535 2045; x_wconf 83' lang='lat' dir='ltr'>Antiqq.</span> <span class='ocrx_word' id='word_1_147' title='bbox 548 1995 728 2033; x_wconf 77' lang='lat' dir='ltr'>Romanu.</span> 
     </span>
     <span class='ocr_line' id='line_1_30' title="bbox 81 2051 598 2106; baseline -0.006 -15"><span class='ocrx_word' id='word_1_148' title='bbox 81 2067 166 2106; x_wconf 80' lang='lat' dir='ltr'>pag.</span> <span class='ocrx_word' id='word_1_149' title='bbox 187 2053 214 2095; x_wconf 86' lang='lat'><strong>4</strong></span> <span class='ocrx_word' id='word_1_150' title='bbox 233 2066 310 2103; x_wconf 90' lang='lat' dir='ltr'>seq.</span> <span class='ocrx_word' id='word_1_151' title='bbox 333 2053 391 2091; x_wconf 89' lang='lat' dir='ltr'>ed.</span> <span class='ocrx_word' id='word_1_152' title='bbox 412 2051 598 2090; x_wconf 89' lang='lat' dir='ltr'>Haubold.</span> 
     </span>
    </p>

    <p class='ocr_par' dir='ltr' id='par_1_7' title="bbox 82 2104 740 2954">
     <span class='ocr_line' id='line_1_31' title="bbox 138 2104 732 2161; baseline -0.005 -11"><span class='ocrx_word' id='word_1_153' title='bbox 138 2109 353 2161; x_wconf 80' lang='grc' dir='ltr'><em>ἐνωμοτίας</em></span> <span class='ocrx_word' id='word_1_154' title='bbox 398 2107 467 2149; x_wconf 77' lang='grc' dir='ltr'>καὶ</span> <span class='ocrx_word' id='word_1_155' title='bbox 515 2104 732 2160; x_wconf 80' lang='grc' dir='ltr'><em>τριηκάδας</em></span> 
     </span>
     <span class='ocr_line' id='line_1_32' title="bbox 82 2165 733 2213; baseline -0.008 -7"><span class='ocrx_word' id='word_1_156' title='bbox 82 2165 149 2206; x_wconf 81' lang='grc' dir='ltr'>καὶ</span> <span class='ocrx_word' id='word_1_157' title='bbox 194 2166 397 2213; x_wconf 83' lang='grc' dir='ltr'><em>συσσίτια]</em></span> <span class='ocrx_word' id='word_1_158' title='bbox 460 2165 628 2203; x_wconf 82' lang='lat' dir='ltr'>Proxime</span> <span class='ocrx_word' id='word_1_159' title='bbox 663 2165 733 2202; x_wconf 88' lang='lat' dir='ltr'>huc</span> 
     </span>
     <span class='ocr_line' id='line_1_33' title="bbox 82 2222 733 2274; baseline -0.005 -13"><span class='ocrx_word' id='word_1_160' title='bbox 82 2227 224 2274; x_wconf 87' lang='lat' dir='ltr'>spectat</span> <span class='ocrx_word' id='word_1_161' title='bbox 239 2223 413 2272; x_wconf 86' lang='lat' dir='ltr'>Polyaeni</span> <span class='ocrx_word' id='word_1_162' title='bbox 442 2222 574 2260; x_wconf 84' lang='lat' dir='ltr'>locus</span> <span class='ocrx_word' id='word_1_163' title='bbox 566 2235 603 2259; x_wconf 90' lang='lat' dir='ltr'>m</span> <span class='ocrx_word' id='word_1_164' title='bbox 630 2222 733 2259; x_wconf 87' lang='lat' dir='ltr'>Stra-</span> 
     </span>
     <span class='ocr_line' id='line_1_34' title="bbox 83 2274 735 2330; baseline 0 -13"><span class='ocrx_word' id='word_1_165' title='bbox 83 2284 182 2329; x_wconf 84' lang='lat' dir='ltr'>tegg.</span> <span class='ocrx_word' id='word_1_166' title='bbox 203 2280 256 2328; x_wconf 89' lang='lat' dir='ltr'>ll,</span> <span class='ocrx_word' id='word_1_167' title='bbox 271 2282 311 2328; x_wconf 82' lang='lat'>3,</span> <span class='ocrx_word' id='word_1_168' title='bbox 330 2282 392 2321; x_wconf 91' lang='lat'>11.</span> <span class='ocrx_word' id='word_1_169' title='bbox 422 2274 735 2330; x_wconf 78' lang='grc' dir='ltr'><em>Λακεδαιμόνιοι</em></span> 
     </span>
     <span class='ocr_line' id='line_1_35' title="bbox 85 2332 733 2388; baseline -0.003 -12"><span class='ocrx_word' id='word_1_170' title='bbox 85 2335 156 2388; x_wconf 81' lang='grc' dir='ltr'>μὲν</span> <span class='ocrx_word' id='word_1_171' title='bbox 175 2333 225 2388; x_wconf 85' lang='grc' dir='ltr'>δη</span> <span class='ocrx_word' id='word_1_172' title='bbox 259 2350 358 2376; x_wconf 84' lang='grc' dir='ltr'><em>κατα</em></span> <span class='ocrx_word' id='word_1_173' title='bbox 380 2332 522 2386; x_wconf 82' lang='grc' dir='ltr'><em>λόχους</em></span> <span class='ocrx_word' id='word_1_174' title='bbox 552 2335 620 2375; x_wconf 79' lang='grc' dir='ltr'>καὶ</span> <span class='ocrx_word' id='word_1_175' title='bbox 647 2335 733 2386; x_wconf 87' lang='grc' dir='ltr'><em>μοί-</em></span> 
     </span>
     <span class='ocr_line' id='line_1_36' title="bbox 86 2391 733 2446; baseline 0 -15"><span class='ocrx_word' id='word_1_176' title='bbox 86 2407 178 2446; x_wconf 77' lang='grc' dir='ltr'><em>ρας,</em></span> <span class='ocrx_word' id='word_1_177' title='bbox 206 2392 493 2444; x_wconf 80' lang='grc' dir='ltr'><em>ἐνωμοτίας</em></span> <span class='ocrx_word' id='word_1_178' title='bbox 521 2391 608 2432; x_wconf 79' lang='grc' dir='ltr'>καὶ</span> <span class='ocrx_word' id='word_1_179' title='bbox 627 2403 733 2431; x_wconf 87' lang='grc' dir='ltr'>συσ-</span> 
     </span>
     <span class='ocr_line' id='line_1_37' title="bbox 88 2445 733 2502; baseline -0.002 -14"><span class='ocrx_word' id='word_1_180' title='bbox 88 2450 230 2489; x_wconf 75' lang='grc' dir='ltr'><em>σίτια</em></span> <span class='ocrx_word' id='word_1_181' title='bbox 266 2445 664 2502; x_wconf 79' lang='grc' dir='ltr'><em>στρατοπεδεύοντες,</em></span> <span class='ocrx_word' id='word_1_182' title='bbox 699 2446 733 2487; x_wconf 83' lang='grc' dir='ltr'>ε’-</span> 
     </span>
     <span class='ocr_line' id='line_1_38' title="bbox 89 2506 736 2556; baseline -0.003 -12"><span class='ocrx_word' id='word_1_183' title='bbox 89 2509 222 2556; x_wconf 80' lang='grc' dir='ltr'><em>μαθον</em></span> <span class='ocrx_word' id='word_1_184' title='bbox 247 2521 285 2546; x_wconf 83' lang='grc' dir='ltr'>κ.</span> <span class='ocrx_word' id='word_1_185' title='bbox 313 2520 345 2545; x_wconf 87' lang='grc' dir='ltr'><em>τ.</em></span> <span class='ocrx_word' id='word_1_186' title='bbox 366 2509 401 2544; x_wconf 86' lang='grc' dir='ltr'>λ.</span> <span class='ocrx_word' id='word_1_187' title='bbox 459 2506 519 2544; x_wconf 93' lang='lat' dir='ltr'>De</span> <span class='ocrx_word' id='word_1_188' title='bbox 542 2506 736 2543; x_wconf 78' lang='lat' dir='ltr'>Enomotioe</span> 
     </span>
     <span class='ocr_line' id='line_1_39' title="bbox 88 2562 734 2600; baseline 0.002 -3"><span class='ocrx_word' id='word_1_189' title='bbox 88 2562 186 2598; x_wconf 86' lang='lat' dir='ltr'>varia</span> <span class='ocrx_word' id='word_1_190' title='bbox 200 2563 394 2600; x_wconf 88' lang='lat' dir='ltr'>traduntur</span> <span class='ocrx_word' id='word_1_191' title='bbox 411 2575 433 2600; x_wconf 87' lang='lat' dir='ltr'>a</span> <span class='ocrx_word' id='word_1_192' title='bbox 451 2563 644 2600; x_wconf 69' lang='lat' dir='ltr'>veteribus</span> <span class='ocrx_word' id='word_1_193' title='bbox 667 2562 713 2599; x_wconf 83' lang='grc' dir='ltr'><strong>Γ</strong></span> <span class='ocrx_word' id='word_1_194' title='bbox 705 2576 734 2598; x_wconf 81' lang='grc' dir='ltr'>ι-</span> 
     </span>
     <span class='ocr_line' id='line_1_40' title="bbox 91 2618 736 2668; baseline 0.003 -15"><span class='ocrx_word' id='word_1_195' title='bbox 91 2629 234 2665; x_wconf 83' lang='lat' dir='ltr'>maeus,</span> <span class='ocrx_word' id='word_1_196' title='bbox 253 2631 276 2656; x_wconf 86' lang='lat' dir='ltr'>a</span> <span class='ocrx_word' id='word_1_197' title='bbox 292 2619 358 2657; x_wconf 82' lang='lat' dir='ltr'>Cr.</span> <span class='ocrx_word' id='word_1_198' title='bbox 378 2619 563 2668; x_wconf 86' lang='lat' dir='ltr'>laudatus,</span> <span class='ocrx_word' id='word_1_199' title='bbox 579 2618 736 2656; x_wconf 83' lang='lat' dir='ltr'>inLexi-</span> 
     </span>
     <span class='ocr_line' id='line_1_41' title="bbox 92 2671 735 2743; baseline 0.006 -33"><span class='ocrx_word' id='word_1_200' title='bbox 92 2685 133 2710; x_wconf 90' lang='lat' dir='ltr'>co</span> <span class='ocrx_word' id='word_1_201' title='bbox 149 2672 290 2712; x_wconf 85' lang='lat' dir='ltr'>Platon.</span> <span class='ocrx_word' id='word_1_202' title='bbox 308 2689 345 2726; x_wconf 91' lang='lat' dir='ltr'>p.</span> <span class='ocrx_word' id='word_1_203' title='bbox 369 2678 448 2717; x_wconf 84' lang='lat'>106</span> <span class='ocrx_word' id='word_1_204' title='bbox 467 2671 597 2743; x_wconf 78' lang='grc' dir='ltr'><em>τάγμα</em></span> <span class='ocrx_word' id='word_1_205' title='bbox 616 2671 735 2722; x_wconf 64' lang='grc' dir='ltr'><strong>πεζοι)</strong></span> 
     </span>
     <span class='ocr_line' id='line_1_42' title="bbox 93 2727 736 2780; baseline 0.009 -16"><span class='ocrx_word' id='word_1_206' title='bbox 93 2729 180 2766; x_wconf 87' lang='lat' dir='ltr'>dicit</span> <span class='ocrx_word' id='word_1_207' title='bbox 198 2742 402 2780; x_wconf 86' lang='lat' dir='ltr'>nomenque</span> <span class='ocrx_word' id='word_1_208' title='bbox 429 2732 528 2770; x_wconf 86' lang='lat' dir='ltr'>ducit</span> <span class='ocrx_word' id='word_1_209' title='bbox 557 2727 635 2772; x_wconf 75' lang='grc' dir='ltr'>ἄπο</span> <span class='ocrx_word' id='word_1_210' title='bbox 664 2733 736 2771; x_wconf 87' lang='grc' dir='ltr'><em>τοῦ</em></span> 
     </span>
     <span class='ocr_line' id='line_1_43' title="bbox 97 2779 737 2840; baseline 0.006 -16"><span class='ocrx_word' id='word_1_211' title='bbox 97 2779 268 2835; x_wconf 80' lang='grc' dir='ltr'><em>ὄμνύναι</em></span> <span class='ocrx_word' id='word_1_212' title='bbox 299 2783 442 2835; x_wconf 74' lang='grc' dir='ltr'><em>αὐτοὺς</em></span> <span class='ocrx_word' id='word_1_213' title='bbox 488 2805 542 2840; x_wconf 84' lang='grc' dir='ltr'>μη</span> <span class='ocrx_word' id='word_1_214' title='bbox 581 2788 737 2837; x_wconf 81' lang='grc' dir='ltr'><em>λείψειν</em></span> 
     </span>
     <span class='ocr_line' id='line_1_44' title="bbox 94 2837 737 2891; baseline 0.006 -13"><span class='ocrx_word' id='word_1_215' title='bbox 94 2856 169 2891; x_wconf 85' lang='grc' dir='ltr'>την</span> <span class='ocrx_word' id='word_1_216' title='bbox 190 2837 324 2891; x_wconf 75' lang='grc' dir='ltr'><em>τάξιν,</em></span> <span class='ocrx_word' id='word_1_217' title='bbox 346 2846 409 2882; x_wconf 91' lang='lat' dir='ltr'>ubi</span> <span class='ocrx_word' id='word_1_218' title='bbox 429 2847 523 2883; x_wconf 84' lang='lat' dir='ltr'>conf.</span> <span class='ocrx_word' id='word_1_219' title='bbox 541 2846 737 2883; x_wconf 84' lang='lat' dir='ltr'>Ruhnken.</span> 
     </span>
     <span class='ocr_line' id='line_1_45' title="bbox 94 2898 740 2954; baseline 0.009 -20"><span class='ocrx_word' id='word_1_220' title='bbox 94 2898 206 2948; x_wconf 90' lang='lat' dir='ltr'>Apud</span> <span class='ocrx_word' id='word_1_221' title='bbox 228 2898 384 2949; x_wconf 81' lang='lat' dir='ltr'>Hesych.</span> <span class='ocrx_word' id='word_1_222' title='bbox 423 2913 452 2938; x_wconf 79' lang='lat' dir='ltr'>s.</span> <span class='ocrx_word' id='word_1_223' title='bbox 485 2915 519 2940; x_wconf 88' lang='lat' dir='ltr'>v.</span> <span class='ocrx_word' id='word_1_224' title='bbox 545 2902 740 2954; x_wconf 76' lang='lat' dir='ltr'>explicatur</span> 
     </span>
    </p>
   </div>
   <div class='ocr_carea' id='block_1_6' title="bbox 795 634 1476 2954">
    <p class='ocr_par' dir='ltr' id='par_1_8' title="bbox 795 634 1458 2500">
     <span class='ocr_line' id='line_1_46' title="bbox 799 634 1458 691; baseline 0 -14"><span class='ocrx_word' id='word_1_225' title='bbox 799 635 910 686; x_wconf 78' lang='grc' dir='ltr'><em>τάξις</em></span> <span class='ocrx_word' id='word_1_226' title='bbox 939 654 997 684; x_wconf 73' lang='grc' dir='ltr'><em>τις</em></span> <span class='ocrx_word' id='word_1_227' title='bbox 1027 634 1093 677; x_wconf 68' lang='grc' dir='ltr'>δια</span> <span class='ocrx_word' id='word_1_228' title='bbox 1113 638 1296 691; x_wconf 82' lang='grc' dir='ltr'><em>σφαγίων</em></span> <span class='ocrx_word' id='word_1_229' title='bbox 1313 634 1458 688; x_wconf 79' lang='grc' dir='ltr'><em>ἐνώμο-</em></span> 
     </span>
     <span class='ocr_line' id='line_1_47' title="bbox 800 695 1458 745; baseline 0.002 -13"><span class='ocrx_word' id='word_1_230' title='bbox 800 710 889 744; x_wconf 82' lang='grc' dir='ltr'><em>τος,·</em></span> <span class='ocrx_word' id='word_1_231' title='bbox 938 708 1096 745; x_wconf 87' lang='lat' dir='ltr'>quocum</span> <span class='ocrx_word' id='word_1_232' title='bbox 1142 696 1237 733; x_wconf 88' lang='lat' dir='ltr'>conf.</span> <span class='ocrx_word' id='word_1_233' title='bbox 1287 695 1458 733; x_wconf 84' lang='lat' dir='ltr'>Zonarae</span> 
     </span>
     <span class='ocr_line' id='line_1_48' title="bbox 799 751 1458 802; baseline -0.002 -13"><span class='ocrx_word' id='word_1_234' title='bbox 799 751 924 790; x_wconf 77' lang='lat' dir='ltr'>Lexic.</span> <span class='ocrx_word' id='word_1_235' title='bbox 946 765 1031 802; x_wconf 70' lang='lat' dir='ltr'>pag.</span> <span class='ocrx_word' id='word_1_236' title='bbox 1054 755 1147 793; x_wconf 76' lang='lat'>720.</span> <span class='ocrx_word' id='word_1_237' title='bbox 1169 755 1263 794; x_wconf 78' lang='lat'>722.</span> <span class='ocrx_word' id='word_1_238' title='bbox 1310 751 1458 800; x_wconf 84' lang='lat' dir='ltr'>Thucy-</span> 
     </span>
     <span class='ocr_line' id='line_1_49' title="bbox 802 808 1455 856; baseline -0.002 -11"><span class='ocrx_word' id='word_1_239' title='bbox 802 810 925 846; x_wconf 83' lang='lat' dir='ltr'>didem</span> <span class='ocrx_word' id='word_1_240' title='bbox 937 808 982 855; x_wconf 79' lang='lat' dir='ltr'>V,</span> <span class='ocrx_word' id='word_1_241' title='bbox 998 811 1050 849; x_wconf 84' lang='grc'>68</span> <span class='ocrx_word' id='word_1_242' title='bbox 1075 809 1104 844; x_wconf 88' lang='lat' dir='ltr'>si</span> <span class='ocrx_word' id='word_1_243' title='bbox 1124 809 1274 856; x_wconf 83' lang='lat' dir='ltr'>audies,</span> <span class='ocrx_word' id='word_1_244' title='bbox 1307 821 1455 845; x_wconf 85' lang='lat' dir='ltr'>enomo-</span> 
     </span>
     <span class='ocr_line' id='line_1_50' title="bbox 801 865 1455 916; baseline -0.002 -14"><span class='ocrx_word' id='word_1_245' title='bbox 801 867 873 903; x_wconf 80' lang='lat' dir='ltr'>tine</span> <span class='ocrx_word' id='word_1_246' title='bbox 891 870 1049 914; x_wconf 82' lang='lat' dir='ltr'>quatuor</span> <span class='ocrx_word' id='word_1_247' title='bbox 1060 865 1107 901; x_wconf 83' lang='lat' dir='ltr'>ad</span> <span class='ocrx_word' id='word_1_248' title='bbox 1119 868 1359 916; x_wconf 87' lang='lat' dir='ltr'>pentecostyn</span> <span class='ocrx_word' id='word_1_249' title='bbox 1370 878 1455 914; x_wconf 89' lang='lat' dir='ltr'>per-</span> 
     </span>
     <span class='ocr_line' id='line_1_51' title="bbox 800 922 1455 971; baseline -0.002 -12"><span class='ocrx_word' id='word_1_250' title='bbox 800 922 986 968; x_wconf 85' lang='lat' dir='ltr'>tinebant,</span> <span class='ocrx_word' id='word_1_251' title='bbox 1036 934 1130 970; x_wconf 85' lang='lat' dir='ltr'>quae</span> <span class='ocrx_word' id='word_1_252' title='bbox 1160 922 1242 971; x_wconf 85' lang='lat' dir='ltr'>ipsa</span> <span class='ocrx_word' id='word_1_253' title='bbox 1275 922 1455 971; x_wconf 85' lang='lat' dir='ltr'>quinqua-</span> 
     </span>
     <span class='ocr_line' id='line_1_52' title="bbox 804 977 1455 1028; baseline 0.002 -14"><span class='ocrx_word' id='word_1_254' title='bbox 804 980 905 1028; x_wconf 79' lang='lat' dir='ltr'>ginta</span> <span class='ocrx_word' id='word_1_255' title='bbox 937 982 1014 1015; x_wconf 75' lang='lat' dir='ltr'>erat</span> <span class='ocrx_word' id='word_1_256' title='bbox 1041 977 1250 1025; x_wconf 81' lang='lat' dir='ltr'>hominum,</span> <span class='ocrx_word' id='word_1_257' title='bbox 1288 982 1325 1015; x_wconf 89' lang='lat' dir='ltr'>et</span> <span class='ocrx_word' id='word_1_258' title='bbox 1359 989 1455 1026; x_wconf 86' lang='lat' dir='ltr'>quae</span> 
     </span>
     <span class='ocr_line' id='line_1_53' title="bbox 803 1033 1454 1084; baseline -0.005 -11"><span class='ocrx_word' id='word_1_259' title='bbox 803 1039 932 1084; x_wconf 85' lang='lat' dir='ltr'>quater</span> <span class='ocrx_word' id='word_1_260' title='bbox 955 1038 1059 1071; x_wconf 85' lang='lat' dir='ltr'>aucta</span> <span class='ocrx_word' id='word_1_261' title='bbox 1078 1034 1292 1071; x_wconf 81' lang='lat' dir='ltr'>conficiebat</span> <span class='ocrx_word' id='word_1_262' title='bbox 1311 1033 1454 1071; x_wconf 91' lang='lat' dir='ltr'>lochum</span> 
     </span>
     <span class='ocr_line' id='line_1_54' title="bbox 804 1090 1454 1128; baseline -0.002 0"><span class='ocrx_word' id='word_1_263' title='bbox 804 1093 881 1128; x_wconf 77' lang='lat' dir='ltr'>sive</span> <span class='ocrx_word' id='word_1_264' title='bbox 906 1092 1143 1128; x_wconf 83' lang='lat' dir='ltr'>ducentorum</span> <span class='ocrx_word' id='word_1_265' title='bbox 1178 1090 1364 1127; x_wconf 88' lang='lat' dir='ltr'>hominum</span> <span class='ocrx_word' id='word_1_266' title='bbox 1392 1103 1454 1127; x_wconf 91' lang='lat' dir='ltr'>co-</span> 
     </span>
     <span class='ocr_line' id='line_1_55' title="bbox 802 1146 1453 1196; baseline 0.002 -12"><span class='ocrx_word' id='word_1_267' title='bbox 802 1148 955 1185; x_wconf 79' lang='lat' dir='ltr'>hortem.</span> <span class='ocrx_word' id='word_1_268' title='bbox 1041 1146 1122 1183; x_wconf 78' lang='lat' dir='ltr'>Alia</span> <span class='ocrx_word' id='word_1_269' title='bbox 1169 1146 1377 1196; x_wconf 71' lang='lat' dir='ltr'>Xenophon</span> <span class='ocrx_word' id='word_1_270' title='bbox 1405 1147 1453 1185; x_wconf 84' lang='lat' dir='ltr'>de</span> 
     </span>
     <span class='ocr_line' id='line_1_56' title="bbox 801 1200 1453 1254; baseline -0.006 -12"><span class='ocrx_word' id='word_1_271' title='bbox 801 1204 859 1242; x_wconf 78' lang='lat' dir='ltr'>Re</span> <span class='ocrx_word' id='word_1_272' title='bbox 878 1218 914 1254; x_wconf 89' lang='lat' dir='ltr'>p.</span> <span class='ocrx_word' id='word_1_273' title='bbox 939 1203 1158 1240; x_wconf 81' lang='lat' dir='ltr'>Lacedaem.</span> <span class='ocrx_word' id='word_1_274' title='bbox 1180 1202 1233 1240; x_wconf 90' lang='lat' dir='ltr'>XI</span> <span class='ocrx_word' id='word_1_275' title='bbox 1254 1200 1291 1253; x_wconf 60' lang='grc' dir='ltr'>ἓ.</span> <span class='ocrx_word' id='word_1_276' title='bbox 1315 1202 1361 1248; x_wconf 81' lang='grc'>4;</span> <span class='ocrx_word' id='word_1_277' title='bbox 1390 1203 1453 1251; x_wconf 85' lang='lat' dir='ltr'>qui</span> 
     </span>
     <span class='ocr_line' id='line_1_57' title="bbox 800 1259 1452 1307; baseline -0.002 -11"><span class='ocrx_word' id='word_1_278' title='bbox 800 1274 938 1297; x_wconf 85' lang='lat' dir='ltr'>moram</span> <span class='ocrx_word' id='word_1_279' title='bbox 961 1260 1167 1296; x_wconf 81' lang='lat' dir='ltr'>constitisse</span> <span class='ocrx_word' id='word_1_280' title='bbox 1194 1259 1280 1295; x_wconf 83' lang='lat' dir='ltr'>dicit</span> <span class='ocrx_word' id='word_1_281' title='bbox 1299 1263 1452 1307; x_wconf 85' lang='lat' dir='ltr'>quatuor</span> 
     </span>
     <span class='ocr_line' id='line_1_58' title="bbox 799 1315 1453 1365; baseline -0.005 -12"><span class='ocrx_word' id='word_1_282' title='bbox 799 1317 936 1361; x_wconf 81' lang='lat' dir='ltr'>lochis,</span> <span class='ocrx_word' id='word_1_283' title='bbox 986 1320 1068 1352; x_wconf 85' lang='lat' dir='ltr'>octo</span> <span class='ocrx_word' id='word_1_284' title='bbox 1102 1315 1386 1365; x_wconf 79' lang='lat' dir='ltr'>pentecostybus</span> <span class='ocrx_word' id='word_1_285' title='bbox 1415 1319 1453 1352; x_wconf 90' lang='lat' dir='ltr'>et</span> 
     </span>
     <span class='ocr_line' id='line_1_59' title="bbox 799 1372 1451 1417; baseline -0.006 -6"><span class='ocrx_word' id='word_1_286' title='bbox 799 1374 957 1411; x_wconf 82' lang='lat' dir='ltr'>sedecim</span> <span class='ocrx_word' id='word_1_287' title='bbox 985 1373 1200 1417; x_wconf 84' lang='lat' dir='ltr'>euomotiis;</span> <span class='ocrx_word' id='word_1_288' title='bbox 1229 1372 1328 1408; x_wconf 90' lang='lat' dir='ltr'>unde</span> <span class='ocrx_word' id='word_1_289' title='bbox 1362 1384 1451 1408; x_wconf 85' lang='lat' dir='ltr'>eno—</span> 
     </span>
     <span class='ocr_line' id='line_1_60' title="bbox 797 1427 1451 1478; baseline -0.005 -11"><span class='ocrx_word' id='word_1_290' title='bbox 797 1431 946 1468; x_wconf 86' lang='lat' dir='ltr'>motiam</span> <span class='ocrx_word' id='word_1_291' title='bbox 965 1429 1083 1478; x_wconf 86' lang='lat' dir='ltr'>ipsam</span> <span class='ocrx_word' id='word_1_292' title='bbox 1097 1427 1360 1477; x_wconf 79' lang='lat' dir='ltr'>quinquaginta</span> <span class='ocrx_word' id='word_1_293' title='bbox 1384 1427 1451 1464; x_wconf 88' lang='lat' dir='ltr'>ho-</span> 
     </span>
     <span class='ocr_line' id='line_1_61' title="bbox 797 1484 1451 1531; baseline -0.003 -7"><span class='ocrx_word' id='word_1_294' title='bbox 797 1487 932 1524; x_wconf 84' lang='lat' dir='ltr'>minum</span> <span class='ocrx_word' id='word_1_295' title='bbox 953 1486 1066 1523; x_wconf 75' lang='lat' dir='ltr'>fuisse</span> <span class='ocrx_word' id='word_1_296' title='bbox 1085 1484 1256 1522; x_wconf 81' lang='lat' dir='ltr'>credibile</span> <span class='ocrx_word' id='word_1_297' title='bbox 1275 1488 1349 1531; x_wconf 88' lang='lat' dir='ltr'>est,</span> <span class='ocrx_word' id='word_1_298' title='bbox 1369 1497 1451 1522; x_wconf 89' lang='lat' dir='ltr'>cum</span> 
     </span>
     <span class='ocr_line' id='line_1_62' title="bbox 795 1540 1451 1591; baseline -0.008 -9"><span class='ocrx_word' id='word_1_299' title='bbox 795 1556 898 1582; x_wconf 82' lang='lat' dir='ltr'>mora</span> <span class='ocrx_word' id='word_1_300' title='bbox 917 1543 1207 1591; x_wconf 76' lang='lat' dir='ltr'>octingentorum</span> <span class='ocrx_word' id='word_1_301' title='bbox 1225 1544 1334 1578; x_wconf 82' lang='lat' dir='ltr'>esset.</span> <span class='ocrx_word' id='word_1_302' title='bbox 1355 1540 1451 1577; x_wconf 91' lang='lat' dir='ltr'>Cum</span> 
     </span>
     <span class='ocr_line' id='line_1_63' title="bbox 797 1597 1449 1638; baseline -0.008 0"><span class='ocrx_word' id='word_1_303' title='bbox 797 1613 882 1638; x_wconf 76' lang='lat' dir='ltr'>vero</span> <span class='ocrx_word' id='word_1_304' title='bbox 908 1612 1032 1637; x_wconf 79' lang='lat' dir='ltr'>morae</span> <span class='ocrx_word' id='word_1_305' title='bbox 1049 1611 1221 1636; x_wconf 86' lang='lat' dir='ltr'>numerus</span> <span class='ocrx_word' id='word_1_306' title='bbox 1237 1597 1335 1634; x_wconf 90' lang='lat' dir='ltr'>haud</span> <span class='ocrx_word' id='word_1_307' title='bbox 1359 1597 1449 1633; x_wconf 82' lang='lat' dir='ltr'>satis</span> 
     </span>
     <span class='ocr_line' id='line_1_64' title="bbox 797 1654 1449 1705; baseline -0.006 -12"><span class='ocrx_word' id='word_1_308' title='bbox 797 1657 868 1693; x_wconf 87' lang='lat' dir='ltr'>sibi</span> <span class='ocrx_word' id='word_1_309' title='bbox 889 1668 1034 1705; x_wconf 82' lang='lat' dir='ltr'>semper</span> <span class='ocrx_word' id='word_1_310' title='bbox 1046 1655 1252 1693; x_wconf 84' lang='lat' dir='ltr'>constitisse</span> <span class='ocrx_word' id='word_1_311' title='bbox 1270 1654 1449 1700; x_wconf 88' lang='lat' dir='ltr'>videatur,</span> 
     </span>
     <span class='ocr_line' id='line_1_65' title="bbox 798 1710 1449 1750; baseline -0.005 0"><span class='ocrx_word' id='word_1_312' title='bbox 798 1727 864 1750; x_wconf 88' lang='lat' dir='ltr'>nec</span> <span class='ocrx_word' id='word_1_313' title='bbox 878 1712 1083 1749; x_wconf 83' lang='lat' dir='ltr'>enomotiae</span> <span class='ocrx_word' id='word_1_314' title='bbox 1094 1724 1268 1749; x_wconf 85' lang='lat' dir='ltr'>numerus</span> <span class='ocrx_word' id='word_1_315' title='bbox 1275 1714 1371 1748; x_wconf 85' lang='lat' dir='ltr'>certo</span> <span class='ocrx_word' id='word_1_316' title='bbox 1385 1710 1449 1747; x_wconf 87' lang='lat' dir='ltr'>de-</span> 
     </span>
     <span class='ocr_line' id='line_1_66' title="bbox 797 1766 1448 1819; baseline -0.009 -12"><span class='ocrx_word' id='word_1_317' title='bbox 797 1770 892 1807; x_wconf 80' lang='lat' dir='ltr'>finiri</span> <span class='ocrx_word' id='word_1_318' title='bbox 915 1769 1060 1819; x_wconf 88' lang='lat' dir='ltr'>poterit.</span> <span class='ocrx_word' id='word_1_319' title='bbox 1100 1767 1199 1806; x_wconf 87' lang='lat' dir='ltr'>Nam</span> <span class='ocrx_word' id='word_1_320' title='bbox 1222 1766 1448 1816; x_wconf 89' lang='lat' dir='ltr'>Xenophon-</span> 
     </span>
     <span class='ocr_line' id='line_1_67' title="bbox 797 1823 1449 1873; baseline -0.008 -10"><span class='ocrx_word' id='word_1_321' title='bbox 797 1827 844 1864; x_wconf 86' lang='lat' dir='ltr'>tis</span> <span class='ocrx_word' id='word_1_322' title='bbox 865 1830 1004 1873; x_wconf 86' lang='lat' dir='ltr'>aetate,</span> <span class='ocrx_word' id='word_1_323' title='bbox 1043 1825 1105 1862; x_wconf 89' lang='lat' dir='ltr'>ubi</span> <span class='ocrx_word' id='word_1_324' title='bbox 1134 1824 1312 1862; x_wconf 87' lang='lat' dir='ltr'>sexcentis</span> <span class='ocrx_word' id='word_1_325' title='bbox 1332 1823 1449 1859; x_wconf 91' lang='lat' dir='ltr'>homi—</span> 
     </span>
     <span class='ocr_line' id='line_1_68' title="bbox 798 1880 1448 1928; baseline -0.005 -8"><span class='ocrx_word' id='word_1_326' title='bbox 798 1883 904 1920; x_wconf 87' lang='lat' dir='ltr'>nibus</span> <span class='ocrx_word' id='word_1_327' title='bbox 914 1882 1105 1919; x_wconf 77' lang='lat' dir='ltr'>constabat</span> <span class='ocrx_word' id='word_1_328' title='bbox 1113 1893 1226 1928; x_wconf 88' lang='lat' dir='ltr'>mora,</span> <span class='ocrx_word' id='word_1_329' title='bbox 1241 1885 1296 1918; x_wconf 88' lang='lat' dir='ltr'>ter</span> <span class='ocrx_word' id='word_1_330' title='bbox 1308 1880 1448 1917; x_wconf 89' lang='lat' dir='ltr'>duode-</span> 
     </span>
     <span class='ocr_line' id='line_1_69' title="bbox 798 1937 1447 1987; baseline -0.006 -11"><span class='ocrx_word' id='word_1_331' title='bbox 798 1941 867 1977; x_wconf 87' lang='lat' dir='ltr'>cim</span> <span class='ocrx_word' id='word_1_332' title='bbox 896 1939 970 1976; x_wconf 75' lang='lat' dir='ltr'>sive</span> <span class='ocrx_word' id='word_1_333' title='bbox 994 1939 1143 1987; x_wconf 83' lang='lat' dir='ltr'>triginta</span> <span class='ocrx_word' id='word_1_334' title='bbox 1173 1950 1237 1974; x_wconf 75' lang='lat' dir='ltr'>sex</span> <span class='ocrx_word' id='word_1_335' title='bbox 1263 1937 1447 1974; x_wconf 89' lang='lat' dir='ltr'>hominum</span> 
     </span>
     <span class='ocr_line' id='line_1_70' title="bbox 797 1993 1448 2034; baseline -0.008 0"><span class='ocrx_word' id='word_1_336' title='bbox 797 1997 912 2034; x_wconf 84' lang='lat' dir='ltr'>fuisse</span> <span class='ocrx_word' id='word_1_337' title='bbox 942 1996 1161 2033; x_wconf 88' lang='lat' dir='ltr'>enomotiam</span> <span class='ocrx_word' id='word_1_338' title='bbox 1191 1994 1289 2031; x_wconf 87' lang='lat' dir='ltr'>idem</span> <span class='ocrx_word' id='word_1_339' title='bbox 1322 1993 1448 2031; x_wconf 86' lang='lat' dir='ltr'>Xeno—</span> 
     </span>
     <span class='ocr_line' id='line_1_71' title="bbox 798 2049 1446 2104; baseline -0.005 -15"><span class='ocrx_word' id='word_1_340' title='bbox 798 2053 898 2104; x_wconf 89' lang='lat' dir='ltr'>phon</span> <span class='ocrx_word' id='word_1_341' title='bbox 933 2053 1038 2089; x_wconf 86' lang='lat' dir='ltr'>testis</span> <span class='ocrx_word' id='word_1_342' title='bbox 1062 2056 1119 2089; x_wconf 90' lang='lat' dir='ltr'>est</span> <span class='ocrx_word' id='word_1_343' title='bbox 1142 2049 1285 2088; x_wconf 86' lang='lat' dir='ltr'>Hellen.</span> <span class='ocrx_word' id='word_1_344' title='bbox 1313 2050 1376 2096; x_wconf 86' lang='lat' dir='ltr'>Vl,</span> <span class='ocrx_word' id='word_1_345' title='bbox 1407 2049 1446 2095; x_wconf 81' lang='lat'>4,</span> 
     </span>
     <span class='ocr_line' id='line_1_72' title="bbox 802 2106 1448 2155; baseline -0.005 -10"><span class='ocrx_word' id='word_1_346' title='bbox 802 2113 856 2152; x_wconf 80' lang='lat'>12</span> <span class='ocrx_word' id='word_1_347' title='bbox 882 2108 959 2146; x_wconf 89' lang='lat' dir='ltr'>coll.</span> <span class='ocrx_word' id='word_1_348' title='bbox 978 2108 1043 2155; x_wconf 81' lang='lat' dir='ltr'>lv,</span> <span class='ocrx_word' id='word_1_349' title='bbox 1065 2108 1110 2155; x_wconf 86' lang='lat'>5,</span> <span class='ocrx_word' id='word_1_350' title='bbox 1146 2109 1209 2148; x_wconf 87' lang='lat'>11.</span> <span class='ocrx_word' id='word_1_351' title='bbox 1232 2109 1296 2148; x_wconf 83' lang='lat'>12.</span> <span class='ocrx_word' id='word_1_352' title='bbox 1356 2106 1448 2143; x_wconf 87' lang='lat' dir='ltr'>Utut</span> 
     </span>
     <span class='ocr_line' id='line_1_73' title="bbox 800 2163 1448 2213; baseline -0.008 -10"><span class='ocrx_word' id='word_1_353' title='bbox 800 2170 869 2213; x_wconf 81' lang='lat' dir='ltr'>est,</span> <span class='ocrx_word' id='word_1_354' title='bbox 887 2165 958 2202; x_wconf 91' lang='lat' dir='ltr'>hoc</span> <span class='ocrx_word' id='word_1_355' title='bbox 974 2170 1109 2202; x_wconf 85' lang='lat' dir='ltr'>certum</span> <span class='ocrx_word' id='word_1_356' title='bbox 1126 2163 1280 2211; x_wconf 82' lang='lat' dir='ltr'>videtur,</span> <span class='ocrx_word' id='word_1_357' title='bbox 1298 2175 1448 2200; x_wconf 90' lang='lat' dir='ltr'>enomo-</span> 
     </span>
     <span class='ocr_line' id='line_1_74' title="bbox 798 2218 1447 2272; baseline -0.008 -13"><span class='ocrx_word' id='word_1_358' title='bbox 798 2224 887 2261; x_wconf 89' lang='lat' dir='ltr'>tiam</span> <span class='ocrx_word' id='word_1_359' title='bbox 895 2223 1047 2272; x_wconf 80' lang='lat' dir='ltr'>primam</span> <span class='ocrx_word' id='word_1_360' title='bbox 1064 2233 1219 2269; x_wconf 87' lang='lat' dir='ltr'>eamque</span> <span class='ocrx_word' id='word_1_361' title='bbox 1227 2218 1447 2270; x_wconf 84' lang='lat' dir='ltr'>simplicissi-</span> 
     </span>
     <span class='ocr_line' id='line_1_75' title="bbox 799 2276 1448 2324; baseline -0.008 -7"><span class='ocrx_word' id='word_1_362' title='bbox 799 2292 896 2317; x_wconf 86' lang='lat' dir='ltr'>mam</span> <span class='ocrx_word' id='word_1_363' title='bbox 925 2278 1096 2317; x_wconf 89' lang='lat' dir='ltr'>Laconici</span> <span class='ocrx_word' id='word_1_364' title='bbox 1128 2276 1302 2315; x_wconf 84' lang='lat' dir='ltr'>exercitus</span> <span class='ocrx_word' id='word_1_365' title='bbox 1338 2279 1448 2324; x_wconf 91' lang='lat' dir='ltr'>atque</span> 
     </span>
     <span class='ocr_line' id='line_1_76' title="bbox 798 2333 1447 2374; baseline -0.009 0"><span class='ocrx_word' id='word_1_366' title='bbox 798 2336 887 2374; x_wconf 86' lang='lat' dir='ltr'>aciei</span> <span class='ocrx_word' id='word_1_367' title='bbox 903 2336 1015 2374; x_wconf 87' lang='lat' dir='ltr'>fuisse</span> <span class='ocrx_word' id='word_1_368' title='bbox 1032 2334 1247 2372; x_wconf 83' lang='lat' dir='ltr'>divisionem</span> <span class='ocrx_word' id='word_1_369' title='bbox 1263 2333 1447 2370; x_wconf 89' lang='lat' dir='ltr'>ordinem-</span> 
     </span>
     <span class='ocr_line' id='line_1_77' title="bbox 799 2388 1449 2442; baseline -0.008 -13"><span class='ocrx_word' id='word_1_370' title='bbox 799 2406 883 2442; x_wconf 90' lang='lat' dir='ltr'>que.</span> <span class='ocrx_word' id='word_1_371' title='bbox 940 2391 1053 2430; x_wconf 87' lang='lat' dir='ltr'>Plura</span> <span class='ocrx_word' id='word_1_372' title='bbox 1086 2390 1280 2428; x_wconf 82' lang='lat' dir='ltr'>Miillerus:</span> <span class='ocrx_word' id='word_1_373' title='bbox 1328 2388 1449 2428; x_wconf 88' lang='lat' dir='ltr'>Dorer</span> 
     </span>
     <span class='ocr_line' id='line_1_78' title="bbox 800 2447 1175 2500; baseline -0.008 -13"><span class='ocrx_word' id='word_1_374' title='bbox 800 2449 835 2487; x_wconf 86' lang='grc' dir='ltr'>Π</span> <span class='ocrx_word' id='word_1_375' title='bbox 858 2463 945 2500; x_wconf 80' lang='lat' dir='ltr'>pag.</span> <span class='ocrx_word' id='word_1_376' title='bbox 969 2447 1051 2489; x_wconf 77' lang='lat'>234</span> <span class='ocrx_word' id='word_1_377' title='bbox 1070 2460 1175 2497; x_wconf 83' lang='lat' dir='ltr'>seqq.</span> 
     </span>
    </p>

    <p class='ocr_par' dir='ltr' id='par_1_9' title="bbox 801 2502 1476 2954">
     <span class='ocr_line' id='line_1_79' title="bbox 862 2502 1450 2554; baseline -0.01 -11"><span class='ocrx_word' id='word_1_378' title='bbox 862 2505 1063 2543; x_wconf 75' lang='lat' dir='ltr'>Triacadae</span> <span class='ocrx_word' id='word_1_379' title='bbox 1090 2504 1216 2554; x_wconf 89' lang='lat' dir='ltr'>quales</span> <span class='ocrx_word' id='word_1_380' title='bbox 1230 2502 1376 2549; x_wconf 85' lang='lat' dir='ltr'>suerint,</span> <span class='ocrx_word' id='word_1_381' title='bbox 1393 2502 1450 2538; x_wconf 85' lang='lat' dir='ltr'>vix</span> 
     </span>
     <span class='ocr_line' id='line_1_80' title="bbox 801 2558 1451 2610; baseline -0.011 -9"><span class='ocrx_word' id='word_1_382' title='bbox 801 2567 900 2601; x_wconf 86' lang='lat' dir='ltr'>certo</span> <span class='ocrx_word' id='word_1_383' title='bbox 942 2561 1086 2599; x_wconf 83' lang='lat' dir='ltr'>dixeris.</span> <span class='ocrx_word' id='word_1_384' title='bbox 1154 2560 1237 2598; x_wconf 88' lang='lat' dir='ltr'>Nec</span> <span class='ocrx_word' id='word_1_385' title='bbox 1267 2558 1451 2610; x_wconf 86' lang='lat' dir='ltr'>proficitur</span> 
     </span>
     <span class='ocr_line' id='line_1_81' title="bbox 802 2616 1452 2669; baseline -0.008 -12"><span class='ocrx_word' id='word_1_386' title='bbox 802 2620 1001 2669; x_wconf 88' lang='lat' dir='ltr'>quidquam</span> <span class='ocrx_word' id='word_1_387' title='bbox 1018 2619 1084 2666; x_wconf 85' lang='lat' dir='ltr'>iis,</span> <span class='ocrx_word' id='word_1_388' title='bbox 1114 2629 1210 2666; x_wconf 84' lang='lat' dir='ltr'>qnae</span> <span class='ocrx_word' id='word_1_389' title='bbox 1235 2616 1335 2666; x_wconf 82' lang='lat' dir='ltr'>apud</span> <span class='ocrx_word' id='word_1_390' title='bbox 1356 2616 1452 2652; x_wconf 87' lang='lat' dir='ltr'>Gre-</span> 
     </span>
     <span class='ocr_line' id='line_1_82' title="bbox 802 2671 1452 2725; baseline -0.003 -12"><span class='ocrx_word' id='word_1_391' title='bbox 802 2689 881 2725; x_wconf 86' lang='lat' dir='ltr'>gor.</span> <span class='ocrx_word' id='word_1_392' title='bbox 899 2677 985 2713; x_wconf 91' lang='lat' dir='ltr'>Cor.</span> <span class='ocrx_word' id='word_1_393' title='bbox 1008 2675 1057 2711; x_wconf 87' lang='lat' dir='ltr'>de</span> <span class='ocrx_word' id='word_1_394' title='bbox 1074 2674 1214 2712; x_wconf 87' lang='lat' dir='ltr'>dialect.</span> <span class='ocrx_word' id='word_1_395' title='bbox 1230 2672 1309 2709; x_wconf 90' lang='lat' dir='ltr'>Ion.</span> <span class='ocrx_word' id='word_1_396' title='bbox 1334 2671 1371 2722; x_wconf 61' lang='grc' dir='ltr'>ἓ.</span> <span class='ocrx_word' id='word_1_397' title='bbox 1396 2672 1452 2711; x_wconf 85' lang='grc'>93</span> 
     </span>
     <span class='ocr_line' id='line_1_83' title="bbox 801 2727 1455 2783; baseline -0.011 -13"><span class='ocrx_word' id='word_1_398' title='bbox 801 2745 889 2783; x_wconf 88' lang='lat' dir='ltr'>pag.</span> <span class='ocrx_word' id='word_1_399' title='bbox 913 2731 996 2774; x_wconf 81' lang='lat'>502</span> <span class='ocrx_word' id='word_1_400' title='bbox 1019 2731 1162 2768; x_wconf 84' lang='lat' dir='ltr'>Schaef.</span> <span class='ocrx_word' id='word_1_401' title='bbox 1177 2731 1360 2779; x_wconf 83' lang='lat' dir='ltr'>leguntur.</span> <span class='ocrx_word' id='word_1_402' title='bbox 1388 2727 1455 2763; x_wconf 87' lang='lat' dir='ltr'>Vi-</span> 
     </span>
     <span class='ocr_line' id='line_1_84' title="bbox 804 2783 1476 2837; baseline -0.012 -11"><span class='ocrx_word' id='word_1_403' title='bbox 804 2789 937 2827; x_wconf 84' lang='lat' dir='ltr'>dentur</span> <span class='ocrx_word' id='word_1_404' title='bbox 963 2787 1045 2825; x_wconf 87' lang='lat' dir='ltr'>illae</span> <span class='ocrx_word' id='word_1_405' title='bbox 1066 2788 1289 2837; x_wconf 86' lang='lat' dir='ltr'>pertinuisse</span> <span class='ocrx_word' id='word_1_406' title='bbox 1319 2785 1367 2821; x_wconf 85' lang='lat' dir='ltr'>ad</span> <span class='ocrx_word' id='word_1_407' title='bbox 1389 2783 1476 2820; x_wconf 70' lang='lat' dir='ltr'>tri—²</span> 
     </span>
     <span class='ocr_line' id='line_1_85' title="bbox 806 2839 1455 2895; baseline -0.011 -14"><span class='ocrx_word' id='word_1_408' title='bbox 806 2847 908 2894; x_wconf 83' lang='lat' dir='ltr'>ginta</span> <span class='ocrx_word' id='word_1_409' title='bbox 949 2845 1216 2895; x_wconf 83' lang='lat' dir='ltr'>Spartanorum</span> <span class='ocrx_word' id='word_1_410' title='bbox 1254 2843 1344 2879; x_wconf 79' lang='lat' dir='ltr'>obas</span> <span class='ocrx_word' id='word_1_411' title='bbox 1378 2839 1455 2875; x_wconf 83' lang='lat' dir='ltr'>sive</span> 
     </span>
     <span class='ocr_line' id='line_1_86' title="bbox 806 2895 1454 2954; baseline -0.014 -16"><span class='ocrx_word' id='word_1_412' title='bbox 806 2902 1006 2954; x_wconf 81' lang='lat' dir='ltr'>phratrias,</span> <span class='ocrx_word' id='word_1_413' title='bbox 1043 2900 1146 2950; x_wconf 83' lang='lat' dir='ltr'>ipsas</span> <span class='ocrx_word' id='word_1_414' title='bbox 1173 2900 1293 2938; x_wconf 89' lang='lat' dir='ltr'>denuo</span> <span class='ocrx_word' id='word_1_415' title='bbox 1320 2895 1454 2934; x_wconf 72' lang='lat' dir='ltr'>divisas</span> 
     </span>
    </p>
   </div>
  </div>
 </body>
</html>
