1759 3324
616 268 832 308 CLIO.
892 268 920 306 I.

114 383 319 440 ὅσχίονας
353 379 603 434 παρθένους
641 376 899 434 ἐλάμβανον.

1314 271 1398 310 441

968 376 1027 429 ὦς
1064 376 1149 433 γὀἳρ
1186 376 1397 430 διεξέλθοι

141 463 165 506 ὁ
196 460 328 517 κήρυξ
364 457 540 502 πωλέων
578 457 654 507 τὰς
691 456 984 509 εὐειδεστάτας
1022 461 1111 501 τῶν
1149 457 1395 512 παρθένων,
1409 464 1454 497 90

142 540 292 595 οἷνίστη
323 536 377 581 ἂν
406 536 485 593 τήν
514 535 870 593 οἷμορφεστάτην,

917 535 946 593 ἦ
976 538 1015 579 εἴ
1041 553 1105 587 τις
1134 535 1302 580 αὐτέων
1331 536 1397 594 ἔμ-

140 634 276 674 πηρος
311 612 388 674 ἦε,
445 616 518 660 καὶ
556 615 719 673 ταύτην
759 614 1046 672 ἅνεκήρυσσε,
1102 614 1220 667 ὅστις
1258 617 1396 666 θέλοι,

140 696 361 753 ἐλάχιστον
396 696 579 751 χρυσίον
617 694 789 751 λαβών,
833 695 1072 739 συνοικέειν
1108 695 1245 752 αὐτῇ·
1300 696 1341 747 ές
1371 693 1397 738 ὂ

111 779 203 834 6τῷ
228 775 277 819 τό
307 774 531 831 ἐλάχιστον
558 773 831 833 ὑπισταμένῳ
861 773 1130 829 προσεκέετο.
1184 774 1233 819 τὸ
1266 776 1311 819 δὲ
1342 774 1398 818 ἂν

138 856 319 912 χρυσίον
348 853 510 911 ἐγίνετο
542 853 626 898 ἀπὸ
656 858 746 897 τῶν
788 852 990 898 εὐειδέων
1019 852 1274 909 παρθένων·
1323 854 1398 898 καὶ

139 933 253 978 οὕτω
283 935 329 977 αῖ
357 932 572 989 εὔμορφοι
599 934 675 985 τὰς
706 932 936 990 ἀμόρφους
965 934 1038 976 καὶ
1068 933 1288 990 ἐμπήρους
1319 934 1453 986 εἶξε-95

110 1014 334 1057 7δίδοσαν.
394 1013 599 1056 ἐκδοῦναι
643 1014 688 1057 δὲ
722 1012 801 1068 τήν
841 1012 1008 1055 ἑωυτοῦ
1039 1014 1258 1067 θυγατέρα
1288 1013 1394 1071 ὅτεῳ
1454 1021 1508 1064 94

140 1092 345 1149 βούλοιτο
386 1092 566 1143 ἕκαστος
606 1091 689 1136 οὐκ
719 1092 838 1149 ἐξῆν,
894 1091 996 1136 οὐδὲ
1037 1092 1143 1135 ἄνευ
1185 1092 1395 1149 ἐγγυητέω

141 1171 442 1228 ἀπαγαγέσθαι
469 1172 549 1228 τήν
577 1172 802 1227 παρθένον
829 1170 1096 1227 πριάμενον,
1145 1169 1240 1215 ἀλλ’
1271 1172 1397 1228 ἐγγυ-

140 1251 245 1309 ητὰς
271 1255 378 1308 χρῆν
407 1250 759 1308 καταστήσαντα,
787 1247 816 1309 ἦ
839 1251 925 1308 μὴν
956 1249 1236 1307 συνοικήσειν
1266 1249 1395 1307 αὐτῇ,

143 1329 257 1374 οὕτω
288 1329 551 1388 ἀπάγεσθαι·
583 1333 619 1374 εἰ
648 1332 695 1375 δὲ
722 1329 780 1389 μὴ
808 1332 1127 1388 συμφεροίατο,
1161 1328 1398 1386 ἀποφέρειν

86 1521 160 1554 stro
192 1516 335 1565 collegit
358 1516 468 1554 locos.
524 1514 620 1555 Add.
651 1516 734 1553 Sie-

84 1573 154 1610 bel.
186 1574 234 1610 ad
259 1573 413 1610 Pausan.
446 1572 522 1620 IX,
552 1575 602 1614 13
632 1572 669 1624 §.
694 1576 734 1619 2,

86 1630 149 1678 qui
166 1634 262 1667 recte
279 1634 403 1667 monet
422 1629 490 1666 hac
510 1631 658 1667 subiecti
677 1642 736 1666 re-

84 1686 262 1735 petitione
283 1686 353 1734 (οἱ
370 1686 462 1734 δέ),
495 1688 737 1735 praecedente

87 1743 283 1790 negatione
296 1771 307 1789 ‚
345 1743 516 1779 orationis
535 1742 734 1792 perspicui-

87 1801 198 1834 tatem
220 1799 378 1835 adiuvari
399 1803 436 1836 et
455 1811 477 1835 a
498 1799 602 1836 nobis
631 1799 736 1836 reddi

86 1867 215 1905 posse:
245 1855 389 1892 somlern
416 1868 472 1902 er,
509 1857 569 1892 sie.
597 1875 653 1883 —-
684 1851 735 1893 ἂν

87 1910 298 1960 imperfecto
342 1911 524 1948 indicativi
570 1912 735 1948 additum

88 1966 242 2018 explicat
261 1966 389 2004 Matth.
420 1980 506 2017 pag.
531 1969 649 2009 1198.

145 2021 198 2070 ὥς
226 2020 300 2076 γὰρ
331 2020 527 2070 διεξέλθοι
558 2022 578 2064 ὁ
608 2019 736 2076 κήρυξ

89 2078 282 2131 πωλέων]
334 2080 454 2129 Vulgo
497 2081 629 2118 edunt:
681 2079 736 2128 ὥς

88 2134 162 2188 γὰρ
192 2133 242 2188 δή
267 2136 308 2176 οἱ
332 2135 496 2184 ἐξέλθοι.
553 2137 631 2175 Sed
664 2138 736 2174 iam

90 2194 225 2230 dudum
258 2194 324 2230 viri
366 2194 461 2231 docti
506 2198 736 2241 monuerunt,

90 2248 282 2298 legendum
301 2264 381 2288 esse
403 2248 618 2298 διεξέλθοι,
636 2251 737 2299 quod

91 2305 175 2343 inde
202 2307 329 2344 merito
359 2308 495 2357 recepit
517 2307 735 2356 Schweigh.,

92 2361 143 2398 ita
159 2365 277 2400 tamen
306 2367 346 2400 ut
374 2364 583 2414 particulam
610 2360 659 2413 δή
679 2376 737 2401 re-

93 2417 238 2466 tineret,
271 2432 378 2469 quam
412 2433 479 2458 nos
519 2434 600 2457 cum
629 2420 739 2457 Gais-

94 2474 212 2510 fordio
242 2477 444 2514 abiecimus.
504 2477 565 2514 Sic
591 2489 738 2526 quoque

95 2527 317 2568 Herodotum
370 2533 557 2583 scripsisse
615 2537 739 2571 censet

96 2583 386 2633 Wyttenbachius
416 2590 454 2625 in
480 2589 738 2628 Selectt.histt.

97 2653 133 2690 p-
154 2642 256 2690 354,
284 2645 344 2681 ubi
370 2645 486 2683 locum
508 2647 558 2683 ita
577 2650 738 2683 transtu-

98 2695 157 2734 lit:
194 2718 279 2745 „—
300 2713 403 2750 quum
428 2704 516 2739 enim
546 2701 594 2740 ad
628 2704 739 2754 finem

93 2756 319 2804 pervenisset,
365 2760 541 2806 negotium
570 2760 739 2809 finiisset,

96 2809 343 2849 vendendarum
404 2815 740 2864 formosissimarum

93 2877 241 2914 praeco;
270 2880 370 2917 quum
390 2882 514 2920 praeco
541 2872 738 2910 venditione

93 2920 360 2971 formosissimas
367 2931 613 2976 permeasset.“
641 2928 741 2968 Lau-

802 1516 866 1552 dat
883 1516 967 1554 dein
984 1515 1060 1562 Ill,
1084 1517 1148 1556 11.
1177 1515 1234 1563 ΙΙ,
1252 1516 1354 1563 143,
1373 1514 1456 1562 alia,

802 1573 930 1621 quibus
960 1544 1061 1610 verbi
1087 1585 1173 1609 usus
1203 1585 1244 1609 ac
1274 1544 1457 1621 sig1iifica—

803 1630 854 1666 tio
872 1630 997 1667 melius
1015 1629 1272 1679 perspiciatur,
1302 1642 1338 1678 p.
1361 1626 1455 1668 448.

862 1681 1001 1735 οἷνίστη
1025 1681 1074 1723 οἶν
1104 1700 1178 1735 την
1209 1679 1456 1736 ἀμορφεστά-

803 1741 901 1793 την]
930 1736 1023 1779 De
1007 1737 1058 1779 οἶν
1074 1742 1185 1778 modo
1206 1741 1297 1787 dixi3
1317 1742 1363 1778 de
1383 1742 1458 1778 for-

803 1812 863 1837 ma
904 1798 1113 1849 superlativi
1149 1793 1457 1849 ἀμορφεστάτην

803 1857 847 1893 cf.
867 1868 977 1904 supra
998 1854 1037 1901 I,
1056 1857 1093 1896 8.
1113 1856 1191 1895 133
1204 1883 1215 1901 ‚
1246 1854 1307 1891 ubi
1327 1853 1458 1890 similia

803 1913 996 1961 quaedam.
1052 1910 1112 1948 Ad
1139 1913 1293 1948 formam
1316 1906 1455 1960 ἀνίστη

804 1968 936 2005 adhibe
964 1966 1094 2004 Matth.
1135 1967 1158 2004 1.
1185 1967 1208 2004 l.
1244 1979 1330 2017 pag.
1360 1966 1457 2007 394.

804 2025 846 2062 In
865 2037 968 2073 seqq.
997 2024 1164 2061 lubenter
1195 2037 1276 2061 cum
1304 2026 1457 2061 recentt.

805 2081 889 2119 edd.
911 2081 1109 2131 recepimus
1137 2077 1370 2132 προσεκέετο
1388 2091 1457 2129 pro

801 2138 898 2187 vulg.
919 2136 1167 2188 προσέκειτο,
1199 2140 1237 2174 et
1270 2135 1379 2186 paulo
1399 2136 1456 2171 in-

803 2195 912 2231 ferius
941 2192 1068 2233 έκέετο
1096 2207 1163 2244 pro
1187 2191 1331 2242 ἔκειτος
1362 2193 1456 2230 conf.

803 2250 933 2288 Matth.
954 2264 990 2301 p.
1012 2250 1107 2292 467.

860 2306 1048 2346 ἐκδοῦναι
1061 2304 1103 2345 δὲ
1119 2302 1193 2356 τήν
1214 2303 1365 2344 ἑωυτοῦ
1383 2307 1458 2343 θυ-

805 2362 948 2416 γατέρα
967 2379 1002 2403 κ.
1023 2378 1055 2402 τ.
1075 2362 1122 2415 λ.]
1154 2363 1213 2400 De
1239 2375 1328 2399 voce
1357 2360 1457 2400 ἔκδι-

807 2416 926 2460 δόναι
943 2422 1037 2458 conf.
1059 2432 1169 2470 supra
1186 2420 1233 2456 ad
1254 2418 1290 2465 I,
1313 2420 1380 2459 93.
1402 2438 1459 2445 —=

805 2477 894 2514 Mox
921 2477 1029 2514 libros
1050 2477 1155 2515 unice
1182 2475 1294 2513 secuti
1314 2475 1460 2525 scripsi-

806 2547 884 2571 mus
907 2532 1100 2586 ἐγγυητέω
1131 2546 1199 2583 pro
1221 2530 1409 2580 vulgato'
1391 2546 1459 2582 εγ-

805 2589 1007 2643 γυητέων,
1054 2591 1154 2639 quod
1188 2589 1460 2626 commendatur

807 2648 975 2697 sequenti
991 2645 1158 2698 plurali'
1141 2640 1346 2697 εγγυητάς.

863 2719 967 2743 ουτω
990 2699 1241 2755 οἷπαγεσθαι]
1270 2702 1331 2738 Sic
1346 2701 1460 2738 dede-

805 2764 864 2798 rat
896 2760 967 2798 Iac.
998 2759 1205 2797 Gronovius
1233 2771 1254 2796 e
1275 2757 1457 2804 Mediam,

806 2829 918 2866 quem
939 2821 1024 2867 post
1049 2816 1212 2867 plerique
1230 2814 1341 2852 secuti
1363 2817 1457 2850 sunt.

808 2873 930 2917 Quum
947 2886 1033 2911 vero
1054 2873 1094 2909 in
1109 2872 1187 2909 aliis
1211 2870 1311 2908 libris
1342 2872 1460 2907 exstet

808 2924 913 2969 οὕτω
949 2925 977 2969 ὂὶ
987 2943 1011 2969 ν
1040 2925 1234 2982 ἄγεσθαι,
1276 2927 1315 2964 id
1340 2927 1460 2978 ipsum
