1768 3315
608 226 905 268 CL10.1.

1306 229 1391 268 255

103 348 287 389 3Ταῦτα
316 342 361 386 δὲ
385 339 482 395 περὶ
511 336 675 382 ἑωυτὸν
713 336 920 393 ἐσέμνυνε
958 337 1098 380 τῶνδε
1127 336 1310 389 εἵνεκεν,
1350 335 1393 380 ὄ-

131 441 217 476 κως
246 422 301 466 ἄν
329 419 387 476 μή
419 417 604 473 ὁρῶντες
633 418 679 460 οἱ
706 415 932 473 ὁμήλικες,
972 415 1115 466 ἐόντες
1144 415 1447 472 σύντροφοί75

132 520 177 547 τε
207 502 373 559 ἐκείνῳ,
403 497 477 542 καὶ
506 497 647 552 οἰκίης
677 494 731 540 οὐ
761 496 1085 552 φλαυροτέρης,
1116 492 1220 539 οὐδὲ
1249 494 1293 546 ἐς
1318 493 1392 538 άν-

131 580 376 637 δραγαθίην
395 574 664 632 λειπόμενοι,
695 577 928 619 λυπεοίατο
959 575 1032 618 καὶ
1053 574 1394 631 ἐπιβουλεύοιεν,

9 676 110 720 100
133 659 219 704 ἀλλ’
249 656 440 712 ἑτεροῖός
478 667 557 711 σφι
595 655 743 699 δοκέοι
773 653 886 699 εἶναι
915 653 974 710 μή
1003 652 1148 709 ὁρῶσι.

129 739 175 783 δὲ
203 740 338 781 ταῦτα
368 733 642 792 διεκόσμησε,
694 736 768 780 καὶ
797 733 1007 790 ἐκράτυνε
1044 733 1212 777 ἑωυτόν
1239 738 1294 792 τῇ
1322 751 1393 778 τυ-
1405 742 1452 776 80

128 817 323 873 ραννίδι,
353 810 409 873 ἦν
437 815 486 859 τὸ
512 816 686 859 δίκαιον
715 813 957 870 φυλάσσων
984 811 1181 870 χαλεπός.
1218 814 1294 857 καὶ
1315 811 1395 866 τάς

127 913 173 941 τε
202 898 325 948 δίκας
363 894 634 953 γράφοντες,
686 896 787 938 εἴσω
823 892 924 948 παρ’
965 893 1133 936 ἐκεῖνον
1168 892 1394 950 ἐσεπέμπε-

127 987 255 1020 σκον·
297 976 371 1019 καὶ
400 974 563 1026 ἐκεῖνος
592 975 832 1028 διακρίνων
867 972 946 1024 τοὶς
974 971 1291 1030 ἐσφερομένας,
1322 973 1392 1017 ἐκ-

97 1055 352 1112 2πέμπεσκε.
402 1058 538 1098 ταῦτα
567 1053 646 1110 μὲν
674 1053 783 1098 κατὰ
814 1053 892 1105 τοὶς
922 1053 1045 1103 δίκας
1074 1052 1234 1096 ἐποίεε·
1264 1051 1316 1096 τά
1347 1053 1394 1097 δὲ

128 1135 183 1193 δὴ
213 1135 322 1179 ἄλλα
347 1132 631 1191 ἐκεκοσμέατό
662 1134 718 1177 οἷ.
761 1135 801 1176 εἴ
828 1149 926 1176 τινα
955 1132 1235 1176 πυνθάνοιτο
1264 1132 1394 1188 ὑβρί-
1407 1141 1453 1176 85

129 1219 284 1269 ζοντα,
329 1218 490 1267 τοῦτον
529 1213 643 1265 ὅκως
680 1211 1027 1269 μεταπέμψαιτο,
1074 1209 1166 1255 κατ’
1195 1210 1320 1269 άξίην
1349 1212 1395 1256 ἓ-

128 1294 296 1339 κάστου
323 1292 587 1350 ἀδικήματος
615 1292 826 1336 ἐδικαίευ·
866 1292 941 1336 καί
970 1292 1014 1334 οἱ
1052 1289 1324 1335 κατάσκοποί
1349 1308 1395 1335 τε

124 1373 200 1418 καὶ
228 1373 438 1435 κατήκοοι
467 1367 580 1430 ἦσαν
611 1369 693 1416 ἀνά
724 1375 871 1416 πᾶσαν
899 1370 978 1427 τήν
1005 1369 1154 1427 χώρην
1181 1374 1257 1428 τῆς
1277 1366 1395 1428 ἦρχε.

69 1593 160 1632 Mox
175 1594 368 1632 verborum
386 1592 550 1630 ordinem
569 1604 649 1630 cum
667 1603 726 1630 re-

72 1655 181 1689 centt.
201 1651 429 1687 mutavimus.
474 1648 613 1698 Vulgo:
637 1650 727 1687 τοῦ-

71 1704 117 1746 το’
153 1720 196 1758 γε
229 1702 343 1745 εἶναι.
399 1706 460 1744 De
495 1705 578 1756 ipso
616 1718 727 1754 argu-

72 1767 194 1801 mento
206 1763 414 1801 consulatur
424 1763 613 1800 Barnabas
624 1762 727 1799 Bris-

72 1819 197 1856 sonius
217 1819 240 1856 l.
255 1819 278 1857 1.
297 1819 351 1868 ll,
375 1822 452 1861 121
479 1818 556 1855 coll.
578 1818 635 1866 ll,
658 1820 725 1866 89,

0 1901 1 1926 3
71 1875 133 1925 qui
151 1876 199 1913 de
217 1875 284 1913 hac
305 1880 467 1914 veterum
477 1875 671 1913 Medorum
683 1887 725 1912 ac

0 1957 1 1980 3
70 1932 261 1971 Persarum
290 1931 482 1983 disciplina
507 1932 725 1982 scriptorum

0 1986 1 2003 ³
69 1987 170 2026 locos
217 1988 371 2038 collegit.

437 1987 605 2026 Potiores
657 1988 726 2025 loci

70 2049 157 2082 sunt
170 2045 284 2096 ipsius
305 2045 486 2084 Herodoti
516 2045 554 2093 Ι,
577 2045 657 2086 133
688 2048 726 2082 et

70 2100 325 2152 Xenophontis
349 2103 386 2139 in
408 2102 496 2150 Cyri
523 2102 676 2139 institut.
693 2101 724 2150 I,

71 2161 118 2206 2,
141 2161 192 2200 16
211 2159 289 2196 coll.
310 2159 412 2196 Suid.
442 2171 472 2194 s,
494 2171 528 2195 v.
561 2155 722 2209 Κάρδα-

70 2228 137 2265 μα.
193 2212 309 2252 Addit
331 2215 395 2253 Cr.
426 2215 528 2264 quod
561 2215 608 2253 de
628 2215 722 2253 Ara-

69 2269 177 2308 bibus
202 2272 326 2310 scribit
345 2271 571 2311 Niebuhrins
597 2273 635 2309 in
666 2272 726 2308 iti-

70 2338 188 2365 nerar.
219 2327 235 2365 I
268 2341 353 2380 pag.
373 2330 427 2370 57
440 2357 451 2375 ,
483 2333 520 2366 et
539 2342 634 2378 quae
653 2328 726 2366 alia

71 2382 127 2420 his
144 2385 248 2421 addit
267 2385 451 2424 Gesenius
476 2385 514 2422 in
527 2386 727 2423 Commen-

70 2442 137 2476 tar.
154 2440 202 2477 ad
221 2441 375 2479 Iesaiam
393 2455 448 2492 cp.
467 2441 514 2489 L,
535 2444 561 2483 6
579 2456 615 2494 p.
630 2443 725 2489 143,

71 2507 222 2534 monens
241 2511 387 2548 quoque
415 2499 462 2535 de
483 2498 582 2536 libris
600 2499 726 2546 sacris,

72 2563 95 2588 e
124 2552 254 2600 quibus
290 2558 328 2592 et
367 2555 457 2605 ipsis
486 2559 594 2605 turpe
630 2556 726 2592 indi-

72 2618 256 2657 gnumque
275 2609 401 2648 haberi
424 2611 671 2661 intelligimuS,
689 2616 727 2649 et

72 2662 252 2712 adspuere
272 2665 427 2716 aliquem
457 2672 494 2706 et
523 2668 594 2705 alio
617 2681 725 2719 prae-

71 2722 177 2757 sente
215 2734 357 2771 spuere.
415 2724 537 2768 Quam
576 2725 615 2762 in
646 2738 724 2762 rem

70 2775 266 2839 praecipue
285 2780 420 2817 confer.
430 2780 508 2818 Iob.
521 2780 644 2828 XXX,
658 2783 722 2822 10

128 2825 234 2878 ὅκως
249 2828 299 2872 ἂν
310 2849 363 2885 μη
377 2833 544 2888 ὁρωντες
566 2837 608 2877 οἱ
626 2833 724 2889 ὁμή-

69 2887 174 2934 λικές
202 2902 238 2926 κ·
266 2903 298 2930 τ.
330 2889 396 2942 L]
439 2890 609 2946 ὁρωντες
642 2907 724 2932 cum

796 1590 1010 1629 Gaisfordio
1047 1591 1271 1642 scripsimus.
1336 1589 1453 1629 Prae-

794 1647 931 1685 bebant
953 1649 1048 1686 enim
1060 1647 1250 1686 Mediceus
1267 1647 1358 1685 liber
1374 1648 1454 1686 alii-

794 1716 877 1753 que.
937 1704 979 1741 In
1000 1705 1094 1742 binis
1125 1709 1243 1742 exstat
1263 1702 1454 1755 ὁρέοντες,

793 1760 831 1797 in
852 1761 1204 1800 Schellershemiano
1234 1760 1386 1811 aliisque
1416 1759 1455 1801 ὁ-

795 1815 837 1865 ρέ
851 1832 988 1865 ωντες.
1036 1819 1120 1862 Quo
1143 1819 1271 1855 eodem
1295 1818 1455 1868 pertinet

794 1871 842 1925 ὁρ
857 1876 938 1913 ὦσι
970 1875 1008 1911 in
1030 1875 1104 1912 fine
1122 1875 1249 1924 capitis
1263 1903 1273 1921 ‚
1305 1887 1328 1911 a
1346 1875 1454 1912 nobis

795 1932 932 1969 editum
949 1945 1028 1968 cum
1046 1931 1283 1979 GaisfordiO,
1313 1932 1374 1968 ubi
1395 1931 1456 1968 alii

796 1987 875 2024 libri
895 1986 1045 2040 ὁρέωσι.
1075 1988 1187 2026 Verte
1208 1992 1247 2025 tu
1268 1984 1323 2038 μή
1343 1986 1452 2040 ὁρῶ-

794 2055 852 2083 σι.’
883 2047 917 2082 si
944 2057 1019 2082 eum
1047 2057 1115 2081 non
1143 2047 1393 2094 conspicerent,
1424 2046 1458 2081 si

792 2104 830 2138 ιἰι
850 2115 965 2139 eorum
987 2105 1203 2151 conspectum
1222 2115 1289 2138 non
1309 2104 1454 2139 veniret.

792 2179 847 2185 -—
871 2158 930 2197 De
961 2152 1068 2205 ὅκως
1094 2153 1147 2197 ἂν
1180 2172 1261 2196 cum
1290 2158 1455 2211 optativo

790 2215 995 2253 monuimus
1017 2216 1067 2253 ad
1086 2215 1126 2264 I,
1148 2215 1216 2257 75.

1029 2300 1144 2352 Cap.
1183 2300 1228 2341 C.

853 2381 900 2424 εἷ’
923 2399 1012 2423 τινα
1040 2380 1378 2425 πυνθάνοιτο
1409 2381 1456 2423 ὖ-

796 2440 980 2492 βρίζοντα
1008 2456 1043 2480 κ.
1074 2457 1107 2480 τ.
1127 2444 1159 2481 λ.
1174 2444 1187 2488 ]
1225 2442 1270 2481 εἰ
1297 2443 1432 2492 quoties
1443 2454 1457 2486 ,·

796 2498 881 2535 inde
900 2498 1105 2547 optativum
1124 2499 1235 2536 habet
1251 2500 1456 2544 adiectum3

794 2555 889 2592 conf.
909 2553 1041 2592 Matth.
1067 2554 1219 2606 §.525‚
1234 2555 1259 2597 5
1279 2569 1318 2606 p.
1334 2557 1457 2596 1019.

793 2609 875 2649 Nec
895 2610 966 2648 alio
990 2613 1101 2649 modo
1125 2607 1461 2664 explicarimss'nmg

792 2689 850 2696 -—
860 2666 1184 2719 μεταπέμψαιτο;
1204 2670 1252 2707 de
1269 2682 1343 2719 quo
1361 2672 1459 2705 stru-

793 2727 918 2762 cturae
945 2738 1082 2774 genere
1110 2727 1207 2764 conf.
1237 2725 1277 2774 I,
1310 2727 1361 2767 11
1389 2724 1460 2762 ibi-

793 2793 865 2831 que
884 2786 976 2819 nott.

849 2837 919 2877 καί
961 2837 1004 2877 οἷ
1043 2833 1374 2878 κατάσκοποί
1415 2850 1458 2875 τε

792 2891 862 2933 καὶ
909 2892 1036 2946 κατή
1049 2909 1168 2935 κοοι
1217 2887 1324 2946 ἦσαν
1374 2888 1457 2932 οἴνα

1202 652 1320 698 'End
1346 670 1392 698 τε
1447 667 1499 696 lus
1515 667 1589 696 dixit
1612 675 1726 696 severo.
