1768 3315
366 248 450 288 25⁰
782 243 1255 284 HERODOTI

345 361 457 412 4γον
486 353 529 396 οἱ
558 355 639 396 τοῦ
666 351 866 409 Δηῖόκεω
896 355 1044 411 φίλοι·
1103 352 1206 406 ,,Οὐ
1243 352 1328 410 γάρ
1367 352 1448 410 δὴ,
1485 351 1633 413 τρόπῳ

369 436 464 489 ,,τῷ
497 430 706 486 παρεόντι
733 432 985 490 χρεώμενοι,
1021 435 1204 478 δυνατοί
1232 435 1349 488 εἰμεν
1381 432 1538 476 οἰκέειν
1557 432 1636 489 τήν

368 510 571 567 ,,χώρην·
620 511 750 567 φέρε,
795 511 1021 568 στήσωμεν
1059 511 1204 569 ἡμέων
1241 511 1389 557 αὐτῶν
1427 512 1690 568 βασιλέα·35

371 591 478 643 ,,καὶ
508 588 623 634 οὕτω
651 588 682 646 ἥ
711 606 755 634 τε
783 590 903 648 χώρη
934 590 1241 649 εὐνομήσεται,
1275 593 1347 637 καὶ
1370 591 1498 636 αὐτοὶ
1521 591 1636 646 πρὸς

369 669 510 726 »ἔργα
537 667 808 725 τρεψόμεθα,
841 669 944 716 οὐδὲ
971 669 1045 714 ὑπ’
1076 670 1258 729 ἀνομίης
1288 670 1524 716 ἀνάστατοι
1543 669 1635 715 ἐσό-

379 753 580 805 ,,μεθα.“
644 747 794 792 Ταῦτά
833 765 888 805 κη
931 749 1150 807 λέγοντες,
1204 754 1409 795 πείθουσι
1446 750 1638 802 ἑωυτούς

251 831 318 877 98
377 826 697 885 βασιλεύεσθαι.
746 826 917 872 Αὐτίκα
955 829 1001 873 δὲ
1037 831 1406 887 προβαλλομένων
1451 829 1504 874 ὅν
1540 846 1639 874 τινα

43 901 169 928 ”⁰³⁰⁰ae
209 906 235 924 ‘¹'
270 896 320 923 ⁷⁰⁰
377 908 612 964 στήσονται
641 906 843 964 βασιλέα,
873 905 897 951 ὁ
922 908 1117 966 Δηϊόκης
1144 904 1201 967 ἦν
1229 908 1389 960 πολλός
1415 908 1504 953 ὑπὸ
1533 911 1697 952 παν-40

43 936 319 995 ἷιῗὲῑῗῗιὲἷᾈῖᾈΐίἔιὛ
413 986 423 1000 ,
498 985 508 1000 ,
606 986 615 1001 ,
731 987 742 1003 ,
994 985 1004 999 ,
1374 987 1384 1003 ,
1603 988 1615 1003 ,

376 1004 453 1039 τος
482 988 644 1043 ανδρος
673 1003 747 1032 και.
783 989 1132 1045 προβαλλομενος
1162 989 1237 1034 καὶ
1266 991 1541 1045 αἰνεομενος·
1597 1005 1640 1040 ες

376 1222 424 1248 ου
443 1222 536 1261 γαρ
559 1206 634 1259 δη,
662 1201 798 1261 τρόπῳ
816 1209 876 1261 τῷ
896 1222 970 1247 πα-

318 1260 453 1319 ρεόντι
480 1279 518 1303 κ.
543 1278 576 1304 τ.
608 1262 668 1314 λ.]
707 1263 925 1301 Pertineth.
947 1264 970 1302 l.

316 1322 367 1360 ad
388 1334 472 1369 eos,
508 1321 571 1358 ubi
599 1320 780 1358 sententia
804 1321 972 1369 causalis,

318 1390 415 1428 quae
432 1377 606 1428 postponi
625 1376 806 1424 debebat,
823 1382 974 1415 senten-

319 1435 392 1472 tiae
409 1433 604 1485 primariae
632 1430 748 1484 (φέρε
769 1428 973 1485 στήσωμεν

320 1505 357 1530 κ.
380 1505 413 1529 τ.
433 1491 498 1539 λ.)
537 1490 783 1541 praeponitur.
862 1489 971 1528 Conf.

320 1559 434 1598 supra
451 1547 500 1583 ad
518 1546 554 1594 Ι,
587 1546 652 1588 24.
692 1546 805 1589 Quod
822 1559 975 1584 monen-

320 1603 409 1641 dum
429 1603 639 1650 videbatur,
675 1615 723 1639 ne
748 1602 829 1652 quis
858 1603 976 1641 offen-

321 1661 427 1698 deret
443 1660 480 1696 in
504 1658 682 1709 particula
701 1655 775 1710 γοέρ
789 1659 890 1696 initio
909 1660 976 1697 hu-

320 1717 378 1753 ius
398 1716 602 1753 sententiae
623 1715 756 1766 posita.

378 1770 499 1824 φέρε,
520 1783 726 1823 στήσωμεν
748 1768 885 1822 ήμέων
905 1787 976 1810 αυ

320 1830 402 1868 τῶν
441 1826 628 1880 βασιλέα]
686 1827 978 1866 Valckenariana

321 1885 599 1925 emendatione.
648 1879 854 1935 στήσωμεν
886 1884 978 1925 ε’να

320 1939 458 1993 ἡμέων
487 1937 619 1981 αὐτῶν
648 1939 810 2004 βασιλέα
837 1941 896 1989 (ut
913 1941 977 1989 ΠΙ,

322 1998 389 2040 25-
408 1999 474 2039 80.
491 1998 566 2046 85)
587 1996 735 2035 minime
751 2011 857 2049 opuS.
897 1997 979 2036 Nee

320 2054 403 2092 libri
428 2055 562 2091 iuvant.

378 2109 447 2148 καὶ
470 2105 582 2148 αὐτοὶ
602 2105 702 2159 πρός
724 2107 816 2162 ἔργα
836 2104 977 2161 τρεψό-

323 2164 454 2218 μεθα]
484 2165 605 2213 Vulgo
631 2164 723 2217 ἓόγα
755 2166 804 2202 ad
833 2168 976 2215 quaevis

324 2221 511 2262 Medorum
529 2223 672 2270 negotia
691 2225 723 2258 et
744 2234 845 2272 opera
867 2235 897 2258 s.
921 2235 976 2259 oc-

323 2281 528 2329 cupationes
546 2278 669 2315 solitas
686 2279 858 2316 referunt.
877 2277 975 2316 Nam

322 2332 425 2386 πρός
451 2348 481 2372 s.
498 2333 563 2374 ἐπὶ
583 2331 631 2373 τὰ
652 2333 745 2387 ἔργα
760 2333 976 2386 τρέπεσθαι

324 2394 497 2441 frequens
528 2392 706 2439 occurrit,
734 2392 795 2428 ubi
823 2397 898 2429 est:
929 2391 977 2429 ad

323 2450 467 2496 negotia
491 2448 634 2485 reverti.
693 2447 776 2485 Vid.
807 2448 855 2485 W
858 2452 978 2496 ytten-

325 2505 430 2542 bach.
449 2503 569 2554 Epist.
593 2503 704 2540 critic.
725 2517 812 2554 pag.
834 2508 900 2552 12,
916 2506 978 2542 ubi

325 2560 441 2598 nostri
462 2560 531 2597 loci
549 2573 625 2597 non
642 2560 774 2597 oblitus
787 2562 864 2598 fuit.
882 2561 978 2599 Add.

325 2617 438 2654 Beck.
460 2617 508 2653 ad
528 2615 714 2666 Aristoph.
743 2616 831 2654 Avv.
855 2618 977 2665 1450,

326 2686 374 2710 ne
394 2672 509 2723 plura.
566 2672 771 2710 Larcherus
793 2687 878 2711 vero
899 2676 982 2711 stri-

329 2729 431 2767 ctiori
452 2742 563 2767 sensu
583 2728 676 2781 ἔργα
694 2730 741 2767 de
761 2743 856 2780 opere
872 2734 982 2768 rusti-

331 2799 371 2823 co
387 2785 541 2834 intelligi
558 2786 632 2822 vult
662 2785 762 2833 („ut
788 2789 900 2836 quiete
921 2802 981 2824 ηο-

331 2842 384 2879 bis
402 2842 507 2879 liceat
527 2854 632 2890 agros
653 2841 829 2891 colere“)‚
859 2848 899 2881 ut
920 2858 981 2881 su-

333 2912 401 2950 pra
428 2898 466 2946 l,
497 2901 563 2940 36.
626 2899 703 2937 Sed
735 2900 781 2937 ab
809 2900 877 2939 hoc
901 2899 979 2939 loco

1037 1207 1193 1246 alienum
1215 1212 1404 1258 putamUS,
1435 1222 1516 1247 cum
1544 1209 1582 1247 in
1608 1209 1697 1247 solis

1038 1266 1137 1313 agris
1159 1264 1322 1302 colendis
1341 1265 1474 1304 Medos
1500 1272 1696 1318 occupatos

1038 1322 1152 1361 fuisse
1172 1321 1320 1360 minime
1339 1323 1386 1359 sit
1399 1323 1601 1373 probabile.

1219 1406 1330 1458 Cap.
1360 1406 1530 1445 XCVIII.

1097 1484 1251 1530 Αυτίκα
1290 1488 1332 1530 δὲ
1340 1489 1698 1556 προβαλλομένων

1039 1542 1063 1588 ’ὅ
1074 1560 1097 1585 ν
1126 1562 1147 1585 τ
1163 1562 1177 1586 ι
1188 1562 1211 1586 ν
1223 1562 1248 1585 α
1278 1543 1491 1598 στήσονται
1519 1546 1697 1599 βασιλέα]

1041 1603 1204 1642 Nimium
1243 1604 1301 1641 hic
1346 1605 1697 1643 Schellershemiano

1043 1659 1134 1697 libro
1146 1660 1343 1698 indulsisse
1351 1661 1519 1699 videntur
1527 1661 1698 1710 Schwgh.

1044 1721 1082 1756 et
1097 1717 1217 1755 Gaisf.
1236 1718 1436 1756 scribentes
1464 1712 1518 1757 τό
1530 1733 1553 1757 ν
1578 1733 1599 1756 τ
1612 1732 1627 1757 ι
1637 1732 1662 1757 ν
1673 1732 1699 1756 α

1044 1786 1113 1824 pro
1134 1768 1184 1813 ὅν
1213 1788 1326 1821 τινα,
1361 1775 1462 1823 quod
1492 1774 1529 1811 in
1550 1774 1699 1824 reliquis

1043 1829 1142 1867 libris
1161 1831 1415 1881 manuscriptis
1438 1835 1475 1868 et
1493 1831 1600 1868 editis
1623 1829 1699 1867 vul-

1044 1899 1094 1935 go
1113 1890 1310 1936 comparet.
1357 1886 1524 1924 Retinuit
1550 1899 1698 1936 quoque

1044 1942 1189 1989 Matth.,
1220 1943 1401 1992 probante
1416 1943 1569 1991 Struve,
1589 1955 1698 1993 quem

1045 1999 1130 2036 vide
1150 1997 1337 2036 laudatum
1357 2000 1406 2037 ad
1424 1999 1462 2047 Ι,
1483 2002 1548 2041 90.
1608 1995 1698 2050 στή-

1047 2066 1184 2094 σονται
1214 2056 1374 2093 futurum
1406 2069 1451 2093 eo
1479 2069 1612 2104 sensu,
1651 2057 1699 2094 de

1047 2124 1121 2160 quo
1142 2124 1255 2161 supra
1274 2112 1408 2149 dictum
1430 2113 1477 2150 ad
1501 2113 1530 2161 Ι,
1550 2113 1616 2154 65.
1631 2114 1695 2153 11.

1044 2167 1105 2205 Tu
1136 2172 1254 2205 verte:
1292 2181 1472 2218 quemnam
1498 2182 1624 2219 regem
1641 2189 1697 2197 —

1043 2224 1113 2261 sibi
1129 2226 1286 2261 creaturi
1303 2227 1386 2262 sint.

1099 2274 1152 2332 ἦν
1166 2278 1308 2328 πολλὸς
1317 2303 1374 2311 —
1384 2278 1701 2333 προβαλλόμενος

1043 2336 1111 2376 καὶ
1125 2333 1382 2388 αἰνεόμενος]
1397 2338 1584 2390 Participii
1592 2352 1698 2376 usum

1044 2394 1082 2430 in
1100 2394 1156 2430 his
1178 2395 1396 2432 dictionibus
1419 2394 1558 2444 aliquot
1577 2408 1699 2433 exem-
1752 2412 1758 2418 ·

1044 2449 1114 2500 plis
1153 2451 1275 2487 docuit
1310 2450 1442 2487 Matth.
1475 2449 1512 2502 §.
1543 2451 1646 2499 554,
1673 2450 1698 2487 h

1044 2519 1082 2556 p.
1104 2508 1231 2555 1087,
1269 2507 1331 2544 ubi
1362 2507 1489 2544 itidem
1518 2511 1606 2558 post
1627 2521 1697 2546 πο-

1047 2560 1118 2609 λύς
1150 2559 1252 2602 εἶναι
1293 2563 1523 2613 participium
1558 2564 1699 2601 inveni-

1048 2633 1128 2656 mus
1139 2648 1150 2667 ,
1179 2632 1253 2668 quo
1274 2619 1355 2669 ipso
1367 2621 1548 2657 sententia
1562 2619 1698 2671 prima-

1047 2676 1102 2713 ria
1129 2675 1328 2714 accuratius
1367 2675 1563 2713 definiatur
1596 2680 1634 2714 et
1661 2677 1699 2713 in

1047 2732 1199 2781 singulis
1217 2731 1423 2782 explicetur.
1461 2732 1601 2770 Latini:
1618 2732 1700 2783 fre-

1049 2801 1153 2838 quens
1175 2788 1220 2825 ab
1244 2801 1448 2838 unoquoque
1471 2791 1548 2826 viro
1573 2801 1698 2839 propo-

1046 2845 1193 2882 nebatur
1227 2848 1259 2881 et
1287 2844 1504 2882 laudabatur
1543 2845 1698 2883 Deioces.

1049 2901 1110 2939 Tu
1127 2902 1222 2940 conf.
1242 2901 1330 2950 Vll,
1355 2902 1445 2944 158.
1477 2901 1546 2951 ΙΧ,
1567 2904 1632 2945 91.
