1759 3324
330 239 416 300 640

748 255 1216 296 HERODOTI

331 365 411 421 μὲν
437 363 520 421 γάρ
550 364 614 409 ὠά
643 365 688 409 ἓν
717 369 798 423 γῇ,
829 365 902 409 καὶ
933 365 1117 416 ἐκλέπει,
1150 365 1221 408 καὶ
1252 365 1301 408 τὸ
1332 364 1498 409 πολλὸν
1524 369 1601 422 τῆς

330 443 491 502 ἡμέρης
521 447 730 501 διατρίβει
760 446 806 488 ἐν
835 449 895 503 τῷ
926 447 1062 502 ξηρῷ,
1102 444 1181 501 τὴν
1213 445 1257 487 δὲ
1287 443 1425 487 νύκτα
1454 449 1600 487 πᾶσαν

331 524 379 567 ἐν
408 529 468 584 τῷ
497 529 701 582 ποταμῷ·
760 525 1030 579 θερμότερον
1070 523 1153 579 γὰρ
1192 524 1244 579 δή
1276 523 1363 566 ἐστι
1396 522 1444 566 τὸ
1476 523 1656 577 ὕδωρόο

302 608 408 660 3τῆς
450 620 493 647 τε
534 605 708 658 αἰθρίης
745 604 819 646 καὶ
857 608 933 659 τῆς
972 603 1150 657 δρόσου.

1209 602 1387 646 πάντων
1429 603 1475 645 δὲ
1512 607 1599 645 τῶν

330 682 454 740 ἡμεῖς
483 685 607 739 ἴδμεν
637 686 840 737 θνητῶν,
899 687 1028 725 τοῦτο
1068 682 1110 733 ἐξ
1144 682 1368 736 ἐλαχίστου
1398 681 1598 736 μέγιστον

329 764 504 818 γίνεται.
556 761 608 803 τὰ
637 760 714 816 μὲν
743 760 827 815 γάρ
861 759 949 813 ὠσὶ,
983 762 1148 817 χηνέων
1179 759 1233 804 οὐ
1264 763 1409 814 πολλῷ
1439 760 1598 813 μέζονα

328 844 480 884 τίκτει·
511 840 584 883 καὶ
614 838 638 883 ὁ
673 839 853 890 νεοσσὸς
882 840 991 883 κατα
1023 839 1157 894 λόγου
1184 843 1263 882 τοῦ
1295 837 1386 881 ὠοῦ
1415 840 1599 894 γίνεται·

331 919 628 974 αὐξανόμενος
651 920 715 970 δὲ,
746 920 913 973 γίνεται
933 919 1007 962 καὶ
1037 918 1078 969 ἐς
1108 918 1394 961 ἑπτακαίδεκα
1419 917 1595 973 πήχεας,

300 1003 321 1039 4
331 999 403 1042 καὶ
433 998 572 1054 μέζων
602 998 675 1042 ἔτι.

271 1234 331 1258 res
352 1221 420 1257 sibi
439 1219 739 1257 animadvertisse
758 1218 934 1267 visisunt,

273 1290 355 1314 esse
400 1276 512 1314 solem
548 1277 691 1326 potius,
733 1289 826 1324 quae
865 1289 933 1312 ova

273 1333 460 1380 excludat,
490 1346 566 1369 non
594 1332 799 1369 crocodilos
825 1332 932 1369 femi-

272 1403 339 1427 nas
367 1390 435 1426 illis
467 1390 729 1426 incumbentes
791 1389 930 1426 Confer

275 1447 454 1494 Geoffroy
482 1459 568 1496 pag.
590 1447 671 1486 377
697 1459 773 1494 seq.

329 1502 396 1541 καὶ
426 1499 469 1540 τό
497 1499 644 1541 πολλόν
678 1504 750 1551 τῆς
776 1500 926 1553 ἡμέρης

273 1560 466 1611 διατρίβει
488 1558 529 1598 ἐν
554 1561 607 1612 τῷ
637 1559 746 1611 ξηρῷ
765 1574 799 1597 κ.
822 1574 853 1596 τ.
875 1557 924 1607 λ.]

271 1617 376 1654 Haec
411 1629 497 1653 vera
526 1621 564 1652 ct
591 1615 740 1651 indubia
773 1628 854 1652 esse
883 1627 927 1651 ex

271 1673 340 1720 iis,
381 1685 476 1721 quae
507 1673 702 1709 etiamnum
729 1673 928 1709 observan-

271 1734 349 1776 tur,
388 1729 491 1779 ponit
520 1728 697 1777 Geoffroy
723 1742 809 1778 pag.
831 1730 927 1769 376.

270 1785 321 1822 Et
341 1787 530 1822 confirmat
556 1784 744 1830 Minutoli,
776 1785 837 1834 qui
863 1797 929 1834 per

272 1855 399 1879 omnes
423 1843 494 1879 diei
516 1842 623 1878 horas
651 1842 687 1877 in
708 1841 785 1878 Nili
803 1840 926 1878 insulis

272 1904 309 1936 et
333 1911 444 1936 arena
463 1897 664 1936 crocodilos
686 1911 726 1935 se
747 1899 928 1935 invenisse

273 1956 415 2002 scribit,
445 1968 630 2004 nunquam
648 1967 734 1991 vero
761 1959 869 1991 noctu
886 1967 926 1991 se

271 2011 351 2048 illos
389 2016 490 2049 extra
518 2024 650 2060 aquam
681 2011 924 2062 conspexisse.

270 2067 355 2104 Vid.
373 2067 394 2103 l.
414 2067 437 2104 l.
470 2080 556 2118 pag.
585 2068 675 2107 157.

329 2119 492 2161 πάντων
509 2121 549 2161 ὁὲ
570 2124 653 2161 τοῖν
676 2119 790 2173 ἡμεῖς
811 2122 924 2173 ’ἴδμεν

271 2195 306 2218 κ.
329 2194 359 2217 τ.
384 2178 432 2229 L]
463 2179 512 2215 Et
529 2179 617 2216 haec
637 2191 724 2215 vera
746 2192 839 2225 esse,
859 2179 926 2215 do-

272 2240 354 2273 cent
369 2242 520 2272 naturae
537 2235 688 2280 curiosi,
714 2235 775 2283 qui
798 2248 924 2272 omnes

272 2293 519 2337 confirmant,
558 2291 728 2328 crocodili
753 2304 821 2327 ova
851 2304 926 2328 non

273 2349 448 2386 excedere
476 2348 725 2396 magnitudine
759 2360 828 2383 ova
859 2360 924 2383 an-

258 2406 414 2450 ⁶serin33
441 2404 514 2440 vid.
536 2404 716 2451 Ge'offroy
740 2405 921 2453 pag.379

273 2466 309 2499 et
330 2459 497 2497 Minutoli
513 2473 596 2509 pag.
621 2460 698 2500 159
727 2460 804 2496 coll.
833 2459 922 2496 Tie-

272 2518 440 2554 demann.
469 2529 552 2566 pag.
574 2517 627 2556 53
654 2529 730 2565 seq.
772 2515 805 2552 E
822 2520 923 2553 vete-

271 2574 370 2611 ribus
381 2573 570 2610 Herodoto
583 2572 826 2620 suffragantur
834 2572 924 2608 Dio-

272 2631 383 2668 dorus
412 2630 450 2676 I,
477 2629 543 2670 35.
590 2627 804 2666 Aristoteles
837 2628 921 2665 hist.

271 2699 330 2724 an.
354 2686 397 2733 V,
417 2687 494 2733 32,
514 2684 582 2722 alii.

326 2740 395 2781 καὶ
429 2740 450 2781 ὁ
479 2736 642 2787 νεοσσός
674 2736 774 2778 κατὰ
802 2734 923 2791 λόγον

270 2801 345 2838 τοῦ
389 2793 473 2837 αἷοῦ
509 2794 680 2850 γίνεται]
740 2795 925 2834 Crocodili

270 2855 386 2906 pullus
405 2884 416 2902 ,
465 2858 505 2891 ut
536 2855 646 2892 iidem
673 2857 824 2890 monent
857 2852 924 2888 viri

272 2912 388 2960 docti,
417 2911 478 2949 ubi
502 2923 608 2949 ovum
630 2909 820 2960 relinquit,
843 2908 924 2946 lon-

736 998 817 1055 ἔχει
848 998 893 1042 δὲ
923 996 1187 1054 ὀφθαλμούς
1216 997 1294 1054 μὲν
1321 996 1425 1050 ὑός,
1467 995 1654 1040 ὀδόν-35

1002 1219 1168 1268 gitudine
1191 1222 1332 1268 septem
1359 1223 1423 1256 aut
1448 1223 1528 1256 octo
1548 1218 1654 1270 polli-

1000 1290 1059 1313 ces
1081 1277 1156 1312 i'ere
1179 1281 1334 1324 aequat,
1354 1281 1389 1313 et
1409 1275 1547 1325 aliquot
1567 1279 1654 1326 post

1000 1346 1143 1369 menses
1176 1332 1247 1368 iam
1278 1333 1324 1368 ad
1344 1332 1497 1382 plurium
1517 1333 1653 1382 pedum

997 1388 1260 1437 longiliidinem
1294 1390 1487 1438 pervenit,
1526 1390 1576 1426 ita
1612 1392 1654 1425 ut

998 1445 1141 1482 adultus
1175 1445 1325 1492 triginta
1353 1446 1467 1495 pedes
1505 1450 1544 1483 et
1575 1457 1653 1482 am-

994 1501 1087 1552 plius
1109 1501 1338 1549 longitudine
1361 1502 1514 1551 expleat.
1574 1501 1652 1538 He-

994 1559 1145 1595 rodotus
1166 1570 1248 1595 mox
1280 1559 1382 1607 ponit
1403 1558 1652 1607 septendecim

995 1615 1159 1661 cubitos,
1181 1614 1241 1663 qui
1264 1614 1392 1662 viginti
1412 1619 1566 1663 quatuor
1579 1615 1652 1651 fer-

996 1684 1056 1708 me
1084 1672 1198 1721 pedes
1243 1675 1424 1719 aequant3
1473 1670 1647 1707 Aelianus

996 1741 1082 1764 vero
1127 1728 1192 1764 sub
1228 1726 1494 1764 Psammeticho
1527 1727 1651 1763 scribit

995 1785 1110 1820 visum
1130 1785 1244 1820 fuisse
1276 1783 1495 1820 crocodilum
1522 1783 1650 1832 viginti

997 1842 1158 1889 quinque
1187 1841 1386 1877 cubitorum
1409 1869 1419 1887 ,
1464 1853 1558 1888 quae
1584 1840 1650 1876 tri-

995 1898 1097 1946 ginta
1126 1897 1287 1946 quinque
1322 1898 1398 1933 sere
1429 1897 1565 1946 pedum
1593 1899 1650 1933 est

993 1967 1186 2000 mensura,
1217 1953 1398 2001 aliumque
1428 1953 1493 1989 sub
1511 1952 1648 1999 Amasi,

993 2010 1092 2047 cuius
1120 2009 1310 2058 longitudo
1330 2009 1455 2057 viginti
1476 2021 1539 2046 sex
1569 2010 1650 2045 sue-

991 2067 1038 2103 rit
1059 2066 1280 2109 cubitorum3
1309 2066 1380 2102 vid.
1407 2072 1482 2102 nat.
1504 2064 1648 2102 animal.

992 2122 1096 2159 XVH
1112 2151 1122 2169 ‚
1151 2125 1187 2162 6.
1245 2122 1343 2158 Alios
1364 2126 1525 2159 veterum
1547 2121 1647 2157 locos

993 2178 1114 2215 attulit
1132 2178 1385 2225 Lindenbrog.
1401 2177 1448 2213 ad
1470 2177 1646 2216 Ammian.

991 2234 1152 2271 Marcell.
1176 2234 1295 2280 XXII,
1317 2235 1366 2274 15
1387 2231 1423 2283 ᾖ.
1448 2236 1509 2273 16.
1541 2233 1648 2276 Quae

991 2296 1114 2327 tamen
1136 2303 1209 2326 non
1238 2290 1363 2326 fictitia
1387 2302 1487 2336 esse,
1518 2302 1647 2326 croco-

993 2347 1147 2383 dilorum
1161 2375 1170 2393 ,
1201 2346 1263 2394 qui
1282 2345 1391 2383 hodie
1405 2347 1646 2393 inveniuntur,

992 2403 1111 2451 arguit
1136 2402 1362 2450 magnitudo.
1408 2403 1517 2438 Conf.
1538 2402 1647 2439 etiam

993 2458 1304 2496 'riede1nann.1.l.
1326 2472 1362 2507 p.
1374 2460 1427 2498 69
1448 2463 1485 2495 et
1495 2459 1647 2496 Schnei-

992 2516 1069 2552 der.
1086 2514 1108 2550 l.
1128 2514 1151 2551 l.
1179 2528 1265 2564 pag.
1288 2515 1368 2555 142
1387 2528 1491 2564 seqq.

1050 2569 1124 2620 ἔχει
1147 2568 1188 2609 δὲ
1212 2566 1451 2621 ὅφθαλμοῦς
1467 2567 1540 2621 μὲν
1558 2567 1643 2621 ὗὸς]

991 2627 1084 2663 Sunt
1111 2627 1280 2664 crocodili
1317 2627 1410 2664 oculi
1445 2640 1512 2678 pro
1541 2631 1645 2664 tanta

990 2683 1153 2733 eorporis
1175 2683 1270 2720 mole
1301 2696 1499 2732 sanequam
1526 2683 1643 2733 parvi,

990 2740 1108 2776 minus
1131 2739 1214 2776 elati
1235 2744 1271 2777 et
1289 2739 1502 2790 plerumque
1521 2753 1543 2776 a
1563 2739 1644 2789 pal-

990 2796 1111 2846 pebris
1134 2796 1286 2842 obtecti,
1328 2799 1367 2831 ut
1397 2795 1506 2832 suillis
1531 2794 1643 2832 oculis

989 2852 1090 2889 haud
1115 2851 1209 2889 male
1248 2853 1451 2901 comparari
1486 2851 1642 2902 possint,

990 2920 1211 2958 quamquain
1240 2907 1366 2945 felium
1399 2907 1511 2946 oculis
1543 2907 1642 2944 simi-

1741 1939 1744 2060 i

1739 2091 1742 2223 ἑ
