1759 3324
527 277 1044 318 EUTERPE.11.
1322 280 1406 319 665

154 398 419 450 Βακχικοῖσι,
454 392 576 434 ἐοῦσι
607 389 651 432 δὲ
682 388 979 444 Αἰγυπτίοισι9
1019 389 1092 431 καὶ
1124 388 1405 442 Πυθαγορεί-

117 479 250 518 4οισι.
281 471 487 526 οὐδὲγὰρ
518 467 688 512 τούτων
716 472 803 511 τῶν
833 466 992 523 ὀργίων
1022 468 1252 523 μετέχοντα
1279 465 1406 511 ὅσιόν

146 532 235 595 ἐστι
271 551 316 593 ἐν
355 549 571 604 εἰρινέοισι
620 550 764 602 εἵμασι
811 551 1058 604 θαφθῆναι.
1113 547 1200 590 ἔστι
1232 548 1277 591 δὲ
1307 547 1461 603 περὶ95

146 628 292 673 αὐτῶν
321 630 413 684 ἱρὸς
450 626 578 684 λόγος
607 626 849 683 λεγόμενος.

21 721 86 765 82
253 709 342 751 Καὶ
382 705 483 751 τάδε
523 707 631 751 ἄλλα
668 708 945 763 Αἰγυπτίοισί
983 706 1070 750 ἐστι
1115 706 1397 763 ἐξευρημένα·
1458 709 1582 737 Mfflffirfl
1609 714 1639 738 et
1676 712 1739 739 ‹Fvs

199 789 209 803 ,
392 788 400 803 ,
449 787 460 801 ι
505 787 513 799 ,
620 787 631 801 f
679 786 687 798 ,
879 792 894 798 ι
956 786 977 800 a
1086 788 1097 801 ,
1160 789 1169 803 ,
1302 787 1311 802 .
1381 790 1399 798 η
1455 745 1571 805 ἶιῗὲἷξέΓ
1607 748 1739 806 ῗιῖιῖἓῖἶῖῑῖ

139 804 230 843 μεις
260 804 303 831 τε
333 806 406 832 και
434 805 570 844 ημερη
613 799 769 844 εκαστη
806 793 924 830 θεων
953 803 1051 830 οτευ
1082 800 1191 830 εστι·
1243 804 1316 830 και
1345 804 1397 844 τῃ
1458 812 1738 851 mmmm-‚giorum

139 866 319 918 ἕκαστος
356 867 493 924 ἡμέρῃ
531 866 786 924 γενόμενος,
840 865 999 911 ὁτέοισι
1028 867 1280 924 ἐγκυρήσει,
1327 867 1400 911 καὶ
1459 846 1639 875 ‘'bimam’‘

82 1081 280 1124 memorat,
309 1078 507 1115 tenendum
529 1081 603 1125 est,
633 1076 737 1113 huius
805 1077 855 1115 tie
891 1078 1115 1126 gignentem.
1176 1077 1282 1122 Quae
1326 1077 1459 1126 insigni

83 1133 296 1183 disciplinae
341 1135 504 1171 instituta
546 1134 737 1171 maximam

82 1194 223 1240 partem
244 1191 398 1240 repetita
416 1192 529 1228 videri
550 1205 593 1228 ex
615 1196 737 1228 vetere

82 1247 321 1295 Orphicorum
334 1248 521 1297 diseiplina
541 1261 582 1284 ac
600 1247 735 1284 doctri-

81 1316 150 1349 na;
197 1305 294 1341 unde
333 1306 449 1353 ipsum
490 1304 735 1353 Pythagoram

82 1360 248 1410 Orphicis
265 1362 442 1409 mysteriis
464 1361 638 1397 initiatum
659 1361 736 1396 vul-

82 1430 130 1465 go
153 1417 347 1454 iactabant.
406 1418 497 1464 His,
523 1430 617 1466 quae
637 1431 736 1454 sum-

80 1473 204 1510 matim
226 1475 352 1522 posui,
391 1474 494 1524 plura
532 1479 641 1523 atque
677 1487 735 1510 ac-

81 1530 261 1566 curatiora
298 1531 358 1580 qui
397 1531 606 1577 desideret,
653 1544 734 1568 eum

81 1585 286 1634 ablegatum
306 1587 469 1624 volumus
491 1588 538 1623 ad
562 1587 734 1625 Creuzeri

81 1642 244 1692 Symbol.
264 1643 313 1679 lll
337 1656 422 1693 pag.
440 1644 519 1684 150
541 1657 617 1693 seq.
651 1646 731 1686 163

81 1712 184 1747 seqq.
215 1701 291 1739 171
315 1713 417 1748 seqq.

140 1750 253 1794 ’ὅσιόν
279 1755 358 1794 ἐστι
387 1755 429 1795 ἐν
453 1754 653 1806 εἰρινέοισι
683 1755 733 1795 εἵ-

82 1825 176 1862 μασι
199 1815 433 1863 θαφθῆναι.
474 1813 550 1851 ἔστι
581 1811 622 1851 δὲ
645 1811 735 1863 περὶ

82 1863 215 1906 αὐτῶν
243 1866 327 1916 ἱρός
354 1865 471 1922 λόγος
498 1865 734 1921 λεγόμενος]

80 1924 164 1962 Vid.
181 1924 227 1970 Il,
253 1929 318 1972 37,
336 1926 396 1962 ubi
422 1927 631 1976 primarium
649 1927 735 1963 Plu-

80 1982 191 2018 tarchi
217 1981 332 2018 locum
365 1983 412 2020 de
434 1984 519 2020 Isid.
541 1989 576 2020 et
598 1984 733 2020 Osirid.

79 2051 116 2088 p.
139 2039 242 2084 352,
271 2039 313 2075 C.
332 2039 367 2075 D
403 2040 474 2077 iam
495 2040 732 2077 laudavimus.

81 2094 154 2137 Qui
172 2107 293 2131 veram
322 2095 427 2133 huius
454 2097 564 2133 moris
587 2110 731 2133 causam

80 2163 158 2188 eam
198 2164 277 2188 esse
307 2154 429 2201 ponit,
469 2154 567 2202 quod
603 2167 732 2203 purum

79 2209 180 2255 tangi
199 2220 220 2244 a
239 2221 311 2245 non
334 2222 424 2259 puro
448 2210 494 2246 sit
512 2211 628 2247 nefas.
660 2209 733 2247 La-

78 2275 126 2300 na
146 2265 240 2301 enim
268 2278 346 2302 cum
376 2279 419 2302 ex
445 2266 650 2303 animalium
670 2280 731 2304 ex-

79 2321 267 2358 crementis
301 2326 472 2359 nascatnr
513 2323 734 2371 minimeque

79 2375 164 2413 inde
181 2377 227 2413 ad
246 2391 337 2427 pura
356 2380 550 2429 pertineat,
562 2381 726 2429 profecto

79 2443 154 2468 non
184 2439 464 2472 consentaneum
495 2449 575 2473 eam
610 2437 655 2473 ab
684 2437 726 2473 iis

80 2490 239 2536 gestari,
271 2491 331 2539 qui
350 2505 457 2540 quam
479 2494 632 2530 maxime
646 2494 727 2542 puri

80 2547 189 2592 atque
219 2547 305 2583 casti
330 2549 468 2595 videri,
510 2553 546 2586 et
575 2563 613 2586 re
642 2562 727 2587 vera

77 2601 224 2649 puritati
253 2607 290 2639 et
322 2607 482 2654 corporis
521 2611 557 2643 et
587 2619 727 2642 morum

79 2657 225 2694 studere
248 2659 413 2698 debeant.
471 2663 602 2699 Linum
626 2676 728 2710 vero,

80 2713 179 2760 quod
197 2726 216 2750 e
228 2718 322 2752 terra
343 2723 510 2756 nascatur
520 2719 725 2766 immortali,

78 2773 217 2806 vestem
248 2772 413 2812 exhibere
440 2789 566 2826 puram
596 2790 639 2813 ac
671 2780 730 2814 te-

78 2836 206 2872 nuem,
225 2827 428 2867 animalium
449 2833 674 2870 immunditie
692 2839 729 2870 et

79 2883 312 2919 excrementis
344 2885 440 2924 haud
464 2888 634 2926 infectam
661 2903 729 2927 nec

78 2936 197 2987 ipsam
224 2939 390 2980 animalia
416 2957 506 2994 prae
535 2945 729 2983 immundi-

805 1134 948 1184 Apuleii
969 1135 1048 1171 loco
1082 1135 1118 1170 in
1141 1135 1288 1184 apolog.
1316 1148 1352 1183 p.
1376 1135 1458 1175 495

806 1191 942 1240 optime
969 1192 1238 1228 confirmantur.
1304 1190 1457 1237 Lanam,

806 1248 1058 1295 segnissimam
1078 1248 1238 1297 corporis
1251 1260 1458 1284 excremen-

804 1308 904 1351 tum,
946 1304 1070 1354 pecori
1107 1305 1305 1341 detractam
1328 1333 1338 1350 ‚
1386 1304 1457 1340 iam

803 1360 890 1397 inde
919 1362 964 1397 ab
994 1361 1131 1410 Orphei
1161 1365 1197 1398 et
1226 1360 1460 1409 Pythagorae

803 1421 925 1454 aetate
954 1418 1040 1454 dicit
1068 1419 1261 1467 profanum
1287 1430 1369 1454 esse
1396 1431 1460 1454 ve-

803 1475 938 1510 stitum.
990 1474 1066 1511 Sed
1087 1475 1362 1511 mundissimam
1380 1487 1460 1511 csse

801 1530 864 1566 lini
886 1534 1071 1579 segetem,
1093 1531 1186 1568 inter
1209 1532 1364 1581 optimas
1386 1532 1462 1568 fru-

802 1600 867 1636 ges
889 1592 1009 1625 terrae
1030 1592 1193 1624 exortam
1214 1592 1281 1625 etc.

971 1672 1035 1708 Ca
1043 1686 1080 1722 p.
1110 1672 1301 1710 Lxxxn.

860 1756 946 1805 μείς
969 1770 1008 1795 τε
1029 1755 1095 1794 καὶ
1125 1754 1255 1808 ἡμέρη
1277 1780 1334 1785 —-
1354 1757 1458 1808 ἐστι’]

804 1811 888 1849 Seil.
921 1808 1000 1863 ἱρή.
1073 1813 1113 1848 Si
1142 1818 1238 1851 recte
1263 1815 1461 1864 disputavit

803 1867 933 1916 Miot.‚
967 1870 1093 1906 Gallus
1127 1869 1309 1907 Herodoti
1344 1872 1458 1909 inter-

802 1939 909 1976 pres,
947 1926 1037 1964 haec
1066 1931 1206 1964 tantum
1232 1929 1279 1965 de
1307 1928 1457 1977 singulis

802 1983 988 2032 cuiusque·
1027 1984 1267 2021 hebdomadis
1317 1990 1459 2035 septem

801 2040 928 2076 diebus
960 2040 1218 2088 intelligenda,
1259 2055 1379 2090 neque
1410 2043 1457 2079 de

801 2097 972 2133 continua
993 2098 1133 2133 dierum
1155 2098 1247 2134 serie
1261 2111 1327 2147 per
1342 2103 1456 2135 totum

802 2166 947 2190 annum.
1006 2154 1100 2189 Sunt
1131 2167 1216 2190 vero
1241 2154 1330 2191 haec
1359 2159 1458 2193 arcte

802 2210 995 2246 coniuncta
1025 2223 1103 2246 cum
1130 2210 1301 2247 universa
1331 2210 1459 2260 Aegy-

801 2266 958 2316 ptiorum
987 2266 1183 2316 religione,
1214 2268 1250 2303 in
1280 2281 1351 2316 qua
1374 2268 1456 2318 plu-

801 2324 890 2359 rima
912 2324 960 2359 ad
984 2324 1073 2360 deos
1103 2323 1316 2361 calendares
1340 2329 1377 2361 et
1398 2338 1457 2361 ra-

795 2380 912 2416 tiones
933 2381 1192 2417 astronomicas
1214 2380 1457 2430 physicasque

795 2435 910 2473 relata
935 2437 1109 2473 videmus.
1168 2437 1227 2474 De
1247 2450 1319 2485 quo
1341 2452 1455 2487 expo-

795 2506 882 2530 nere
904 2492 1054 2541 longum
1081 2497 1147 2531 est.
1205 2495 1314 2531 Conf.
1340 2495 1458 2531 Creu-

795 2562 868 2586 zer.
902 2549 1066 2598 Symbol.
1098 2550 1114 2586 I
1147 2564 1234 2600 pag.
1265 2551 1346 2592 395
1378 2564 1454 2600 seq.

794 2605 955 2643 Heeren.
977 2607 1087 2644 ldeen
1108 2611 1174 2644 etc.
1199 2607 1243 2652 ll,
1266 2611 1291 2648 2
1313 2621 1349 2657 p.
1364 2609 1454 2648 158.

796 2663 978 2700 Gesenius
1018 2665 1067 2701 ad
1111 2664 1216 2701 Iesai.
1253 2664 1368 2710 XIX,
1402 2667 1455 2706 12

795 2732 881 2769 pag.
903 2723 995 2761 621.
1037 2720 1226 2758 Letronne
1256 2721 1453 2758 observatt.

798 2789 859 2812 sur
878 2775 930 2813 les
952 2777 1097 2826 zodiaq.
1128 2789 1214 2827 pag.
1233 2777 1286 2817 58
1306 2790 1410 2826 seqq.

853 2830 1022 2883 ὁτέοισι]
1066 2833 1161 2871 Tres
1201 2833 1283 2870 libri
1318 2833 1454 2881 τέοισι,

795 2889 898 2937 quod
924 2903 992 2939 per
1022 2902 1064 2927 se
1091 2903 1166 2926 non
1205 2890 1453 2933 damnandum

795 2944 932 2983 iudicat
950 2946 1099 2984 Struve‘
1114 2958 1213 2997 spec.
1238 2949 1380 2995 quaest.
1407 2947 1455 2984 de
