1759 3324
491 289 913 330 EUTERPE.
963 290 1009 328 II.

112 403 220 449 κατὰ
248 403 301 447 τὰ
329 401 439 446 αὐτοὶ
466 405 527 458 τῷ
557 401 724 457 Νείλῳ’

1285 266 1372 332 5233

763 399 836 443 καὶ
874 404 1039 456 μᾶλλον
1067 400 1126 444 ἔτι
1159 398 1370 455 τοσούτῳ,

114 483 201 542 ὅσῳ
239 482 467 531 ἐλάσσονες
517 478 683 531 ἐόντες,
742 477 1029 535 ἀσθενέστερα
1078 478 1131 522 τὰ
1180 476 1373 535 ῥεύματα

84 561 389 616 ὅπαρέχονται.
433 560 514 603 εἰσὶ
543 559 587 603 δὲ
616 559 772 602 πολλοὶ
802 561 881 614 μὲν
908 559 954 603 ἐν
982 563 1036 616 τῇ
1066 559 1208 614 Συρίῃ
1237 574 1372 601 ποτα-

110 641 207 697 μοὶ,
237 640 388 683 πολλοὶ
419 639 463 682 δὲ
490 639 536 682 ἐν
564 643 617 696 τῇ
646 637 813 696 Λιβύῃ,
851 641 894 682 οἳ
924 637 1054 682 οὐδὲν
1082 641 1257 681 τοιοῦτο
1287 636 1372 680 πά-

0 720 52 765 ΞΙ
111 730 262 774 σχουσι
293 716 388 761 οἷόν
417 736 458 762 τι
486 719 558 762 καὶ
595 716 618 762 ὁ
650 722 820 769 Νεῖλος.
875 717 934 760 ‘H
957 717 1001 761 δ’
1040 718 1187 774 ἑτέρη,
1218 714 1370 760 ἄνεπι-
1384 719 1429 757 40

107 800 419 855 στημουεστέρη
448 797 527 854 μέν
556 797 644 840 ἐστι
673 801 747 853 τῆς
775 797 1045 854 λελεγμένης,
1083 795 1198 855 λόγῳ
1232 797 1278 840 δὲ
1310 797 1371 839 εἰ·

107 882 226 928 πεῖν,
267 878 612 932 θωυμασιωτὲρη
627 890 635 898 ·

693 875 723 932 ἢ
761 875 872 932 λέγει
905 876 990 920 ἀπὸ
1028 880 1109 920 τοῦ
1155 875 1372 919 Ὠκεανοῦ

111 955 267 1011 ῥέοντα
297 956 430 1000 αὐτὸν
460 960 596 1000 ταῦτα
626 960 927 1013 μηχανᾶσθαι,
966 956 1045 998 τόν
1082 954 1128 998 δ’
1159 954 1371 998 Ὠκεανὸν

0 1042 52 1087 32
109 1039 192 1092 γῆν
220 1037 319 1091 περὶ
349 1040 494 1080 πᾶσαν
524 1035 646 1091 ῥέειν.
698 1034 757 1077 ‘H
780 1035 824 1079 δὲ
846 1037 964 1091 τρίτη
986 1038 1074 1079 τῶν
1099 1034 1237 1088 ὁδῶν,
1260 1039 1370 1078 πολ-

0 2880 1 2896 i

0 2903 3 2985 l

1 2995 3 3016 Ι

2 3093 5 3158 l

4 3177 7 3202 l

6 3288 10 3324 1

111 1252 188 1292 εἰσὶ
207 1251 249 1293 δὲ
267 1253 404 1294 πολλοὶ
418 1251 489 1306 μὲν
509 1253 551 1293 ἐν
567 1255 616 1306 τῇ
630 1255 703 1290 Συ-

54 1309 121 1364 ρίῃ
143 1310 311 1362 ποταμοὶ
330 1326 365 1350 κ.
383 1326 414 1350 τ.
437 1309 485 1361 λ.]
506 1311 609 1348 Haec
620 1309 704 1346 olim

53 1368 269 1415 quibusdam
294 1368 375 1405 ideo
404 1367 629 1417 displicuisse
649 1365 704 1402 vi-

53 1423 147 1470 deo,
178 1425 277 1473 quod
300 1424 396 1474 Syrii
417 1424 517 1460 fluvii
543 1436 617 1460 non
639 1422 704 1459 bo-

52 1491 152 1516 ream
173 1492 296 1517 versus
323 1493 422 1518 mare
452 1481 609 1526 intrant,
641 1492 702 1516 ve-

52 1547 131 1573 rum
152 1536 200 1574 ad
220 1537 332 1574 solem
342 1537 577 1574 occidentem.
599 1535 702 1579 Quos

55 1604 142 1629 sane
164 1593 259 1642 fugit
275 1594 404 1631 etesias
420 1606 494 1630 non
510 1594 628 1629 minus
646 1593 703 1628 di-

54 1649 86 1685 ci
111 1661 131 1686 e
161 1650 430 1699 septentrione,
470 1662 578 1699 quam
610 1649 704 1685 occi-

54 1705 165 1742 dente
177 1706 321 1753 flantes,
350 1710 521 1743 monente
532 1706 601 1742 iam
614 1705 706 1742 Dio-

52 1760 144 1797 doro
163 1761 193 1807 1,
212 1762 286 1809 39,
304 1761 347 1799 A.
369 1762 551 1800 Aristotel.
564 1761 707 1800 Meteo-

52 1816 169 1866 rolog.
191 1818 239 1867 ΙΙ,
258 1821 295 1859 6.

257 1903 321 1940 Ca
329 1916 367 1954 p.
398 1903 500 1941 XXI.

108 1984 138 2037 ἦ
163 1981 206 2025 δ’
234 1985 363 2039 ἑτέρη,
396 1983 706 2037 ἀνεπιστημονε-

55 2041 169 2094 στέρη
200 2041 271 2094 μέν
299 2044 379 2083 ἐστι
400 2059 435 2083 κ.
460 2060 492 2082 τ.
514 2042 570 2094 λ.]
602 2045 706 2088 Quo-

54 2113 133 2137 cum
157 2101 251 2137 conf.
274 2113 369 2150 quae
394 2114 424 2138 c.
446 2103 499 2143 23
521 2101 704 2139 disserun-

53 2159 121 2194 tur.
160 2155 365 2194 Absurdam
393 2171 479 2196 vero
500 2157 592 2195 hanc
619 2170 706 2194 cau-

56 2226 131 2250 sam
141 2212 276 2251 habent
287 2217 323 2251 et
332 2214 544 2252 Herodotus
566 2218 604 2251 et
614 2214 706 2251 Dio-

55 2270 164 2306 dorus
183 2268 211 2316 1,
223 2270 291 2319 37,
314 2271 414 2308 cuius
433 2276 600 2308 auctores
617 2271 706 2308 fuis-

57 2338 97 2362 se
113 2326 277 2363 dicuntur
293 2329 500 2365 sacerdotes
521 2327 705 2377 Aegyptii.

56 2381 147 2419 Inde
171 2383 303 2420 tradita
329 2385 537 2434 perhibetur
562 2386 607 2422 ab
629 2384 705 2420 Eu-

57 2437 225 2487 thymene
242 2439 475 2488 Massiliensi,
505 2445 545 2479 ut
562 2442 705 2479 Seneca

57 2492 80 2530 l.
110 2493 132 2530 l.
159 2498 265 2543 atque
294 2497 473 2535 Plutarch.
505 2499 552 2536 de
579 2497 704 2534 Placit.

58 2549 186 2599 philos.
205 2550 254 2588 IV
279 2565 315 2602 p.
335 2555 429 2602 897,
454 2554 486 2591 F
510 2558 702 2592 testantur.

59 2606 171 2643 Haud
187 2606 554 2648 aliter-Dicaearchum
567 2623 611 2648 ex
628 2623 704 2647 ma-

59 2661 89 2698 ri
111 2661 289 2701 Atlantico
308 2665 432 2704 Nilum
454 2667 593 2704 effundi
621 2680 705 2704 cen-

60 2718 175 2756 suisse
194 2732 237 2756 ex
250 2719 358 2759 Laur.
374 2722 468 2772 Lyd.
486 2724 508 2760 l.
526 2724 548 2760 l.
567 2737 603 2773 p.
623 2723 706 2765 264

61 2773 242 2813 discimus.
281 2776 334 2815 Ac
355 2779 512 2829 denique
530 2780 708 2817 Hecataei

60 2828 214 2878 Milesii,
247 2845 351 2882 quem
375 2840 461 2873 ante
481 2836 709 2873 Herodotum

61 2885 266 2936 Aegyptum
276 2889 438 2929 invisisse
451 2895 486 2929 et
498 2893 711 2942 descripsis-

61 2955 101 2980 se
127 2948 286 2992 constat,
325 2945 383 2984 illa
406 2959 552 2998 quoque
587 2949 710 2999 opinio

772 1252 858 1299 fuit,
898 1252 943 1289 ab
973 1252 1187 1300 Herodoto,
1218 1251 1278 1302 qui
1304 1251 1427 1289 subin-

773 1309 820 1345 de
847 1309 1002 1346 severius
1025 1309 1200 1346 Hecataei
1228 1309 1325 1345 dicta
1343 1321 1428 1359 per-

772 1365 936 1413 stringit,
966 1365 1126 1402 acerbius
1152 1368 1290 1402 notata.
1316 1365 1426 1401 Conf.

770 1420 1174 1459 Dahlmann.Herodot.
1194 1435 1230 1472 p.
1245 1420 1325 1462 114
1347 1433 1425 1470 seq.

771 1477 902 1516 Ukert.
932 1477 1145 1528 Geograph.
1174 1478 1212 1526 Ι,
1242 1480 1269 1518 2
1296 1491 1332 1528 p.
1359 1479 1426 1518 26.

772 1534 865 1576 215.
904 1535 1081 1572 Hecataei
1119 1534 1236 1572 locum
1263 1534 1310 1572 de
1338 1533 1427 1571 Nilo

771 1592 925 1628 servavit
954 1591 1144 1629 Scholiast.
1166 1590 1284 1642 Apoll.
1303 1590 1426 1628 Rhod.

772 1647 836 1694 IV,
857 1649 952 1689 259.
990 1648 1062 1685 Hic
1087 1648 1182 1685 enim
1201 1647 1429 1685 existimave-

772 1708 842 1750 mt,
862 1708 995 1741 terram
1016 1705 1053 1741 in
1072 1705 1163 1741 duas
1180 1708 1303 1754 partes
1324 1701 1428 1752 quasi

774 1761 948 1808 divisam,
1013 1761 1160 1798 Oceano
1219 1759 1427 1797 circumflui.

775 1817 881 1861 Quae
898 1818 965 1854 fuit
981 1817 1134 1854 Homeri
1160 1821 1196 1855 et
1221 1816 1430 1865 antiquissi-

773 1886 913 1912 morum
960 1879 1150 1925 poetarum
1205 1873 1429 1910 Graecorum

774 1931 972 1978 sententia,
1015 1931 1077 1980 qui
1110 1934 1243 1967 terram
1280 1928 1429 1980 planam

773 1991 810 2025 et
847 1987 985 2024 Oceani
1010 1986 1140 2024 circulo
1169 1986 1429 2023 circumdatam

773 2057 852 2082 esse
878 2047 1071 2093 putarunt,
1115 2047 1208 2080 teste
1236 2042 1428 2079 Bredowio

772 2101 808 2137 in
858 2099 1062 2150 Uranolog,
1108 2099 1288 2137 Herodot.
1331 2111 1428 2150 spec.

770 2171 808 2209 p.
830 2155 893 2194 HI.

968 2240 1001 2278 C
1014 2252 1081 2292 ap.
1111 2239 1230 2277 XXII.

828 2323 858 2376 ἦ
879 2323 922 2365 δὲ
938 2325 1048 2378 τρίτη
1070 2326 1150 2364 τῶν
1169 2322 1428 2369 &Mummi-,1

771 2383 880 2421 Hanc
909 2382 1126 2421 sententiam
1145 2383 1333 2432 professus
1351 2382 1430 2417 erat

771 2438 1011 2489 Anaxagoras
1024 2451 1181 2488 eumque
1200 2443 1341 2475 secutus
1352 2437 1430 2473 Eu-

771 2497 906 2548 ripides
928 2497 964 2533 in
984 2497 1113 2544 fragm.
1134 2508 1177 2533 ex
1194 2494 1334 2531 Archel.
1354 2497 1430 2529 tra-

773 2554 882 2602 goed.
913 2557 949 2591 et
973 2553 1009 2590 in
1036 2552 1166 2590 Helen.
1195 2555 1219 2593 3
1257 2553 1430 2588 monente

772 2609 938 2648 Diodoro
958 2609 986 2657 I,
1005 2611 1072 2656 38,
1092 2609 1153 2658 qui
1170 2607 1264 2645 hanc
1282 2611 1430 2644 senten-

773 2667 860 2704 tiam
870 2679 986 2716 aeque
996 2679 1038 2703 ac
1049 2665 1185 2703 Noster
1194 2663 1431 2702 refellendam

775 2723 843 2760 sibi
863 2723 1010 2771 sumsit,
1039 2723 1241 2770 iisdemque
1266 2721 1344 2758 fere
1370 2731 1430 2756 ar-

777 2781 958 2828 gumentis
975 2779 1213 2830 impugnavit,
1234 2777 1303 2814 hoc
1322 2788 1430 2826 prae-

776 2841 877 2874 terea
896 2837 1050 2883 addens,
1083 2836 1112 2872 si
1131 2834 1187 2873 vel
1200 2834 1272 2881 nix,
1281 2834 1319 2870 id
1331 2831 1430 2881 quod

776 2893 836 2930 vix
855 2893 1043 2943 probabile
1066 2893 1195 2937 fuerit,
1225 2890 1262 2926 in
1280 2888 1431 2926 Aethio-

777 2949 840 2999 pia
858 2949 1032 2987 cecidisse
1051 2952 1226 2994 sumatur,
1253 2946 1339 2983 inde
1359 2943 1430 2983 Ni-
