1777 3324
479 266 568 305 AD
616 260 1004 302 HERODOT.
1054 260 1215 310 11,17.
1523 262 1607 302 907

90 393 232 420 cursum
262 385 410 431 postera
438 383 558 418 aetate
587 376 693 415 valde
715 378 893 413 mutatum
929 387 1010 412 esse
1044 377 1181 411 statuas
1208 385 1357 410 neeesse
1392 373 1469 410 erit.
1532 373 1609 411 Ubi

91 450 187 487 enim
211 462 255 486 ex
277 449 458 486 Herodoti
484 450 605 483 mente
631 443 895 491 Sebennyticus
917 443 1046 479 fluvius
1076 441 1113 477 in
1146 453 1246 477 mare
1271 440 1400 477 exiisse
1422 443 1608 490 putandus

91 521 166 564 est,
191 529 306 562 nunc,
335 527 429 563 quae
449 515 585 550 dudum
615 516 790 561 stagnosa
816 511 917 548 suere
946 509 1026 547 loca
1054 512 1167 557 atque
1196 507 1395 557 paludosa,
1427 507 1464 543 in
1498 521 1610 545 unum

90 585 203 621 ferme
223 582 338 619 lacum
361 595 390 618 s.
414 580 586 631 paludem
610 592 784 617 conversa
810 582 913 626 sunt,
946 579 1001 615 cui
1023 588 1157 613 nomen
1178 574 1309 611 Brulos
1342 575 1434 622 (vid.
1456 580 1545 612 nott.
1563 576 1610 612 ad

89 651 144 699 II,
167 649 259 691 155.
284 649 396 697 156).
455 648 600 686 Nomen
624 647 857 696 Sebennytici
878 645 976 682 fluvii
994 646 1040 682 ab
1062 644 1152 680 urbe
1177 642 1371 692 Sebennyto
1402 644 1525 691 (nunc
1543 643 1612 679 Sa-

90 718 276 756 mannoud
295 717 444 765 dicitnr)
473 717 620 754 ductum
648 720 787 766 putem.
845 714 982 751 Strabo
1005 712 1110 749 huius
1132 711 1214 748 ostii
1244 710 1408 748 meminit
1435 711 1508 747 una
1532 723 1612 747 cum

93 785 266 823 Plaatnico
277 784 314 834 *)
341 785 456 833 ostio,
486 785 585 834 quod
603 784 718 822 solum
743 783 829 820 dein
851 782 937 819 dicit
962 781 1153 818 maximum
1185 778 1264 815 Nili
1293 779 1425 816 ostium
1453 780 1610 824 tertium,

93 868 136 893 ex
163 867 236 904 quo
267 852 401 890 canalis
432 852 646 890 Mendesius
677 851 723 888 sit
757 836 946 889 deductusi
1005 847 1118 885 Cuius
1147 845 1320 884 Phatnicz·
1358 846 1492 883 canalis
1532 859 1612 883 cum

92 922 190 960 nulla
206 922 271 958 fiat
293 920 391 970 apud
410 920 642 958 Herodotum
664 920 820 967 mentio,
861 918 1016 956 eundem
1043 916 1155 953 fuisse
1183 914 1250 952 viri
1281 914 1377 952 docti
1407 915 1614 952 existimant

92 995 202 1040 atque
219 989 449 1034 Bucolicum,
480 1000 589 1036 quem
610 989 747 1024 fossum
776 987 916 1024 Noster
945 985 1068 1023 scribit
1092 997 1160 1021 nec
1180 982 1324 1020 natura
1348 986 1478 1019 ortum.
1539 982 1613 1026 Qui

92 1059 187 1096 enim
207 1057 389 1094 Herodoti
407 1059 529 1092 aetate
549 1056 704 1092 fortasse
723 1055 820 1092 haud
844 1054 968 1103 magni
988 1057 1064 1091 erat
1085 1051 1283 1097 momenti,
1315 1050 1436 1100 potuit
1462 1050 1520 1087 ille
1546 1063 1613 1100 po-

91 1130 190 1173 stea,
219 1128 357 1161 mutato
387 1122 461 1160 Nili
493 1137 620 1170 cursu,
655 1123 834 1171 aquisque
857 1121 926 1158 alio
949 1122 1154 1168 com-ersis,
1198 1119 1372 1156 maiorem
1413 1131 1612 1167 sanequani

90 1195 255 1244 accipere
281 1204 457 1241 aquarum
485 1192 626 1240 copiam
657 1203 812 1238 eamque
850 1189 935 1226 inde
965 1189 1154 1238 acquirere
1185 1187 1461 1232 auctoritatem,
1505 1197 1612 1234 quani

91 1262 272 1310 hodieque
289 1260 462 1305 retinuit,
492 1260 553 1296 ubi
584 1263 640 1296 est
662 1259 894 1295 Dcmztatmus
922 1258 1071 1304 fluxius,
1105 1257 1165 1304 qui
1193 1268 1309 1305 prope
1337 1254 1546 1291 Damiatam
1577 1252 1614 1288 in

91 1342 190 1367 mare
209 1330 294 1366 exit.
350 1326 559 1363 Bucolicum
581 1340 645 1364 cur
668 1326 805 1363 vocarit
823 1326 1035 1363 Herodotus
1066 1325 1194 1374 (quem
1224 1336 1317 1359 unns
1345 1322 1507 1370 sequitur
1539 1319 1615 1356 Eu-

91 1397 200 1435 stath.
221 1397 268 1433 ad
287 1395 440 1442 Dionys.
463 1393 610 1442 Perieg.
626 1396 728 1442 226)
750 1408 818 1432 nec
837 1394 1073 1440 Phatnicum‚
1105 1396 1144 1429 ut
1165 1391 1296 1441 reliqui
1319 1394 1496 1436 auctores,
1528 1389 1615 1425 inde

91 1465 329 1515 repetendum
364 1463 509 1500 videtur
537 1462 808 1511 W⁴esselingio‚
859 1464 959 1511 quod
993 1475 1073 1499 cum
1108 1462 1206 1498 iuxta
1246 1459 1460 1496 Phatnicum
1485 1457 1616 1493 ostium

93 1536 214 1571 essent
234 1528 282 1570 τὰ
301 1528 525 1570 Βουκολικοῖ
548 1531 569 1568 i.
587 1545 616 1568 e.
639 1531 719 1568 loca
739 1533 879 1568 famosa
907 1531 1089 1567 latronum
1120 1527 1308 1566 domiciliis
1341 1539 1383 1563 ae
1409 1530 1618 1575 receptacu-

93 1602 155 1646 lis,
186 1612 281 1650 quae
299 1600 557 1649 descripserint
583 1599 773 1636 Heliodor.
795 1598 990 1649 Aethiopp.
1010 1598 1050 1645 Ι,
1075 1598 1122 1644 5,
1165 1597 1227 1633 ubi
1255 1596 1350 1633 conf.
1379 1595 1519 1631 Coraes
1541 1597 1566 1629 t.
1585 1593 1618 1629 ll

93 1681 179 1719 pag.
203 1670 251 1708 11
286 1672 323 1705 et
347 1666 472 1704 Achill.
501 1667 637 1704 Tatius
659 1667 732 1713 Ill,
752 1670 789 1707 9.
820 1666 884 1713 IV,
905 1669 978 1712 12,
1013 1667 1075 1703 ubi
1106 1666 1200 1702 conf.
1234 1663 1375 1700 Iacobs.
1406 1664 1618 1699 commentt.

93 1749 180 1786 pag.
198 1735 292 1777 641.
351 1735 414 1773 Tu
433 1736 504 1772 vid.
527 1735 797 1772 Schlichthorst.
822 1734 844 1770 l.
869 1734 893 1770 l.
918 1746 1003 1784 pag.
1022 1735 1089 1774 39.
1120 1733 1303 1769 Mannert.
1329 1731 1351 1767 l.
1375 1730 1397 1766 l.
1424 1742 1509 1780 pag.
1535 1727 1616 1769 545

94 1816 197 1852 seqq·
230 1802 311 1843 548
341 1803 419 1840 coll.
440 1803 593 1840 Rennel.
614 1816 650 1853 p.
670 1803 764 1843 618.
801 1802 1020 1839 Hartmann.
1052 1799 1332 1837 Erdbeschreib.
1363 1812 1396 1836 v.
1419 1798 1618 1847 Aegypteu

93 1884 179 1922 pag.
205 1874 256 1911 89
276 1875 314 1908 et
333 1871 462 1910 Ritter.
486 1871 508 1908 l.
529 1871 551 1908 l.
574 1885 610 1921 p.
629 1873 709 1911 817
729 1883 833 1919 seqq.
865 1871 947 1911 833
971 1882 1048 1918 seq.
1109 1867 1236 1904 Gallus
1269 1867 1398 1903 doctus
1430 1867 1479 1902 du
1511 1866 1619 1902 Bois-

97 1940 212 1988 Ayme
232 1939 254 1977 l.
275 1939 297 1976 l.
317 1953 352 1989 p.
373 1941 454 1981 288
475 1938 683 1976 Bucolicum
705 1937 837 1974 ostium
859 1942 895 1974 et
926 1938 1007 1987 ipse
1031 1936 1130 1973 haud
1161 1935 1310 1972 differre
1333 1935 1382 1971 ait
1401 1946 1422 1970 a
1443 1933 1618 1970 Plzatnz'co

99 2021 128 2044 s.
148 2006 390 2054 Pliatmetz‘co,
421 2007 582 2056 illudque
611 2006 804 2043 convenire
830 2018 909 2042 cum
938 2005 1048 2041 fluvio
1074 2004 1292 2041 Damiatino.
1352 2002 1449 2040 Nam
1481 2001 1618 2038 Cham—

97 2075 230 2125 pollio,
275 2075 337 2125 qni
366 2076 649 2124 Sebennyticum
682 2073 868 2110 Herodoti
898 2073 1032 2110 ostium
1057 2086 1124 2123 pro
1159 2070 1384 2108 Phatmetico
1414 2069 1618 2116 eodemque

97 2143 308 2180 Damiatino
336 2142 470 2191 habet,
501 2143 674 2180 Sa'iticum
706 2154 792 2178 vero
818 2140 999 2178 Herodoti
1029 2141 1160 2178 ostium
1195 2153 1275 2177 cum
1301 2137 1494 2175 Strabonis
1526 2136 1619 2172 ostio

98 2212 341 2260 Sebennytico
371 2211 563 2248 convenire
593 2213 739 2257 censet,
779 2209 1009 2247 difficultates
1044 2209 1161 2258 magis
1192 2208 1338 2245 auxisse
1366 2218 1473 2255 quam
1503 2206 1621 2240 sustu-

97 2278 181 2317 lisse
198 2280 361 2326 videtur,
391 2283 432 2315 ut
458 2279 551 2316 adeo
582 2277 738 2325 erroris,
768 2278 869 2315 cuius
904 2277 1076 2315 historIae
1104 2280 1246 2328 patrem
1273 2275 1432 2321 incusat,
1458 2273 1537 2323 ipse
1561 2283 1620 2308 ac-

152 2496 182 2539 *)
212 2496 336 2530 Strabo
360 2497 563 2530 Phatnicum
581 2495 664 2528 dicit
685 2497 828 2538 ostium,
849 2496 939 2539 quod
966 2496 1023 2528 alii
1046 2495 1262 2528 Phatmicum
1286 2493 1355 2526 sive
1377 2490 1620 2529 manciacum,

212 2554 267 2585 alii
291 2553 342 2595 (in
362 2555 483 2596 quibus
501 2553 739 2595 Ptolemaeus)
758 2553 1028 2587 Phathmeticum
1054 2556 1187 2585 vocant.
1251 2550 1323 2583 Vid.
1347 2548 1550 2588 wesseling.
1578 2545 1622 2578 ad

213 2609 353 2645 Diodor.
379 2610 448 2642 Sic..
472 2610 507 2650 1,
532 2609 588 2642 33.
619 2608 881 2643 Selilichtliorst.
902 2611 923 2642 l.
944 2610 965 2642 1.
988 2621 1020 2652 p.
1043 2608 1100 2653 36.
1133 2626 1187 2631 --
1216 2605 1485 2641 Phathmeticum
1508 2613 1622 2635 verum

215 2665 305 2708 apud
322 2664 510 2709 Aegyptios
531 2667 610 2698 ostii
639 2676 762 2699 nomen
783 2666 887 2699 fuisse
909 2666 1004 2708 ponit
1029 2665 1217 2707 Cliampoll.
1238 2665 1260 2696 l.
1287 2665 1307 2695 l.
1336 2672 1414 2704 pag.
1437 2661 1500 2700 173
1532 2658 1622 2701 qnod

216 2722 403 2764 Coptarum
422 2723 528 2755 literis
551 2723 578 2754 si
604 2722 792 2764 scribatur,
815 2727 913 2756 sonet
933 2722 1130 2755 Plzathmc'ti
1152 2722 1172 2755 i.
1185 2731 1213 2753 e.
1236 2721 1266 2753 le
1285 2718 1403 2762 (bras)
1422 2718 1468 2750 (lu
1486 2717 1622 2755 millen,-

216 2788 291 2809 cnm
311 2778 418 2811 hocce
437 2778 612 2811 brachium
632 2779 780 2812 medium
799 2780 887 2812 inter
905 2790 965 2811 sex
986 2780 1116 2820 reliqua
1139 2777 1344 2810 inveniatur.
1359 2791 1414 2798 --
1439 2773 1624 2805 Caeterum

216 2834 259 2866 de
282 2834 436 2867 dissensu
457 2835 626 2867 Herodoti
653 2839 755 2876 atque
773 2836 976 2875 Strabonis,
1010 2835 1067 2876 qui
1096 2845 1137 2866 ex
1165 2837 1294 2866 mutato
1322 2830 1410 2863 fluvii
1440 2839 1541 2861 cursu
1563 2837 1624 2861 ex-

217 2890 334 2931 plicari
361 2891 507 2931 debeat,
540 2891 670 2923 monuit
688 2902 823 2934 quoque
846 2892 891 2924 dn
914 2889 1144 2932 Bois-Ayme
1166 2891 1186 2921 1.
1208 2890 1231 2926 l,
1262 2899 1293 2931 p.
1314 2886 1380 2919 239
1403 2895 1475 2926 seq.
