1795 3306
233 839 298 884 92

350 248 435 289 232

326 363 346 397 8
355 388 380 408 „
390 356 497 398 κεε.“

743 239 1213 281 HERODOTI

559 351 704 391 Ταῦτα
741 349 820 405 μὲν
855 348 884 406 ἡ
916 352 1065 407 Πυθίη
1094 348 1357 405 ὑπεκρίνατο
1386 350 1500 390 τοῖσι
1529 349 1614 389 Av-

355 435 490 477 δοῖσι·
534 428 576 471 οἵ
605 427 651 471 δὲ
681 424 919 484 ἀνήνεικαν
948 429 990 479 ἐς
1018 427 1210 482 Σάρδις,
1248 429 1322 471 καὶ
1351 424 1616 483 ἀπήγγειλαν

354 514 415 570 τῷ
444 508 632 564 Κροίσῳ.
690 503 714 549 ὁ
745 506 791 550 δὲ
817 505 1036 558 ἀκούσας,
1078 506 1274 562 συνέγνω
1304 506 1470 550 ἑωυτοῦ
1503 502 1615 548 εἶναι

353 589 433 644 τήν
464 582 715 641 ἁμαρτάδα,
759 585 832 628 καὶ
879 583 933 629 οὐ
973 589 1054 630 τοῦ
1093 589 1217 630 θεοῦ.
1275 584 1404 628 Κατὰ
1439 584 1519 640 μὲν
1559 582 1613 639 δὴ
1631 588 1675 622 10

354 665 434 722 τὴν
462 664 661 718 Κροίσου
689 678 734 706 τε
763 661 921 719 ἀρχὴν,
952 664 1026 708 καὶ
1051 663 1213 722 Ἰωνίης
1243 664 1322 720 τὴν
1345 662 1525 720 πρώτην
1545 677 1618 706 κα-

357 741 612 799 ταστροφήν
623 773 632 791 ,
662 742 754 798 ἔσχε
783 741 911 786 οὕτω.

468 822 648 876 Κροίσῳ
679 821 725 865 δὲ
754 820 843 864 ἔστι
871 821 944 865 καὶ
971 821 1080 865 ἄλλα
1109 820 1372 878 αναθήματα
1391 821 1438 864 ἐν
1459 823 1514 876 τῆ
1530 817 1619 862 Ἑλ-

23 907 159 945 nouam,
200 905 257 932 0¹⁰
243 912 305 930 ⁰2⁵¹
360 902 460 947 λάδι
489 899 653 951 πολλα,
685 900 758 944 καὶ
788 898 842 944 οὐ
872 898 925 943 τὰ
955 900 1156 956 εἰρημένα
1184 903 1340 956 μοῦνα.
1371 899 1418 942 ἐν
1436 898 1516 954 μὲν
1535 897 1620 953 γὰρ

23 941 118 968 multa
150 939 181 966 in

26 975 78 1000 Gr·
74 982 126 1000 aec
141 980 176 998 ae
229 975 304 997 tem-

25 1007 94 1051 plis.
129 982 189 1032 l'an
194 1008 223 1031 ta
226 1004 304 1036 leon,

26 1039 129 1068 Croesi
156 1038 184 1064 fr
187 1042 252 1064 ater
271 1045 304 1063 ex

25 1083 62 1109 pa
47 1079 112 1100 aetr
116 1069 306 1109 ‚Quamfoe-

26 1107 64 1134 de
97 1106 174 1132 Coer
178 1113 226 1131 ssu
260 1103 305 1130 in-

210 944 304 964 frans

364 980 534 1039 Θήβῃσι
566 983 666 1037 τῇσι
705 982 913 1024 Βοιωτῶν
951 980 1132 1035 τρίπους
1168 976 1371 1036 χρύσεος,
1419 976 1499 1021 τὸν
1528 973 1622 1019 ἀνέ-

25 1144 72 1167 ter
75 1147 138 1165 eme
143 1139 180 1164 rit
204 1137 310 1165 fratris

27 1173 183 1202 fautorem.

307 1200 471 1239 omnibus.
534 1198 594 1237 De
646 1198 726 1235 loco
776 1199 957 1237 invenitur

305 1257 466 1308 ἔνερθε,
495 1256 668 1292 adiuncto
699 1255 881 1303 genitivo,
909 1255 957 1302 ΙΙ,

305 1315 371 1355 13.
402 1312 465 1360 lv,
487 1311 553 1353 65.
611 1312 672 1348 De
705 1312 826 1348 dativo
856 1315 960 1350 τοῖσι

305 1365 432 1409 olnam
452 1367 590 1405 consul.
612 1366 743 1405 Matth.
768 1366 806 1419 ἓ.
826 1367 921 1415 400,
932 1370 959 1408 7

304 1438 392 1477 pag.
416 1426 499 1466 732
525 1428 561 1461 et
587 1424 681 1461 conf.
699 1424 839 1461 Herod.
861 1423 898 1471 Ι,
924 1426 958 1463 1

305 1503 363 1510 —
380 1480 440 1519 Ad
460 1475 528 1520 'vn’
550 1479 737 1520 ἐκείνοισι
755 1480 849 1518 conf.
861 1479 893 1527 Ι,
907 1479 962 1521 94

309 1538 371 1577 fin.

505 1621 537 1658 C
550 1633 618 1671 ap.
649 1618 767 1657 XCII.

361 1704 405 1745 ἐν
437 1701 509 1756 μὲν
555 1701 630 1758 γάρ
675 1698 835 1756 Θηβῃσι
869 1702 962 1755 τῇσι

308 1763 495 1802 Βοιωτῶν
506 1761 673 1813 τρίπους
691 1743 871 1810 χρύσεος]
887 1758 963 1795 Lo·-

309 1831 390 1857 cum
417 1817 603 1855 classicum
626 1815 805 1854 Athenaei
826 1816 874 1853 de
898 1814 963 1851 tri-

308 1874 466 1926 podibus
495 1879 657 1911 veterum
695 1872 753 1919 11,
782 1875 810 1912 2
843 1885 879 1921 p.
897 1873 965 1918 37,

306 1932 340 1968 F
361 1942 439 1979 seq.
463 1930 535 1966 iam
569 1929 765 1978 adscripsit
791 1926 963 1964 Larcher.

309 1987 395 2026 Duo
415 1985 600 2036 tripodum
612 1996 749 2033 genera
766 1983 966 2031 antiquitus

311 2042 429 2079 fuisse
444 2041 503 2078 ille
519 2042 644 2086 refert,
665 2040 816 2077 alterum
828 2051 966 2085 eorum,

312 2098 350 2135 in
399 2097 531 2145 quibus
579 2095 703 2132 vinum
747 2094 967 2141 miscuerint,

313 2153 449 2204 quique
474 2148 623 2203 ἄπυροι
659 2152 846 2197 dicantur,
876 2149 966 2187 alte-

311 2221 392 2246 rum
417 2221 542 2245 eorum
555 2236 566 2254 ‚
606 2208 644 2244 in
676 2206 807 2256 quibus
836 2218 968 2256 aquam

313 2264 542 2302 calefecerint
559 2291 571 2310 ‚
617 2262 833 2312 praesertim
874 2275 969 2309 eam,

314 2320 389 2369 qua
406 2320 454 2356 ad
474 2318 670 2356 lavandum
689 2322 885 2356 uterentur.
914 2317 969 2355 Ac

313 2376 478 2426 tripodes
518 2375 669 2411 omnino
709 2375 893 2424 pertinent
922 2373 971 2411 ad

315 2429 576 2482 suppellectilia
585 2435 759 2478 veterum,
780 2431 974 2479 variosque

315 2488 366 2525 ad
383 2500 472 2524 usus
501 2487 723 2523 domesticos
750 2487 973 2524 adhibeban-

316 2548 388 2581 tur.
463 2542 637 2579 Primitus
691 2542 815 2592 procul
863 2542 974 2580 dubio

320 2597 578 2649 simplicissimi
605 2598 749 2636 fuerunt
782 2600 904 2650 specie
932 2610 975 2635 ac

321 2657 438 2692 forma
451 2683 461 2701 ‚
491 2666 560 2692 nec
581 2666 666 2692 aere
685 2655 756 2691 fusi
770 2683 780 2701 ‚
800 2655 867 2692 sed
886 2653 975 2691 mal-

319 2711 377 2748 leo
400 2710 497 2746 ducti
516 2714 627 2758 atque
658 2710 766 2747 clavis
788 2710 975 2760 compacti.

321 2765 415 2805 Tale
443 2765 630 2816 tripodum
659 2778 774 2815 genus
803 2766 976 2803 describi-

319 2826 378 2860 tur
392 2826 529 2873 poetae
550 2821 586 2857 in
612 2821 714 2859 Iliad.
733 2821 874 2870 xvm,
895 2821 977 2864 374

321 2877 401 2917 coll.
450 2877 587 2927 Odyss.
626 2877 699 2925 IV,
734 2879 826 2920 131.
885 2878 979 2916 Hinc

1023 1197 1304 1247 frequentissimi
1324 1198 1512 1233 occurrunt
1529 1195 1567 1232 in
1582 1194 1682 1232 aedi-

1025 1256 1094 1292 bus
1125 1254 1275 1305 privatis
1308 1253 1531 1290 Graecorum
1567 1264 1683 1301 aeque

1027 1324 1069 1349 ac
1089 1310 1305 1360 templorum
1325 1310 1362 1345 in
1396 1307 1584 1346 vestibulis
1626 1312 1683 1344 at—

1029 1380 1101 1416 que
1121 1366 1222 1403 atriis
1239 1395 1249 1412 ‚
1275 1365 1325 1401 illi
1343 1377 1388 1402 ex
1405 1364 1519 1401 viliori
1551 1363 1683 1413 opinor

1028 1422 1174 1461 metallo
1208 1421 1386 1466 confecti3
1415 1421 1476 1467 hi,
1506 1420 1568 1470 qui
1590 1423 1682 1457 tem-

1029 1479 1094 1531 pla
1114 1479 1316 1524 ornabant,
1354 1476 1500 1528 saepius
1522 1488 1567 1514 ex
1594 1488 1684 1512 auro

1032 1535 1177 1573 conflati
1220 1534 1410 1580 dicuntur,
1459 1532 1524 1569 ubi
1561 1535 1685 1569 tamen

1032 1603 1109 1630 non
1128 1590 1246 1628 solido
1267 1602 1355 1626 auro
1383 1588 1590 1626 elaboratos
1623 1601 1687 1625 ve-

1034 1660 1115 1685 rum
1136 1659 1224 1684 auro
1256 1645 1425 1682 inductos
1449 1644 1526 1682 sive
1542 1644 1687 1680 inaura-

1030 1709 1089 1742 tos
1129 1702 1295 1752 tripodes
1341 1700 1495 1749 intelligi
1537 1700 1686 1737 malunt.

1030 1759 1248 1823 Delphicum
1285 1756 1457 1808 templum
1483 1755 1688 1806 tripodibus

1030 1816 1120 1853 varii
1139 1815 1284 1864 generis
1308 1813 1464 1851 maxime
1491 1812 1604 1850 fuisse
1631 1812 1689 1848 in-

1032 1872 1158 1921 signe,
1187 1883 1294 1908 nemo
1323 1870 1494 1919 ignorat3
1529 1871 1571 1904 ut
1601 1868 1689 1905 inde

1032 1927 1261 1979 potissimum
1279 1925 1483 1976 tripodum,
1506 1928 1690 1974 quotquot

1032 1996 1100 2035 per
1117 1982 1205 2020 alias
1221 1982 1399 2018 Graeciae
1419 1984 1544 2030 partes
1564 1993 1689 2018 occur·-

1033 2043 1138 2086 runt,
1183 2038 1337 2086 vestigia
1367 2037 1568 2087 repetenda
1605 2049 1689 2075 esse

1033 2096 1245 2141 videantur,
1286 2107 1367 2131 cum
1399 2093 1564 2142 primitus
1591 2096 1690 2131 certe

1035 2152 1085 2190 ad
1101 2150 1279 2201 Apollinis
1310 2161 1413 2186 sacra
1443 2148 1492 2185 illi
1525 2149 1691 2199 inprimis

1035 2208 1286 2260 pertinuerint.
1317 2205 1429 2243 Unde
1450 2218 1527 2242 non
1548 2205 1691 2252 mirum,

1037 2263 1327 2312 antiquissimum
1349 2261 1528 2312 Apollinis
1543 2262 1692 2300 Ismenii

1037 2319 1210 2370 templum
1238 2319 1423 2368 tripodum
1451 2318 1611 2355 donariis
1640 2318 1694 2355 ita

1039 2380 1206 2413 ornatum
1237 2376 1350 2413 fuisse
1366 2403 1378 2421 ‚
1410 2378 1451 2411 ut
1473 2386 1496 2410 a
1533 2373 1693 2411 Pindaro

1043 2432 1183 2481 Pythie.
1203 2431 1257 2468 XI
1269 2461 1280 2478 ,
1297 2434 1323 2472 7
1352 2430 1543 2467 thesaurus
1563 2442 1693 2467 aureo-

1039 2501 1120 2526 rum
1148 2488 1332 2539 tripodum
1361 2487 1551 2523 diceretur.
1610 2486 1694 2530 Quo

1041 2544 1150 2583 etiam
1165 2573 1176 2593 ,
1207 2545 1268 2593 qui
1287 2544 1356 2580 hoc
1375 2541 1456 2578 loeo
1479 2555 1695 2579 commemo-

1040 2603 1167 2638 rantur
1203 2599 1388 2650 tripodeS,
1423 2599 1557 2636 referre
1583 2611 1696 2648 posse

1042 2655 1127 2694 mihi
1146 2656 1283 2693 videor.
1340 2653 1394 2691 Ac
1419 2667 1509 2693 sane
1539 2655 1694 2705 tripodi-

1042 2713 1112 2748 bus
1145 2712 1183 2748 in
1217 2711 1448 2748 donariorum
1479 2723 1697 2749 commemo-

1045 2766 1186 2805 ratione
1222 2766 1309 2804 nihil
1343 2768 1580 2816 frequentius.
1636 2767 1698 2805 De

1046 2823 1177 2871 quibus
1211 2824 1359 2874 copiose
1387 2824 1556 2874 exposuit
1579 2824 1622 2861 C.
1647 2824 1695 2861 Ο.

1047 2878 1187 2918 Miiller.
1218 2880 1255 2917 in
1278 2880 1479 2931 Boettigeri
1504 2878 1658 2918 Amalth.
1679 2880 1696 2917 1
