1768 3315
359 259 441 299 252

772 254 1245 294 HERODOTI

357 369 516 419 τεῖχος,
549 361 654 406 ὥστε
686 362 709 406 ὁ
730 362 874 418 ἕτερος
901 367 982 408 τοῦ
1011 364 1162 420 ἑτέρου
1190 364 1352 415 κύκλος
1372 366 1486 406 τοῖσι
1504 376 1617 418 προ-

330 445 547 498 7μαχεῶσι
585 442 789 497 μούνοισι
828 443 916 486 ἐστὶ
943 442 1224 500 ὑψηλότερος.
1271 443 1320 487 τὸ
1354 442 1434 498 μέν
1463 458 1547 486 κου
1575 448 1674 485 τι55

358 522 431 565 καὶ
459 519 510 564 τὸ
537 523 700 577 χωρίον
731 522 986 577 συμμαχέει,
1032 523 1224 574 κολωνὸς
1252 522 1349 574 ἐὸν,
1391 523 1500 565 ὥστε
1528 537 1618 565 τοι-

358 604 463 643 οῦτο
493 598 624 643 εἶναι·
681 598 731 644 τό
763 601 809 644 δὲ
837 601 911 644 καὶ
939 600 1105 656 μᾶλλόν
1141 618 1182 645 τι
1218 602 1504 658 ἐπετηδεύθη,
1544 600 1620 644 κύ-

355 683 472 722 κλων
500 676 663 722 ἐόντων
690 681 779 721 τῶν
818 679 1107 723 συναπάντων
1138 679 1263 733 ἑπτὰ,
1313 681 1360 724 ἐν
1390 681 1436 724 δὲ
1463 683 1527 740 τῷ
1555 696 1618 723 τε·

330 758 543 814 ὃλευταίῳ
580 757 633 801 τοὶ
673 756 879 814 βασιλήῖα
912 758 1048 802 ἔνεστι
1085 759 1159 802 καὶ
1204 761 1248 802 οἱ
1275 761 1509 815 θησαυροί.
1567 757 1617 802 τὸ

359 835 405 881 δὲ
435 834 583 880 αὐτῶν
609 835 811 892 μέγιστόν
850 835 938 880 ἐστι
975 842 1112 893 τεῖχος
1149 837 1258 882 κάτὰ
1296 837 1374 881 τὸν
1405 837 1675 894 Ἀθηνέωνὸο

358 916 523 960 κύκλον
552 915 739 972 μάλιστά
769 933 824 973 κη
852 914 902 959 τὸ
933 917 1134 973 μέγαθος.
1182 921 1265 961 τοῦ
1304 916 1384 973 μὲν
1421 916 1476 973 δὴ
1505 915 1619 972 πρώ-

303 1117 382 1142 cum
402 1103 564 1141 altiorem
577 1133 587 1150 ‚
616 1103 678 1140 ubi
698 1115 762 1140 arx
785 1103 888 1151 regia
916 1116 955 1141 e-

302 1161 410 1198 dueta
428 1164 526 1208 erat,
541 1160 610 1196 sibi
628 1160 811 1197 invenisse
829 1161 956 1197 viden-

302 1220 361 1253 tur
379 1216 561 1264 simulque
588 1215 659 1253 alia
689 1217 869 1265 quaedam
895 1229 957 1253 ve-

303 1273 412 1322 stigia
433 1273 593 1319 aedium,
624 1284 718 1321 quae
738 1285 833 1309 nunc
850 1285 955 1322 pror-

303 1342 366 1365 sus
393 1328 534 1366 dirutae
571 1332 666 1365 sunt.
734 1328 840 1371 Quae
875 1341 954 1365 cum

303 1385 499 1436 persimilia
533 1385 577 1421 iis
613 1385 826 1432 videantur,
861 1397 955 1433 qnae

304 1442 342 1479 in
378 1442 621 1479 monumentis
668 1440 954 1490 Persepolitanis

303 1501 390 1534 sunt
412 1498 626 1548 conspicua,
656 1497 757 1546 ipsos
778 1496 912 1534 Persas
933 1510 956 1534 a

304 1554 425 1591 Medis
465 1555 611 1592 aedium
656 1554 955 1590 exstruendarum

303 1615 419 1648 artem
441 1610 752 1647 s.architecturam
771 1610 956 1660 accepisse

304 1671 589 1704 consentaneum
608 1665 666 1702 sit.
715 1666 807 1703 Inde
825 1678 847 1702 a
866 1665 956 1703 colle

304 1724 394 1769 isto,
432 1723 488 1759 cui
512 1726 760 1772 superstructa
787 1726 864 1759 erat
893 1735 956 1759 arx

303 1780 418 1828 regia,
428 1779 514 1815 urbs
533 1778 795 1816 extendebatur
808 1779 846 1814 in
857 1792 955 1816 cam-

304 1849 397 1887 pos,
429 1847 522 1884 quos
544 1835 639 1872 bene
667 1834 854 1883 irrigatos‚
881 1836 954 1872 fer-

304 1892 488 1929 tilissimos
509 1891 750 1939 omnibusque
780 1891 890 1928 rebus
915 1904 955 1928 a-

304 1948 512 1985 bundantes
541 1946 718 1995 coeloque
744 1947 826 1997 ipso
858 1947 955 1983 salu-

304 2005 482 2041 berrimos
510 2016 594 2041 esse
615 2004 756 2050 ferunt,
792 2007 833 2039 ut
862 2003 956 2040 bene

305 2060 464 2097 Deioees
483 2059 578 2096 hunc
598 2058 716 2094 locum
732 2058 811 2096 sedi
831 2060 956 2107 regiae

305 2115 520 2153 condendae
573 2114 731 2162 elegisse
779 2114 953 2152 videatur.

305 2171 416 2208 Plura
432 2171 479 2207 de
497 2170 552 2206 his
584 2171 647 2219 qui
671 2170 838 2219 cupiant,
868 2172 956 2208 ade-

305 2231 370 2265 ant
388 2226 572 2265 itineraria
599 2227 789 2263 doctorum
816 2227 956 2275 Anglo-

307 2296 408 2330 rum,
435 2283 594 2330 indeque
610 2286 762 2320 enotata
785 2284 830 2320 ab
856 2284 957 2321 Hee-

306 2340 407 2378 renio
429 2339 468 2375 in
489 2338 602 2375 Ideen
627 2342 694 2376 etc.
723 2338 740 2375 Ι
763 2352 849 2388 pag.
872 2341 954 2381 289

306 2408 412 2444 seqq.
434 2396 516 2435 307
534 2407 638 2443 seqq.
667 2393 749 2431 Alia
768 2396 839 2445 ipsi
860 2397 955 2433 exci-

305 2453 460 2489 tavimus
471 2451 518 2488 ad
531 2450 679 2487 Ctesiae
699 2450 815 2489 locum
830 2451 956 2489 lauda-

307 2512 404 2554 tum,
424 2507 554 2557 quibus
573 2518 668 2542 nunc
688 2507 785 2545 addo
797 2508 877 2544 Van
889 2509 956 2546 der

307 2564 409 2612 Chys
427 2563 476 2600 ad
493 2562 635 2599 Arrian.
651 2561 744 2613 Exp.
761 2564 955 2602 Alexandr.

307 2619 391 2668 (ΙΙΙ,
403 2620 474 2667 19)
487 2619 731 2657 Commentar.
743 2620 955 2672 Geograph.

307 2688 393 2727 pag.
415 2676 481 2716 73.

364 2730 408 2770 ἐν
433 2731 457 2770 δ
469 2728 486 2770 ὲ
515 2733 569 2786 τῷ
596 2732 803 2786 τελευταίῳ
822 2730 869 2772 τοὶ
889 2735 957 2785 βα-

310 2784 444 2839 σιλήϊα
474 2786 621 2838 ἔνεστι]
681 2789 957 2839 Schweighaeu-

310 2857 413 2882 serus
438 2845 644 2893 requirebat
664 2843 714 2895 δή
733 2859 800 2897 pro
819 2844 861 2884 δὲ
873 2875 884 2892 ,
902 2848 957 2883 ni<

311 2901 360 2939 hil
398 2905 523 2939 tamen
552 2905 719 2950 mutans,
769 2916 847 2940 cum
879 2902 958 2940 libri

1022 1101 1207 1151 vulgatam
1225 1106 1386 1140 teneant.
1442 1100 1524 1139 Nos
1548 1114 1595 1140 ne
1617 1114 1675 1140 re-

1024 1160 1197 1209 quirimus
1217 1160 1364 1209 quidem
1379 1158 1592 1209 particulam
1611 1155 1676 1209 δὴ,

1025 1216 1093 1252 sed
1123 1215 1227 1253 valde
1259 1216 1488 1252 retinendum
1525 1216 1676 1252 dicimus

1027 1269 1090 1320 δὲ,
1120 1272 1176 1309 vel
1196 1272 1225 1308 si
1243 1271 1323 1308 libri
1343 1271 1440 1309 aliud
1461 1271 1549 1321 quid
1566 1271 1677 1308 offer-

1022 1333 1114 1366 rent.
1174 1328 1286 1365 Iidem
1305 1341 1451 1377 quoque
1475 1331 1678 1365 structurae

1023 1397 1140 1433 genus
1156 1384 1193 1420 in
1213 1384 1269 1420 his
1288 1389 1471 1431 notamus,
1493 1385 1553 1420 ubi
1567 1396 1676 1434 prae-

1023 1441 1160 1490 gressis
1202 1441 1369 1488 genitivis
1413 1439 1588 1477 absolutis
1625 1441 1677 1476 ita

1023 1498 1144 1548 pergit
1161 1497 1316 1546 scriptor
1327 1526 1338 1544 ‚
1369 1510 1412 1534 ac
1425 1497 1456 1532 si
1473 1496 1552 1533 loco
1572 1497 1675 1545 geni-

1022 1554 1176 1590 tivorum
1192 1553 1406 1604 particulam
1424 1553 1607 1590 causalem
1617 1565 1677 1590 se-

1023 1614 1160 1658 quente
1198 1610 1308 1646 verbo
1343 1609 1446 1646 finito
1477 1609 1679 1658 posuisset,

1024 1678 1172 1703 sensum
1209 1665 1315 1703 unice
1349 1665 1568 1716 respiciens,
1607 1678 1678 1702 nec

1023 1721 1167 1771 singula
1183 1722 1294 1759 verba
1312 1734 1509 1770 eorumque
1523 1725 1679 1758 structu-

1023 1791 1101 1815 ram
1118 1783 1230 1827 atque
1253 1779 1430 1815 ordinem.
1465 1798 1517 1805 —-
1544 1777 1587 1814 In
1617 1790 1678 1815 se-

1023 1838 1124 1885 ptem
1147 1835 1227 1871 istis
1257 1835 1405 1871 orbibus
1428 1834 1528 1871 vario
1555 1833 1677 1870 colore

1024 1891 1202 1927 distinctis
1258 1890 1446 1927 recondita
1495 1889 1678 1939 quaedam

1023 1947 1115 1983 ratio
1157 1946 1270 1983 latere
1303 1947 1467 1993 videtur,
1509 1958 1605 1994 quae
1629 1946 1676 1982 ab

1025 2002 1251 2040 orientalium
1271 2002 1394 2040 indole
1416 2002 1677 2051 cogitandique

1023 2059 1163 2096 ratione
1188 2059 1286 2095 haud
1322 2059 1503 2096 abhorret.
1560 2057 1681 2096 Nam-

1023 2128 1095 2164 que
1111 2118 1283 2165 poterunt
1302 2115 1428 2152 referri
1458 2118 1600 2165 septem
1617 2127 1677 2151 01·-

1025 2171 1089 2208 bes
1121 2172 1169 2208 ad
1197 2175 1338 2220 septem
1366 2170 1457 2208 coeli
1486 2171 1675 2222 sphaeras,

1023 2227 1154 2276 quibus
1179 2227 1267 2264 solis
1294 2240 1357 2263 arx
1391 2227 1498 2276 quasi
1540 2226 1678 2264 inclusa

1024 2287 1177 2320 tenetur.
1234 2284 1343 2320 Conf.
1366 2283 1539 2321 Creuzer.
1569 2283 1678 2332 Sym-

1023 2339 1095 2377 bol.
1117 2340 1134 2376 l
1151 2353 1188 2390 p.
1201 2338 1305 2386 469,
1335 2340 1397 2376 ubi
1416 2339 1546 2377 similia
1563 2352 1677 2388 quae-

1022 2397 1107 2432 dam
1133 2396 1234 2446 apud
1264 2395 1357 2432 alios
1395 2396 1556 2447 populos
1584 2395 1677 2433 affe-

1019 2456 1158 2489 runtur.

1077 2531 1134 2536 —
1153 2506 1234 2547 ἒστι
1254 2511 1381 2558 τεῖχος
1401 2504 1501 2546 navo}
1522 2503 1590 2546 τὸν
1613 2501 1672 2547 ’A-

1021 2563 1186 2615 θηνέων
1200 2559 1349 2603 κύκλον
1374 2559 1542 2616 μάλιστά
1561 2578 1613 2615 κη
1631 2560 1677 2603 τό

1023 2619 1226 2672 μέγαθος]
1265 2621 1289 2657 i.
1318 2633 1349 2658 e.
1396 2633 1516 2658 murus
1545 2632 1674 2668 eorum,

1026 2680 1088 2728 qui
1116 2679 1293 2714 maximus
1315 2680 1365 2714 est
1403 2677 1461 2725 (S.
1482 2677 1676 2714 maximum

1027 2734 1151 2771 orbem
1170 2733 1345 2782 conficit),
1356 2737 1485 2783 aequat
1500 2733 1581 2784 fere
1597 2745 1675 2770 am·-
1726 2740 1730 2742 ’

1026 2791 1135 2827 bitum
1155 2792 1324 2827 moenium
1342 2791 1558 2827 Athenarum
1576 2789 1674 2837 (lon-

1025 2846 1221 2894 gitudine).
1280 2846 1356 2884 Ubi
1382 2843 1481 2886 κατά
1510 2846 1674 2882 similitu-

1025 2903 1120 2940 dinis
1167 2903 1353 2941 notionem
1400 2902 1588 2951 adsciscit,
1625 2902 1673 2938 de

1754 2690 1761 2700 »
1746 2621 1749 2643 .-
