1777 3324
479 273 562 311 AD
606 270 1210 320 HERODOT.11‚148.
1518 277 1603 315 919

92 399 201 423 unum
219 385 511 423 Psammitichum
528 385 696 433 adeoque
714 384 822 421 etiam
844 384 892 420 ad
918 397 1030 421 unum
1049 396 1092 421 ex
1117 384 1208 421 illius
1230 386 1506 423 successoribus.
1551 387 1600 425 Et

90 458 219 504 postea
242 454 338 491 idem
355 453 570 490 Mannertus
588 452 609 488 l.
633 451 654 487 l.
686 464 771 502 pag.
792 450 872 492 441
903 451 996 488 hanc
1013 451 1187 501 proponit
1211 451 1476 490 coniecturam:
1508 468 1597 492 eun-

89 522 170 557 dem
194 520 445 566 Memnonem,
478 520 540 569 qui
561 519 809 556 Memnonium
828 523 864 556 et
884 519 1023 556 Thebis
1050 524 1088 557 et
1115 519 1238 569 Abydi
1264 521 1500 568 exstruxerit,
1530 536 1598 573 pro

85 588 277 637 labyrinthi
308 592 454 633 auctore
483 592 593 636 atque
619 588 806 625 conditore
835 601 915 625 esse
942 587 1163 625 habendum.

195 656 253 694 De
272 656 415 693 nomine
436 655 631 705 labyrinthi
647 656 765 693 varias
785 656 819 692 in
840 660 962 706 partes
985 656 1122 693 abeunt
1139 656 1205 692 viri
1224 657 1335 694 docti.
1375 656 1469 693 Sunt
1489 658 1597 705 enim,

83 724 145 773 qui
171 724 351 760 Graecum
372 723 582 760 vocabulum
601 737 680 761 esse
701 725 945 770 contendant,
978 736 1095 773 eoque
1114 724 1308 774 significari
1329 725 1453 761 volunt
1472 737 1597 773 quem-

82 792 134 829 vis
153 791 282 839 locum,
306 805 350 830 ex
368 805 440 841 quo
462 791 656 828 difficulter
675 793 808 830 exitum
833 792 993 842 reperire
1012 805 1146 841 queas,
1176 792 1234 828 alii
1255 805 1275 829 e
1296 792 1452 841 Coptica
1472 792 1596 841 lingua

81 860 179 897 vocis
207 860 365 907 origines
395 864 560 910 repetere
588 859 747 905 malunt,
789 858 847 896 alii
877 860 1058 909 denique,
1088 873 1168 897 cum
1203 861 1303 910 apud
1332 859 1594 898 Manethonem

81 926 243 976 legatur,
273 926 468 964 Lacharem
488 928 563 964 sive
583 926 763 973 Labarmz,
793 926 952 977 Aegypti
975 940 1100 976 regem
1120 927 1317 976 perfecisse
1339 927 1592 977 labyrinthum,

82 995 164 1032 hinc
193 996 382 1032 commode
408 996 540 1045 exponi
562 1008 670 1045 posse
697 999 847 1032 censent
877 995 1090 1032 domicilium
1110 993 1277 1031 Labarz‘s.
1336 995 1418 1032 vid.
1448 1001 1594 1045 praeter

81 1063 192 1100 Beck.
211 1063 233 1099 l.
251 1063 271 1099 l.
294 1062 454 1112 inprimis
474 1062 655 1100 lablonsk.
675 1076 771 1100 voce.
791 1062 908 1112 Aegg.
927 1076 1013 1113 pag.
1036 1063 1115 1104 123
1133 1075 1208 1111 seq.
1229 1062 1351 1110 ibique
1372 1063 1430 1100 Te
1451 1063 1590 1101 lVater.

80 1144 163 1180 pag.
187 1130 265 1172 125
288 1144 363 1180 seq.
393 1134 469 1167 not.
495 1144 522 1167 r.
582 1131 663 1181 Ipse
688 1130 917 1168 lablonskius
948 1131 1061 1181 (pag.
1086 1130 1164 1171 125
1188 1130 1209 1166 l.
1229 1130 1272 1177 l.)
1303 1143 1346 1167 ea
1369 1144 1412 1168 ex
1443 1136 1590 1169 senten-

79 1200 152 1245 tia,
183 1211 255 1248 qua
274 1198 465 1247 labyrinthi
484 1212 575 1248 opus
596 1212 616 1235 a
636 1199 800 1249 pluribus
823 1198 982 1249 Aegypti
1008 1199 1154 1247 regibus
1186 1197 1359 1247 paulatim
1386 1200 1494 1236 suerit
1523 1201 1588 1237 ab·

78 1265 256 1314 solutum,
286 1267 453 1316 exponit:
494 1280 577 1316 opus
596 1267 782 1303 maltorum
808 1266 862 1303 vel
885 1279 1032 1314 magnae
1053 1266 1310 1309 multitudinis-5
1340 1267 1387 1303 ab
1415 1266 1588 1304 Israelitis

78 1333 196 1380 enim,
228 1346 318 1382 quos
342 1334 541 1384 permultos
567 1334 604 1371 in
627 1333 798 1384 Aegypto
823 1335 935 1371 fuisse
968 1335 1133 1371 novimus
1164 1334 1278 1381 (conf.
1303 1335 1407 1371 exod.
1431 1333 1466 1381 Ι,
1486 1337 1522 1374 7.
1549 1338 1586 1376 9.

80 1402 175 1449 12),
206 1402 319 1439 videri
339 1406 579 1448 exstructum3
610 1404 710 1451 quod
735 1402 939 1452 Aegyptios
963 1402 1160 1452 postmodo
1188 1403 1239 1438 ita
1264 1403 1378 1439 fuisse
1406 1403 1587 1452 interpre-

75 1473 191 1518 tatos,
221 1473 261 1506 ut
278 1469 433 1519 plurium
452 1473 488 1507 et
508 1470 656 1518 quidem
675 1470 867 1507 duodecim
888 1470 1092 1520 principum
1121 1482 1214 1519 opus
1239 1469 1401 1507 dicerent
1427 1469 1586 1519 labyrin-

73 1536 186 1574 thum.
243 1536 465 1588 Nuperrime
489 1539 537 1575 de
570 1538 765 1587 labyrinthi
788 1551 876 1575 voce
899 1538 950 1574 sic
972 1537 1096 1574 statuit
1124 1537 1274 1574 Sickler.
1296 1537 1500 1575 Handbuch
1520 1539 1586 1576 der

75 1603 174 1641 alten
197 1605 336 1654 Geogr.
357 1619 443 1656 pag.
462 1609 565 1654 797,
595 1611 636 1643 ut
654 1609 870 1656 exponeret:
903 1615 1074 1660 nffnjffiq·
1088 1599 1156 1659 πῂ
1184 1604 1584 1656 (Lavah-Brranz‘th)

73 1671 95 1707 i.
119 1685 150 1709 e.
181 1673 332 1710 cohaesit
350 1687 436 1721 arx,
466 1687 551 1724 pro:
584 1674 765 1711 cohaerens
796 1686 881 1710 arx:
922 1674 988 1711 das
1013 1673 1418 1722 zusammenhiingende
1436 1673 1582 1712 Schloss

73 1741 162 1777 oder
186 1741 505 1789 Praehtgebiiude!

187 1808 307 1846 Situm
336 1808 529 1857 labyrinthi
556 1809 642 1845 satis
673 1808 857 1847 declarare
882 1809 1053 1847 videntur
1078 1808 1260 1846 Herodoti
1286 1810 1416 1847 verba:
1448 1805 1581 1864 ὀλίγον

71 1873 172 1927 ’ὑπὲρ
198 1879 269 1926 τῆς
297 1877 438 1926 λίμνης
471 1878 542 1927 τῆς
569 1875 745 1927 Μοίριος
769 1882 806 1914 et
837 1890 932 1927 quae
957 1881 1167 1926 sequuntur.
1199 1876 1323 1920 Quare
1352 1878 1451 1926 quod
1475 1878 1575 1915 Dan-

70 1943 183 1980 villius
217 1945 395 1994 duplicem
426 1944 669 1993 labyrinthum
698 1945 810 1982 fuisse
839 1946 922 1982 olim
951 1946 1152 1992 statuebat,
1200 1944 1453 1993 Herodotique
1479 1944 1579 1993 laby-

69 2013 224 2048 rinthum
250 2011 594 2062 Heracleopolitano
636 2024 744 2048 nomo
773 2013 993 2063 adscriptum
1030 2012 1178 2050 volebat
1212 2025 1329 2063 prope
1360 2013 1576 2062 septentrio-

69 2081 187 2118 nalem
228 2081 420 2118 terminum
458 2080 534 2116 eius
569 2078 701 2116 canalis
729 2108 740 2127 ,
789 2081 850 2129 qui
890 2093 987 2118 nunc
1014 2081 1162 2130 quidem
1192 2079 1394 2131 appelletur
1421 2079 1577 2128 Bathen,

66 2148 206 2198 lapsum
224 2149 333 2185 fuisse
350 2149 464 2184 virum
487 2147 673 2196 egregium
692 2148 772 2198 ipsa
793 2148 974 2186 Herodoti
994 2149 1104 2186 verba
1124 2153 1234 2198 atque
1255 2147 1447 2184 Strabonis
1472 2147 1578 2186 facile

67 2217 244 2254 evincunt.
303 2216 428 2253 Unum
457 2220 597 2252 tantum
622 2217 659 2252 in
689 2215 860 2267 Aegypto
891 2217 1163 2254 commemorari
1193 2215 1433 2264 labyrinthum
1466 2227 1488 2252 a
1513 2228 1577 2253 ve·-

67 2284 202 2321 teribus
229 2288 327 2321 recte
352 2284 476 2334 posuit
504 2284 634 2332 Zo‘ega
671 2285 718 2321 de
743 2285 848 2322 obell.
886 2298 970 2335 pag.
997 2283 1079 2325 418
1118 2289 1193 2321 not.
1226 2287 1277 2325 10
1314 2283 1384 2320 hoc
1410 2283 1571 2321 addens:

66 2351 235 2401 reliquias
264 2352 340 2389 eius
372 2352 527 2402 primum
555 2353 735 2390 detexisse
758 2352 895 2389 Lucam
921 2366 1037 2403 prope
1067 2353 1242 2390 Moeridis
1273 2351 1388 2388 lacum
1410 2364 1453 2388 eo
1482 2351 1573 2398 loco,

68 2420 127 2467 qui
157 2433 252 2457 nunc
282 2420 422 2457 dicatur
450 2419 695 2457 Kesr—Caron
724 2421 746 2456 i.
781 2434 813 2458 e.
849 2433 917 2458 arx
947 2420 1108 2457 Carunz’s.
1173 2420 1271 2457 Nam
1302 2418 1454 2456 multum
1489 2418 1574 2456 olim

68 2485 305 2536 disceptatum
330 2490 385 2524 est
416 2487 509 2523 inter
535 2487 630 2523 viros
660 2488 809 2536 doctos,
838 2488 1033 2538 labyrinthi
1048 2493 1167 2525 utrum
1189 2487 1260 2524 ulla
1281 2487 1428 2523 omnino
1448 2500 1575 2537 super-

68 2552 138 2589 sint
156 2555 287 2591 rudera
307 2568 375 2592 nec
394 2567 462 2601 ne3
498 2555 567 2591 vid.
589 2556 698 2593 modo
719 2556 832 2594 Beck.
860 2556 882 2593 l.
904 2556 927 2593 l.
949 2571 984 2607 p.
1008 2560 1091 2597 722
1121 2561 1157 2594 et
1178 2556 1307 2603 Zoega
1325 2554 1348 2591 l.
1371 2554 1394 2592 l.
1434 2554 1574 2592 Nostra

67 2624 185 2657 aetate
210 2622 411 2658 accuratius
432 2622 469 2657 in
489 2622 579 2658 haec
596 2623 859 2672 inquisiverunt
879 2624 977 2661 docti
999 2624 1095 2661 Galli
1118 2624 1140 2661 l.
1158 2624 1179 2661 l.
1204 2635 1289 2674 pag.
1310 2623 1376 2663 32.
1420 2621 1572 2660 Minime

67 2687 161 2723 enim
180 2701 223 2724 eo
243 2688 342 2736 loco,
381 2690 443 2726 ubi
470 2689 590 2726 Lucas
619 2690 752 2740 aliique
782 2692 914 2729 rudera
947 2691 1143 2740 labyrinthi
1171 2690 1352 2728 detexisse.
1377 2690 1444 2726 sibi
1470 2690 1572 2727 vide-

65 2752 214 2803 bantur,
244 2755 437 2807 labyrinthi
454 2756 622 2805 reliquias
647 2771 728 2796 esse
754 2760 982 2809 quaerendas
1013 2759 1167 2805 ‹locent;
1199 2763 1293 2807 quae
1319 2771 1434 2808 prope
1453 2758 1569 2794 Kest-

65 2818 185 2858 caron
214 2823 309 2870 (sive
331 2823 643 2874 Kassr-Keroun)
672 2826 900 2864 inveniantur
920 2827 1071 2872 rudera,
1105 2839 1148 2863 ea
1170 2827 1216 2863 ad
1233 2825 1370 2875 templa
1387 2826 1569 2875 pertinere

64 2897 158 2925 nunc
187 2889 316 2928 diruta.
375 2892 458 2929 Vid.
490 2892 649 2930 Iomard.
674 2893 696 2930 l.
717 2893 739 2930 l.
768 2907 854 2945 pag.
881 2896 931 2936 13
950 2907 1053 2944 seqq.
1084 2893 1164 2931 coll.
1184 2894 1317 2932 Ritter.
1335 2892 1528 2930 Erdkund.
1552 2892 1567 2929 1
