1759 3324
223 592 289 638 38

15 655 171 697 Quomodo
189 660 295 685 taurus

15 698 51 721 ut
73 691 195 718 victima
219 699 296 731 pura

15 725 187 760 exploretur
209 729 240 755 et
257 725 297 752 si-

16 763 139 794 gnetux.

344 238 431 279 568

742 234 1211 275 HERODOTI

348 345 596 403 ἀνέχονται,
617 347 868 402 νομίζοντες
887 344 940 388 οὐ
961 342 1164 399 καθαρόν
1182 360 1257 399 μιν
1278 342 1388 387 εἶναι
1411 342 1606 397 ὄσπριον.

293 434 334 468 11
351 426 496 481 ἱρᾶται
524 425 572 470 δὲ
601 423 685 469 οὐκ
714 422 774 475 εἷς
804 424 986 467 ἑκάστου
1016 427 1104 466 τῶν
1134 426 1272 474 θεῶν,
1303 421 1412 465 ἀλλὰ
1442 422 1608 472 πολλοὶ,

347 508 437 555 τῶν
465 501 526 556 εἷς
561 504 651 561 ἐστι
680 501 929 558 ἆρχιὲρεως·
961 501 1089 545 ἐπεὰν
1108 503 1154 545 δὲ
1175 519 1238 553 τις
1259 499 1486 557 ἀποθάνῃ,
1505 499 1609 543 τού-

345 599 428 627 του
467 581 491 626 ὁ
532 587 634 633 παῖς
670 581 1027 624 ἀντικατίσταται.

1115 580 1229 631 Τοὺς
1264 581 1309 623 δὲ
1355 583 1464 637 βοῦς
1502 580 1606 630 τούς
1621 582 1666 620 40

351 661 528 717 ἔρσενας
555 663 636 704 τοῦ
667 658 868 714 Ἐπάφου
907 657 1019 702 εἶναι
1055 662 1300 714 νομίζουσι,
1347 659 1422 702 καὶ
1450 659 1612 702 τούτου

324 743 499 785 Ξεῖνεκα
530 736 812 794 δοκιμάζουσι
843 735 1006 788 αὐτούς
1037 732 1133 780 ὦδε.
1172 739 1294 793 τρίχα
1323 737 1377 793 ἢν
1404 738 1478 781 καὶ
1505 739 1610 794 μίαν

347 821 492 874 ἴδηται
521 818 737 860 ἐπεοῦσαν
766 815 993 870 μέλαιναν,
1026 814 1080 858 οὐ
1112 814 1315 869 καθαρόν
1346 813 1456 859 εἶναι
1485 818 1610 872 νομί-

292 1022 392 1074 quod
403 1023 487 1061 dein
499 1023 547 1060 ad
558 1022 634 1061 eius
657 1021 816 1059 scholam
827 1024 946 1058 trans-

293 1080 346 1118 iit.
374 1079 532 1116 Exstant
557 1078 716 1130 primarii
747 1077 815 1114 hac
838 1078 885 1115 de
907 1090 946 1115 re

294 1135 365 1174 loci
382 1136 482 1186 apud
502 1135 594 1172 Plin.
606 1136 642 1171 H
649 1165 655 1171 .
666 1135 714 1172 N.
728 1134 863 1181 XVIII,
883 1137 944 1175 12.

296 1193 461 1230 ciceron.
495 1192 541 1229 de
566 1192 676 1228 divin.
703 1191 744 1239 Ι,
781 1192 857 1237 30,
886 1191 947 1227 ubi

296 1247 370 1286 vid.
396 1247 521 1286 Davis.
543 1252 579 1286 et
605 1248 774 1285 Creuzer.
804 1247 850 1294 ΙΙ,
881 1247 947 1288 58.

295 1303 380 1342 Hoc
406 1308 526 1342 autem
553 1306 711 1342 fortasse
738 1303 856 1340 minus
882 1316 949 1339 no-

295 1364 395 1408 tum,
433 1361 517 1398 hinc
544 1361 581 1398 in
602 1361 827 1398 Graecorum
858 1372 950 1409 quo-

297 1428 370 1468 que
386 1417 568 1466 mysteriis
587 1417 691 1454 fabas
704 1416 866 1453 damnari
884 1429 950 1453 ne-

297 1472 514 1523 que'earum
537 1477 684 1523 gustum
715 1473 864 1511 concedi
883 1473 950 1508 ini·

296 1530 408 1576 fiatis,
429 1530 568 1580 quippe
585 1542 673 1579 quas
694 1529 800 1567 etiam
819 1529 948 1575 Ceres,

297 1597 380 1623 cum
395 1585 550 1635 reliquas
574 1586 780 1622 hominibus
804 1585 950 1622 afferret

296 1642 437 1691 frugeS,
449 1642 611 1679 omiserit
624 1642 854 1692 impurasque
866 1654 949 1679 cen-

295 1698 421 1736 suerit.
465 1697 574 1735 Plura
598 1697 768 1735 Creuzer.
789 1697 950 1746 Symbol.

297 1753 350 1792 IV
365 1767 402 1805 p.
419 1755 515 1795 268.
552 1754 732 1804 Equidem
751 1753 820 1791 hoc
841 1754 951 1790 modo

298 1810 484 1848 adiiciam:
510 1810 731 1860 Aegjptiam
752 1811 873 1847 sabam
890 1823 951 1847 sa-

297 1878 396 1905 cram
415 1879 483 1918 pro
515 1867 584 1903 loto
612 1881 640 1903 s,
662 1865 847 1904 Nelumbio
874 1879 951 1917 spe-

299 1925 410 1971 cioso,
440 1923 538 1961 cuius
560 1924 662 1959 radix
682 1928 718 1960 et
737 1924 872 1960 fructus
891 1923 952 1960 edi

298 1978 442 2017 soleant
463 1979 585 2026 (conf.
613 1983 689 2015 not.
715 1979 764 2015 ad
791 1979 846 2025 11,
876 1979 952 2027 92)

297 2034 424 2072 haberi
445 2046 468 2071 a
485 2033 528 2071 V.
555 2034 602 2071 D.
631 2033 740 2071 Link.
770 2034 858 2082 (die
878 2035 954 2072 Ur-

299 2089 384 2128 welt
403 2095 470 2128 etc.
498 2103 534 2140 p.
555 2090 637 2132 225
659 2090 777 2139 seq.)‚
807 2090 868 2140 qui
887 2091 955 2128 hu-

299 2147 355 2183 ius
390 2146 500 2183 fabae
538 2147 764 2183 sanctitatem
793 2151 878 2197 post
907 2147 955 2183 ad

299 2201 406 2240 aliam
422 2213 648 2239 communem
667 2203 787 2239 fabam
801 2202 955 2239 transla-

301 2262 378 2296 tam
398 2269 481 2295 esse
501 2258 687 2295 contendit
699 2271 815 2307 eoque
831 2259 955 2304 refert,

301 2313 402 2364 quod
415 2312 606 2364 Aegyptiis
617 2314 720 2351 sabas
737 2314 847 2352 edere
858 2314 956 2351 haud

301 2369 449 2408 licuerit.

359 2421 480 2465 ἐπεάν
490 2422 533 2464 δέ
542 2438 601 2472 τις
613 2419 803 2479 ἀποθάνῃ
812 2439 846 2464 κ.
859 2439 891 2464 τ.
906 2423 955 2475 λ.]

303 2480 408 2520 Haec
426 2493 533 2519 nemo
553 2494 628 2518 non
643 2481 811 2530 intelligit
830 2483 878 2519 ad
897 2494 955 2519 sa-

304 2537 524 2576 cerdotalem
565 2538 728 2575 ordinem
759 2552 789 2574 s,
824 2538 956 2575 tribum

304 2592 445 2643 (Kaste
467 2606 536 2630 nos
565 2593 748 2644 appellare
775 2594 955 2642 solemus)

302 2649 494 2701 pertinere.
523 2649 566 2686 ln
584 2662 655 2698 quo
674 2650 781 2688 etiam
808 2651 878 2688 hoc
902 2656 956 2688 te·-

301 2706 481 2752 nendum,
511 2705 651 2754 singula
667 2706 818 2755 collegia
837 2719 955 2744 sacer-

302 2763 429 2799 dotum
452 2762 583 2800 eodem
615 2763 692 2800 fere
720 2763 830 2799 modo
860 2763 956 2800 inter

303 2831 346 2857 se
380 2817 537 2855 discreta
569 2821 607 2855 et
634 2818 795 2856 seiuncta
829 2818 956 2865 fuisse,

305 2886 379 2925 quo
409 2874 524 2912 omnis
555 2874 787 2912 sacerdotalis
815 2875 906 2912 ordo
934 2887 956 2912 a

1013 1021 1159 1071 reliquis
1190 1020 1376 1058 ordinibus
1409 1021 1518 1059 fuerit
1542 1021 1671 1059 distin-

1014 1082 1111 1124 ctus3
1147 1078 1198 1115 ita
1224 1082 1264 1114 ut
1289 1077 1428 1115 nemini
1457 1077 1594 1116 licuerit
1622 1078 1671 1115 ad

1015 1133 1112 1171 aliud
1123 1135 1276 1171 transire
1288 1133 1488 1182 collegium,
1500 1135 1566 1172 sed
1575 1134 1670 1171 filius

1014 1192 1128 1242 patris
1147 1190 1298 1239 collegio
1319 1190 1520 1240 adscriptus
1546 1203 1671 1228 mane-

1014 1252 1081 1284 ret.
1131 1247 1215 1290 Quo
1241 1245 1298 1283 vel
1319 1258 1363 1283 ea
1389 1247 1547 1294 faciunt,
1577 1259 1673 1296 quae

1017 1315 1127 1354 supra
1162 1305 1209 1341 de
1247 1303 1428 1340 communi
1454 1302 1672 1353 templorum

1017 1360 1156 1397 aerario
1181 1364 1290 1408 atque
1313 1359 1432 1396 reditu
1456 1359 1672 1397 monuimus.

1018 1417 1125 1453 Conf.
1142 1416 1306 1453 Heeren.
1322 1415 1345 1452 l.
1357 1415 1380 1452 l.
1400 1428 1485 1467 pag.
1499 1418 1578 1458 127
1592 1415 1671 1454 coll.

1016 1471 1168 1510 Diodor.
1188 1472 1260 1509 Sic.
1280 1471 1310 1519 Ι,
1329 1473 1395 1513 73.

1173 1583 1205 1620 c
1216 1596 1236 1621 a
1247 1597 1284 1634 p.
1311 1581 1519 1622 xxxvm.

1073 1666 1142 1707 καὶ
1170 1662 1316 1707 τούτου
1349 1667 1481 1707 εἵνεκα
1511 1663 1673 1719 δοκιμά-

1021 1725 1130 1772 ζουσι
1149 1719 1318 1774 αὐτους]
1349 1724 1454 1762 Haec
1471 1737 1552 1763 cum
1571 1729 1675 1763 ante-

1019 1781 1250 1819 cedentibus,
1280 1795 1376 1828 τους
1396 1778 1438 1819 δὲ
1456 1781 1556 1833 βοῦς
1579 1779 1675 1828 τούς

1019 1836 1178 1888 ἔρσενας
1197 1838 1271 1876 τοῦ
1287 1832 1470 1887 Ἐπαφου
1488 1834 1591 1877 εἶναι
1611 1852 1672 1878 νο-

1019 1894 1176 1945 μίζουσι
1193 1906 1267 1930 non
1291 1893 1376 1930 satis
1397 1893 1590 1932 cohaerere
1604 1907 1675 1945 pu-

1018 1951 1121 1987 tabat
1138 1950 1401 1998 VVesselingius
1418 1951 1577 2000 indeque
1589 1951 1677 1989 scri-

1021 2007 1197 2044 bendum:
1227 2002 1320 2052 τοῦς
1342 2003 1385 2044 δὲ
1409 2003 1676 2059 καθαρούς

1021 2063 1120 2114 βοῦς
1136 2059 1230 2108 τούς
1249 2061 1407 2113 ἔρσενας
1428 2078 1463 2101 κ.
1473 2077 1508 2102 τ.
1529 2065 1564 2102 λ.
1593 2062 1675 2101 Nec

1019 2123 1165 2166 tamen,
1194 2119 1224 2155 si
1245 2119 1334 2167 quid
1352 2119 1479 2166 video,
1509 2132 1599 2170 opus
1618 2119 1675 2156 in-

1022 2187 1144 2212 serere
1183 2171 1393 2223 καθαροῦς
1431 2174 1488 2213 vel
1523 2179 1675 2226 propter

1022 2231 1132 2268 verba
1149 2227 1291 2269 τούτου
1313 2230 1464 2277 εἵνεκα,
1491 2244 1572 2268 cum
1590 2243 1675 2269 sen-

1023 2299 1083 2324 sus
1114 2287 1175 2323 sit:
1227 2298 1302 2323 eam
1337 2286 1376 2323 ob
1416 2299 1558 2324 causam
1575 2316 1586 2335 ,
1635 2291 1677 2325 ut

1022 2342 1236 2390 intelligant,
1256 2342 1403 2391 quinam
1426 2343 1538 2380 boves
1556 2355 1674 2382 mares

1023 2411 1150 2436 revera
1172 2402 1258 2448 puri
1277 2400 1348 2435 sint
1365 2398 1595 2449 Epaphoque
1617 2413 1677 2437 sa-

1025 2454 1092 2500 cri,
1123 2453 1211 2491 hunc
1232 2457 1268 2491 in
1295 2455 1433 2492 modum
1460 2454 1540 2493 illos
1557 2456 1677 2506 explo-

1022 2514 1114 2546 rant.
1165 2510 1224 2548 De
1243 2510 1395 2562 Epapho
1415 2511 1486 2549 vid·
1505 2511 1562 2561 Π,
1594 2512 1675 2558 153

1023 2570 1059 2604 et
1080 2565 1151 2613 Ill,
1174 2569 1240 2607 27.

1077 2650 1189 2701 τρίχα
1206 2645 1259 2700 ὴν
1280 2647 1347 2688 καὶ
1371 2650 1466 2701 μίαν
1489 2650 1622 2702 ἴδηται
1637 2667 1675 2692 κ.

1022 2719 1054 2745 τ
1077 2707 1110 2744 λ.
1120 2707 1133 2752 ]
1163 2706 1222 2742 Ad
1240 2705 1371 2756 ἴδηται
1389 2708 1550 2771 suppleri
1569 2713 1677 2760 pote-

1021 2761 1069 2799 rit
1091 2759 1111 2801 ὅ
1135 2757 1357 2812 δοκιμαζων
1380 2764 1478 2810 sive,
1517 2768 1558 2801 ut
1581 2765 1678 2802 infra

1023 2818 1187 2886 legimus?
1197 2832 1276 2858 των
1284 2833 1343 2865 τις
1356 2818 1471 2870 ἱρέων
1484 2819 1550 2860 ἐπὶ
1558 2823 1675 2860 τοῦτο

1023 2872 1273 2927 τεταγμένος,
1315 2877 1543 2914 sacerdotum
1571 2890 1675 2923 unus,
