1759 3324
333 268 418 310 374
727 267 1197 308 HERODOTI

330 375 577 435 »ἄρχοντας
607 375 773 421 ἄλλων·
803 377 982 434 μένουσι
1012 377 1058 422 δέ
1089 388 1168 433 σφι
1199 376 1245 421 έν
1272 379 1326 432 τῇ
1351 373 1650 434 Ἰωνίῃούκθο

308 463 368 511 8,,
381 457 464 514 ἔφη
493 456 653 511 ἐνορᾶν
682 456 934 514 ἐλευθερίην
963 458 1024 501 ἔτι
1056 457 1306 513 ἐσομένην.“
1365 455 1488 512 Αὕτη
1516 455 1595 513 μὲν

335 538 521 587 Βίαντος
548 538 627 578 τοῦ
672 535 886 592 Πριηνέος
913 535 1082 592 γνώμη,
1131 535 1200 579 ἐπὶ
1233 535 1596 592 διεφθαρμένοισι

326 614 445 660 Ἴωσι
472 614 696 671 γενομένη.
725 614 884 670 χρηστή
923 616 970 659 δὲ
998 616 1072 659 καὶ
1101 615 1207 670 πρὶν
1234 614 1264 671 ἢ
1293 617 1596 671 διαφθαρῆναι

334 693 500 749 Ἰωνίην
531 692 681 736 Θάλεω
711 691 873 747 ἀνδρὸς
902 695 1123 750 Μιλησίου
1152 693 1339 749 ἐγένετο,
1368 694 1418 738 τό
1449 691 1596 737 ἀνέκα-

336 778 418 816 θεν
445 771 571 828 γένος
599 768 749 821 ἐόντος
780 772 1008 824 Φοίνικος·
1061 773 1109 824 ὃς
1138 772 1303 816 ἐκέλευε
1338 774 1388 816 ἓν
1417 776 1597 829 βουλευ-

335 849 490 907 τήριον
508 849 662 900 Ἴωνας
692 848 920 904 ἐκτῆσθαι,
948 851 998 894 τὸ
1028 851 1074 895 δὲ
1103 848 1217 894 εἶναι
1247 850 1295 894 έν
1330 851 1442 906 Τέῳ·
1478 853 1654 896 Τέων95

307 929 424 984 4γοὶρ
453 928 588 984 μέσον
619 925 730 970 εἶναι
754 925 930 984 Ἰωνίης.
962 927 1037 980 τὰς
1067 929 1114 973 δὲ
1137 929 1270 980 ἄλλας
1289 929 1444 982 πόλιας
1464 933 1599 975 οἰκεο-

339 1006 472 1062 μένας
517 1006 653 1063 μηδὲν
686 1000 825 1062 ἧσσον
861 1009 1114 1063 νομίζεσθαι
1151 1009 1339 1064 κατάπερ
1382 1011 1419 1052 εἰ
1470 1011 1600 1064 δῆμοι

342 1083 437 1130 εἷεν.
468 1084 583 1129 οὕτω
622 1087 700 1143 μὲν
728 1084 785 1143 δή
815 1097 894 1142 σφι
922 1085 1098 1143 γνώμας
1125 1085 1299 1130 τοιάσδε
1328 1085 1599 1141 ἀπεδέξαντο.

180 1171 279 1218 171
437 1164 660 1221 (Ἅρπαγος
689 1164 735 1209 δὲ
757 1164 1163 1223 καταστρεψάμενος
1190 1165 1378 1224 Ἰωνίην,
1408 1167 1599 1211 ἐποιέετο

9 1238 121 1298 0,“ἳ,·“ῑ’
109 1237 285 1305 ‚nffimlssss
341 1246 576 1300 στρατηίην
614 1244 683 1288 ἐπὶ
719 1248 872 1302 Κᾶρας
910 1247 985 1290 καὶ
1018 1247 1245 1298 Καυνίους
1281 1246 1356 1290 καὶ
1390 1247 1600 1300 Λυκίους,

149 1305 285 1365 eteLe-le

9 1326 195 1400 ‘Momm
147 1375 215 1400 uta
199 1346 284 1409 origg}
311 1321 435 1379 Ξᾶμα
475 1321 687 1381 αγόμενος
719 1325 795 1369 καὶ
819 1323 974 1377 Ἴωνας
1011 1327 1085 1370 καὶ
1123 1327 1319 1377 Αἰολέας.

1406 1325 1510 1370 Εἰσὶ
1554 1325 1627 1370 δὲ1

339 1509 404 1549 ἐπὶ
439 1507 774 1561 διεφθαρμένοισι
799 1506 932 1561 Ἴωσι]
1000 1507 1082 1549 Nec
1119 1523 1207 1548 vero
1239 1509 1372 1559 semel,
1413 1514 1455 1548 ut
1493 1509 1658 1548 Thomas

282 1567 305 1604 i.
322 1579 353 1605 e.
369 1570 554 1617 postquam
563 1565 686 1604 Ionum
697 1579 750 1604 res
766 1568 839 1605 iam
850 1579 933 1617 per-

283 1635 402 1661 versae
421 1627 531 1660 erant.
571 1623 630 1660 Cf.
650 1621 781 1660 Matth.
800 1622 837 1675 5.
851 1622 933 1665 565

283 1683 360 1717 not.
379 1682 416 1721 1.
433 1700 491 1707 —-
516 1677 577 1716 Ad
596 1678 789 1731 γενομένη
812 1680 933 1730 suppl.

281 1750 360 1786 ην,
406 1735 507 1785 quod
540 1735 703 1773 additum
737 1736 938 1774 invenimus

284 1804 394 1842 supra
412 1791 427 1829 l
440 1794 542 1840 ,161
565 1792 628 1830 fin.
656 1808 681 1843 η
696 1806 721 1831 ν
740 1789 784 1832 δὲ
800 1788 939 1844 χρόνος

284 1851 403 1894 οὑτος
438 1862 514 1888 ουκ
551 1843 679 1901 ὀλίγος
711 1846 938 1900 γενόμενος

281 1905 344 1943 De
362 1904 556 1942 omissione
580 1905 681 1943 verbi
705 1905 778 1942 vid.
799 1906 937 1943 schae-

284 1962 351 1999 ser.
373 1961 421 1997 ad
430 1959 617 1999 Lambert.
636 1961 725 1998 Bos.
742 1961 790 1999 de
807 1960 937 2012 Ellips.

282 2015 329 2054 L.
346 2017 413 2054 Gr.
440 2029 527 2067 pag.
549 2018 644 2058 608.

339 2069 386 2113 τό
415 2067 614 2111 ἀνέκαθεν
650 2069 766 2125 γένος
799 2067 938 2120 ἐόντος

287 2127 500 2178 Φοίνικος]
538 2128 581 2165 In
607 2127 806 2165 Phoenicia
833 2128 937 2166 Tha-

283 2183 362 2222 letis
380 2184 521 2232 origine
547 2184 669 2235 plures
697 2197 777 2221 cum
798 2184 937 2223 Nostro

283 2241 496 2288 concinunt,
524 2252 547 2277 a
565 2240 810 2289 Wesselingio
833 2242 881 2278 ad
899 2241 934 2278 h.

288 2296 313 2333 l.
333 2296 496 2344 excitati,
525 2299 564 2333 ut
577 2295 738 2345 Diogen.
759 2296 884 2335 Laert.
905 2297 935 2346 I,

283 2355 350 2393 12.
387 2351 559 2389 Clemens
595 2351 792 2392 Alexandr.
831 2353 937 2390 Stro-

281 2411 368 2446 mat.
392 2408 408 2445 I
426 2421 462 2458 p.
481 2408 576 2450 352.
616 2408 727 2452 Quod
749 2408 837 2446 nihil
866 2410 936 2447 im-

280 2464 406 2515 pedit,
432 2476 505 2512 quo
521 2464 639 2501 minus
664 2465 783 2503 Mileti
809 2467 936 2504 sedem

281 2519 352 2570 ipsi
384 2520 524 2567 fixerit,
560 2533 640 2558 cum
674 2522 830 2560 maiores
855 2523 937 2560 fue-

282 2575 354 2612 rint
373 2574 584 2614 Phoenices.
640 2576 732 2615 Inde
759 2591 846 2616 vero
875 2590 936 2616 ex-

286 2630 508 2681 plicandum,
518 2632 618 2681 quod
628 2633 807 2670 nonnullis
816 2633 936 2672 Phoe-

284 2687 368 2734 nix,
396 2687 476 2725 aliis
494 2687 656 2726 Milesius
684 2689 848 2727 habetur.
875 2689 935 2727 Ad

283 2737 482 2782 οἷνέκαθεν
510 2743 728 2793 singularem
756 2745 937 2782 Herodoti

285 2811 389 2836 usum
450 2800 644 2837 observant
699 2801 935 2839 Grammatici

286 2855 436 2902 Graeci,
458 2869 538 2893 cum
547 2854 656 2894 Attici
677 2856 718 2894 de
737 2857 810 2894 loco
830 2859 935 2896 unice

284 2911 335 2948 ita
352 2911 526 2961 dixerint,
546 2914 693 2952 minime
713 2913 754 2951 de
777 2917 935 2965 tempore,

1001 1566 1182 1616 Magister
1207 1566 1305 1615 vult,
1350 1566 1562 1605 Herodotus
1591 1567 1659 1604 hac

1001 1636 1091 1661 voce
1123 1625 1175 1660 ita
1205 1627 1260 1660 est
1289 1636 1395 1671 usus,
1425 1624 1492 1661 sed
1510 1621 1658 1671 'aliquo-

1004 1681 1094 1718 ties:
1123 1680 1171 1727 V,
1185 1678 1249 1720 55.
1270 1679 1335 1721 65.
1364 1679 1437 1727 VI,
1464 1678 1531 1720 35·
1564 1678 1656 1720 125·

1008 1738 1102 1778 128.
1130 1735 1221 1783 Vll,
1240 1738 1346 1783 221,
1376 1748 1444 1774 nec
1463 1735 1523 1772 alii
1547 1733 1660 1772 Attici

1005 1793 1224 1844 scriptores,
1253 1793 1290 1829 in
1314 1792 1443 1842 quibus
1462 1791 1658 1839 Lucianus,

1007 1849 1050 1886 ez}
1067 1849 1339 1896 abstinuerunt,
1368 1852 1409 1885 ut
1428 1848 1573 1885 abunde
1591 1860 1660 1884 no-

1005 1908 1127 1942 tarunt
1153 1906 1368 1955 interpretes
1396 1905 1446 1941 ad
1474 1903 1658 1941 Thomam

1005 1960 1154 2009 Magist.
1168 1974 1205 2011 p.
1226 1964 1282 2002 77
1308 1973 1385 2009 seq.
1417 1964 1454 1997 et
1478 1960 1526 1997 ad
1541 1960 1660 2009 Phry-

1005 2017 1097 2053 nich.
1122 2029 1212 2067 pag.
1232 2019 1325 2058 270.
1357 2017 1659 2054 Grammaticusa

1004 2072 1176 2110 Bekkelo
1194 2072 1359 2122 vulgatus
1386 2072 1569 2120 (Anecdd.
1590 2073 1657 2110 Gr.

1005 2128 1077 2179 Ip
1101 2130 1164 2170 18
1186 2130 1282 2178 26):
1314 2124 1536 2168 ἀνέκαθεν·
1556 2127 1660 2181 εὑρί-

1006 2197 1137 2224 σκεται
1175 2183 1242 2224 ἐπὶ
1279 2180 1406 2225 τόπου
1435 2183 1660 2254 εἰρημένον,

1005 2236 1081 2280 ov'n
1114 2239 1180 2280 ἐπὶ
1207 2236 1371 2294 χρόνου,
1403 2257 1459 2289 ως
1488 2237 1578 2295 παρ’
1597 2240 1659 2280 Ἡ-

1004 2291 1167 2352 ροδότω.

1177 2411 1209 2448 C
1221 2423 1286 2461 ap.
1318 2409 1488 2449 CLXXI.

1060 2490 1143 2546 ἅμα
1180 2489 1377 2546 ἀγόμενος
1416 2493 1485 2534 καὶ
1517 2491 1658 2541 Ἴωνας

1002 2549 1071 2590 καὶ
1088 2550 1280 2602 Αἰολέας]
1305 2551 1388 2589 Hoc
1407 2551 1658 2602 explicandum

1003 2619 1047 2645 ex
1067 2607 1262 2645 Persarum
1292 2620 1414 2656 more,
1445 2621 1517 2657 quo
1545 2609 1657 2644 victo-

1002 2675 1061 2700 res
1088 2663 1215 2700 victam
1240 2668 1388 2712 gentem
1418 2665 1490 2700 uno
1536 2677 1658 2702 secum

1003 2719 1200 2766 ducerent,
1231 2720 1417 2770 copiisque
1444 2720 1516 2757 suis
1543 2721 1658 2758 conti-

1003 2786 1077 2811 nuo
1103 2775 1200 2812 illam
1223 2776 1412 2814 adderent.
1470 2777 1529 2814 Cf.
1556 2771 1658 2815 Hee-⁴

1004 2843 1080 2868 ren.
1100 2830 1214 2869 Ideen
1238 2831 1274 2880 I,
1298 2834 1322 2873 1
1349 2845 1437 2884 pag.
1457 2833 1550 2876 513.

1061 2912 1136 2954 εἰσὶ
1169 2913 1210 2955 δὲ
1240 2911 1396 2956 τούτων
1429 2919 1563 2969 Κᾶρες
1583 2914 1655 2969 μὲν
