1759 3324
363 220 447 261 744

777 222 1246 264 HERODOTI

334 326 501 374 Ξὸίλλου
530 328 661 382 τινός.
720 331 767 376 ἐν
796 333 874 390 μὲν
910 332 993 389 γὰρ
1024 338 1137 378 τοῖσι
1167 334 1410 390 Κυπρίοισι
1447 339 1627 395 εἴρηται,

364 406 424 460 ὦς
451 414 641 465 τριταῖος
674 409 721 454 ἐκ
749 411 956 469 Σπάρτης
991 410 1266 470 Ἀλέξανδρος
1296 413 1473 460 ἀπίκετο
1503 417 1547 469 ἐς
1576 418 1626 462 τὸ

351 485 488 532 ’Ίλιον
516 488 636 544 ἄγων
665 489 745 545 τήν
770 489 971 548 Ἑλένην,
1006 490 1126 536 εὐαέϊ
1153 509 1196 536 τε
1226 493 1441 551 πνεύματι
1465 497 1627 552 χρησά-

362 583 491 623 μενος
529 568 602 612 καὶ
640 569 840 628 θαλάσσῃ
879 573 992 629 λείῃ·

362 644 563 699 ἐπλάζετο
605 646 724 702 ἄγων
764 647 913 705 αὐτήν.

363 723 544 780 Κύπρια
573 725 695 779 ἔπεα,
725 729 918 783 χαιρέτω.

306 900 386 937 deri
410 913 491 937 eam
517 899 701 938 Herodoti
731 900 843 938 fuisse
873 914 962 939 sen-

305 956 477 1003 tentiam,
507 961 549 993 ut
575 957 719 994 serioris
742 958 873 994 aetatis
894 972 962 1008 po-

305 1013 389 1051 ‘e‘ztae
412 1025 455 1050 ea
473 1013 667 1050 tribuenda
688 1014 768 1050 sint.
801 1014 841 1050 ln
864 1014 962 1052 clau-

307 1069 386 1105 sula
404 1069 538 1105 addam
552 1069 771 1107 Dahlmanni
792 1071 960 1108 iudicium

307 1125 477 1172 (Herod.
513 1138 598 1176 pag.
632 1128 751 1174 101):
801 1128 961 1174 „W'enn

306 1182 478 1219 Herodot
498 1182 649 1220 manche
669 1183 849 1221 Gedichte
863 1214 873 1231 ‚
901 1186 962 1223 die

306 1239 366 1275 fiir
383 1238 599 1276 Homerisch
620 1238 744 1287 galten
757 1269 767 1286 ‚
786 1241 869 1278 dem
879 1242 962 1278 Ho-

307 1307 387 1332 mer
406 1295 587 1345 absprach
611 1295 664 1343 11,
690 1299 781 1337 117.
812 1297 875 1345 IV,
895 1300 962 1346 32,

307 1364 349 1388 so
370 1351 538 1388 scheinen
567 1351 662 1388 doch
692 1353 751 1389 die
772 1352 962 1392 Ursachen

307 1407 428 1445 dieses
448 1406 610 1445 Urtheils
630 1409 727 1445 nicht
747 1409 816 1446 tief
836 1424 882 1447 zu
899 1411 963 1449 lie-

307 1475 406 1512 gen,
448 1463 529 1500 falls
560 1464 686 1512 nicht,
729 1465 779 1502 im
809 1466 963 1505 Grunde

307 1520 381 1556 ihm
398 1520 630 1566 unbewusst,
658 1521 738 1558 sein
758 1524 963 1572 poetischer

310 1577 403 1613 Sinn
431 1577 491 1614 die
509 1577 785 1627 Entscheidung
813 1580 963 1629 gelenkt

308 1632 420 1669 hat!“

366 1687 408 1727 ἐν
430 1685 501 1738 μὲν
529 1686 603 1741 γάρ
623 1693 723 1729 τοῖσι
746 1691 964 1744 Κυπρίοισι

310 1743 461 1796 εἴρηται
490 1760 524 1783 κ.
556 1760 587 1783 τ
613 1744 661 1796 λ.]
720 1746 861 1786 Eadem
885 1751 963 1787 fere

309 1801 432 1838 scribit
450 1801 614 1839 Eustath.
635 1804 682 1840 ad
700 1803 740 1840 ll.
751 1804 801 1841 Vl
820 1819 854 1855 p.
867 1805 963 1853 503,

311 1860 385 1905 11,
415 1858 632 1896 dissentiens
668 1872 690 1896 a
721 1860 851 1898 Proclo
880 1862 903 1898 l.
925 1862 963 1910 l.‚

310 1914 372 1962 qui
392 1913 583 1963 Paridem,
613 1920 830 1967 tempestate
855 1931 878 1956 a
902 1919 964 1956 Iu-

309 1982 408 2008 none
424 1971 603 2018 immissa‚
635 1973 683 2009 ad
703 1973 878 2012 Sidonem
898 1976 963 2013 de-

310 2025 421 2063 latum
462 2040 544 2065 esse
583 2029 781 2078 urbemque
821 2032 962 2081 cepisse

311 2082 445 2119 scribit.
511 2082 634 2132 Atque
661 2086 768 2122 etiam
794 2085 961 2135 Heynius

309 2138 494 2185 (observv.
510 2140 558 2176 ad
571 2140 612 2176 11.
632 2140 681 2177 VI
693 2170 704 2188 ‚
724 2144 807 2183 289
829 2156 865 2192 p.
877 2143 961 2185 254

311 2206 389 2242 seq.
409 2198 435 2230 t.
455 2194 507 2242 V)
538 2195 575 2231 in
598 2195 781 2234 Herodoti
805 2197 884 2235 loco
899 2204 960 2236 to-

311 2254 385 2287 tam
406 2250 499 2287 illam
519 2250 637 2301 ῥῆσιν
654 2254 768 2291 serius
788 2254 961 2293 insertum

310 2309 432 2357 putat,
450 2307 586 2357 quippe
601 2310 762 2347 versibus
780 2323 824 2347 ex
838 2312 961 2360 Odys-

311 2374 376 2399 sea.
402 2364 669 2412 navigationem
695 2365 893 2404 Alexandri
916 2368 960 2404 ‘in

311 2417 522 2470 Aegyptum
541 2419 637 2457 haud
663 2423 750 2458 satis
772 2424 961 2472 probanti-

310 2474 392 2511 bus.
448 2474 530 2513 Nec
553 2476 656 2514 aliter
675 2479 832 2517 sensisse
862 2481 962 2518 vide-

311 2533 372 2567 tur
396 2530 641 2581 Borheckius,
679 2536 743 2584 qui
769 2535 878 2573 hocce
902 2550 961 2573 ca-

312 2590 381 2637 put
418 2593 626 2636 suspectum
657 2595 809 2639 censet,
847 2593 963 2630 refra-

312 2646 424 2691 gante
444 2643 681 2684 Henrichsen.
699 2647 720 2684 l.
741 2647 763 2686 l.
795 2661 880 2698 pag.
906 2650 961 2692 50

313 2711 391 2747 seq.
408 2699 469 2748 qui
490 2701 625 2749 optime
644 2709 788 2751 monet,
809 2707 963 2743 eandem

311 2756 518 2802 argumenti
561 2757 840 2810 discrepantiam
885 2775 963 2799 ma-

313 2823 423 2857 nere,
453 2812 529 2849 sive
546 2812 757 2853 Herodotus
774 2817 863 2855 haec
878 2820 965 2855 scri-

314 2866 430 2918 pserit
452 2867 526 2906 sive
550 2868 640 2908 alius
663 2872 854 2924 quispiam.
884 2875 965 2913 Nec

1061 572 1107 615 ἐν
1155 573 1201 615 δὲ
1235 571 1381 617 Ἰλιάδι
1419 574 1532 631 λέγει
1571 573 1685 628 05960

988 651 1184 708 ’Όμηρος
1213 653 1293 708 μὲν
1319 670 1426 707 νυν,
1471 655 1545 699 καὶ
1575 654 1628 699 τὰ

1030 902 1116 940 mihi
1146 903 1219 941 ulla
1246 904 1341 942 iusta
1375 917 1484 942 causa
1515 906 1682 956 adparet,

1029 973 1093 996 cur
1118 961 1228 998 verba
1248 990 1259 1009 ,
1297 961 1344 998 ab
1373 962 1540 999 omnibus
1575 963 1684 1000 etiam

1030 1016 1128 1053 libris
1149 1018 1403 1067 comprobata,
1433 1020 1555 1069 spuria
1575 1025 1612 1057 et
1629 1020 1685 1056 in-

1028 1074 1147 1111 siticia
1170 1074 1335 1111 habeam.

1087 1153 1200 1196 εὕαέϊ
1228 1172 1268 1196 τε
1310 1152 1508 1209 πνεύματι
1540 1156 1686 1210 χρησά-

1030 1228 1149 1266 μενος
1166 1213 1234 1253 καὶ
1260 1212 1444 1270 θαλάσσῃ
1465 1216 1574 1270 λείῃ]
1604 1218 1626 1255 i.
1651 1231 1683 1255 e.

1030 1271 1178 1308 secundo
1196 1275 1297 1308 vento
1314 1285 1398 1309 usus
1420 1277 1456 1310 et
1473 1277 1565 1310 mari
1584 1278 1684 1311 tran-

1032 1328 1151 1379 quillo.
1210 1328 1351 1365 Eadem
1391 1330 1503 1367 verba
1542 1334 1686 1368 exstant

1030 1398 1178 1434 quoque
1205 1385 1304 1434 apud
1335 1385 1565 1423 Eustathium
1597 1387 1619 1423 l.
1648 1386 1684 1435 l.‚

1031 1455 1127 1491 quae
1147 1454 1189 1479 ex
1211 1442 1292 1491 ipso
1310 1445 1421 1492 poeta
1443 1443 1600 1492 Cyprico
1618 1444 1685 1481 de—

1031 1503 1147 1535 sumta
1167 1498 1306 1545 videri,
1335 1498 1407 1534 iam
1438 1499 1574 1536 dudum
1606 1513 1684 1536 mo-

1030 1559 1160 1592 nuerat
1182 1554 1466 1604 lYesselingius:
1499 1556 1684 1602 „Videtur

1027 1613 1163 1662 poetae
1182 1612 1262 1648 τῶν
1274 1611 1471 1659 Κυπρίων
1490 1613 1684 1650 dictionem

1031 1668 1264 1717 expressisse.
1349 1667 1589 1705 Notissimum
1628 1674 1684 1706 est

1029 1723 1222 1773 Sophoclis
1255 1723 1373 1771 illud,
1420 1725 1573 1762 Philoct.
1600 1728 1682 1766 822

1031 1779 1132 1828 (828
1151 1780 1273 1827 ssr.).“
1330 1781 1442 1818 Unde
1471 1782 1637 1831 Heynius
1658 1782 1681 1819 l.

1030 1837 1054 1874 l.
1079 1837 1278 1874 hexametri
1299 1842 1439 1887 partem
1462 1840 1570 1876 eruit:

1088 1914 1144 1920 ——-
1181 1888 1389 1945 πνεύματα
1438 1890 1685 1946 χρησάμενος

1199 1949 1283 2003 λείῃ
1306 1965 1346 1989 τε
1371 1947 1571 2005 θαλασσῃ.

1029 2004 1150 2054 Atque
1164 1990 1452 2045 Friedemannus
1476 2012 1682 2046 commentt.

1030 2062 1066 2100 in
1089 2063 1413 2101 Strabon.tom.1
1440 2078 1475 2114 p.
1498 2066 1581 2106 336
1603 2069 1682 2102 not.

1027 2122 1102 2157 tres
1121 2131 1246 2156 versus
1265 2121 1478 2171 exsculpsit:

1083 2184 1328 2240 Σπαοτηθεν
1348 2187 1389 2228 δὲ
1401 2194 1572 2241 τοιταΐος
1583 2186 1683 2231 Ἀλέ-

1197 2246 1365 2296 ξανδρος
1378 2245 1595 2299 [θεοειδὴς]

1070 2296 1194 2340 Ἴλιον
1211 2300 1483 2351 εἰσαφίκανεν,
1505 2301 1613 2355 ἄγων
1623 2302 1685 2343 Ἑ-

1196 2355 1314 2406 λένην
1334 2355 1548 2411 [Ἀργείην]

1082 2407 1251 2452 Εὕαεῖ’
1222 2429 1242 2451 τ
1266 2410 1426 2466 α’νέμων
1443 2420 1580 2474 πνοιῇ,
1596 2418 1681 2473 λείῃ

1194 2484 1234 2509 τε
1256 2469 1455 2526 θαλάσση.

1083 2539 1151 2580 καὶ
1172 2556 1219 2580 τα
1241 2539 1537 2593 1(ύποιαέ’,πεα
1556 2543 1682 2596 χαιρέ-

1027 2594 1097 2647 τω]
1129 2597 1292 2649 χαιρέτω
1305 2601 1470 2648 valeant,
1482 2606 1521 2638 ut
1539 2602 1602 2648 IV,
1614 2605 1681 2650 96,

1028 2653 1089 2690 ubi
1122 2654 1339 2704 wesseling.
1377 2657 1502 2693 laudat
1536 2657 1678 2696 Platon.

1030 2709 1078 2746 de
1099 2709 1195 2759 legg.
1220 2711 1255 2748 X
1284 2725 1319 2761 p.
1336 2713 1441 2759 886,
1468 2712 1516 2750 D.
1574 2714 1679 2751 Facit

1029 2765 1100 2802 huc
1137 2780 1284 2816 quoque
1315 2766 1457 2818 ἐῤῥὲτω
1483 2771 1582 2818 apud
1609 2771 1680 2807 So-

1029 2821 1146 2871 phocl.
1169 2823 1318 2860 Philoct.
1340 2826 1447 2865 1196
1467 2825 1544 2863 coll.
1567 2826 1679 2864 Hom.

1030 2877 1073 2915 ll.
1094 2879 1198 2928 vul,
1220 2879 1312 2921 164.
1342 2880 1416 2930 ΙΧ,
1437 2882 1531 2923 377.
