1759 3324
43 1212 117 1240 Elbo
139 1212 250 1241 insula.

346 241 431 279 8⁰6

756 237 1222 278 HERODOTI

343 347 390 393 δὲ
421 347 497 405 τὴν
527 346 632 399 ὄψιν
659 347 822 403 ταύτην
851 347 989 404 λέγειν
1019 346 1176 400 αὐτὸν,
1218 346 1276 397 ὥς
1306 346 1533 403 πρόφασίν
1563 348 1606 391 οἱ

343 427 491 471 δοκέοι
523 426 687 483 ταύτην
721 427 824 478 τούς
864 427 999 479 θεούς
1029 425 1360 482 προδεικνύναι,
1403 427 1476 469 ἴνα
1507 424 1605 469 άσε-

342 505 482 562 βήσας
512 507 612 561 περὶ
649 506 700 549 τὰ
742 505 835 559 ἱρά,
883 506 1022 550 κακόν
1060 524 1102 550 τι
1129 506 1238 561 πρὸς
1277 510 1395 550 θεῶν
1432 505 1461 562 ἢ
1498 505 1607 560 πρὸς

345 584 597 639 ἀνθρώπων
641 586 796 641 λάβοι·
847 586 994 628 οὔκων
1040 586 1242 642 ποιήσειν
1289 590 1445 629 ταῦτα·
1497 582 1607 628 ἀλλὰ

341 664 425 719 γάρ
457 666 500 707 οἱ
530 662 832 720 ἐξεληλυθέναι
862 663 939 706 τὸν
970 664 1153 719 χρόνον,
1186 663 1348 708 ὁκόσον
1368 667 1606 720 κεχρῆσθαι
1619 672 1664 706 65

314 742 537 797 4ἄρξαντα
566 740 793 798 Αἰγύπτου
822 742 1097 799 ἐκχωρήσειν.
1156 742 1203 786 ἐν
1238 743 1322 799 γὰρ
1362 747 1416 800 τῇ
1448 744 1607 786 Αἰθιο-

342 824 419 878 πίῃ
450 820 565 865 ἐόντι
597 820 715 880 αὐτῷ
742 820 795 864 τὰ
829 822 1038 878 μαντήϊα,
1069 826 1183 865 τοῖσι
1211 822 1422 876 χρέωνται
1449 823 1607 866 Αἰθίο-

342 917 443 952 πες,
485 901 647 950 ἀνεῖλε,
690 898 749 951 ὥς
780 899 872 944 δέοι
912 899 1050 944 αὐτόν
1081 900 1309 956 Αἰγύπτου
1350 904 1601 957 βασιλεῦσαι

344 980 438 1024 ἔτεα
468 979 751 1036 πεντήκοντα.
793 979 851 1031 ὥς
881 975 943 1024 ὦν
971 979 993 1024 ὁ
1024 978 1183 1036 χρόνος
1213 973 1344 1031 οὗτος
1372 978 1504 1035 ἐξήϊε,
1535 981 1609 1023 καὶ

344 1056 481 1103 αὐτόν
510 1058 536 1116 ἡ
559 1058 659 1111 ὄψις
685 1064 766 1103 τοῦ
787 1060 1000 1103 ἐνυπνίου
1023 1057 1311 1113 ἐπετάρασσε,
1341 1058 1454 1102 ἑκών
1476 1057 1667 1103 (ἔπαλ-70

183 1147 284 1193 140
341 1137 543 1182 λάσσεται
573 1139 620 1183 ἐκ
649 1143 726 1196 τῆς
757 1138 983 1194 Αἰγύπτου
1015 1136 1038 1182 ὁ
1071 1140 1301 1194 Σαβακῶς.
1336 1136 1414 1189 2529
1444 1135 1488 1181 δ’
1522 1136 1609 1192 ἄρα

343 1219 542 1274 οἴχεσθαι
570 1219 648 1263 τόν
679 1220 876 1263 Αἰθίοπα
908 1218 950 1270 ἐξ
980 1217 1234 1274 Αἰγύπτου,
1274 1210 1395 1268 αὖτις
1423 1216 1502 1261 τὸν
1530 1235 1608 1261 τυ-

343 1297 459 1354 φλόν
492 1297 658 1355 ἄρχειν,
690 1297 738 1342 ἐκ
767 1302 856 1342 τῶν
886 1297 1016 1342 ἑλέων
1047 1295 1340 1352 ἀπικόμενον·
1373 1296 1482 1340 ἔνθα
1506 1313 1609 1341 πεν-

345 1376 535 1434 τήκοντα
563 1379 682 1430 ἔτεα,
710 1382 848 1434 νῆσον
876 1376 1018 1434 χώσας
1047 1377 1196 1432 σποδῷ
1225 1391 1269 1419 τε
1290 1376 1363 1419 καὶ
1383 1379 1464 1432 γῇ,
1485 1378 1609 1421 οἴκεε.

316 1455 463 1508 Ξὸκως
491 1457 576 1514 γάρ
623 1458 666 1501 οἷ
703 1460 862 1513 φοιτᾶν
892 1462 1015 1500 σῖτον
1054 1454 1238 1511 ἄγοντας
1267 1456 1519 1511 Αἰγυπτίων
1551 1455 1611 1508 ὦς

346 1535 566 1580 ἑκάστοισι
594 1535 917 1593 προστετάχθαι
946 1539 1046 1594 σιγῇ
1074 1538 1165 1593 τοῦν
1185 1536 1430 1586 Αἰθίοπος,
1460 1535 1502 1586 ἐς
1530 1536 1611 1593 τήν
1622 1543 1667 1579 75

318 1617 518 1673 3δωρεὴν
547 1615 738 1660 κελεύειν
769 1616 905 1672 σφέας
934 1616 1007 1659 καὶ
1046 1613 1212 1658 σποδὸν
1241 1615 1444 1670 κομίζειν.
1503 1614 1611 1659 ταύ-

345 1712 424 1752 την
459 1695 541 1753 τὴν
580 1699 721 1752 νῆσον
762 1694 907 1746 οὐδεὶς
947 1693 1165 1750 πρότερον
1207 1692 1430 1750 ἐδυνάσθη
1455 1692 1611 1750 Ἀμυρ-

347 1777 477 1819 ταίου
515 1775 727 1831 ἐξευρεῖν·

289 1992 374 2026 siris
394 1991 563 2032 transire‚·
597 1987 800 2026 cuiusmodi
819 2000 941 2026 exem-

290 2045 392 2096 plum
435 2046 646 2083 Herodotus
694 2044 944 2081 subministrat

293 2101 382 2149 VII,
406 2103 472 2143 39.
517 2122 564 2128 —
612 2101 685 2138 Pro
718 2099 943 2152 διαταμέειν

291 2158 393 2208 apud
412 2158 569 2207 Gregor.
587 2157 673 2193 Cor.
697 2157 744 2193 de
765 2157 848 2194 dial.
866 2157 945 2194 Ion.

292 2212 330 2265 ὃ.
353 2215 407 2255 67
429 2218 548 2251 exstat
569 2208 810 2264 διατάμνειν.

349 2328 451 2365 τοῖσι
498 2323 689 2377 χρέωνται
726 2323 943 2375 Αἰθίοπες]

295 2382 403 2419 Conf.
421 2395 532 2432 supra
552 2381 597 2425 11,
611 2383 675 2422 29.
688 2402 744 2407 -—-
762 2379 820 2417 Ad
840 2394 944 2430 seqq.

295 2438 428 2475 Creuz.
456 2438 580 2475 laudat
604 2437 738 2474 Gesen.
762 2437 811 2473 ad
839 2437 943 2473 Iesai.

296 2494 442 2542 XVIII,
474 2497 494 2535 1
526 2507 561 2544 p.
589 2494 682 2534 572.
749 2492 945 2530 Caeterum

295 2551 343 2588 ad
361 2554 612 2600 argumentum
626 2548 695 2586 loci
712 2549 865 2586 conferri
879 2562 946 2598 po-

297 2611 371 2644 test
395 2607 548 2645 Diodor.
580 2606 616 2653 I,
639 2608 715 2652 66,
748 2605 808 2654 qui
826 2606 947 2655 profe-

298 2667 356 2700 cto
398 2664 592 2700 Sabaeone
618 2661 823 2698 anarchiam
853 2662 946 2698 duos

296 2732 362 2770 per
390 2732 505 2756 annos
534 2719 646 2755 fuisse
674 2717 822 2764 scribit,
862 2718 948 2754 dein

298 2779 461 2813 secutum
490 2788 570 2813 esse
603 2774 794 2810 duodecim
820 2786 946 2822 regum

298 2831 486 2881 imperium
511 2861 521 2879 ,
579 2831 640 2879 qui
686 2829 949 2878 Labyrinthum

298 2888 538 2926 communiter
567 2886 820 2925 exstruxerint.

791 1773 899 1818 ἀλλὰ
941 1774 1035 1818 ἔτεα
1073 1773 1143 1817 ἐπὶ
1170 1772 1284 1817 πλέω
1316 1771 1346 1829 ἢ
1375 1772 1613 1817 ἑπτακόσια

1206 1988 1237 2025 C
1250 2001 1319 2039 ap.
1359 1986 1475 2025 CXL.

1066 2074 1195 2123 νῆσον
1216 2066 1347 2122 χώσας
1368 2072 1505 2126 σποδῷ
1533 2085 1575 2111 τε
1599 2069 1668 2111 καὶ

1011 2127 1080 2183 γῇ]
1101 2129 1281 2176 „Cineres
1299 2132 1403 2179 puto,
1413 2141 1591 2166 coenosae
1600 2129 1670 2166 hu·-

1012 2199 1072 2223 mo
1093 2186 1217 2231 mixti,
1238 2185 1357 2234 aptius
1376 2185 1536 2222 culturae
1553 2185 1669 2222 solum

1017 2245 1122 2279 erant
1146 2241 1365 2278 reddituri.“
1407 2240 1466 2278 Sc
1479 2241 1541 2277 lew
1553 2241 1668 2290 eigloe.

1016 2297 1075 2335 Ad
1098 2295 1150 2343 ὥς
1173 2293 1369 2335 ἑκάστοισι
1397 2298 1442 2334 cf.
1466 2297 1668 2335 Hermann.

1015 2354 1064 2391 ad
1080 2354 1204 2402 Viger.
1222 2365 1308 2403 pag.
1328 2352 1421 2393 853.

1072 2425 1163 2476 σιγῇ
1182 2424 1254 2461 τοῦ
1268 2421 1484 2473 Αἰθίοπος]
1500 2423 1523 2460 i.
1537 2437 1567 2461 e.
1579 2423 1669 2462 clam

1014 2479 1194 2528 Aethiope,
1214 2480 1323 2515 inscio
1342 2479 1517 2529 Aethiope.
1544 2481 1669 2524 Quare

1014 2535 1176 2572 Thomas
1197 2534 1297 2583 Mag.
1327 2549 1363 2585 p.
1386 2536 1467 2577 572
1496 2538 1590 2590 σιγῇ
1612 2537 1671 2574 hic

1013 2592 1102 2641 poni
1128 2596 1233 2628 notat
1262 2604 1329 2640 pro
1360 2588 1513 2646 ἀγνοίᾳ.
1544 2615 1599 2620 -
1628 2593 1670 2630 In

1015 2660 1116 2697 seqq.
1158 2660 1238 2684 cum
1271 2646 1387 2685 Gaisf.
1431 2649 1557 2685 addidi
1595 2646 1670 2699 τὴν

1015 2709 1101 2741 ante
1128 2701 1306 2755 δωρὲηυ,
1336 2705 1395 2742 ubi
1424 2705 1533 2753 vulgo
1555 2706 1669 2743 deest.

1070 2771 1310 2825 Ἀμυρταίου
1330 2773 1517 2826 ἐξευρεῖν]
1538 2776 1668 2827 Amyr-

1017 2835 1116 2867 meus
1126 2830 1330 2868 Artaxerxis
1342 2831 1561 2880 Longimani
1577 2837 1669 2871 tem-

1018 2899 1106 2938 pore
1136 2887 1230 2924 circa
1254 2886 1337 2929 458
1358 2900 1390 2925 a.
1410 2888 1497 2925 Chr.
1519 2901 1555 2926 n.
1586 2893 1671 2940 post
