1759 3324
520 230 1040 269 EUTERPE.H.
1319 234 1403 273 7⁰5

16 346 114 391 100
140 342 263 386 Μετὰ
297 341 343 384 δὲ
370 342 547 392 τοῦτον,
579 338 809 394 κατέλεγον
835 339 878 381 οἵ
907 339 1017 394 ἱρέες
1047 338 1093 382 ἐκ
1123 337 1291 395 βύβλου
1323 339 1646 414 ἅλ-65ῐῐιὶρυὲεῗνῖἱιὲἓξ
1665 355 1715 396 κιρ

1451 419 1556 454 quibus
1569 399 1726 457 miniique:

78 577 134 610 cto
149 601 159 619 ,
193 570 373 608 Amasidis
416 583 526 620 opere
544 600 554 617 ,
593 569 730 608 Noster

78 628 201 666 retulit
229 628 282 673 11,
305 630 405 671 176,
435 628 490 664 cui
512 627 608 663 adde
632 640 728 675 quae

77 684 175 734 apud
195 684 365 720 Strabon.
390 683 492 720 XVII
514 696 598 733 pag.
620 686 725 724 1161

75 739 202 778 Almel.
231 754 268 789 p.
291 742 373 781 807
398 740 557 776 casaub.
586 740 633 777 de
659 740 728 777 hoc

72 796 209 847 templo
220 796 391 844 leguntur
402 796 620 847 amplissimo
632 800 729 833 certe

74 857 111 891 et
132 853 434 902 splendidissima
480 853 590 890 Cuius
610 853 727 890 adhuc

74 910 208 947 rudera
230 910 461 946 inveniuntur
483 910 649 958 dispersa
678 910 727 946 ad

75 967 191 1003 vicum
210 966 477 1003 Mit-Rahine'h.
498 966 580 1002 Vid.
593 966 727 1002 Cham-

73 1022 162 1073 poll.
181 1022 202 1058 l.
221 1023 243 1059 l.
264 1035 350 1072 pag.
370 1022 452 1063 354
473 1035 548 1071 seq.
570 1024 652 1063 360
671 1035 725 1070 sq.

73 1079 231 1116 Roziere
253 1080 364 1115 deser.
386 1080 433 1116 de
452 1079 611 1129 l'Egypt.
632 1084 655 1116 t.
676 1078 727 1114 III

71 1149 110 1186 p.
132 1135 226 1176 452.
258 1135 332 1178 Qui
352 1135 571 1185 Heplzaestus
591 1148 619 1171 s.
640 1135 726 1172 Vul-

73 1205 182 1228 canus
221 1191 413 1229 Herodoto
453 1192 586 1228 dicitur
623 1192 725 1237 deus,

71 1249 169 1286 idem
187 1252 262 1295 est,
301 1249 363 1297 qui
392 1252 540 1285 vocatur
566 1247 723 1294 Plitkalz,

71 1305 166 1353 ignis
193 1305 263 1341 vim
289 1309 366 1341 tum
399 1317 610 1353 corpoream
646 1309 725 1341 tum

73 1360 350 1398 intellectualem
383 1360 579 1397 declarans.
654 1362 724 1398 Cui

73 1430 212 1454 summo
245 1417 315 1454 deo
341 1417 469 1454 addita
488 1416 585 1453 Isis·
599 1415 721 1463 Nemi,

70 1475 170 1511 unde
199 1473 315 1511 Osiris
341 1477 514 1522 tanquam
544 1473 619 1519 sol,
649 1474 724 1511 sive

72 1528 365 1580 Horus—Apollo
397 1534 498 1566 ortus
530 1530 722 1567 ferebatur.

72 1587 180 1623 Conf.
207 1586 282 1622 Cic.
319 1590 391 1622 nat.
423 1587 525 1624 deor.
564 1586 637 1633 ΙΙΙ,
669 1590 720 1627 21

72 1643 158 1691 ibiq.
178 1646 255 1678 not.
283 1654 367 1691 pag.
389 1641 468 1682 595
495 1646 530 1679 et
551 1642 725 1680 Creuzeri

73 1699 235 1748 Symbol.
256 1698 272 1734 I
291 1712 326 1748 p.
348 1700 428 1739 529
449 1711 525 1747 seq.

293 1782 418 1832 Cap.
462 1782 505 1819 C.

128 1862 334 1915 κατέλεγον
351 1864 392 1904 οἵ
405 1863 505 1916 ἱρέες
519 1864 558 1904 ἔκ
569 1860 722 1916 βύβλου

74 1936 109 1960 κ.
125 1936 156 1959 τ.
170 1920 217 1971 λ.]
249 1918 399 1973 βύβλον
419 1922 475 1959 hic
492 1923 579 1959 dicit
599 1922 722 1958 librum

70 1991 97 2015 s.
115 1977 272 2014 volumen
291 1991 539 2028 papyraceum.
599 1979 722 2027 Signi-

69 2034 153 2071 ficat
185 2035 280 2072 enim
320 2033 467 2086 βύβλος
502 2040 538 2073 et
564 2035 720 2072 volumen

62 2103 301 2140 papyraceum
337 2097 372 2128 et
399 2092 513 2141 ipsam
544 2091 718 2141 plantam,

67 2148 164 2184 unde
185 2146 271 2183 illud
291 2148 480 2184 conficitur
501 2162 528 2185 s.
549 2148 719 2198 Cyperum

63 2216 306 2253 papyraceum.
379 2204 494 2241 Multa
532 2205 643 2241 Beck.
680 2205 718 2242 in

68 2259 209 2308 allgem.
234 2259 456 2309 Weltgesch.
488 2260 505 2297 I
530 2273 616 2310 pag.
634 2260 716 2302 755

69 2315 146 2352 coll.
170 2319 262 2357 267.
289 2337 346 2343 —
374 2316 433 2353 Ad
463 2321 718 2366 argumentum

70 2370 137 2408 loci
146 2371 235 2409 haec
252 2377 375 2410 monet
387 2373 556 2411 Creuzer.
568 2376 716 2421 (comm.

70 2426 232 2464 Herodd.
260 2442 294 2478 p.
325 2430 448 2478 197):
480 2430 590 2478 „Qui
618 2430 716 2467 locus

70 2495 164 2519 nunc
188 2481 334 2534 Jplanius
361 2485 576 2535 intelligitur
595 2516 605 2533 ⁷
634 2490 719 2537 post

69 2543 251 2589 protracta
269 2553 311 2578 ex
329 2541 530 2592 hypogaeis
552 2542 716 2581 Thebai-

70 2595 120 2631 cis
153 2595 330 2633 volumina
363 2611 569 2648 papyracea
587 2628 598 2647 ‚
641 2612 717 2637 non

72 2650 185 2687 solum
219 2651 433 2701 imaginibus
463 2659 616 2702 ornata,
655 2669 716 2694 ve·

70 2718 149 2742 rum
164 2707 271 2745 etiam
296 2709 369 2746 late
395 2712 601 2760 patentibus
630 2713 717 2749 scri-

70 2765 199 2811 pturae
224 2764 393 2802 columnis
428 2768 582 2813 referta3
617 2770 717 2806 unde

71 2823 167 2855 recte
183 2818 314 2868 colligit
325 2822 550 2860 doctissimus
560 2824 716 2862 Iomard.

70 2872 107 2909 in
137 2874 302 2924 descript.
330 2878 376 2915 de
402 2878 495 2928 l’Eg.
516 2881 654 2930 antiqq.
682 2880 716 2918 II

129 2927 334 2970 Hsnonor.
366 2933 394 2970 I.

798 584 833 620 p.
858 568 938 611 358
968 582 1042 606 non
1067 570 1178 607 modo
1208 574 1364 609 tesseras
1398 586 1456 610 sa-

797 640 874 664 cras
889 655 899 673 ,
929 626 1016 663 ritus
1028 656 1038 673 ‚
1056 627 1323 676 disciplinarum
1345 641 1452 678 prae-

796 688 901 733 cepta
919 695 1099 720 sacrarum
1117 685 1318 734 perscripta
1338 686 1451 724 fuisse

796 740 833 776 in
851 739 917 776 illis
937 738 1190 786 voluminibus,
1207 754 1328 778 verum
1341 743 1450 779 etiam

794 796 961 833 historias
975 824 986 842 ‚
1017 800 1055 833 et
1075 809 1142 846 pro
1161 798 1349 834 annalibus
1373 811 1450 836 ma-

794 866 905 901 gnam
923 857 1065 902 partem
1094 853 1266 890 habenda
1293 868 1375 892 esse
1393 867 1450 900 ea,

795 922 889 958 quae
939 910 1070 958 papyri.
1117 909 1199 947 illae
1236 911 1450 948 habuerunt.

794 966 886 1002 Inde
903 965 1062 1015 proclive
1091 970 1146 1002 est
1170 967 1219 1002 ad
1244 966 1450 1016 intelligen-

795 1022 902 1068 dum,
934 1034 996 1059 cur
1020 1021 1207 1059 Diodorus
1233 1022 1273 1070 I,
1306 1024 1359 1064 53
1391 1037 1448 1060 res

796 1079 1012 1116 Sesostridis
1050 1078 1192 1115 uberius
1238 1084 1449 1129 persecutus

795 1136 863 1182 sit,
894 1135 1037 1172 brevius
1058 1133 1283 1172 Herodotus.
1329 1135 1448 1173 Nimi-

792 1204 872 1228 rum
891 1191 922 1228 si
940 1195 1100 1238 statuas,
1131 1204 1151 1228 e
1171 1192 1364 1228 maioribus
1383 1206 1447 1229 vo-

791 1247 984 1284 luminibus
1003 1247 1132 1284 hausta
1158 1261 1238 1285 esse
1256 1261 1320 1294 ea,
1352 1261 1447 1297 quae

791 1303 977 1341 Diodorus
996 1305 1231 1341 memorando
1247 1304 1446 1350 audiverat,

792 1373 812 1398 e
852 1360 1076 1398 brevioribus
1113 1364 1234 1397 autem
1274 1360 1446 1407 lectitata,

791 1429 885 1465 quae
925 1417 1024 1466 apud
1059 1416 1295 1454 Herodotum
1331 1417 1446 1454 relata

791 1477 893 1510 sunt:
924 1474 1060 1510 debent
1083 1473 1237 1522 proinde
1256 1474 1444 1522 utriusque

789 1530 1017 1566 narrationes
1041 1530 1179 1566 censeri
1198 1543 1218 1567 e
1238 1530 1311 1567 fide
1328 1543 1443 1566 anna-

792 1586 877 1622 lium.
897 1585 1173 1622 sacerdotalium.
1194 1585 1339 1624 Deinde
1350 1600 1445 1635 quae

792 1641 911 1679 verbis
947 1645 1094 1679 narrata
1137 1642 1308 1690 leguntur
1345 1643 1444 1692 apud

792 1703 985 1747 utrumque
1020 1698 1232 1748 scriptorem
1252 1728 1263 1745 ‚
1314 1700 1444 1736 eadem

793 1767 962 1805 prorsus,
992 1755 1046 1792 vel
1068 1767 1111 1791 ex
1132 1759 1238 1804 parte
1258 1754 1365 1792 valde
1397 1756 1444 1791 si-

793 1811 911 1857 milia,
959 1810 1166 1860 anaglypha
1202 1811 1372 1848 exhibent
1406 1812 1443 1848 in

792 1867 992 1917 parietibus
1029 1867 1248 1917 templorum
1289 1867 1446 1918 palatio-

792 1935 947 1972 rumque
973 1923 1166 1973 exsculpta.
1197 1924 1282 1966 Quo
1301 1937 1344 1961 ea
1361 1937 1444 1973 per-

789 1980 926 2027 tinent,
963 1992 1058 2029 quae
1097 1980 1135 2016 in
1169 1980 1248 2016 vico
1271 1979 1443 2017 Medina-

788 2037 876 2072 tabu
892 2037 1080 2083 visuntur,
1110 2037 1307 2085 aeneisque
1333 2037 1442 2073 tabu-

787 2091 829 2129 lis
849 2093 993 2130 reddita
1013 2097 1158 2131 exstant
1175 2093 1213 2129 in
1237 2105 1347 2142 opere
1364 2092 1442 2129 lau-

788 2149 888 2186 dato.
937 2148 996 2185 Ad
1014 2162 1058 2187 ea
1074 2150 1169 2186 conf.
1189 2161 1285 2198 quae
1302 2149 1440 2186 ibidem

785 2209 979 2242 monentur
1006 2206 1052 2243 ab
1079 2205 1280 2243 editoribus
1310 2205 1380 2242 vol.
1403 2205 1437 2242 II

784 2275 865 2311 cap.
884 2265 909 2302 9
929 2266 1014 2299 sect.
1038 2265 1059 2303 1
1079 2275 1114 2312 p.
1129 2265 1182 2303 60
1201 2274 1306 2310 seqq.
1334 2263 1440 2306 Quae

784 2317 931 2355 tabulae
951 2319 1184 2356 adhibendae
1209 2322 1294 2355 sunt
1315 2318 1438 2356 Hero-
1508 2346 1511 2349 Δ

785 2375 874 2411 doto
893 2374 928 2411 II
952 2387 1029 2425 cap.
1060 2378 1141 2416 102
1157 2376 1291 2423 seqq.“
1336 2374 1439 2412 Idem

784 2434 913 2481 postea
941 2431 980 2467 in
1007 2431 1170 2480 Symbol.
1201 2431 1253 2468 lV
1284 2432 1438 2480 praefat.

784 2500 870 2538 pag.
896 2487 983 2524 VIII
1000 2491 1077 2524 not.
1096 2491 1222 2525 monet
1241 2487 1436 2537 Aegyptiis

784 2545 896 2582 fuisse
915 2545 1073 2581 carmina
1092 2544 1195 2594 epica
1225 2557 1253 2580 s.
1273 2544 1439 2580 traditio-

782 2613 847 2638 nes
860 2629 870 2647 ,
891 2602 1088 2637 secundum
1108 2600 1337 2638 sacerdotum
1357 2613 1439 2636 suc-

785 2657 969 2694 cessiones
998 2661 1036 2695 et
1071 2657 1297 2707 pharaonum
1322 2656 1437 2704 dyna-

785 2714 872 2750 stias
890 2714 1074 2750 ordinatas
1088 2742 1098 2760 ‚
1129 2725 1218 2761 quas
1238 2713 1334 2762 ipsas
1357 2712 1435 2748 He-

783 2770 915 2806 rodoto
936 2783 980 2807 ex
999 2769 1053 2806 his
1071 2768 1303 2806 voluminibus
1322 2780 1435 2817 Papy-

784 2827 896 2862 racez‘s
931 2825 1177 2875 praelegerint
1214 2823 1433 2861 sacerdotes.

783 2881 864 2919 Nec
881 2894 1017 2919 meram
1036 2881 1222 2918 historiam
1250 2879 1320 2916 illis
1347 2891 1435 2916 con-

1103 2938 1159 2976 45
