<?xml version="1.0" encoding="UTF-8"?>
<!DOCTYPE html PUBLIC "-//W3C//DTD XHTML 1.0 Transitional//EN"
    "http://www.w3.org/TR/xhtml1/DTD/xhtml1-transitional.dtd">
<html xmlns="http://www.w3.org/1999/xhtml" xml:lang="en" lang="en">
 <head>
  <title>
</title>
<meta http-equiv="Content-Type" content="text/html;charset=utf-8" />
  <meta name='ocr-system' content='tesseract 3.04.00' />
  <meta name='ocr-capabilities' content='ocr_page ocr_carea ocr_par ocr_line ocrx_word'/>
</head>
<body>
  <div class='ocr_page' id='page_1' title='image "./musaeher01hero/musaeher01hero_0501.png"; bbox 0 0 1759 3324; ppageno 0'>
   <div class='ocr_carea' id='block_1_1' title="bbox 13 2451 35 3324">
    <p class='ocr_par' dir='ltr' id='par_1_1' title="bbox 13 2451 35 3324">
     <span class='ocr_line' id='line_1_1' title="bbox 13 2451 35 3324; baseline 0 0"><span class='ocrx_word' id='word_1_1' title='bbox 13 2451 35 3324; x_wconf 95' lang='lat' dir='ltr'><strong> </strong></span> 
     </span>
    </p>
   </div>
   <div class='ocr_carea' id='block_1_2' title="bbox 573 257 1093 299">
    <p class='ocr_par' dir='ltr' id='par_1_2' title="bbox 573 257 1093 299">
     <span class='ocr_line' id='line_1_2' title="bbox 573 257 1093 299; baseline 0 -1"><span class='ocrx_word' id='word_1_2' title='bbox 573 257 996 299; x_wconf 88' lang='lat' dir='ltr'><strong>EUTERPE.</strong></span> <span class='ocrx_word' id='word_1_3' title='bbox 1046 260 1093 298; x_wconf 91' lang='lat'><strong>11.</strong></span> 
     </span>
    </p>
   </div>
   <div class='ocr_carea' id='block_1_3' title="bbox 1369 265 1454 305">
    <p class='ocr_par' dir='ltr' id='par_1_3' title="bbox 1369 265 1454 305">
     <span class='ocr_line' id='line_1_3' title="bbox 1369 265 1454 305; baseline 0 -1"><span class='ocrx_word' id='word_1_4' title='bbox 1369 265 1454 305; x_wconf 79' lang='lat'><strong>483</strong></span> 
     </span>
    </p>
   </div>
   <div class='ocr_carea' id='block_1_4' title="bbox 193 365 1454 427">
    <p class='ocr_par' dir='ltr' id='par_1_4' title="bbox 193 365 1454 427">
     <span class='ocr_line' id='line_1_4' title="bbox 193 365 1454 427; baseline -0.002 -10"><span class='ocrx_word' id='word_1_5' title='bbox 193 387 238 417; x_wconf 86' lang='grc' dir='ltr'><strong>τε</strong></span> <span class='ocrx_word' id='word_1_6' title='bbox 266 371 339 416; x_wconf 85' lang='grc' dir='ltr'><strong>καὶ</strong></span> <span class='ocrx_word' id='word_1_7' title='bbox 365 367 590 426; x_wconf 72' lang='grc' dir='ltr'><em>ἀγάλματα</em></span> <span class='ocrx_word' id='word_1_8' title='bbox 618 369 692 412; x_wconf 83' lang='grc' dir='ltr'><strong>καὶ</strong></span> <span class='ocrx_word' id='word_1_9' title='bbox 719 365 856 425; x_wconf 73' lang='grc' dir='ltr'><strong><em>νηοὺς</em></strong></span> <span class='ocrx_word' id='word_1_10' title='bbox 881 373 1026 413; x_wconf 81' lang='grc' dir='ltr'><em>θεοῖσι</em></span> <span class='ocrx_word' id='word_1_11' title='bbox 1055 365 1287 426; x_wconf 75' lang='grc' dir='ltr'><em>ἀπονεῖμαι</em></span> <span class='ocrx_word' id='word_1_12' title='bbox 1316 370 1454 427; x_wconf 83' lang='grc' dir='ltr'><em>σφέας</em></span> 
     </span>
    </p>
   </div>
   <div class='ocr_carea' id='block_1_5' title="bbox 192 446 1508 507">
    <p class='ocr_par' dir='ltr' id='par_1_5' title="bbox 192 446 1508 507">
     <span class='ocr_line' id='line_1_5' title="bbox 192 446 1508 507; baseline -0.003 -12"><span class='ocrx_word' id='word_1_13' title='bbox 192 449 414 507; x_wconf 76' lang='grc' dir='ltr'><strong><em>πρώτους,</em></strong></span> <span class='ocrx_word' id='word_1_14' title='bbox 444 447 517 491; x_wconf 79' lang='grc' dir='ltr'><strong>καὶ</strong></span> <span class='ocrx_word' id='word_1_15' title='bbox 546 450 632 500; x_wconf 77' lang='grc' dir='ltr'><strong>ζῶα</strong></span> <span class='ocrx_word' id='word_1_16' title='bbox 661 447 709 491; x_wconf 83' lang='grc' dir='ltr'><strong>ἐν</strong></span> <span class='ocrx_word' id='word_1_17' title='bbox 736 449 902 492; x_wconf 81' lang='grc' dir='ltr'><strong><em>λίθοισι</em></strong></span> <span class='ocrx_word' id='word_1_18' title='bbox 931 446 1154 504; x_wconf 79' lang='grc' dir='ltr'><em>ἐγγλύψαι.</em></span> <span class='ocrx_word' id='word_1_19' title='bbox 1183 449 1258 492; x_wconf 80' lang='grc' dir='ltr'><strong>καὶ</strong></span> <span class='ocrx_word' id='word_1_20' title='bbox 1286 448 1453 493; x_wconf 81' lang='grc' dir='ltr'><strong>τούτων</strong></span> <span class='ocrx_word' id='word_1_21' title='bbox 1465 458 1508 492; x_wconf 91' lang='grc' dir='ltr'><strong>7ο</strong></span> 
     </span>
    </p>
   </div>
   <div class='ocr_carea' id='block_1_6' title="bbox 191 524 1449 585">
    <p class='ocr_par' dir='ltr' id='par_1_6' title="bbox 191 524 1449 585">
     <span class='ocr_line' id='line_1_6' title="bbox 191 524 1449 585; baseline -0.001 -13"><span class='ocrx_word' id='word_1_22' title='bbox 191 530 271 585; x_wconf 84' lang='grc' dir='ltr'><strong>μέν</strong></span> <span class='ocrx_word' id='word_1_23' title='bbox 311 543 394 571; x_wconf 85' lang='grc' dir='ltr'><strong>νυν</strong></span> <span class='ocrx_word' id='word_1_24' title='bbox 441 524 495 570; x_wconf 76' lang='grc' dir='ltr'><strong>τοὶ</strong></span> <span class='ocrx_word' id='word_1_25' title='bbox 531 525 645 570; x_wconf 81' lang='grc' dir='ltr'><strong><em>πλέω</em></strong></span> <span class='ocrx_word' id='word_1_26' title='bbox 686 526 797 585; x_wconf 75' lang='grc' dir='ltr'><em>ἔργῳ</em></span> <span class='ocrx_word' id='word_1_27' title='bbox 838 525 1022 585; x_wconf 79' lang='grc' dir='ltr'><em>ἐδήλουν</em></span> <span class='ocrx_word' id='word_1_28' title='bbox 1069 526 1186 572; x_wconf 78' lang='grc' dir='ltr'><strong><em>οὕτω</em></strong></span> <span class='ocrx_word' id='word_1_29' title='bbox 1225 525 1449 584; x_wconf 84' lang='grc' dir='ltr'><em>γενόμενα.</em></span> 
     </span>
    </p>
   </div>
   <div class='ocr_carea' id='block_1_7' title="bbox 160 604 1451 664">
    <p class='ocr_par' dir='ltr' id='par_1_7' title="bbox 160 604 1451 664">
     <span class='ocr_line' id='line_1_7' title="bbox 160 604 1451 664; baseline 0.002 -15"><span class='ocrx_word' id='word_1_30' title='bbox 160 608 454 651; x_wconf 77' lang='grc' dir='ltr'><em>6Βασιλεῦσαι</em></span> <span class='ocrx_word' id='word_1_31' title='bbox 484 606 530 650; x_wconf 79' lang='grc' dir='ltr'><strong>δὲ</strong></span> <span class='ocrx_word' id='word_1_32' title='bbox 558 609 736 662; x_wconf 80' lang='grc' dir='ltr'><em>πρῶτον</em></span> <span class='ocrx_word' id='word_1_33' title='bbox 763 604 992 663; x_wconf 81' lang='grc' dir='ltr'><em>Αἰγύπτου</em></span> <span class='ocrx_word' id='word_1_34' title='bbox 1022 606 1272 663; x_wconf 77' lang='grc' dir='ltr'><em>ἀνθρώπων</em></span> <span class='ocrx_word' id='word_1_35' title='bbox 1304 607 1451 664; x_wconf 74' lang='grc' dir='ltr'><em>ἔλεγον</em></span> 
     </span>
    </p>
   </div>
   <div class='ocr_carea' id='block_1_8' title="bbox 159 683 1447 744">
    <p class='ocr_par' dir='ltr' id='par_1_8' title="bbox 159 683 1447 744">
     <span class='ocr_line' id='line_1_8' title="bbox 159 683 1447 744; baseline 0.002 -16"><span class='ocrx_word' id='word_1_36' title='bbox 159 694 182 728; x_wconf 91' lang='grc'><strong>7</strong></span> <span class='ocrx_word' id='word_1_37' title='bbox 191 689 340 742; x_wconf 73' lang='grc' dir='ltr'><em>Μήνα.</em></span> <span class='ocrx_word' id='word_1_38' title='bbox 367 683 438 729; x_wconf 83' lang='grc' dir='ltr'><strong>ἐπὶ</strong></span> <span class='ocrx_word' id='word_1_39' title='bbox 465 684 649 739; x_wconf 79' lang='grc' dir='ltr'><strong>τούτου,</strong></span> <span class='ocrx_word' id='word_1_40' title='bbox 680 685 794 743; x_wconf 85' lang='grc' dir='ltr'><strong><em>πλὴν</em></strong></span> <span class='ocrx_word' id='word_1_41' title='bbox 822 690 904 731; x_wconf 79' lang='grc' dir='ltr'><strong>τοῦ</strong></span> <span class='ocrx_word' id='word_1_42' title='bbox 926 690 1149 744; x_wconf 84' lang='grc' dir='ltr'><strong><em>Θηβαϊκοῦ</em></strong></span> <span class='ocrx_word' id='word_1_43' title='bbox 1177 690 1336 744; x_wconf 84' lang='grc' dir='ltr'><strong><em>νομοῦ,</em></strong></span> <span class='ocrx_word' id='word_1_44' title='bbox 1363 690 1447 731; x_wconf 84' lang='grc' dir='ltr'><strong>πᾶ-</strong></span> 
     </span>
    </p>
   </div>
   <div class='ocr_carea' id='block_1_9' title="bbox 130 807 405 814">
    <p class='ocr_par' dir='ltr' id='par_1_9' title="bbox 130 807 405 814">
     <span class='ocr_line' id='line_1_9' title="bbox 130 807 405 814; baseline 0 2510"><span class='ocrx_word' id='word_1_45' title='bbox 130 807 405 814; x_wconf 95' lang='lat' dir='ltr'><strong> </strong></span> 
     </span>
    </p>
   </div>
   <div class='ocr_carea' id='block_1_10' title="bbox 117 876 786 2960">
    <p class='ocr_par' dir='ltr' id='par_1_10' title="bbox 117 876 786 2342">
     <span class='ocr_line' id='line_1_10' title="bbox 184 876 785 934; baseline 0 -13"><span class='ocrx_word' id='word_1_46' title='bbox 184 879 254 922; x_wconf 82' lang='grc' dir='ltr'><strong>καὶ</strong></span> <span class='ocrx_word' id='word_1_47' title='bbox 286 882 369 930; x_wconf 71' lang='grc' dir='ltr'><strong>ζῶα</strong></span> <span class='ocrx_word' id='word_1_48' title='bbox 395 879 439 922; x_wconf 76' lang='grc' dir='ltr'><strong>ἐν</strong></span> <span class='ocrx_word' id='word_1_49' title='bbox 466 880 619 922; x_wconf 83' lang='grc' dir='ltr'><strong><em>λίθοισι</em></strong></span> <span class='ocrx_word' id='word_1_50' title='bbox 649 876 785 934; x_wconf 74' lang='grc' dir='ltr'><em>ἐγγλύ-</em></span> 
     </span>
     <span class='ocr_line' id='line_1_11' title="bbox 127 936 786 990; baseline -0.003 -12"><span class='ocrx_word' id='word_1_51' title='bbox 127 936 233 990; x_wconf 81' lang='grc' dir='ltr'><strong>ψαι]</strong></span> <span class='ocrx_word' id='word_1_52' title='bbox 264 939 344 987; x_wconf 62' lang='lat' dir='ltr'><strong>§cia</strong></span> <span class='ocrx_word' id='word_1_53' title='bbox 361 951 449 977; x_wconf 85' lang='lat' dir='ltr'><strong>cave</strong></span> <span class='ocrx_word' id='word_1_54' title='bbox 462 939 590 977; x_wconf 83' lang='lat' dir='ltr'><strong>credas</strong></span> <span class='ocrx_word' id='word_1_55' title='bbox 612 939 786 977; x_wconf 80' lang='lat' dir='ltr'><strong>animalia</strong></span> 
     </span>
     <span class='ocr_line' id='line_1_12' title="bbox 127 995 784 1046; baseline 0 -12"><span class='ocrx_word' id='word_1_56' title='bbox 127 1008 223 1034; x_wconf 80' lang='lat' dir='ltr'><strong>esse.</strong></span> <span class='ocrx_word' id='word_1_57' title='bbox 281 995 375 1033; x_wconf 89' lang='lat' dir='ltr'><strong>Sunt</strong></span> <span class='ocrx_word' id='word_1_58' title='bbox 401 996 496 1033; x_wconf 90' lang='lat' dir='ltr'><strong>enim</strong></span> <span class='ocrx_word' id='word_1_59' title='bbox 521 996 668 1046; x_wconf 85' lang='lat' dir='ltr'><strong>quaevis</strong></span> <span class='ocrx_word' id='word_1_60' title='bbox 691 998 784 1034; x_wconf 84' lang='lat' dir='ltr'><em>z&#39;ma-</em></span> 
     </span>
     <span class='ocr_line' id='line_1_13' title="bbox 126 1052 780 1104; baseline 0.002 -15"><span class='ocrx_word' id='word_1_61' title='bbox 126 1053 250 1101; x_wconf 71' lang='lat' dir='ltr'><strong>gine-5,</strong></span> <span class='ocrx_word' id='word_1_62' title='bbox 271 1053 437 1103; x_wconf 77' lang='lat' dir='ltr'><strong>figurae,</strong></span> <span class='ocrx_word' id='word_1_63' title='bbox 465 1065 555 1102; x_wconf 86' lang='lat' dir='ltr'><strong>quas</strong></span> <span class='ocrx_word' id='word_1_64' title='bbox 585 1054 623 1089; x_wconf 92' lang='lat' dir='ltr'><strong>in</strong></span> <span class='ocrx_word' id='word_1_65' title='bbox 641 1052 780 1104; x_wconf 88' lang='lat' dir='ltr'><strong>lapides</strong></span> 
     </span>
     <span class='ocr_line' id='line_1_14' title="bbox 128 1109 781 1158; baseline 0.003 -13"><span class='ocrx_word' id='word_1_66' title='bbox 128 1109 286 1146; x_wconf 83' lang='lat' dir='ltr'><strong>incidere</strong></span> <span class='ocrx_word' id='word_1_67' title='bbox 304 1109 463 1146; x_wconf 85' lang='lat' dir='ltr'><strong>omnium</strong></span> <span class='ocrx_word' id='word_1_68' title='bbox 477 1109 582 1158; x_wconf 83' lang='lat' dir='ltr'><strong>primi</strong></span> <span class='ocrx_word' id='word_1_69' title='bbox 601 1109 781 1147; x_wconf 80' lang='lat' dir='ltr'><strong>invenisse</strong></span> 
     </span>
     <span class='ocr_line' id='line_1_15' title="bbox 129 1163 780 1215; baseline 0.003 -14"><span class='ocrx_word' id='word_1_70' title='bbox 129 1164 298 1202; x_wconf 87' lang='lat' dir='ltr'><strong>dicuntur</strong></span> <span class='ocrx_word' id='word_1_71' title='bbox 326 1163 508 1215; x_wconf 80' lang='lat' dir='ltr'><strong>Aegyptii.</strong></span> <span class='ocrx_word' id='word_1_72' title='bbox 575 1164 704 1215; x_wconf 84' lang='lat' dir='ltr'><strong>Itaque</strong></span> <span class='ocrx_word' id='word_1_73' title='bbox 731 1165 780 1203; x_wconf 88' lang='lat' dir='ltr'><strong>ad</strong></span> 
     </span>
     <span class='ocr_line' id='line_1_16' title="bbox 129 1220 780 1272; baseline 0.002 -14"><span class='ocrx_word' id='word_1_74' title='bbox 129 1220 409 1271; x_wconf 70' lang='lat' dir='ltr'><em>hieroglyphicas</em></span> <span class='ocrx_word' id='word_1_75' title='bbox 433 1224 534 1258; x_wconf 80' lang='lat' dir='ltr'><strong>notas</strong></span> <span class='ocrx_word' id='word_1_76' title='bbox 552 1221 643 1259; x_wconf 87' lang='lat' dir='ltr'><strong>haec</strong></span> <span class='ocrx_word' id='word_1_77' title='bbox 665 1222 780 1272; x_wconf 89' lang='lat' dir='ltr'><strong>potis-</strong></span> 
     </span>
     <span class='ocr_line' id='line_1_17' title="bbox 127 1277 777 1326; baseline 0.002 -12"><span class='ocrx_word' id='word_1_78' title='bbox 127 1278 257 1315; x_wconf 83' lang='lat' dir='ltr'><strong>simum</strong></span> <span class='ocrx_word' id='word_1_79' title='bbox 278 1278 479 1316; x_wconf 84' lang='lat' dir='ltr'><strong>referenda.</strong></span> <span class='ocrx_word' id='word_1_80' title='bbox 537 1277 646 1315; x_wconf 84' lang='lat' dir='ltr'><strong>Conf.</strong></span> <span class='ocrx_word' id='word_1_81' title='bbox 663 1278 694 1326; x_wconf 89' lang='lat' dir='ltr'><strong>I,</strong></span> <span class='ocrx_word' id='word_1_82' title='bbox 710 1281 777 1319; x_wconf 75' lang='grc'><strong>70.</strong></span> 
     </span>
     <span class='ocr_line' id='line_1_18' title="bbox 130 1333 778 1383; baseline 0.002 -12"><span class='ocrx_word' id='word_1_83' title='bbox 130 1336 225 1376; x_wconf 82' lang='grc'><strong>203.</strong></span> <span class='ocrx_word' id='word_1_84' title='bbox 256 1333 310 1381; x_wconf 84' lang='grc' dir='ltr'><strong>Π,</strong></span> <span class='ocrx_word' id='word_1_85' title='bbox 334 1333 424 1376; x_wconf 78' lang='grc'><strong>124.</strong></span> <span class='ocrx_word' id='word_1_86' title='bbox 449 1333 528 1376; x_wconf 82' lang='grc'><strong>148</strong></span> <span class='ocrx_word' id='word_1_87' title='bbox 549 1334 610 1371; x_wconf 87' lang='lat' dir='ltr'><strong>fin.</strong></span> <span class='ocrx_word' id='word_1_88' title='bbox 629 1338 667 1372; x_wconf 90' lang='lat' dir='ltr'><strong>et</strong></span> <span class='ocrx_word' id='word_1_89' title='bbox 683 1346 778 1383; x_wconf 89' lang='lat' dir='ltr'><strong>quae</strong></span> 
     </span>
     <span class='ocr_line' id='line_1_19' title="bbox 124 1389 776 1428; baseline -0.002 -1"><span class='ocrx_word' id='word_1_90' title='bbox 124 1390 285 1428; x_wconf 85' lang='lat' dir='ltr'><strong>laudavit</strong></span> <span class='ocrx_word' id='word_1_91' title='bbox 298 1389 471 1428; x_wconf 86' lang='lat' dir='ltr'><strong>Creuzer.</strong></span> <span class='ocrx_word' id='word_1_92' title='bbox 481 1390 517 1427; x_wconf 91' lang='lat' dir='ltr'><strong>in</strong></span> <span class='ocrx_word' id='word_1_93' title='bbox 528 1389 671 1427; x_wconf 88' lang='lat' dir='ltr'><strong>Annall.</strong></span> <span class='ocrx_word' id='word_1_94' title='bbox 685 1390 776 1428; x_wconf 89' lang='lat' dir='ltr'><strong>Hei-</strong></span> 
     </span>
     <span class='ocr_line' id='line_1_20' title="bbox 125 1446 774 1498; baseline 0.006 -14"><span class='ocrx_word' id='word_1_95' title='bbox 125 1446 316 1495; x_wconf 80' lang='lat' dir='ltr'><strong>delbergg.</strong></span> <span class='ocrx_word' id='word_1_96' title='bbox 345 1447 452 1488; x_wconf 81' lang='lat'>1823</span> <span class='ocrx_word' id='word_1_97' title='bbox 471 1459 525 1484; x_wconf 91' lang='lat' dir='ltr'><strong>nr.</strong></span> <span class='ocrx_word' id='word_1_98' title='bbox 541 1449 591 1487; x_wconf 91' lang='lat'><strong>10</strong></span> <span class='ocrx_word' id='word_1_99' title='bbox 621 1461 658 1498; x_wconf 88' lang='lat' dir='ltr'><strong>p·</strong></span> <span class='ocrx_word' id='word_1_100' title='bbox 683 1446 774 1488; x_wconf 87' lang='lat'>153.</span> 
     </span>
     <span class='ocr_line' id='line_1_21' title="bbox 123 1501 775 1554; baseline 0.006 -14"><span class='ocrx_word' id='word_1_101' title='bbox 123 1501 220 1540; x_wconf 87' lang='lat' dir='ltr'><strong>Add.</strong></span> <span class='ocrx_word' id='word_1_102' title='bbox 246 1502 347 1540; x_wconf 83' lang='lat' dir='ltr'><strong>Rose</strong></span> <span class='ocrx_word' id='word_1_103' title='bbox 374 1502 557 1554; x_wconf 83' lang='lat' dir='ltr'><strong>Inscriptt.</strong></span> <span class='ocrx_word' id='word_1_104' title='bbox 585 1516 671 1554; x_wconf 83' lang='lat' dir='ltr'><strong>pag</strong></span> <span class='ocrx_word' id='word_1_105' title='bbox 695 1504 775 1544; x_wconf 89' lang='lat'><strong>188</strong></span> 
     </span>
     <span class='ocr_line' id='line_1_22' title="bbox 120 1558 777 1598; baseline -0.002 -1"><span class='ocrx_word' id='word_1_106' title='bbox 120 1563 162 1597; x_wconf 80' lang='lat' dir='ltr'><strong>et</strong></span> <span class='ocrx_word' id='word_1_107' title='bbox 189 1558 377 1597; x_wconf 83' lang='lat' dir='ltr'><strong>Letronne</strong></span> <span class='ocrx_word' id='word_1_108' title='bbox 400 1558 626 1598; x_wconf 87' lang='lat' dir='ltr'><strong>Recherches</strong></span> <span class='ocrx_word' id='word_1_109' title='bbox 655 1573 684 1597; x_wconf 91' lang='lat' dir='ltr'><strong>s.</strong></span> <span class='ocrx_word' id='word_1_110' title='bbox 701 1558 777 1596; x_wconf 72' lang='lat' dir='ltr'><strong>PE-</strong></span> 
     </span>
     <span class='ocr_line' id='line_1_23' title="bbox 123 1614 776 1668; baseline 0.003 -16"><span class='ocrx_word' id='word_1_111' title='bbox 123 1620 228 1666; x_wconf 81' lang='lat' dir='ltr'><strong>gy.pt</strong></span> <span class='ocrx_word' id='word_1_112' title='bbox 248 1628 334 1666; x_wconf 84' lang='lat' dir='ltr'><strong>pag.</strong></span> <span class='ocrx_word' id='word_1_113' title='bbox 352 1614 457 1664; x_wconf 84' lang='lat'><strong>455,</strong></span> <span class='ocrx_word' id='word_1_114' title='bbox 486 1616 549 1666; x_wconf 89' lang='lat' dir='ltr'><strong>qui</strong></span> <span class='ocrx_word' id='word_1_115' title='bbox 572 1615 776 1668; x_wconf 82' lang='grc' dir='ltr'><em>ζωγραφία</em></span> 
     </span>
     <span class='ocr_line' id='line_1_24' title="bbox 122 1667 775 1723; baseline 0 -14"><span class='ocrx_word' id='word_1_116' title='bbox 122 1676 163 1709; x_wconf 86' lang='lat' dir='ltr'><strong>et</strong></span> <span class='ocrx_word' id='word_1_117' title='bbox 187 1672 267 1719; x_wconf 76' lang='grc' dir='ltr'><strong>ζῶα</strong></span> <span class='ocrx_word' id='word_1_118' title='bbox 293 1667 465 1723; x_wconf 73' lang='grc' dir='ltr'><em>γράφειν</em></span> <span class='ocrx_word' id='word_1_119' title='bbox 494 1673 543 1710; x_wconf 88' lang='lat' dir='ltr'><strong>ad</strong></span> <span class='ocrx_word' id='word_1_120' title='bbox 585 1673 625 1713; x_wconf 86' lang='lat' dir='ltr'><strong>id</strong></span> <span class='ocrx_word' id='word_1_121' title='bbox 652 1674 775 1720; x_wconf 91' lang='lat' dir='ltr'><strong>refert,</strong></span> 
     </span>
     <span class='ocr_line' id='line_1_25' title="bbox 123 1727 776 1779; baseline 0.002 -15"><span class='ocrx_word' id='word_1_122' title='bbox 123 1728 224 1777; x_wconf 92' lang='lat' dir='ltr'><strong>quod</strong></span> <span class='ocrx_word' id='word_1_123' title='bbox 251 1727 366 1765; x_wconf 87' lang='lat' dir='ltr'><strong>Gallis</strong></span> <span class='ocrx_word' id='word_1_124' title='bbox 403 1728 552 1767; x_wconf 81' lang='lat' dir='ltr'><strong>dicitur:</strong></span> <span class='ocrx_word' id='word_1_125' title='bbox 598 1728 776 1779; x_wconf 71' lang='lat' dir='ltr'><strong>„peindre</strong></span> 
     </span>
     <span class='ocr_line' id='line_1_26' title="bbox 125 1783 775 1834; baseline 0.005 -14"><span class='ocrx_word' id='word_1_126' title='bbox 125 1783 174 1821; x_wconf 71' lang='lat' dir='ltr'><strong>les</strong></span> <span class='ocrx_word' id='word_1_127' title='bbox 193 1784 403 1834; x_wconf 71' lang='lat' dir='ltr'><strong>sculpturas,</strong></span> <span class='ocrx_word' id='word_1_128' title='bbox 432 1784 519 1822; x_wconf 88' lang='lat' dir='ltr'><strong>c’est</strong></span> <span class='ocrx_word' id='word_1_129' title='bbox 545 1786 567 1823; x_wconf 74' lang='lat' dir='ltr'><strong>a</strong></span> <span class='ocrx_word' id='word_1_130' title='bbox 592 1786 672 1824; x_wconf 88' lang='lat' dir='ltr'><strong>dire</strong></span> <span class='ocrx_word' id='word_1_131' title='bbox 699 1784 775 1823; x_wconf 72' lang='grc' dir='ltr'><strong>(Γέ-</strong></span> 
     </span>
     <span class='ocr_line' id='line_1_27' title="bbox 121 1841 773 1891; baseline 0.002 -13"><span class='ocrx_word' id='word_1_132' title='bbox 121 1841 254 1878; x_wconf 78' lang='lat' dir='ltr'><strong>tendre</strong></span> <span class='ocrx_word' id='word_1_133' title='bbox 273 1853 333 1878; x_wconf 91' lang='lat' dir='ltr'><strong>sur</strong></span> <span class='ocrx_word' id='word_1_134' title='bbox 355 1845 475 1879; x_wconf 84' lang='lat' dir='ltr'><strong>tontes</strong></span> <span class='ocrx_word' id='word_1_135' title='bbox 494 1841 546 1879; x_wconf 90' lang='lat' dir='ltr'><strong>les</strong></span> <span class='ocrx_word' id='word_1_136' title='bbox 559 1841 695 1891; x_wconf 84' lang='lat' dir='ltr'><strong>figures</strong></span> <span class='ocrx_word' id='word_1_137' title='bbox 713 1855 773 1879; x_wconf 91' lang='lat' dir='ltr'><strong>ces</strong></span> 
     </span>
     <span class='ocr_line' id='line_1_28' title="bbox 121 1896 775 1946; baseline 0.002 -12"><span class='ocrx_word' id='word_1_138' title='bbox 121 1896 285 1935; x_wconf 77' lang='lat' dir='ltr'><strong>couleurs</strong></span> <span class='ocrx_word' id='word_1_139' title='bbox 306 1897 444 1936; x_wconf 62' lang='lat' dir='ltr'><strong>variees</strong></span> <span class='ocrx_word' id='word_1_140' title='bbox 471 1901 508 1936; x_wconf 91' lang='lat' dir='ltr'><strong>et</strong></span> <span class='ocrx_word' id='word_1_141' title='bbox 535 1898 655 1946; x_wconf 84' lang='lat' dir='ltr'><strong>vives,</strong></span> <span class='ocrx_word' id='word_1_142' title='bbox 684 1898 775 1935; x_wconf 87' lang='lat' dir='ltr'><strong>dont</strong></span> 
     </span>
     <span class='ocr_line' id='line_1_29' title="bbox 121 1952 772 1992; baseline 0.003 -2"><span class='ocrx_word' id='word_1_143' title='bbox 121 1952 238 1991; x_wconf 78' lang='lat' dir='ltr'><strong>l’eclat</strong></span> <span class='ocrx_word' id='word_1_144' title='bbox 267 1967 283 1991; x_wconf 91' lang='lat' dir='ltr'><strong>s</strong></span> <span class='ocrx_word' id='word_1_145' title='bbox 287 1952 354 1992; x_wconf 90' lang='lat' dir='ltr'><strong>’est</strong></span> <span class='ocrx_word' id='word_1_146' title='bbox 383 1955 556 1992; x_wconf 76' lang='lat' dir='ltr'><strong>conserve</strong></span> <span class='ocrx_word' id='word_1_147' title='bbox 585 1969 607 1992; x_wconf 86' lang='lat' dir='ltr'><strong>a</strong></span> <span class='ocrx_word' id='word_1_148' title='bbox 634 1958 772 1992; x_wconf 88' lang='lat' dir='ltr'><strong>travers</strong></span> 
     </span>
     <span class='ocr_line' id='line_1_30' title="bbox 119 2007 774 2063; baseline 0.003 -16"><span class='ocrx_word' id='word_1_149' title='bbox 119 2009 173 2047; x_wconf 86' lang='lat' dir='ltr'><strong>les</strong></span> <span class='ocrx_word' id='word_1_150' title='bbox 204 2009 341 2048; x_wconf 79' lang='lat' dir='ltr'><strong>siecles.</strong></span> <span class='ocrx_word' id='word_1_151' title='bbox 343 2010 368 2030; x_wconf 91' lang='lat'><strong>“</strong></span> <span class='ocrx_word' id='word_1_152' title='bbox 423 2010 547 2048; x_wconf 85' lang='lat' dir='ltr'><strong>Verba</strong></span> <span class='ocrx_word' id='word_1_153' title='bbox 570 2007 706 2063; x_wconf 79' lang='grc' dir='ltr'><em>γλυφη</em></span> <span class='ocrx_word' id='word_1_154' title='bbox 736 2015 774 2050; x_wconf 84' lang='lat' dir='ltr'><strong>et</strong></span> 
     </span>
     <span class='ocr_line' id='line_1_31' title="bbox 119 2060 773 2120; baseline -0.002 -15"><span class='ocrx_word' id='word_1_155' title='bbox 119 2060 334 2120; x_wconf 77' lang='grc' dir='ltr'><em>οἷναγλυφη</em></span> <span class='ocrx_word' id='word_1_156' title='bbox 359 2066 408 2104; x_wconf 90' lang='lat' dir='ltr'><strong>ad</strong></span> <span class='ocrx_word' id='word_1_157' title='bbox 435 2079 479 2105; x_wconf 91' lang='lat' dir='ltr'><strong>ea</strong></span> <span class='ocrx_word' id='word_1_158' title='bbox 506 2068 641 2116; x_wconf 84' lang='lat' dir='ltr'><strong>refert,</strong></span> <span class='ocrx_word' id='word_1_159' title='bbox 678 2080 773 2117; x_wconf 84' lang='lat' dir='ltr'><strong>quae</strong></span> 
     </span>
     <span class='ocr_line' id='line_1_32' title="bbox 119 2122 775 2174; baseline 0 -14"><span class='ocrx_word' id='word_1_160' title='bbox 119 2122 230 2172; x_wconf 82' lang='lat' dir='ltr'><strong>vulgo</strong></span> <span class='ocrx_word' id='word_1_161' title='bbox 277 2123 444 2161; x_wconf 85' lang='lat' dir='ltr'><strong>dicuntur</strong></span> <span class='ocrx_word' id='word_1_162' title='bbox 488 2122 567 2161; x_wconf 81' lang='lat' dir='ltr'><strong>Bas</strong></span> <span class='ocrx_word' id='word_1_163' title='bbox 594 2145 613 2152; x_wconf 92' lang='lat'>-</span> <span class='ocrx_word' id='word_1_164' title='bbox 641 2123 775 2174; x_wconf 71' lang='lat' dir='ltr'><strong>reltefs,</strong></span> 
     </span>
     <span class='ocr_line' id='line_1_33' title="bbox 119 2179 774 2230; baseline 0.003 -14"><span class='ocrx_word' id='word_1_165' title='bbox 119 2179 308 2230; x_wconf 82' lang='lat' dir='ltr'><strong>aptissima</strong></span> <span class='ocrx_word' id='word_1_166' title='bbox 340 2179 475 2218; x_wconf 85' lang='lat' dir='ltr'><strong>scilicet</strong></span> <span class='ocrx_word' id='word_1_167' title='bbox 509 2180 687 2218; x_wconf 89' lang='lat' dir='ltr'><strong>vocabula</strong></span> <span class='ocrx_word' id='word_1_168' title='bbox 725 2180 774 2218; x_wconf 85' lang='lat' dir='ltr'><strong>ad</strong></span> 
     </span>
     <span class='ocr_line' id='line_1_34' title="bbox 119 2235 776 2288; baseline 0.003 -15"><span class='ocrx_word' id='word_1_169' title='bbox 119 2235 322 2274; x_wconf 82' lang='lat' dir='ltr'>istiusmodi</span> <span class='ocrx_word' id='word_1_170' title='bbox 349 2235 552 2286; x_wconf 82' lang='lat' dir='ltr'><strong>sculpturas</strong></span> <span class='ocrx_word' id='word_1_171' title='bbox 573 2236 776 2288; x_wconf 84' lang='lat' dir='ltr'><strong>Aegyptia-</strong></span> 
     </span>
     <span class='ocr_line' id='line_1_35' title="bbox 117 2292 469 2342; baseline -0.003 -12"><span class='ocrx_word' id='word_1_172' title='bbox 117 2305 180 2330; x_wconf 69' lang='grc' dir='ltr'><strong>ωε</strong></span> <span class='ocrx_word' id='word_1_173' title='bbox 209 2292 469 2342; x_wconf 84' lang='lat' dir='ltr'><strong>designandas.</strong></span> 
     </span>
    </p>

    <p class='ocr_par' dir='ltr' id='par_1_11' title="bbox 120 2346 773 2960">
     <span class='ocr_line' id='line_1_36' title="bbox 159 2346 773 2417; baseline -0.002 -28.97"><span class='ocrx_word' id='word_1_174' title='bbox 159 2348 408 2417; x_wconf 78' lang='grc' dir='ltr'><em>βασιλεῦσαι</em></span> <span class='ocrx_word' id='word_1_175' title='bbox 434 2346 478 2389; x_wconf 80' lang='grc' dir='ltr'><strong>δὲ</strong></span> <span class='ocrx_word' id='word_1_176' title='bbox 513 2349 672 2401; x_wconf 72' lang='grc' dir='ltr'><em>πρῶτον</em></span> <span class='ocrx_word' id='word_1_177' title='bbox 700 2346 773 2387; x_wconf 70' lang='lat' dir='ltr'><strong>Al-</strong></span> 
     </span>
     <span class='ocr_line' id='line_1_37' title="bbox 120 2398 772 2458; baseline 0.003 -15"><span class='ocrx_word' id='word_1_178' title='bbox 120 2398 274 2456; x_wconf 75' lang='grc' dir='ltr'><strong>γῦπτου</strong></span> <span class='ocrx_word' id='word_1_179' title='bbox 342 2400 570 2458; x_wconf 69' lang='grc' dir='ltr'><em>ἅνθρωπων</em></span> <span class='ocrx_word' id='word_1_180' title='bbox 638 2403 772 2456; x_wconf 73' lang='grc' dir='ltr'><em>ἔλεγον</em></span> 
     </span>
     <span class='ocr_line' id='line_1_38' title="bbox 123 2459 771 2513; baseline -0.002 -14"><span class='ocrx_word' id='word_1_181' title='bbox 123 2462 215 2499; x_wconf 90' lang='lat' dir='ltr'><em>M</em></span> <span class='ocrx_word' id='word_1_182' title='bbox 186 2477 211 2513; x_wconf 76' lang='grc' dir='ltr'><em>η</em></span> <span class='ocrx_word' id='word_1_183' title='bbox 225 2476 249 2501; x_wconf 84' lang='grc' dir='ltr'><strong><em>ν</em></strong></span> <span class='ocrx_word' id='word_1_184' title='bbox 261 2459 307 2513; x_wconf 87' lang='grc' dir='ltr'><strong>α]</strong></span> <span class='ocrx_word' id='word_1_185' title='bbox 329 2461 524 2500; x_wconf 88' lang='lat' dir='ltr'><strong>Consentit</strong></span> <span class='ocrx_word' id='word_1_186' title='bbox 539 2461 724 2500; x_wconf 80' lang='lat' dir='ltr'><strong>Diodorus</strong></span> <span class='ocrx_word' id='word_1_187' title='bbox 741 2461 771 2510; x_wconf 94' lang='lat' dir='ltr'><strong>I,</strong></span> 
     </span>
     <span class='ocr_line' id='line_1_39' title="bbox 124 2515 772 2569; baseline -0.002 -12"><span class='ocrx_word' id='word_1_188' title='bbox 124 2515 178 2557; x_wconf 84' lang='lat'><strong>45</strong></span> <span class='ocrx_word' id='word_1_189' title='bbox 207 2518 284 2557; x_wconf 85' lang='lat' dir='ltr'><strong>init.</strong></span> <span class='ocrx_word' id='word_1_190' title='bbox 308 2531 480 2557; x_wconf 83' lang='lat' dir='ltr'><strong>enarrans</strong></span> <span class='ocrx_word' id='word_1_191' title='bbox 506 2518 655 2556; x_wconf 88' lang='lat' dir='ltr'><strong>Menem</strong></span> <span class='ocrx_word' id='word_1_192' title='bbox 684 2522 772 2569; x_wconf 91' lang='lat' dir='ltr'><strong>post</strong></span> 
     </span>
     <span class='ocr_line' id='line_1_40' title="bbox 124 2572 770 2626; baseline 0.005 -17"><span class='ocrx_word' id='word_1_193' title='bbox 124 2572 213 2610; x_wconf 89' lang='lat' dir='ltr'><strong>deos</strong></span> <span class='ocrx_word' id='word_1_194' title='bbox 231 2574 289 2622; x_wconf 86' lang='lat' dir='ltr'><strong>(ut</strong></span> <span class='ocrx_word' id='word_1_195' title='bbox 307 2576 424 2624; x_wconf 89' lang='lat' dir='ltr'><strong>aiunt)</strong></span> <span class='ocrx_word' id='word_1_196' title='bbox 443 2575 597 2626; x_wconf 88' lang='lat' dir='ltr'><strong>primum</strong></span> <span class='ocrx_word' id='word_1_197' title='bbox 609 2574 770 2626; x_wconf 86' lang='lat' dir='ltr'><strong>Aegypti</strong></span> 
     </span>
     <span class='ocr_line' id='line_1_41' title="bbox 123 2630 767 2681; baseline 0.008 -17"><span class='ocrx_word' id='word_1_198' title='bbox 123 2640 248 2678; x_wconf 85' lang='lat' dir='ltr'><strong>regem</strong></span> <span class='ocrx_word' id='word_1_199' title='bbox 263 2630 395 2680; x_wconf 86' lang='lat' dir='ltr'><strong>fuisse,</strong></span> <span class='ocrx_word' id='word_1_200' title='bbox 425 2632 655 2681; x_wconf 84' lang='lat' dir='ltr'><strong>eundemque</strong></span> <span class='ocrx_word' id='word_1_201' title='bbox 677 2632 767 2670; x_wconf 91' lang='lat' dir='ltr'><strong>deos</strong></span> 
     </span>
     <span class='ocr_line' id='line_1_42' title="bbox 123 2687 770 2726; baseline 0.008 -6"><span class='ocrx_word' id='word_1_202' title='bbox 123 2687 317 2724; x_wconf 87' lang='lat' dir='ltr'><strong>venerandi</strong></span> <span class='ocrx_word' id='word_1_203' title='bbox 345 2699 387 2725; x_wconf 87' lang='lat' dir='ltr'><strong>ac</strong></span> <span class='ocrx_word' id='word_1_204' title='bbox 418 2701 495 2726; x_wconf 89' lang='lat' dir='ltr'><strong>rem</strong></span> <span class='ocrx_word' id='word_1_205' title='bbox 524 2688 683 2725; x_wconf 89' lang='lat' dir='ltr'><strong>divinam</strong></span> <span class='ocrx_word' id='word_1_206' title='bbox 713 2689 770 2725; x_wconf 88' lang='lat' dir='ltr'><strong>fa-</strong></span> 
     </span>
     <span class='ocr_line' id='line_1_43' title="bbox 124 2739 770 2796; baseline 0.008 -19"><span class='ocrx_word' id='word_1_207' title='bbox 124 2739 241 2778; x_wconf 85' lang='lat' dir='ltr'><strong>ciendi</strong></span> <span class='ocrx_word' id='word_1_208' title='bbox 257 2742 429 2782; x_wconf 80' lang='lat' dir='ltr'><strong>rationem</strong></span> <span class='ocrx_word' id='word_1_209' title='bbox 446 2744 585 2796; x_wconf 87' lang='lat' dir='ltr'><strong>populo</strong></span> <span class='ocrx_word' id='word_1_210' title='bbox 595 2744 770 2782; x_wconf 89' lang='lat' dir='ltr'><strong>tradidis-</strong></span> 
     </span>
     <span class='ocr_line' id='line_1_44' title="bbox 125 2796 770 2851; baseline 0.009 -19"><span class='ocrx_word' id='word_1_211' title='bbox 125 2808 177 2833; x_wconf 87' lang='lat' dir='ltr'><strong>se.</strong></span> <span class='ocrx_word' id='word_1_212' title='bbox 234 2796 275 2835; x_wconf 92' lang='lat' dir='ltr'><strong>Iu</strong></span> <span class='ocrx_word' id='word_1_213' title='bbox 290 2800 434 2838; x_wconf 88' lang='lat' dir='ltr'><strong>nomine</strong></span> <span class='ocrx_word' id='word_1_214' title='bbox 460 2801 542 2851; x_wconf 85' lang='lat' dir='ltr'><strong>ipso</strong></span> <span class='ocrx_word' id='word_1_215' title='bbox 563 2801 659 2850; x_wconf 85' lang='lat' dir='ltr'><strong>regis</strong></span> <span class='ocrx_word' id='word_1_216' title='bbox 682 2801 770 2838; x_wconf 90' lang='lat' dir='ltr'><strong>scri-</strong></span> 
     </span>
     <span class='ocr_line' id='line_1_45' title="bbox 124 2851 771 2907; baseline 0.009 -19"><span class='ocrx_word' id='word_1_217' title='bbox 124 2851 246 2890; x_wconf 90' lang='lat' dir='ltr'><strong>bendo</strong></span> <span class='ocrx_word' id='word_1_218' title='bbox 260 2854 398 2892; x_wconf 89' lang='lat' dir='ltr'><strong>variant</strong></span> <span class='ocrx_word' id='word_1_219' title='bbox 417 2855 497 2893; x_wconf 82' lang='lat' dir='ltr'><strong>libri</strong></span> <span class='ocrx_word' id='word_1_220' title='bbox 518 2857 618 2907; x_wconf 89' lang='lat' dir='ltr'><strong>apud</strong></span> <span class='ocrx_word' id='word_1_221' title='bbox 627 2856 771 2894; x_wconf 87' lang='lat' dir='ltr'><strong>Diodo-</strong></span> 
     </span>
     <span class='ocr_line' id='line_1_46' title="bbox 124 2908 770 2960; baseline 0.011 -17"><span class='ocrx_word' id='word_1_222' title='bbox 124 2918 204 2945; x_wconf 88' lang='lat' dir='ltr'><strong>rum</strong></span> <span class='ocrx_word' id='word_1_223' title='bbox 225 2908 409 2960; x_wconf 81' lang='lat' dir='ltr'><strong>aliosque3</strong></span> <span class='ocrx_word' id='word_1_224' title='bbox 437 2924 505 2950; x_wconf 89' lang='lat' dir='ltr'><strong>nec</strong></span> <span class='ocrx_word' id='word_1_225' title='bbox 523 2913 560 2949; x_wconf 93' lang='lat' dir='ltr'><strong>in</strong></span> <span class='ocrx_word' id='word_1_226' title='bbox 577 2912 770 2950; x_wconf 85' lang='lat' dir='ltr'><strong>Herodoto</strong></span> 
     </span>
    </p>
   </div>
   <div class='ocr_carea' id='block_1_11' title="bbox 833 882 1501 2963">
    <p class='ocr_par' dir='ltr' id='par_1_12' title="bbox 833 882 1501 2684">
     <span class='ocr_line' id='line_1_47' title="bbox 852 882 1501 933; baseline 0.002 -13"><span class='ocrx_word' id='word_1_227' title='bbox 852 882 921 920; x_wconf 76' lang='lat' dir='ltr'><strong>sibi</strong></span> <span class='ocrx_word' id='word_1_228' title='bbox 950 882 1037 920; x_wconf 80' lang='lat' dir='ltr'><strong>satis</strong></span> <span class='ocrx_word' id='word_1_229' title='bbox 1063 885 1251 931; x_wconf 81' lang='lat' dir='ltr'><strong>constant,</strong></span> <span class='ocrx_word' id='word_1_230' title='bbox 1282 895 1501 933; x_wconf 84' lang='lat' dir='ltr'><strong>quamquam</strong></span> 
     </span>
     <span class='ocr_line' id='line_1_48' title="bbox 851 939 1499 991; baseline 0.005 -14"><span class='ocrx_word' id='word_1_231' title='bbox 851 939 1017 977; x_wconf 87' lang='lat' dir='ltr'><strong>meliores</strong></span> <span class='ocrx_word' id='word_1_232' title='bbox 1044 939 1138 977; x_wconf 90' lang='lat' dir='ltr'><strong>bene</strong></span> <span class='ocrx_word' id='word_1_233' title='bbox 1166 939 1335 978; x_wconf 85' lang='lat' dir='ltr'><strong>exhibent</strong></span> <span class='ocrx_word' id='word_1_234' title='bbox 1353 941 1499 991; x_wconf 83' lang='grc' dir='ltr'><em>Μῆνα,</em></span> 
     </span>
     <span class='ocr_line' id='line_1_49' title="bbox 849 995 1500 1046; baseline 0 -13"><span class='ocrx_word' id='word_1_235' title='bbox 849 996 887 1033; x_wconf 90' lang='lat' dir='ltr'><strong>in</strong></span> <span class='ocrx_word' id='word_1_236' title='bbox 908 1009 981 1046; x_wconf 86' lang='lat' dir='ltr'><strong>quo</strong></span> <span class='ocrx_word' id='word_1_237' title='bbox 1002 995 1059 1033; x_wconf 87' lang='lat' dir='ltr'><strong>hic</strong></span> <span class='ocrx_word' id='word_1_238' title='bbox 1072 995 1384 1045; x_wconf 87' lang='lat' dir='ltr'><strong>acquiescendum.</strong></span> <span class='ocrx_word' id='word_1_239' title='bbox 1413 996 1500 1034; x_wconf 91' lang='lat' dir='ltr'><strong>Plu-</strong></span> 
     </span>
     <span class='ocr_line' id='line_1_50' title="bbox 848 1052 1498 1102; baseline 0.003 -13"><span class='ocrx_word' id='word_1_240' title='bbox 848 1065 890 1090; x_wconf 85' lang='lat' dir='ltr'><strong>ra</strong></span> <span class='ocrx_word' id='word_1_241' title='bbox 925 1053 974 1090; x_wconf 90' lang='lat' dir='ltr'><strong>de</strong></span> <span class='ocrx_word' id='word_1_242' title='bbox 1011 1052 1189 1102; x_wconf 86' lang='lat' dir='ltr'><strong>scriptura</strong></span> <span class='ocrx_word' id='word_1_243' title='bbox 1221 1052 1498 1102; x_wconf 75' lang='lat' dir='ltr'><strong>Wessefingius,</strong></span> 
     </span>
     <span class='ocr_line' id='line_1_51' title="bbox 848 1107 1495 1158; baseline 0.002 -12"><span class='ocrx_word' id='word_1_244' title='bbox 848 1109 910 1158; x_wconf 91' lang='lat' dir='ltr'><strong>qui</strong></span> <span class='ocrx_word' id='word_1_245' title='bbox 954 1120 998 1146; x_wconf 82' lang='lat' dir='ltr'><strong>ex</strong></span> <span class='ocrx_word' id='word_1_246' title='bbox 1032 1107 1199 1157; x_wconf 87' lang='lat' dir='ltr'><strong>catalogo</strong></span> <span class='ocrx_word' id='word_1_247' title='bbox 1244 1108 1495 1148; x_wconf 83' lang='lat' dir='ltr'><strong>Eratosthenis</strong></span> 
     </span>
     <span class='ocr_line' id='line_1_52' title="bbox 847 1164 1496 1215; baseline 0.002 -13"><span class='ocrx_word' id='word_1_248' title='bbox 847 1164 947 1215; x_wconf 87' lang='lat' dir='ltr'><strong>apud</strong></span> <span class='ocrx_word' id='word_1_249' title='bbox 980 1164 1185 1213; x_wconf 89' lang='lat' dir='ltr'><strong>Syncellum</strong></span> <span class='ocrx_word' id='word_1_250' title='bbox 1218 1164 1308 1203; x_wconf 89' lang='lat' dir='ltr'><strong>haec</strong></span> <span class='ocrx_word' id='word_1_251' title='bbox 1339 1166 1450 1203; x_wconf 84' lang='lat' dir='ltr'><strong>verba</strong></span> <span class='ocrx_word' id='word_1_252' title='bbox 1473 1179 1496 1204; x_wconf 85' lang='lat' dir='ltr'><strong>a</strong></span> 
     </span>
     <span class='ocr_line' id='line_1_53' title="bbox 845 1220 1495 1272; baseline 0 -14"><span class='ocrx_word' id='word_1_253' title='bbox 845 1220 1055 1258; x_wconf 87' lang='lat' dir='ltr'><strong>Iablonskio</strong></span> <span class='ocrx_word' id='word_1_254' title='bbox 1099 1222 1291 1258; x_wconf 87' lang='lat' dir='ltr'><strong>emendata</strong></span> <span class='ocrx_word' id='word_1_255' title='bbox 1336 1223 1495 1272; x_wconf 81' lang='lat' dir='ltr'><strong>profert:</strong></span> 
     </span>
     <span class='ocr_line' id='line_1_54' title="bbox 846 1272 1495 1330; baseline 0.003 -15"><span class='ocrx_word' id='word_1_256' title='bbox 846 1272 1002 1328; x_wconf 79' lang='grc' dir='ltr'><em>Μήνης</em></span> <span class='ocrx_word' id='word_1_257' title='bbox 1025 1292 1046 1316; x_wconf 93' lang='lat' dir='ltr'><strong>o</strong></span> <span class='ocrx_word' id='word_1_258' title='bbox 1081 1277 1279 1328; x_wconf 83' lang='grc' dir='ltr'><em>Θηβαῖος,</em></span> <span class='ocrx_word' id='word_1_259' title='bbox 1322 1275 1343 1317; x_wconf 83' lang='grc' dir='ltr'>ὁ</span> <span class='ocrx_word' id='word_1_260' title='bbox 1376 1276 1495 1330; x_wconf 77' lang='grc' dir='ltr'><em>ἑρμη-</em></span> 
     </span>
     <span class='ocr_line' id='line_1_55' title="bbox 844 1329 1495 1380; baseline -0.003 -7"><span class='ocrx_word' id='word_1_261' title='bbox 844 1329 1003 1373; x_wconf 80' lang='grc' dir='ltr'><em>νεύεται</em></span> <span class='ocrx_word' id='word_1_262' title='bbox 1023 1332 1074 1372; x_wconf 84' lang='grc' dir='ltr'><strong>αἰ</strong></span> <span class='ocrx_word' id='word_1_263' title='bbox 1087 1329 1118 1371; x_wconf 83' lang='grc' dir='ltr'><strong>ω’</strong></span> <span class='ocrx_word' id='word_1_264' title='bbox 1131 1348 1180 1372; x_wconf 87' lang='grc' dir='ltr'><strong>νι</strong></span> <span class='ocrx_word' id='word_1_265' title='bbox 1193 1348 1212 1373; x_wconf 92' lang='grc' dir='ltr'>ο</span> <span class='ocrx_word' id='word_1_266' title='bbox 1226 1349 1256 1380; x_wconf 83' lang='grc' dir='ltr'><strong>ς.</strong></span> <span class='ocrx_word' id='word_1_267' title='bbox 1299 1334 1408 1377; x_wconf 85' lang='lat' dir='ltr'><strong>Quod</strong></span> <span class='ocrx_word' id='word_1_268' title='bbox 1427 1348 1495 1371; x_wconf 90' lang='lat' dir='ltr'><strong>no-</strong></span> 
     </span>
     <span class='ocr_line' id='line_1_56' title="bbox 843 1391 1494 1440; baseline 0 -12"><span class='ocrx_word' id='word_1_269' title='bbox 843 1403 929 1428; x_wconf 91' lang='lat' dir='ltr'><strong>men</strong></span> <span class='ocrx_word' id='word_1_270' title='bbox 957 1391 994 1427; x_wconf 89' lang='lat' dir='ltr'><strong>in</strong></span> <span class='ocrx_word' id='word_1_271' title='bbox 1023 1403 1172 1439; x_wconf 86' lang='lat' dir='ltr'><strong>regem,</strong></span> <span class='ocrx_word' id='word_1_272' title='bbox 1202 1391 1265 1440; x_wconf 89' lang='lat' dir='ltr'><strong>qui</strong></span> <span class='ocrx_word' id='word_1_273' title='bbox 1286 1391 1494 1440; x_wconf 86' lang='lat' dir='ltr'><strong>antiquissi-</strong></span> 
     </span>
     <span class='ocr_line' id='line_1_57' title="bbox 843 1446 1492 1496; baseline 0 -12"><span class='ocrx_word' id='word_1_274' title='bbox 843 1459 923 1484; x_wconf 87' lang='lat' dir='ltr'><strong>mus</strong></span> <span class='ocrx_word' id='word_1_275' title='bbox 944 1446 1103 1484; x_wconf 89' lang='lat' dir='ltr'><strong>omnium</strong></span> <span class='ocrx_word' id='word_1_276' title='bbox 1120 1447 1388 1496; x_wconf 87' lang='lat' dir='ltr'><strong>fertur,utique</strong></span> <span class='ocrx_word' id='word_1_277' title='bbox 1406 1460 1492 1484; x_wconf 86' lang='lat' dir='ltr'><strong>con-</strong></span> 
     </span>
     <span class='ocr_line' id='line_1_58' title="bbox 842 1503 1492 1552; baseline 0.002 -11"><span class='ocrx_word' id='word_1_278' title='bbox 842 1503 990 1541; x_wconf 83' lang='lat' dir='ltr'><strong>veniens</strong></span> <span class='ocrx_word' id='word_1_279' title='bbox 1023 1507 1091 1541; x_wconf 89' lang='lat' dir='ltr'><strong>est.</strong></span> <span class='ocrx_word' id='word_1_280' title='bbox 1149 1503 1260 1541; x_wconf 90' lang='lat' dir='ltr'><strong>Unde</strong></span> <span class='ocrx_word' id='word_1_281' title='bbox 1293 1503 1421 1552; x_wconf 68' lang='lat' dir='ltr'><strong>Zoega</strong></span> <span class='ocrx_word' id='word_1_282' title='bbox 1444 1505 1492 1542; x_wconf 90' lang='lat' dir='ltr'><strong>de</strong></span> 
     </span>
     <span class='ocr_line' id='line_1_59' title="bbox 842 1559 1492 1610; baseline -0.002 -13"><span class='ocrx_word' id='word_1_283' title='bbox 842 1560 1009 1598; x_wconf 81' lang='lat' dir='ltr'><strong>obelisco.</strong></span> <span class='ocrx_word' id='word_1_284' title='bbox 1048 1572 1133 1610; x_wconf 84' lang='lat' dir='ltr'><strong>pag.</strong></span> <span class='ocrx_word' id='word_1_285' title='bbox 1168 1562 1217 1601; x_wconf 86' lang='lat'><strong>11</strong></span> <span class='ocrx_word' id='word_1_286' title='bbox 1252 1559 1300 1597; x_wconf 86' lang='lat' dir='ltr'><strong>ad</strong></span> <span class='ocrx_word' id='word_1_287' title='bbox 1331 1559 1492 1597; x_wconf 88' lang='lat' dir='ltr'><strong>Mnevim</strong></span> 
     </span>
     <span class='ocr_line' id='line_1_60' title="bbox 841 1616 1492 1666; baseline 0.002 -12"><span class='ocrx_word' id='word_1_288' title='bbox 841 1618 971 1664; x_wconf 85' lang='lat' dir='ltr'><strong>refert,</strong></span> <span class='ocrx_word' id='word_1_289' title='bbox 1028 1616 1113 1653; x_wconf 84' lang='lat' dir='ltr'><strong>solis</strong></span> <span class='ocrx_word' id='word_1_290' title='bbox 1147 1621 1289 1653; x_wconf 86' lang='lat' dir='ltr'><strong>taurum</strong></span> <span class='ocrx_word' id='word_1_291' title='bbox 1332 1616 1492 1666; x_wconf 85' lang='lat' dir='ltr'><strong>solisque</strong></span> 
     </span>
     <span class='ocr_line' id='line_1_61' title="bbox 841 1672 1491 1722; baseline -0.002 -11"><span class='ocrx_word' id='word_1_292' title='bbox 841 1674 920 1711; x_wconf 89' lang='lat' dir='ltr'><strong>sere</strong></span> <span class='ocrx_word' id='word_1_293' title='bbox 942 1673 1085 1722; x_wconf 86' lang='lat' dir='ltr'><strong>signum</strong></span> <span class='ocrx_word' id='word_1_294' title='bbox 1098 1687 1126 1709; x_wconf 88' lang='lat' dir='ltr'><strong>s.</strong></span> <span class='ocrx_word' id='word_1_295' title='bbox 1141 1672 1341 1722; x_wconf 87' lang='lat' dir='ltr'><strong>symbolum</strong></span> <span class='ocrx_word' id='word_1_296' title='bbox 1361 1673 1398 1709; x_wconf 87' lang='lat' dir='ltr'><strong>in</strong></span> <span class='ocrx_word' id='word_1_297' title='bbox 1418 1677 1491 1711; x_wconf 87' lang='lat' dir='ltr'><strong>ter-</strong></span> 
     </span>
     <span class='ocr_line' id='line_1_62' title="bbox 841 1729 1491 1779; baseline 0 -12"><span class='ocrx_word' id='word_1_298' title='bbox 841 1730 903 1767; x_wconf 79' lang='lat' dir='ltr'><strong>ris.</strong></span> <span class='ocrx_word' id='word_1_299' title='bbox 960 1729 1080 1766; x_wconf 89' lang='lat' dir='ltr'><strong>Maius</strong></span> <span class='ocrx_word' id='word_1_300' title='bbox 1106 1734 1163 1767; x_wconf 87' lang='lat' dir='ltr'><strong>est</strong></span> <span class='ocrx_word' id='word_1_301' title='bbox 1193 1729 1225 1766; x_wconf 90' lang='lat' dir='ltr'><strong>si</strong></span> <span class='ocrx_word' id='word_1_302' title='bbox 1251 1730 1298 1767; x_wconf 90' lang='lat' dir='ltr'><strong>de</strong></span> <span class='ocrx_word' id='word_1_303' title='bbox 1326 1734 1491 1779; x_wconf 79' lang='lat' dir='ltr'><strong>tempore</strong></span> 
     </span>
     <span class='ocr_line' id='line_1_63' title="bbox 840 1784 1490 1836; baseline 0.002 -13"><span class='ocrx_word' id='word_1_304' title='bbox 840 1798 997 1836; x_wconf 86' lang='lat' dir='ltr'><strong>quaeras</strong></span> <span class='ocrx_word' id='word_1_305' title='bbox 1009 1814 1020 1833; x_wconf 97' lang='lat'><strong>,</strong></span> <span class='ocrx_word' id='word_1_306' title='bbox 1051 1798 1124 1834; x_wconf 91' lang='lat' dir='ltr'><strong>quo</strong></span> <span class='ocrx_word' id='word_1_307' title='bbox 1141 1785 1200 1824; x_wconf 86' lang='lat' dir='ltr'><strong>ille</strong></span> <span class='ocrx_word' id='word_1_308' title='bbox 1218 1784 1347 1824; x_wconf 88' lang='lat' dir='ltr'><strong>Menes</strong></span> <span class='ocrx_word' id='word_1_309' title='bbox 1359 1785 1490 1824; x_wconf 89' lang='lat' dir='ltr'><strong>vixisse</strong></span> 
     </span>
     <span class='ocr_line' id='line_1_64' title="bbox 841 1841 1490 1880; baseline -0.002 0"><span class='ocrx_word' id='word_1_310' title='bbox 841 1842 1043 1880; x_wconf 86' lang='lat' dir='ltr'><strong>censendus</strong></span> <span class='ocrx_word' id='word_1_311' title='bbox 1068 1842 1124 1878; x_wconf 85' lang='lat' dir='ltr'><strong>sit.</strong></span> <span class='ocrx_word' id='word_1_312' title='bbox 1181 1841 1280 1879; x_wconf 89' lang='lat' dir='ltr'><strong>Nam</strong></span> <span class='ocrx_word' id='word_1_313' title='bbox 1309 1842 1490 1880; x_wconf 86' lang='lat' dir='ltr'><strong>Herodoti</strong></span> 
     </span>
     <span class='ocr_line' id='line_1_65' title="bbox 842 1896 1489 1948; baseline 0.003 -13"><span class='ocrx_word' id='word_1_314' title='bbox 842 1898 872 1936; x_wconf 90' lang='lat' dir='ltr'><strong>si</strong></span> <span class='ocrx_word' id='word_1_315' title='bbox 899 1911 1093 1948; x_wconf 87' lang='lat' dir='ltr'><strong>sequamur</strong></span> <span class='ocrx_word' id='word_1_316' title='bbox 1121 1896 1296 1946; x_wconf 82' lang='lat' dir='ltr'><strong>calculos,</strong></span> <span class='ocrx_word' id='word_1_317' title='bbox 1334 1911 1489 1947; x_wconf 83' lang='lat' dir='ltr'><strong>regnum</strong></span> 
     </span>
     <span class='ocr_line' id='line_1_66' title="bbox 840 1954 1490 2004; baseline 0 -12"><span class='ocrx_word' id='word_1_318' title='bbox 840 1954 961 1993; x_wconf 89' lang='lat' dir='ltr'><strong>Menis</strong></span> <span class='ocrx_word' id='word_1_319' title='bbox 980 1955 1178 1992; x_wconf 86' lang='lat' dir='ltr'><strong>adscendet</strong></span> <span class='ocrx_word' id='word_1_320' title='bbox 1208 1967 1324 2004; x_wconf 89' lang='lat' dir='ltr'><strong>usque</strong></span> <span class='ocrx_word' id='word_1_321' title='bbox 1343 1956 1391 1992; x_wconf 87' lang='lat' dir='ltr'><strong>ad</strong></span> <span class='ocrx_word' id='word_1_322' title='bbox 1423 1968 1490 1992; x_wconf 87' lang='lat' dir='ltr'><strong>an-</strong></span> 
     </span>
     <span class='ocr_line' id='line_1_67' title="bbox 839 2010 1490 2057; baseline -0.002 -8"><span class='ocrx_word' id='word_1_323' title='bbox 839 2023 925 2049; x_wconf 89' lang='lat' dir='ltr'><strong>num</strong></span> <span class='ocrx_word' id='word_1_324' title='bbox 948 2010 1082 2052; x_wconf 81' lang='lat'>12356</span> <span class='ocrx_word' id='word_1_325' title='bbox 1103 2023 1136 2048; x_wconf 85' lang='lat' dir='ltr'><strong>a.</strong></span> <span class='ocrx_word' id='word_1_326' title='bbox 1157 2010 1244 2048; x_wconf 89' lang='lat' dir='ltr'><strong>Chr.</strong></span> <span class='ocrx_word' id='word_1_327' title='bbox 1265 2023 1318 2057; x_wconf 57' lang='lat' dir='ltr'><strong>nc,</strong></span> <span class='ocrx_word' id='word_1_328' title='bbox 1346 2010 1490 2049; x_wconf 92' lang='lat' dir='ltr'><strong>Diodo-</strong></span> 
     </span>
     <span class='ocr_line' id='line_1_68' title="bbox 840 2068 1489 2118; baseline 0 -12"><span class='ocrx_word' id='word_1_329' title='bbox 840 2080 918 2106; x_wconf 90' lang='lat' dir='ltr'><strong>rum</strong></span> <span class='ocrx_word' id='word_1_330' title='bbox 937 2068 967 2105; x_wconf 92' lang='lat' dir='ltr'><strong>si</strong></span> <span class='ocrx_word' id='word_1_331' title='bbox 985 2071 1114 2105; x_wconf 89' lang='lat' dir='ltr'><strong>testem</strong></span> <span class='ocrx_word' id='word_1_332' title='bbox 1133 2069 1379 2118; x_wconf 83' lang='lat' dir='ltr'><strong>praeferamus</strong></span> <span class='ocrx_word' id='word_1_333' title='bbox 1392 2095 1404 2114; x_wconf 89' lang='lat'>‚</span> <span class='ocrx_word' id='word_1_334' title='bbox 1431 2081 1489 2106; x_wconf 87' lang='lat' dir='ltr'><strong>re—</strong></span> 
     </span>
     <span class='ocr_line' id='line_1_69' title="bbox 840 2123 1487 2174; baseline -0.002 -12"><span class='ocrx_word' id='word_1_335' title='bbox 840 2137 952 2174; x_wconf 85' lang='lat' dir='ltr'><strong>gnum</strong></span> <span class='ocrx_word' id='word_1_336' title='bbox 972 2124 1151 2174; x_wconf 85' lang='lat' dir='ltr'><strong>incepisse</strong></span> <span class='ocrx_word' id='word_1_337' title='bbox 1172 2123 1308 2165; x_wconf 85' lang='lat'>14878</span> <span class='ocrx_word' id='word_1_338' title='bbox 1337 2137 1369 2161; x_wconf 86' lang='lat' dir='ltr'><strong>a.</strong></span> <span class='ocrx_word' id='word_1_339' title='bbox 1399 2124 1487 2162; x_wconf 83' lang='lat' dir='ltr'><strong>Chr.</strong></span> 
     </span>
     <span class='ocr_line' id='line_1_70' title="bbox 841 2180 1487 2231; baseline 0 -13"><span class='ocrx_word' id='word_1_340' title='bbox 841 2194 876 2218; x_wconf 91' lang='lat' dir='ltr'><strong>n.</strong></span> <span class='ocrx_word' id='word_1_341' title='bbox 901 2180 1031 2218; x_wconf 89' lang='lat' dir='ltr'><strong>Menes</strong></span> <span class='ocrx_word' id='word_1_342' title='bbox 1051 2181 1234 2231; x_wconf 89' lang='lat' dir='ltr'><strong>putandus</strong></span> <span class='ocrx_word' id='word_1_343' title='bbox 1259 2184 1325 2218; x_wconf 89' lang='lat' dir='ltr'><strong>est.</strong></span> <span class='ocrx_word' id='word_1_344' title='bbox 1377 2180 1487 2218; x_wconf 81' lang='lat' dir='ltr'><strong>Conf.</strong></span> 
     </span>
     <span class='ocr_line' id='line_1_71' title="bbox 839 2236 1486 2288; baseline 0.002 -14"><span class='ocrx_word' id='word_1_345' title='bbox 839 2236 1011 2275; x_wconf 82' lang='lat' dir='ltr'><strong>Larcher.</strong></span> <span class='ocrx_word' id='word_1_346' title='bbox 1030 2238 1104 2274; x_wconf 89' lang='lat' dir='ltr'><strong>tab.</strong></span> <span class='ocrx_word' id='word_1_347' title='bbox 1127 2237 1338 2286; x_wconf 85' lang='lat' dir='ltr'><strong>chronolog.</strong></span> <span class='ocrx_word' id='word_1_348' title='bbox 1365 2250 1402 2288; x_wconf 89' lang='lat' dir='ltr'><strong>p.</strong></span> <span class='ocrx_word' id='word_1_349' title='bbox 1419 2239 1486 2278; x_wconf 84' lang='lat'><strong>79.</strong></span> 
     </span>
     <span class='ocr_line' id='line_1_72' title="bbox 841 2292 1488 2342; baseline -0.002 -12"><span class='ocrx_word' id='word_1_350' title='bbox 841 2295 896 2336; x_wconf 85' lang='lat'><strong>53</strong></span> <span class='ocrx_word' id='word_1_351' title='bbox 911 2298 999 2331; x_wconf 90' lang='lat' dir='ltr'><strong>tom.</strong></span> <span class='ocrx_word' id='word_1_352' title='bbox 1018 2292 1098 2330; x_wconf 82' lang='lat' dir='ltr'><strong>Vll.</strong></span> <span class='ocrx_word' id='word_1_353' title='bbox 1127 2293 1240 2330; x_wconf 86' lang='lat' dir='ltr'><strong>Plura</strong></span> <span class='ocrx_word' id='word_1_354' title='bbox 1255 2293 1367 2331; x_wconf 89' lang='lat' dir='ltr'><strong>nolim</strong></span> <span class='ocrx_word' id='word_1_355' title='bbox 1385 2294 1488 2342; x_wconf 82' lang='lat' dir='ltr'><strong>equi-</strong></span> 
     </span>
     <span class='ocr_line' id='line_1_73' title="bbox 840 2349 1486 2400; baseline -0.002 -12"><span class='ocrx_word' id='word_1_356' title='bbox 840 2351 925 2388; x_wconf 87' lang='lat' dir='ltr'><strong>dem</strong></span> <span class='ocrx_word' id='word_1_357' title='bbox 962 2350 1016 2387; x_wconf 89' lang='lat' dir='ltr'><strong>his</strong></span> <span class='ocrx_word' id='word_1_358' title='bbox 1052 2350 1233 2396; x_wconf 87' lang='lat' dir='ltr'><strong>adiicere,</strong></span> <span class='ocrx_word' id='word_1_359' title='bbox 1271 2350 1318 2388; x_wconf 92' lang='lat' dir='ltr'><strong>de</strong></span> <span class='ocrx_word' id='word_1_360' title='bbox 1354 2349 1486 2400; x_wconf 88' lang='lat' dir='ltr'><strong>quibus</strong></span> 
     </span>
     <span class='ocr_line' id='line_1_74' title="bbox 837 2405 1486 2456; baseline 0.002 -13"><span class='ocrx_word' id='word_1_361' title='bbox 837 2405 987 2444; x_wconf 90' lang='lat' dir='ltr'><strong>laudant</strong></span> <span class='ocrx_word' id='word_1_362' title='bbox 1015 2406 1124 2456; x_wconf 84' lang='lat' dir='ltr'><strong>vulgo</strong></span> <span class='ocrx_word' id='word_1_363' title='bbox 1158 2406 1327 2444; x_wconf 87' lang='lat' dir='ltr'><strong>Perizon.</strong></span> <span class='ocrx_word' id='word_1_364' title='bbox 1353 2407 1486 2455; x_wconf 67' lang='lat' dir='ltr'><strong>Origg·</strong></span> 
     </span>
     <span class='ocr_line' id='line_1_75' title="bbox 836 2461 1488 2515; baseline 0 -15"><span class='ocrx_word' id='word_1_365' title='bbox 836 2461 1010 2515; x_wconf 88' lang='lat' dir='ltr'><strong>Aegyptt.</strong></span> <span class='ocrx_word' id='word_1_366' title='bbox 1029 2477 1087 2514; x_wconf 90' lang='lat' dir='ltr'><strong>cp.</strong></span> <span class='ocrx_word' id='word_1_367' title='bbox 1106 2462 1144 2505; x_wconf 91' lang='lat'><strong>5.</strong></span> <span class='ocrx_word' id='word_1_368' title='bbox 1172 2462 1253 2501; x_wconf 88' lang='lat' dir='ltr'><strong>Nec</strong></span> <span class='ocrx_word' id='word_1_369' title='bbox 1268 2463 1364 2500; x_wconf 86' lang='lat' dir='ltr'><strong>enim</strong></span> <span class='ocrx_word' id='word_1_370' title='bbox 1380 2464 1488 2512; x_wconf 89' lang='lat' dir='ltr'><strong>quid-</strong></span> 
     </span>
     <span class='ocr_line' id='line_1_76' title="bbox 836 2519 1487 2569; baseline 0.002 -13"><span class='ocrx_word' id='word_1_371' title='bbox 836 2532 946 2569; x_wconf 88' lang='lat' dir='ltr'><strong>quam</strong></span> <span class='ocrx_word' id='word_1_372' title='bbox 963 2520 1095 2558; x_wconf 85' lang='lat' dir='ltr'><strong>certius</strong></span> <span class='ocrx_word' id='word_1_373' title='bbox 1115 2520 1163 2557; x_wconf 90' lang='lat' dir='ltr'><strong>ad</strong></span> <span class='ocrx_word' id='word_1_374' title='bbox 1187 2519 1357 2557; x_wconf 85' lang='lat' dir='ltr'><strong>historiae</strong></span> <span class='ocrx_word' id='word_1_375' title='bbox 1376 2524 1487 2568; x_wconf 87' lang='lat' dir='ltr'><strong>atque</strong></span> 
     </span>
     <span class='ocr_line' id='line_1_77' title="bbox 833 2575 1486 2626; baseline -0.002 -13"><span class='ocrx_word' id='word_1_376' title='bbox 833 2576 1091 2626; x_wconf 86' lang='lat' dir='ltr'><strong>chronologiae</strong></span> <span class='ocrx_word' id='word_1_377' title='bbox 1129 2576 1239 2614; x_wconf 85' lang='lat' dir='ltr'><strong>fidem</strong></span> <span class='ocrx_word' id='word_1_378' title='bbox 1271 2575 1354 2613; x_wconf 89' lang='lat' dir='ltr'><strong>hinc</strong></span> <span class='ocrx_word' id='word_1_379' title='bbox 1391 2576 1486 2613; x_wconf 84' lang='lat' dir='ltr'><strong>effici</strong></span> 
     </span>
     <span class='ocr_line' id='line_1_78' title="bbox 833 2632 1317 2684; baseline 0.002 -15"><span class='ocrx_word' id='word_1_380' title='bbox 833 2645 961 2684; x_wconf 88' lang='lat' dir='ltr'><strong>posse,</strong></span> <span class='ocrx_word' id='word_1_381' title='bbox 991 2633 1105 2683; x_wconf 90' lang='lat' dir='ltr'><strong>quivis</strong></span> <span class='ocrx_word' id='word_1_382' title='bbox 1130 2632 1317 2680; x_wconf 84' lang='lat' dir='ltr'><strong>intelliget.</strong></span> 
     </span>
    </p>

    <p class='ocr_par' dir='ltr' id='par_1_13' title="bbox 835 2685 1486 2963">
     <span class='ocr_line' id='line_1_79' title="bbox 891 2685 1484 2740; baseline -0.003 -12"><span class='ocrx_word' id='word_1_383' title='bbox 891 2685 997 2740; x_wconf 72' lang='grc' dir='ltr'><em>πλήν</em></span> <span class='ocrx_word' id='word_1_384' title='bbox 1010 2691 1083 2729; x_wconf 84' lang='grc' dir='ltr'><strong>τοῦ</strong></span> <span class='ocrx_word' id='word_1_385' title='bbox 1105 2689 1316 2740; x_wconf 79' lang='grc' dir='ltr'><em>Θηβαϊκοῦ</em></span> <span class='ocrx_word' id='word_1_386' title='bbox 1331 2687 1484 2739; x_wconf 80' lang='grc' dir='ltr'>νομοῦ]</span> 
     </span>
     <span class='ocr_line' id='line_1_80' title="bbox 835 2744 1484 2794; baseline 0 -11"><span class='ocrx_word' id='word_1_387' title='bbox 835 2744 1084 2794; x_wconf 86' lang='lat' dir='ltr'><strong>„Laudantur</strong></span> <span class='ocrx_word' id='word_1_388' title='bbox 1109 2745 1200 2784; x_wconf 89' lang='lat' dir='ltr'><strong>haec</strong></span> <span class='ocrx_word' id='word_1_389' title='bbox 1234 2745 1274 2782; x_wconf 92' lang='lat' dir='ltr'><strong>in</strong></span> <span class='ocrx_word' id='word_1_390' title='bbox 1302 2744 1484 2794; x_wconf 84' lang='lat' dir='ltr'><strong>Descript.</strong></span> 
     </span>
     <span class='ocr_line' id='line_1_81' title="bbox 837 2801 1484 2852; baseline -0.003 -13"><span class='ocrx_word' id='word_1_391' title='bbox 837 2802 885 2840; x_wconf 92' lang='lat' dir='ltr'><strong>de</strong></span> <span class='ocrx_word' id='word_1_392' title='bbox 905 2802 1066 2852; x_wconf 84' lang='lat' dir='ltr'><strong>l&#39;Egypt.</strong></span> <span class='ocrx_word' id='word_1_393' title='bbox 1079 2801 1216 2851; x_wconf 87' lang='lat' dir='ltr'><strong>antiqq.</strong></span> <span class='ocrx_word' id='word_1_394' title='bbox 1229 2801 1245 2838; x_wconf 90' lang='lat'>1</span> <span class='ocrx_word' id='word_1_395' title='bbox 1267 2815 1337 2838; x_wconf 87' lang='lat' dir='ltr'><strong>sec.</strong></span> <span class='ocrx_word' id='word_1_396' title='bbox 1351 2801 1484 2838; x_wconf 87' lang='lat' dir='ltr'><strong>livrais.</strong></span> 
     </span>
     <span class='ocr_line' id='line_1_82' title="bbox 835 2856 1484 2908; baseline -0.003 -14"><span class='ocrx_word' id='word_1_397' title='bbox 835 2871 872 2908; x_wconf 92' lang='lat' dir='ltr'><strong>p.</strong></span> <span class='ocrx_word' id='word_1_398' title='bbox 893 2860 971 2906; x_wconf 85' lang='lat'><strong>88,</strong></span> <span class='ocrx_word' id='word_1_399' title='bbox 1007 2859 1068 2896; x_wconf 89' lang='lat' dir='ltr'><strong>ubi</strong></span> <span class='ocrx_word' id='word_1_400' title='bbox 1095 2858 1350 2907; x_wconf 87' lang='lat' dir='ltr'><strong>comprobatur</strong></span> <span class='ocrx_word' id='word_1_401' title='bbox 1379 2856 1484 2894; x_wconf 82' lang='lat' dir='ltr'><strong>variis</strong></span> 
     </span>
     <span class='ocr_line' id='line_1_83' title="bbox 837 2912 1486 2963; baseline -0.002 -14"><span class='ocrx_word' id='word_1_402' title='bbox 837 2915 1083 2963; x_wconf 87' lang='lat' dir='ltr'><strong>argumentis,</strong></span> <span class='ocrx_word' id='word_1_403' title='bbox 1122 2926 1197 2951; x_wconf 91' lang='lat' dir='ltr'><strong>non</strong></span> <span class='ocrx_word' id='word_1_404' title='bbox 1229 2912 1342 2949; x_wconf 85' lang='lat' dir='ltr'><strong>solum</strong></span> <span class='ocrx_word' id='word_1_405' title='bbox 1367 2912 1486 2963; x_wconf 89' lang='lat' dir='ltr'><strong>plani-</strong></span> 
     </span>
    </p>
   </div>
   <div class='ocr_carea' id='block_1_12' title="bbox 1175 2970 1270 3009">
    <p class='ocr_par' dir='ltr' id='par_1_14' title="bbox 1175 2970 1270 3009">
     <span class='ocr_line' id='line_1_84' title="bbox 1175 2970 1270 3009; baseline -0.011 0"><span class='ocrx_word' id='word_1_406' title='bbox 1175 2970 1270 3009; x_wconf 76' lang='lat'><strong>31*</strong></span> 
     </span>
    </p>
   </div>
  </div>
 </body>
</html>
