1777 3324
169 262 253 302 922
643 253 1115 294 EXCURSUS
1173 252 1226 290 XI

170 371 408 421 cogitandum
436 370 583 420 quidem
617 371 684 417 sit,
722 370 885 418 quamvis
918 379 1052 405 nomen
1080 366 1197 416 ipsum
1231 364 1420 414 Magdoli‚
1465 363 1564 412 quod
1589 361 1688 413 apud

170 439 404 476 Herodotum
424 442 563 486 exstat,
600 437 718 485 magis
748 436 939 473 conveniat
969 434 1106 484 oppido
1140 435 1176 470 in
1203 433 1363 484 Aegypti
1399 432 1565 470 confiniis
1604 431 1687 467 sito.

172 507 283 551 Quod
303 506 371 543 hoc
394 505 610 543 Herodoteo
642 505 723 542 loco
749 504 811 553 qui
830 503 1105 552 intelligendum
1123 514 1203 540 esse
1229 509 1445 550 censerent,
1481 500 1580 537 haud
1607 498 1688 547 qui—

171 575 255 612 dem
280 575 451 620 defuere,
483 586 608 610 sacrae
637 573 836 622 scripturae
854 571 960 617 locis,
980 571 1040 607 ubi
1060 568 1235 618 DIegz'ddo
1256 575 1496 616 memoratur,
1519 570 1569 605 ita
1591 579 1689 604 com-

169 643 338 689 mutatis,
368 646 408 678 ut
430 655 509 679 cum
531 642 694 691 ipsorum
714 639 895 676 sententia
915 637 1143 674 conveniant.
1194 638 1304 675 Conf.
1333 637 1598 676 Rosenmiiller.
1620 635 1642 671 Ι.
1666 633 1688 669 Ι.

170 711 226 759 II,
246 715 272 753 2
301 723 387 761 pag.
409 712 461 751 99
493 721 570 756 seq.
605 711 681 743 not.
702 705 798 746 204.
873 704 922 741 At
947 718 1032 742 vero
1061 708 1208 754 praeter
1238 706 1401 742 codicum
1435 705 1689 742 auctoritatem

169 781 247 830 ipsa
267 777 473 827 obloquitur
492 788 570 822 res,
601 787 681 810 cnm
701 774 746 810 ab
770 773 867 809 omni
891 771 1071 809 verisimili
1102 772 1321 819 abhorreat,
1354 773 1541 810 Iudaicum
1563 783 1689 821 regern

171 859 285 895 usque
306 846 352 882 ad
378 843 533 893 Aegypti
573 841 728 878 confinia
757 840 900 875 obviam
926 839 1033 876 ivisse
1060 838 1327 888 Aegyptiorum
1356 841 1456 888 regi,
1487 854 1595 889 quem
1621 853 1691 890 po-

168 915 240 952 tius
268 926 290 950 a
317 911 468 949 transitu
494 922 559 960 per
590 914 724 945 terram
744 906 927 943 Iudaicam
953 906 1070 956 ipsam
1091 907 1338 956 prohibiturus
1371 912 1450 945 erat
1479 909 1516 944 in
1537 908 1689 957 campis,

169 995 237 1033 per
260 994 352 1030 qnos
382 980 504 1016 aditus
538 979 685 1027 pateret
715 975 764 1011 ad
793 973 990 1022 Assyriam.
1059 975 1165 1018 Quae
1189 988 1268 1012 cum
1296 976 1348 1012 ita
1374 976 1469 1023 sint,
1499 975 1691 1026 proelium,

170 1051 218 1088 de
247 1061 320 1098 quo
347 1048 489 1096 agitur,
523 1045 560 1080 in
578 1044 716 1093 campis
734 1056 851 1093 prope
870 1041 1044 1090 Megz‘clclo
1068 1043 1298 1080 commissum
1325 1057 1406 1081 esse
1431 1045 1489 1082 vix
1521 1044 1690 1089 dubium3

171 1130 279 1167 quam
303 1117 429 1153 urbem
452 1112 670 1162 (Megiddo)
697 1111 919 1148 indicaturus
940 1110 1151 1148 Herodotus
1178 1111 1276 1147 haud
1300 1111 1373 1147 scio
1404 1124 1451 1148 an
1482 1112 1690 1149 confudisse

171 1185 372 1223 censendus
401 1184 448 1220 sit
475 1194 554 1219 cum
578 1180 696 1217 altera
719 1179 780 1216 illa
810 1179 900 1216 urbe
933 1177 1097 1226 (Mzgclol
1126 1192 1153 1215 s.
1178 1177 1392 1227 IlIagdolo),
1430 1192 1526 1228 quae
1556 1180 1593 1216 in
1617 1179 1691 1216 Ae-

171 1253 274 1303 gypti
295 1252 459 1290 confiniis
493 1250 582 1297 sita,
613 1248 681 1299 ipsi
709 1248 835 1285 melius
864 1260 951 1284 sane
977 1246 1206 1296 innotuerat,
1245 1261 1346 1284 oram
1371 1247 1586 1284 maritimam
1610 1260 1691 1284 curn

171 1321 267 1358 bene
300 1319 591 1370 perlustrasset,
640 1316 687 1353 ad
716 1316 908 1352 interiores
943 1321 1064 1352 autem
1104 1314 1337 1353 Palaestinae
1372 1319 1510 1352 tractus
1543 1315 1691 1352 minime

169 1392 383 1440 penetrasse
404 1387 594 1433 videatur,
623 1398 692 1422 nec
711 1384 858 1420 omnino
881 1383 986 1421 ullam
1006 1383 1264 1420 accuratiorem
1291 1383 1396 1420 huius
1427 1389 1546 1420 terrae
1566 1383 1693 1432 cogni-

169 1456 307 1494 tionem
333 1455 579 1505 acquisivisse.
639 1452 701 1491 Tu
735 1453 830 1488 conf.
862 1450 1032 1488 Larcher.
1063 1457 1151 1488 tom.
1180 1451 1248 1488 VII
1277 1464 1364 1502 pag.
1389 1450 1468 1491 114
1486 1465 1563 1500 seq.
1605 1450 1690 1487 Vlll

170 1538 206 1575 p.
227 1525 307 1566 311
333 1537 430 1573 seq.‚
461 1524 523 1573 qui
544 1523 641 1560 idem
661 1520 889 1559 Herodotum
915 1523 1108 1570 utramque
1125 1520 1252 1558 urbem
1272 1519 1478 1558 confudisse
1496 1519 1633 1556 statuit.

283 1726 432 1778 Cadytz‘s
459 1727 546 1763 urbs
569 1726 663 1763 infra
685 1738 830 1775 quoque
848 1728 1148 1762 commemoratur
1172 1723 1246 1770 ΙΙΙ,
1275 1722 1300 1764 5
1331 1727 1368 1761 et
1389 1723 1565 1760 Sardibus
1592 1721 1691 1760 haud

171 1795 283 1833 multo
311 1796 461 1834 inferior
487 1795 730 1846 praedicatur.
800 1793 875 1836 Qui
904 1793 1002 1830 locus
1035 1796 1265 1842 quantopere
1291 1790 1386 1827 viros
1426 1791 1556 1828 doctos
1588 1803 1692 1828 exer-

171 1866 310 1913 cuerit,
349 1864 420 1901 dici
451 1864 509 1901 vix
540 1867 676 1914 potest.
748 1860 819 1898 Alii
851 1862 949 1898 enim
983 1860 1135 1897 indicari
1168 1859 1348 1909 putabant
1380 1858 1592 1907 Circesium,
1631 1857 1691 1894 alii

172 1933 313 1980 Kades,
351 1933 520 1981 exiguum
543 1931 579 1967 in
607 1929 773 1967 Galilaea
801 1930 998 1980 oppidum,
1043 1929 1103 1966 alii
1130 1927 1227 1965 Gatla
1259 1927 1382 1976 (quae
1413 1927 1497 1963 urbs
1524 1931 1692 1976 tempore

172 2001 374 2051 prophetae
395 1999 508 2036 Amos
532 1999 603 2036 iam
622 1999 768 2036 deserta
786 1998 898 2034 fuisse
919 1998 1084 2045 videtur,
1116 2008 1183 2033 nec
1203 1994 1350 2030 omnino
1376 2006 1536 2044 unquam
1556 2005 1692 2042 magna

172 2069 240 2105 fuit
270 2073 305 2105 et
331 2068 522 2116 celebris),
554 2067 612 2104 alii
633 2067 790 2112 Gazam,
822 2066 1093 2102 philistinorum
1112 2064 1237 2101 urbem
1260 2076 1378 2113 prope
1399 2074 1498 2099 mare
1527 2062 1633 2098 sitam
1654 2065 1691 2097 et

175 2137 262 2173 satis
290 2136 469 2184 nobilem,
499 2134 558 2171 alii
585 2135 743 2183 denique
775 2133 1040 2183 Hierosolyma,
1071 2133 1196 2169 urbem
1225 2144 1313 2168 sane
1342 2130 1534 2167 maximam
1560 2129 1598 2165 in
1626 2128 1691 2165 illis

173 2203 406 2252 regionibus,
453 2215 562 2251 quam
590 2215 679 2252 prae
718 2203 869 2240 caeteris
905 2202 962 2238 hic
997 2200 1270 2237 commemorari
1300 2211 1366 2249 par
1401 2202 1481 2236 erat
1509 2209 1691 2246 quamque

174 2271 220 2308 ab
244 2270 505 2320 Aegyptiorum
532 2283 621 2318 rege
650 2273 796 2319 captam
822 2270 934 2306 fuisse
967 2270 1135 2305 universa
1175 2279 1302 2303 sacrae
1332 2265 1532 2315 scripturae
1563 2276 1691 2301 narra-

174 2339 228 2376 tio
258 2351 412 2386 arguere
440 2338 609 2385 videtur,
648 2336 730 2373 licet
765 2349 937 2385 expressa
965 2337 1063 2373 urbis
1101 2339 1137 2372 et
1162 2335 1335 2370 obsessae
1367 2336 1405 2370 et
1433 2336 1562 2381 captae
1591 2331 1691 2368 nulla

174 2406 239 2443 fiat
267 2406 416 2442 mentio.
475 2403 609 2452 Neque
641 2404 679 2439 in
704 2403 849 2439 nomine
880 2403 1124 2449 haerendum,
1163 2413 1242 2437 cum
1273 2395 1449 2445 Κάδυτις
1475 2399 1561 2435 nihil
1591 2399 1691 2436 aliud

175 2486 255 2511 esse
282 2473 448 2510 videatur
475 2474 585 2521 atque
620 2475 828 2520 corruptum
861 2471 958 2506 urbis
991 2482 1124 2507 nomen
1155 2472 1282 2521 maji-ip
1313 2468 1361 2514 (a
1383 2468 1514 2521 uit-iffi)
1545 2467 1583 2504 id
1611 2470 1688 2504 est:

173 2541 255 2577 urbs
284 2543 431 2587 sancta,
468 2552 541 2588 quo
568 2539 701 2576 eodem
726 2538 874 2574 nomine
902 2537 974 2583 (El
992 2537 1106 2585 Kocls)
1137 2536 1255 2573 adhuc
1282 2536 1328 2571 ab
1358 2534 1538 2572 Arabibus
1560 2533 1689 2570 urbem

174 2607 350 2658 appellari
381 2607 593 2657 accepimus.
651 2604 779 2654 Itaque
802 2604 844 2641 iis
872 2605 956 2641 viris
988 2605 1104 2642 doctis
1130 2603 1427 2654 adstipulandum
1451 2615 1596 2649 censeO,
1626 2600 1690 2650 qui

174 2675 430 2723 Hierosolyma
460 2678 615 2723 utroque
639 2673 719 2710 loco
761 2673 846 2720 (ll,
871 2673 948 2714 159
978 2677 1013 2710 et
1042 2673 1115 2719 ΙΙΙ,
1141 2672 1195 2720 5)
1237 2672 1284 2709 ab
1314 2672 1508 2709 Herodoto
1540 2668 1691 2706 indicari

174 2746 351 2779 statuunt.
407 2741 492 2778 vid.
516 2741 670 2779 Rennel.
691 2741 713 2778 l.
736 2741 757 2778 l.
779 2753 865 2792 pag.
887 2740 980 2780 487.
1009 2740 1272 2778 Rosenmiiller.
1300 2740 1322 2777 l.
1339 2740 1361 2777 l.
1382 2739 1438 2787 Il,
1462 2743 1488 2780 2
1518 2751 1603 2789 pag.
1621 2739 1687 2778 99.

176 2812 259 2852 203
283 2823 359 2859 seq.
404 2808 565 2847 Heeren.
595 2810 707 2847 ldeen
736 2810 774 2856 Ι,
796 2812 822 2849 2
853 2821 939 2858 pag.
964 2808 1053 2848 114.
1098 2808 1151 2854 ll,
1174 2812 1199 2850 2
1220 2821 1305 2859 pag.
1327 2808 1421 2848 402.
1465 2805 1687 2842 Dahlmann.

176 2877 315 2914 Herod.
335 2889 421 2928 pag.
443 2877 508 2919 75.
540 2877 755 2915 Valckenar.
780 2878 816 2915 in
833 2876 1002 2928 peculiari
1023 2876 1238 2926 scriptione,
1270 2887 1364 2924 quae
1390 2875 1528 2910 inserta
1555 2871 1691 2920 legitur
