1759 3324
348 276 434 316 444
763 271 1233 312 HERODOTI

319 391 422 429 Ξνοι
473 384 519 428 δὲ
568 383 865 440 παραπλήσιοι
915 386 1029 426 τοῖσι
1077 382 1124 425 ἐν
1170 380 1395 438 Αἰγύπτῳ.
1455 377 1611 431 ὁσάκις

349 462 394 507 δ’
424 462 480 507 ἂν
508 467 642 520 μιχθῇ
681 464 856 518 γυναικὶ
885 466 938 519 τῇ
969 462 1137 505 ἑωυτοῦ
1170 460 1280 517 ἀνὴρ
1303 458 1604 516 Βαβυλώνιος.

347 543 444 598 περὶ
472 544 673 599 θυμίημα
702 540 1039 596 καταγιζόμενον
1068 543 1165 594 ἵζει·
1197 540 1378 595 ἑτέρωθι
1407 537 1453 584 δὲ
1482 535 1509 595 ἡ
1533 555 1606 594 γυ-
1618 544 1664 578 20

319 622 407 679 3νή
437 620 575 666 τώυτὸ
606 624 737 664 τοῦτο
767 620 914 663 ποιέει.
945 618 1117 676 ὄρθρου
1137 620 1182 664 δὲ
1201 620 1455 676 γενομένου,
1478 621 1606 662 λοῦν-

347 719 419 745 ται
458 702 532 744 καὶ
569 698 828 755 ἀμφότεροι·
886 698 1038 754 ἄγγεος
1075 699 1159 755 γαρ
1199 698 1378 750 οὐδενὸς
1419 697 1606 749 ἅψονται

346 781 452 834 πρὶν
480 778 534 822 ἂν
562 778 820 822 λούσωνται.
877 776 1015 821 ταῦτα
1053 777 1098 822 δὲ
1137 782 1272 821 ταῦτα
1312 778 1387 821 καὶ
1410 775 1606 834 Ἀράβιοι

345 863 528 902 ποιεῦσι.

453 935 503 980 Ὃ
533 936 579 980 δὲ
609 935 662 993 δὴ
693 937 907 992 αἴσχιστος
935 939 1022 979 τῶν
1060 935 1208 992 νόμων
1251 936 1340 980 ἔστι
1377 940 1490 980 τοῖσι
1518 938 1603 979 Βα-

185 944 285 988 199

14 1008 74 1035 Lex
120 1008 293 1043 turpissima

14 1042 52 1069 de
82 1042 165 1069 cultu
188 1042 292 1077 Mylit—

289 1125 408 1170 disse3
438 1124 540 1173 quod
556 1121 718 1172 Agesilai
739 1121 942 1171 exemplum

289 1184 557 1219 commonstrat.
617 1180 737 1222 Quem
759 1184 941 1216 mortuum

289 1239 372 1275 cera
416 1236 740 1282 circumfuderunt,
799 1264 823 1283 „
840 1236 940 1283 quod

288 1294 359 1332 mel
387 1307 461 1331 non
490 1293 673 1330 habebant
685 1293 721 1337 ‚“
750 1296 790 1328 ut
819 1292 941 1328 scribit

289 1351 479 1388 Cornelius
514 1349 642 1399 Nepos
681 1349 720 1384 in
749 1347 887 1396 Agesil.
913 1350 938 1388 8

290 1406 327 1458 ὃ.
348 1411 374 1448 7
388 1435 398 1454 ,
429 1406 491 1444 ubi
510 1406 580 1443 vid.
599 1405 686 1442 Bos.
734 1404 814 1441 Alia
839 1405 940 1441 dabit

289 1464 461 1501 Creuzer.
478 1463 515 1499 in
532 1463 752 1499 Commentt.
770 1461 935 1498 Herodd.

287 1532 374 1571 pag.
397 1522 492 1561 362.

343 1576 434 1627 περὶ
464 1574 652 1626 θυμίημα
687 1567 937 1626 καταγιζόμε-

285 1647 360 1671 νον
377 1631 473 1682 ἵζει]
496 1633 519 1669 i.
543 1646 574 1669 e.
606 1632 702 1668 thuri
715 1634 852 1668 incenso
871 1630 939 1666 ad-

286 1689 377 1726 sidet
392 1703 440 1726 se.
461 1701 563 1726 sacra
579 1701 760 1738 peragens
779 1688 934 1724 lustran-

286 1746 325 1783 di
343 1758 461 1783 causa.
519 1745 617 1782 Hinc
633 1745 726 1783 male
756 1745 841 1781 olim
863 1758 935 1781 πυ-

287 1801 328 1854 ρὶ
350 1816 418 1853 pro
439 1800 550 1853 περὶ,
580 1801 679 1838 cuius
709 1802 788 1838 loco
819 1800 936 1838 Hein-

287 1861 359 1896 sius
376 1859 423 1896 ad
444 1858 578 1895 Polluc.
605 1858 796 1896 Onomast.
825 1856 860 1905 I,
879 1859 934 1898 76

286 1916 345 1954 ed.
375 1915 558 1964 Iungerm.
580 1915 784 1952 coniecerat
809 1909 932 1963 παρά.

287 1971 485 2009 Caeterum
504 1984 642 2008 morem
667 1971 821 2008 eundem
831 1970 934 2006 Stra-

287 2027 334 2064 bo
363 2028 483 2076 attigit
511 2027 598 2063 XVI
624 2041 660 2077 p.
684 2028 812 2072 1087,
840 2026 872 2061 Β
904 2040 932 2063 s.

285 2097 323 2134 p.
343 2083 424 2124 745
445 2083 530 2119 Cas.
564 2082 645 2120 Nec
664 2082 734 2120 alio
757 2083 930 2128 referunt,

286 2140 387 2188 quod
403 2140 440 2175 in
463 2138 605 2188 epistol.
626 2138 802 2176 Ieremiae
831 2138 933 2185 (Ba-

283 2195 381 2232 ruch.
397 2194 443 2242 V,
463 2195 544 2243 43)
572 2194 738 2232 mulieres
766 2195 934 2231 dicuntur

283 2253 491 2301 «θνμιῶσαι
508 2248 554 2289 τὰ
579 2251 724 2300 πίτυρα
746 2265 774 2288 s.
797 2249 931 2299 furfu-

285 2321 338 2344 res
356 2307 555 2357 fumigare.
594 2307 703 2344 Conf.
734 2307 866 2356 Heyne
894 2308 931 2344 in

286 2363 546 2401 Commentatt.
564 2377 635 2400 soc.
659 2364 825 2412 Gotting.
844 2363 931 2400 XVI

281 2433 319 2471 p.
341 2421 393 2460 31
422 2433 497 2469 seq.
534 2419 692 2457 Miinter.
721 2420 781 2458 die
810 2419 929 2468 Relig.

283 2476 319 2512 d.
337 2476 515 2524 Babylon.
536 2488 621 2525 pag.
644 2475 698 2517 74
722 2480 798 2513 not.
825 2479 859 2516 1.
897 2475 929 2512 E

282 2532 542 2569 recentioribus
569 2532 694 2569 Ioann.
722 2533 929 2582 Spencerus

283 2587 423 2637 (Legg.
448 2587 579 2625 Hebrr.
604 2588 643 2635 I,
673 2590 698 2629 8
723 2601 808 2638 pag.
827 2590 929 2637 257)

283 2644 434 2681 similem
459 2643 679 2681 lustrationis
700 2645 807 2681 ritum
831 2645 931 2695 apud

281 2700 471 2737 Hebraeos
483 2705 737 2738 commemorat
745 2706 781 2738 et
792 2705 930 2738 utrum-

285 2768 358 2806 que
380 2769 424 2794 ex
438 2756 608 2806 Aegypto
624 2757 782 2794 arcessit.
813 2757 931 2795 Grae-

284 2825 365 2850 cum
384 2812 422 2848 in
439 2811 493 2849 his
509 2818 740 2863 praeceptum
758 2814 931 2863 suppedi-

283 2869 376 2905 tabit
400 2868 583 2906 Hesiodus
624 2869 662 2906 in
690 2870 790 2920 Opp.
819 2873 856 2907 et
881 2869 929 2907 D.

283 2924 390 2974 734,
418 2925 467 2962 ad
487 2938 595 2976 quem
620 2925 738 2964 locum
756 2925 930 2964 nonnulla

1009 1122 1079 1160 alia
1119 1123 1189 1161 huc
1244 1122 1414 1160 facientia
1469 1122 1660 1172 adscripsit

1010 1180 1187 1217 Graevius
1225 1179 1262 1215 in
1307 1178 1425 1216 Lectt.
1476 1178 1658 1216 Hesiodd.

1007 1249 1086 1286 cap.
1119 1239 1182 1277 16.
1237 1235 1438 1284 Egregiam
1469 1234 1658 1283 Theanus,

1007 1292 1273 1341 Pythagoricae
1298 1292 1470 1338 mulieris,
1504 1304 1659 1341 respon-

1005 1349 1165 1396 sionem,
1195 1363 1275 1387 cum
1301 1349 1349 1386 de
1374 1349 1429 1386 his
1454 1349 1659 1397 interroga-

1005 1410 1125 1453 retur,
1146 1406 1298 1443 servavit
1317 1405 1496 1442 Stobaeus
1513 1404 1551 1441 in
1570 1405 1657 1441 Ser-

1004 1475 1101 1499 mon.
1118 1462 1260 1499 LXXII
1286 1474 1322 1511 p.
1354 1461 1436 1502 443
1464 1460 1544 1497 coll.
1564 1460 1656 1497 Dio-

1004 1532 1088 1568 gen.
1105 1519 1230 1558 Laert.
1252 1517 1361 1566 Vssl,
1393 1518 1447 1559 43
1467 1517 1553 1567 ibiq.
1573 1516 1655 1555 Me-

1006 1588 1092 1626 nag.

1179 1660 1211 1698 C
1223 1673 1244 1697 a
1253 1673 1289 1712 p.
1319 1656 1488 1697 CXCIX.

1062 1743 1085 1785 ὁ
1106 1742 1149 1784 δὲ
1172 1742 1222 1796 δή
1244 1744 1442 1795 αἴσχιστος
1468 1744 1551 1781 ταῖν
1580 1737 1653 1781 νό-

1004 1817 1090 1853 μων
1113 1801 1191 1841 ἔστι
1213 1817 1249 1840 κ.
1267 1816 1298 1839 τ.
1323 1799 1373 1850 λ.]
1408 1801 1514 1844 Quae
1541 1800 1654 1836 refert

1001 1859 1071 1896 hoc
1096 1859 1215 1908 capite
1243 1858 1478 1901 Herodotus,
1517 1855 1653 1905 pariter

1000 1920 1192 1952 narrantur
1209 1927 1231 1951 a
1248 1915 1368 1951 Strab.
1387 1911 1474 1950 XVI
1493 1924 1529 1961 p.
1545 1912 1651 1951 1081

1001 1970 1081 2009 coll.
1111 1970 1251 2009 Aelian.
1283 1970 1327 2006 V.
1348 1969 1396 2006 H.
1420 1967 1484 2014 IV,
1506 1971 1540 2008 1.
1591 1967 1652 2003 In-

999 2027 1122 2079 primis
1141 2039 1226 2064 vero
1242 2026 1312 2062 huc
1329 2026 1413 2062 facit
1439 2024 1578 2061 Iesaiae
1596 2023 1652 2060 lo-

1000 2097 1062 2120 cus
1084 2083 1122 2119 in
1143 2082 1297 2132 Epistol.
1315 2081 1489 2129 (Baruch.
1510 2079 1651 2127 V1,42.

1000 2140 1054 2180 43
1085 2139 1172 2188 ibiq.
1200 2138 1444 2188 interprett.).
1510 2135 1651 2174 Nostra

999 2200 1141 2242 aetate,
1172 2198 1211 2231 ut
1239 2195 1328 2231 alios
1356 2200 1516 2240 taceam,
1545 2205 1651 2230 accu-

998 2252 1109 2289 ratius
1129 2253 1165 2287 in
1196 2251 1376 2288 Herodoti
1403 2249 1649 2286 narrationem

996 2308 1180 2357 inquisivit
1196 2308 1361 2356 Heynius
1389 2307 1427 2343 in
1453 2306 1651 2343 Commen-

997 2368 1061 2401 tat.
1093 2364 1216 2401 societ.
1245 2365 1412 2412 Gotting.
1444 2367 1531 2399 tom.
1560 2361 1649 2399 XVI

996 2433 1081 2472 pag·
1115 2422 1169 2461 30
1198 2434 1322 2470 seqq.:
1369 2419 1463 2468 „De
1489 2418 1650 2469 Babylo-

997 2479 1132 2514 niomm
1172 2479 1334 2514 instituto
1372 2476 1559 2524 religioso,
1606 2477 1648 2511 ut

998 2532 1153 2570 mulieres
1199 2534 1247 2569 ad
1301 2533 1439 2570 Veneris
1486 2531 1648 2581 templum

992 2591 1231 2640 prostarent.“
1271 2589 1347 2626 Ubi
1366 2589 1435 2626 hoc
1453 2588 1575 2638 posuit
1594 2588 1647 2624 vir

997 2647 1144 2683 doctus:
1195 2646 1362 2694 antiquos
1409 2644 1645 2694 Babylonios,

995 2706 1089 2739 teste
1124 2702 1205 2752 ipso
1234 2702 1425 2739 Herodoto
1455 2701 1512 2748 (l,
1531 2701 1646 2749 196),

996 2759 1140 2807 nuptias
1167 2757 1369 2808 puellarum
1396 2757 1537 2808 publica
1555 2770 1645 2795 ven-

996 2814 1134 2851 ditione
1145 2826 1295 2864 parasse
1315 2813 1440 2851 solitos
1461 2826 1562 2859 esse;
1581 2813 1644 2862 qui

995 2883 1076 2907 mos
1096 2883 1177 2907 cum
1211 2870 1249 2907 in
1277 2870 1550 2908 desuetudinem
1566 2869 1645 2907 abi-

995 2926 1102 2977 isset,
1146 2926 1311 2979 coepisse
1346 2926 1425 2965 illos
1471 2927 1565 2965 filias
1594 2925 1643 2964 ad
