1805 3315
391 229 446 267 1⁰
799 224 1265 264 HERODOTI

389 333 590 390 δευτέρης
622 332 793 390 ἀδικίης
822 333 1039 390 γενέσθαι.
1096 332 1463 386 καταπλώσαντας
1488 335 1572 391 γὰρ
1593 352 1671 391 μα-

388 419 477 473 κρῇ
506 417 582 471 νηῒ
614 413 657 465 ἐς
682 410 798 456 Αἷοίν
822 429 865 457 τε
891 411 972 469 τὴν
1002 415 1192 469 Κολχίδα
1219 415 1294 457 καὶ
1321 414 1391 457 ἐπὶ
1424 417 1566 457 Φᾶσιν
1595 428 1672 458 πο-

389 494 550 551 ταμὸν,
601 493 826 546 ἐνθεῦτεν,
881 492 1256 548 διαπρηξαμένους
1304 493 1375 536 καὶ
1409 492 1542 536 τᾶλλα
1580 496 1671 537 τῶν

412 575 433 590 η
595 571 605 586 ‚
647 574 657 588 ,
849 571 861 586 e
943 570 953 584 r
1131 576 1149 584 -
1326 571 1335 585 ,
1459 571 1467 584 .

365 583 551 620 4εινεκεν
581 589 789 627 απικατο,
835 583 1027 629 αρπασαι
1068 588 1147 616 του
1188 575 1386 629 βασιλεος
1422 589 1502 628 την
1534 577 1670 629 θυγα-

344 743 486 781 monuit
503 741 630 790 Heyse
651 739 817 784 Quaestt.
835 739 1002 778 Herodd.

343 813 382 850 p.
401 801 475 845 67,
509 798 559 834 ita
586 798 624 834 in
650 797 739 846 ipsis
762 797 855 834 adeo
882 797 1001 834 verbis

343 855 498 904 singulis
518 858 626 902 atque
645 853 885 889 locutionibus
903 854 1000 890 idem

342 911 615 960 quodammodo
635 908 754 945 valere
775 908 927 946 videtur.
954 910 998 947 cf.

343 966 485 1004 Herod.
514 965 544 1012 1,
573 967 624 1012 8,
650 965 717 1006 32-

400 1044 734 1095 καταπλώσαντας
764 1044 838 1101 γαρ
871 1048 1002 1102 μακρῇ

343 1107 418 1157 νηῒ
447 1121 482 1145 κ.
510 1120 542 1144 τ.
576 1108 645 1150 λ.]
699 1103 854 1154 Longae
890 1117 1001 1141 naves

345 1164 497 1201 Graecis
577 1161 789 1212 plerumque
852 1161 1002 1198 bellicae

344 1224 468 1266 erant,
490 1219 669 1255 rotundae
704 1218 917 1255 commercio
947 1217 1002 1253 in-

344 1276 562 1314 serviebant.
591 1273 725 1322 Longa
755 1287 848 1311 nave
866 1274 1001 1324 primus

344 1345 432 1369 usus
460 1332 572 1369 fuisse
603 1333 715 1368 fertur
742 1330 852 1367 Iason
883 1329 1000 1380 (Plin.

343 1387 441 1426 Hist.
473 1387 560 1424 Nat.
590 1387 676 1433 VII,
710 1386 790 1435 56)
820 1388 857 1423 in
881 1387 1002 1435 Argo-

343 1449 534 1482 nautarum
555 1443 795 1494 expeditione.
832 1443 916 1486 Qua
943 1447 1000 1478 ta—

341 1514 429 1539 men
459 1500 604 1538 heroica
625 1504 744 1537 aetate
777 1513 819 1537 ac
843 1499 900 1537 sel
931 1512 1000 1549 po-

341 1561 424 1595 stea
463 1556 582 1605 longis
624 1556 775 1592 navibus
813 1556 921 1594 etiam
961 1555 999 1591 in

340 1626 383 1651 re
430 1612 645 1650 mercatoria
699 1612 860 1650 Graecos
911 1624 998 1648 usos

340 1683 424 1707 esse
445 1669 618 1707 videmus.
639 1668 720 1705 Vid.
739 1669 833 1705 infra
851 1668 889 1715 I,
916 1669 996 1708 163

339 1730 378 1763 ct
410 1739 504 1774 quae
529 1725 577 1762 ad
610 1723 756 1774 Olymp.
793 1725 998 1761 Comment.

338 1781 379 1818 in
420 1781 515 1818 Plat.
560 1779 672 1818 Alcib.
716 1794 755 1832 p.
796 1783 850 1822 71
893 1784 999 1817 nota-

338 1837 391 1875 vit
418 1838 482 1876 Cr.

397 1919 436 1968 ἒς
454 1915 563 1959 Αἶαν
590 1935 629 1960 τε
651 1917 725 1972 τήν
741 1919 916 1971 Κολχίδα
928 1917 996 1959 καὶ

338 1975 407 2018 ἐπὶ
441 1978 573 2016 Φᾶσιν
593 1974 794 2027 ποταμόν]
833 1977 901 2014 Vix
919 1979 995 2014 suf-

339 2034 481 2081 ficient,
527 2047 638 2082 quae,
694 2033 865 2071 laudante
908 2033 993 2082 Cr.,

338 2089 471 2138 Heyne
498 2090 536 2126 in
555 2091 731 2128 Observv.
758 2091 806 2127 ad
823 2090 991 2140 Apollod.

337 2145 375 2192 I,
406 2149 452 2193 9,
483 2145 538 2188 24
564 2147 636 2184 fine
661 2160 747 2197 pag.
780 2147 832 2188 85
854 2148 993 2183 notaw't

337 2202 386 2239 de
411 2215 498 2240 voce
525 2198 614 2250 αἶα,
644 2204 666 2240 i.
696 2216 726 2241 e.
754 2206 868 2254 γαῖα,
896 2204 993 2240 unde

336 2258 459 2295 fictum
483 2259 647 2296 videatur
673 2263 709 2297 et
732 2260 830 2296 urbis
859 2272 993 2297 nomen

336 2314 374 2351 in
399 2314 572 2353 Colchide
595 2320 632 2353 et
658 2314 801 2362 Αἰαῖος
824 2329 891 2366 pro
913 2315 992 2353 Col-

336 2370 457 2407 chicus
483 2375 520 2409 et
543 2371 649 2409 Circe
675 2372 790 2409 Aeaea
811 2372 991 2409 eiusdem-

336 2439 409 2475 que
426 2427 542 2464 insula
572 2427 706 2467 Αἰαῖα.
737 2428 873 2465 Plinius
893 2428 990 2465 Hist.

337 2481 424 2520 Nat.
438 2483 500 2529 VI,
518 2482 545 2524 4
562 2484 689 2522 urbem
706 2485 869 2522 nominat
883 2485 992 2521 Aetam

336 2538 435 2575 iuxta
475 2539 612 2576 Phasin
653 2542 821 2588 fluvium,
882 2554 991 2590 quam

338 2594 464 2631 urbem
500 2596 638 2643 regiam
674 2598 844 2634 describit
878 2597 991 2647 Apol-

338 2649 410 2686 lon.
436 2650 557 2687 Rhod.
587 2651 650 2698 ΙΙΙ,
675 2655 757 2694 213
780 2666 860 2702 sqq.
881 2658 992 2703 atque

337 2704 449 2743 Diod.
476 2706 539 2754 IV,
563 2706 616 2748 48
636 2708 722 2758 ibiq.
740 2709 896 2746 Wessel.
914 2709 991 2747 An-

335 2762 473 2811 tiquam
505 2763 721 2801 Colchorum
749 2766 899 2812 urbem,
931 2766 994 2802 ubi

337 2819 435 2867 regis
453 2819 562 2856 sedes
581 2821 719 2867 suerat,
751 2820 917 2870 Sybarim
935 2822 993 2858 hic

335 2874 514 2926 appellat,
560 2888 713 2925 quocum
752 2875 816 2914 Cr.
855 2879 993 2916 confert

1059 736 1257 776 Matsham.
1277 737 1446 774 Chronic.
1465 740 1606 788 p.382.
1636 737 1714 775 Sed

1058 796 1208 846 propius
1250 795 1318 831 huc
1370 795 1499 832 eodem
1541 797 1714 831 monente

1057 856 1245 901 spectant,
1292 863 1387 899 quae
1424 851 1462 886 in
1510 849 1620 887 schol.
1662 850 1712 887 ad

1055 907 1224 957 Apollon.
1244 907 1365 944 Rhod.
1390 907 1444 954 Π,
1474 905 1555 947 417
1581 906 1712 954 legim-

1057 967 1130 999 tur:
1160 961 1189 1013 ἦ
1204 958 1315 1011 Αἶα,
1345 958 1456 1009 πόλις
1475 964 1545 1012 τῆς
1568 961 1709 1012 Κολχί-

1059 1018 1142 1065 δος·
1180 1014 1279 1067 αὕτη
1318 1015 1383 1057 ἐπ’
1421 1015 1600 1069 ἐσχάτοις
1631 1020 1710 1057 κεῖ-

1057 1089 1122 1113 ται
1147 1076 1218 1125 τῆς
1237 1073 1485 1126 οἰκουμένης.
1509 1071 1647 1113 ’Ἀλλοι
1665 1071 1710 1113 δὲ

1058 1128 1132 1190 ‘miv
1168 1133 1244 1183 γῆν
1271 1134 1343 1182 τῆς
1372 1127 1569 1180 Κολχίδος
1605 1130 1711 1177 ἰδίας

1060 1191 1173 1226 αἰαν
1201 1190 1410 1226 καλεῖσθαι
1432 1186 1624 1238 λέγουσιν,
1647 1190 1712 1224 aut

1058 1245 1254 1282 secundum
1286 1244 1423 1280 scholia
1454 1244 1593 1282 Paris.:
1623 1240 1710 1295 ἠδὲ

1056 1297 1139 1339 Αἶα
1161 1300 1337 1340 ἐνταῦθα
1354 1297 1382 1351 ἢ
1395 1296 1468 1351 τήν
1481 1302 1557 1350 γῆν
1574 1298 1713 1345 ἁπλαῖς

1058 1357 1242 1407 σημαίνει
1264 1352 1293 1407 ἢ
1309 1357 1420 1403 ἰδίως
1437 1352 1510 1407 τήν
1534 1355 1712 1407 Κολχίδα

1056 1415 1134 1466 γῆν
1157 1409 1283 1460 οὕτως
1304 1410 1484 1452 ἐκάλουν.
1515 1412 1557 1451 οἵ
1581 1410 1624 1452 δὲ
1641 1410 1710 1451 καὶ

1055 1465 1171 1509 πόλιν
1217 1469 1369 1519 ἔφασαν
1418 1469 1592 1519 Κολχίδα
1632 1465 1710 1519 τήν

1055 1523 1174 1565 Αἶαν.
1231 1526 1281 1563 Et
1326 1527 1373 1563 ad
1409 1526 1483 1573 IV,
1532 1524 1640 1567 1074
1669 1526 1708 1562 in

1055 1583 1198 1620 scholiis
1248 1583 1348 1632 prius
1393 1583 1499 1619 editis
1553 1582 1707 1631 legimus

1054 1639 1181 1678 Αἰαί
1191 1654 1248 1678 αν
1282 1638 1438 1675 insulam
1469 1639 1508 1674 in
1532 1637 1707 1685 Phaside,

1054 1696 1115 1732 ubi
1153 1695 1266 1733 vellus
1298 1708 1445 1732 aureum
1479 1694 1706 1731 reconditum

1054 1752 1180 1799 fuerit,
1218 1752 1444 1800 eandemque
1484 1750 1706 1788 Colchorum

1052 1808 1280 1858 metropolin.
1307 1807 1422 1844 Addit
1449 1807 1606 1855 denique
1634 1806 1704 1843 Cr.

1055 1865 1097 1901 C.
1120 1865 1166 1901 O.
1189 1864 1348 1911 Miiller„
1379 1863 1440 1912 qui
1466 1863 1504 1899 in
1531 1863 1703 1899 Orchom.

1052 1935 1088 1972 p.
1108 1921 1190 1962 274
1216 1925 1301 1971 apte
1321 1919 1479 1966 monuit,
1515 1914 1598 1957 Αἶα
1622 1932 1704 1956 cum

1051 1977 1097 2014 sit
1130 1977 1256 2015 vocula
1295 1976 1492 2013 latissimae
1529 1975 1704 2023 notionis,

1050 2046 1143 2083 quae
1190 2033 1470 2071 remotissimam
1520 2043 1704 2081 quamque

1047 2094 1182 2128 terram
1211 2091 1402 2139 minusque
1430 2088 1613 2136 cognitam
1635 2089 1702 2125 de-

1049 2147 1171 2195 signet
1208 2150 1244 2184 et
1285 2147 1334 2183 ad
1367 2145 1524 2195 priscam
1559 2143 1702 2181 sabulo-

1048 2215 1199 2252 samque
1229 2206 1387 2241 aetatem
1423 2200 1578 2238 maxime
1616 2213 1701 2250 per-

1047 2260 1180 2306 tineat,
1211 2271 1232 2295 a
1259 2263 1365 2311 patre
1394 2258 1565 2294 historiae
1592 2256 1699 2293 addi-

1046 2319 1124 2352 tum
1158 2328 1240 2352 esse
1272 2314 1466 2365 Κολχίδα,
1503 2312 1604 2363 quod
1633 2325 1701 2349 vo-

1047 2371 1234 2419 cabulum,
1272 2385 1353 2409 cum
1378 2371 1581 2417 Homerus,
1619 2369 1701 2407 He-

1046 2429 1189 2475 siodus,
1219 2428 1297 2474 alii,
1326 2428 1506 2476 ignorent,
1534 2429 1620 2476 post
1633 2426 1701 2462 de·-

1046 2498 1144 2521 mum
1177 2484 1387 2531 invaluerit,
1433 2482 1597 2520 consulto
1640 2481 1699 2517 hic

1045 2542 1243 2588 adiectum,
1292 2553 1364 2590 quo
1414 2540 1551 2577 latioris
1597 2537 1699 2574 vocis

1045 2597 1117 2634 w'm
1137 2598 1333 2635 accuratius
1357 2596 1515 2633 definiat.

1103 2648 1288 2698 ἀπίκατο]
1319 2653 1379 2690 De
1402 2653 1468 2688 hac
1486 2649 1697 2700 plusquam-

1046 2710 1196 2761 perfecti
1220 2711 1338 2747 forma
1361 2707 1445 2744 alibi
1464 2719 1610 2756 quoque
1630 2706 1699 2743 ob-

1045 2766 1104 2802 via
1130 2766 1219 2814 (IV,
1251 2764 1330 2806 140
1364 2763 1452 2811 VII,
1498 2764 1576 2804 153
1607 2763 1698 2810 etc.)

1046 2827 1192 2873 praeter
1217 2819 1419 2869 Schweigh.
1445 2819 1493 2857 ad
1518 2820 1552 2856 h.
1574 2819 1598 2858 l.
1622 2818 1697 2857 vid.

1047 2877 1177 2916 Matth.
1194 2876 1231 2929 ἓ.
1249 2879 1345 2925 204,
1365 2879 1392 2918 6
1418 2889 1455 2929 p.
1474 2877 1569 2917 377.
