1759 3324
518 235 943 279 EUTERPE.
991 235 1039 274 11.

1318 237 1403 276 639

107 359 130 392 2>
142 351 499 408 χειμεριωτάτους
537 351 678 404 μῆνας
716 345 922 399 τέσσερας
951 344 1088 389 ἐσθίει
1119 342 1267 388 οὐδέν.
1325 343 1401 387 ἐόν
1415 351 1459 385 26

137 432 183 475 δὲ
212 430 479 485 τετράπουν,
519 431 723 484 χερσαῖον
759 425 833 470 καὶ
868 429 1073 482 λιμναῖον
1103 423 1211 468 ἐστί·
1270 424 1401 467 τίκτει

75 638 167 676 liter.
184 637 302 674 fascic.
322 637 355 674 Π
385 636 478 685 (Ien.
502 636 630 685 1801)
652 636 728 674 init.

75 695 234 732 Primum
253 693 370 731 locum
390 694 531 731 obtinet
548 694 731 730 Aristote-

76 751 151 796 les,
182 754 296 787 totam
325 752 403 788 fere
429 750 613 787 Herodoti
639 764 729 787 nar-

75 807 254 845 rationem
284 812 473 857 repetens,
501 807 582 844 hist.
606 820 664 844 an.
682 807 729 855 Π,

78 867 141 905 10.
172 864 218 912 V,
245 865 300 905 33
331 863 408 901 coll.
440 863 546 911 Vlll,
576 864 626 905 15
659 868 727 902 etc.

77 921 242 964 Quocum
280 921 380 970 iung.
409 920 565 958 Diodor.
599 921 636 968 Ι,
662 921 729 962 35.

74 975 254 1014 Ammian.
298 976 457 1014 Marcell.
510 977 636 1024 XXII,
679 976 730 1018 15

77 1031 113 1084 ἓ.
140 1033 189 1074 15
212 1047 314 1083 seqq.
348 1034 458 1081 alios,
487 1035 548 1083 qui
578 1034 634 1072 vel
652 1034 731 1072 He-

75 1092 245 1127 rodotum
274 1090 329 1128 vel
356 1090 591 1129 Aristotelem
622 1090 731 1141 plane

76 1151 288 1196 sequuntur.
347 1147 445 1184 Inter
473 1161 556 1194 eos,
591 1148 652 1196 qui
673 1161 732 1185 re-

76 1204 226 1241 centiori
256 1208 374 1242 aetate
404 1204 440 1240 in
463 1204 554 1241 haec
580 1204 732 1253 inquisi-

75 1264 206 1297 verunt
218 1289 228 1307 ,
241 1261 402 1310 inprimis
421 1261 558 1297 consuli
571 1261 708 1298 debent
721 1274 729 1298 :

75 1317 211 1354 Canius
238 1318 285 1353 ad
308 1316 459 1354 Aristot.
490 1317 571 1354 hist.
587 1316 731 1354 animal.

74 1375 279 1411 versionem
310 1373 504 1420 Gallicam,
542 1378 643 1410 tomo
674 1388 733 1413 se-

75 1431 214 1475 cund03
245 1430 487 1468 Schneiderus
509 1431 557 1466 ad
577 1430 729 1468 Aristot.

75 1487 158 1523 hist.
182 1500 240 1524 an.
261 1487 315 1534 V,
336 1490 388 1528 27
419 1491 442 1523 t.
457 1486 505 1523 IV
527 1500 614 1537 pag.
632 1487 726 1528 415.

76 1543 180 1590 416,
205 1548 242 1580 et
272 1544 309 1579 in
337 1543 425 1580 libro
446 1543 593 1580 laudato
614 1544 729 1580 histo-

75 1600 150 1637 riae
195 1599 489 1649 amphibiorum3
527 1600 726 1649 Ge'offroy:

75 1685 100 1703 ,‚
117 1657 369 1693 observations
387 1670 448 1693 sur
465 1656 516 1694 les
535 1656 726 1694 habitudes

76 1713 272 1750 attribuees
325 1725 391 1762 par
430 1713 622 1751 Herodote
658 1726 728 1750 aux

76 1768 272 1806 crocodiles
300 1770 351 1806 du
379 1768 489 1817 Nil,‘⁴
527 1771 563 1805 in
592 1770 725 1807 annall.

75 1826 126 1862 du
167 1826 288 1862 musee
325 1825 444 1862 d’hist.
482 1831 555 1863 nat.
591 1827 725 1874 (Paris.

75 1883 204 1929 1807)
236 1887 260 1919 t.
283 1882 335 1918 IX
367 1895 402 1931 p.
424 1884 506 1923 373
533 1896 659 1932 seqq.3
691 1887 728 1921 et

74 1939 216 1975 Cuvier.
234 1951 320 1985 „sur
332 1938 384 1975 les
397 1939 607 1977 differentes
620 1941 727 1990 espe-

73 2008 131 2033 ces
156 1995 203 2032 de
225 1995 427 2032 crocodils“
457 1996 573 2043 (ibid.
597 1997 630 2032 X
646 2011 682 2047 p.
700 1999 726 2038 8

73 2052 219 2100 seqq.)·‚
263 2051 433 2088 Minutoli
455 2051 667 2102 Nachtrkige
692 2067 725 2091 z.

71 2108 184 2145 Reise
204 2122 286 2144 zum
308 2108 465 2159 Tempel
487 2114 553 2146 etc.
583 2123 618 2160 p.
646 2110 725 2151 154

73 2177 176 2214 seqq.
234 2163 431 2202 Praeterea
464 2167 621 2203 maxima
646 2180 726 2204 cum

72 2220 224 2258 utilitate
245 2221 435 2258 adhibebis
446 2222 664 2272 peculiarem
678 2225 726 2261 de

72 2277 260 2314 crocodilis
278 2277 437 2314 libellum
452 2307 462 2325 ,
493 2280 554 2328 qui
574 2279 644 2317 hoc
656 2294 723 2317 no-

71 2333 168 2371 mine
179 2334 295 2371 editus
307 2338 364 2372 est
375 2348 383 2372 :
393 2334 433 2372 N
435 2337 725 2384 aturgeschichte

74 2389 140 2426 der
166 2389 383 2440 Amphibien
409 2405 481 2428 von
499 2392 560 2429 Fr.
583 2393 724 2432 Tiede-

73 2458 202 2493 mann,
231 2446 281 2483 M.
311 2447 434 2497 Oppel
458 2449 534 2485 und
563 2449 589 2486 Ι.
611 2450 725 2488 Libo-

75 2501 198 2538 schitz.
231 2506 331 2544 1stes
344 2504 436 2542 Heft
464 2505 722 2557 (Heidelberg.

76 2558 215 2606 1817).
271 2559 339 2596 Est
367 2573 479 2609 vero,
513 2566 553 2599 ut
577 2576 622 2600 ex
652 2564 723 2602 hoc

74 2612 165 2650 libro
193 2615 328 2664 optime
356 2617 589 2666 intelligitur,
620 2622 722 2671 apud

72 2668 300 2709 Herodotum
318 2673 552 2722 cogitandum
579 2676 626 2714 de
647 2690 722 2714 cro-

73 2724 186 2762 codilo
206 2727 351 2777 vulgari
379 2743 408 2767 s.
430 2729 610 2780 Nilotica,
648 2746 722 2783 quo

73 2781 219 2820 nomine
245 2784 290 2821 ab
325 2784 403 2824 aliis
433 2787 585 2826 aliarum
607 2793 724 2827 terra-

72 2850 150 2931 ruin
177 2840 365 2879 crocodilis
403 2842 512 2894 vulgo
548 2845 725 2897 distingui

72 2906 114 2931 so
129 2897 179 2932 et.

855 632 949 682 τούς
977 628 1303 686 χειμεριωτάτους
1327 635 1458 685 μῆνας

798 690 982 744 τέσσερας
1005 691 1133 731 ἐσθίει
1154 688 1296 742 οὐδέν]
1319 692 1456 729 Plinius

800 750 881 787 hist.
908 755 983 787 nat.
1002 749 1111 798 Vlll,
1137 749 1190 790 25
1220 762 1288 800 per
1312 762 1456 786 menses

797 807 970 844 hibernos
1018 806 1220 843 crocodilos
1261 806 1299 844 in
1342 806 1456 843 antris

797 862 911 901 latere
943 864 1040 901 dicit.
1101 863 1212 907 Quod
1240 862 1456 900 Herodotus

799 921 944 967 scribit,
975 920 1195 958 crocodilum
1214 933 1281 970 per
1301 923 1457 969 quatuor

799 990 943 1015 menses
963 978 1136 1015 hibernos
1157 976 1243 1013 nihil
1254 977 1376 1023 edere,
1389 977 1457 1013 mi-

797 1047 876 1070 rum
917 1035 1044 1083 utique
1081 1034 1285 1081 videbitur,
1325 1046 1456 1081 quam-

800 1103 909 1140 quam
927 1091 1048 1141 ipsum
1061 1104 1127 1141 per
1147 1104 1186 1127 se
1202 1103 1277 1126 non
1299 1089 1456 1127 alienum

801 1151 859 1184 est
881 1160 903 1184 a
920 1147 1102 1197 reptilium
1123 1151 1265 1183 natura.
1308 1146 1361 1184 Ac
1381 1148 1456 1183 for-

802 1217 867 1241 san
884 1204 1086 1241 crocodilos
1106 1205 1141 1240 in
1166 1203 1277 1241 Delta
1296 1204 1456 1254 respexit

801 1264 947 1308 auctor,
969 1261 1048 1309 qui,
1071 1260 1171 1298 coelo
1188 1264 1224 1297 et
1245 1262 1330 1298 aere
1350 1261 1456 1309 frigi-

801 1318 904 1355 diore
932 1318 1085 1354 forsitan
1114 1317 1243 1367 sopiti,
1274 1316 1453 1355 alimentis

800 1374 918 1411 minus
937 1375 1172 1423 indigebant3
1193 1373 1301 1422 quale
1319 1375 1365 1412 de
1383 1374 1454 1411 alio

800 1444 935 1480 genere
965 1431 1229 1467 crocodilorum
1260 1431 1296 1467 in
1312 1431 1455 1469 Ameri-

796 1501 860 1525 cae
882 1488 1089 1537 regionibus
1109 1488 1360 1537 frigidioribus
1388 1502 1454 1539 pe-

796 1544 1042 1593 regrinatores
1065 1545 1188 1582 testati
1209 1549 1302 1581 sunt.
1342 1545 1381 1583 N
1385 1559 1454 1583 unc

796 1602 964 1650 quidem,
996 1602 1057 1638 ubi
1076 1603 1257 1639 rarissime
1285 1602 1322 1638 in
1346 1602 1455 1640 Delta

795 1658 958 1695 invenias
994 1659 1217 1706 crocodilos,
1256 1659 1317 1708 qui
1343 1673 1454 1710 supe-

794 1715 949 1751 rioribus
977 1719 1117 1751 tantum
1147 1715 1235 1752 locis
1265 1717 1454 1765 reperiun-

795 1775 873 1818 tur,
911 1784 985 1808 non
1014 1772 1164 1819 mirum,
1206 1772 1340 1810 multos
1374 1786 1454 1810 cro-

795 1826 932 1864 codilos
956 1828 1011 1865 vel
1031 1830 1210 1877 gregatim
1235 1830 1397 1880 conspici
1415 1830 1453 1867 in

793 1884 868 1921 Nili
888 1897 999 1922 arena
1020 1885 1178 1923 iacentes
1200 1899 1267 1936 per
1284 1887 1453 1934 hiemem,

795 1941 893 1990 quod
906 1945 1060 1978 testatur
1071 1942 1238 1979 Minutoli
1250 1942 1272 1978 l.
1286 1943 1306 1980 l.
1321 1957 1356 1993 p.
1371 1944 1452 1985 156

797 2011 872 2046 seq.
893 1997 972 2034 coll.
990 1998 1169 2047 Ge'offroy
1187 2012 1271 2049 pag.
1285 2000 1379 2041 375.
1402 2001 1453 2038 Et

794 2059 920 2091 nostra
940 2067 1086 2104 quoque
1104 2060 1226 2093 aetate
1245 2057 1361 2094 virum
1384 2058 1453 2094 do-

793 2115 891 2148 ctum
919 2112 1170 2160 contendisse,
1199 2112 1321 2162 plures
1349 2127 1453 2152 men-

797 2181 854 2205 ses
893 2168 1111 2206 crocodilum
1151 2170 1230 2207 sine
1271 2170 1452 2209 alimentis

794 2224 913 2262 vivere
931 2238 1064 2276 posse,
1096 2226 1262 2275 intelligo
1291 2241 1335 2265 ex
1363 2228 1453 2266 Tie-

794 2282 966 2318 demanni
998 2282 1090 2319 libro
1115 2282 1137 2319 l.
1170 2296 1256 2333 pag.
1278 2286 1354 2331 36,
1391 2286 1452 2322 ubi

793 2338 891 2374 aliud
912 2339 1114 2390 exemplum
1133 2339 1303 2379 laudatur
1324 2355 1451 2379 croco-

794 2394 877 2442 dili,
907 2395 969 2444 qui
995 2409 1063 2446 per
1089 2398 1348 2446 septemdecim
1370 2399 1449 2437 dies

794 2451 871 2489 siue
923 2451 994 2488 ullo
1040 2453 1262 2491 nutrimento
1309 2456 1448 2494 vixerit.

793 2507 875 2545 Vid.
905 2508 994 2546 ibid.
1023 2522 1108 2559 pag.
1132 2512 1198 2551 69.

846 2564 966 2603 τίκτει
993 2563 1066 2616 μὲν
1105 2563 1181 2619 γάρ
1215 2561 1276 2605 ωὀἳ
1309 2565 1352 2607 ἒν
1382 2569 1450 2624 γῇ,

790 2619 859 2660 καὶ
888 2620 1066 2673 ἐκλέπει]
1096 2622 1250 2662 ἐκλέπει
1276 2623 1300 2661 ἱ.
1323 2638 1355 2662 e.
1387 2638 1451 2662 ex-

791 2677 903 2715 cludit
924 2692 1002 2716 ουα.
1061 2679 1103 2717 In
1130 2693 1170 2718 re
1202 2681 1285 2731 ipsa
1316 2694 1450 2720 conve-

790 2735 895 2771 niunt
918 2739 1070 2774 nostrae
1095 2738 1226 2775 aetatis
1252 2737 1319 2774 viri
1349 2739 1451 2776 docti

792 2794 904 2841 atque
954 2793 1265 2843 peregrinatores.
1352 2795 1451 2833 Vide

794 2847 1040 2887 Tiedemann.
1063 2849 1086 2886 l.
1109 2849 1132 2886 l.
1153 2863 1242 2902 pag.
1261 2849 1327 2892 53.
1356 2850 1450 2888 Illud

793 2916 905 2942 unum
935 2906 1158 2946 recentiores
1195 2907 1451 2959 peregrinato-
