1777 3324
510 241 597 281 AD
655 239 1034 279 HERODOT.
1074 240 1130 288 ΙΙ,
1169 239 1207 281 5.
1539 244 1625 283 903

107 357 236 395 variari
261 369 328 407 pro
354 356 453 394 varia
481 355 591 405 ipsius
611 357 731 391 terrae
761 353 909 401 indole,
938 353 990 390 ita
1022 356 1081 401 ut,
1121 365 1201 390 cum
1221 351 1334 389 multo
1362 353 1477 391 maior
1503 358 1623 393 terrae

108 427 210 476 copia
234 426 269 461 in
287 423 458 473 Aegypto
478 421 638 459 inferiori
664 421 771 458 fuerit
798 422 976 471 adgesta,
1007 420 1097 457 haec
1126 420 1229 469 regio
1254 421 1370 458 serius
1401 434 1509 470 quam
1540 422 1623 460 reli-

106 506 201 542 quae
232 492 391 541 Aegypti
413 493 537 540 partes
565 493 651 526 nata
677 489 788 527 fuisse
817 489 863 526 sit
898 489 1091 526 censenda.
1159 487 1293 538 Neque
1322 489 1486 538 effugere
1512 503 1622 540 posse

106 561 285 597 sollertem
309 562 461 595 naturae
496 561 753 605 scrutatorem,
800 557 920 606 aliquo
947 560 1135 606 tempore,
1172 556 1337 605 quamvis
1368 556 1622 604 remotissimo,

105 640 183 665 eam
203 631 334 665 terram
349 655 360 673 ,
391 638 485 674 quae
507 638 603 662 nunc
623 624 733 662 Delta
755 624 982 675 appelletur,
1013 624 1175 661 nondum
1195 625 1395 671 exstitisse,
1426 626 1622 675 postmodo

104 697 245 733 demum
262 698 378 731 ortam
398 683 473 730 turn
494 692 577 729 limo
590 721 601 739 ,
635 706 743 741 quem
763 693 893 730 fluvius
917 692 1124 738 advexerit,
1154 695 1232 728 tum
1260 705 1345 729 vero
1366 692 1475 730 etiam
1498 693 1623 739 arena,

102 776 212 813 quam
234 763 331 800 idem
349 775 471 798 secum
493 761 613 798 tulerit
639 761 769 798 fluvius
789 761 963 810 ventique
985 759 1166 796 adflarint.
1229 759 1302 803 Qui
1328 761 1423 798 enim
1452 760 1490 797 in
1512 773 1623 811 supe-

101 832 255 869 rioribus
274 829 433 879 Aegypti
450 829 662 878 regionibus
680 833 832 880 propter
851 829 1059 866 celeriorem
1079 828 1178 865 fluvii
1207 841 1350 866 cursum
1372 829 1622 878 maioremque

101 901 280 936 undarum
297 898 366 935 vim
389 897 586 934 subsistere
609 896 708 933 haud
735 896 896 945 potuerit
922 895 1047 946 limus,
1078 910 1160 934 eum
1183 898 1220 934 in
1252 897 1414 934 inferiori
1435 895 1620 946 Aegypto,

100 967 161 1004 ubi
180 967 277 1004 fluvii
296 965 410 1003 exitus
435 965 472 1001 in
492 977 613 1010 mare,
644 957 843 1003 subsistere
865 977 1014 1003 necesse
1040 965 1176 1013 fuisse,
1205 966 1315 1002 fluvio
1343 965 1479 1002 scilicet
1501 966 1620 1002 minus

100 1035 229 1084 rapido
248 1046 314 1071 nec
341 1034 463 1070 limum
484 1032 630 1069 ulterius
657 1032 791 1069 vehere
813 1032 965 1070 valente.
1026 1033 1118 1070 Cum
1146 1034 1257 1082 igitur
1288 1034 1410 1070 medio
1440 1034 1478 1070 in
1509 1033 1621 1070 fluvio

98 1101 174 1138 limi
190 1106 227 1139 et
250 1113 383 1138 arenae
409 1101 514 1151 copia
543 1100 764 1137 substitisset
789 1100 930 1150 paludis
959 1101 1008 1137 ad
1033 1102 1152 1138 instar
1180 1106 1243 1138 aut
1272 1106 1436 1150 syrteOS,
1467 1113 1620 1138 necesse

99 1169 246 1205 fluvium
275 1168 446 1206 dissecari
476 1168 513 1204 in
543 1168 616 1204 duo
645 1168 813 1215 brachia,
845 1181 941 1218 quae
963 1168 1134 1219 paludem
1163 1183 1191 1206 s.
1221 1173 1391 1218 stagnum
1419 1169 1456 1205 in
1485 1172 1621 1206 terram

98 1238 343 1274 continentem
371 1235 545 1286 paulatim
566 1248 779 1272 conversum
807 1238 975 1286 utrinque
1007 1236 1243 1274 includerent.
1303 1237 1400 1274 Hinc
1428 1236 1516 1273 bina
1544 1234 1621 1272 Nili

99 1306 193 1342 ostia
212 1305 412 1355 primitiva,
433 1304 661 1354 Canopicum
682 1308 717 1341 et
733 1304 983 1352 Pelusiacum3
1005 1306 1051 1342 de
1069 1305 1200 1354 quibus
1219 1305 1291 1342 vid.
1314 1309 1405 1344 nott.
1425 1305 1473 1341 ad
1486 1304 1533 1351 Il,
1554 1305 1619 1344 17.

97 1372 242 1410 Addam
267 1373 450 1421 denique,
490 1385 584 1422 quae
603 1373 641 1409 in
671 1374 825 1410 eandem
856 1387 932 1411 rem
962 1378 1087 1411 monet
1122 1374 1274 1412 Dureau
1302 1374 1348 1411 de
1375 1373 1410 1410 la
1438 1371 1552 1409 Malle
1581 1371 1620 1407 in

98 1441 299 1492 geograph.
323 1441 503 1492 physique
524 1441 572 1479 de
601 1441 636 1478 la
663 1453 741 1479 mer
771 1442 873 1479 noire
901 1455 938 1492 p.
961 1441 1016 1483 42
1044 1454 1146 1491 seqq.
1178 1442 1256 1480 coll.
1281 1443 1334 1483 23
1353 1454 1429 1490 seq.
1461 1439 1515 1482 25
1539 1451 1616 1488 seq.

97 1508 187 1546 Tria
214 1508 273 1547 ille
305 1510 534 1560 potissimum
563 1509 736 1559 distingui
764 1509 841 1546 vult
870 1510 908 1546 in
936 1510 1015 1547 solo
1041 1510 1221 1547 inferioris
1244 1509 1425 1560 Aegypti:
1461 1509 1619 1559 primum

95 1577 235 1627 lapides
262 1590 303 1615 ac
325 1590 412 1616 saxa
432 1578 602 1626 calcaria,
635 1579 773 1615 dudum
801 1590 897 1627 quae
921 1577 989 1615 illic
1014 1579 1170 1627 fuerint,
1199 1592 1268 1617 nec
1287 1578 1387 1615 fluvii
1415 1575 1618 1614 adluvioni-

96 1645 162 1681 bus
183 1649 303 1682 ortum
321 1647 501 1692 debeant,
531 1647 615 1684 dein
635 1658 782 1684 arenam
803 1647 1015 1693 advectam,
1046 1651 1122 1684 tum
1142 1648 1242 1684 fluvii
1263 1647 1385 1684 limum
1399 1675 1409 1693 ,
1439 1658 1512 1695 quo
1540 1657 1618 1681 ma-

95 1725 169 1761 gna
189 1713 297 1749 maris
319 1726 404 1763 pars
423 1715 568 1765 expleta
588 1715 721 1761 fuerit,
753 1714 951 1751 accedente
984 1714 1088 1751 simul
1119 1727 1231 1752 arena
1253 1728 1275 1752 a
1293 1714 1409 1752 ventis
1436 1714 1506 1750 huc
1530 1725 1616 1750 con-

95 1783 202 1828 ssata,
234 1786 272 1819 et
300 1782 552 1820 cohibentibus
581 1782 651 1819 illis
681 1782 796 1828 saxis,
827 1794 924 1831 quae
953 1783 1072 1819 adhuc
1099 1782 1137 1819 in
1167 1782 1331 1819 litoribus
1362 1781 1615 1819 Alexandrinis

97 1849 168 1885 sint
184 1850 395 1898 conspicua,
422 1852 601 1888 undarum
632 1851 739 1888 maris
773 1849 981 1887 alluentium
999 1851 1093 1898 vim,
1123 1863 1196 1899 quo
1227 1850 1367 1888 facilius
1394 1849 1498 1886 limus
1530 1848 1616 1885 sub-

95 1917 223 1954 sistere
244 1921 280 1954 et
300 1917 488 1955 interram
508 1920 663 1956 evadere
686 1919 855 1968 potuerit.
914 1918 1007 1955 Eam
1036 1919 1147 1967 igitur
1174 1919 1360 1967 regionem
1389 1929 1517 1955 revera
1545 1929 1614 1967 pro

94 1983 170 2021 Nili
193 1984 292 2021 dono
312 1998 393 2022 esse
415 1986 640 2034 habendam,
675 1999 754 2023 cum
780 1986 817 2022 in
836 1986 913 2023 dies
934 1986 992 2023 illa
1010 1986 1085 2023 Nili
1117 1986 1415 2022 inundationibus
1435 1989 1615 2034 augeatur

94 2056 132 2090 et
159 2057 307 2090 crescat.
366 2054 424 2091 De
454 2055 548 2092 saxis
575 2055 641 2092 illis
660 2083 671 2103 ,
712 2067 806 2105 quae
846 2054 998 2093 multum
1026 2054 1235 2101 valuerint,
1273 2053 1436 2092 Ritterus
1465 2066 1614 2104 quoque

92 2125 218 2158 monet
242 2134 329 2173 pag.
350 2122 430 2163 855
451 2121 473 2159 l.
493 2122 514 2158 l.
