1759 3324
516 263 936 305 EUTERPE.
992 264 1035 301 [Ι.

14 380 113 428 154
138 380 246 424 κατά
276 377 354 434 τήν
391 375 603 430 Ἑλλήνων
640 371 842 428 γλῶσσάν
877 371 967 416 ἐστι
992 371 1206 427 ’Έπαφος.

1313 266 1396 305 839

135 459 180 503 δὲ·
212 458 333 500 Ἴωσι
369 455 441 498 καὶ
490 457 602 495 τοῖσι
662 451 1159 508 συγκατεργασαμένοισι
1207 448 1326 508 αὐτῷ
1370 450 1393 494 ὁ

140 537 407 591 Ψαμμίτιχος
445 533 594 575 δίδωσι
633 531 804 587 χώρους
841 531 1064 586 ἐνοικῆσαι
1103 527 1279 581 ἀντίους
1318 528 1394 573 ἆλ-

131 614 298 670 λήλων,
329 616 408 655 τοῦ
440 614 604 654 Νείλου
634 611 682 654 τό
715 611 847 666 μέσον
878 611 1072 665 ἔχοντος·
1112 613 1225 651 τοῖσι
1260 608 1391 652 οὐνό-

97 701 241 749 Ξματα
279 691 401 747 ἐτέθη
433 691 732 744 Στρατόπεδα.

790 689 975 740 τούτους
1011 704 1056 731 τε
1094 687 1147 744 δή
1180 699 1258 743 σφι
1287 688 1391 739 τοὺς

1272 376 1393 415 Τοῖσι
1406 378 1565 438 45ἓὲῐυηι
1585 382 1632 409 dat
1649 382 1726 408 loni.

1473 421 1506 438 us
1532 420 1561 440 et
1591 416 1727 451 Carnum,

1453 453 1525 478 quus
1545 449 1658 475 Amasis
1678 458 1726 496 pu-

1453 484 1518 505 elea
1577 482 1727 515 Meum-:iu

1453 512 1615 547 traductos,
1630 517 1666 542 ad
1677 525 1726 543 ‹⁸11-

1452 546 1578 573 stodiam
1595 550 1727 583 corporis

1450 577 1564 606 habuit:
1584 582 1667 614 origo
1682 583 1727 609 in-

1449 615 1614 647 terpretum
1628 614 1656 641 iii
1672 618 1726 642 Ae-

1449 650 1574 686 gyptsss·
1595 656 1642 674 res
1672 650 1725 675 Ae-

1449 683 1534 718 gypti
1566 688 1623 707 iam
1660 690 1725 708 cer-

1449 716 1507 740 tius
1525 714 1676 748 cognitae.

129 769 299 828 χώρους
335 772 509 822 δίδωσι,
541 770 614 814 καὶ
643 769 778 812 τᾶλλα
808 768 862 812 τοὶ
891 767 1099 824 ὑπέσχετο
1120 766 1263 811 πάντα
1288 766 1393 810 ἄπὲ-
1406 776 1452 809 50

130 853 262 894 δωκε·
311 850 384 893 καὶ
414 850 466 905 δὴ
498 850 571 892 καὶ
600 852 759 900 παῖδας
796 848 1013 904 παρέβαλε
1052 846 1225 890 αὐτοῖσι
1255 848 1392 901 Αἰγυ-

101 932 310 982 3πτίους,
345 928 426 985 τὴν
449 927 634 972 Ἑλλάδα
663 933 866 984 γλῶσσαν
896 926 1242 971 ἐκδιδάσκεσθαι.

1304 924 1390 969 ἀπό

131 1010 177 1053 δὲ
206 1007 375 1052 τούτων
414 1007 695 1063 ἐκμαθόντων
735 1007 815 1064 τὴν
843 1011 1044 1063 γλῶσσαν
1075 1007 1118 1049 οἱ
1147 1009 1230 1049 νῦν
1261 1005 1391 1061 ἑρμη-

102 1089 225 1139 weles
255 1088 301 1131 ἐν
330 1085 537 1145 Αἰγύπτῳ
566 1086 782 1144 γεγόνασι.

75 1319 217 1355 modam
238 1319 361 1354 sedem
389 1316 549 1354 habeant
574 1316 646 1362 Ill,
671 1318 723 1357 27

74 1380 110 1413 et
132 1377 196 1415 28.
257 1375 297 1410 ln
317 1378 531 1421 argumento
552 1373 619 1410 loci
638 1385 724 1409 con-

71 1431 170 1468 venit
187 1430 325 1467 Aelian.
347 1429 380 1466 h.
404 1441 436 1465 a.
456 1429 521 1475 Xl,
546 1432 610 1470 10.
643 1428 724 1465 No-

74 1492 147 1524 ster
173 1491 276 1523 vocat
303 1485 492 1535 Epaphum
521 1486 573 1532 II,
594 1487 647 1525 38
673 1485 722 1521 in.

74 1547 110 1581 et
132 1543 204 1590 Ill,
229 1545 303 1589 283
345 1555 463 1590 eoque
491 1543 637 1578 nomine
662 1543 722 1590 ga·-

70 1603 210 1649 gantem
233 1627 244 1645 ,
293 1598 535 1647 magnitudine
574 1600 724 1647 corporis

71 1656 163 1693 alios
191 1655 292 1703 longe
320 1659 533 1704 superantem
572 1654 723 1691 indicari

72 1716 178 1763 putat
205 1711 388 1749 lablonsk.
417 1725 514 1748 vocc.
548 1710 721 1760 Aegyptt.

72 1782 108 1819 p.
132 1768 197 1809 65.
255 1767 343 1804 Aliis
366 1768 506 1805 videtur
532 1781 612 1804 esse
643 1771 722 1803 tau-

71 1838 132 1862 rus
152 1839 178 1861 s.
194 1825 250 1861 bos
266 1828 380 1874 pater,
403 1829 464 1860 aut
484 1828 607 1860 taurus
622 1836 725 1872 prae-

72 1884 205 1931 cipuus.
264 1881 347 1917 Vid.
369 1881 540 1917 Creuzer.
563 1879 725 1928 Symbol.

71 1938 86 1974 I
105 1951 139 1987 p.
159 1941 265 1984 272,
286 1937 346 1986 (lui
369 1937 402 1973 h.
423 1936 444 1973 l.
463 1937 565 1973 addit
585 1936 725 1984 Payne-

70 1994 212 2042 Knight
249 2006 296 2029 on
324 1993 530 2042 symbolical
553 1992 725 2040 languag.

71 2048 109 2101 ἓ.
132 2052 184 2091 28
216 2062 303 2099 pag.
327 2052 393 2092 20.
451 2049 560 2086 Plura
587 2049 658 2086 vid.
678 2049 726 2086 ad

69 2106 139 2154 Ill,
164 2107 230 2147 28.

266 2211 298 2249 C
309 2224 331 2249 a
341 2225 377 2263 p.
407 2211 535 2250 CLIV.

126 2291 391 2349 Στρατόπεδα]
432 2296 539 2334 Conf.
565 2297 621 2345 II,
643 2298 725 2338 112
746 2317 752 2323 ·

71 2353 158 2403 ibiq.
180 2358 270 2391 nott.
300 2353 455 2390 Diodor.
475 2353 584 2390 Sicul.
608 2353 635 2400 Ι,
659 2355 724 2393 67.

71 2430 128 2438 —
165 2409 224 2447 Ad
252 2410 402 2447 verbum
429 2410 588 2447 medium
622 2409 724 2449 ἐκδι-

73 2461 292 2505 δάσκεσθαι
318 2466 570 2513 (αηέεντίεὴΐεη
591 2467 722 2514 lassen)

73 2526 256 2572 spectant,
285 2535 378 2571 quae
405 2522 585 2561 Matthiae
619 2527 724 2560 notat

74 2578 139 2615 Gr.
164 2579 228 2615 Gr.
260 2591 346 2629 pag.
367 2579 448 2619 925
482 2584 558 2616 not.
579 2580 614 2616 b.
655 2579 719 2617 Cr.

75 2635 122 2671 ad
154 2634 244 2672 haec
270 2635 380 2672 verba
418 2632 523 2686 (τήν
553 2632 720 2674 Ἑλλάδα

75 2691 253 2742 γλῶσσαν
276 2686 599 2741 ἐκδιδάσκεσθαι)
636 2705 724 2729 con-

76 2746 159 2783 ferri
178 2746 251 2783 vult
276 2747 567 2786 Winckelmann.
592 2763 679 2799 opp.
706 2748 723 2785 I

75 2814 158 2850 pag.
181 2804 258 2842 122
277 2816 353 2852 seq.
384 2804 441 2841 ed.
466 2805 664 2843 Dresdens.
686 2808 723 2842 et

76 2857 327 2906 Wyttenbach.
359 2860 407 2896 ad
422 2859 601 2899 Plutarch.
630 2874 722 2898 mor.

78 2912 132 2960 ll,
154 2916 174 2954 1
205 2927 240 2964 p.
260 2917 338 2956 161
358 2928 435 2964 seq.

950 1086 961 1100 ἱ
1000 1084 1021 1100 ,Ι
1112 1084 1121 1099 1
1306 1085 1314 1098 ἱ
1381 1086 1393 1101 ρ

845 1088 888 1130 οἱ
921 1088 967 1130 δε
1020 1089 1146 1137 Ιωνες
1173 1102 1217 1129 τε
1247 1102 1319 1128 και
1350 1103 1392 1127 οι

851 1314 892 1355 οἵ
908 1317 984 1354 νῦν
998 1313 1183 1367 ἑρμηνέες
1202 1313 1244 1354 ἕν
1255 1311 1446 1370 Αἰγύπτῳ

791 1369 986 1426 γεγόνασι]
1007 1373 1243 1422 Interpretum
1266 1385 1355 1420 gens
1369 1386 1446 1410 me-

791 1434 952 1467 moratur
966 1429 1060 1465 infra
1080 1429 1125 1476 ll,
1141 1429 1231 1469 164.
1251 1428 1307 1464 Ad
1329 1430 1446 1478 ipsam

792 1499 869 1523 rem
900 1486 1066 1532 faciunt,
1119 1498 1213 1534 quae
1242 1485 1446 1522 Heerenius

790 1542 904 1580 Ideen
931 1542 988 1589 II,
1012 1545 1038 1583 2
1066 1555 1102 1592 p.
1128 1540 1207 1582 145
1234 1542 1446 1592 disputavit,

795 1599 888 1637 bene
919 1599 1122 1635 admonens
1145 1599 1191 1635 de
1209 1598 1316 1645 odio,
1348 1599 1447 1647 quod

792 1656 989 1704 indigenae
1016 1654 1192 1704 Aegyptii
1216 1655 1252 1690 in
1281 1655 1449 1705 peregri-

791 1725 859 1749 nos
891 1712 978 1748 istos
1015 1714 1276 1760 conceperant,
1317 1711 1445 1759 quibus

792 1769 840 1805 ad
875 1781 1028 1816 regnum
1079 1767 1315 1804 obtinendum
1360 1780 1445 1803 usus

794 1829 871 1862 erat
897 1837 981 1870 reX,
1012 1836 1177 1872 quosque
1204 1822 1373 1873 praemiis
1403 1836 1446 1859 ac

792 1881 979 1918 beneficiis
998 1880 1082 1917 inde
1105 1879 1289 1917 affecerat.
1320 1879 1446 1922 Quare

793 1938 855 1987 qui
877 1935 1048 1987 Aegyptii
1067 1936 1171 1986 pueri
1192 1936 1258 1972 illis
1281 1936 1446 1985 peregri-

793 1994 848 2031 nis
876 1993 1087 2029 instituendi
1111 1993 1369 2038 tradebantur,
1400 1991 1444 2028 iis

794 2049 941 2087 minime
968 2049 1065 2086 licuit
1095 2053 1180 2098 post
1208 2049 1256 2085 ad
1287 2048 1444 2096 reliquos

794 2105 998 2156 Aegyptios
1018 2106 1157 2152 redire,
1190 2118 1212 2141 a
1235 2105 1366 2153 quibus
1384 2118 1447 2142 ex-

793 2162 879 2200 clusi
909 2161 1042 2199 nullam
1071 2161 1109 2197 in
1142 2162 1273 2198 tribum
1302 2161 1447 2208 (Kaste

793 2219 903 2268 vulgo
937 2218 1152 2268 appellant)
1190 2217 1446 2267 reciperentur.

793 2276 905 2313 Unde
927 2274 1013 2312 nihil
1041 2275 1169 2323 reliqui
1197 2274 1286 2321 fuit,
1315 2274 1383 2310 nisi
1406 2278 1447 2310 ut

793 2345 890 2369 nova
913 2345 957 2369 ex
985 2331 1051 2368 illis
1068 2332 1180 2368 tribus
1208 2331 1445 2367 constituere-

793 2393 875 2436 tur,
905 2389 1168 2438 interpretum,
1199 2388 1260 2436 qui
1289 2400 1332 2423 eo
1352 2391 1445 2423 tem-

790 2458 911 2495 pore,
956 2457 1029 2493 quo
1068 2444 1218 2481 Graecis
1256 2443 1374 2479 aditus
1405 2443 1443 2478 in

791 2501 999 2551 Aegyptum
1015 2500 1305 2551 permittebatur,
1314 2512 1442 2536 neces-

788 2558 873 2594 sarii
906 2558 1066 2606 indeque
1095 2556 1202 2594 etiam
1236 2556 1443 2604 frequentes

789 2615 902 2652 fuere.
960 2613 1094 2662 Neque
1119 2613 1215 2650 enim
1233 2611 1444 2649 incredibile

793 2675 869 2718 est,
908 2669 1105 2719 plerosque
1146 2670 1360 2719 interpretes
1408 2672 1444 2704 et

791 2727 889 2777 ipsos
910 2730 1128 2763 mercatores
1149 2726 1261 2762 fuisse
1282 2729 1320 2762 et
1345 2737 1444 2761 com-

792 2783 961 2820 mercium
993 2795 1072 2820 eum
1110 2781 1311 2832 peregrinis
1343 2792 1444 2817 exer-

789 2852 917 2877 culsse.
