1768 3315
310 287 395 327 228

312 391 604 450 ἐπανηλόγησε
631 395 778 456 πᾶσαν
806 393 885 451 τὴν
914 394 1082 441 ἑωυτοῦ
1114 394 1344 450 διάνοιαν,
1380 392 1455 438 καὶ
1483 394 1572 436 τῶν

707 286 1174 326 HERODOTI

311 472 583 530 χρηστηρίων
604 466 984 528 τὰς’ὖποκρίσιας,
1011 476 1085 519 καὶ
1112 474 1298 533 μάλιστα
1326 473 1379 518 τοὶ
1410 471 1573 529 ἀναθή-
1585 478 1631 513 65

311 566 447 607 ματα·
487 550 561 594 καὶ
591 548 650 602 ὦς
679 550 884 606 ἐπαρθεὶς
922 556 983 608 τῷ
1013 557 1231 612 μαντηΐῳ,
1262 551 1573 609 ἐστρατεύσατο

285 631 389 674 5έπὶ
419 627 605 684 Πέρσας.
644 628 780 685 λέγων
815 629 860 672 δὲ
889 634 1045 685 ταῦτα,
1093 634 1318 690 κατέβαινε
1348 627 1471 683 αὖτις
1498 646 1575 674 πα-

315 707 618 764 ραιτεόμενος,
667 708 831 752 ἐπεῖναί
861 709 904 751 οἱ
931 713 991 768 τῷ
1020 714 1112 768 θεῷ
1149 710 1320 756 τούτων
1349 711 1572 756 ὀνειδίσαι.

315 792 465 843 Κῦρος
495 787 541 831 δὲ
569 788 754 842 γελάσας
783 785 894 830 εἶπε·
935 820 959 838 ,,
973 789 1060 831 Καὶ
1091 790 1251 835 τούτου
1279 789 1445 844 τεύξεαι
1473 785 1571 845 παρ’

314 866 477 924 ,,ἓμεῦ,
506 869 692 921 Κροῖσε,
722 865 796 910 καὶ
824 865 958 909 ἄλλου
987 867 1149 919 παντὸς
1176 874 1257 913 τοῦ
1288 869 1342 913 ἂν
1372 867 1630 913 {admotam

288 955 344 999 6,,
358 946 472 1003 δέῃ.“
524 944 602 997 Ὡς
632 945 678 989 δὲ
715 948 852 988 ταῦτα
889 943 1052 1000 ἤκουσε
1084 946 1107 990 ὁ
1140 950 1357 1003 Κροῖσος,
1395 947 1577 1004 πέμπων

315 1028 406 1069 τῶν
434 1025 596 1068 Λυδῶν
635 1023 678 1075 ές
707 1023 932 1080 Δελφούς,
975 1024 1234 1076 ἐνετέλλετο,
1273 1026 1472 1078 τιθέντας
1500 1025 1576 1076 τὰς

316 1104 448 1155 πέδας
488 1102 558 1147 ἐπὶ
590 1106 674 1147 τοῦ
710 1107 824 1160 νηοῦ
852 1105 929 1147 τὸν
959 1103 1121 1157 ου’δόν,
1169 1107 1352 1159 εἰρωτᾶν
1379 1106 1417 1148 εἰ
1446 1104 1502 1148 οὔ
1534 1120 1577 1148 τι

317 1180 619 1239 ἐπαισχύνεται
646 1186 760 1226 τοῖσι
780 1186 1027 1240 μαντηίοισι
1047 1182 1211 1242 ἐπᾴρας
1231 1186 1426 1239 Κροῖσον
1451 1194 1577 1239 στρα-

315 1259 520 1304 τεύεσθαι
548 1259 614 1304 ἐπὶ
639 1260 832 1317 Πέρσας,
865 1260 924 1314 ὥς
953 1262 1294 1307 καταπαύσοντα
1322 1261 1400 1319 τὴν
1421 1259 1578 1317 Κύρου

325 1338 538 1396 δύναμιν,
585 1337 654 1383 ἀπ’
692 1335 742 1397 ἧς
781 1342 825 1385 οἱ
865 1339 1096 1396 ἀκροθίνια
1134 1345 1317 1386 τοιαῦτα
1351 1341 1634 1398 γενέσθαι·75

317 1417 574 1471 δεικνύντας
602 1418 679 1472 τοὶς
706 1419 849 1473 πέδας.
906 1419 1042 1465 ταῦτά
1071 1437 1117 1466 τε
1146 1420 1407 1479 ἐπειρωτᾶν,
1435 1419 1510 1464 καὶ
1539 1420 1578 1464 εἰ

263 1652 343 1677 sum
359 1639 409 1677 ita
427 1639 587 1677 reddidit
601 1638 912 1688 Schweighaeus.:

263 1696 400 1744 „altius
435 1700 586 1746 repetens
624 1695 792 1743 Croesus,
834 1709 915 1733 con-

262 1753 346 1790 silia
373 1765 438 1790 sua
464 1755 579 1791 omnia
606 1753 802 1803 exposuitf‘

318 1807 385 1848 καὶ
403 1810 482 1847 τῶν
504 1809 749 1861 χρηστηρίων
776 1805 848 1856 τὰς
870 1805 914 1847 ‘15-

261 1864 492 1916 ποκρίσιας]
524 1863 761 1917 ὑποκρίσιας
787 1866 826 1902 in
854 1877 913 1901 ac-

263 1922 422 1959 cusativo
440 1921 588 1972 pluralis
618 1925 658 1958 ut
677 1933 786 1972 supra
806 1921 836 1968 I,
857 1919 913 1962 74

261 1990 298 2014 in
321 1977 544 2014 nominativo
576 1976 725 2027 pluralis
751 1976 795 2015 αἵ
817 1988 913 2027 συμ-

262 2028 415 2084 βάσιες,
481 2032 544 2069 ubi
597 2033 670 2069 vid.
716 2032 914 2083 Perperam

261 2088 500 2125 Schaeferus:
530 2085 753 2140 ὑποκρίσις.
781 2109 838 2116 -
866 2087 910 2124 In

261 2156 366 2193 seqq.
387 2143 603 2182 locutionem
621 2142 828 2195 κατέβαινε
854 2163 912 2171 -

260 2195 570 2250 παραιτεόμενος
595 2201 715 2238 refero
742 2201 791 2237 ad
818 2212 910 2246 eam,

262 2268 356 2304 quae
390 2255 485 2292 infra
534 2256 711 2293 invenitur
748 2255 783 2303 Ι,
829 2258 910 2297 122

262 2307 348 2361 (ἤϊέ
364 2325 469 2350 τε-
483 2309 639 2359 αἰνέων,
655 2312 716 2348 ubi
727 2312 798 2349 xid.
811 2312 908 2360 not.)

262 2368 413 2416 eiusque
454 2367 599 2404 similes.
656 2367 811 2418 Propius
840 2367 910 2405 hue

261 2427 404 2473 spectat
422 2421 458 2471 I,
488 2425 587 2464 118:
616 2422 820 2474 κατέβαινε
842 2422 908 2462 λέ-

260 2493 362 2530 γων,
394 2482 431 2516 et
453 2478 490 2526 Ι,
513 2481 612 2520 116;
642 2478 847 2530 κατέβαινε
868 2478 908 2526 ἐς

260 2530 371 2580 λιτοὶς
397 2533 466 2574 καὶ
501 2531 740 2588 συγγνώμην
773 2534 908 2588 ἑωυτῷ

259 2584 432 2629 κελεύων
452 2589 566 2641 ἔχειν.
624 2591 720 2629 Hinc
739 2591 907 2640 Schwgh.

259 2649 386 2684 nostro
409 2646 447 2683 in
462 2647 543 2684 loco
561 2647 686 2684 vertit:
715 2660 839 2684 rursus
858 2646 907 2684 ad

254 2714 372 2752 preces
399 2715 435 2740 se
463 2704 651 2750 convertit,
682 2715 764 2740 cum
794 2718 910 2741 κατα-

259 2758 414 2808 βαίνειν
433 2759 472 2796 in
492 2759 655 2796 oratione
666 2759 734 2796 sit:
741 2758 911 2809 progredi

259 2814 542 2864 (descendere),
565 2827 709 2865 pergere
726 2843 737 2862 ‚
768 2827 909 2852 conver-

258 2873 328 2908 tere
346 2882 382 2907 se
404 2870 454 2908 ad
481 2870 583 2909 aliud
602 2871 771 2922 quiddam
786 2870 909 2923 profe-

257 2926 409 2965 rendum.

1043 1638 1055 1654 9
1108 1641 1127 1650 ’ν
1181 1638 1192 1653 Ι
1249 1637 1263 1651 Ρ

1037 1653 1191 1680 επειναι
1221 1653 1260 1678 οι
1291 1639 1346 1691 τῷ
1374 1638 1461 1692 θεῷ
1480 1631 1635 1677 τούτων

981 1691 1194 1746 ὀνειδίσαι]
1225 1696 1248 1732 i.
1279 1708 1311 1732 e.
1352 1698 1392 1732 ut
1422 1695 1492 1732 sibi
1517 1695 1635 1732 liceret

980 1756 1054 1791 ista
1091 1752 1152 1789 deo
1188 1752 1403 1801 exprobrare.
1459 1751 1520 1789 De
1538 1754 1634 1788 stru-

981 1814 1082 1847 ctura
1098 1809 1199 1846 verbi
1209 1804 1414 1855 ὀνειδίζειν
1429 1820 1510 1845 cum
1527 1807 1632 1855 geni-

980 1867 1055 1902 tivo
1072 1865 1123 1902 rei
1149 1878 1177 1901 s,
1210 1876 1342 1901 causae
1372 1865 1467 1900 conf.
1498 1863 1631 1900 Matth.

981 1920 1019 1971 ς.
1045 1923 1129 1962 368
1157 1932 1243 1970 pag.
1264 1922 1356 1961 683.
1379 1941 1436 1946 —
1462 1919 1506 1956 In
1525 1932 1631 1968 seqq.

981 1977 1029 2014 de
1046 1971 1194 2030 ἐπᾴρας
1214 1977 1308 2012 conf.
1327 1975 1363 2023 I,
1383 1977 1437 2017 87
1451 1976 1538 2025 ibiq.
1555 1979 1633 2012 not.

980 2054 1036 2060 —
1074 2032 1133 2069 Ad
1163 2032 1274 2069 verba
1313 2031 1350 2070 εἰ
1388 2026 1633 2083 ἀχαρίστοισι

980 2084 1099 2139 νόμος·
1119 2084 1220 2127 εἶναι
1242 2090 1344 2127 τοῖσι
1367 2085 1632 2139 Ἑλληνικοῖσι

978 2148 1112 2184 θεοῖσι
1143 2143 1291 2182 consule
1328 2148 1480 2195 propter
1510 2143 1631 2195 dupli-

978 2214 1055 2239 cem
1075 2201 1234 2238 dativum
1255 2205 1400 2251 praeter
1429 2213 1493 2248 ea,
1535 2213 1631 2250 quae

977 2256 1247 2306 VVesselingius
1296 2259 1442 2304 monet,
1496 2255 1629 2293 Matth.

977 2311 1015 2363 ἓ.
1043 2314 1125 2354 536
1167 2326 1254 2364 pag.
1284 2314 1405 2355 1053.
1461 2312 1632 2350 Infinitivi

975 2381 1063 2406 usus
1090 2369 1128 2406 in
1154 2369 1320 2406 oratione
1357 2368 1532 2406 indirecta
1560 2368 1632 2416 (ut

975 2425 1084 2475 paulo
1106 2429 1212 2462 ante:
1243 2420 1307 2464 ἄπ’
1336 2419 1386 2475 ἧς
1406 2423 1448 2463 οἷ
1461 2419 1629 2475 α’κροθί-

975 2496 1043 2520 νια
1056 2483 1220 2520 τοιαῦτα
1236 2478 1443 2532 γενέσθαι)
1461 2481 1550 2517 satis
1561 2492 1630 2517 no-

974 2540 1053 2583 tus,
1089 2549 1198 2586 quam
1228 2537 1275 2574 de
1317 2549 1389 2585 quo
1427 2540 1629 2574 moneatur.

973 2592 1070 2630 Hinc
1095 2596 1229 2642 sponte
1259 2593 1365 2630 cadet
1398 2591 1505 2629 lectio
1534 2587 1628 2643 ἄχα-

977 2652 1123 2699 ριστεῖν
1145 2649 1182 2685 in
1201 2648 1295 2685 binis
1316 2648 1421 2686 obvia
1432 2647 1544 2696 libris,
1560 2661 1629 2686 nec

976 2705 1094 2741 minus
1112 2704 1135 2741 ii
1155 2709 1330 2754 peccant,
1360 2705 1422 2754 qui
1442 2717 1509 2754 pro
1523 2700 1625 2744 εἶναι

976 2760 1145 2797 exhibent
1156 2759 1216 2810 εἴη
1227 2760 1281 2798 vel
1293 2759 1381 2799 ἔστι.
1395 2760 1527 2798 Omnia
1534 2760 1626 2798 haec

976 2819 1056 2853 orta
1069 2829 1113 2853 ex
1123 2817 1351 2864 ignoratione
1362 2821 1424 2854 aut
1434 2816 1626 2866 negligen-

974 2872 1027 2908 tia
1062 2871 1288 2910 librariorum
1328 2872 1532 2921 elegantem
1554 2872 1624 2910 loci

972 2932 1189 2967 structuram
1200 2929 1317 2967 minus
1331 2928 1621 2982 percipientium.

1641 397 1696 441 46
