<?xml version="1.0" encoding="UTF-8"?>
<!DOCTYPE html PUBLIC "-//W3C//DTD XHTML 1.0 Transitional//EN"
    "http://www.w3.org/TR/xhtml1/DTD/xhtml1-transitional.dtd">
<html xmlns="http://www.w3.org/1999/xhtml" xml:lang="en" lang="en">
 <head>
  <title>
</title>
<meta http-equiv="Content-Type" content="text/html;charset=utf-8" />
  <meta name='ocr-system' content='tesseract 3.04.00' />
  <meta name='ocr-capabilities' content='ocr_page ocr_carea ocr_par ocr_line ocrx_word'/>
</head>
<body>
  <div class='ocr_page' id='page_1' title='image "./musaeher01hero/musaeher01hero_0021.png"; bbox 0 0 1805 3315; ppageno 0'>
   <div class='ocr_carea' id='block_1_1' title="bbox 667 229 1467 275">
    <p class='ocr_par' dir='ltr' id='par_1_1' title="bbox 667 229 1467 275">
     <span class='ocr_line' id='line_1_1' title="bbox 667 229 1467 275; baseline 0.001 -8"><span class='ocrx_word' id='word_1_1' title='bbox 667 229 969 268; x_wconf 91' lang='lat' dir='ltr'><strong>CLIO.I.</strong></span> <span class='ocrx_word' id='word_1_2' title='bbox 1186 239 1194 245; x_wconf 85' lang='grc'>“·</span> <span class='ocrx_word' id='word_1_3' title='bbox 1440 238 1467 275; x_wconf 70' lang='lat'><strong>7</strong></span> 
     </span>
    </p>
   </div>
   <div class='ocr_carea' id='block_1_2' title="bbox 157 336 1467 400">
    <p class='ocr_par' dir='ltr' id='par_1_2' title="bbox 157 336 1467 400">
     <span class='ocr_line' id='line_1_2' title="bbox 157 336 1467 400; baseline -0.002 -13"><span class='ocrx_word' id='word_1_4' title='bbox 157 344 390 400; x_wconf 81' lang='grc' dir='ltr'><strong><em>4κομένους</em></strong></span> <span class='ocrx_word' id='word_1_5' title='bbox 428 337 475 382; x_wconf 81' lang='grc' dir='ltr'>δὲ</span> <span class='ocrx_word' id='word_1_6' title='bbox 511 336 617 389; x_wconf 78' lang='grc' dir='ltr'>τούς</span> <span class='ocrx_word' id='word_1_7' title='bbox 649 339 857 390; x_wconf 85' lang='grc' dir='ltr'><strong><em>Φοίνικας</em></strong></span> <span class='ocrx_word' id='word_1_8' title='bbox 892 337 936 389; x_wconf 78' lang='grc' dir='ltr'>ἐς</span> <span class='ocrx_word' id='word_1_9' title='bbox 971 337 1026 395; x_wconf 78' lang='grc' dir='ltr'>δή</span> <span class='ocrx_word' id='word_1_10' title='bbox 1066 337 1116 382; x_wconf 88' lang='grc' dir='ltr'>τὸ</span> <span class='ocrx_word' id='word_1_11' title='bbox 1133 337 1294 395; x_wconf 76' lang='grc' dir='ltr'><strong><em>’Ἄργος</em></strong></span> <span class='ocrx_word' id='word_1_12' title='bbox 1320 343 1467 392; x_wconf 85' lang='grc' dir='ltr'><strong><em>τοῦτο,</em></strong></span> 
     </span>
    </p>
   </div>
   <div class='ocr_carea' id='block_1_3' title="bbox 179 415 1511 553">
    <p class='ocr_par' dir='ltr' id='par_1_3' title="bbox 179 415 1511 553">
     <span class='ocr_line' id='line_1_3' title="bbox 180 415 1466 477; baseline -0.003 -10"><span class='ocrx_word' id='word_1_13' title='bbox 180 421 451 468; x_wconf 79' lang='grc' dir='ltr'><strong><em>διατίθεσθαι</em></strong></span> <span class='ocrx_word' id='word_1_14' title='bbox 497 415 577 461; x_wconf 77' lang='grc' dir='ltr'><strong><em>τὸν</em></strong></span> <span class='ocrx_word' id='word_1_15' title='bbox 627 416 807 474; x_wconf 78' lang='grc' dir='ltr'><strong><em>φόρτον.</em></strong></span> <span class='ocrx_word' id='word_1_16' title='bbox 865 416 1041 474; x_wconf 81' lang='grc' dir='ltr'><em>πέμπτῃ</em></span> <span class='ocrx_word' id='word_1_17' title='bbox 1066 417 1113 461; x_wconf 80' lang='grc' dir='ltr'>δὲ</span> <span class='ocrx_word' id='word_1_18' title='bbox 1140 416 1168 474; x_wconf 81' lang='grc' dir='ltr'><em>ἢ</em></span> <span class='ocrx_word' id='word_1_19' title='bbox 1197 418 1296 475; x_wconf 81' lang='grc' dir='ltr'><strong><em>ἕκτῃ</em></strong></span> <span class='ocrx_word' id='word_1_20' title='bbox 1324 417 1466 477; x_wconf 82' lang='grc' dir='ltr'><strong><em>ἡμέρῃ</em></strong></span> 
     </span>
     <span class='ocr_line' id='line_1_4' title="bbox 179 491 1511 553; baseline -0.002 -11"><span class='ocrx_word' id='word_1_21' title='bbox 179 495 255 543; x_wconf 74' lang='grc' dir='ltr'>ἀπ’</span> <span class='ocrx_word' id='word_1_22' title='bbox 291 491 344 553; x_wconf 77' lang='grc' dir='ltr'>ἧς</span> <span class='ocrx_word' id='word_1_23' title='bbox 374 495 605 551; x_wconf 71' lang='grc' dir='ltr'><strong><em>ἀπίκοντο,</em></strong></span> <span class='ocrx_word' id='word_1_24' title='bbox 647 496 1002 553; x_wconf 78' lang='grc' dir='ltr'><strong><em>ἐξεμπολημένων</em></strong></span> <span class='ocrx_word' id='word_1_25' title='bbox 1039 508 1118 553; x_wconf 85' lang='grc' dir='ltr'>σφι</span> <span class='ocrx_word' id='word_1_26' title='bbox 1157 497 1311 553; x_wconf 83' lang='grc' dir='ltr'><strong><em>σχεδὸν</em></strong></span> <span class='ocrx_word' id='word_1_27' title='bbox 1350 497 1511 546; x_wconf 63' lang='grc' dir='ltr'><strong><em>πάν-ρο</em></strong></span> 
     </span>
    </p>
   </div>
   <div class='ocr_carea' id='block_1_4' title="bbox 175 575 1466 634">
    <p class='ocr_par' dir='ltr' id='par_1_4' title="bbox 175 575 1466 634">
     <span class='ocr_line' id='line_1_5' title="bbox 175 575 1466 634; baseline 0 -13"><span class='ocrx_word' id='word_1_28' title='bbox 175 592 288 628; x_wconf 85' lang='grc' dir='ltr'><strong><em>των,</em></strong></span> <span class='ocrx_word' id='word_1_29' title='bbox 326 576 468 619; x_wconf 78' lang='grc' dir='ltr'><strong><em>ἐλθεῖν</em></strong></span> <span class='ocrx_word' id='word_1_30' title='bbox 504 575 574 619; x_wconf 82' lang='grc' dir='ltr'>ἐπὶ</span> <span class='ocrx_word' id='word_1_31' title='bbox 611 575 693 634; x_wconf 86' lang='grc' dir='ltr'><strong><em>τὴν</em></strong></span> <span class='ocrx_word' id='word_1_32' title='bbox 722 575 951 619; x_wconf 81' lang='grc' dir='ltr'><strong><em>θάλασσαν</em></strong></span> <span class='ocrx_word' id='word_1_33' title='bbox 978 581 1213 632; x_wconf 77' lang='grc' dir='ltr'><strong><em>γυναῖκας,</em></strong></span> <span class='ocrx_word' id='word_1_34' title='bbox 1251 575 1382 629; x_wconf 74' lang='grc' dir='ltr'><strong><em>ἄλλας</em></strong></span> <span class='ocrx_word' id='word_1_35' title='bbox 1420 593 1466 622; x_wconf 82' lang='grc' dir='ltr'>τε</span> 
     </span>
    </p>
   </div>
   <div class='ocr_carea' id='block_1_5' title="bbox 174 653 1464 712">
    <p class='ocr_par' dir='ltr' id='par_1_5' title="bbox 174 653 1464 712">
     <span class='ocr_line' id='line_1_6' title="bbox 174 653 1464 712; baseline 0.003 -14"><span class='ocrx_word' id='word_1_36' title='bbox 174 653 363 708; x_wconf 79' lang='grc' dir='ltr'><strong><em>πολλὰς,</em></strong></span> <span class='ocrx_word' id='word_1_37' title='bbox 399 655 475 698; x_wconf 81' lang='grc' dir='ltr'>καὶ</span> <span class='ocrx_word' id='word_1_38' title='bbox 512 653 565 711; x_wconf 83' lang='grc' dir='ltr'>δὴ</span> <span class='ocrx_word' id='word_1_39' title='bbox 585 656 676 699; x_wconf 70' lang='grc' dir='ltr'><strong><em>»καὶ</em></strong></span> <span class='ocrx_word' id='word_1_40' title='bbox 703 660 785 700; x_wconf 84' lang='grc' dir='ltr'><strong><em>τοῦ</em></strong></span> <span class='ocrx_word' id='word_1_41' title='bbox 814 656 1019 712; x_wconf 80' lang='grc' dir='ltr'><strong><em>βασιλέος</em></strong></span> <span class='ocrx_word' id='word_1_42' title='bbox 1046 655 1288 711; x_wconf 78' lang='grc' dir='ltr'><strong><em>θυγατέρα·</em></strong></span> <span class='ocrx_word' id='word_1_43' title='bbox 1324 656 1375 701; x_wconf 84' lang='grc' dir='ltr'>τὸ</span> <span class='ocrx_word' id='word_1_44' title='bbox 1417 659 1464 702; x_wconf 86' lang='grc' dir='ltr'>δέ</span> 
     </span>
    </p>
   </div>
   <div class='ocr_carea' id='block_1_6' title="bbox 178 732 1463 794">
    <p class='ocr_par' dir='ltr' id='par_1_6' title="bbox 178 732 1463 794">
     <span class='ocr_line' id='line_1_7' title="bbox 208 732 1443 752; baseline 0.005 -6"><span class='ocrx_word' id='word_1_45' title='bbox 208 735 223 750; x_wconf 67' lang='grc' dir='ltr'><strong><em>ρ</em></strong></span> <span class='ocrx_word' id='word_1_46' title='bbox 294 732 315 747; x_wconf 74' lang='lat' dir='ltr'><em>n</em></span> <span class='ocrx_word' id='word_1_47' title='bbox 498 732 516 750; x_wconf 74' lang='lat'>⁶,-</span> <span class='ocrx_word' id='word_1_48' title='bbox 752 735 761 748; x_wconf 60' lang='grc' dir='ltr'><strong><em>ι</em></strong></span> <span class='ocrx_word' id='word_1_49' title='bbox 844 733 855 749; x_wconf 72' lang='lat'>5</span> <span class='ocrx_word' id='word_1_50' title='bbox 921 734 931 749; x_wconf 60' lang='lat' dir='ltr'>x</span> <span class='ocrx_word' id='word_1_51' title='bbox 1013 734 1021 748; x_wconf 57' lang='grc' dir='ltr'>κ</span> <span class='ocrx_word' id='word_1_52' title='bbox 1122 736 1132 751; x_wconf 66' lang='grc' dir='ltr'><strong>ι</strong></span> <span class='ocrx_word' id='word_1_53' title='bbox 1157 735 1180 751; x_wconf 74' lang='grc' dir='ltr'>ιν</span> <span class='ocrx_word' id='word_1_54' title='bbox 1433 737 1443 752; x_wconf 71' lang='lat' dir='ltr'><em>n</em></span> 
     </span>
     <span class='ocr_line' id='line_1_8' title="bbox 178 739 1463 794; baseline 0.004 -17"><span class='ocrx_word' id='word_1_55' title='bbox 178 750 222 778; x_wconf 86' lang='grc' dir='ltr'><strong><em>οι</em></strong></span> <span class='ocrx_word' id='word_1_56' title='bbox 259 750 430 790; x_wconf 88' lang='grc' dir='ltr'><strong><em>ουνομα</em></strong></span> <span class='ocrx_word' id='word_1_57' title='bbox 475 750 612 787; x_wconf 65' lang='lat' dir='ltr'>avoca,</span> <span class='ocrx_word' id='word_1_58' title='bbox 658 751 766 779; x_wconf 82' lang='grc' dir='ltr'><strong><em>κατα</em></strong></span> <span class='ocrx_word' id='word_1_59' title='bbox 795 752 936 779; x_wconf 87' lang='grc' dir='ltr'><strong><em>τωυτο</em></strong></span> <span class='ocrx_word' id='word_1_60' title='bbox 972 751 1022 779; x_wconf 86' lang='grc' dir='ltr'><strong><em>το</em></strong></span> <span class='ocrx_word' id='word_1_61' title='bbox 1063 752 1137 779; x_wconf 81' lang='grc' dir='ltr'>και</span> <span class='ocrx_word' id='word_1_62' title='bbox 1176 739 1361 794; x_wconf 82' lang='grc' dir='ltr'><strong><em>Ελληνες</em></strong></span> <span class='ocrx_word' id='word_1_63' title='bbox 1396 742 1463 782; x_wconf 75' lang='grc' dir='ltr'>λε-</span> 
     </span>
    </p>
   </div>
   <div class='ocr_carea' id='block_1_7' title="bbox 152 812 1464 874">
    <p class='ocr_par' dir='ltr' id='par_1_7' title="bbox 152 812 1464 874">
     <span class='ocr_line' id='line_1_9' title="bbox 152 812 1464 874; baseline 0.004 -17"><span class='ocrx_word' id='word_1_64' title='bbox 152 825 316 870; x_wconf 79' lang='grc' dir='ltr'><strong><em>5γουσι,</em></strong></span> <span class='ocrx_word' id='word_1_65' title='bbox 343 812 456 859; x_wconf 87' lang='grc' dir='ltr'><strong><em>Ἰοῦν</em></strong></span> <span class='ocrx_word' id='word_1_66' title='bbox 486 813 563 871; x_wconf 77' lang='grc' dir='ltr'><strong><em>τήν</em></strong></span> <span class='ocrx_word' id='word_1_67' title='bbox 587 813 767 872; x_wconf 79' lang='grc' dir='ltr'><strong><em>Ἰνάχου.</em></strong></span> <span class='ocrx_word' id='word_1_68' title='bbox 830 813 1002 867; x_wconf 81' lang='grc' dir='ltr'><strong><em>Ταύτας</em></strong></span> <span class='ocrx_word' id='word_1_69' title='bbox 1030 814 1188 868; x_wconf 78' lang='grc' dir='ltr'><strong><em>στάσας</em></strong></span> <span class='ocrx_word' id='word_1_70' title='bbox 1215 815 1326 861; x_wconf 79' lang='grc' dir='ltr'><strong><em>κατὰ</em></strong></span> <span class='ocrx_word' id='word_1_71' title='bbox 1353 816 1464 874; x_wconf 81' lang='grc' dir='ltr'><strong><em>πρύ-</em></strong></span> 
     </span>
    </p>
   </div>
   <div class='ocr_carea' id='block_1_8' title="bbox 133 958 403 965">
    <p class='ocr_par' dir='ltr' id='par_1_8' title="bbox 133 958 403 965">
     <span class='ocr_line' id='line_1_10' title="bbox 133 958 403 965; baseline 0 2350"><span class='ocrx_word' id='word_1_72' title='bbox 133 958 403 965; x_wconf 95' lang='lat' dir='ltr'> </span> 
     </span>
    </p>
   </div>
   <div class='ocr_carea' id='block_1_9' title="bbox 113 1025 786 2884">
    <p class='ocr_par' dir='ltr' id='par_1_9' title="bbox 121 1025 786 1589">
     <span class='ocr_line' id='line_1_11' title="bbox 129 1025 786 1081; baseline -0.003 -9"><span class='ocrx_word' id='word_1_73' title='bbox 129 1047 308 1080; x_wconf 84' lang='grc' dir='ltr'><strong><em>νικας--</em></strong></span> <span class='ocrx_word' id='word_1_74' title='bbox 324 1031 581 1072; x_wconf 79' lang='grc' dir='ltr'><strong><em>διατίθεσθαι</em></strong></span> <span class='ocrx_word' id='word_1_75' title='bbox 597 1026 667 1069; x_wconf 77' lang='grc' dir='ltr'><strong><em>τόν</em></strong></span> <span class='ocrx_word' id='word_1_76' title='bbox 689 1025 786 1081; x_wconf 87' lang='grc' dir='ltr'><strong><em>φόρ-</em></strong></span> 
     </span>
     <span class='ocr_line' id='line_1_12' title="bbox 129 1087 786 1135; baseline -0.009 -7"><span class='ocrx_word' id='word_1_77' title='bbox 129 1092 227 1135; x_wconf 91' lang='grc' dir='ltr'><strong><em>τον]</em></strong></span> <span class='ocrx_word' id='word_1_78' title='bbox 260 1089 516 1128; x_wconf 82' lang='grc' dir='ltr'><strong><em>διατίθεσθαι</em></strong></span> <span class='ocrx_word' id='word_1_79' title='bbox 545 1090 602 1124; x_wconf 84' lang='lat' dir='ltr'>est</span> <span class='ocrx_word' id='word_1_80' title='bbox 632 1087 690 1123; x_wconf 92' lang='lat' dir='ltr'>hic</span> <span class='ocrx_word' id='word_1_81' title='bbox 727 1099 786 1123; x_wconf 82' lang='lat' dir='ltr'>ve-</span> 
     </span>
     <span class='ocr_line' id='line_1_13' title="bbox 129 1141 785 1195; baseline -0.006 -13"><span class='ocrx_word' id='word_1_82' title='bbox 129 1159 212 1183; x_wconf 73' lang='lat' dir='ltr'>num</span> <span class='ocrx_word' id='word_1_83' title='bbox 238 1159 401 1195; x_wconf 70' lang='lat' dir='ltr'>exponere</span> <span class='ocrx_word' id='word_1_84' title='bbox 436 1148 470 1182; x_wconf 79' lang='lat' dir='ltr'>et</span> <span class='ocrx_word' id='word_1_85' title='bbox 495 1143 646 1180; x_wconf 81' lang='lat' dir='ltr'>vendere.</span> <span class='ocrx_word' id='word_1_86' title='bbox 686 1141 785 1180; x_wconf 88' lang='lat' dir='ltr'>Lau-</span> 
     </span>
     <span class='ocr_line' id='line_1_14' title="bbox 130 1199 783 1247; baseline -0.006 -8"><span class='ocrx_word' id='word_1_87' title='bbox 130 1203 194 1239; x_wconf 87' lang='lat' dir='ltr'>dat</span> <span class='ocrx_word' id='word_1_88' title='bbox 222 1202 285 1239; x_wconf 83' lang='lat' dir='ltr'>Cr.</span> <span class='ocrx_word' id='word_1_89' title='bbox 322 1202 414 1238; x_wconf 81' lang='lat' dir='ltr'>hanc</span> <span class='ocrx_word' id='word_1_90' title='bbox 440 1202 477 1237; x_wconf 92' lang='lat' dir='ltr'>in</span> <span class='ocrx_word' id='word_1_91' title='bbox 503 1213 597 1237; x_wconf 87' lang='lat' dir='ltr'>rem:</span> <span class='ocrx_word' id='word_1_92' title='bbox 637 1199 783 1247; x_wconf 80' lang='lat' dir='ltr'>‚‚D0rv.</span> 
     </span>
     <span class='ocr_line' id='line_1_15' title="bbox 130 1254 783 1306; baseline -0.006 -11"><span class='ocrx_word' id='word_1_93' title='bbox 130 1259 178 1295; x_wconf 83' lang='lat' dir='ltr'>ad</span> <span class='ocrx_word' id='word_1_94' title='bbox 224 1258 360 1294; x_wconf 84' lang='lat' dir='ltr'>Charit.</span> <span class='ocrx_word' id='word_1_95' title='bbox 395 1271 432 1306; x_wconf 91' lang='lat' dir='ltr'>p.</span> <span class='ocrx_word' id='word_1_96' title='bbox 459 1258 543 1297; x_wconf 78' lang='lat'>362</span> <span class='ocrx_word' id='word_1_97' title='bbox 587 1255 644 1293; x_wconf 88' lang='lat' dir='ltr'>ed.</span> <span class='ocrx_word' id='word_1_98' title='bbox 679 1254 783 1304; x_wconf 82' lang='lat' dir='ltr'>Lips.</span> 
     </span>
     <span class='ocr_line' id='line_1_16' title="bbox 128 1311 786 1364; baseline -0.008 -13"><span class='ocrx_word' id='word_1_99' title='bbox 128 1314 208 1352; x_wconf 89' lang='lat' dir='ltr'>coll.</span> <span class='ocrx_word' id='word_1_100' title='bbox 235 1313 357 1364; x_wconf 88' lang='lat' dir='ltr'>Toup.</span> <span class='ocrx_word' id='word_1_101' title='bbox 395 1313 603 1350; x_wconf 87' lang='lat' dir='ltr'>Emendatt.</span> <span class='ocrx_word' id='word_1_102' title='bbox 630 1312 667 1347; x_wconf 89' lang='lat' dir='ltr'>in</span> <span class='ocrx_word' id='word_1_103' title='bbox 701 1311 786 1346; x_wconf 86' lang='lat' dir='ltr'>Sui-</span> 
     </span>
     <span class='ocr_line' id='line_1_17' title="bbox 128 1363 784 1420; baseline -0.006 -13"><span class='ocrx_word' id='word_1_104' title='bbox 128 1363 213 1407; x_wconf 85' lang='lat' dir='ltr'>dam</span> <span class='ocrx_word' id='word_1_105' title='bbox 249 1369 296 1406; x_wconf 94' lang='lat' dir='ltr'>T.</span> <span class='ocrx_word' id='word_1_106' title='bbox 333 1369 385 1406; x_wconf 89' lang='grc' dir='ltr'>ΙΙΙ</span> <span class='ocrx_word' id='word_1_107' title='bbox 417 1384 454 1420; x_wconf 84' lang='lat' dir='ltr'>p.</span> <span class='ocrx_word' id='word_1_108' title='bbox 493 1370 586 1410; x_wconf 84' lang='lat'><strong>531.</strong></span> <span class='ocrx_word' id='word_1_109' title='bbox 612 1367 784 1416; x_wconf 60' lang='lat' dir='ltr'>Wytten-</span> 
     </span>
     <span class='ocr_line' id='line_1_18' title="bbox 129 1425 783 1469; baseline -0.005 -6"><span class='ocrx_word' id='word_1_110' title='bbox 129 1426 229 1463; x_wconf 85' lang='lat' dir='ltr'>bach.</span> <span class='ocrx_word' id='word_1_111' title='bbox 256 1427 305 1463; x_wconf 84' lang='lat' dir='ltr'>ad</span> <span class='ocrx_word' id='word_1_112' title='bbox 329 1426 423 1463; x_wconf 84' lang='lat' dir='ltr'>Plut.</span> <span class='ocrx_word' id='word_1_113' title='bbox 452 1425 620 1469; x_wconf 80' lang='lat' dir='ltr'>Quaestt.</span> <span class='ocrx_word' id='word_1_114' title='bbox 653 1425 783 1461; x_wconf 80' lang='lat' dir='ltr'>Graec.</span> 
     </span>
     <span class='ocr_line' id='line_1_19' title="bbox 124 1479 784 1534; baseline -0.002 -15"><span class='ocrx_word' id='word_1_115' title='bbox 124 1496 162 1534; x_wconf 88' lang='lat' dir='ltr'>p.</span> <span class='ocrx_word' id='word_1_116' title='bbox 191 1483 285 1524; x_wconf 87' lang='lat'><strong>68.“</strong></span> <span class='ocrx_word' id='word_1_117' title='bbox 324 1481 420 1519; x_wconf 92' lang='lat' dir='ltr'>Add.</span> <span class='ocrx_word' id='word_1_118' title='bbox 446 1481 585 1519; x_wconf 74' lang='lat' dir='ltr'>Vomel.</span> <span class='ocrx_word' id='word_1_119' title='bbox 623 1482 672 1518; x_wconf 83' lang='lat' dir='ltr'>ad</span> <span class='ocrx_word' id='word_1_120' title='bbox 705 1479 784 1518; x_wconf 82' lang='lat' dir='ltr'>De-</span> 
     </span>
     <span class='ocr_line' id='line_1_20' title="bbox 121 1538 641 1589; baseline -0.004 -13"><span class='ocrx_word' id='word_1_121' title='bbox 121 1539 301 1586; x_wconf 83' lang='lat' dir='ltr'>mosthen.</span> <span class='ocrx_word' id='word_1_122' title='bbox 325 1538 429 1576; x_wconf 89' lang='lat' dir='ltr'>Phill.</span> <span class='ocrx_word' id='word_1_123' title='bbox 463 1551 548 1589; x_wconf 86' lang='lat' dir='ltr'>pag.</span> <span class='ocrx_word' id='word_1_124' title='bbox 577 1539 641 1578; x_wconf 82' lang='lat'>87.</span> 
     </span>
    </p>

    <p class='ocr_par' dir='ltr' id='par_1_10' title="bbox 120 1590 782 2086">
     <span class='ocr_line' id='line_1_21' title="bbox 179 1590 782 1646; baseline -0.005 -12"><span class='ocrx_word' id='word_1_125' title='bbox 179 1594 248 1634; x_wconf 85' lang='grc' dir='ltr'>καὶ</span> <span class='ocrx_word' id='word_1_126' title='bbox 289 1592 341 1646; x_wconf 73' lang='grc' dir='ltr'>δή</span> <span class='ocrx_word' id='word_1_127' title='bbox 385 1591 454 1634; x_wconf 84' lang='grc' dir='ltr'>καὶ</span> <span class='ocrx_word' id='word_1_128' title='bbox 489 1596 562 1633; x_wconf 80' lang='grc' dir='ltr'><strong><em>τοῦ</em></strong></span> <span class='ocrx_word' id='word_1_129' title='bbox 600 1590 782 1645; x_wconf 82' lang='grc' dir='ltr'><strong><em>βασιλέος</em></strong></span> 
     </span>
     <span class='ocr_line' id='line_1_22' title="bbox 120 1649 779 1704; baseline -0.006 -13"><span class='ocrx_word' id='word_1_130' title='bbox 120 1649 336 1704; x_wconf 82' lang='grc' dir='ltr'><strong><em>θυγατέρα]</em></strong></span> <span class='ocrx_word' id='word_1_131' title='bbox 368 1652 589 1689; x_wconf 82' lang='lat' dir='ltr'>constanter</span> <span class='ocrx_word' id='word_1_132' title='bbox 607 1654 643 1689; x_wconf 88' lang='lat' dir='ltr'>et</span> <span class='ocrx_word' id='word_1_133' title='bbox 660 1650 719 1687; x_wconf 82' lang='lat' dir='ltr'>hic</span> <span class='ocrx_word' id='word_1_134' title='bbox 742 1654 779 1687; x_wconf 90' lang='lat' dir='ltr'>et</span> 
     </span>
     <span class='ocr_line' id='line_1_23' title="bbox 121 1707 780 1757; baseline -0.003 -11"><span class='ocrx_word' id='word_1_135' title='bbox 121 1709 207 1746; x_wconf 86' lang='lat' dir='ltr'>alibi</span> <span class='ocrx_word' id='word_1_136' title='bbox 235 1708 291 1757; x_wconf 88' lang='grc' dir='ltr'>(Ι,</span> <span class='ocrx_word' id='word_1_137' title='bbox 321 1707 386 1749; x_wconf 77' lang='lat'>94.</span> <span class='ocrx_word' id='word_1_138' title='bbox 417 1708 464 1754; x_wconf 90' lang='grc' dir='ltr'>ΙΙ,</span> <span class='ocrx_word' id='word_1_139' title='bbox 487 1711 567 1749; x_wconf 78' lang='grc'>102</span> <span class='ocrx_word' id='word_1_140' title='bbox 585 1707 673 1754; x_wconf 85' lang='lat' dir='ltr'>etc.)</span> <span class='ocrx_word' id='word_1_141' title='bbox 699 1719 780 1744; x_wconf 85' lang='lat' dir='ltr'>cum</span> 
     </span>
     <span class='ocr_line' id='line_1_24' title="bbox 123 1762 778 1815; baseline -0.006 -13"><span class='ocrx_word' id='word_1_142' title='bbox 123 1765 242 1802; x_wconf 87' lang='lat' dir='ltr'>Gaisf.</span> <span class='ocrx_word' id='word_1_143' title='bbox 269 1765 478 1815; x_wconf 80' lang='lat' dir='ltr'>scripsimus</span> <span class='ocrx_word' id='word_1_144' title='bbox 506 1762 688 1814; x_wconf 83' lang='grc' dir='ltr'><strong><em>βασιλέος</em></strong></span> <span class='ocrx_word' id='word_1_145' title='bbox 710 1775 778 1812; x_wconf 88' lang='lat' dir='ltr'>pro</span> 
     </span>
     <span class='ocr_line' id='line_1_25' title="bbox 122 1820 778 1874; baseline -0.008 -13"><span class='ocrx_word' id='word_1_146' title='bbox 122 1822 339 1874; x_wconf 42' lang='grc' dir='ltr'><strong><em>βασιλῆος</em></strong></span> <span class='ocrx_word' id='word_1_147' title='bbox 369 1821 429 1859; x_wconf 88' lang='lat' dir='ltr'>Tu</span> <span class='ocrx_word' id='word_1_148' title='bbox 464 1822 511 1857; x_wconf 82' lang='lat' dir='ltr'>cf.</span> <span class='ocrx_word' id='word_1_149' title='bbox 535 1820 697 1857; x_wconf 86' lang='lat' dir='ltr'>Fischer.</span> <span class='ocrx_word' id='word_1_150' title='bbox 729 1820 778 1856; x_wconf 81' lang='lat' dir='ltr'>ad</span> 
     </span>
     <span class='ocr_line' id='line_1_26' title="bbox 121 1877 781 1928; baseline -0.005 -12"><span class='ocrx_word' id='word_1_151' title='bbox 121 1878 269 1916; x_wconf 87' lang='lat' dir='ltr'>Weller.</span> <span class='ocrx_word' id='word_1_152' title='bbox 294 1877 312 1915; x_wconf 97' lang='lat' dir='ltr'>I</span> <span class='ocrx_word' id='word_1_153' title='bbox 343 1891 381 1928; x_wconf 90' lang='lat' dir='ltr'>p.</span> <span class='ocrx_word' id='word_1_154' title='bbox 407 1877 501 1919; x_wconf 81' lang='lat'><strong>408.</strong></span> <span class='ocrx_word' id='word_1_155' title='bbox 526 1877 623 1915; x_wconf 87' lang='lat' dir='ltr'><strong>Ante</strong></span> <span class='ocrx_word' id='word_1_156' title='bbox 647 1879 781 1926; x_wconf 80' lang='grc' dir='ltr'><strong><em>θυγα-</em></strong></span> 
     </span>
     <span class='ocr_line' id='line_1_27' title="bbox 121 1930 780 1985; baseline -0.011 -11"><span class='ocrx_word' id='word_1_157' title='bbox 121 1933 215 1985; x_wconf 84' lang='grc' dir='ltr'><strong><em>τέρα</em></strong></span> <span class='ocrx_word' id='word_1_158' title='bbox 247 1934 433 1971; x_wconf 80' lang='lat' dir='ltr'>articulum</span> <span class='ocrx_word' id='word_1_159' title='bbox 472 1930 546 1985; x_wconf 75' lang='grc' dir='ltr'><strong><em>τήν</em></strong></span> <span class='ocrx_word' id='word_1_160' title='bbox 573 1947 596 1971; x_wconf 87' lang='lat' dir='ltr'>a</span> <span class='ocrx_word' id='word_1_161' title='bbox 629 1933 780 1981; x_wconf 88' lang='lat' dir='ltr'>quibus-</span> 
     </span>
     <span class='ocr_line' id='line_1_28' title="bbox 122 1989 778 2029; baseline -0.006 0"><span class='ocrx_word' id='word_1_162' title='bbox 122 1992 209 2029; x_wconf 83' lang='lat' dir='ltr'>dam</span> <span class='ocrx_word' id='word_1_163' title='bbox 234 1994 360 2028; x_wconf 84' lang='lat' dir='ltr'>contra</span> <span class='ocrx_word' id='word_1_164' title='bbox 384 1991 555 2028; x_wconf 90' lang='lat' dir='ltr'>librorum</span> <span class='ocrx_word' id='word_1_165' title='bbox 582 1989 778 2027; x_wconf 84' lang='lat' dir='ltr'>auctorita-</span> 
     </span>
     <span class='ocr_line' id='line_1_29' title="bbox 121 2047 633 2086; baseline -0.01 0"><span class='ocrx_word' id='word_1_166' title='bbox 121 2051 196 2086; x_wconf 88' lang='lat' dir='ltr'>tem</span> <span class='ocrx_word' id='word_1_167' title='bbox 224 2047 401 2084; x_wconf 78' lang='lat' dir='ltr'>intrusum</span> <span class='ocrx_word' id='word_1_168' title='bbox 427 2047 633 2085; x_wconf 82' lang='lat' dir='ltr'>abiecimus.</span> 
     </span>
    </p>

    <p class='ocr_par' dir='ltr' id='par_1_11' title="bbox 113 2098 778 2884">
     <span class='ocr_line' id='line_1_30' title="bbox 175 2098 774 2155; baseline -0.008 -11"><span class='ocrx_word' id='word_1_169' title='bbox 175 2101 219 2144; x_wconf 76' lang='grc' dir='ltr'>τὸ</span> <span class='ocrx_word' id='word_1_170' title='bbox 245 2102 288 2143; x_wconf 84' lang='grc' dir='ltr'>δέ</span> <span class='ocrx_word' id='word_1_171' title='bbox 323 2103 364 2143; x_wconf 80' lang='grc' dir='ltr'><strong><em>οἱ</em></strong></span> <span class='ocrx_word' id='word_1_172' title='bbox 399 2100 555 2155; x_wconf 82' lang='grc' dir='ltr'><strong><em>οὔνομα</em></strong></span> <span class='ocrx_word' id='word_1_173' title='bbox 586 2098 689 2142; x_wconf 80' lang='grc' dir='ltr'><strong><em>εἶναι</em></strong></span> <span class='ocrx_word' id='word_1_174' title='bbox 717 2122 774 2131; x_wconf 91' lang='lat'>—-</span> 
     </span>
     <span class='ocr_line' id='line_1_31' title="bbox 113 2154 777 2212; baseline -0.005 -12"><span class='ocrx_word' id='word_1_175' title='bbox 113 2154 222 2200; x_wconf 80' lang='grc' dir='ltr'><strong><em>Ἰοῦν</em></strong></span> <span class='ocrx_word' id='word_1_176' title='bbox 249 2156 325 2212; x_wconf 83' lang='grc' dir='ltr'><strong><em>τὴν</em></strong></span> <span class='ocrx_word' id='word_1_177' title='bbox 352 2155 530 2211; x_wconf 82' lang='grc' dir='ltr'><strong><em>Ἰνάχου]</em></strong></span> <span class='ocrx_word' id='word_1_178' title='bbox 574 2159 633 2197; x_wconf 89' lang='lat' dir='ltr'>Ad</span> <span class='ocrx_word' id='word_1_179' title='bbox 657 2155 777 2204; x_wconf 77' lang='grc' dir='ltr'><strong><em>Ἰοῦν,</em></strong></span> 
     </span>
     <span class='ocr_line' id='line_1_32' title="bbox 121 2216 774 2267; baseline -0.002 -14"><span class='ocrx_word' id='word_1_180' title='bbox 121 2230 216 2267; x_wconf 86' lang='lat' dir='ltr'>quae</span> <span class='ocrx_word' id='word_1_181' title='bbox 248 2217 441 2254; x_wconf 85' lang='lat' dir='ltr'>accusativi</span> <span class='ocrx_word' id='word_1_182' title='bbox 468 2221 525 2254; x_wconf 81' lang='lat' dir='ltr'>est</span> <span class='ocrx_word' id='word_1_183' title='bbox 552 2219 689 2263; x_wconf 85' lang='lat' dir='ltr'>forma,</span> <span class='ocrx_word' id='word_1_184' title='bbox 729 2216 774 2252; x_wconf 83' lang='lat' dir='ltr'>cf.</span> 
     </span>
     <span class='ocr_line' id='line_1_33' title="bbox 118 2271 778 2323; baseline -0.005 -11"><span class='ocrx_word' id='word_1_185' title='bbox 118 2273 280 2312; x_wconf 84' lang='lat' dir='ltr'>Fischer.</span> <span class='ocrx_word' id='word_1_186' title='bbox 315 2274 364 2310; x_wconf 87' lang='lat' dir='ltr'>ad</span> <span class='ocrx_word' id='word_1_187' title='bbox 397 2273 545 2311; x_wconf 87' lang='lat' dir='ltr'>Weller.</span> <span class='ocrx_word' id='word_1_188' title='bbox 570 2273 588 2310; x_wconf 94' lang='lat' dir='ltr'>I</span> <span class='ocrx_word' id='word_1_189' title='bbox 612 2285 648 2323; x_wconf 89' lang='lat' dir='ltr'>p.</span> <span class='ocrx_word' id='word_1_190' title='bbox 679 2271 778 2312; x_wconf 79' lang='lat'><strong>411..</strong></span> 
     </span>
     <span class='ocr_line' id='line_1_34' title="bbox 118 2327 777 2372; baseline -0.006 -4"><span class='ocrx_word' id='word_1_191' title='bbox 118 2329 215 2372; x_wconf 84' lang='lat'><strong>412.</strong></span> <span class='ocrx_word' id='word_1_192' title='bbox 251 2328 366 2367; x_wconf 90' lang='lat' dir='ltr'><strong>Addit</strong></span> <span class='ocrx_word' id='word_1_193' title='bbox 391 2330 454 2368; x_wconf 85' lang='lat' dir='ltr'>Cr.</span> <span class='ocrx_word' id='word_1_194' title='bbox 482 2329 624 2367; x_wconf 83' lang='lat' dir='ltr'>Schaef.</span> <span class='ocrx_word' id='word_1_195' title='bbox 648 2327 777 2365; x_wconf 78' lang='lat' dir='ltr'>Melet.</span> 
     </span>
     <span class='ocr_line' id='line_1_35' title="bbox 120 2385 777 2437; baseline -0.003 -13"><span class='ocrx_word' id='word_1_196' title='bbox 120 2387 198 2424; x_wconf 88' lang='lat' dir='ltr'>crit.</span> <span class='ocrx_word' id='word_1_197' title='bbox 224 2385 243 2423; x_wconf 91' lang='lat' dir='ltr'>I</span> <span class='ocrx_word' id='word_1_198' title='bbox 275 2400 313 2437; x_wconf 79' lang='lat' dir='ltr'>p.</span> <span class='ocrx_word' id='word_1_199' title='bbox 338 2388 396 2428; x_wconf 85' lang='lat'>93</span> <span class='ocrx_word' id='word_1_200' title='bbox 427 2386 505 2423; x_wconf 90' lang='lat' dir='ltr'>coll.</span> <span class='ocrx_word' id='word_1_201' title='bbox 538 2387 587 2423; x_wconf 84' lang='lat' dir='ltr'>ad</span> <span class='ocrx_word' id='word_1_202' title='bbox 617 2385 777 2433; x_wconf 82' lang='lat' dir='ltr'>Gregor.</span> 
     </span>
     <span class='ocr_line' id='line_1_36' title="bbox 121 2437 773 2494; baseline 0.002 -15"><span class='ocrx_word' id='word_1_203' title='bbox 121 2443 287 2480; x_wconf 83' lang='lat' dir='ltr'>Corinth.</span> <span class='ocrx_word' id='word_1_204' title='bbox 322 2457 359 2494; x_wconf 91' lang='lat' dir='ltr'>p.</span> <span class='ocrx_word' id='word_1_205' title='bbox 392 2442 494 2484; x_wconf 72' lang='lat'>427.</span> <span class='ocrx_word' id='word_1_206' title='bbox 535 2442 657 2479; x_wconf 86' lang='lat' dir='ltr'>Verba</span> <span class='ocrx_word' id='word_1_207' title='bbox 697 2437 773 2490; x_wconf 70' lang='grc' dir='ltr'><strong><em>τήν</em></strong></span> 
     </span>
     <span class='ocr_line' id='line_1_37' title="bbox 117 2493 777 2550; baseline -0.006 -12"><span class='ocrx_word' id='word_1_208' title='bbox 117 2493 268 2549; x_wconf 81' lang='grc' dir='ltr'><strong><em>Ἰνάχου</em></strong></span> <span class='ocrx_word' id='word_1_209' title='bbox 306 2499 444 2550; x_wconf 84' lang='lat' dir='ltr'>primus</span> <span class='ocrx_word' id='word_1_210' title='bbox 478 2498 653 2536; x_wconf 81' lang='lat' dir='ltr'>Valcken.</span> <span class='ocrx_word' id='word_1_211' title='bbox 679 2497 777 2535; x_wconf 86' lang='lat' dir='ltr'>male</span> 
     </span>
     <span class='ocr_line' id='line_1_38' title="bbox 120 2555 776 2605; baseline 0 -13"><span class='ocrx_word' id='word_1_212' title='bbox 120 2556 248 2592; x_wconf 80' lang='lat' dir='ltr'>addita</span> <span class='ocrx_word' id='word_1_213' title='bbox 264 2555 491 2605; x_wconf 81' lang='lat' dir='ltr'>insiticiaque</span> <span class='ocrx_word' id='word_1_214' title='bbox 507 2555 644 2601; x_wconf 78' lang='lat' dir='ltr'><strong>habuit,</strong></span> <span class='ocrx_word' id='word_1_215' title='bbox 673 2567 776 2592; x_wconf 88' lang='lat' dir='ltr'>acce-</span> 
     </span>
     <span class='ocr_line' id='line_1_39' title="bbox 122 2610 777 2662; baseline -0.002 -14"><span class='ocrx_word' id='word_1_216' title='bbox 122 2612 232 2650; x_wconf 84' lang='lat' dir='ltr'><strong>dente</strong></span> <span class='ocrx_word' id='word_1_217' title='bbox 248 2612 402 2662; x_wconf 84' lang='lat' dir='ltr'>posthac</span> <span class='ocrx_word' id='word_1_218' title='bbox 427 2612 611 2651; x_wconf 84' lang='lat' dir='ltr'>Larchero</span> <span class='ocrx_word' id='word_1_219' title='bbox 637 2610 777 2660; x_wconf 88' lang='lat' dir='ltr'>(Chro-</span> 
     </span>
     <span class='ocr_line' id='line_1_40' title="bbox 119 2667 778 2719; baseline -0.002 -15"><span class='ocrx_word' id='word_1_220' title='bbox 119 2667 193 2705; x_wconf 82' lang='lat' dir='ltr'>nol.</span> <span class='ocrx_word' id='word_1_221' title='bbox 213 2669 353 2707; x_wconf 87' lang='lat' dir='ltr'>Herod.</span> <span class='ocrx_word' id='word_1_222' title='bbox 388 2678 426 2719; x_wconf 86' lang='lat' dir='ltr'>p.</span> <span class='ocrx_word' id='word_1_223' title='bbox 453 2669 535 2710; x_wconf 83' lang='lat'>313</span> <span class='ocrx_word' id='word_1_224' title='bbox 575 2668 653 2714; x_wconf 85' lang='lat' dir='ltr'>[X‚</span> <span class='ocrx_word' id='word_1_225' title='bbox 684 2667 778 2716; x_wconf 81' lang='lat'>2])‚</span> 
     </span>
     <span class='ocr_line' id='line_1_41' title="bbox 122 2721 778 2776; baseline -0.003 -16"><span class='ocrx_word' id='word_1_226' title='bbox 122 2721 250 2761; x_wconf 82' lang='lat' dir='ltr'>Reizio</span> <span class='ocrx_word' id='word_1_227' title='bbox 293 2725 439 2774; x_wconf 81' lang='lat' dir='ltr'>(Praef.</span> <span class='ocrx_word' id='word_1_228' title='bbox 481 2739 518 2776; x_wconf 90' lang='lat' dir='ltr'>p.</span> <span class='ocrx_word' id='word_1_229' title='bbox 552 2723 645 2761; x_wconf 71' lang='lat' dir='ltr'>XXI.</span> <span class='ocrx_word' id='word_1_230' title='bbox 677 2725 778 2774; x_wconf 83' lang='lat' dir='ltr'>sq.),</span> 
     </span>
     <span class='ocr_line' id='line_1_42' title="bbox 125 2778 775 2819; baseline 0.003 -5"><span class='ocrx_word' id='word_1_231' title='bbox 125 2778 214 2816; x_wconf 80' lang='lat' dir='ltr'>aliis,</span> <span class='ocrx_word' id='word_1_232' title='bbox 258 2780 403 2819; x_wconf 80' lang='lat' dir='ltr'><strong>Etenim</strong></span> <span class='ocrx_word' id='word_1_233' title='bbox 437 2781 645 2819; x_wconf 80' lang='lat' dir='ltr'>Pausaniae</span> <span class='ocrx_word' id='word_1_234' title='bbox 674 2780 775 2817; x_wconf 89' lang='lat' dir='ltr'>locus</span> 
     </span>
     <span class='ocr_line' id='line_1_43' title="bbox 126 2835 776 2884; baseline 0.008 -14"><span class='ocrx_word' id='word_1_235' title='bbox 126 2835 354 2884; x_wconf 81' lang='lat' dir='ltr'>potissimum</span> <span class='ocrx_word' id='word_1_236' title='bbox 390 2838 469 2876; x_wconf 88' lang='lat' dir='ltr'>illos</span> <span class='ocrx_word' id='word_1_237' title='bbox 506 2839 555 2876; x_wconf 88' lang='lat' dir='ltr'>ad</span> <span class='ocrx_word' id='word_1_238' title='bbox 578 2839 672 2875; x_wconf 83' lang='lat' dir='ltr'>hanc</span> <span class='ocrx_word' id='word_1_239' title='bbox 690 2850 776 2875; x_wconf 86' lang='lat' dir='ltr'>sen-</span> 
     </span>
    </p>
   </div>
   <div class='ocr_carea' id='block_1_10' title="bbox 129 2891 774 2946">
    <p class='ocr_par' dir='ltr' id='par_1_12' title="bbox 129 2891 774 2946">
     <span class='ocr_line' id='line_1_44' title="bbox 129 2891 774 2946; baseline 0.016 -19"><span class='ocrx_word' id='word_1_240' title='bbox 129 2891 278 2929; x_wconf 83' lang='lat' dir='ltr'><strong>tentiam</strong></span> <span class='ocrx_word' id='word_1_241' title='bbox 300 2895 487 2944; x_wconf 84' lang='lat' dir='ltr'>perduxit,</span> <span class='ocrx_word' id='word_1_242' title='bbox 524 2895 579 2943; x_wconf 79' lang='lat'>11,</span> <span class='ocrx_word' id='word_1_243' title='bbox 611 2896 664 2936; x_wconf 87' lang='grc'>16</span> <span class='ocrx_word' id='word_1_244' title='bbox 693 2892 731 2946; x_wconf 78' lang='lat'>§-</span> <span class='ocrx_word' id='word_1_245' title='bbox 752 2895 774 2935; x_wconf 90' lang='lat'>1</span> 
     </span>
    </p>
   </div>
   <div class='ocr_carea' id='block_1_11' title="bbox 826 1024 1505 2945">
    <p class='ocr_par' dir='ltr' id='par_1_13' title="bbox 826 1024 1505 2945">
     <span class='ocr_line' id='line_1_45' title="bbox 842 1024 1503 1084; baseline 0 -15"><span class='ocrx_word' id='word_1_246' title='bbox 842 1024 903 1069; x_wconf 64' lang='lat' dir='ltr'>’Im‘</span> <span class='ocrx_word' id='word_1_247' title='bbox 929 1026 1002 1082; x_wconf 83' lang='grc' dir='ltr'><strong><em>μὲν</em></strong></span> <span class='ocrx_word' id='word_1_248' title='bbox 1034 1024 1112 1070; x_wconf 77' lang='grc' dir='ltr'>οὖν</span> <span class='ocrx_word' id='word_1_249' title='bbox 1140 1025 1271 1071; x_wconf 81' lang='grc' dir='ltr'><strong><em>Ἰάσου</em></strong></span> <span class='ocrx_word' id='word_1_250' title='bbox 1303 1024 1503 1084; x_wconf 77' lang='grc' dir='ltr'><strong><em>θυγάτηρ,</em></strong></span> 
     </span>
     <span class='ocr_line' id='line_1_46' title="bbox 845 1083 1505 1139; baseline 0.002 -14"><span class='ocrx_word' id='word_1_251' title='bbox 845 1086 920 1126; x_wconf 81' lang='grc' dir='ltr'><strong><em>εἴτε</em></strong></span> <span class='ocrx_word' id='word_1_252' title='bbox 971 1085 1024 1133; x_wconf 73' lang='grc' dir='ltr'>ὥς</span> <span class='ocrx_word' id='word_1_253' title='bbox 1061 1083 1272 1139; x_wconf 84' lang='grc' dir='ltr'><strong><em>Ἡρόδοτος</em></strong></span> <span class='ocrx_word' id='word_1_254' title='bbox 1312 1086 1505 1139; x_wconf 66' lang='grc' dir='ltr'><strong><em>ἔγραψεν,</em></strong></span> 
     </span>
     <span class='ocr_line' id='line_1_47' title="bbox 845 1138 1500 1195; baseline 0 -13"><span class='ocrx_word' id='word_1_255' title='bbox 845 1142 920 1182; x_wconf 80' lang='grc' dir='ltr'><strong><em>εἴτε</em></strong></span> <span class='ocrx_word' id='word_1_256' title='bbox 939 1138 1036 1181; x_wconf 87' lang='grc' dir='ltr'><strong><em>καθ’</em></strong></span> <span class='ocrx_word' id='word_1_257' title='bbox 1062 1140 1086 1182; x_wconf 76' lang='grc' dir='ltr'>ὃ</span> <span class='ocrx_word' id='word_1_258' title='bbox 1107 1139 1500 1195; x_wconf 62' lang='grc' dir='ltr'><strong><em>λέγουσιν’Έλληνες,</em></strong></span> 
     </span>
     <span class='ocr_line' id='line_1_48' title="bbox 843 1195 1501 1251; baseline 0 -14"><span class='ocrx_word' id='word_1_259' title='bbox 843 1198 883 1245; x_wconf 78' lang='grc' dir='ltr'>ἐς</span> <span class='ocrx_word' id='word_1_260' title='bbox 906 1198 1112 1251; x_wconf 76' lang='grc' dir='ltr'><strong><em>Αἴγυπτον</em></strong></span> <span class='ocrx_word' id='word_1_261' title='bbox 1145 1195 1384 1249; x_wconf 64' lang='grc' dir='ltr'><strong><em>ἀφικνεῖται.</em></strong></span> <span class='ocrx_word' id='word_1_262' title='bbox 1423 1200 1501 1238; x_wconf 86' lang='lat' dir='ltr'>Sed</span> 
     </span>
     <span class='ocr_line' id='line_1_49' title="bbox 841 1255 1502 1305; baseline 0.003 -13"><span class='ocrx_word' id='word_1_263' title='bbox 841 1255 1088 1293; x_wconf 76' lang='lat' dir='ltr'>Valckenario</span> <span class='ocrx_word' id='word_1_264' title='bbox 1136 1257 1338 1305; x_wconf 83' lang='lat' dir='ltr'>Schweigh.</span> <span class='ocrx_word' id='word_1_265' title='bbox 1402 1259 1502 1294; x_wconf 86' lang='lat' dir='ltr'>recte</span> 
     </span>
     <span class='ocr_line' id='line_1_50' title="bbox 843 1312 1499 1362; baseline 0.005 -15"><span class='ocrx_word' id='word_1_266' title='bbox 843 1313 1016 1362; x_wconf 87' lang='lat' dir='ltr'>opposuit</span> <span class='ocrx_word' id='word_1_267' title='bbox 1042 1312 1216 1350; x_wconf 87' lang='lat' dir='ltr'>librorum</span> <span class='ocrx_word' id='word_1_268' title='bbox 1235 1313 1499 1360; x_wconf 85' lang='lat' dir='ltr'>auctoritatem,</span> 
     </span>
     <span class='ocr_line' id='line_1_51' title="bbox 842 1369 1498 1417; baseline 0.002 -13"><span class='ocrx_word' id='word_1_269' title='bbox 842 1369 904 1417; x_wconf 89' lang='lat' dir='ltr'>qui</span> <span class='ocrx_word' id='word_1_270' title='bbox 939 1369 987 1405; x_wconf 77' lang='lat' dir='ltr'>ad</span> <span class='ocrx_word' id='word_1_271' title='bbox 1013 1382 1123 1406; x_wconf 89' lang='lat' dir='ltr'>unum</span> <span class='ocrx_word' id='word_1_272' title='bbox 1150 1383 1275 1407; x_wconf 83' lang='lat' dir='ltr'>omnes</span> <span class='ocrx_word' id='word_1_273' title='bbox 1303 1369 1393 1407; x_wconf 86' lang='lat' dir='ltr'>haec</span> <span class='ocrx_word' id='word_1_274' title='bbox 1417 1382 1498 1406; x_wconf 83' lang='lat' dir='ltr'>ver—</span> 
     </span>
     <span class='ocr_line' id='line_1_52' title="bbox 841 1425 1498 1475; baseline 0.002 -14"><span class='ocrx_word' id='word_1_275' title='bbox 841 1425 890 1461; x_wconf 88' lang='lat' dir='ltr'>ba</span> <span class='ocrx_word' id='word_1_276' title='bbox 914 1425 1090 1473; x_wconf 83' lang='lat' dir='ltr'>retinent,</span> <span class='ocrx_word' id='word_1_277' title='bbox 1128 1427 1335 1475; x_wconf 83' lang='lat' dir='ltr'>quibusque</span> <span class='ocrx_word' id='word_1_278' title='bbox 1359 1426 1498 1462; x_wconf 83' lang='lat' dir='ltr'>accedit</span> 
     </span>
     <span class='ocr_line' id='line_1_53' title="bbox 840 1480 1497 1520; baseline 0 -2"><span class='ocrx_word' id='word_1_279' title='bbox 840 1480 1021 1518; x_wconf 80' lang='lat' dir='ltr'>Plutarchi</span> <span class='ocrx_word' id='word_1_280' title='bbox 1055 1486 1092 1520; x_wconf 77' lang='lat' dir='ltr'>et</span> <span class='ocrx_word' id='word_1_281' title='bbox 1141 1481 1290 1520; x_wconf 82' lang='lat' dir='ltr'>Libanii</span> <span class='ocrx_word' id='word_1_282' title='bbox 1331 1483 1497 1519; x_wconf 85' lang='lat' dir='ltr'>testimo-</span> 
     </span>
     <span class='ocr_line' id='line_1_54' title="bbox 838 1537 1495 1577; baseline 0.003 -3"><span class='ocrx_word' id='word_1_283' title='bbox 838 1537 939 1575; x_wconf 81' lang='lat' dir='ltr'>nium</span> <span class='ocrx_word' id='word_1_284' title='bbox 965 1538 1090 1576; x_wconf 86' lang='lat' dir='ltr'>itidem</span> <span class='ocrx_word' id='word_1_285' title='bbox 1123 1539 1215 1577; x_wconf 86' lang='lat' dir='ltr'>haec</span> <span class='ocrx_word' id='word_1_286' title='bbox 1239 1538 1352 1577; x_wconf 81' lang='lat' dir='ltr'>verba</span> <span class='ocrx_word' id='word_1_287' title='bbox 1380 1539 1495 1576; x_wconf 85' lang='lat' dir='ltr'>citan-</span> 
     </span>
     <span class='ocr_line' id='line_1_55' title="bbox 838 1593 1493 1643; baseline 0.002 -12"><span class='ocrx_word' id='word_1_288' title='bbox 838 1595 938 1631; x_wconf 85' lang='lat' dir='ltr'>tium.</span> <span class='ocrx_word' id='word_1_289' title='bbox 955 1593 1189 1643; x_wconf 68' lang='lat' dir='ltr'>Accuratffls,</span> <span class='ocrx_word' id='word_1_290' title='bbox 1216 1598 1389 1633; x_wconf 64' lang='lat' dir='ltr'>monente</span> <span class='ocrx_word' id='word_1_291' title='bbox 1414 1594 1493 1643; x_wconf 53' lang='lat' dir='ltr'>Cra,</span> 
     </span>
     <span class='ocr_line' id='line_1_56' title="bbox 836 1650 1497 1690; baseline 0.002 -2"><span class='ocrx_word' id='word_1_292' title='bbox 836 1650 954 1688; x_wconf 89' lang='lat' dir='ltr'>locum</span> <span class='ocrx_word' id='word_1_293' title='bbox 974 1652 1131 1689; x_wconf 82' lang='lat' dir='ltr'>excussit</span> <span class='ocrx_word' id='word_1_294' title='bbox 1147 1651 1191 1689; x_wconf 91' lang='lat' dir='ltr'>F.</span> <span class='ocrx_word' id='word_1_295' title='bbox 1209 1651 1254 1689; x_wconf 87' lang='lat' dir='ltr'>A.</span> <span class='ocrx_word' id='word_1_296' title='bbox 1272 1651 1427 1690; x_wconf 85' lang='lat' dir='ltr'>Wolfius</span> <span class='ocrx_word' id='word_1_297' title='bbox 1454 1652 1497 1689; x_wconf 75' lang='lat' dir='ltr'>iu</span> 
     </span>
     <span class='ocr_line' id='line_1_57' title="bbox 835 1706 1495 1759; baseline 0.003 -17"><span class='ocrx_word' id='word_1_298' title='bbox 835 1706 1012 1743; x_wconf 65' lang='lat' dir='ltr'>Analectt.</span> <span class='ocrx_word' id='word_1_299' title='bbox 1037 1707 1104 1744; x_wconf 90' lang='lat' dir='ltr'>litt.</span> <span class='ocrx_word' id='word_1_300' title='bbox 1138 1708 1191 1745; x_wconf 89' lang='lat' dir='ltr'>lV</span> <span class='ocrx_word' id='word_1_301' title='bbox 1224 1722 1260 1759; x_wconf 89' lang='lat' dir='ltr'>p.</span> <span class='ocrx_word' id='word_1_302' title='bbox 1288 1708 1370 1750; x_wconf 80' lang='grc'>540</span> <span class='ocrx_word' id='word_1_303' title='bbox 1397 1721 1495 1758; x_wconf 87' lang='lat' dir='ltr'>sqq.,</span> 
     </span>
     <span class='ocr_line' id='line_1_58' title="bbox 837 1762 1492 1812; baseline 0.003 -13"><span class='ocrx_word' id='word_1_304' title='bbox 837 1763 898 1812; x_wconf 88' lang='lat' dir='ltr'>qui</span> <span class='ocrx_word' id='word_1_305' title='bbox 915 1764 1024 1799; x_wconf 84' lang='lat' dir='ltr'>variis</span> <span class='ocrx_word' id='word_1_306' title='bbox 1040 1762 1119 1800; x_wconf 86' lang='lat' dir='ltr'>VV.</span> <span class='ocrx_word' id='word_1_307' title='bbox 1137 1764 1223 1802; x_wconf 93' lang='lat' dir='ltr'>DD.</span> <span class='ocrx_word' id='word_1_308' title='bbox 1244 1765 1292 1801; x_wconf 85' lang='lat' dir='ltr'>de</span> <span class='ocrx_word' id='word_1_309' title='bbox 1311 1765 1345 1801; x_wconf 96' lang='lat' dir='ltr'>h.</span> <span class='ocrx_word' id='word_1_310' title='bbox 1364 1764 1387 1800; x_wconf 94' lang='lat' dir='ltr'>l.</span> <span class='ocrx_word' id='word_1_311' title='bbox 1406 1777 1492 1801; x_wconf 87' lang='lat' dir='ltr'>sen-</span> 
     </span>
     <span class='ocr_line' id='line_1_59' title="bbox 836 1819 1491 1871; baseline 0.003 -15"><span class='ocrx_word' id='word_1_312' title='bbox 836 1820 960 1858; x_wconf 77' lang='lat' dir='ltr'>tentiis</span> <span class='ocrx_word' id='word_1_313' title='bbox 978 1819 1127 1868; x_wconf 75' lang='lat' dir='ltr'>relatis,</span> <span class='ocrx_word' id='word_1_314' title='bbox 1152 1821 1233 1871; x_wconf 88' lang='lat' dir='ltr'>ipse</span> <span class='ocrx_word' id='word_1_315' title='bbox 1251 1821 1339 1870; x_wconf 87' lang='lat' dir='ltr'>quid</span> <span class='ocrx_word' id='word_1_316' title='bbox 1364 1833 1491 1858; x_wconf 87' lang='lat' dir='ltr'>sense-</span> 
     </span>
     <span class='ocr_line' id='line_1_60' title="bbox 835 1875 1492 1925; baseline 0 -12"><span class='ocrx_word' id='word_1_317' title='bbox 835 1876 901 1924; x_wconf 87' lang='lat' dir='ltr'>rit,</span> <span class='ocrx_word' id='word_1_318' title='bbox 931 1875 1028 1912; x_wconf 89' lang='lat' dir='ltr'>haud</span> <span class='ocrx_word' id='word_1_319' title='bbox 1053 1877 1190 1914; x_wconf 78' lang='lat' dir='ltr'>diserte</span> <span class='ocrx_word' id='word_1_320' title='bbox 1214 1877 1386 1914; x_wconf 81' lang='lat' dir='ltr'>indicavit</span> <span class='ocrx_word' id='word_1_321' title='bbox 1410 1877 1492 1925; x_wconf 90' lang='lat' dir='ltr'>qui-</span> 
     </span>
     <span class='ocr_line' id='line_1_61' title="bbox 835 1933 1490 1981; baseline 0 -11"><span class='ocrx_word' id='word_1_322' title='bbox 835 1933 946 1980; x_wconf 75' lang='lat' dir='ltr'>dem,</span> <span class='ocrx_word' id='word_1_323' title='bbox 976 1933 1126 1971; x_wconf 88' lang='lat' dir='ltr'>minime</span> <span class='ocrx_word' id='word_1_324' title='bbox 1157 1937 1301 1980; x_wconf 85' lang='lat' dir='ltr'>tamen,</span> <span class='ocrx_word' id='word_1_325' title='bbox 1337 1933 1368 1969; x_wconf 89' lang='lat' dir='ltr'>si</span> <span class='ocrx_word' id='word_1_326' title='bbox 1402 1933 1490 1981; x_wconf 87' lang='lat' dir='ltr'>quid</span> 
     </span>
     <span class='ocr_line' id='line_1_62' title="bbox 832 1989 1492 2036; baseline -0.002 -10"><span class='ocrx_word' id='word_1_327' title='bbox 832 1990 962 2036; x_wconf 82' lang='lat' dir='ltr'>video,</span> <span class='ocrx_word' id='word_1_328' title='bbox 1015 1989 1106 2027; x_wconf 80' lang='lat' dir='ltr'>haec</span> <span class='ocrx_word' id='word_1_329' title='bbox 1154 1989 1338 2027; x_wconf 77' lang='lat' dir='ltr'>Herodoti</span> <span class='ocrx_word' id='word_1_330' title='bbox 1376 1989 1492 2026; x_wconf 72' lang='lat' dir='ltr'>verba</span> 
     </span>
     <span class='ocr_line' id='line_1_63' title="bbox 832 2046 1488 2084; baseline -0.003 -1"><span class='ocrx_word' id='word_1_331' title='bbox 832 2046 1001 2083; x_wconf 89' lang='lat' dir='ltr'>continuo</span> <span class='ocrx_word' id='word_1_332' title='bbox 1036 2046 1214 2084; x_wconf 83' lang='lat' dir='ltr'>eiicienda</span> <span class='ocrx_word' id='word_1_333' title='bbox 1239 2060 1321 2084; x_wconf 86' lang='lat' dir='ltr'>esse</span> <span class='ocrx_word' id='word_1_334' title='bbox 1355 2046 1488 2082; x_wconf 87' lang='lat' dir='ltr'>docuit.</span> 
     </span>
     <span class='ocr_line' id='line_1_64' title="bbox 833 2102 1486 2146; baseline 0 -8"><span class='ocrx_word' id='word_1_335' title='bbox 833 2102 943 2146; x_wconf 83' lang='lat' dir='ltr'>Quae</span> <span class='ocrx_word' id='word_1_336' title='bbox 982 2103 1112 2140; x_wconf 81' lang='lat' dir='ltr'>eadem</span> <span class='ocrx_word' id='word_1_337' title='bbox 1163 2103 1292 2141; x_wconf 86' lang='lat' dir='ltr'>merito</span> <span class='ocrx_word' id='word_1_338' title='bbox 1337 2102 1486 2139; x_wconf 86' lang='lat' dir='ltr'>retineri</span> 
     </span>
     <span class='ocr_line' id='line_1_65' title="bbox 829 2157 1485 2196; baseline 0.003 -2"><span class='ocrx_word' id='word_1_339' title='bbox 829 2158 904 2195; x_wconf 87' lang='lat' dir='ltr'>vult</span> <span class='ocrx_word' id='word_1_340' title='bbox 932 2157 1050 2195; x_wconf 85' lang='lat' dir='ltr'>Raoul</span> <span class='ocrx_word' id='word_1_341' title='bbox 1067 2159 1280 2196; x_wconf 76' lang='lat' dir='ltr'>-Rochette</span> <span class='ocrx_word' id='word_1_342' title='bbox 1313 2159 1409 2195; x_wconf 88' lang='lat' dir='ltr'>Hist.</span> <span class='ocrx_word' id='word_1_343' title='bbox 1437 2159 1485 2196; x_wconf 84' lang='lat' dir='ltr'>de</span> 
     </span>
     <span class='ocr_line' id='line_1_66' title="bbox 828 2214 1483 2264; baseline 0 -13"><span class='ocrx_word' id='word_1_344' title='bbox 828 2214 1083 2253; x_wconf 80' lang='lat' dir='ltr'>l&#39;Etablissem.</span> <span class='ocrx_word' id='word_1_345' title='bbox 1119 2215 1153 2251; x_wconf 93' lang='lat' dir='ltr'>d.</span> <span class='ocrx_word' id='word_1_346' title='bbox 1190 2215 1318 2252; x_wconf 85' lang='lat' dir='ltr'><strong>Colon.</strong></span> <span class='ocrx_word' id='word_1_347' title='bbox 1349 2215 1483 2264; x_wconf 88' lang='lat' dir='ltr'>Grecq.</span> 
     </span>
     <span class='ocr_line' id='line_1_67' title="bbox 826 2270 1485 2322; baseline -0.002 -13"><span class='ocrx_word' id='word_1_348' title='bbox 826 2271 844 2309; x_wconf 95' lang='lat' dir='ltr'>I</span> <span class='ocrx_word' id='word_1_349' title='bbox 870 2284 907 2321; x_wconf 89' lang='lat' dir='ltr'>p.</span> <span class='ocrx_word' id='word_1_350' title='bbox 936 2270 1016 2312; x_wconf 82' lang='lat'>147</span> <span class='ocrx_word' id='word_1_351' title='bbox 1042 2285 1120 2322; x_wconf 85' lang='lat' dir='ltr'>sq.‚</span> <span class='ocrx_word' id='word_1_352' title='bbox 1151 2272 1214 2320; x_wconf 89' lang='lat' dir='ltr'>qui</span> <span class='ocrx_word' id='word_1_353' title='bbox 1236 2271 1294 2310; x_wconf 79' lang='lat' dir='ltr'>vel</span> <span class='ocrx_word' id='word_1_354' title='bbox 1316 2271 1411 2308; x_wconf 88' lang='lat' dir='ltr'>hanc</span> <span class='ocrx_word' id='word_1_355' title='bbox 1434 2271 1485 2308; x_wconf 91' lang='lat' dir='ltr'>ob</span> 
     </span>
     <span class='ocr_line' id='line_1_68' title="bbox 829 2328 1486 2366; baseline 0 -1"><span class='ocrx_word' id='word_1_356' title='bbox 829 2339 975 2365; x_wconf 82' lang='lat' dir='ltr'>causam</span> <span class='ocrx_word' id='word_1_357' title='bbox 1000 2328 1206 2366; x_wconf 83' lang='lat' dir='ltr'>necessa-ria</span> <span class='ocrx_word' id='word_1_358' title='bbox 1237 2328 1349 2366; x_wconf 81' lang='lat' dir='ltr'>habet</span> <span class='ocrx_word' id='word_1_359' title='bbox 1371 2328 1486 2365; x_wconf 78' lang='lat' dir='ltr'>verba</span> 
     </span>
     <span class='ocr_line' id='line_1_69' title="bbox 827 2379 1482 2435; baseline -0.003 -13"><span class='ocrx_word' id='word_1_360' title='bbox 827 2380 903 2434; x_wconf 73' lang='grc' dir='ltr'><strong><em>τήν</em></strong></span> <span class='ocrx_word' id='word_1_361' title='bbox 952 2379 1129 2435; x_wconf 83' lang='grc' dir='ltr'><strong><em>Ἰνάχου,</em></strong></span> <span class='ocrx_word' id='word_1_362' title='bbox 1176 2387 1216 2421; x_wconf 86' lang='lat' dir='ltr'>ut</span> <span class='ocrx_word' id='word_1_363' title='bbox 1267 2383 1328 2433; x_wconf 86' lang='lat' dir='ltr'>Io,</span> <span class='ocrx_word' id='word_1_364' title='bbox 1382 2384 1482 2421; x_wconf 81' lang='lat' dir='ltr'>cuius</span> 
     </span>
     <span class='ocr_line' id='line_1_70' title="bbox 829 2441 1482 2491; baseline -0.003 -13"><span class='ocrx_word' id='word_1_365' title='bbox 829 2453 963 2478; x_wconf 88' lang='lat' dir='ltr'>nomen</span> <span class='ocrx_word' id='word_1_366' title='bbox 995 2441 1156 2491; x_wconf 84' lang='lat' dir='ltr'>pluribus</span> <span class='ocrx_word' id='word_1_367' title='bbox 1190 2441 1315 2490; x_wconf 82' lang='lat' dir='ltr'>regiae</span> <span class='ocrx_word' id='word_1_368' title='bbox 1356 2441 1482 2491; x_wconf 80' lang='lat' dir='ltr'>stirpis</span> 
     </span>
     <span class='ocr_line' id='line_1_71' title="bbox 829 2496 1484 2546; baseline -0.003 -11"><span class='ocrx_word' id='word_1_369' title='bbox 829 2496 1036 2535; x_wconf 87' lang='lat' dir='ltr'>mulieribus</span> <span class='ocrx_word' id='word_1_370' title='bbox 1069 2510 1281 2546; x_wconf 86' lang='lat' dir='ltr'>commune,</span> <span class='ocrx_word' id='word_1_371' title='bbox 1321 2497 1368 2534; x_wconf 88' lang='lat' dir='ltr'>ab</span> <span class='ocrx_word' id='word_1_372' title='bbox 1403 2497 1484 2534; x_wconf 80' lang='lat' dir='ltr'>aliis</span> 
     </span>
     <span class='ocr_line' id='line_1_72' title="bbox 831 2553 1484 2603; baseline 0.002 -13"><span class='ocrx_word' id='word_1_373' title='bbox 831 2554 1029 2590; x_wconf 77' lang='lat' dir='ltr'>accuratius</span> <span class='ocrx_word' id='word_1_374' title='bbox 1080 2555 1327 2603; x_wconf 82' lang='lat' dir='ltr'>dignoscatur.</span> <span class='ocrx_word' id='word_1_375' title='bbox 1402 2553 1484 2591; x_wconf 86' lang='lat' dir='ltr'>Nec</span> 
     </span>
     <span class='ocr_line' id='line_1_73' title="bbox 831 2604 1484 2660; baseline 0 -14"><span class='ocrx_word' id='word_1_376' title='bbox 831 2604 1030 2659; x_wconf 71' lang='lat' dir='ltr'>quidquam</span> <span class='ocrx_word' id='word_1_377' title='bbox 1055 2610 1120 2647; x_wconf 89' lang='lat' dir='ltr'>viri</span> <span class='ocrx_word' id='word_1_378' title='bbox 1144 2611 1260 2659; x_wconf 86' lang='lat' dir='ltr'>docti,</span> <span class='ocrx_word' id='word_1_379' title='bbox 1290 2610 1353 2660; x_wconf 87' lang='lat' dir='ltr'>qui</span> <span class='ocrx_word' id='word_1_380' title='bbox 1370 2610 1426 2646; x_wconf 86' lang='lat' dir='ltr'>his</span> <span class='ocrx_word' id='word_1_381' title='bbox 1444 2610 1484 2647; x_wconf 87' lang='lat' dir='ltr'>in</span> 
     </span>
     <span class='ocr_line' id='line_1_74' title="bbox 832 2666 1483 2718; baseline 0 -15"><span class='ocrx_word' id='word_1_382' title='bbox 832 2666 951 2703; x_wconf 89' lang='lat' dir='ltr'>verbis</span> <span class='ocrx_word' id='word_1_383' title='bbox 970 2666 1178 2715; x_wconf 81' lang='lat' dir='ltr'>offendunt,</span> <span class='ocrx_word' id='word_1_384' title='bbox 1207 2668 1413 2718; x_wconf 81' lang='lat' dir='ltr'>respexisse</span> <span class='ocrx_word' id='word_1_385' title='bbox 1430 2667 1483 2704; x_wconf 84' lang='lat' dir='ltr'>vi—</span> 
     </span>
     <span class='ocr_line' id='line_1_75' title="bbox 832 2724 1481 2773; baseline 0 -13"><span class='ocrx_word' id='word_1_386' title='bbox 832 2724 984 2771; x_wconf 81' lang='lat' dir='ltr'>dentur,</span> <span class='ocrx_word' id='word_1_387' title='bbox 1023 2725 1328 2773; x_wconf 86' lang='lat' dir='ltr'>quemadmodum</span> <span class='ocrx_word' id='word_1_388' title='bbox 1353 2724 1392 2760; x_wconf 87' lang='lat' dir='ltr'>iu</span> <span class='ocrx_word' id='word_1_389' title='bbox 1425 2727 1481 2760; x_wconf 87' lang='lat' dir='ltr'>ta-</span> 
     </span>
     <span class='ocr_line' id='line_1_76' title="bbox 832 2778 1483 2818; baseline 0 -2"><span class='ocrx_word' id='word_1_390' title='bbox 832 2778 926 2816; x_wconf 92' lang='lat' dir='ltr'>libus</span> <span class='ocrx_word' id='word_1_391' title='bbox 946 2781 1093 2818; x_wconf 81' lang='lat' dir='ltr'>omnino</span> <span class='ocrx_word' id='word_1_392' title='bbox 1118 2782 1259 2818; x_wconf 82' lang='lat' dir='ltr'>variare</span> <span class='ocrx_word' id='word_1_393' title='bbox 1286 2780 1402 2818; x_wconf 83' lang='lat' dir='ltr'>soleat</span> <span class='ocrx_word' id='word_1_394' title='bbox 1426 2781 1483 2816; x_wconf 80' lang='lat' dir='ltr'>sa-</span> 
     </span>
     <span class='ocr_line' id='line_1_77' title="bbox 832 2834 1483 2886; baseline -0.002 -13"><span class='ocrx_word' id='word_1_395' title='bbox 832 2834 927 2873; x_wconf 83' lang='lat' dir='ltr'>bula.</span> <span class='ocrx_word' id='word_1_396' title='bbox 992 2836 1052 2875; x_wconf 88' lang='lat' dir='ltr'>De</span> <span class='ocrx_word' id='word_1_397' title='bbox 1090 2850 1162 2886; x_wconf 85' lang='lat' dir='ltr'>qua</span> <span class='ocrx_word' id='word_1_398' title='bbox 1195 2837 1350 2875; x_wconf 85' lang='lat' dir='ltr'>conferri</span> <span class='ocrx_word' id='word_1_399' title='bbox 1383 2837 1483 2873; x_wconf 90' lang='lat' dir='ltr'>iubet</span> 
     </span>
     <span class='ocr_line' id='line_1_78' title="bbox 833 2892 1481 2945; baseline 0 -16"><span class='ocrx_word' id='word_1_400' title='bbox 833 2892 965 2931; x_wconf 83' lang='lat' dir='ltr'>Creuz.</span> <span class='ocrx_word' id='word_1_401' title='bbox 996 2893 1167 2945; x_wconf 82' lang='lat' dir='ltr'>Apollod.</span> <span class='ocrx_word' id='word_1_402' title='bbox 1191 2893 1247 2943; x_wconf 83' lang='grc' dir='ltr'>ΙΙ,</span> <span class='ocrx_word' id='word_1_403' title='bbox 1277 2896 1315 2942; x_wconf 86' lang='grc'>1,</span> <span class='ocrx_word' id='word_1_404' title='bbox 1340 2894 1369 2934; x_wconf 86' lang='grc'><strong>3</strong></span> <span class='ocrx_word' id='word_1_405' title='bbox 1394 2892 1481 2941; x_wconf 86' lang='lat' dir='ltr'>ibiq.</span> 
     </span>
    </p>
   </div>
  </div>
 </body>
</html>
