1796 3324
546 247 1067 287 EUTERPE.ll.
1343 250 1427 288 823

163 372 320 412 σαντα,
361 357 538 409 (οὐδένα
564 357 647 411 γὰρ
677 355 839 411 χρόνον
870 352 957 400 οἷοί
987 371 1031 397 τε
1062 349 1176 409 ἦσαν
1207 351 1313 396 ἄνευ
1343 357 1423 409 βα-

162 440 301 489 σιλέος
330 434 627 489 διαιτᾶσθαι,)
679 434 914 491 ἐστήσαντο
953 431 1154 477 δυώδεκα
1194 432 1449 488 βασιλέας,1

134 516 364 562 δδυιόδεκα
397 516 553 569 μοίρας
583 513 822 569 δασάμενοι
853 515 1078 568 Αἴγυπτον
1109 516 1269 555 πᾶσαν.
1301 507 1424 555 οὗτοι

161 595 387 650 ἐπιγαμίας
408 592 718 648 ποιησάμενοι,
750 592 1024 647 ἐβασίλευον,
1056 591 1230 647 νόμοισι
1261 593 1423 634 τοισίὸε

158 672 416 730 χρεώμενοι,
467 670 570 728 μήτε
600 672 841 725 καταιρέειν
872 671 1106 728 ἀλλήλους,
1161 671 1265 726 μήτε
1291 671 1423 712 πλέον

157 770 199 796 τι
228 754 429 808 δίζησθαι
459 751 569 806 ἔχειν
608 750 685 794 τὸν
725 750 875 805 ἕτερον
913 756 993 794 τοῦ
1023 751 1197 805 ἑτέρου,
1238 748 1349 793 εἷναί
1379 764 1422 791 τε

127 832 320 888 4φίλους
359 829 412 874 τὰ
450 829 649 886 μάλιστα.
701 832 840 874 τῶνδε
871 830 916 874 δὲ
948 832 1091 874 εἵνεκα
1121 831 1224 880 τοὺς
1254 827 1448 883 νόμους5

156 911 341 960 τούτους
370 910 619 961 ἐποιεῦντο,
650 911 835 964 ἰσχυρῶς
852 909 1216 964 περιστέλλοντες·
1248 907 1421 963 ἐκέχρη-

155 988 204 1033 τό
238 1002 317 1044 σφι
346 988 436 1032 κατ’
467 988 601 1045 ἀρχάς
632 986 786 1032 αὐτίκα
825 989 1138 1044 ἐνισταμένοισι
1168 988 1209 1039 ἐς
1238 988 1313 1038 τὰς
1343 1003 1419 1029 τυ-

157 1070 366 1123 ραννίδας
407 1067 522 1119 »τὸν
549 1066 707 1124 χαλκέῃ
747 1067 882 1124 φιάλῃ
925 1070 1158 1111 σπείσαντα
1197 1065 1344 1109 αὐτῶν
1374 1064 1421 1107 ἐν

157 1151 256 1204 ,,τς5
285 1149 366 1203 ἱρῷ
396 1150 477 1190 τοῦ
501 1146 766 1201 (Ηφαίστου,
814 1152 974 1190 τοῦτον
1005 1145 1172 1202 ἁπάσης
1218 1142 1420 1201 βασιλεύ-

154 1260 178 1279 ,,
192 1238 283 1270 σειν
317 1225 589 1281 Αἰγύπτου(ζ

34 1309 132 1355 148
156 1305 349 1362 λέγοντο.

153 1389 301 1442 κοινῇ·
333 1383 465 1437 δόξαν
496 1383 540 1427 δέ
572 1396 674 1440 σφι,
706 1383 967 1441 ἐποιήσαντο
995 1383 1298 1440 λαβύρινθον,
1331 1380 1421 1425 ὀλί-

646 1225 689 1277 ἐς
717 1225 802 1282 γὰρ
843 1225 895 1282 δὴ
925 1243 977 1269 τα
1006 1225 1149 1268 πάντα
1190 1223 1261 1279 ἷρα
1293 1237 1419 1266 συνε-

152 1481 233 1522 γον
261 1462 370 1519 ὑπὲρ
401 1467 476 1520 τῆς
505 1465 657 1519 λίμνης
685 1467 760 1519 τῆς
790 1465 1006 1518 Μοίριος,
1037 1463 1144 1506 κατὰ
1176 1462 1418 1517 Κροκοδεί-

153 1548 242 1588 λων
281 1542 550 1600 καλεομένην
587 1543 717 1587 πόλιν
753 1541 937 1598 μάλιστα
976 1560 1030 1600 κη
1068 1544 1286 1599 κείμενον·
1338 1540 1417 1584 τόν

417 1306 510 1349 Καὶ
549 1303 603 1362 δή
643 1318 721 1361 σφι
759 1304 1018 1361 μνημόσυνα
1063 1304 1180 1356 ἔδοξε
1219 1303 1420 1346 λιπέσθαι
1436 1310 1558 1351 lOLayb
1555 1315 1757 1344 rh-nhumae

1479 1350 1506 1376 di
1512 1350 1528 1377 l·
1533 1325 1628 1390 gant,
1683 1358 1756 1385 ospu

1479 1384 1550 1410 maii
1554 1393 1576 1410 is
1604 1392 1640 1417 qu
1625 1392 1690 1410 uam
1709 1383 1758 1410 vel

1479 1426 1594 1453 pjrami
1585 1418 1649 1445 isde
1636 1427 1668 1444 s:
1692 1417 1757 1444 eius

1480 1473 1558 1511 176

1480 1540 1510 1563 et
1560 1536 1722 1577 pyramiids

1480 1579 1517 1604 qu
1523 1571 1675 1598 niumadu
1680 1574 1756 1596 catm

1477 1588 1593 1639 hali‚ct
1645 1603 1756 1631 descri-

1479 1638 1553 1672 [ιῑίο.

155 1772 492 1822 διαιτᾶσθαι]
527 1773 592 1811 Cr.
617 1774 756 1811 confert

98 1830 314 1868 Valckenar.
335 1835 372 1867 et
398 1831 527 1868 Zeune
555 1831 602 1867 ad
630 1830 756 1867 Xeno-

98 1886 226 1938 phont.
247 1900 396 1923 memor.
416 1900 452 1936 p.
474 1888 526 1927 87
555 1886 637 1933 (ll,
659 1888 707 1932 3,
728 1889 754 1926 2

98 1947 134 1981 et
154 1943 192 1991 Ι,
213 1946 261 1990 6,
282 1947 330 1989 2,
366 1944 427 1979 ubi
459 1946 513 1980 est
535 1945 673 1989 vivere,
693 1942 753 1978 de-

95 2012 200 2048 gere,
229 1999 339 2050 plane
366 2004 405 2036 ut
431 1999 531 2050 apud
556 1999 695 2036 Herod.
725 1999 752 2046 l,

154 2107 334 2151 δυώδεκα
363 2111 503 2161 μοίρας
535 2107 754 2162 δασάμενοι

97 2167 321 2220 Αἴγυπτον]
352 2168 551 2205 Molestum
571 2167 621 2216 ἐς,
652 2169 754 2217 quod

97 2226 207 2274 vulgo
228 2225 421 2274 legebatur
449 2230 533 2261 ante
557 2220 753 2271 δυώδεκα,

98 2281 186 2319 eieci
203 2294 283 2318 cum
303 2282 388 2318 edd.
410 2285 564 2318 recentt.
588 2281 649 2318 Tu
668 2294 755 2318 con-

97 2338 151 2374 fer
196 2342 343 2388 praeter
382 2337 586 2386 Schweigh.
621 2336 754 2374 Matth.

100 2391 138 2443 ἓ
151 2393 258 2442 419,
278 2397 301 2435 1
331 2407 417 2445 pag.
438 2396 532 2435 767

159 2445 262 2489 εἶναί
290 2464 328 2489 τε
357 2451 499 2498 φίλους
525 2465 580 2488 τα
616 2465 642 2516 μ
656 2445 754 2488 αλι-

103 2504 209 2555 στα]
234 2506 329 2543 Alibi
349 2506 472 2543 dixit'
457 2522 495 2552 ες
507 2503 554 2544 τοὶ
576 2503 754 2556 μάλιστα,

103 2565 142 2597 ut
159 2562 196 2609 Ι,
217 2565 282 2603 20.
339 2563 451 2600 Plura
473 2563 688 2601 Valckenar.
708 2563 756 2599 ad

103 2616 175 2664 Vl,
195 2618 261 2660 65.

163 2673 331 2724 ἰσχυρῶς
362 2673 698 2724 περιστέλλοντες]
732 2675 755 2711 ἱ.

107 2741 139 2765 e.
178 2742 304 2779 magno
358 2731 475 2768 studio
525 2733 755 2777 observantes,

109 2788 238 2822 tuentes
258 2786 319 2822 has
339 2787 441 2836 leges.
483 2789 544 2825 Sic
562 2786 759 2838 περιστέλ-

110 2842 191 2878 λειν
219 2842 290 2889 lu,
310 2844 375 2884 31.
407 2846 472 2884 82.
511 2844 574 2890 lv,
595 2847 662 2885 80.
719 2844 760 2880 In

113 2909 214 2947 seqq.
240 2911 317 2935 cum
345 2899 461 2937 Gaiss.
492 2900 577 2938 dedi
606 2899 760 2951 ἐκέχρη-

823 1788 867 1812 το
881 1804 891 1820 ,
920 1774 1101 1824 probante
1120 1772 1364 1820 Wesselingio
1378 1800 1389 1817 ,
1419 1771 1481 1818 qui

823 1832 964 1867 confert
987 1830 1127 1866 Herod.
1149 1829 1195 1876 II,
1222 1831 1311 1869 151.
1331 1828 1393 1873 lll,
1414 1829 1479 1867 64.

823 1887 912 1932 V‚ll
934 1889 1026 1927 220.
1073 1886 1105 1922 V
1108 1886 1267 1934 ulgatam
1289 1885 1478 1921 lectionem

822 1941 1028 1994 ἐκέχρηστο
1048 1947 1169 1980 tuetur
1189 1941 1393 1989 Schweigh.
1423 1961 1479 1967 —

823 2016 846 2038 α
858 1995 885 2038 ν’
897 2015 917 2037 τ
930 2014 959 2037 ω
973 2014 996 2037 ν
1024 2012 1103 2036 cum
1135 2000 1265 2036 eodem
1292 1997 1478 2034 Gaissord.

822 2057 920 2095 edidi
941 2069 1009 2107 pro
1033 2051 1244 2094 αὐτέων.

990 2166 1338 2218 eap.chan

880 2248 1001 2300 δόξαν
1031 2249 1073 2290 δέ
1105 2262 1197 2300 σφι,
1241 2246 1480 2299 ἐποιήσαντο

822 2305 1099 2361 λαβύρινθον]
1153 2306 1210 2343 Ad
1252 2307 1483 2358 participium

824 2362 944 2413 δόξαν
968 2366 1062 2402 conf.
1085 2365 1203 2412 Viger.
1233 2365 1280 2402 de
1306 2364 1480 2400 idiotism.

822 2424 1003 2474 pag.330
1027 2425 1062 2458 et
1084 2422 1131 2458 ad
1151 2416 1391 2470 ἐποιήσαντο
1404 2420 1483 2457 He-

822 2480 902 2516 rod·
941 2478 997 2524 ll,
1029 2480 1120 2518 127.
1163 2480 1254 2518 129.
1314 2477 1373 2514 De
1399 2477 1480 2526 ipso

824 2534 1031 2584 labyrintho
1066 2534 1103 2570 in
1132 2546 1284 2571 excursu
1312 2534 1360 2570 ad
1392 2532 1426 2569 h.
1455 2532 1477 2568 l.

824 2592 929 2643 plura
951 2590 1116 2627 diximus.

881 2671 981 2713 κατα
1021 2672 1302 2723 Κροκοδείλων
1346 2674 1480 2710 mulfo-

827 2730 952 2783 μένην
974 2727 1117 2780 πόλιν]
1159 2730 1251 2776 „De
1283 2730 1350 2766 hac
1378 2729 1480 2774 urbe,

827 2801 921 2837 quae
954 2788 1062 2824 etiam
1084 2786 1354 2835 Crocodilopolis
1386 2785 1480 2821 dicta

827 2846 988 2892 itemque
1013 2843 1118 2880 Riom
1142 2842 1192 2887 (F
1196 2843 1311 2889 aium)
1333 2855 1400 2879 nec
1415 2840 1481 2876 mi-

828 2914 895 2938 nus
928 2901 1078 2937 Arsino&⁴
1109 2900 1203 2936 conf.
1229 2898 1350 2935 Strab.
1375 2895 1480 2934 XVII
