1814 3315
367 232 449 275 17⁰
771 229 1245 270 HERODOTI

248 343 317 389 67

38 408 72 435 ld
88 409 183 436 totum
201 408 317 437 infelix.

37 442 167 477 Pythiae
194 450 316 477 respou-

38 484 82 503 sa.
124 476 182 509 Qui
223 477 283 504 nint

41 511 64 537 Α
75 517 94 544 g
102 517 120 537 a
128 514 141 536 t
149 509 167 537 h
178 518 195 538 υ
206 518 222 539 υ
231 518 246 538 ι·
254 510 292 545 gi

40 543 180 579 Spartae.

486 338 612 384 Κατοὶ
640 339 718 396 μὲν
748 337 802 396 δή
840 338 919 384 τὸν
956 339 1169 397 πρότερον
1204 340 1396 398 πόλεμον
1425 338 1636 396 συνεχέως

376 421 459 465 αἰεὶ
489 422 634 469 κακῶς
671 415 857 462 ἀέθλεον
894 419 1006 474 πρὸς
1031 420 1134 470 τούς
1167 419 1389 477 Τεγεήτας.
1447 419 1557 465 κατὰ
1588 421 1635 464 δὲ

372 501 451 543 τὸν
479 497 587 542 κατὰ
615 500 814 552 Κροῖσον
841 498 1028 555 χρόνον,
1074 501 1148 544 καὶ
1187 500 1267 558 τήν
1290 498 1633 556 Ἀναξανδρίδεώ

371 595 416 623 τε
443 579 515 622 καὶ
550 576 806 632 Ἀρίστωνος
844 581 1076 636 βασιληΐην
1104 579 1151 623 ἐν
1181 581 1501 635 Λακεδαίμονι,
1551 578 1692 636 ἤδη65

373 660 418 702 οἵ
436 659 708 712 Σπαρτιῆται
738 657 1050 715 κατυπέρτεροι
1078 662 1139 717 τῷ
1163 659 1337 716 πολέμῳ
1364 658 1635 715 ἐγεγόνεσαν,

345 736 522 795 Ξτρόπῳ
563 738 718 795 τοιῷδε
747 736 988 793 γενόμενοι.
1047 737 1193 793 ἐπειδὴ
1235 738 1318 782 αἰεὶ
1360 741 1422 797 τῷ
1460 737 1636 794 πολέμῳ

373 816 582 860 ἑσσοῦντο
613 813 700 859 ’ὑπὸ
732 816 996 872 Τεγεητέων,
1023 817 1268 873 πέμψαντες
1293 815 1577 871 θεοπρόπους
1595 816 1639 868 ἐς

371 894 595 951 Δελφοὺς,
654 895 932 952 ἐπειρώτεον,
991 897 1088 939 τίνα
1127 894 1184 939 ἄν
1221 899 1339 939 θεῶν
1383 894 1638 951 ἱλασάμενοι

315 1080 672 1130 cognominationem
692 1080 809 1129 magis
832 1080 968 1129 magis-

316 1152 389 1188 que
406 1137 620 1183 invaluisse3
657 1137 758 1174 cuius
792 1137 830 1173 in
851 1137 968 1173 hono-

316 1208 394 1232 rem
430 1194 536 1231 ludos
577 1193 729 1242 Tegeae
772 1194 967 1242 institutos,

315 1246 448 1290 Ἀλαῖα
470 1245 701 1297 εἶἈλώτια,
730 1250 819 1287 haec
841 1250 878 1286 in
890 1263 967 1288 me-

318 1308 471 1345 moriam
491 1307 754 1356 Spartanorum
780 1319 803 1343 a
821 1306 856 1343 T
859 1319 970 1355 egea-

320 1365 368 1401 tis
390 1363 477 1401 olim
503 1368 700 1413 captorum.
759 1362 884 1412 Ipsum
904 1376 971 1399 no-

319 1434 404 1460 men
424 1419 531 1456 Aleae
549 1433 612 1456 cur
625 1420 717 1457 deae
733 1419 897 1466 inditum,
909 1432 972 1456 va-

319 1478 372 1515 rie
392 1478 590 1526 disputant.
648 1476 703 1513 Et
720 1476 815 1513 enim
833 1480 973 1513 taceam

318 1534 399 1573 Alei
421 1533 518 1581 regis
547 1545 700 1579 nomen,
730 1533 792 1581 qui
820 1532 974 1580 Tegeae

318 1591 416 1628 istud
431 1588 605 1639 templum
623 1589 832 1626 condidisse
846 1590 973 1637 fertur,

320 1651 405 1684 sunt
424 1646 486 1696 qui
506 1646 551 1682 ab
583 1640 678 1696 ἀλέη
707 1645 756 1693 (i.
788 1658 818 1683 e.
850 1644 972 1684 ἔκκλι-

320 1715 403 1750 σις,
450 1697 645 1749 ’ὑπάλυξις
680 1702 725 1738 cf.
765 1701 806 1739 ll.
851 1701 972 1749 XXII,

318 1760 422 1807 301)
455 1759 654 1805 deducant,
685 1762 724 1794 ut
743 1759 813 1796 dea
841 1757 972 1795 intelli-

322 1820 431 1865 gatur
458 1827 553 1864 quae
581 1815 801 1864 fugientibus
821 1814 975 1852 salutem

319 1872 514 1924 praebeat,
545 1884 639 1921 quae
665 1876 873 1922 pugnantes
899 1884 977 1908 ser-

319 1932 381 1966 vet
409 1927 616 1966 incolumes.
669 1928 747 1965 Sed
776 1928 873 1964 haud
901 1927 976 1965 scio

318 1998 367 2023 an
387 1984 493 2022 altius
514 1985 602 2033 quid
631 1985 821 2034 magisque
850 1997 978 2021 recon-

320 2042 436 2079 ditum
462 2040 500 2077 in
533 2040 603 2077 hoc
637 2041 730 2078 deae
760 2041 977 2089 cognomine

323 2097 523 2149 spectarint
577 2100 730 2134 veteres.
814 2096 978 2134 Pertinet

322 2154 418 2192 enim
452 2152 618 2190 Minerva
655 2154 703 2190 ad
744 2165 788 2190 ea
817 2155 976 2200 numina,

322 2211 454 2260 quibus
470 2213 621 2246 naturae
638 2209 732 2246 vires
755 2222 894 2259 eaeque
922 2210 978 2246 in-

319 2267 472 2304 teriores
521 2266 791 2313 significentur,
840 2265 977 2303 solares

322 2322 485 2373 inprimis
514 2322 696 2370 rationes,
725 2335 806 2359 cum
829 2323 976 2359 omnino

321 2379 392 2416 luci
439 2380 562 2417 favere
601 2379 740 2415 dicatur
774 2379 864 2416 haec
907 2379 978 2416 dea

320 2448 512 2484 rerumque
554 2435 690 2482 ordini,
738 2435 800 2484 qui
832 2449 852 2473 e
897 2434 977 2473 luce

320 2492 405 2542 ipsa
433 2493 538 2541 quasi
565 2492 699 2528 oriatur
720 2496 782 2528 aut
802 2496 899 2529 certe
922 2493 976 2529 ef—

321 2548 439 2585 ficitur
467 2548 506 2584 in
541 2548 649 2585 rebus
673 2550 905 2586 terrestribus
933 2561 975 2585 ac

321 2604 524 2642 mundanis.
556 2604 630 2647 Qui
648 2605 738 2641 ordo
750 2618 796 2642 ne
808 2606 974 2651 intereat,

323 2673 416 2699 neve
440 2660 513 2697 ullo
535 2661 647 2697 modo
673 2661 847 2709 turbetur,
868 2661 973 2699 huius

324 2718 418 2755 deae
441 2721 498 2755 est
524 2730 667 2754 munus.
717 2717 814 2754 Sunt
835 2717 974 2754 classici

323 2773 528 2811 Pausaniae
546 2773 614 2810 loci
634 2773 732 2820 vm,
744 2776 810 2816 46.
825 2773 878 2815 47
892 2773 973 2811 coll.

323 2832 379 2872 45
407 2834 445 2868 et
470 2831 650 2868 Herodot.
679 2830 753 2878 lx,
783 2833 857 2876 703
896 2830 975 2880 qui-

325 2887 475 2926 buscum
493 2888 587 2926 conf.
616 2900 711 2938 quae
727 2887 891 2939 pluribus
914 2899 976 2926 ex-

1034 1081 1157 1132 posuit
1181 1080 1355 1118 Creuzer.
1391 1080 1429 1118 in
1459 1078 1622 1130 Symbol.
1661 1078 1696 1117 11

1033 1150 1120 1189 pag.
1141 1139 1223 1178 778
1247 1150 1325 1187 seq.

1218 1227 1250 1264 C
1261 1240 1282 1264 a
1292 1241 1329 1278 p.
1361 1225 1512 1266 LXVII.

1094 1305 1162 1345 καὶ
1204 1302 1278 1356 τὴν
1307 1301 1625 1358 Ἀναξανδρίδεώ
1653 1318 1694 1343 τε

1038 1361 1106 1402 καὶ
1135 1359 1369 1413 Ἀρίστωνος
1407 1363 1619 1414 βασιληΐην
1653 1360 1696 1400 ἐν

1040 1420 1330 1470 Λακεδαίμονι]
1360 1419 1420 1458 De
1441 1417 1698 1456 Anuxandrz'de

1042 1478 1134 1513 conf.
1155 1476 1187 1513 V
1201 1506 1212 1524 ,
1242 1479 1295 1518 59
1316 1488 1420 1525 seqq.
1451 1475 1609 1524 Regium
1631 1475 1697 1510 im-

1040 1533 1182 1584 perium
1215 1533 1402 1582 accepisse
1437 1532 1579 1582 videtur
1615 1530 1698 1572 570

1041 1602 1073 1626 a.
1110 1589 1219 1636 Chr„
1270 1594 1311 1625 ut
1349 1587 1533 1626 Larchero
1578 1587 1699 1638 placet

1039 1650 1152 1695 atque
1187 1645 1372 1681 Schultzio
1413 1645 1477 1693 (in
1519 1643 1699 1695 Apparat.

1039 1707 1107 1740 etc.
1131 1714 1217 1752 pag.
1236 1704 1333 1750 22J·²
1363 1702 1414 1738 ita
1432 1705 1474 1738 ut
1492 1701 1621 1738 Croesi
1650 1700 1699 1737 ad

1041 1757 1354 1796 Lacedaemonios
1390 1758 1524 1807 legatio
1563 1757 1700 1794 incidat

1041 1815 1080 1851 in
1101 1827 1185 1852 ann.
1216 1815 1298 1856 561
1328 1827 1350 1852 a
1373 1814 1460 1851 Chr.
1483 1814 1623 1862 Aristo,
1651 1814 1700 1850 de

1043 1884 1116 1920 quo
1136 1871 1241 1922 plura
1260 1870 1400 1909 Noster
1416 1870 1480 1919 VI,
1509 1873 1559 1912 61
1578 1883 1698 1920 seqq.,

1043 1940 1197 1976 regnum
1236 1941 1333 1965 anno
1365 1926 1448 1968 574
1476 1928 1615 1978 accepit
1643 1931 1699 1964 te-

1044 1984 1195 2033 nuitque
1221 1997 1288 2035 per
1311 1983 1577 2033 quinquaginta
1609 1996 1698 2033 qua-

1043 2045 1126 2078 tuor
1154 2054 1282 2078 annOS.
1308 2041 1417 2078 Conf.
1445 2041 1603 2078 Schultz.
1629 2040 1654 2076 l.
1675 2039 1698 2077 l.

1043 2110 1131 2148 pag.
1148 2098 1211 2139 15.
1232 2119 1288 2125 —
1312 2097 1356 2134 In
1374 2110 1479 2147 seqq.
1501 2098 1550 2135 ad
1567 2097 1698 2135 verba-z

1044 2150 1169 2192 κατά
1201 2151 1243 2193 δὲ
1270 2150 1341 2193 τόν
1371 2151 1495 2193 necto?
1522 2156 1700 2205 Κροῖσον

1043 2207 1189 2262 χρόνον
1217 2211 1354 2248 consul.
1382 2210 1514 2259 Matth.
1543 2209 1582 2261 ἓ.
1616 2210 1699 2251 581

1045 2280 1130 2318 pag.
1166 2268 1284 2309 1154.
1342 2266 1403 2304 Ad
1428 2267 1569 2317 reliqua
1604 2267 1700 2304 conf.

1046 2324 1218 2361 Creuzer.
1259 2324 1479 2362 Commentt.
1531 2322 1699 2361 Herodd.

1044 2392 1131 2429 pag.
1163 2382 1244 2421 293
1262 2393 1380 2430 seqq.,
1409 2381 1509 2418 unde
1526 2378 1703 2418 nonnulla

1044 2435 1114 2473 hue
1133 2436 1309 2473 transtuli.

1101 2490 1330 2542 πέμψαντες
1369 2489 1628 2544 θεοπρόπους
1660 2490 1700 2538 ἔς

1044 2545 1246 2598 Δελφούς]
1277 2544 1533 2600 θεοπρόπους
1561 2549 1701 2587 Noster

1042 2618 1106 2642 eos
1124 2609 1252 2651 vocat,
1282 2605 1344 2653 qui
1375 2605 1557 2643 oraculum
1577 2606 1700 2643 scisci-

1041 2665 1156 2698 tatum
1180 2661 1387 2708 mittuntur,
1417 2665 1458 2698 ut
1485 2663 1524 2711 1,
1553 2662 1619 2704 48.
1653 2662 1701 2710 V,

1042 2720 1109 2759 79.
1138 2717 1202 2764 VI,
1234 2718 1288 2759 57
1317 2722 1385 2755 etc.
1412 2716 1502 2755 Aliis
1535 2720 1701 2757 dicuntur

1042 2774 1203 2825 θεωροί-

1098 2831 1188 2870 τίνα
1220 2826 1272 2870 ἂν
1313 2832 1426 2870 θεῶν
1468 2827 1701 2882 ἷλασοῖμενοι

1044 2886 1312 2942 -γενοίατο]
1342 2888 1531 2927 Werferus
1549 2888 1587 2926 in
1603 2886 1700 2927 Actt.
