1759 3324
346 252 431 292 3⁰4

760 251 1228 292 HERODOTI

319 361 653 417 9,,βασιληΐης.“
682 358 706 405 ὁ
737 361 785 406 δέ
812 378 890 418 μιν
916 361 1142 419 προσιδιόν
1170 360 1406 418 ἀντείρετο,
1440 365 1478 408 εί
1509 364 1614 409 ἑωυ-

316 442 430 484 3τοῦ
466 439 658 484 ποιέεται
693 441 743 485 τὸ
783 441 941 497 Κύρου
979 442 1121 498 ἔργον.
1166 441 1389 498 ’Ἅρπαγος
1428 443 1476 488 δὲ
1513 444 1610 501 ἔφη,
1624 449 1670 485 95

347 516 481 572 αὐτός
507 518 592 575 γάρ
622 519 816 576 γράψαι,
857 520 908 565 τὸ
936 525 1116 577 πρῆγμα
1147 522 1315 566 ἑωυτοῦ
1344 521 1407 578 ,δή
1437 523 1614 575 δικαίως

318 598 476 643 4εἶναι.
513 596 752 655 Ἀστυάγης
781 599 828 643 δέ
856 616 932 655 μιν
960 598 1175 656 ἀπέφαινε
1203 604 1266 658 τῷ
1294 600 1409 658 λόγῳ
1448 634 1474 653 ,,
1492 614 1614 646 σκαι-

345 676 539 731 ,,ότατόν
565 693 610 720 τε
646 676 720 720 καὶ
758 675 1029 722 ἀδικώτατον
1065 679 1194 723 ἐόντα
1224 679 1400 723 πάντων
1429 678 1613 736 ἀνθρώ-

345 772 498 809 ,,πων·
530 755 791 799 σκαιότατον
818 757 897 812 μέν
924 773 994 812 γε,
1024 759 1061 801 εἰ
1086 758 1253 813 παρεὸν
1283 757 1404 818 αὐτῷ
1433 760 1614 816 βασιλέα

345 834 606 892 ,,γενε’σθαι,
659 835 697 877 εἰ
726 835 779 890 δή
812 831 863 878 δι’
895 833 1063 878 ἑωυτοῦ
1099 852 1146 892 γε
1176 836 1372 894 ἐπρήχθη
1400 837 1453 881 τοὶ
1480 855 1614 895 παρε-

344 913 516 966 ,,όντα,
547 912 661 971 ἄλλῳ
690 913 922 970 περιέθηκε
950 913 1000 958 τὸ
1030 913 1213 969 κράτος·
1256 913 1525 961 ἀδικώτατον
1552 919 1613 972 δὲ,

343 991 451 1045 ,,ὅτι
488 994 572 1036 τοῦ
625 993 809 1037 δείπνου
858 994 1025 1037 εἵνεκεν
1065 993 1257 1051 Μήδους
1295 995 1640 1041 κατεδούλωσε.1

315 1079 373 1126 5,,
385 1073 422 1116 εἰ
450 1070 534 1128 γὰρ
566 1070 619 1130 δὴ
651 1072 755 1116 δέον
781 1072 956 1124 πάντως
992 1077 1239 1128 περιθεῖναι
1272 1073 1387 1135 ἄλλῳ
1422 1074 1504 1132 τέῳ
1532 1075 1613 1134 τὴν

343 1154 633 1209 ,,βασιληΐην,
663 1154 738 1197 καὶ
766 1152 824 1210 μή
856 1150 994 1196 αὐτὸν
1023 1152 1155 1209 ἔχειν,
1196 1151 1471 1210 δικαιότερον
1499 1153 1612 1199 εἶναι

343 1264 370 1284 ,,
386 1229 557 1288 Μήδων
583 1231 667 1289 τέῳ
697 1234 948 1289 περιβαλεῖν
986 1236 1121 1277 τοῦτο
1158 1230 1208 1276 τὸ
1238 1231 1412 1289 ἀγαθόν
1439 1233 1468 1291 ἢ
1498 1238 1610 1290 Περ-

315 1309 510 1364 6,,σέων.
539 1314 625 1355 νῦν
654 1310 701 1356 δὲ
730 1310 922 1368 Μήδους
949 1311 1050 1367 μὲν,
1080 1309 1305 1364 ἀναιτίους
1323 1311 1486 1358 τούτου
1511 1313 1638 1358 ἐόν-5

344 1406 482 1444 ,,τας,
520 1390 710 1445 δούλους
734 1390 833 1436 ἀντὶ
869 1390 1114 1436 δεσποτέων
1139 1391 1384 1450 γεγονέναι·
1437 1393 1611 1451 Πέρσας

286 1611 408 1650 ribus:
446 1607 569 1665 εἶ’ρετὸ
596 1625 676 1664 μιν.
744 1612 941 1652 Caeterum

285 1682 354 1720 pro
387 1667 565 1709 ἐθοίνισε
595 1669 671 1706 bini
697 1670 804 1707 codd.
834 1669 942 1709 ἐθοί-

285 1737 402 1776 νησε,
431 1726 613 1777 probante
623 1725 864 1764 Valckenario
885 1730 942 1764 at-

285 1795 359 1832 que
376 1782 586 1821 Schaefero.

343 1834 462 1885 αὐτὸς
483 1835 558 1892 γὰρ
583 1834 765 1891 γράψαι]
796 1838 856 1877 De
873 1839 941 1877 hu-

284 1895 484 1933 iuscemodi
514 1896 710 1934 enuntiatis
736 1909 803 1946 per
824 1896 941 1946 parti-

284 1950 400 1989 culam
422 1948 497 2003 γάρ
529 1952 686 1989 orationi
715 1952 939 2003 interpositis

283 2009 379 2045 conf.
398 2008 446 2045 ad
468 2008 505 2054 Ι,
528 2007 583 2050 24
602 2009 710 2045 dicta.

338 2059 385 2103 τό
412 2065 579 2115 πρῆγμα
613 2062 768 2103 ἑωυτοῦ
790 2058 847 2112 δή
877 2062 938 2102 δι-

283 2119 408 2166 καίως
444 2115 571 2165 εἶναι]
621 2119 729 2158 Hanc
753 2119 938 2157 meliorem

282 2176 475 2214 verborum
507 2176 672 2214 ordinem
711 2188 791 2213 cum
830 2174 940 2212 Gais-

282 2232 404 2270 sordio
444 2232 667 2270 reduximus.
733 2231 854 2281 Vulgo
887 2228 937 2283 δὴ

282 2289 490 2340 ponebatur
526 2293 612 2326 ante
649 2286 802 2328 ἑωυτοῦ
812 2318 823 2336 ,
875 2290 937 2338 qui

283 2345 464 2394 genitivus
505 2346 629 2383 stricte
664 2345 765 2394 iungi
804 2345 938 2383 debeat

282 2401 395 2439 verbo
412 2397 527 2440 εἶναι.
566 2400 664 2438 Nam
683 2402 818 2439 sactum
838 2402 937 2439 istud

282 2457 361 2495 iure
400 2471 509 2495 suum
543 2458 614 2495 dici
648 2458 845 2508 haberique
877 2457 936 2496 ille

281 2514 481 2552 contendit.

339 2569 377 2610 εἰ
397 2567 545 2623 παρεὸν
568 2565 677 2625 αὐτῷ
697 2567 859 2622 βασιλέα
874 2584 935 2623 γε·

281 2624 428 2668 νὲσθαι
439 2657 450 2675 ,
480 2627 517 2667 εἰ
532 2623 581 2678 δὴ
595 2643 632 2666 κ.
646 2642 679 2666 τ.
693 2626 739 2678 λ.]
770 2627 934 2665 Primum

283 2683 321 2724 εἰ
338 2696 485 2721 causam
504 2685 563 2722 hic
582 2684 722 2732 reddit,
752 2684 935 2734 explican-

281 2741 442 2790 dumque
455 2741 533 2779 fere
552 2743 591 2777 ut
610 2735 672 2780 ὅτι
684 2740 803 2790 (quod
814 2740 933 2791 ipsum

279 2797 392 2848 paulo
438 2801 525 2847 post
569 2796 739 2846 legitur),
786 2801 935 2835 auctore

279 2853 458 2891 Matthiae
474 2854 513 2890 in
534 2854 696 2891 Gramm.
722 2854 787 2890 Gr.
801 2852 837 2904 §-
851 2856 932 2895 617

279 2922 366 2962 pag·
390 2910 512 2952 1252.
557 2909 720 2949 Alterum
750 2910 785 2949 εἰ
814 2906 934 2962 δή-

1006 1626 1051 1666 γε
1080 1616 1137 1651 est
1165 1614 1200 1651 si
1225 1612 1362 1663 quidem
1391 1625 1422 1650 S.
1446 1612 1668 1664 quandoqui-

1007 1670 1095 1709 dem.
1125 1692 1183 1698 —
1211 1666 1461 1720 περιτιθέναι
1488 1669 1547 1708 hic
1577 1671 1669 1708 sim-

1007 1727 1148 1778 pliciter
1166 1730 1240 1764 est:
1263 1727 1434 1773 tribuere,
1449 1728 1663 1776 permittere,

1008 1788 1048 1820 ut
1066 1783 1159 1820 infra
1188 1782 1260 1830 ΙΙΙ,
1287 1785 1352 1825 81.
1386 1783 1468 1825 142
1494 1786 1532 1821 et
1562 1784 1663 1835 apud

1008 1839 1101 1877 alios
1123 1843 1302 1877 auctores,

1065 1895 1102 1934 εἰ
1127 1892 1202 1946 γοέρ
1230 1892 1281 1945 δή
1301 1892 1394 1934 δέον
1411 1889 1573 1942 πάντως
1597 1909 1664 1935 πε-

1007 1955 1186 2003 ριθεῖναι
1203 1965 1241 1989 κ.
1263 1965 1298 1990 τ.
1319 1952 1374 1997 L]
1405 1951 1594 1989 Orationis
1622 1965 1664 1990 a-

1005 2007 1270 2055 nacoluthiam,
1323 2020 1405 2045 cum
1435 2008 1664 2045 desideretur

1005 2064 1155 2101 verbum
1182 2063 1344 2112 finitum,
1384 2076 1457 2113 quo
1484 2065 1663 2102 referatur

1006 2119 1182 2171 particuia
1229 2119 1288 2168 εἰ,
1351 2119 1445 2158 bene
1499 2121 1662 2170 expediit

1006 2175 1137 2214 Matth.
1146 2176 1169 2213 l.
1181 2175 1204 2214 l.
1218 2174 1254 2227 §.
1266 2176 1348 2218 556
1359 2179 1436 2213 not.
1448 2179 1474 2218 2
1485 2189 1522 2227 p.
1537 2176 1660 2218 1094.

1006 2232 1178 2282 Namque
1205 2233 1336 2280 docet,
1365 2236 1452 2283 post
1478 2232 1515 2271 εἰ
1536 2237 1660 2271 mente

1006 2288 1251 2339 supplendum
1272 2302 1372 2327 esse:
1404 2286 1509 2342 ἄλλῳ
1530 2287 1658 2341 περιέ-

1005 2349 1109 2395 θηκε
1128 2342 1173 2385 τό
1198 2341 1345 2398 κράτος
1359 2375 1370 2393 ,
1400 2349 1437 2384 et
1454 2343 1547 2384 δέον
1566 2345 1654 2383 inde

1004 2402 1280 2452 interpretatur:
1312 2404 1397 2453 quia
1425 2403 1657 2452 oportuisset;

1002 2459 1054 2496 ita
1076 2463 1115 2496 ut
1134 2458 1243 2510 plane
1269 2460 1399 2497 eadem
1417 2459 1464 2496 sit
1478 2462 1659 2496 structura

1003 2515 1177 2552 orationis
1206 2519 1318 2565 atque
1334 2515 1447 2565 priori
1478 2515 1515 2551 in
1538 2519 1656 2565 parte,
1730 2528 1733 2542 ¹

1002 2571 1064 2609 ubi
1090 2575 1162 2609 est:
1197 2571 1232 2610 εἰ
1244 2568 1391 2622 παρεὸν
1414 2566 1525 2625 αὐτῷ
1545 2571 1656 2621 βασι-

1002 2626 1072 2667 λέα
1101 2643 1137 2667 κ.
1159 2641 1191 2665 τ.
1220 2630 1253 2666 λ.
1310 2627 1407 2664 Add.
1428 2627 1589 2665 WVerfer.
1616 2627 1656 2664 in

1000 2683 1096 2722 Actt.
1118 2683 1215 2735 phill.
1236 2682 1401 2721 Monacc.
1422 2683 1440 2721 I
1459 2696 1546 2734 pag.
1561 2686 1656 2724 112.

1000 2761 1058 2770 —-
1077 2740 1136 2778 De
1159 2753 1228 2777 usu
1247 2740 1517 2791 participiorum
1535 2753 1656 2792 παρε-
1726 2737 1728 2749 ’

1003 2793 1051 2836 ὃν
1071 2800 1108 2835 et
1135 2794 1225 2835 δέον
1254 2809 1403 2834 monere
1431 2796 1529 2833 haud
1547 2809 1654 2846 opus.

1001 2853 1043 2891 In
1069 2853 1130 2889 fin.
1151 2853 1258 2903 capit.
1281 2847 1472 2899 δεσπότας
1499 2852 1573 2889 iam
1593 2864 1656 2890 ex·
1724 2850 1726 2889 ξ

1001 2909 1188 2948 citaw'mus
1214 2921 1326 2961 supra
1345 2907 1445 2957 adl,
1473 2910 1569 2950 111.

1749 1488 1754 1619 f
