1759 3324
353 236 440 277 622

767 235 1235 277 HERODOTI

349 344 432 403 τήν
459 344 623 403 θυσίην
651 344 811 399 πάντες
838 348 913 392 καὶ
932 351 1089 397 πᾶσαι,
1116 347 1325 404 μυριάδες
1342 344 1484 403 κάρτα
1506 351 1616 392 πολ-

349 425 433 469 λαὶ.
461 424 728 481 ἀνθρώπων.
787 426 865 471 τὸν
905 427 951 472 δὲ
988 425 1247 481 τύπτονται,
1299 426 1355 471 οὕ
1382 444 1458 484 μοι
1487 425 1672 471 ὅσιόν20

289 633 401 671 hocce
434 634 594 678 festum,
633 632 732 681 quod
764 631 942 670 Busiridis

290 690 328 727 in
369 690 458 727 urbe
487 689 572 726 Isidi
609 689 817 738 peragitur,
863 702 945 727 esse

289 747 492 783 institutum
502 746 538 782 in
559 745 733 781 honorem
752 746 847 782 caesi
859 746 946 782 Osi-

291 803 403 847 ridis·‚
440 815 512 851 quo
535 802 655 851 ipsum
678 801 775 837 urbis
799 815 945 848 nomen,

291 859 623 908 quomodocunque
700 857 948 907 explicaveris,

291 915 362 952 erit
384 915 617 952 referendum
634 914 725 962 (vid.
745 920 821 952 not.
839 916 887 952 ad
902 915 947 963 ll,

291 973 377 1020 59).
437 971 555 1008 Osiris
580 984 665 1008 vero
687 984 766 1008 cum
789 972 949 1008 domitor

291 1028 395 1065 bovis
433 1031 469 1065 et
499 1032 619 1065 arator
642 1029 745 1077 quasi
774 1029 949 1079 primige-

290 1085 371 1122 nius
389 1085 604 1131 haberetur,
638 1089 673 1122 et
701 1084 849 1122 huiusce
869 1085 948 1122 ani-

290 1141 392 1179 malis
418 1142 537 1191 capite
566 1141 623 1178 vel
660 1142 818 1189 exuviis,
850 1142 947 1179 aliis-

291 1211 363 1247 que
384 1199 432 1235 ad
455 1197 712 1247 agriculturam
731 1199 946 1249 pertinenti-

292 1255 358 1292 bus
383 1254 496 1303 signis
522 1259 671 1291 ornatus
689 1260 945 1306 repraesenta-

292 1316 411 1358 retur,
462 1311 548 1349 inde
594 1312 682 1348 satis
721 1311 946 1361 explicantur

290 1369 380 1405 ritus
397 1368 500 1404 huius
528 1369 631 1415 sesti,
662 1369 786 1417 quales
807 1382 947 1406 memo-

291 1425 368 1462 riae
384 1425 589 1475 produntur
604 1437 626 1462 a
644 1424 784 1462 Nostro
810 1426 862 1472 ΙΙ,
876 1425 944 1473 40,

290 1482 353 1519 ubi
383 1482 454 1518 vid.
494 1485 570 1518 not.
633 1481 794 1519 Ferebat
824 1486 944 1520 autem

289 1539 388 1576 fama
415 1537 572 1575 Osiridis
604 1550 625 1574 a
645 1537 828 1588 Typhone
849 1539 947 1576 caesi

289 1594 451 1632 membra
482 1594 528 1631 ab
563 1593 658 1631 Iside
697 1594 871 1642 collecta,
909 1595 945 1632 in

289 1651 421 1688 bovem
451 1649 611 1699 ligneum
642 1651 823 1699 coniecta,
859 1652 946 1700 bys-

291 1708 370 1745 sino
392 1707 668 1754 circumvoluta,
697 1707 755 1745 hic
772 1707 841 1746 loci
863 1721 944 1745 esse

289 1764 462 1814 reposita.
521 1763 554 1800 V
557 1764 605 1801 id.
636 1763 792 1802 Diodor.
820 1765 892 1801 Sic.
915 1764 944 1811 I,

291 1821 358 1863 85.
388 1820 455 1857 Est
471 1820 606 1869 igitur,
624 1821 675 1857 uti
697 1820 794 1868 dixi,
810 1822 945 1858 festum

289 1878 327 1915 in
349 1877 524 1915 honorem
549 1877 646 1914 caesi
664 1877 820 1914 Osiridis
842 1878 945 1914 insti-

289 1938 408 1972 tutum
429 1933 477 1971 ad
507 1934 723 1971 servandam
753 1947 796 1972 ac
814 1947 944 1972 conse-

289 1991 464 2029 crandam
502 1991 712 2028 memoriam
757 1991 943 2029 institutae

289 2047 337 2085 ab
366 2047 516 2084 Osiride
542 2046 782 2095 agriculturae
810 2048 945 2084 omnis-

289 2116 364 2153 que
384 2104 480 2140 vitae
497 2103 672 2140 cultioris.
721 2103 811 2141 Inde
828 2104 942 2141 luctus

290 2166 327 2197 et
347 2159 534 2210 planctus,
559 2164 599 2197 ut
617 2172 703 2197 vere
723 2160 847 2197 scribit
863 2160 945 2198 No-

290 2221 364 2253 ster
388 2216 544 2253 Osiridis
572 2229 728 2264 nomen,
760 2217 806 2254 ob
834 2230 943 2266 quem

288 2273 375 2310 talia
392 2273 552 2319 fiebant,
580 2286 668 2324 prae
688 2273 864 2322 religione
885 2287 945 2312 ce-

288 2328 380 2367 lans.
438 2329 549 2377 „Ubi
577 2330 672 2367 enim
701 2330 815 2377 (sunt
835 2330 945 2368 verba

289 2385 463 2422 Creuzeri
483 2385 626 2423 Comm.
642 2386 782 2423 Herod.
805 2400 841 2437 p.
864 2388 944 2428 183

292 2442 391 2489 seq.)
432 2441 616 2479 Osiridem
646 2442 814 2480 colebant
840 2443 945 2493 plan-

289 2498 500 2546 gebantque
520 2499 728 2536 sacerdotes
742 2528 751 2545 ‚
782 2499 856 2536 noli
873 2499 943 2536 du-

289 2553 425 2599 bitare,
464 2566 527 2590 eos
555 2559 590 2591 et
619 2567 777 2592 annuum
798 2569 943 2593 cursum

289 2609 374 2647 solis
392 2614 427 2647 et
446 2608 521 2646 Nili
540 2610 826 2659 vicissitudines,
848 2624 943 2661 quae

290 2667 325 2704 ei
356 2665 473 2702 cursui
501 2667 787 2715 responderent,
820 2668 943 2705 decla-

289 2735 370 2760 rare
385 2721 550 2759 voluisse.
608 2722 700 2758 Eam
721 2723 757 2759 in
789 2736 865 2760 rem
886 2724 942 2760 ni-

288 2778 339 2816 hil
369 2777 580 2816 luculentius
613 2783 735 2828 potest
778 2779 943 2827 cogitari,

290 2847 401 2885 quam
432 2835 530 2873 locus
563 2834 755 2872 Heliodori
789 2834 827 2871 in
866 2835 940 2873 Ae-

289 2892 430 2944 thiopp.
449 2891 520 2940 IX,
541 2894 596 2934 22
623 2904 662 2943 p.
675 2891 757 2934 381
775 2892 834 2930 ed.
853 2891 940 2930 Cor.

1012 633 1201 672 Pertinent
1232 635 1398 672 nimirum
1420 634 1511 672 haec
1536 634 1585 672 ad
1611 646 1670 672 ra-

1012 691 1148 726 tionem
1160 704 1314 729 arcanae
1325 691 1547 741 disciplinae,
1561 704 1669 740 quam

1014 746 1241 783 orientalium
1259 752 1438 784 terrarum]
1459 748 1624 785 homines
1646 760 1669 785 a

1014 802 1257 839 vetustissimo
1279 804 1364 840 inde
1391 816 1480 841 aevo
1500 805 1548 840 ad
1573 804 1669 841 hunc

1015 859 1112 896 diem
1141 872 1257 908 usque
1277 859 1417 896 arcanis
1443 860 1529 897 item
1544 859 1668 898 litera-

1013 928 1092 952 rum
1113 916 1208 952 notis
1228 916 1422 964 designare
1434 915 1562 953 solent.
1578 916 1670 954 Erat

1015 972 1082 1010 illis
1105 972 1143 1008 in
1162 972 1234 1009 oris
1246 1001 1256 1018 ‚
1289 973 1318 1009 si
1336 972 1462 1023 populi
1481 984 1589 1010 sensa
1606 985 1669 1010 ex-

1014 1029 1158 1079 plores,
1190 1029 1306 1065 Osiris
1336 1029 1440 1077 quasi
1471 1029 1550 1079 ipse
1572 1028 1668 1066 salu-

1015 1086 1081 1123 ber
1107 1085 1259 1132 fluvius,
1291 1085 1391 1122 cuius
1418 1085 1524 1134 vigor
1542 1086 1668 1123 eondi-

1013 1147 1070 1179 tus
1094 1142 1197 1191 quasi
1214 1142 1395 1192 profundo
1415 1142 1451 1179 in
1463 1146 1574 1192 puteo
1594 1146 1669 1180 sta-

1013 1199 1059 1236 tis
1079 1198 1217 1236 vicibus
1240 1205 1276 1235 et
1304 1199 1514 1248 emergebat
1531 1203 1567 1236 et
1588 1212 1668 1236 rur-

1014 1269 1073 1292 sus
1122 1255 1324 1294 desidebat.
1399 1255 1581 1299 Quocirca
1615 1256 1667 1294 nil

1013 1313 1166 1360 mirum,
1195 1312 1338 1350 habitos
1366 1325 1448 1350 esse
1474 1311 1600 1349 Nilum
1628 1316 1667 1351 et

1015 1369 1126 1406 solem
1140 1398 1151 1416 ,
1180 1373 1371 1418 tantopere
1399 1370 1494 1406 inter
1514 1382 1554 1406 se
1575 1382 1664 1406 con-

1013 1430 1184 1475 gruentes
1217 1426 1288 1461 suis
1324 1430 1360 1463 et
1385 1426 1591 1463 accessibus
1627 1430 1664 1464 et

1012 1483 1213 1520 recessibus
1229 1510 1239 1528 ‚
1269 1494 1336 1532 pro
1361 1495 1433 1518 uno
1460 1482 1665 1532 eodemque

1014 1539 1107 1584 de03
1137 1551 1244 1588 quem
1268 1542 1304 1575 et
1323 1538 1416 1575 mori
1438 1538 1601 1576 dicerent
1628 1543 1666 1576 et

1012 1595 1245 1642 reviviscere,
1274 1599 1454 1643 quatenus
1476 1594 1530 1631 sol
1561 1595 1666 1633 debi-

1008 1651 1132 1688 litatus
1152 1656 1188 1688 et
1197 1651 1367 1689 deficiens
1378 1652 1471 1688 vires
1491 1651 1664 1703 deinceps

1012 1708 1139 1758 recipit
1172 1720 1214 1744 ac
1248 1720 1363 1744 novus
1391 1708 1664 1756 quodammodo

1011 1766 1107 1802 redit
1135 1763 1245 1815 [conf.
1265 1768 1342 1801 not.
1363 1764 1410 1801 ad
1431 1763 1484 1811 ΙΙ,
1505 1763 1587 1815 28].
1607 1786 1665 1793 --

1010 1821 1123 1859 Unde
1144 1821 1264 1857 Horus
1284 1820 1375 1857 filius
1398 1820 1581 1859 vindicare
1598 1833 1666 1872 pa,-

1008 1882 1100 1915 trem
1114 1877 1296 1914 Osiridem
1317 1877 1530 1927 aTyphone
1546 1881 1583 1915 et
1598 1891 1665 1915 suo

1010 1935 1091 1984 ipso
1115 1935 1241 1982 vigore
1269 1946 1312 1971 ac
1338 1933 1468 1971 virtute
1497 1935 1664 1972 virtutem

1009 1991 1246 2039 vigoremque
1274 1991 1387 2040 patris
1416 1991 1553 2028 referte
1575 1990 1666 2028 dici-

1009 2047 1106 2084 tur.“
1144 2047 1204 2084 De
1220 2059 1292 2096 quo
1310 2047 1405 2084 conf.
1426 2046 1478 2094 ΙΙ,
1507 2045 1598 2088 144.

1068 2099 1282 2142 τύπτονται
1301 2100 1373 2154 μὲν
1393 2099 1469 2154 γὰρ
1492 2100 1540 2153 δὴ
1563 2099 1660 2153 μετᾶ

1010 2156 1085 2211 τήν
1105 2160 1256 2210 θυσίην
1277 2174 1311 2198 κ.
1334 2174 1365 2198 τ.
1383 2158 1432 2210 λ.]
1465 2158 1666 2196 Particula-

1010 2230 1091 2254 rum
1125 2214 1197 2267 μὲν
1225 2220 1262 2254 et
1297 2213 1339 2255 δὲ
1369 2229 1472 2253 usum
1501 2216 1539 2252 in
1566 2215 1664 2254 hisce

1012 2277 1180 2311 accurate
1209 2275 1374 2322 exposuit
1406 2271 1594 2310 Werferus
1625 2272 1663 2309 in

1012 2334 1095 2367 actt.
1122 2328 1220 2380 phill.
1250 2328 1416 2366 Monacc.
1452 2328 1468 2364 I
1492 2341 1576 2379 pag.
1596 2329 1664 2370 93.

1010 2385 1115 2423 Licet
1148 2386 1242 2423 enim
1270 2384 1406 2434 duplex
1424 2391 1599 2434 sequatur
1620 2381 1664 2423 δέ

1012 2438 1117 2490 (ὅσοι
1142 2439 1193 2480 δὲ
1224 2446 1260 2479 et
1291 2436 1403 2481 οὗτοι
1421 2438 1515 2489 δὲ),
1540 2445 1663 2478 tamen

1011 2512 1085 2536 uno
1117 2496 1189 2549 μὲν
1218 2511 1277 2536 res
1303 2496 1521 2543 absolvitur3
1561 2497 1664 2546 quod

1011 2569 1058 2593 ne
1084 2555 1245 2603 mireris,
1275 2555 1385 2592 modo
1409 2554 1548 2601 cogites
1576 2553 1665 2590 scri-

1009 2616 1112 2662 ptum
1134 2624 1231 2649 esse:
1266 2607 1355 2650 ὅσοι
1376 2625 1403 2660 μ
1418 2606 1468 2648 ὲν
1489 2606 1564 2662 γοῖρ
1590 2609 1662 2648 Αἶ-

1009 2664 1169 2719 γύπτιοι
1202 2665 1270 2706 καὶ
1307 2665 1522 2718 Αἰγυπτίαι
1560 2664 1659 2715 εἰσί,

1007 2719 1221 2762 τύπτονται
1249 2721 1351 2774 μέν.

1063 2776 1134 2818 τὸν
1163 2777 1206 2818 δὲ
1232 2774 1460 2829 τύπτονται]
1492 2778 1571 2816 Iam
1598 2791 1662 2815 su-

1007 2848 1075 2886 pra
1102 2835 1156 2883 II,
1177 2835 1232 2876 42
1255 2835 1456 2873 invenimus
1490 2831 1661 2874 τύπτε-

1010 2891 1137 2931 σθαί
1156 2906 1294 2932 twa:
1322 2894 1412 2930 sein
1432 2891 1586 2930 alicuius
1604 2889 1664 2929 dei
