1768 3315
594 243 812 282 CLIO.
868 244 898 282 1.

1292 245 1376 287 213

92 358 165 410 σές
193 356 339 414 θυμὸν
366 351 552 411 ἐβάλετο.
582 351 678 395 τότε
707 351 753 395 δὲ
784 351 838 409 δή
870 351 894 396 ὁ
925 349 1059 404 αὐτός
1089 368 1133 397 τε
1156 352 1374 411 ἀναβεβή-

118 453 204 489 κεε,
233 435 305 479 καὶ
331 431 421 478 κατ’
442 429 578 475 αὐτόν
599 430 721 475 ἄλλοι
746 431 954 487 Περσέων
972 431 1217 489 ἀνέβαινον.
1239 444 1370 487 προσ·
1386 436 1431 475 4ο

117 513 290 570 βάντων
321 511 367 556 δὲ
396 514 590 566 συχνῶν,
623 508 738 553 οὕτω
769 510 821 568 δὴ
852 510 1043 567 Σάρδιές
1071 527 1116 556 τε
1135 509 1373 570 ἡλώκεσαν,

115 592 187 636 καὶ
213 593 301 634 πᾶν
327 587 376 633 τὸ
406 587 515 632 ἄστυ
544 588 789 645 ἐπορθέετο.

56 821 168 847 secum
185 810 346 858 agitavit
377 811 493 846 animo
519 821 548 845 s.
579 807 705 846 delibe-

56 866 188 903 ravit.“
245 865 450 916 Utrumque
484 865 633 903 verbum
663 877 707 904 ex

55 923 216 960 Homero
252 923 400 959 (luctum
413 951 423 969 ‚
464 922 526 971 qui
561 921 705 970 quoties

55 979 164 1016 verbo
175 978 296 1016 medio
318 973 543 1029 φράζεσθαι
561 977 628 1015 hac
640 978 706 1014 ad-

55 1035 238 1082 vertendi,
256 1035 461 1083 cogitandi,
479 1034 704 1072 deliberandi

57 1092 204 1128 notione
223 1095 363 1138 utatur,
376 1091 433 1129 vel
452 1090 563 1128 lexiea
574 1103 704 1127 unum-

57 1160 236 1196 quemque
255 1147 385 1185 docere
401 1151 568 1197 possunt.
625 1146 706 1184 Nec

58 1203 173 1240 minus
193 1205 365 1253 frequens
385 1204 484 1254 apud
501 1203 598 1239 illum
612 1199 709 1254 βςῖλ-,

58 1263 198 1299 λεσθαι
212 1288 223 1307 ,
247 1260 387 1300 ‚additis
405 1259 538 1296 voculis
567 1257 609 1299 ἐν
628 1263 703 1298 θυ-

57 1319 120 1372 μῷ
139 1330 169 1354 s.
189 1315 327 1368 φρενί,
357 1315 544 1353 similibus.

125 1426 194 1467 καὶ
238 1423 338 1467 κατ’
376 1422 541 1468 αὐτόν
595 1425 706 1469 ἄλλοι

60 1482 244 1537 Περσέων
291 1479 532 1536 ἐνέβαινον]
599 1485 706 1524 Valla

54 1554 131 1578 cum
154 1541 320 1579 verterit:
343 1545 403 1589 „et
416 1546 496 1590 post
517 1554 592 1579 eum
611 1542 704 1579 alz'z'“

54 1599 88 1633 in
109 1611 175 1634 suo
199 1597 393 1646 exemplari
421 1597 558 1647 legisse
587 1599 703 1637 videri

53 1657 197 1703 potest:
234 1648 326 1705 μετ’
357 1648 479 1693 αὐτόν
509 1667 576 1704 pro
605 1650 705 1694 κατ’

56 1704 189 1749 ι.ὕτόν.
247 1710 453 1747 Gronovius
479 1715 601 1748 tamen
623 1724 702 1750 ver-

53 1767 115 1804 tit:
181 1765 229 1802 ad
276 1768 350 1803 eius
395 1767 608 1817 exemplum,
665 1772 703 1806 et

52 1822 416 1871 ‚Schweighaeuserus
441 1837 587 1861 sensum
624 1837 701 1861 ina-

52 1879 108 1927 gis
131 1891 239 1928 quam
268 1879 377 1916 verba
408 1880 551 1929 singula
583 1881 701 1930 respi-

52 1936 170 1973 ciens:
200 1964 225 1984 „
237 1938 269 1971 et
287 1937 361 1972 eius
379 1939 532 1985 vestigia
551 1936 700 1985 legentes

46 1992 165 2040 plures
191 1991 452 2030 adscendebant.
466 1994 490 2012 “
537 1993 579 2030 In
601 1994 699 2030 notis

52 2052 236 2098 comparat
254 2048 434 2087 Herodot.
456 2049 529 2097 ΙΙΙ,
559 2052 603 2090 4:
635 2065 697 2101 με-

51 2101 231 2143 ταδιώκει
253 2103 312 2153 δὲ,
350 2127 407 2134 —
433 2127 490 2134 ·—
519 2101 699 2145 οἷποστεί-

50 2163 120 2207 λας
169 2157 323 2212 τριήρεϊ
366 2157 468 2201 κατ’
527 2159 696 2203 αὐτόν.

2 2262 6 2266 .
48 2217 226 2266 Equidem
253 2230 328 2255 non
362 2219 500 2267 habeo,
545 2220 646 2269 quod
675 2232 698 2257 a

51 2274 225 2311 Gronovii
269 2275 566 2325 interpretatione
595 2290 698 2314 rece-

51 2330 154 2377 dam,
188 2343 267 2367 cum
295 2328 393 2370 κατὰ
422 2336 599 2381 sequente
637 2345 697 2370 ac-

50 2387 206 2423 cusativo
216 2386 314 2424 haud
327 2401 409 2425 raro
427 2389 475 2425 sit
487 2389 694 2438 secundum,-

52 2441 120 2477 nisi
161 2443 242 2491 quis
296 2445 396 2481 malit
434 2446 697 2495 praepositioni

51 2497 206 2536 tribuere
225 2500 470 2538 similitudinis
485 2502 696 2550 significati-

52 2565 179 2600 onem,
208 2556 432 2594 coniunctam
458 2559 698 2606 quodammo-

53 2609 100 2643 do
119 2622 197 2646 cum
214 2612 345 2661 priori3
360 2614 424 2650 'ita
449 2618 489 2650 ut
513 2609 595 2652 κατ’
625 2610 694 2652 αὖ-

0 2681 1 2688 1
51 2659 116 2700 τὸν
144 2665 209 2702 sit:
245 2668 358 2705 eodem
376 2670 473 2706 modo
497 2674 602 2720 atque
625 2671 696 2708 ille.

0 2771 1 2774 Ἴ
54 2719 226 2770 Exempla
263 2726 512 2774 suppeditabit
545 2727 696 2765 Fische-

0 2777 3 2805 ἰ
54 2788 112 2810 rus
130 2777 178 2812 ad
193 2776 336 2817 Weller.
357 2781 430 2828 ΙΙΙ,
455 2785 479 2823 6
501 2796 587 2832 pag.
601 2785 695 2830 181,

54 2831 184 2878 quibus
206 2834 330 2872 melius
348 2840 510 2887 profecto
531 2844 696 2876 nostrum

2 2928 5 2941 ί
55 2887 170 2925 lucum
177 2889 439 2942 adscripsisset,
447 2907 553 2943 quem
563 2909 602 2947 p.
616 2898 697 2938 179

772 807 934 845 laudavit
952 809 1093 847 unicum
1105 838 1116 857 ,
1136 809 1196 848 ubi
1217 824 1241 849 κ
1254 825 1279 850 α
1290 824 1310 849 τ
1322 806 1346 849 οἷ
1367 823 1429 848 va-

774 864 846 904 leat
862 869 954 914 post.

830 918 934 960 οὕτω
956 918 1006 972 δή
1032 916 1203 973 Σάρδιές
1226 916 1426 973 τεῆλᾱῗκε-

774 976 872 1028 σαν]
904 978 1000 1026 Iam,
1021 978 1204 1016 Herodoti
1220 980 1429 1018 narratione

773 1035 820 1072 de
856 1035 1035 1071 Sardibus
1066 1037 1182 1085 captis
1222 1036 1345 1083 finita,
1389 1036 1428 1073 in

772 1090 978 1128 universum
996 1091 1066 1128 hoc
1089 1096 1251 1129 notatum
1264 1092 1426 1141 velimus,

773 1147 1030 1185 dissentientes
1051 1147 1118 1184 hac
1150 1149 1185 1185 in
1218 1161 1257 1186 re
1276 1149 1427 1198 reperiri

774 1207 914 1241 veteres
950 1204 1156 1253 scriptores,
1213 1204 1330 1240 Paulo
1361 1205 1428 1241 ali-

771 1262 828 1297 ter
853 1264 962 1309 atque
981 1260 1194 1296 Herodotus
1210 1260 1332 1297 retulit
1350 1261 1427 1299 Xe-

774 1316 935 1366 nophon.
967 1316 1004 1352 in
1025 1315 1233 1366 Cyropaed.
1266 1316 1368 1363 VIII,
1398 1320 1426 1358 2

776 1371 844 1423 §.1
863 1394 917 1400 —-
933 1373 997 1419 13,
1016 1385 1166 1421 prorsus
1185 1373 1426 1410 diversimode
1469 1404 1479 1411 ,

775 1429 920 1466 Ctesias
932 1457 943 1475 ‚
961 1429 1117 1465 Oebaris
1135 1428 1286 1466 consilio
1297 1430 1424 1467 urbem
1473 1478 1475 1481 ι

773 1498 925 1522 narrans
966 1489 1110 1534 captam
1144 1499 1249 1533 esse,
1286 1487 1425 1536 quippe

772 1542 834 1591 qui
856 1542 972 1580 contis
990 1541 1110 1590 longis
1134 1543 1350 1580 vestimenta
1368 1543 1424 1579 in-

771 1599 868 1635 dutis
893 1611 1070 1647 muroque
1091 1598 1256 1635 adductis
1282 1603 1423 1636 tantum

770 1655 965 1705 oppidanis
987 1659 1164 1692 terrorem
1179 1655 1353 1703 iniecerit,
1382 1660 1424 1692 ut

768 1711 902 1748 idcirco
930 1715 1036 1760 capta
1056 1711 1163 1748 fuerit
1180 1712 1278 1749 urbs.
1336 1712 1419 1749 vid.

768 1767 922 1805 Persice.
952 1767 1138 1817 Excerptt.
1178 1766 1215 1818 ἓ.
1241 1767 1289 1816 4,
1327 1781 1421 1817 quae

768 1824 805 1860 in
826 1837 866 1861 re
886 1825 987 1861 tanta
1009 1824 1172 1861 breviora
1187 1837 1270 1861 esse
1290 1825 1419 1862 merito

768 1881 944 1918 dolemus.
1004 1880 1152 1917 Ctesiae
1174 1880 1418 1918 narrationem

768 1937 888 1974 retulit
910 1936 1116 1984 Polyaenus
1137 1937 1418 1985 Strategg.VlI‚

768 1996 792 2034 6
812 1993 848 2045 ἓ.
866 1996 940 2041 10,
969 1993 1037 2029 sibi
1064 1994 1143 2043 ipse
1169 1997 1290 2030 tamen
1321 1993 1418 2031 haud

767 2054 963 2098 constans,
993 2050 1079 2086 dum
1107 2048 1176 2085 alio
1198 2049 1278 2086 loco
1309 2050 1415 2098 (ibid.

768 2105 805 2157 ἓ,
827 2108 872 2155 2)
903 2107 1041 2155 Cyrum
1061 2106 1111 2143 ait
1130 2106 1284 2142 induciis
1299 2107 1417 2154 factis,

765 2176 972 2212 regressum
983 2192 993 2210 ,
1023 2166 1130 2200 noete
1144 2175 1230 2200 vero
1243 2163 1417 2211 ingruen—

764 2224 802 2257 te
820 2221 940 2257 denuo
960 2220 1099 2256 Sardes
1111 2231 1326 2267 aggressum
1336 2232 1416 2256 sca-

763 2275 806 2312 lis
833 2276 1034 2325 adpositis,
1063 2288 1143 2312 cum
1173 2276 1319 2312 moenia
1351 2276 1417 2313 de·-

762 2333 968 2370 fensoribus
992 2335 1182 2380 vacarent,
1212 2332 1300 2370 urbe
1319 2332 1416 2383 poti-

762 2393 838 2426 tum
859 2402 953 2426 esse.
1011 2388 1131 2431 Quam
1155 2389 1301 2436 quidem
1331 2401 1416 2425 nar-

762 2445 940 2482 rationem
968 2444 1038 2481 alio
1068 2457 1112 2482 ex
1137 2445 1240 2483 fonte
1268 2446 1415 2482 ductam

762 2502 896 2548 videri,
944 2501 1016 2537 iam
1061 2500 1131 2538 alio
1160 2500 1241 2538 loco
1278 2502 1433 2538 monui..

762 2557 1003 2607 Nequenunc
1022 2557 1128 2595 aliter
1144 2557 1230 2594 mihi
1249 2561 1413 2595 statuen-

764 2614 851 2651 dum
879 2615 1040 2660 videtur,
1070 2613 1102 2649 si
1128 2626 1305 2663 quaeras,
1333 2618 1416 2651 utra

761 2671 881 2708 verior
895 2671 942 2707 sit
958 2670 1117 2707 narratio
1128 2698 1139 2717 ‚
1168 2669 1351 2708 Herodoti
1367 2683 1415 2707 an

763 2727 930 2773 etesiae,
960 2739 1007 2763 an
1024 2726 1185 2763 aliorum.
1216 2726 1415 2775 Relinqua—

763 2796 842 2820 mus
876 2796 980 2820 suam
1009 2783 1137 2831 cuique
1163 2783 1296 2829 fidem,
1333 2796 1414 2820 culn

763 2846 928 2878 neutrum
948 2840 1027 2876 sine
1042 2838 1198 2876 testibus
1215 2843 1279 2875 aut
1290 2842 1413 2875 aucto-

763 2897 864 2934 ribus
882 2897 934 2933 ita
958 2895 1127 2933 retulisse
1155 2895 1241 2933 mihi
1262 2906 1411 2946 persua-
