<?xml version="1.0" encoding="UTF-8"?>
<!DOCTYPE html PUBLIC "-//W3C//DTD XHTML 1.0 Transitional//EN"
    "http://www.w3.org/TR/xhtml1/DTD/xhtml1-transitional.dtd">
<html xmlns="http://www.w3.org/1999/xhtml" xml:lang="en" lang="en">
 <head>
  <title>
</title>
<meta http-equiv="Content-Type" content="text/html;charset=utf-8" />
  <meta name='ocr-system' content='tesseract 3.04.00' />
  <meta name='ocr-capabilities' content='ocr_page ocr_carea ocr_par ocr_line ocrx_word'/>
</head>
<body>
  <div class='ocr_page' id='page_1' title='image "./musaeher01hero/musaeher01hero_0087.png"; bbox 0 0 1805 3315; ppageno 0'>
   <div class='ocr_carea' id='block_1_1' title="bbox 630 242 1433 288">
    <p class='ocr_par' dir='ltr' id='par_1_1' title="bbox 630 242 1433 288">
     <span class='ocr_line' id='line_1_1' title="bbox 630 242 1433 288; baseline 0.001 -8"><span class='ocrx_word' id='word_1_1' title='bbox 630 242 935 281; x_wconf 88' lang='lat' dir='ltr'><strong>CL10.1.</strong></span> <span class='ocrx_word' id='word_1_2' title='bbox 1378 248 1433 288; x_wconf 76' lang='grc'><strong>73</strong></span> 
     </span>
    </p>
   </div>
   <div class='ocr_carea' id='block_1_2' title="bbox 147 350 1430 412">
    <p class='ocr_par' dir='ltr' id='par_1_2' title="bbox 147 350 1430 412">
     <span class='ocr_line' id='line_1_2' title="bbox 147 350 1430 412; baseline -0.002 -12"><span class='ocrx_word' id='word_1_3' title='bbox 147 355 265 412; x_wconf 81' lang='grc' dir='ltr'><em>παρὰ</em></span> <span class='ocrx_word' id='word_1_4' title='bbox 282 355 480 410; x_wconf 77' lang='grc' dir='ltr'><em>Ἄμασιν,</em></span> <span class='ocrx_word' id='word_1_5' title='bbox 510 352 582 395; x_wconf 77' lang='grc' dir='ltr'><strong>καὶ</strong></span> <span class='ocrx_word' id='word_1_6' title='bbox 613 351 665 406; x_wconf 79' lang='grc' dir='ltr'><strong>ὀὴ</strong></span> <span class='ocrx_word' id='word_1_7' title='bbox 698 351 771 394; x_wconf 83' lang='grc' dir='ltr'><strong>καὶ</strong></span> <span class='ocrx_word' id='word_1_8' title='bbox 800 350 844 402; x_wconf 79' lang='grc' dir='ltr'><strong>ἐς</strong></span> <span class='ocrx_word' id='word_1_9' title='bbox 877 350 1044 405; x_wconf 78' lang='grc' dir='ltr'><em>Σάρδις</em></span> <span class='ocrx_word' id='word_1_10' title='bbox 1075 353 1194 408; x_wconf 75' lang='grc' dir='ltr'><em>παρὰ</em></span> <span class='ocrx_word' id='word_1_11' title='bbox 1219 356 1430 408; x_wconf 82' lang='grc' dir='ltr'><em>Κροῖσον.</em></span> 
     </span>
    </p>
   </div>
   <div class='ocr_carea' id='block_1_3' title="bbox 124 430 1429 489">
    <p class='ocr_par' dir='ltr' id='par_1_3' title="bbox 124 430 1429 489">
     <span class='ocr_line' id='line_1_3' title="bbox 124 430 1429 489; baseline -0.003 -9"><span class='ocrx_word' id='word_1_12' title='bbox 124 434 408 488; x_wconf 68' lang='grc' dir='ltr'><em>Ξοέπικόμενος</em></span> <span class='ocrx_word' id='word_1_13' title='bbox 453 431 521 484; x_wconf 74' lang='grc' dir='ltr'><strong>δὲ,</strong></span> <span class='ocrx_word' id='word_1_14' title='bbox 562 431 781 483; x_wconf 80' lang='grc' dir='ltr'><em>ἐξεινίζετο</em></span> <span class='ocrx_word' id='word_1_15' title='bbox 816 430 862 474; x_wconf 81' lang='grc' dir='ltr'><strong>ἐν</strong></span> <span class='ocrx_word' id='word_1_16' title='bbox 893 436 1007 475; x_wconf 86' lang='grc' dir='ltr'><em>τοῖσι</em></span> <span class='ocrx_word' id='word_1_17' title='bbox 1036 435 1303 489; x_wconf 75' lang='grc' dir='ltr'><em>βασιληίοισι</em></span> <span class='ocrx_word' id='word_1_18' title='bbox 1340 432 1429 476; x_wconf 79' lang='grc' dir='ltr'><strong>ὑπό</strong></span> 
     </span>
    </p>
   </div>
   <div class='ocr_carea' id='block_1_4' title="bbox 104 563 368 573">
    <p class='ocr_par' dir='ltr' id='par_1_4' title="bbox 104 563 368 573">
     <span class='ocr_line' id='line_1_4' title="bbox 104 563 368 573; baseline 0 2742"><span class='ocrx_word' id='word_1_19' title='bbox 104 563 368 573; x_wconf 95' lang='lat' dir='ltr'><strong> </strong></span> 
     </span>
    </p>
   </div>
   <div class='ocr_carea' id='block_1_5' title="bbox 88 637 746 2945">
    <p class='ocr_par' dir='ltr' id='par_1_5' title="bbox 88 637 746 2935">
     <span class='ocr_line' id='line_1_5' title="bbox 100 637 746 687; baseline -0.002 -10"><span class='ocrx_word' id='word_1_20' title='bbox 100 641 186 687; x_wconf 83' lang='lat' dir='ltr'><strong>tica,</strong></span> <span class='ocrx_word' id='word_1_21' title='bbox 215 640 249 675; x_wconf 90' lang='lat' dir='ltr'><strong>in</strong></span> <span class='ocrx_word' id='word_1_22' title='bbox 268 637 424 686; x_wconf 86' lang='lat' dir='ltr'>Lydiam</span> <span class='ocrx_word' id='word_1_23' title='bbox 442 637 643 687; x_wconf 87' lang='lat' dir='ltr'><strong>profectum</strong></span> <span class='ocrx_word' id='word_1_24' title='bbox 663 651 746 676; x_wconf 85' lang='lat' dir='ltr'><strong>esse</strong></span> 
     </span>
     <span class='ocr_line' id='line_1_6' title="bbox 98 693 745 742; baseline -0.003 -10"><span class='ocrx_word' id='word_1_25' title='bbox 98 694 281 733; x_wconf 80' lang='lat' dir='ltr'>contendit</span> <span class='ocrx_word' id='word_1_26' title='bbox 290 694 472 731; x_wconf 88' lang='lat' dir='ltr'><strong>Meursius</strong></span> <span class='ocrx_word' id='word_1_27' title='bbox 491 694 529 730; x_wconf 92' lang='lat' dir='ltr'><strong>in</strong></span> <span class='ocrx_word' id='word_1_28' title='bbox 539 693 664 731; x_wconf 90' lang='lat' dir='ltr'><strong>Solon.</strong></span> <span class='ocrx_word' id='word_1_29' title='bbox 677 697 745 742; x_wconf 80' lang='lat'><strong>28,</strong></span> 
     </span>
     <span class='ocr_line' id='line_1_7' title="bbox 96 749 746 802; baseline 0 -14"><span class='ocrx_word' id='word_1_30' title='bbox 96 763 170 789; x_wconf 89' lang='lat' dir='ltr'><strong>non</strong></span> <span class='ocrx_word' id='word_1_31' title='bbox 189 751 408 802; x_wconf 84' lang='lat' dir='ltr'>reprobante</span> <span class='ocrx_word' id='word_1_32' title='bbox 428 749 675 799; x_wconf 61' lang='lat' dir='ltr'><strong>WVesselingio</strong></span> <span class='ocrx_word' id='word_1_33' title='bbox 697 751 746 788; x_wconf 90' lang='lat' dir='ltr'><strong>ad</strong></span> 
     </span>
     <span class='ocr_line' id='line_1_8' title="bbox 95 805 746 856; baseline 0.002 -12"><span class='ocrx_word' id='word_1_34' title='bbox 95 805 198 854; x_wconf 84' lang='lat' dir='ltr'><strong>h.1.;</strong></span> <span class='ocrx_word' id='word_1_35' title='bbox 236 807 399 856; x_wconf 88' lang='lat' dir='ltr'><strong>quamvis</strong></span> <span class='ocrx_word' id='word_1_36' title='bbox 428 805 499 844; x_wconf 81' lang='lat' dir='ltr'><strong>hoc</strong></span> <span class='ocrx_word' id='word_1_37' title='bbox 529 807 746 856; x_wconf 80' lang='lat' dir='ltr'>colloquium</span> 
     </span>
     <span class='ocr_line' id='line_1_9' title="bbox 94 862 746 911; baseline -0.002 -11"><span class='ocrx_word' id='word_1_38' title='bbox 94 866 180 900; x_wconf 85' lang='lat' dir='ltr'><strong>ante</strong></span> <span class='ocrx_word' id='word_1_39' title='bbox 198 862 379 900; x_wconf 83' lang='lat' dir='ltr'><strong>Pisistrati</strong></span> <span class='ocrx_word' id='word_1_40' title='bbox 397 863 625 911; x_wconf 81' lang='lat' dir='ltr'><strong>tyrannidem</strong></span> <span class='ocrx_word' id='word_1_41' title='bbox 644 864 746 900; x_wconf 88' lang='lat' dir='ltr'><strong>habi-</strong></span> 
     </span>
     <span class='ocr_line' id='line_1_10' title="bbox 94 919 746 957; baseline 0 -1"><span class='ocrx_word' id='word_1_42' title='bbox 94 924 170 956; x_wconf 90' lang='lat' dir='ltr'><strong>tum</strong></span> <span class='ocrx_word' id='word_1_43' title='bbox 189 932 271 957; x_wconf 90' lang='lat' dir='ltr'><strong>esse</strong></span> <span class='ocrx_word' id='word_1_44' title='bbox 289 920 348 956; x_wconf 88' lang='lat' dir='ltr'><strong>alii</strong></span> <span class='ocrx_word' id='word_1_45' title='bbox 369 919 535 957; x_wconf 88' lang='lat' dir='ltr'><strong>clament.</strong></span> <span class='ocrx_word' id='word_1_46' title='bbox 594 921 671 957; x_wconf 91' lang='lat' dir='ltr'><strong>Sed</strong></span> <span class='ocrx_word' id='word_1_47' title='bbox 683 933 746 956; x_wconf 84' lang='lat' dir='ltr'><strong>au—</strong></span> 
     </span>
     <span class='ocr_line' id='line_1_11' title="bbox 94 975 745 1013; baseline 0.002 -2"><span class='ocrx_word' id='word_1_48' title='bbox 94 976 234 1012; x_wconf 89' lang='lat' dir='ltr'><strong>diamus</strong></span> <span class='ocrx_word' id='word_1_49' title='bbox 252 975 481 1013; x_wconf 83' lang='lat' dir='ltr'><strong>Plutarchum</strong></span> <span class='ocrx_word' id='word_1_50' title='bbox 499 977 535 1012; x_wconf 92' lang='lat' dir='ltr'><strong>in</strong></span> <span class='ocrx_word' id='word_1_51' title='bbox 552 976 625 1013; x_wconf 87' lang='lat' dir='ltr'><strong>vita</strong></span> <span class='ocrx_word' id='word_1_52' title='bbox 638 976 745 1012; x_wconf 86' lang='lat' dir='ltr'><strong>Solo-</strong></span> 
     </span>
     <span class='ocr_line' id='line_1_12' title="bbox 95 1032 744 1082; baseline 0 -14"><span class='ocrx_word' id='word_1_53' title='bbox 95 1032 151 1068; x_wconf 88' lang='lat' dir='ltr'><strong>nis</strong></span> <span class='ocrx_word' id='word_1_54' title='bbox 173 1046 201 1069; x_wconf 92' lang='lat' dir='ltr'><strong>c.</strong></span> <span class='ocrx_word' id='word_1_55' title='bbox 227 1034 280 1073; x_wconf 78' lang='lat'><strong>27</strong></span> <span class='ocrx_word' id='word_1_56' title='bbox 309 1032 352 1080; x_wconf 88' lang='grc' dir='ltr'><strong>(Ι</strong></span> <span class='ocrx_word' id='word_1_57' title='bbox 371 1046 408 1082; x_wconf 90' lang='lat' dir='ltr'><strong>p.</strong></span> <span class='ocrx_word' id='word_1_58' title='bbox 427 1034 494 1079; x_wconf 82' lang='lat'><strong>93,</strong></span> <span class='ocrx_word' id='word_1_59' title='bbox 514 1032 565 1081; x_wconf 91' lang='grc' dir='ltr'><strong>Β)</strong></span> <span class='ocrx_word' id='word_1_60' title='bbox 588 1033 638 1069; x_wconf 90' lang='lat' dir='ltr'><strong>ita</strong></span> <span class='ocrx_word' id='word_1_61' title='bbox 658 1033 744 1070; x_wconf 86' lang='lat' dir='ltr'><strong>seri-</strong></span> 
     </span>
     <span class='ocr_line' id='line_1_13' title="bbox 94 1085 746 1158; baseline 0.005 -34"><span class='ocrx_word' id='word_1_62' title='bbox 94 1088 259 1126; x_wconf 89' lang='lat' dir='ltr'><strong>bentem:</strong></span> <span class='ocrx_word' id='word_1_63' title='bbox 289 1086 363 1138; x_wconf 69' lang='grc' dir='ltr'><strong>τήν</strong></span> <span class='ocrx_word' id='word_1_64' title='bbox 385 1086 427 1127; x_wconf 79' lang='grc' dir='ltr'><strong>δὲ</strong></span> <span class='ocrx_word' id='word_1_65' title='bbox 447 1085 548 1140; x_wconf 73' lang='grc' dir='ltr'><em>πρός</em></span> <span class='ocrx_word' id='word_1_66' title='bbox 569 1091 746 1158; x_wconf 58' lang='grc' dir='ltr'><em>Κροῖσον</em></span> 
     </span>
     <span class='ocr_line' id='line_1_14' title="bbox 93 1139 746 1192; baseline 0 -9"><span class='ocrx_word' id='word_1_67' title='bbox 93 1143 270 1192; x_wconf 78' lang='grc' dir='ltr'><em>εντευξιν</em></span> <span class='ocrx_word' id='word_1_68' title='bbox 295 1139 421 1184; x_wconf 66' lang='grc' dir='ltr'><em>αὐτοῦ</em></span> <span class='ocrx_word' id='word_1_69' title='bbox 440 1144 668 1184; x_wconf 80' lang='grc' dir='ltr'><em>δοκοῦσιν”</em></span> <span class='ocrx_word' id='word_1_70' title='bbox 647 1160 746 1184; x_wconf 77' lang='grc' dir='ltr'><em>ενιοι</em></span> 
     </span>
     <span class='ocr_line' id='line_1_15' title="bbox 92 1196 745 1268; baseline 0 -29"><span class='ocrx_word' id='word_1_71' title='bbox 92 1204 177 1247; x_wconf 85' lang='grc' dir='ltr'><em>τοῖς</em></span> <span class='ocrx_word' id='word_1_72' title='bbox 199 1196 352 1268; x_wconf 82' lang='grc' dir='ltr'><em>χρόνοις</em></span> <span class='ocrx_word' id='word_1_73' title='bbox 387 1216 441 1248; x_wconf 88' lang='grc' dir='ltr'><strong>ως</strong></span> <span class='ocrx_word' id='word_1_74' title='bbox 466 1200 745 1252; x_wconf 79' lang='grc' dir='ltr'><em>πεπλασμένην</em></span> 
     </span>
     <span class='ocr_line' id='line_1_16' title="bbox 92 1253 744 1323; baseline 0.002 -28"><span class='ocrx_word' id='word_1_75' title='bbox 92 1255 276 1323; x_wconf 79' lang='grc' dir='ltr'><em>ἐλέγχειν.</em></span> <span class='ocrx_word' id='word_1_76' title='bbox 327 1253 425 1309; x_wconf 80' lang='grc' dir='ltr'><strong>Ἐγω</strong></span> <span class='ocrx_word' id='word_1_77' title='bbox 459 1254 501 1296; x_wconf 81' lang='grc' dir='ltr'><strong>δὲ</strong></span> <span class='ocrx_word' id='word_1_78' title='bbox 538 1256 658 1309; x_wconf 81' lang='grc' dir='ltr'><em>λόγον</em></span> <span class='ocrx_word' id='word_1_79' title='bbox 685 1256 744 1296; x_wconf 78' lang='grc' dir='ltr'><em>ε’-ν</em></span> 
     </span>
     <span class='ocr_line' id='line_1_17' title="bbox 92 1308 742 1379; baseline 0 -27"><span class='ocrx_word' id='word_1_80' title='bbox 92 1313 212 1361; x_wconf 82' lang='grc' dir='ltr'><em>δοξον</em></span> <span class='ocrx_word' id='word_1_81' title='bbox 227 1310 407 1353; x_wconf 75' lang='grc' dir='ltr'><em>οὕτωκαὶ</em></span> <span class='ocrx_word' id='word_1_82' title='bbox 423 1310 637 1360; x_wconf 83' lang='grc' dir='ltr'><em>τοσούτους</em></span> <span class='ocrx_word' id='word_1_83' title='bbox 647 1308 742 1379; x_wconf 77' lang='grc' dir='ltr'><em>μάρ-</em></span> 
     </span>
     <span class='ocr_line' id='line_1_18' title="bbox 91 1367 743 1422; baseline 0.002 -14"><span class='ocrx_word' id='word_1_84' title='bbox 91 1384 212 1422; x_wconf 81' lang='grc' dir='ltr'><em>τυρας</em></span> <span class='ocrx_word' id='word_1_85' title='bbox 253 1368 390 1420; x_wconf 77' lang='grc' dir='ltr'><em>ἔχοντα</em></span> <span class='ocrx_word' id='word_1_86' title='bbox 422 1368 515 1418; x_wconf 83' lang='grc' dir='ltr'><strong>καὶ,</strong></span> <span class='ocrx_word' id='word_1_87' title='bbox 558 1367 579 1409; x_wconf 83' lang='grc' dir='ltr'>ὃ</span> <span class='ocrx_word' id='word_1_88' title='bbox 609 1367 743 1421; x_wconf 83' lang='grc' dir='ltr'><em>μεῖζόν</em></span> 
     </span>
     <span class='ocr_line' id='line_1_19' title="bbox 91 1422 743 1497; baseline 0.002 -32"><span class='ocrx_word' id='word_1_89' title='bbox 91 1425 184 1474; x_wconf 80' lang='grc' dir='ltr'><em>ἐστι,</em></span> <span class='ocrx_word' id='word_1_90' title='bbox 206 1425 410 1497; x_wconf 80' lang='grc' dir='ltr'><em>πρέποντα</em></span> <span class='ocrx_word' id='word_1_91' title='bbox 428 1442 481 1480; x_wconf 84' lang='grc' dir='ltr'><strong>τῳ</strong></span> <span class='ocrx_word' id='word_1_92' title='bbox 466 1422 677 1473; x_wconf 80' lang='grc' dir='ltr'><em>Σόλωνος</em></span> <span class='ocrx_word' id='word_1_93' title='bbox 696 1423 743 1478; x_wconf 79' lang='grc' dir='ltr'>ἥ</span> 
     </span>
     <span class='ocr_line' id='line_1_20' title="bbox 90 1481 741 1535; baseline 0.003 -14"><span class='ocrx_word' id='word_1_94' title='bbox 90 1486 159 1521; x_wconf 85' lang='grc' dir='ltr'><em>θει</em></span> <span class='ocrx_word' id='word_1_95' title='bbox 192 1481 258 1521; x_wconf 80' lang='grc' dir='ltr'><strong>καὶ</strong></span> <span class='ocrx_word' id='word_1_96' title='bbox 286 1485 357 1534; x_wconf 83' lang='grc' dir='ltr'><strong>τῆς</strong></span> <span class='ocrx_word' id='word_1_97' title='bbox 393 1482 545 1522; x_wconf 79' lang='grc' dir='ltr'><em>ἐκείνου</em></span> <span class='ocrx_word' id='word_1_98' title='bbox 582 1486 741 1535; x_wconf 82' lang='grc' dir='ltr'><em>μεγαλο-</em></span> 
     </span>
     <span class='ocr_line' id='line_1_21' title="bbox 90 1533 740 1607; baseline 0.002 -29"><span class='ocrx_word' id='word_1_99' title='bbox 90 1533 297 1607; x_wconf 75' lang='grc' dir='ltr'><em>φροσύνης</em></span> <span class='ocrx_word' id='word_1_100' title='bbox 331 1538 400 1578; x_wconf 82' lang='grc' dir='ltr'><strong>καὶ</strong></span> <span class='ocrx_word' id='word_1_101' title='bbox 435 1540 580 1588; x_wconf 83' lang='grc' dir='ltr'><em>σοφίας</em></span> <span class='ocrx_word' id='word_1_102' title='bbox 614 1538 740 1589; x_wconf 77' lang='grc' dir='ltr'><em>α’ξιον,</em></span> 
     </span>
     <span class='ocr_line' id='line_1_22' title="bbox 91 1591 740 1649; baseline 0.002 -14"><span class='ocrx_word' id='word_1_103' title='bbox 91 1593 142 1635; x_wconf 82' lang='grc' dir='ltr'><strong>οὕ</strong></span> <span class='ocrx_word' id='word_1_104' title='bbox 169 1610 236 1646; x_wconf 87' lang='grc' dir='ltr'><em>μοι</em></span> <span class='ocrx_word' id='word_1_105' title='bbox 258 1596 371 1635; x_wconf 80' lang='grc' dir='ltr'><em>δοκεῖ</em></span> <span class='ocrx_word' id='word_1_106' title='bbox 385 1591 635 1648; x_wconf 76' lang='grc' dir='ltr'><em>προήσεσθαι</em></span> <span class='ocrx_word' id='word_1_107' title='bbox 653 1612 740 1649; x_wconf 84' lang='grc' dir='ltr'><em>χρο-</em></span> 
     </span>
     <span class='ocr_line' id='line_1_23' title="bbox 90 1651 740 1704; baseline 0 -12"><span class='ocrx_word' id='word_1_108' title='bbox 90 1655 222 1699; x_wconf 87' lang='grc' dir='ltr'><em>νικοῖς</em></span> <span class='ocrx_word' id='word_1_109' title='bbox 232 1664 308 1691; x_wconf 84' lang='grc' dir='ltr'><em>τισι</em></span> <span class='ocrx_word' id='word_1_110' title='bbox 324 1651 548 1704; x_wconf 81' lang='grc' dir='ltr'><em>λεγομένοις</em></span> <span class='ocrx_word' id='word_1_111' title='bbox 562 1651 740 1702; x_wconf 85' lang='grc' dir='ltr'><em>κανόσιν,</em></span> 
     </span>
     <span class='ocr_line' id='line_1_24' title="bbox 91 1705 740 1761; baseline 0 -13"><span class='ocrx_word' id='word_1_112' title='bbox 91 1705 163 1755; x_wconf 71' lang='grc' dir='ltr'><strong>οὓς</strong></span> <span class='ocrx_word' id='word_1_113' title='bbox 183 1709 318 1761; x_wconf 82' lang='grc' dir='ltr'><em>μυρίοι</em></span> <span class='ocrx_word' id='word_1_114' title='bbox 363 1711 623 1760; x_wconf 74' lang='grc' dir='ltr'><em>διορθοῦντες</em></span> <span class='ocrx_word' id='word_1_115' title='bbox 652 1708 740 1761; x_wconf 69' lang='grc' dir='ltr'><em>ἄχρι</em></span> 
     </span>
     <span class='ocr_line' id='line_1_25' title="bbox 91 1761 741 1816; baseline 0.005 -13"><span class='ocrx_word' id='word_1_116' title='bbox 91 1762 265 1816; x_wconf 84' lang='grc' dir='ltr'><em>σήμερον</em></span> <span class='ocrx_word' id='word_1_117' title='bbox 297 1764 353 1811; x_wconf 83' lang='grc' dir='ltr'><strong>εἰς</strong></span> <span class='ocrx_word' id='word_1_118' title='bbox 384 1761 502 1805; x_wconf 84' lang='grc' dir='ltr'><em>ου’δὲν</em></span> <span class='ocrx_word' id='word_1_119' title='bbox 532 1765 665 1813; x_wconf 72' lang='grc' dir='ltr'><em>αὐτοῖς</em></span> <span class='ocrx_word' id='word_1_120' title='bbox 697 1765 741 1806; x_wconf 84' lang='grc' dir='ltr'><strong>ὁ-</strong></span> 
     </span>
     <span class='ocr_line' id='line_1_26' title="bbox 92 1817 740 1873; baseline 0.005 -14"><span class='ocrx_word' id='word_1_121' title='bbox 92 1817 389 1873; x_wconf 75' lang='grc' dir='ltr'><em>μολογούμενον</em></span> <span class='ocrx_word' id='word_1_122' title='bbox 409 1818 599 1861; x_wconf 82' lang='grc' dir='ltr'><em>δύνανται</em></span> <span class='ocrx_word' id='word_1_123' title='bbox 618 1838 740 1862; x_wconf 77' lang='grc' dir='ltr'><em>κατα-</em></span> 
     </span>
     <span class='ocr_line' id='line_1_27' title="bbox 92 1875 740 1932; baseline 0 -16"><span class='ocrx_word' id='word_1_124' title='bbox 92 1879 231 1928; x_wconf 82' lang='grc' dir='ltr'><em>στῆσαι</em></span> <span class='ocrx_word' id='word_1_125' title='bbox 260 1875 330 1924; x_wconf 71' lang='grc' dir='ltr'><strong>τοὶς</strong></span> <span class='ocrx_word' id='word_1_126' title='bbox 361 1875 596 1932; x_wconf 80' lang='grc' dir='ltr'><em>α’ντιλογίας.</em></span> <span class='ocrx_word' id='word_1_127' title='bbox 656 1881 740 1924; x_wconf 88' lang='lat' dir='ltr'><strong>Quo</strong></span> 
     </span>
     <span class='ocr_line' id='line_1_28' title="bbox 88 1933 738 1973; baseline 0.002 -1"><span class='ocrx_word' id='word_1_128' title='bbox 88 1933 168 1972; x_wconf 89' lang='lat' dir='ltr'><strong>loco</strong></span> <span class='ocrx_word' id='word_1_129' title='bbox 198 1935 274 1972; x_wconf 88' lang='lat' dir='ltr'><strong>iure</strong></span> <span class='ocrx_word' id='word_1_130' title='bbox 315 1934 518 1973; x_wconf 88' lang='lat' dir='ltr'><strong>Larcherus</strong></span> <span class='ocrx_word' id='word_1_131' title='bbox 548 1937 672 1973; x_wconf 91' lang='lat' dir='ltr'><strong>nititur</strong></span> <span class='ocrx_word' id='word_1_132' title='bbox 701 1937 738 1973; x_wconf 91' lang='lat' dir='ltr'><strong>in</strong></span> 
     </span>
     <span class='ocr_line' id='line_1_29' title="bbox 91 1991 739 2040; baseline 0.003 -13"><span class='ocrx_word' id='word_1_133' title='bbox 91 1991 156 2038; x_wconf 86' lang='lat' dir='ltr'><strong>iis,</strong></span> <span class='ocrx_word' id='word_1_134' title='bbox 187 2004 279 2040; x_wconf 90' lang='lat' dir='ltr'><strong>quae</strong></span> <span class='ocrx_word' id='word_1_135' title='bbox 305 1992 414 2028; x_wconf 83' lang='lat' dir='ltr'><strong>multa</strong></span> <span class='ocrx_word' id='word_1_136' title='bbox 432 1996 508 2029; x_wconf 90' lang='lat' dir='ltr'><strong>tum</strong></span> <span class='ocrx_word' id='word_1_137' title='bbox 531 1993 566 2029; x_wconf 92' lang='lat' dir='ltr'><strong>in</strong></span> <span class='ocrx_word' id='word_1_138' title='bbox 587 1997 675 2030; x_wconf 83' lang='lat' dir='ltr'><strong>nota</strong></span> <span class='ocrx_word' id='word_1_139' title='bbox 692 1994 739 2029; x_wconf 89' lang='lat' dir='ltr'><strong>ad</strong></span> 
     </span>
     <span class='ocr_line' id='line_1_30' title="bbox 90 2047 739 2100; baseline 0.006 -17"><span class='ocrx_word' id='word_1_140' title='bbox 90 2047 271 2084; x_wconf 85' lang='lat' dir='ltr'><strong>Herodoti</strong></span> <span class='ocrx_word' id='word_1_141' title='bbox 299 2047 416 2085; x_wconf 84' lang='lat' dir='ltr'><strong>locum</strong></span> <span class='ocrx_word' id='word_1_142' title='bbox 461 2050 508 2086; x_wconf 87' lang='lat' dir='ltr'><strong>de</strong></span> <span class='ocrx_word' id='word_1_143' title='bbox 536 2053 739 2100; x_wconf 84' lang='lat' dir='ltr'><strong>temporum</strong></span> 
     </span>
     <span class='ocr_line' id='line_1_31' title="bbox 90 2104 739 2152; baseline 0.005 -13"><span class='ocrx_word' id='word_1_144' title='bbox 90 2105 230 2141; x_wconf 88' lang='lat' dir='ltr'><strong>ratione</strong></span> <span class='ocrx_word' id='word_1_145' title='bbox 252 2104 416 2152; x_wconf 89' lang='lat' dir='ltr'><strong>disserit,</strong></span> <span class='ocrx_word' id='word_1_146' title='bbox 446 2110 522 2143; x_wconf 90' lang='lat' dir='ltr'><strong>tum</strong></span> <span class='ocrx_word' id='word_1_147' title='bbox 554 2106 591 2142; x_wconf 92' lang='lat' dir='ltr'><strong>in</strong></span> <span class='ocrx_word' id='word_1_148' title='bbox 621 2106 739 2142; x_wconf 86' lang='lat' dir='ltr'><strong>Chro-</strong></span> 
     </span>
     <span class='ocr_line' id='line_1_32' title="bbox 89 2160 736 2212; baseline 0.005 -16"><span class='ocrx_word' id='word_1_149' title='bbox 89 2160 236 2209; x_wconf 82' lang='lat' dir='ltr'><strong>nologia</strong></span> <span class='ocrx_word' id='word_1_150' title='bbox 245 2160 425 2198; x_wconf 86' lang='lat' dir='ltr'><strong>Herodot.</strong></span> <span class='ocrx_word' id='word_1_151' title='bbox 442 2176 520 2212; x_wconf 85' lang='lat' dir='ltr'><strong>cap.</strong></span> <span class='ocrx_word' id='word_1_152' title='bbox 531 2161 598 2198; x_wconf 86' lang='lat' dir='ltr'><strong>VII</strong></span> <span class='ocrx_word' id='word_1_153' title='bbox 605 2176 644 2212; x_wconf 92' lang='lat' dir='ltr'><strong>p.</strong></span> <span class='ocrx_word' id='word_1_154' title='bbox 655 2163 736 2205; x_wconf 80' lang='lat'><strong>205</strong></span> 
     </span>
     <span class='ocr_line' id='line_1_33' title="bbox 90 2216 737 2265; baseline 0.008 -13"><span class='ocrx_word' id='word_1_155' title='bbox 90 2229 194 2265; x_wconf 89' lang='lat' dir='ltr'><strong>seqq.</strong></span> <span class='ocrx_word' id='word_1_156' title='bbox 248 2216 358 2254; x_wconf 86' lang='lat' dir='ltr'><strong>Ponit</strong></span> <span class='ocrx_word' id='word_1_157' title='bbox 380 2223 500 2256; x_wconf 88' lang='lat' dir='ltr'><strong>autem</strong></span> <span class='ocrx_word' id='word_1_158' title='bbox 518 2218 662 2255; x_wconf 83' lang='lat' dir='ltr'><strong>Solonis</strong></span> <span class='ocrx_word' id='word_1_159' title='bbox 685 2219 737 2257; x_wconf 87' lang='lat' dir='ltr'><strong>le-</strong></span> 
     </span>
     <span class='ocr_line' id='line_1_34' title="bbox 88 2272 736 2321; baseline 0.006 -13"><span class='ocrx_word' id='word_1_160' title='bbox 88 2272 315 2321; x_wconf 87' lang='lat' dir='ltr'><strong>gislationem</strong></span> <span class='ocrx_word' id='word_1_161' title='bbox 335 2274 372 2310; x_wconf 90' lang='lat' dir='ltr'><strong>in</strong></span> <span class='ocrx_word' id='word_1_162' title='bbox 393 2288 489 2312; x_wconf 90' lang='lat' dir='ltr'><strong>anno</strong></span> <span class='ocrx_word' id='word_1_163' title='bbox 507 2275 589 2316; x_wconf 84' lang='lat'><strong>594</strong></span> <span class='ocrx_word' id='word_1_164' title='bbox 605 2288 636 2312; x_wconf 91' lang='lat' dir='ltr'><strong>a.</strong></span> <span class='ocrx_word' id='word_1_165' title='bbox 650 2276 736 2312; x_wconf 88' lang='lat' dir='ltr'><strong>Chr.</strong></span> 
     </span>
     <span class='ocr_line' id='line_1_35' title="bbox 89 2329 737 2380; baseline 0.006 -16"><span class='ocrx_word' id='word_1_166' title='bbox 89 2342 118 2364; x_wconf 88' lang='lat' dir='ltr'><strong>s.</strong></span> <span class='ocrx_word' id='word_1_167' title='bbox 151 2329 298 2380; x_wconf 88' lang='lat' dir='ltr'><strong>Olymp.</strong></span> <span class='ocrx_word' id='word_1_168' title='bbox 328 2330 471 2379; x_wconf 84' lang='lat' dir='ltr'>XLVI,</span> <span class='ocrx_word' id='word_1_169' title='bbox 499 2334 549 2377; x_wconf 81' lang='lat'><strong>33</strong></span> <span class='ocrx_word' id='word_1_170' title='bbox 591 2331 737 2368; x_wconf 80' lang='lat' dir='ltr'><strong>Solonis</strong></span> 
     </span>
     <span class='ocr_line' id='line_1_36' title="bbox 88 2386 735 2435; baseline 0.014 -14"><span class='ocrx_word' id='word_1_171' title='bbox 88 2386 348 2435; x_wconf 85' lang='lat' dir='ltr'><strong>profectionem</strong></span> <span class='ocrx_word' id='word_1_172' title='bbox 370 2389 418 2425; x_wconf 92' lang='lat' dir='ltr'><strong>ad</strong></span> <span class='ocrx_word' id='word_1_173' title='bbox 437 2389 573 2426; x_wconf 87' lang='lat' dir='ltr'><strong>Sardes</strong></span> <span class='ocrx_word' id='word_1_174' title='bbox 594 2389 676 2429; x_wconf 89' lang='lat'><strong>570</strong></span> <span class='ocrx_word' id='word_1_175' title='bbox 702 2402 735 2426; x_wconf 80' lang='lat' dir='ltr'><strong>a</strong></span> 
     </span>
     <span class='ocr_line' id='line_1_37' title="bbox 89 2441 739 2495; baseline 0.008 -18"><span class='ocrx_word' id='word_1_176' title='bbox 89 2441 175 2478; x_wconf 85' lang='lat' dir='ltr'><strong>Chr.</strong></span> <span class='ocrx_word' id='word_1_177' title='bbox 201 2455 231 2478; x_wconf 87' lang='lat' dir='ltr'><strong>s.</strong></span> <span class='ocrx_word' id='word_1_178' title='bbox 243 2443 391 2495; x_wconf 89' lang='lat' dir='ltr'><strong>Olymp.</strong></span> <span class='ocrx_word' id='word_1_179' title='bbox 408 2443 490 2492; x_wconf 81' lang='lat' dir='ltr'><strong>LII,</strong></span> <span class='ocrx_word' id='word_1_180' title='bbox 509 2448 557 2491; x_wconf 79' lang='lat'><strong>33</strong></span> <span class='ocrx_word' id='word_1_181' title='bbox 585 2450 739 2483; x_wconf 83' lang='lat' dir='ltr'><strong>mortem</strong></span> 
     </span>
     <span class='ocr_line' id='line_1_38' title="bbox 89 2497 737 2553; baseline 0.008 -20"><span class='ocrx_word' id='word_1_182' title='bbox 89 2497 246 2548; x_wconf 85' lang='lat' dir='ltr'><strong>denique</strong></span> <span class='ocrx_word' id='word_1_183' title='bbox 267 2499 348 2541; x_wconf 88' lang='lat'><strong>559</strong></span> <span class='ocrx_word' id='word_1_184' title='bbox 369 2513 402 2537; x_wconf 89' lang='grc'><strong>3.</strong></span> <span class='ocrx_word' id='word_1_185' title='bbox 423 2501 510 2538; x_wconf 90' lang='lat' dir='ltr'><strong>Chr.</strong></span> <span class='ocrx_word' id='word_1_186' title='bbox 541 2515 570 2538; x_wconf 90' lang='lat' dir='ltr'><strong>s.</strong></span> <span class='ocrx_word' id='word_1_187' title='bbox 591 2502 737 2553; x_wconf 70' lang='lat' dir='ltr'><strong>Olymp.</strong></span> 
     </span>
     <span class='ocr_line' id='line_1_39' title="bbox 89 2551 738 2608; baseline 0.008 -18"><span class='ocrx_word' id='word_1_188' title='bbox 89 2551 170 2601; x_wconf 82' lang='lat' dir='ltr'><strong>LV,</strong></span> <span class='ocrx_word' id='word_1_189' title='bbox 195 2559 234 2603; x_wconf 80' lang='grc'><strong>2,</strong></span> <span class='ocrx_word' id='word_1_190' title='bbox 265 2569 344 2593; x_wconf 88' lang='lat' dir='ltr'><strong>cum</strong></span> <span class='ocrx_word' id='word_1_191' title='bbox 368 2557 578 2594; x_wconf 82' lang='lat' dir='ltr'><strong>Pisistratus</strong></span> <span class='ocrx_word' id='word_1_192' title='bbox 601 2558 738 2608; x_wconf 85' lang='lat' dir='ltr'><strong>aliquot</strong></span> 
     </span>
     <span class='ocr_line' id='line_1_40' title="bbox 90 2612 734 2665; baseline 0.013 -20"><span class='ocrx_word' id='word_1_193' title='bbox 90 2613 174 2647; x_wconf 86' lang='lat' dir='ltr'><strong>ante</strong></span> <span class='ocrx_word' id='word_1_194' title='bbox 187 2612 304 2659; x_wconf 86' lang='lat' dir='ltr'><strong>annis,</strong></span> <span class='ocrx_word' id='word_1_195' title='bbox 319 2615 398 2654; x_wconf 86' lang='lat'><strong>561</strong></span> <span class='ocrx_word' id='word_1_196' title='bbox 412 2626 444 2651; x_wconf 91' lang='lat' dir='ltr'><strong>a.</strong></span> <span class='ocrx_word' id='word_1_197' title='bbox 455 2614 541 2651; x_wconf 90' lang='lat' dir='ltr'><strong>Chr.</strong></span> <span class='ocrx_word' id='word_1_198' title='bbox 554 2628 582 2652; x_wconf 92' lang='lat' dir='ltr'><strong>s.</strong></span> <span class='ocrx_word' id='word_1_199' title='bbox 587 2615 734 2665; x_wconf 87' lang='lat' dir='ltr'><strong>Olymp.</strong></span> 
     </span>
     <span class='ocr_line' id='line_1_41' title="bbox 91 2663 736 2721; baseline 0.013 -20"><span class='ocrx_word' id='word_1_200' title='bbox 91 2663 187 2713; x_wconf 81' lang='lat' dir='ltr'><strong>LIV,</strong></span> <span class='ocrx_word' id='word_1_201' title='bbox 200 2668 227 2708; x_wconf 88' lang='lat'>3</span> <span class='ocrx_word' id='word_1_202' title='bbox 259 2668 421 2707; x_wconf 86' lang='lat' dir='ltr'><strong>Athenas</strong></span> <span class='ocrx_word' id='word_1_203' title='bbox 445 2684 623 2721; x_wconf 85' lang='lat' dir='ltr'><strong>occupare</strong></span> <span class='ocrx_word' id='word_1_204' title='bbox 653 2685 736 2709; x_wconf 90' lang='lat' dir='ltr'><strong>coe-</strong></span> 
     </span>
     <span class='ocr_line' id='line_1_42' title="bbox 92 2719 734 2776; baseline 0.016 -21"><span class='ocrx_word' id='word_1_205' title='bbox 92 2719 216 2769; x_wconf 88' lang='lat' dir='ltr'><strong>pisset.</strong></span> <span class='ocrx_word' id='word_1_206' title='bbox 271 2724 346 2762; x_wconf 87' lang='lat' dir='ltr'><strong>Ubi</strong></span> <span class='ocrx_word' id='word_1_207' title='bbox 387 2727 615 2776; x_wconf 84' lang='lat' dir='ltr'><strong>potissimum</strong></span> <span class='ocrx_word' id='word_1_208' title='bbox 648 2727 734 2765; x_wconf 92' lang='lat' dir='ltr'><strong>Plu-</strong></span> 
     </span>
     <span class='ocr_line' id='line_1_43' title="bbox 93 2776 734 2830; baseline 0.016 -19"><span class='ocrx_word' id='word_1_209' title='bbox 93 2776 205 2813; x_wconf 90' lang='lat' dir='ltr'><strong>tarchi</strong></span> <span class='ocrx_word' id='word_1_210' title='bbox 222 2778 300 2816; x_wconf 88' lang='lat' dir='ltr'><strong>loco</strong></span> <span class='ocrx_word' id='word_1_211' title='bbox 319 2782 452 2830; x_wconf 87' lang='lat' dir='ltr'><strong>utitur,</strong></span> <span class='ocrx_word' id='word_1_212' title='bbox 492 2784 577 2820; x_wconf 86' lang='lat' dir='ltr'><strong>ibid.</strong></span> <span class='ocrx_word' id='word_1_213' title='bbox 612 2784 650 2821; x_wconf 90' lang='lat' dir='ltr'><strong>in</strong></span> <span class='ocrx_word' id='word_1_214' title='bbox 670 2785 734 2821; x_wconf 91' lang='lat' dir='ltr'><strong>fin.</strong></span> 
     </span>
     <span class='ocr_line' id='line_1_44' title="bbox 93 2835 735 2889; baseline 0.009 -17"><span class='ocrx_word' id='word_1_215' title='bbox 93 2844 173 2881; x_wconf 74' lang='lat' dir='ltr'><strong>cap</strong></span> <span class='ocrx_word' id='word_1_216' title='bbox 215 2835 270 2876; x_wconf 82' lang='lat'><strong>32</strong></span> <span class='ocrx_word' id='word_1_217' title='bbox 304 2850 325 2874; x_wconf 89' lang='lat' dir='ltr'><strong>e</strong></span> <span class='ocrx_word' id='word_1_218' title='bbox 357 2838 496 2876; x_wconf 85' lang='lat' dir='ltr'><strong>Phania</strong></span> <span class='ocrx_word' id='word_1_219' title='bbox 532 2841 735 2889; x_wconf 79' lang='lat' dir='ltr'><strong>leserentis,</strong></span> 
     </span>
     <span class='ocr_line' id='line_1_45' title="bbox 93 2886 734 2945; baseline 0.019 -22"><span class='ocrx_word' id='word_1_220' title='bbox 93 2886 265 2927; x_wconf 86' lang='lat' dir='ltr'><strong>Solonem</strong></span> <span class='ocrx_word' id='word_1_221' title='bbox 285 2893 415 2933; x_wconf 86' lang='lat' dir='ltr'><strong>obiisse</strong></span> <span class='ocrx_word' id='word_1_222' title='bbox 430 2895 655 2945; x_wconf 76' lang='lat' dir='ltr'><strong>Hegestiato</strong></span> <span class='ocrx_word' id='word_1_223' title='bbox 677 2911 734 2934; x_wconf 91' lang='lat' dir='ltr'><strong>ar-</strong></span> 
     </span>
    </p>
   </div>
   <div class='ocr_carea' id='block_1_6' title="bbox 801 638 1472 2948">
    <p class='ocr_par' dir='ltr' id='par_1_6' title="bbox 801 638 1472 2948">
     <span class='ocr_line' id='line_1_46' title="bbox 818 638 1472 689; baseline 0.002 -14"><span class='ocrx_word' id='word_1_224' title='bbox 818 638 960 677; x_wconf 86' lang='lat' dir='ltr'><strong>chonte.</strong></span> <span class='ocrx_word' id='word_1_225' title='bbox 1019 639 1125 683; x_wconf 85' lang='lat' dir='ltr'><strong>Quae</strong></span> <span class='ocrx_word' id='word_1_226' title='bbox 1143 640 1291 689; x_wconf 87' lang='lat' dir='ltr'><strong>quidem</strong></span> <span class='ocrx_word' id='word_1_227' title='bbox 1311 640 1362 677; x_wconf 92' lang='lat' dir='ltr'><strong>sic</strong></span> <span class='ocrx_word' id='word_1_228' title='bbox 1383 641 1472 676; x_wconf 76' lang='lat' dir='ltr'><strong>satis</strong></span> 
     </span>
     <span class='ocr_line' id='line_1_47' title="bbox 818 696 1472 745; baseline 0.005 -14"><span class='ocrx_word' id='word_1_229' title='bbox 818 697 887 732; x_wconf 85' lang='lat' dir='ltr'><strong>sibi</strong></span> <span class='ocrx_word' id='word_1_230' title='bbox 913 697 1131 733; x_wconf 84' lang='lat' dir='ltr'><strong>conveniunt</strong></span> <span class='ocrx_word' id='word_1_231' title='bbox 1159 696 1340 745; x_wconf 85' lang='lat' dir='ltr'><strong>vulgoque</strong></span> <span class='ocrx_word' id='word_1_232' title='bbox 1371 709 1472 734; x_wconf 84' lang='lat' dir='ltr'><strong>rece—</strong></span> 
     </span>
     <span class='ocr_line' id='line_1_48' title="bbox 814 754 1472 803; baseline -0.002 -13"><span class='ocrx_word' id='word_1_233' title='bbox 814 757 879 803; x_wconf 90' lang='lat' dir='ltr'><strong>pta</strong></span> <span class='ocrx_word' id='word_1_234' title='bbox 900 754 1125 800; x_wconf 88' lang='lat' dir='ltr'><strong>reseruntur,</strong></span> <span class='ocrx_word' id='word_1_235' title='bbox 1156 765 1375 802; x_wconf 87' lang='lat' dir='ltr'><strong>quamquam</strong></span> <span class='ocrx_word' id='word_1_236' title='bbox 1393 766 1472 789; x_wconf 87' lang='lat' dir='ltr'><strong>ma-</strong></span> 
     </span>
     <span class='ocr_line' id='line_1_49' title="bbox 814 809 1470 847; baseline 0.002 -2"><span class='ocrx_word' id='word_1_237' title='bbox 814 809 911 847; x_wconf 88' lang='lat' dir='ltr'><strong>iores</strong></span> <span class='ocrx_word' id='word_1_238' title='bbox 969 809 1177 846; x_wconf 85' lang='lat' dir='ltr'><strong>exoriuntur</strong></span> <span class='ocrx_word' id='word_1_239' title='bbox 1240 809 1470 847; x_wconf 85' lang='lat' dir='ltr'><strong>difficultates</strong></span> 
     </span>
     <span class='ocr_line' id='line_1_50' title="bbox 815 865 1469 915; baseline -0.002 -12"><span class='ocrx_word' id='word_1_240' title='bbox 815 865 1090 914; x_wconf 80' lang='lat' dir='ltr'><strong>chronologicae</strong></span> <span class='ocrx_word' id='word_1_241' title='bbox 1105 896 1115 913; x_wconf 87' lang='lat'>‚</span> <span class='ocrx_word' id='word_1_242' title='bbox 1149 866 1180 902; x_wconf 91' lang='lat' dir='ltr'><strong>si</strong></span> <span class='ocrx_word' id='word_1_243' title='bbox 1200 866 1343 913; x_wconf 84' lang='lat' dir='ltr'><strong>Croesi,</strong></span> <span class='ocrx_word' id='word_1_244' title='bbox 1374 880 1469 915; x_wconf 88' lang='lat' dir='ltr'><strong>quo-</strong></span> 
     </span>
     <span class='ocr_line' id='line_1_51' title="bbox 815 921 1468 970; baseline 0.002 -11"><span class='ocrx_word' id='word_1_245' title='bbox 815 936 896 960; x_wconf 88' lang='lat' dir='ltr'><strong>cum</strong></span> <span class='ocrx_word' id='word_1_246' title='bbox 913 921 1027 959; x_wconf 88' lang='lat' dir='ltr'><strong>Solon</strong></span> <span class='ocrx_word' id='word_1_247' title='bbox 1055 928 1110 960; x_wconf 87' lang='lat' dir='ltr'><strong>est</strong></span> <span class='ocrx_word' id='word_1_248' title='bbox 1129 923 1347 970; x_wconf 89' lang='lat' dir='ltr'><strong>collocutus,</strong></span> <span class='ocrx_word' id='word_1_249' title='bbox 1376 928 1468 960; x_wconf 88' lang='lat' dir='ltr'><strong>tem-</strong></span> 
     </span>
     <span class='ocr_line' id='line_1_52' title="bbox 814 980 1469 1030; baseline 0 -15"><span class='ocrx_word' id='word_1_250' title='bbox 814 991 907 1030; x_wconf 90' lang='lat' dir='ltr'><strong>pora</strong></span> <span class='ocrx_word' id='word_1_251' title='bbox 935 992 1132 1028; x_wconf 90' lang='lat' dir='ltr'><strong>eorumque</strong></span> <span class='ocrx_word' id='word_1_252' title='bbox 1167 980 1344 1016; x_wconf 82' lang='lat' dir='ltr'><strong>rationem</strong></span> <span class='ocrx_word' id='word_1_253' title='bbox 1382 992 1469 1029; x_wconf 91' lang='lat' dir='ltr'><strong>per-</strong></span> 
     </span>
     <span class='ocr_line' id='line_1_53' title="bbox 813 1035 1468 1086; baseline 0.002 -14"><span class='ocrx_word' id='word_1_254' title='bbox 813 1037 968 1085; x_wconf 87' lang='lat' dir='ltr'><strong>pendas.</strong></span> <span class='ocrx_word' id='word_1_255' title='bbox 1027 1035 1070 1071; x_wconf 93' lang='lat' dir='ltr'><strong>In</strong></span> <span class='ocrx_word' id='word_1_256' title='bbox 1093 1048 1189 1084; x_wconf 88' lang='lat' dir='ltr'><strong>quae</strong></span> <span class='ocrx_word' id='word_1_257' title='bbox 1202 1040 1288 1086; x_wconf 89' lang='lat' dir='ltr'><strong>post</strong></span> <span class='ocrx_word' id='word_1_258' title='bbox 1307 1035 1468 1073; x_wconf 79' lang='lat' dir='ltr'><strong>Lai-che-</strong></span> 
     </span>
     <span class='ocr_line' id='line_1_54' title="bbox 813 1091 1467 1140; baseline -0.002 -11"><span class='ocrx_word' id='word_1_259' title='bbox 813 1105 890 1129; x_wconf 87' lang='lat' dir='ltr'><strong>rum</strong></span> <span class='ocrx_word' id='word_1_260' title='bbox 922 1092 1071 1140; x_wconf 90' lang='lat' dir='ltr'><strong>eiusque</strong></span> <span class='ocrx_word' id='word_1_261' title='bbox 1107 1092 1351 1130; x_wconf 85' lang='lat' dir='ltr'><strong>adversarium</strong></span> <span class='ocrx_word' id='word_1_262' title='bbox 1380 1091 1467 1128; x_wconf 85' lang='lat' dir='ltr'><strong>Vol-</strong></span> 
     </span>
     <span class='ocr_line' id='line_1_55' title="bbox 813 1147 1465 1197; baseline 0 -12"><span class='ocrx_word' id='word_1_263' title='bbox 813 1149 932 1185; x_wconf 83' lang='lat' dir='ltr'><strong>neium</strong></span> <span class='ocrx_word' id='word_1_264' title='bbox 964 1147 1215 1197; x_wconf 84' lang='lat' dir='ltr'><strong>(Chronolog.</strong></span> <span class='ocrx_word' id='word_1_265' title='bbox 1247 1148 1465 1185; x_wconf 86' lang='lat' dir='ltr'><strong>d&#39;Herodot.</strong></span> 
     </span>
     <span class='ocr_line' id='line_1_56' title="bbox 811 1204 1464 1255; baseline 0.002 -15"><span class='ocrx_word' id='word_1_266' title='bbox 811 1219 847 1255; x_wconf 88' lang='lat' dir='ltr'><strong>p.</strong></span> <span class='ocrx_word' id='word_1_267' title='bbox 861 1205 915 1245; x_wconf 74' lang='lat'><strong>54</strong></span> <span class='ocrx_word' id='word_1_268' title='bbox 933 1217 1016 1252; x_wconf 88' lang='lat' dir='ltr'><strong>sqq.</strong></span> <span class='ocrx_word' id='word_1_269' title='bbox 1035 1204 1114 1240; x_wconf 90' lang='lat' dir='ltr'><strong>coll.</strong></span> <span class='ocrx_word' id='word_1_270' title='bbox 1126 1217 1162 1253; x_wconf 90' lang='lat' dir='ltr'><strong>p.</strong></span> <span class='ocrx_word' id='word_1_271' title='bbox 1175 1207 1229 1245; x_wconf 89' lang='lat'><strong>30</strong></span> <span class='ocrx_word' id='word_1_272' title='bbox 1242 1205 1345 1253; x_wconf 90' lang='lat' dir='ltr'><strong>sqq.)</strong></span> <span class='ocrx_word' id='word_1_273' title='bbox 1358 1218 1464 1241; x_wconf 76' lang='lat' dir='ltr'><strong>nenio</strong></span> 
     </span>
     <span class='ocr_line' id='line_1_57' title="bbox 812 1259 1465 1310; baseline 0 -14"><span class='ocrx_word' id='word_1_274' title='bbox 812 1261 912 1310; x_wconf 90' lang='lat' dir='ltr'><strong>quod</strong></span> <span class='ocrx_word' id='word_1_275' title='bbox 940 1261 1051 1296; x_wconf 78' lang='lat' dir='ltr'><strong>sciam</strong></span> <span class='ocrx_word' id='word_1_276' title='bbox 1077 1259 1284 1309; x_wconf 86' lang='lat' dir='ltr'><strong>diligentius</strong></span> <span class='ocrx_word' id='word_1_277' title='bbox 1315 1260 1465 1309; x_wconf 76' lang='lat' dir='ltr'><strong>inquisi-</strong></span> 
     </span>
     <span class='ocr_line' id='line_1_58' title="bbox 812 1315 1466 1367; baseline -0.002 -14"><span class='ocrx_word' id='word_1_278' title='bbox 812 1317 863 1353; x_wconf 81' lang='lat' dir='ltr'><strong>vit</strong></span> <span class='ocrx_word' id='word_1_279' title='bbox 877 1317 978 1353; x_wconf 88' lang='lat' dir='ltr'><strong>loan.</strong></span> <span class='ocrx_word' id='word_1_280' title='bbox 993 1315 1125 1354; x_wconf 84' lang='lat' dir='ltr'><strong>Matth.</strong></span> <span class='ocrx_word' id='word_1_281' title='bbox 1145 1316 1329 1354; x_wconf 86' lang='lat' dir='ltr'><strong>Schultzio</strong></span> <span class='ocrx_word' id='word_1_282' title='bbox 1340 1316 1377 1353; x_wconf 90' lang='lat' dir='ltr'><strong>in</strong></span> <span class='ocrx_word' id='word_1_283' title='bbox 1388 1315 1466 1367; x_wconf 85' lang='lat' dir='ltr'><strong>Ap-</strong></span> 
     </span>
     <span class='ocr_line' id='line_1_59' title="bbox 810 1372 1464 1424; baseline 0 -14"><span class='ocrx_word' id='word_1_284' title='bbox 810 1378 942 1424; x_wconf 86' lang='lat' dir='ltr'><strong>paratu</strong></span> <span class='ocrx_word' id='word_1_285' title='bbox 976 1374 1025 1410; x_wconf 85' lang='lat' dir='ltr'><strong>ad</strong></span> <span class='ocrx_word' id='word_1_286' title='bbox 1055 1372 1188 1411; x_wconf 87' lang='lat' dir='ltr'><strong>annall.</strong></span> <span class='ocrx_word' id='word_1_287' title='bbox 1218 1373 1346 1410; x_wconf 88' lang='lat' dir='ltr'><strong>critice.</strong></span> <span class='ocrx_word' id='word_1_288' title='bbox 1372 1386 1464 1410; x_wconf 89' lang='lat' dir='ltr'><strong>rerr.</strong></span> 
     </span>
     <span class='ocr_line' id='line_1_60' title="bbox 813 1429 1463 1480; baseline -0.002 -14"><span class='ocrx_word' id='word_1_289' title='bbox 813 1429 963 1467; x_wconf 88' lang='lat' dir='ltr'><strong>Graece.</strong></span> <span class='ocrx_word' id='word_1_290' title='bbox 983 1429 1222 1471; x_wconf 74' lang='lat' dir='ltr'><strong>Kiliae1826</strong></span> <span class='ocrx_word' id='word_1_291' title='bbox 1241 1443 1278 1480; x_wconf 93' lang='lat' dir='ltr'><strong>p.</strong></span> <span class='ocrx_word' id='word_1_292' title='bbox 1293 1432 1344 1470; x_wconf 86' lang='lat'><strong>16</strong></span> <span class='ocrx_word' id='word_1_293' title='bbox 1358 1442 1463 1478; x_wconf 89' lang='lat' dir='ltr'><strong>seqq.</strong></span> 
     </span>
     <span class='ocr_line' id='line_1_61' title="bbox 810 1484 1464 1533; baseline 0 -11"><span class='ocrx_word' id='word_1_294' title='bbox 810 1485 1002 1533; x_wconf 81' lang='lat' dir='ltr'><strong>Volneius,</strong></span> <span class='ocrx_word' id='word_1_295' title='bbox 1040 1490 1079 1523; x_wconf 94' lang='lat' dir='ltr'><strong>ut</strong></span> <span class='ocrx_word' id='word_1_296' title='bbox 1117 1498 1297 1523; x_wconf 88' lang='lat' dir='ltr'><strong>summam</strong></span> <span class='ocrx_word' id='word_1_297' title='bbox 1333 1484 1464 1523; x_wconf 82' lang='lat' dir='ltr'><strong>saltem</strong></span> 
     </span>
     <span class='ocr_line' id='line_1_62' title="bbox 810 1541 1464 1592; baseline -0.002 -13"><span class='ocrx_word' id='word_1_298' title='bbox 810 1543 1065 1592; x_wconf 83' lang='lat' dir='ltr'><strong>disputationis</strong></span> <span class='ocrx_word' id='word_1_299' title='bbox 1105 1543 1152 1579; x_wconf 89' lang='lat' dir='ltr'><strong>ab</strong></span> <span class='ocrx_word' id='word_1_300' title='bbox 1178 1541 1237 1578; x_wconf 91' lang='lat' dir='ltr'><strong>illo</strong></span> <span class='ocrx_word' id='word_1_301' title='bbox 1276 1542 1464 1579; x_wconf 84' lang='lat' dir='ltr'><strong>institutae</strong></span> 
     </span>
     <span class='ocr_line' id='line_1_63' title="bbox 807 1598 1463 1647; baseline -0.002 -12"><span class='ocrx_word' id='word_1_302' title='bbox 807 1601 1025 1647; x_wconf 88' lang='lat' dir='ltr'><strong>referamus,</strong></span> <span class='ocrx_word' id='word_1_303' title='bbox 1074 1598 1221 1636; x_wconf 91' lang='lat' dir='ltr'><strong>Solonis</strong></span> <span class='ocrx_word' id='word_1_304' title='bbox 1261 1598 1463 1647; x_wconf 78' lang='lat' dir='ltr'><strong>legislatio-</strong></span> 
     </span>
     <span class='ocr_line' id='line_1_64' title="bbox 807 1655 1461 1706; baseline -0.002 -15"><span class='ocrx_word' id='word_1_305' title='bbox 807 1667 891 1692; x_wconf 86' lang='lat' dir='ltr'><strong>nem</strong></span> <span class='ocrx_word' id='word_1_306' title='bbox 910 1656 1014 1706; x_wconf 90' lang='lat' dir='ltr'><strong>ponit</strong></span> <span class='ocrx_word' id='word_1_307' title='bbox 1031 1668 1128 1692; x_wconf 89' lang='lat' dir='ltr'><strong>anno</strong></span> <span class='ocrx_word' id='word_1_308' title='bbox 1149 1655 1233 1697; x_wconf 82' lang='lat'><strong>594</strong></span> <span class='ocrx_word' id='word_1_309' title='bbox 1253 1668 1286 1692; x_wconf 89' lang='grc'><strong>3.</strong></span> <span class='ocrx_word' id='word_1_310' title='bbox 1307 1655 1390 1702; x_wconf 87' lang='lat' dir='ltr'><strong>Ch.‚</strong></span> <span class='ocrx_word' id='word_1_311' title='bbox 1402 1655 1461 1691; x_wconf 87' lang='lat' dir='ltr'><strong>iti-</strong></span> 
     </span>
     <span class='ocr_line' id='line_1_65' title="bbox 807 1712 1462 1761; baseline 0.002 -13"><span class='ocrx_word' id='word_1_312' title='bbox 807 1724 896 1748; x_wconf 89' lang='lat' dir='ltr'><strong>nera</strong></span> <span class='ocrx_word' id='word_1_313' title='bbox 915 1713 1010 1759; x_wconf 87' lang='lat'><strong>573,</strong></span> <span class='ocrx_word' id='word_1_314' title='bbox 1030 1712 1349 1749; x_wconf 84' lang='lat' dir='ltr'><strong>commorationem</strong></span> <span class='ocrx_word' id='word_1_315' title='bbox 1362 1712 1462 1761; x_wconf 85' lang='lat' dir='ltr'><strong>apud</strong></span> 
     </span>
     <span class='ocr_line' id='line_1_66' title="bbox 808 1768 1462 1817; baseline -0.002 -12"><span class='ocrx_word' id='word_1_316' title='bbox 808 1768 987 1805; x_wconf 87' lang='lat' dir='ltr'><strong>Croesum</strong></span> <span class='ocrx_word' id='word_1_317' title='bbox 1012 1769 1172 1817; x_wconf 89' lang='lat' dir='ltr'><strong>indeque</strong></span> <span class='ocrx_word' id='word_1_318' title='bbox 1191 1768 1346 1805; x_wconf 89' lang='lat' dir='ltr'><strong>reditum</strong></span> <span class='ocrx_word' id='word_1_319' title='bbox 1366 1769 1462 1815; x_wconf 86' lang='lat'><strong>563,</strong></span> 
     </span>
     <span class='ocr_line' id='line_1_67' title="bbox 807 1824 1460 1870; baseline -0.003 -8"><span class='ocrx_word' id='word_1_320' title='bbox 807 1828 961 1862; x_wconf 87' lang='lat' dir='ltr'><strong>mortem</strong></span> <span class='ocrx_word' id='word_1_321' title='bbox 984 1826 1086 1870; x_wconf 81' lang='lat'>5593</span> <span class='ocrx_word' id='word_1_322' title='bbox 1123 1824 1353 1861; x_wconf 89' lang='lat' dir='ltr'><strong>Pisistratum</strong></span> <span class='ocrx_word' id='word_1_323' title='bbox 1374 1837 1460 1861; x_wconf 88' lang='lat' dir='ltr'><strong>vero</strong></span> 
     </span>
     <span class='ocr_line' id='line_1_68' title="bbox 807 1880 1461 1932; baseline 0.002 -15"><span class='ocrx_word' id='word_1_324' title='bbox 807 1881 960 1931; x_wconf 86' lang='lat' dir='ltr'><strong>primum</strong></span> <span class='ocrx_word' id='word_1_325' title='bbox 1008 1880 1170 1918; x_wconf 89' lang='lat' dir='ltr'><strong>Athenas</strong></span> <span class='ocrx_word' id='word_1_326' title='bbox 1222 1884 1461 1932; x_wconf 87' lang='lat' dir='ltr'><strong>occupantem</strong></span> 
     </span>
     <span class='ocr_line' id='line_1_69' title="bbox 807 1936 1460 1979; baseline -0.003 -4"><span class='ocrx_word' id='word_1_327' title='bbox 807 1937 960 1975; x_wconf 87' lang='lat' dir='ltr'><strong>collocat</strong></span> <span class='ocrx_word' id='word_1_328' title='bbox 998 1937 1080 1979; x_wconf 81' lang='lat'><strong>560</strong></span> <span class='ocrx_word' id='word_1_329' title='bbox 1121 1950 1154 1974; x_wconf 90' lang='grc'><strong>3.</strong></span> <span class='ocrx_word' id='word_1_330' title='bbox 1186 1937 1272 1974; x_wconf 91' lang='lat' dir='ltr'><strong>Chr.</strong></span> <span class='ocrx_word' id='word_1_331' title='bbox 1331 1936 1460 1974; x_wconf 89' lang='lat' dir='ltr'><strong>Schul-</strong></span> 
     </span>
     <span class='ocr_line' id='line_1_70' title="bbox 807 1992 1459 2043; baseline -0.002 -13"><span class='ocrx_word' id='word_1_332' title='bbox 807 1994 918 2041; x_wconf 88' lang='lat' dir='ltr'><strong>tzius,</strong></span> <span class='ocrx_word' id='word_1_333' title='bbox 955 1994 1016 2043; x_wconf 89' lang='lat' dir='ltr'><strong>qui</strong></span> <span class='ocrx_word' id='word_1_334' title='bbox 1046 1992 1219 2031; x_wconf 89' lang='lat' dir='ltr'><strong>Solonem</strong></span> <span class='ocrx_word' id='word_1_335' title='bbox 1253 1994 1329 2030; x_wconf 87' lang='lat' dir='ltr'><strong>vult</strong></span> <span class='ocrx_word' id='word_1_336' title='bbox 1357 1993 1459 2041; x_wconf 81' lang='lat' dir='ltr'><strong>leges</strong></span> 
     </span>
     <span class='ocr_line' id='line_1_71' title="bbox 806 2049 1455 2092; baseline 0 -6"><span class='ocrx_word' id='word_1_337' title='bbox 806 2049 1090 2088; x_wconf 84' lang='lat' dir='ltr'><strong>Atheniensibus</strong></span> <span class='ocrx_word' id='word_1_338' title='bbox 1131 2051 1278 2087; x_wconf 87' lang='lat' dir='ltr'><strong>dedisse</strong></span> <span class='ocrx_word' id='word_1_339' title='bbox 1308 2050 1392 2092; x_wconf 84' lang='lat'><strong>594</strong></span> <span class='ocrx_word' id='word_1_340' title='bbox 1421 2062 1455 2087; x_wconf 87' lang='grc'><strong>3,</strong></span> 
     </span>
     <span class='ocr_line' id='line_1_72' title="bbox 807 2106 1459 2157; baseline -0.002 -14"><span class='ocrx_word' id='word_1_341' title='bbox 807 2106 894 2143; x_wconf 91' lang='lat' dir='ltr'><strong>Chr.</strong></span> <span class='ocrx_word' id='word_1_342' title='bbox 909 2137 918 2155; x_wconf 92' lang='lat'><strong>,</strong></span> <span class='ocrx_word' id='word_1_343' title='bbox 948 2111 1034 2157; x_wconf 88' lang='lat' dir='ltr'><strong>post</strong></span> <span class='ocrx_word' id='word_1_344' title='bbox 1050 2108 1250 2156; x_wconf 85' lang='lat' dir='ltr'><strong>profectum</strong></span> <span class='ocrx_word' id='word_1_345' title='bbox 1272 2119 1315 2144; x_wconf 90' lang='lat' dir='ltr'><strong>ac</strong></span> <span class='ocrx_word' id='word_1_346' title='bbox 1337 2118 1459 2144; x_wconf 87' lang='lat' dir='ltr'><strong>rever-</strong></span> 
     </span>
     <span class='ocr_line' id='line_1_73' title="bbox 806 2162 1459 2210; baseline 0 -11"><span class='ocrx_word' id='word_1_347' title='bbox 806 2176 886 2200; x_wconf 71' lang='lat' dir='ltr'><strong>suni</strong></span> <span class='ocrx_word' id='word_1_348' title='bbox 913 2162 1075 2201; x_wconf 86' lang='lat' dir='ltr'><strong>Athenas</strong></span> <span class='ocrx_word' id='word_1_349' title='bbox 1119 2167 1205 2201; x_wconf 86' lang='lat' dir='ltr'><strong>ante</strong></span> <span class='ocrx_word' id='word_1_350' title='bbox 1235 2165 1341 2210; x_wconf 86' lang='lat'><strong>561,</strong></span> <span class='ocrx_word' id='word_1_351' title='bbox 1378 2175 1459 2200; x_wconf 88' lang='lat' dir='ltr'><strong>cum</strong></span> 
     </span>
     <span class='ocr_line' id='line_1_74' title="bbox 804 2219 1460 2269; baseline 0 -13"><span class='ocrx_word' id='word_1_352' title='bbox 804 2219 1015 2257; x_wconf 86' lang='lat' dir='ltr'><strong>Pisistratus</strong></span> <span class='ocrx_word' id='word_1_353' title='bbox 1033 2220 1194 2256; x_wconf 88' lang='lat' dir='ltr'><strong>nondum</strong></span> <span class='ocrx_word' id='word_1_354' title='bbox 1219 2233 1337 2258; x_wconf 89' lang='lat' dir='ltr'><strong>rerum</strong></span> <span class='ocrx_word' id='word_1_355' title='bbox 1362 2220 1460 2269; x_wconf 88' lang='lat' dir='ltr'><strong>poti-</strong></span> 
     </span>
     <span class='ocr_line' id='line_1_75' title="bbox 804 2276 1457 2324; baseline 0 -12"><span class='ocrx_word' id='word_1_356' title='bbox 804 2280 864 2313; x_wconf 92' lang='lat' dir='ltr'><strong>tus</strong></span> <span class='ocrx_word' id='word_1_357' title='bbox 885 2281 1000 2324; x_wconf 91' lang='lat' dir='ltr'><strong>esset,</strong></span> <span class='ocrx_word' id='word_1_358' title='bbox 1026 2276 1113 2314; x_wconf 89' lang='lat' dir='ltr'><strong>inde</strong></span> <span class='ocrx_word' id='word_1_359' title='bbox 1134 2276 1335 2324; x_wconf 89' lang='lat' dir='ltr'><strong>concludit,</strong></span> <span class='ocrx_word' id='word_1_360' title='bbox 1349 2276 1457 2313; x_wconf 86' lang='lat' dir='ltr'><strong>Solo-</strong></span> 
     </span>
     <span class='ocr_line' id='line_1_76' title="bbox 804 2333 1457 2383; baseline 0 -15"><span class='ocrx_word' id='word_1_361' title='bbox 804 2333 861 2369; x_wconf 89' lang='lat' dir='ltr'><strong>nis</strong></span> <span class='ocrx_word' id='word_1_362' title='bbox 897 2333 963 2370; x_wconf 92' lang='lat' dir='ltr'><strong>iter</strong></span> <span class='ocrx_word' id='word_1_363' title='bbox 994 2346 1068 2369; x_wconf 91' lang='lat' dir='ltr'><strong>non</strong></span> <span class='ocrx_word' id='word_1_364' title='bbox 1097 2333 1134 2369; x_wconf 89' lang='lat' dir='ltr'><strong>in</strong></span> <span class='ocrx_word' id='word_1_365' title='bbox 1170 2337 1314 2383; x_wconf 86' lang='lat' dir='ltr'><strong>tempus</strong></span> <span class='ocrx_word' id='word_1_366' title='bbox 1352 2333 1457 2370; x_wconf 84' lang='lat' dir='ltr'><strong>annis</strong></span> 
     </span>
     <span class='ocr_line' id='line_1_77' title="bbox 807 2389 1457 2440; baseline -0.008 -11"><span class='ocrx_word' id='word_1_367' title='bbox 807 2389 1046 2431; x_wconf 84' lang='lat'>575—-565</span> <span class='ocrx_word' id='word_1_368' title='bbox 1069 2390 1184 2427; x_wconf 89' lang='lat' dir='ltr'><strong>serius</strong></span> <span class='ocrx_word' id='word_1_369' title='bbox 1203 2403 1315 2440; x_wconf 91' lang='lat' dir='ltr'><strong>posse</strong></span> <span class='ocrx_word' id='word_1_370' title='bbox 1332 2390 1457 2427; x_wconf 88' lang='lat' dir='ltr'><strong>detru-</strong></span> 
     </span>
     <span class='ocr_line' id='line_1_78' title="bbox 805 2446 1456 2495; baseline 0 -13"><span class='ocrx_word' id='word_1_371' title='bbox 805 2446 865 2493; x_wconf 86' lang='lat' dir='ltr'><strong>di,</strong></span> <span class='ocrx_word' id='word_1_372' title='bbox 895 2446 958 2495; x_wconf 89' lang='lat' dir='ltr'><strong>qui</strong></span> <span class='ocrx_word' id='word_1_373' title='bbox 977 2446 1007 2482; x_wconf 90' lang='lat' dir='ltr'><strong>si</strong></span> <span class='ocrx_word' id='word_1_374' title='bbox 1027 2447 1202 2483; x_wconf 85' lang='lat' dir='ltr'><strong>Sardibus</strong></span> <span class='ocrx_word' id='word_1_375' title='bbox 1224 2459 1303 2483; x_wconf 91' lang='lat' dir='ltr'><strong>cum</strong></span> <span class='ocrx_word' id='word_1_376' title='bbox 1315 2446 1456 2483; x_wconf 89' lang='lat' dir='ltr'><strong>Croeso</strong></span> 
     </span>
     <span class='ocr_line' id='line_1_79' title="bbox 806 2502 1456 2551; baseline 0.002 -13"><span class='ocrx_word' id='word_1_377' title='bbox 806 2502 1025 2551; x_wconf 90' lang='lat' dir='ltr'><strong>aliquamdiu</strong></span> <span class='ocrx_word' id='word_1_378' title='bbox 1055 2507 1218 2540; x_wconf 88' lang='lat' dir='ltr'><strong>versatus</strong></span> <span class='ocrx_word' id='word_1_379' title='bbox 1250 2506 1370 2550; x_wconf 89' lang='lat' dir='ltr'><strong>esset,</strong></span> <span class='ocrx_word' id='word_1_380' title='bbox 1400 2504 1456 2539; x_wconf 85' lang='lat' dir='ltr'><strong>fa-</strong></span> 
     </span>
     <span class='ocr_line' id='line_1_80' title="bbox 804 2559 1452 2608; baseline 0 -14"><span class='ocrx_word' id='word_1_381' title='bbox 804 2563 900 2595; x_wconf 88' lang='lat' dir='ltr'><strong>ctum</strong></span> <span class='ocrx_word' id='word_1_382' title='bbox 921 2559 958 2596; x_wconf 91' lang='lat' dir='ltr'><strong>id</strong></span> <span class='ocrx_word' id='word_1_383' title='bbox 990 2564 1160 2608; x_wconf 85' lang='lat' dir='ltr'><strong>oportere</strong></span> <span class='ocrx_word' id='word_1_384' title='bbox 1187 2559 1280 2596; x_wconf 83' lang='lat' dir='ltr'><strong>circa</strong></span> <span class='ocrx_word' id='word_1_385' title='bbox 1307 2559 1388 2600; x_wconf 88' lang='lat'><strong>570</strong></span> <span class='ocrx_word' id='word_1_386' title='bbox 1419 2571 1452 2595; x_wconf 86' lang='lat' dir='ltr'><strong>a.</strong></span> 
     </span>
     <span class='ocr_line' id='line_1_81' title="bbox 805 2615 1454 2663; baseline 0.002 -12"><span class='ocrx_word' id='word_1_387' title='bbox 805 2615 891 2652; x_wconf 93' lang='lat' dir='ltr'><strong>Chr.</strong></span> <span class='ocrx_word' id='word_1_388' title='bbox 919 2629 948 2651; x_wconf 93' lang='lat' dir='ltr'><strong>s.</strong></span> <span class='ocrx_word' id='word_1_389' title='bbox 980 2615 1041 2653; x_wconf 93' lang='lat' dir='ltr'><strong>Ol.</strong></span> <span class='ocrx_word' id='word_1_390' title='bbox 1071 2615 1160 2663; x_wconf 86' lang='lat' dir='ltr'><strong>LII,</strong></span> <span class='ocrx_word' id='word_1_391' title='bbox 1192 2617 1218 2656; x_wconf 80' lang='grc'>3</span> <span class='ocrx_word' id='word_1_392' title='bbox 1247 2620 1309 2652; x_wconf 90' lang='lat' dir='ltr'><strong>aut</strong></span> <span class='ocrx_word' id='word_1_393' title='bbox 1326 2616 1454 2652; x_wconf 88' lang='lat' dir='ltr'><strong>saltem</strong></span> 
     </span>
     <span class='ocr_line' id='line_1_82' title="bbox 803 2671 1454 2722; baseline 0.003 -15"><span class='ocrx_word' id='word_1_394' title='bbox 803 2684 877 2708; x_wconf 90' lang='lat' dir='ltr'><strong>non</strong></span> <span class='ocrx_word' id='word_1_395' title='bbox 899 2671 1010 2708; x_wconf 86' lang='lat' dir='ltr'><strong>multo</strong></span> <span class='ocrx_word' id='word_1_396' title='bbox 1029 2676 1126 2722; x_wconf 90' lang='lat' dir='ltr'><strong>post.</strong></span> <span class='ocrx_word' id='word_1_397' title='bbox 1165 2672 1274 2708; x_wconf 91' lang='lat' dir='ltr'><strong>Conf.</strong></span> <span class='ocrx_word' id='word_1_398' title='bbox 1295 2685 1454 2721; x_wconf 89' lang='lat' dir='ltr'><strong>quoque,</strong></span> 
     </span>
     <span class='ocr_line' id='line_1_83' title="bbox 803 2727 1452 2777; baseline 0 -13"><span class='ocrx_word' id='word_1_399' title='bbox 803 2740 897 2776; x_wconf 88' lang='lat' dir='ltr'><strong>quae</strong></span> <span class='ocrx_word' id='word_1_400' title='bbox 913 2729 1007 2765; x_wconf 85' lang='lat' dir='ltr'><strong>infra</strong></span> <span class='ocrx_word' id='word_1_401' title='bbox 1025 2729 1072 2765; x_wconf 85' lang='lat' dir='ltr'><strong>ad</strong></span> <span class='ocrx_word' id='word_1_402' title='bbox 1089 2729 1130 2775; x_wconf 92' lang='lat' dir='ltr'><strong>I,</strong></span> <span class='ocrx_word' id='word_1_403' title='bbox 1150 2727 1203 2769; x_wconf 80' lang='grc'><strong>45</strong></span> <span class='ocrx_word' id='word_1_404' title='bbox 1216 2729 1277 2766; x_wconf 87' lang='lat' dir='ltr'><strong>fin.</strong></span> <span class='ocrx_word' id='word_1_405' title='bbox 1302 2728 1366 2777; x_wconf 92' lang='lat' dir='ltr'><strong>(al.</strong></span> <span class='ocrx_word' id='word_1_406' title='bbox 1378 2728 1452 2776; x_wconf 82' lang='lat'><strong>46)</strong></span> 
     </span>
     <span class='ocr_line' id='line_1_84' title="bbox 803 2785 1452 2834; baseline 0 -14"><span class='ocrx_word' id='word_1_407' title='bbox 803 2785 1039 2822; x_wconf 89' lang='lat' dir='ltr'><strong>disserentur.</strong></span> <span class='ocrx_word' id='word_1_408' title='bbox 1096 2785 1209 2822; x_wconf 92' lang='lat' dir='ltr'><strong>Unde</strong></span> <span class='ocrx_word' id='word_1_409' title='bbox 1229 2786 1318 2822; x_wconf 89' lang='lat' dir='ltr'><strong>satis</strong></span> <span class='ocrx_word' id='word_1_410' title='bbox 1337 2797 1452 2834; x_wconf 87' lang='lat' dir='ltr'><strong>appa-</strong></span> 
     </span>
     <span class='ocr_line' id='line_1_85' title="bbox 802 2841 1453 2890; baseline -0.002 -13"><span class='ocrx_word' id='word_1_411' title='bbox 802 2841 912 2889; x_wconf 88' lang='lat' dir='ltr'><strong>rebit,</strong></span> <span class='ocrx_word' id='word_1_412' title='bbox 950 2854 1021 2890; x_wconf 92' lang='lat' dir='ltr'><strong>quo</strong></span> <span class='ocrx_word' id='word_1_413' title='bbox 1050 2841 1127 2880; x_wconf 85' lang='lat' dir='ltr'><strong>iure</strong></span> <span class='ocrx_word' id='word_1_414' title='bbox 1157 2841 1385 2879; x_wconf 88' lang='lat' dir='ltr'><strong>Herodotum</strong></span> <span class='ocrx_word' id='word_1_415' title='bbox 1415 2841 1453 2877; x_wconf 89' lang='lat' dir='ltr'><strong>in</strong></span> 
     </span>
     <span class='ocr_line' id='line_1_86' title="bbox 801 2897 1451 2948; baseline 0 -15"><span class='ocrx_word' id='word_1_416' title='bbox 801 2897 945 2935; x_wconf 84' lang='lat' dir='ltr'><strong>Solonis</strong></span> <span class='ocrx_word' id='word_1_417' title='bbox 982 2898 1210 2948; x_wconf 82' lang='lat' dir='ltr'><strong>legislatione</strong></span> <span class='ocrx_word' id='word_1_418' title='bbox 1260 2897 1451 2936; x_wconf 83' lang='lat' dir='ltr'><strong>indicanda</strong></span> 
     </span>
    </p>
   </div>
  </div>
 </body>
</html>
