1759 3324
567 241 1084 281 EUTERPE.11.

151 354 289 399 Ξῶστε
318 354 390 398 καὶ
428 350 504 402 τὰς
542 351 794 406 πυραμίδας
833 349 1086 407 δηλέεσθαι·

1365 245 1451 285 503

1144 351 1220 394 καὶ
1258 350 1441 408 ψάμμον
1452 361 1497 395 85

178 437 349 490 μοῦνον
391 428 618 484 Αἰγύπτου
672 429 778 484 ὅρος
817 434 948 474 τοῦτο
990 429 1037 474 τό
1087 428 1196 485 ὑπὲρ
1238 432 1447 487 Μέμφιος

176 512 274 568 ἔχον
285 525 294 534 ·

350 507 461 563 πρὸς
491 508 562 560 δὲ,
593 513 648 566 τῇ
675 508 797 566 χώρῃ
830 508 929 553 οὔτε
959 513 1012 566 τῇ
1040 506 1217 566 Ἀραβίῃ
1247 510 1444 565 προσού-

176 607 240 649 ρῳ
268 587 401 645 ἐούσῃ
431 589 510 643 τὴν
537 589 766 643 Αἴγυπτον
796 589 1108 645 προσεικέλην,
1151 586 1251 632 οὕτε
1279 594 1333 645 τῇ
1363 594 1444 633 Λι-

173 667 282 725 βύῃ,
313 664 368 711 οὗ
397 668 484 723 μην
515 666 617 711 οὐδὲ
647 672 700 725 τῇ
733 670 898 724 Συρίῃ,
933 672 1027 724 (τῆς
1054 667 1136 724 γὰρ
1165 666 1364 725 Ἀραβίης
1387 669 1442 712 τοὶ

171 746 290 802 παροὶ
328 745 561 790 θάλασσαν
607 748 768 802 Σύριοι
815 747 1074 803 νέμονται,)
1131 746 1239 791 ἀλλὰ
1284 748 1442 804 μελάγ-

169 825 300 884 γαιόν
330 842 375 870 τε
404 826 477 870 καὶ
508 827 936 883 κατερρηγνυμένην,
985 826 1094 869 ὥστε
1135 826 1300 870 έοῦσαν
1342 827 1498 871 ι’λύν9ο

168 922 214 950 τε
241 906 314 950 καὶ
343 903 559 961 πρόχυσιν
597 906 640 959 ἐξ
670 907 904 962 Αἰθιοπίης
934 907 1319 963 κατενηνειγμένην
1347 906 1435 951 ὑπό

141 989 252 1030 3τοῦ
278 990 495 1041 ποταμοῦ.

168 1081 213 1109 τε
242 1068 348 1122 γῆν,
387 1067 459 1109 καὶ
500 1063 894 1121 ὑποψαμμοτέρην·

112 1262 278 1313 copiam,
325 1263 504 1300 testantur
547 1260 765 1298 recentiores

111 1318 416 1369 peregrinatores.
495 1315 605 1353 Plura
655 1316 767 1354 Hart-

111 1388 232 1412 mann.
255 1373 534 1412 Erdbeschreib.
555 1386 586 1409 v.
604 1372 765 1424 Aegypt.

109 1443 196 1482 pag.
217 1430 296 1472 153
318 1444 395 1480 seq.
416 1429 495 1467 coll.
520 1432 613 1471 166.

165 1485 234 1526 καὶ
245 1484 416 1539 ψάμμον
427 1488 581 1538 μοῦνον
593 1507 649 1513 -—
660 1485 764 1537 ἔχον]

111 1546 264 1594 μοῦνον
310 1545 406 1582 refer
441 1543 490 1580 ad
527 1539 645 1594 ὅρος,
684 1557 764 1580 cum

110 1600 201 1639 haec
220 1600 266 1638 sit
286 1599 466 1638 Herodoti
486 1600 677 1647 sententia,
704 1613 765 1636 so-

109 1656 184 1694 lum
222 1660 384 1694 montem
428 1656 540 1693 arena
582 1656 763 1693 obtectum

110 1713 273 1751 inveniri.
331 1713 452 1763 Supra
483 1712 537 1759 ll,
565 1714 610 1752 8:
649 1708 691 1750 τὸ
720 1709 763 1750 δὲ

110 1766 209 1821 πρὸς
246 1765 406 1820 Λιβύης
447 1769 518 1818 τῆς
553 1763 761 1820 Αἰγύπτου

110 1823 202 1877 ὅρος
235 1823 329 1865 ἄλλο
358 1823 543 1876 πέτρινον
570 1825 688 1864 τείνει
706 1846 762 1852 -—

109 1877 267 1936 ψάμμῳ
285 1880 578 1933 κατειλυμένον.
596 1902 650 1910 --
665 1878 764 1933 πρὸς

110 1936 153 1978 δὲ
180 1944 235 1977 est
260 1943 461 1988 praeterea,
482 1940 643 1988 insuper,
674 1943 713 1974 ut
734 1938 762 1985 Ι,

110 1996 202 2037 156.
240 1996 300 2032 Ad
327 1995 466 2045 reliqua
495 2007 539 2032 ex
569 1995 760 2033 antecedd.

107 2051 226 2103 suppl.
259 2047 371 2091 ἰδών.
429 2050 488 2088 De
521 2051 602 2101 ipsa
638 2050 762 2100 Aegy-

106 2110 247 2160 ptiacae
265 2113 385 2147 terrae
415 2107 537 2145 indole
560 2121 602 2145 ae
632 2112 763 2144 natura

107 2165 285 2216 copiosius
322 2166 485 2215 disputat
512 2164 761 2201 Hartmannus

106 2221 130 2259 l.
156 2221 179 2259 l.
208 2234 294 2272 pag.
326 2222 418 2263 148.
476 2219 545 2258 Est
577 2221 675 2258 enim
705 2220 762 2258 vel

107 2278 224 2316 tenuis
245 2283 344 2316 terra
370 2277 500 2316 coloris
530 2277 669 2315 subalbi
699 2290 761 2315 ea-

107 2334 263 2384 demque
280 2347 456 2380 arenosa‚
486 2347 582 2383 quae
600 2334 761 2384 Aegypti

107 2388 321 2440 Libyaeque
341 2391 421 2428 loca
441 2391 586 2428 deserta
608 2391 761 2439 obtegit,

108 2445 166 2483 vel
188 2447 331 2496 pinguis
361 2453 398 2486 et
417 2448 565 2484 humida
586 2448 679 2495 nigri
700 2461 761 2484 co-

109 2500 218 2549 loris,
246 2516 340 2552 quae
359 2505 405 2541 ab
428 2508 579 2553 utraque
601 2503 676 2541 Nili
710 2504 758 2539 ri-

110 2569 160 2606 pa
178 2560 401 2609 superficiem
420 2560 560 2610 obtegit
579 2560 760 2599 fertilissi-

110 2625 276 2663 mamque
294 2617 426 2654 reddit.

165 2683 235 2718 της
261 2687 334 2723 γαρ
355 2669 542 2739 Ἀραβίης
574 2670 621 2711 tc}
651 2688 760 2722 παρα

111 2720 316 2766 θάλασσαν
356 2727 500 2780 Σύριοι
543 2728 756 2781 νέμονται]

113 2780 363 2831 Intelliguntur
394 2799 439 2823 ea
474 2786 577 2833 loca,
613 2800 707 2835 quae
738 2799 760 2823 a

111 2836 241 2885 lenyso
269 2841 356 2878 urbe
386 2856 500 2891 usque
527 2844 574 2878 ad
591 2843 760 2893 paludem

111 2892 349 2934 Serbonidem
397 2899 610 2949 pertinent,
668 2900 762 2936 iuter

561 985 641 1042 τὴν
679 985 724 1029 δὲ
765 985 937 1041 Λιβύην
976 988 1100 1041 ἴδμεν
1139 986 1437 1042 ἐρυθροτέρην
1498 994 1576 1034 109

951 1065 1031 1120 τήν
1070 1065 1116 1108 δὲ
1153 1064 1356 1122 Ἀραβίην
1394 1082 1439 1110 τε

835 1260 952 1310 ipsam
973 1258 1216 1297 Palaestinam
1234 1264 1345 1309 atque
1365 1258 1491 1308 Aegy-

834 1321 937 1367 ptum
963 1317 1043 1353 sita.
1083 1316 1192 1354 Conf.
1215 1317 1288 1365 lll,
1309 1316 1334 1357 5
1361 1321 1397 1354 et
1417 1316 1494 1352 Bil-

835 1373 992 1411 lerbeck.
1039 1372 1244 1410 comment.
1298 1373 1346 1410 de
1383 1372 1493 1410 Asiae

833 1429 974 1466 Herod.
998 1428 1145 1465 difficill.
1164 1442 1250 1480 pag.
1271 1430 1309 1470 9.
1335 1431 1397 1470 10.
1426 1430 1490 1469 13.

890 1481 988 1524 οἷλλοέ
1015 1481 1255 1537 μελάγγαιόν
1273 1500 1314 1524 τε
1335 1484 1402 1524 καὶ
1423 1499 1490 1523 κα-

831 1540 1154 1593 τερῤηγνυμένην
1178 1540 1193 1593 ]
1275 1541 1490 1579 Adscribam

831 1598 1014 1635 Plutarchi
1047 1598 1165 1636 locum
1214 1598 1400 1636 classicum
1441 1598 1489 1635 de

830 1655 915 1692 Isid.
945 1659 1056 1704 atque
1081 1655 1218 1692 Osirid.
1247 1669 1284 1705 p.
1307 1657 1411 1701 364,
1435 1654 1489 1691 C:

831 1726 905 1762 την
919 1710 1135 1776 Αἴγυπτον
1155 1709 1198 1749 ἐν
1221 1714 1304 1758 τοῖς
1320 1707 1488 1762 μάλιστα

831 1762 1061 1820 μελαγγειον
1083 1767 1170 1816 (sic)
1193 1768 1342 1814 οὐσαν,
1356 1763 1489 1817 ὥσπερ

830 1839 874 1864 το
905 1823 1027 1875 με’λαν
1055 1826 1128 1863 τοῦ
1157 1818 1379 1894 ὀφθαλμοῦ
1411 1837 1490 1873 χη-

831 1880 951 1932 μίαν
999 1882 1191 1919 καλοῦσιν
1242 1879 1311 1919 καὶ
1344 1879 1490 1933 καρδία

830 1933 1124 1988 παρεικάζουσι.
1183 1936 1296 1974 Addit
1316 1937 1488 1985 Wytten-

829 1994 975 2032 bachius
994 1995 1032 2030 in
1049 1993 1318 2031 Animadverss.
1341 2007 1379 2043 p.
1405 1995 1487 2033 217

830 2051 938 2088 alium
972 2050 1156 2087 Plutarchi
1180 2049 1298 2087 locum
1329 2049 1366 2085 in
1396 2048 1486 2086 Ale-

829 2108 957 2145 xandr.
989 2108 1050 2144 vit.
1076 2120 1113 2157 p.
1132 2108 1237 2154 679,
1257 2106 1301 2143 F.
1361 2104 1486 2153 Atque

832 2164 994 2215 Χημίαν
1024 2177 1052 2200 S.
1076 2163 1179 2201 Clzem
1205 2163 1256 2199 nil
1287 2162 1385 2199 aliud
1405 2174 1488 2198 esse

829 2221 899 2258 nisi
925 2224 1088 2270 nigrum,
1122 2220 1235 2269 idque
1264 2219 1383 2269 ipsum
1413 2216 1487 2255 Ae-

829 2278 933 2327 gypti
950 2290 1084 2315 nomen
1105 2277 1218 2314 fuisse
1243 2275 1343 2326 apud
1363 2275 1487 2322 Aegy-

828 2335 947 2385 ptios,
977 2334 1039 2383 qui
1060 2347 1129 2371 nec
1150 2333 1294 2370 Graeca
1319 2331 1486 2382 appella—-

828 2392 928 2429 tione
962 2390 1073 2439 vulgo
1110 2390 1262 2435 usitata,
1310 2402 1379 2426 nec
1407 2387 1486 2424 He-

827 2448 1020 2485 braeorum
1046 2460 1134 2484 voce
1155 2445 1328 2482 Mizraz'm
1343 2459 1371 2481 s.
1388 2443 1486 2480 IlIc'sr

827 2517 984 2553 unquam
1005 2504 1139 2541 fuerint
1160 2502 1213 2539 nsi
1226 2532 1236 2549 ,
1255 2502 1392 2538 dudum
1405 2514 1485 2537 mo-

827 2561 905 2597 nuit
928 2560 1113 2597 lablonsk.
1135 2560 1293 2608 Opuscc.
1316 2557 1330 2594 l
1350 2571 1385 2608 p.
1399 2555 1482 2597 404

829 2631 905 2666 seq.
930 2622 965 2654 et
983 2618 1132 2667 copiosa
1148 2616 1394 2665 disputatione
1415 2626 1484 2649 nu-

829 2687 894 2724 per
915 2674 1070 2710 firmavit
1081 2671 1310 2722 Champollio
1323 2670 1483 2719 l’Egypt.

828 2744 912 2767 sous
931 2729 954 2766 l.
976 2729 1084 2766 Phar.
1115 2728 1130 2765 I
1165 2741 1252 2778 pag.
1278 2730 1353 2768 101
1379 2738 1482 2774 seqq.

831 2790 911 2827 107
927 2799 1030 2835 seqq.
1061 2785 1158 2822 Add.
1178 2784 1241 2822 Cr.
1260 2784 1298 2820 in
1321 2782 1483 2832 Syinbol.

828 2843 845 2880 l
869 2857 905 2893 p.
924 2845 1008 2884 372
1034 2846 1070 2880 et
1098 2843 1193 2878 conf.
1216 2845 1307 2878 nott.
1330 2841 1378 2877 ad
1405 2838 1485 2875 fle-

828 2900 948 2937 rodot.
970 2899 1021 2946 ll,
1046 2898 1096 2939 15
1124 2898 1184 2935 fin.
