1759 3324
324 226 409 267 738

720 225 1192 265 HERODOTI

325 334 464 392 λέγων
493 333 560 378 ὅτι
591 332 733 391 ,,Ἐγώ
764 337 800 380 εί
829 335 888 393 μὴ
916 336 1016 390 περὶ
1044 338 1216 380 πολλοῦ
1245 332 1440 392 ἡγεύμην
1469 336 1600 393 μηδέ-
1614 345 1655 377 10

328 432 419 467 ,,να
451 416 603 468 ξείνων
632 416 837 468 κτείνειν,
871 415 971 460 ὅσοι
1000 413 1072 458 ὑπ’
1100 413 1273 470 ἀνέμων
1294 415 1376 471 ἤδη
1401 414 1599 472 ἀπολαμ-

326 494 551 551 ,,φθέντες
591 490 736 551 ἦλθον
777 496 818 546 ές
852 495 998 552 χώρην
1035 494 1115 551 τὴν
1155 495 1285 551 ἐμὴν,
1345 494 1427 551 ἐγώ
1467 494 1522 538 ἄν
1557 506 1604 539 σε

330 574 474 630 »ὑπὲρ
506 577 590 618 τοῦ
606 575 820 631 ’Έλληνος
850 575 1080 630 ἐτισάμην·

1141 572 1212 626 ὃς,
1255 570 1288 617 ὦ
1322 573 1495 618 κάκιστε
1525 572 1604 618 ἀν-

329 656 505 709 ,,δρῶν,
554 655 724 706 ξεινίων
754 653 926 710 τυχών,
975 654 1104 709 ἔργον
1146 651 1447 698 ἀνοσιώτατον
1477 653 1604 710 ἐργά-

303 742 465 785 5,,σαο.
513 732 633 786 παρὰ
663 738 743 777 τοῦ
776 736 972 777 σεωυτοῦ
1009 734 1152 784 ξείνου
1191 732 1272 788 τὴν
1309 738 1501 789 γυναῖκα
1530 728 1606 790 ἧλ-
1620 740 1660 773 15

368 817 400 855 θ,
459 824 467 833 .
569 812 578 827 ³
659 811 668 825 '
822 816 838 823 *⁶
882 811 891 825 '
1064 809 1075 824 ’
1142 811 1162 825 ’¹
1369 811 1379 826 ’
1454 812 1463 825 “
1511 811 1521 826 ’
1758 830 1759 838 1

332 845 357 864 ‚‚
403 828 447 863 ες
509 828 583 855 και
612 816 728 867 μαλα
757 828 894 855 ταυτα
923 828 992 855 τοι
1022 828 1105 854 ουκ
1134 823 1312 868 ηρκεσε,
1355 816 1465 856 αλλα
1495 829 1603 855 ανα-
1648 814 1729 856 156

304 888 594 945 6,,πτερώσας
623 889 782 947 αὐτὴν,
814 892 951 947 οἴχεαι
981 890 1089 947 ἔχων
1117 890 1338 943 ἐκκλέψας.
1394 892 1467 935 καὶ
1503 889 1607 935 οὐδὲ

334 970 512 1022 ,,ταῦτοί
543 986 612 1014 τοι
642 974 785 1026 μοῦνα
815 969 999 1027 ἤρκεσε,
1052 967 1159 1013 ἀλλὰ
1200 970 1272 1015 καὶ
1301 969 1354 1014 τοὶ
1385 972 1502 1014 οἰκία
1529 973 1608 1015 τοῦ

305 1059 360 1102 7,,
374 1051 518 1103 ξείνου
549 1051 754 1104 κεραΐσας
782 1049 909 1107 ἥκεις.
955 1054 1041 1094 νῦν
1071 1045 1159 1101 οἷν,
1190 1049 1338 1107 ἐπειδή
1371 1052 1468 1105 περὶ
1498 1055 1606 1095 πολ-

333 1133 451 1183 ,,λοῦ
479 1129 643 1186 ἥγημαι
672 1129 730 1186 μή
763 1129 1095 1182 ξεινοκτονέειν,
1125 1135 1317 1185 γυναῖκα
1346 1131 1424 1186 μὲν
1441 1129 1603 1188 ταύτην
1617 1137 1662 1174 20

333 1243 358 1263 ,,
371 1210 445 1254 καὶ
473 1207 525 1252 τὰ
555 1208 751 1265 χρήματα
782 1208 838 1253 οὔ
874 1227 945 1254 τοι
972 1208 1152 1266 προήσω
1184 1206 1453 1265 ἀπάγεσθαι,
1498 1208 1608 1253 ἀλλὰ

335 1287 482 1342 »αὐτοὶ
513 1287 596 1344 ἐγώ
626 1293 687 1348 τῷ
705 1289 884 1347 Ἕλληνι
913 1290 1038 1346 ξείνῳ
1071 1286 1271 1345 φυλάξω,
1312 1289 1355 1341 ές
1384 1288 1411 1334 ὃ
1439 1288 1495 1333 ἂν
1526 1288 1608 1334 αὐ-

335 1368 442 1420 ,,τὸς
471 1368 611 1411 ἐλθών
651 1369 813 1421 ἐκεῖνος
843 1366 1147 1425 ἀπαγαγέσθαι
1177 1368 1329 1425 έθέλῃ“

1391 1366 1531 1413 αὐτόν
1560 1368 1608 1413 δὲ

337 1448 421 1500 »σὲ
451 1449 523 1492 καὶ
551 1447 655 1501 τούς
686 1448 792 1501 σούς
823 1447 1078 1505 συμπλόους
1106 1451 1242 1504 τριῶν
1273 1447 1465 1506 ἡμερέων
1497 1464 1608 1505 προ*

281 1698 357 1743 ’ὅτι
385 1703 480 1739 conf.
504 1700 684 1740 Matthiae
716 1701 782 1739 Gr.
807 1702 940 1740 Graec.

282 1773 370 1812 pag.
389 1760 508 1801 1030.

341 1839 430 1883 ὅσοι
449 1837 517 1881 ὑπ’
535 1838 696 1899 ἀνέμων
717 1839 796 1894 ἤδη
825 1837 941 1883 ἀπο-

284 1897 618 1951 λαμφθέντες
647 1901 781 1950 ήλθον
799 1898 938 1949 κ.τ.λ.]

286 1951 645 2007 ἀπολαμβάνεσθαι
683 1957 731 1994 de
765 1957 809 1994 iis
830 1985 841 2004 ‚
879 1957 941 2006 qui

284 2018 474 2052 ventorum
494 2014 530 2050 vi
557 2026 580 2050 a
603 2014 794 2063 proposito
814 2014 943 2051 itinere

284 2070 524 2121 prohibentur
543 2074 653 2118 atque
666 2070 944 2120 intercipiuntur

285 2126 402 2163 aliove
421 2127 643 2163 deseruntur.
703 2126 814 2170 Quod
835 2140 944 2176 prae·

285 2186 340 2220 ter
360 2181 578 2230 Wesseling.
611 2182 660 2218 ad
687 2181 722 2219 h.
743 2182 767 2219 l.
791 2196 943 2220 monue-

285 2242 370 2275 runt
399 2239 507 2275 etiam
532 2238 751 2288 interpretes
771 2239 819 2275 ad
847 2238 941 2276 Plat.

285 2294 474 2332 Phaedon.
495 2294 572 2330 init.
596 2307 633 2344 p.
659 2294 735 2341 58,
752 2294 795 2330 B.
817 2293 942 2332 —Ad

285 2352 396 2389 verba
424 2346 496 2397 ὃς,
529 2343 562 2388 ὦ
589 2344 750 2388 κάκιστε
777 2365 811 2389 κ.
839 2365 872 2389 τ.
907 2353 941 2389 λ.

287 2408 384 2446 conf.
406 2406 539 2444 Matth.
558 2419 646 2457 pag.
664 2406 758 2448 598.

343 2487 452 2543 παροὲ
482 2512 531 2518 ——
562 2486 638 2541 τήν
666 2493 838 2542 γυναῖκα
866 2484 942 2542 ἧλ-

287 2546 403 2598 θες]
429 2546 672 2600 ἔρχεσθαι
702 2544 837 2598 παροέ
858 2545 942 2598 τήν

287 2620 310 2658 γ
322 2620 347 2643 υ
360 2619 382 2643 ν
394 2620 418 2643 α
432 2608 511 2643 ῖκα
551 2605 682 2642 eodem
721 2617 830 2642 sensu
869 2617 941 2653 quo

289 2663 438 2715 φοιτᾷν
464 2660 631 2710 usurpari
662 2661 864 2698 monuimus
893 2662 942 2698 ad

288 2718 341 2765 ΙΙ,
363 2721 456 2758 111.
513 2716 561 2754 Et
579 2717 674 2754 conf.
705 2718 816 2755 etiam
847 2730 942 2766 quae

290 2774 338 2812 ad
365 2774 420 2821 ΙΙ,
450 2772 504 2815 64
533 2773 699 2811 diximus.
756 2773 864 2810 Plura
893 2775 942 2810 ad

288 2831 325 2868 h.
343 2829 367 2868 l.
396 2830 523 2868 laudat
540 2829 766 2867 Gronovius:
797 2829 844 2878 V,
874 2832 941 2870 70.

290 2886 360 2936 111,
377 2889 445 2929 69.
475 2885 548 2935 VI,
567 2887 621 2928 68
639 2889 706 2924 etc.

1066 1695 1348 1753 ἀναπτερώσας
1377 1697 1527 1754 αὐτήν]
1576 1701 1667 1740 Alas

1009 1760 1041 1795 ei
1058 1759 1190 1795 addens
1220 1759 1242 1795 i.
1265 1772 1296 1796 e.
1324 1761 1478 1796 incitans
1503 1772 1589 1797 eam.
1611 1780 1667 1787 -—

1007 1815 1049 1852 In
1070 1816 1191 1853 verbis
1215 1814 1339 1866 οἴχεαι
1361 1814 1458 1867 ἔχων
1471 1814 1668 1865 ἐκκλέψας

1008 1872 1083 1909 noli
1117 1872 1269 1910 haerere
1306 1873 1352 1909 ob
1396 1873 1667 1923 participiorum

1008 1941 1122 1965 usum.
1180 1929 1248 1965 Est
1287 1929 1383 1966 enim
1417 1943 1565 1967 sensus:
1615 1929 1669 1966 Tu

1012 1998 1088 2022 eam
1109 1989 1250 2034 raptam
1266 1986 1462 2023 abduxisti.
1502 1986 1579 2023 Ubi
1603 1985 1668 2023 Cr.

1009 2046 1162 2092 propter
1200 2055 1302 2079 usum
1351 2042 1531 2094 participii
1570 2041 1670 2094 ἔχων

1011 2099 1168 2135 conferri
1195 2098 1272 2135 vult
1299 2100 1484 2138 Schaefer.
1516 2099 1566 2136 ad
1598 2100 1670 2137 So-

1010 2154 1130 2205 phocl.
1153 2155 1289 2205 Oedip.
1311 2155 1406 2205 Reg.
1433 2156 1528 2196 741.

1064 2269 1223 2317 τριῶν
1250 2264 1499 2317 ἦμερέων]
1530 2267 1574 2304 Id
1593 2271 1668 2305 est:

1009 2325 1106 2360 intra
1122 2325 1226 2359 trium
1247 2323 1380 2360 dierum
1395 2326 1560 2373 spatium.
1585 2324 1668 2361 Vid.

1009 2378 1145 2416 Matth.
1180 2379 1245 2417 Gr.
1280 2380 1346 2416 Gr.
1381 2393 1466 2430 pag.
1490 2383 1584 2422 692.
1612 2402 1670 2408 —

1010 2436 1052 2472 In
1100 2449 1204 2485 seqq.
1257 2437 1670 2487 μετορμίζεσθαι

1011 2496 1066 2529 est
1089 2492 1160 2529 alio
1181 2505 1253 2542 quo
1274 2494 1447 2542 navigare
1476 2507 1505 2531 s.
1528 2506 1668 2531 cursum

1010 2552 1141 2595 tenere,
1181 2554 1322 2587 mutata
1349 2551 1516 2588 statione.
1576 2551 1669 2595 Qui-

1011 2605 1095 2642 dam
1113 2605 1194 2642 libri
1215 2607 1520 2658 μετεωρίζεσθαι
1538 2606 1561 2644 ἱ.
1581 2619 1612 2645 e.
1629 2608 1668 2644 in

1008 2661 1082 2697 alto
1102 2665 1239 2701 versari
1264 2666 1357 2701 mari
1363 2677 1376 2708 ;
1416 2664 1518 2713 quod
1544 2676 1567 2701 a
1598 2675 1667 2701 no-

1010 2723 1084 2754 stro
1103 2717 1183 2755 loco
1202 2720 1359 2758 alienum
1372 2720 1444 2758 iam
1457 2719 1548 2757 vidit
1559 2719 1670 2758 Wes-

1010 2774 1196 2824 selingius.
1225 2798 1282 2805 —-
1309 2776 1370 2814 Ad
1396 2774 1668 2828 περιέψεσθαι

1009 2832 1103 2868 conf.
1122 2831 1220 2879 VIII,
1245 2833 1324 2874 149
1347 2836 1384 2871 et
1402 2845 1514 2884 supra
1532 2832 1579 2881 ΙΙ,
1599 2832 1666 2875 64.

1010 2890 1076 2929 69.
1105 2888 1142 2936 1,
1163 2891 1229 2931 73.
1254 2889 1347 2932 114.
1376 2888 1467 2931 115.
