1805 3315
359 231 416 271 60
764 225 1234 265 HERODOTI

359 338 552 383 ἐσελθεῖν
585 337 668 392 γὰρ
707 335 897 392 ἡδονήν,
946 337 984 379 εἰ
1024 335 1220 391 μέλλοιεν
1260 333 1530 381 ἀκούσεσθαι
1566 338 1649 380 τοῦ

361 417 545 473 ἀρίστου
593 412 844 470 ἀνθρώπων
903 413 1086 467 αόιδοῦ,
1145 413 1423 471 ἀναχωρῆσαι
1478 414 1524 458 ἐκ
1573 418 1649 470 τῆς

339 495 563 553 επρύμνης
601 494 644 545 ἐς
683 494 818 550 μέσην
855 492 947 536 νέα.
987 493 1065 537 τὸν
1103 493 1171 546 δὲ,
1198 493 1384 538 ἐνδύντα
1421 509 1465 538 τε
1503 496 1649 537 πᾶσαν

362 575 442 632 τὴν
473 574 660 630 σκευὴν,
699 573 772 616 καὶ
811 571 1005 628 λαβόντα
1041 571 1123 629 τήν
1161 572 1374 630 κιθάρην,
1414 572 1574 616 στάντα
1603 572 1650 616 ἐν

361 659 476 699 τοῖσι
505 653 741 705 ἑδωλίοισι,
772 652 1003 704 διεξελθεῖν
1033 650 1171 707 νόμον
1198 652 1276 697 τὸν
1302 652 1480 708 ὄρθιον·
1509 656 1647 695 τελευ-

360 737 526 784 τῶντος
556 733 602 776 δὲ
629 735 710 776 τοῦ
745 730 910 785 νόμον,
951 732 1075 788 ῥίψαι
1111 749 1186 788 μιν
1221 732 1264 782 ἐς
1302 731 1382 787 τὴν
1419 728 1694 776 θάλασσανόο

339 812 552 866 9ἓωυτόν,
584 810 642 864 ὥς
671 808 775 867 εἶχε,
813 809 895 853 σύν
923 815 977 867 τῇ
1007 814 1140 868 σκευῇ
1171 809 1299 867 πάσῃ.
1336 809 1408 852 καὶ
1437 809 1541 860 τούς
1569 809 1647 866 μὲν

364 892 598 937 ἀποπλέειν
637 891 681 942 ἐς
719 888 971 945 Κόρινθον·
1017 888 1096 933 τόν
1134 889 1204 943 δὲ,
1253 891 1434 945 δελφῖνα
1470 888 1647 946 λέγουσι

379 1071 425 1111 εἰ
468 1069 644 1122 μέλλοιεν
696 1064 970 1116 άκούσεσθαι]

320 1131 457 1168 Refero
477 1129 568 1175 huc,
598 1140 692 1177 quae
713 1126 890 1166 Matthiae
905 1141 972 1165 no-

319 1191 376 1223 tat
404 1186 452 1223 de
481 1184 658 1235 particula
696 1183 731 1223 εἰ
758 1188 846 1234 post
883 1185 973 1221 affe-

320 1248 445 1280 ctuum
486 1241 598 1278 verba
638 1241 689 1276 ita
728 1240 868 1290 posita⁷
912 1241 973 1277 ubi

321 1297 534 1350 particulam
559 1292 619 1335 ὅτι
638 1309 718 1334 cum
739 1296 849 1333 verbo
873 1297 972 1333 finito

323 1359 388 1392 aut
406 1353 570 1390 infinitin‘
591 1357 804 1390 structuram
823 1366 902 1390 cum
914 1366 973 1390 ac-

323 1411 484 1449 cusativo
506 1410 742 1459 exspectabas
755 1438 766 1456 ‚
796 1422 877 1446 cum
893 1410 973 1460 ipsa

322 1481 382 1505 res
407 1467 606 1512 indicetur,
634 1479 702 1502 nec
723 1466 880 1502 conditio
908 1466 974 1502 ad-

321 1524 471 1561 iiciatur.
528 1522 612 1558 vid.
637 1520 674 1572 ἓ.
695 1524 775 1563 617
792 1536 829 1572 p.
853 1521 972 1563 1251.

324 1580 390 1619 Cr,
405 1581 451 1616 ad
473 1579 563 1616 haec
580 1579 735 1615 conferri
750 1580 849 1615 iubet
858 1579 974 1616 Hein-

323 1637 419 1673 dorf.
441 1636 490 1672 ad
510 1634 602 1671 Plat.
618 1634 825 1671 Parmenid.
844 1649 879 1684 p.
891 1637 970 1676 291

323 1693 452 1730 similia
472 1691 651 1740 quaedam
657 1692 925 1754 proferentem.

381 1749 599 1795 διεξελθεῖν
619 1741 745 1798 νόμον
772 1743 839 1785 τὸν
862 1745 973 1799 ὀρθι-

324 1803 397 1855 ον]
432 1800 571 1854 Νόμος
601 1816 664 1840 cur
693 1805 740 1840 de
767 1803 909 1851 ι)’[1ιιι]ο
941 1817 972 1842 s.

323 1861 513 1900 harmonia
550 1859 687 1897 musica
710 1860 870 1908 dicatur,
911 1861 976 1898 de-

321 1919 435 1956 clarat
482 1916 695 1953 Plutarchus
742 1917 789 1954 de
833 1890 976 1953 Musica

324 1989 364 2026 p-
381 1976 502 2021 1133,
513 1973 556 2009 B.
572 1973 617 2009 C.
638 1972 766 2021 (Τοιιι.
779 1973 880 2023 lup.
894 1975 974 2015 633

328 2031 465 2080 ἶᾞ)ῒῒ.;
496 2044 543 2069 ου
563 2044 637 2082 γαρ
658 2028 751 2079 εξῆν
771 2026 813 2068 τὸ
837 2032 975 2068 παλαι-

326 2084 371 2127 ὰν
403 2083 507 2126 ου’τω
526 2088 733 2124 ποιεῖσθαι
765 2101 835 2132 τας
861 2090 977 2125 κιθα-

325 2143 482 2209 ρῳδίας
504 2157 556 2188 ως
585 2144 662 2180 νῦν
687 2138 783 2181 οὐδὲ
813 2141 976 2193 μεταφέ-

325 2215 411 2251 ρειν
439 2196 508 2246 τὰς
545 2196 738 2249 ἁρμονίας
779 2198 846 2238 καὶ
883 2196 977 2246 τοὺς

327 2252 532 2307 ῥυθμούς·
563 2255 604 2294 ἐν
627 2270 702 2307 γαρ
729 2259 811 2302 τοῖς
844 2251 977 2307 νὸιιοις

325 2308 477 2378 ἑκάστῳ
508 2307 715 2363 διετηρουν
726 2327 799 2362 την
825 2312 976 2352 οἰκείαν

327 2364 468 2408 τάσιν·
500 2365 561 2408 διο
579 2367 645 2406 καὶ
660 2364 808 2419 ταύτην
825 2368 976 2408 ἐπωνυ-

328 2425 425 2475 μίαν
444 2421 569 2475 εἶχον
601 2420 751 2474 νόμοι
773 2422 845 2477 γάρ
858 2437 976 2492 προσ-

328 2477 575 2532 ηχορευθησ
564 2497 634 2529 ιν
665 2479 801 2546 ἐπειδὴ
826 2477 898 2520 ου’ν.
920 2481 975 2528 ἐξ·

326 2539 380 2588 ’ῆν
418 2510 649 2588 παραβῆνάι
679 2531 772 2575 καθ’
813 2537 976 2576 ἕκαστον

330 2591 614 2643 νενομισμένον
639 2589 743 2638 εἶδος
768 2595 838 2642 τῆς
867 2590 975 2631 τάσε-

332 2665 397 2696 ως.
425 2649 545 2698 Atque
563 2646 703 2700 ὄρθιος
721 2662 800 2685 cum
821 2650 867 2686 de
888 2662 975 2686 voce

328 2706 422 2753 alta,
453 2706 567 2752 elata,
600 2706 800 2753 eademque
821 2705 975 2742 clarissi-

330 2775 391 2800 ma
433 2763 571 2800 dicatur
619 2761 827 2808 (nostrum
872 2762 974 2798 leoch-

328 2821 500 2867 stzffimig,
529 2818 594 2855 mit
614 2821 848 2866 gestrengter‚
869 2818 974 2854 heller

331 2875 499 2920 δΐιηιηιες
536 2876 608 2914 vid.
638 2876 832 2915 Ruhnken.
857 2879 893 2913 et
922 2875 970 2913 H.

1039 1070 1151 1109 Voss.
1175 1069 1223 1107 ad
1238 1069 1389 1108 Homeri
1407 1070 1543 1119 Hymn.
1566 1071 1603 1107 in
1621 1070 1693 1108 Ce-

1039 1141 1108 1167 rer.
1124 1126 1213 1176 20),
1234 1127 1322 1163 satis
1345 1128 1431 1164 inde
1440 1127 1604 1164 concludi
1624 1139 1692 1176 po-

1039 1185 1144 1232 terit,
1192 1183 1307 1232 qualis
1355 1183 1543 1220 harmonia
1585 1182 1694 1220 fuerit

1040 1235 1164 1291 νόμος
1192 1236 1351 1290 ὄρθιος,
1407 1240 1506 1277 cuius
1535 1243 1694 1289 -praeter

1039 1297 1271 1334 Herodotum
1291 1296 1349 1332 alii
1369 1308 1516 1344 quoque
1527 1299 1692 1333 auctores

1039 1354 1262 1391 mentionem
1279 1352 1425 1390 faciunt.
1456 1352 1564 1390 Conf.
1586 1364 1693 1401 prae-

1040 1415 1097 1447 ter
1123 1409 1295 1448 Larcher.
1331 1412 1423 1444 nott.
1455 1409 1503 1444 ad
1534 1408 1569 1444 h.
1593 1407 1616 1446 1.
1656 1412 1693 1445 et

1040 1465 1245 1505 Blomfield.
1295 1466 1344 1502 ad
1379 1463 1547 1513 Aeschyl.
1586 1463 1691 1502 Pers.

1043 1523 1206 1560 Glossar.
1226 1535 1278 1559 vs,
1301 1520 1399 1564 395.

1099 1576 1153 1624 ὥς
1181 1573 1281 1627 εἶχε]
1321 1580 1343 1616 i.
1374 1590 1406 1615 e.
1446 1581 1486 1614 ut
1518 1581 1614 1624 erat,
1651 1580 1691 1613 ut

1043 1648 1113 1672 sese
1144 1634 1302 1671 habebat.
1360 1633 1443 1670 Vid.
1464 1633 1595 1670 Matth.
1622 1633 1691 1671 Gr.

1043 1693 1110 1729 Gr.
1131 1689 1261 1741 §.337
1280 1703 1367 1740 pag.
1393 1691 1474 1731 643
1499 1703 1580 1739 seq.

1097 1744 1163 1787 τὸν
1185 1745 1241 1794 δὲ,
1263 1747 1431 1796 δελφῖνα
1458 1744 1613 1798 λέγουσι
1644 1743 1688 1784 15-

1041 1807 1134 1844 πολ
1149 1799 1331 1855 αβόντα
1350 1817 1385 1841 κ.
1403 1817 1433 1841 τ.
1457 1805 1513 1849 λ.]
1544 1800 1690 1841 ὑπολα-

1042 1863 1128 1913 βεῖν
1148 1874 1177 1896 s.
1204 1855 1418 1910 ἀπολαβεῖν
1440 1860 1532 1897 bene
1553 1859 1623 1896 dici
1643 1859 1691 1896 de

1042 1917 1212 1967 delphino
1258 1916 1430 1954 Arionem
1465 1916 1502 1952 in
1542 1916 1691 1952 dorsum

1041 1975 1260 2024 suscipiente
1281 1985 1323 2011 ac
1345 1976 1572 2010 sustentante
1589 1975 1693 2008 notat

1041 2030 1295 2069 Hemsterhus.
1354 2030 1402 2067 ad
1457 2028 1608 2068 Lucian.
1657 2027 1692 2064 Π

1041 2102 1081 2140 p.
1095 2091 1174 2130 371
1198 2087 1255 2124 ed.
1274 2087 1357 2136 Bip.
1377 2085 1444 2122 Cr.
1458 2086 1581 2122 addit:
1602 2084 1690 2122 Rei-

1043 2157 1132 2183 mar.
1154 2144 1200 2180 ad
1229 2143 1340 2182 Dion.
1369 2143 1476 2179 Cass.
1504 2154 1592 2192 pag.
1607 2142 1690 2182 999

1044 2201 1122 2240 coll.
1134 2200 1276 2237 Platon.
1287 2200 1344 2237 Re
1355 2198 1454 2249 publ.
1464 2198 1511 2246 V,
1521 2200 1548 2238 '4
1558 2212 1596 2248 p.
1609 2199 1691 2239 453

1045 2259 1112 2308 (p.
1144 2259 1226 2298 223
1260 2255 1409 2303 Bekk.)
1449 2255 1572 2304 ibique
1610 2253 1691 2290 Ast.

1044 2327 1130 2366 pag.
1143 2315 1236 2355 510.
1249 2334 1304 2340 ———
1319 2311 1517 2349 Taenarum
1528 2310 1615 2347 satis
1625 2323 1692 2346 no-

1043 2376 1121 2408 tum
1153 2376 1210 2408 est
1240 2369 1424 2406 Laconiae
1450 2367 1695 2418 promontori-

1043 2441 1104 2464 um
1116 2456 1126 2473 ,
1148 2426 1313 2476 Neptuni
1322 2424 1456 2474 templo
1467 2424 1691 2472 insignitum,

1044 2484 1090 2520 de
1114 2496 1186 2531 quo
1207 2484 1327 2521 Strab.
1346 2481 1434 2518 vlu
1461 2495 1497 2531 p.
1520 2481 1626 2526 558,
1644 2478 1689 2515 A.

1044 2553 1074 2575 s.
1107 2552 1143 2587 p.
1173 2541 1265 2579 363.
1327 2537 1579 2585 Quadraginta
1605 2536 1691 2572 inde

1043 2595 1169 2630 stadiis
1202 2595 1313 2631 distat
1341 2593 1503 2629 eiusdem
1535 2592 1691 2628 nominis

1042 2651 1151 2696 urbs,
1192 2650 1237 2686 ab
1270 2650 1464 2686 Herodoto
1491 2652 1692 2685 memorata

1043 2705 1133 2752 Vll,
1162 2708 1254 2747 168.
1312 2704 1421 2742 Nunc
1442 2705 1691 2754 promontorio

1041 2774 1176 2799 nomen
1195 2763 1276 2812 Cap
1299 2760 1481 2812 ‚Matapan
1500 2776 1528 2801 s.
1550 2760 1691 2798 Maina.

1042 2819 1151 2858 Conf.
1185 2817 1220 2854 T
1223 2818 1392 2856 zschuek.
1428 2819 1475 2856 ad
1509 2818 1690 2870 Pompon-

1040 2874 1128 2914 Mel.
1145 2875 1199 2922 11,
1217 2876 1244 2916 3
1263 2873 1299 2926 ς.
1317 2877 1357 2916 8.
