<?xml version="1.0" encoding="UTF-8"?>
<!DOCTYPE html PUBLIC "-//W3C//DTD XHTML 1.0 Transitional//EN"
    "http://www.w3.org/TR/xhtml1/DTD/xhtml1-transitional.dtd">
<html xmlns="http://www.w3.org/1999/xhtml" xml:lang="en" lang="en">
 <head>
  <title>
</title>
<meta http-equiv="Content-Type" content="text/html;charset=utf-8" />
  <meta name='ocr-system' content='tesseract 3.04.00' />
  <meta name='ocr-capabilities' content='ocr_page ocr_carea ocr_par ocr_line ocrx_word'/>
</head>
<body>
  <div class='ocr_page' id='page_1' title='image "./musaeher01hero/musaeher01hero_0822.png"; bbox 0 0 1759 3324; ppageno 0'>
   <div class='ocr_carea' id='block_1_1' title="bbox 338 246 422 287">
    <p class='ocr_par' dir='ltr' id='par_1_1' title="bbox 338 246 422 287">
     <span class='ocr_line' id='line_1_1' title="bbox 338 246 422 287; baseline 0 0"><span class='ocrx_word' id='word_1_1' title='bbox 338 246 422 287; x_wconf 85' lang='lat'>800</span> 
     </span>
    </p>
   </div>
   <div class='ocr_carea' id='block_1_2' title="bbox 731 241 1202 282">
    <p class='ocr_par' dir='ltr' id='par_1_2' title="bbox 731 241 1202 282">
     <span class='ocr_line' id='line_1_2' title="bbox 731 241 1202 282; baseline -0.008 0"><span class='ocrx_word' id='word_1_2' title='bbox 731 241 1202 282; x_wconf 86' lang='lat' dir='ltr'>HERODOTI</span> 
     </span>
    </p>
   </div>
   <div class='ocr_carea' id='block_1_3' title="bbox 339 348 1607 409">
    <p class='ocr_par' dir='ltr' id='par_1_3' title="bbox 339 348 1607 409">
     <span class='ocr_line' id='line_1_3' title="bbox 339 348 1607 409; baseline -0.006 -11"><span class='ocrx_word' id='word_1_3' title='bbox 339 353 453 398; x_wconf 78' lang='grc' dir='ltr'><em>εἶναι</em></span> <span class='ocrx_word' id='word_1_4' title='bbox 491 355 635 409; x_wconf 80' lang='grc' dir='ltr'><em>ταφῆς</em></span> <span class='ocrx_word' id='word_1_5' title='bbox 671 357 862 408; x_wconf 77' lang='grc' dir='ltr'><em>κυρῆσαι</em></span> <span class='ocrx_word' id='word_1_6' title='bbox 901 349 1004 408; x_wconf 85' lang='grc' dir='ltr'><em>μήτ’</em></span> <span class='ocrx_word' id='word_1_7' title='bbox 1049 351 1096 395; x_wconf 83' lang='grc' dir='ltr'><em>έν</em></span> <span class='ocrx_word' id='word_1_8' title='bbox 1133 351 1282 405; x_wconf 75' lang='grc' dir='ltr'><em>ἐκείνῳ</em></span> <span class='ocrx_word' id='word_1_9' title='bbox 1326 352 1387 406; x_wconf 78' lang='grc' dir='ltr'>τῷ</span> <span class='ocrx_word' id='word_1_10' title='bbox 1416 348 1607 407; x_wconf 73' lang='grc' dir='ltr'><em>πατρῴῳ</em></span> 
     </span>
    </p>
   </div>
   <div class='ocr_carea' id='block_1_4' title="bbox 310 430 1194 567">
    <p class='ocr_par' dir='ltr' id='par_1_4' title="bbox 310 430 1194 567">
     <span class='ocr_line' id='line_1_4' title="bbox 336 430 1054 493; baseline -0.004 -16"><span class='ocrx_word' id='word_1_11' title='bbox 336 433 463 493; x_wconf 81' lang='grc' dir='ltr'><strong><em>τάφῳ</em></strong></span> <span class='ocrx_word' id='word_1_12' title='bbox 502 430 602 489; x_wconf 78' lang='grc' dir='ltr'>μήτ’</span> <span class='ocrx_word' id='word_1_13' title='bbox 643 432 690 475; x_wconf 74' lang='grc' dir='ltr'><em>ἐν</em></span> <span class='ocrx_word' id='word_1_14' title='bbox 726 431 840 489; x_wconf 76' lang='grc' dir='ltr'><em>ἄλλῳ</em></span> <span class='ocrx_word' id='word_1_15' title='bbox 879 431 1054 488; x_wconf 83' lang='grc' dir='ltr'><em>μηδενὶ,</em></span> 
     </span>
     <span class='ocr_line' id='line_1_5' title="bbox 310 508 1194 567; baseline -0.003 -13"><span class='ocrx_word' id='word_1_16' title='bbox 310 516 430 556; x_wconf 80' lang='grc' dir='ltr'><em>5τῶυ</em></span> <span class='ocrx_word' id='word_1_17' title='bbox 478 512 643 555; x_wconf 81' lang='grc' dir='ltr'><em>ἑωυτοῦ</em></span> <span class='ocrx_word' id='word_1_18' title='bbox 681 509 1002 567; x_wconf 71' lang='grc' dir='ltr'><em>ἀπογενόμενον</em></span> <span class='ocrx_word' id='word_1_19' title='bbox 1039 508 1194 560; x_wconf 80' lang='grc' dir='ltr'><em>θάψαι.</em></span> 
     </span>
    </p>
   </div>
   <div class='ocr_carea' id='block_1_5' title="bbox 1114 428 1607 487">
    <p class='ocr_par' dir='ltr' id='par_1_5' title="bbox 1114 428 1607 487">
     <span class='ocr_line' id='line_1_6' title="bbox 1114 428 1607 487; baseline -0.004 -14"><span class='ocrx_word' id='word_1_20' title='bbox 1114 428 1218 487; x_wconf 81' lang='grc' dir='ltr'><em>μήτε</em></span> <span class='ocrx_word' id='word_1_21' title='bbox 1269 428 1403 472; x_wconf 74' lang='grc' dir='ltr'><em>ἄλλον</em></span> <span class='ocrx_word' id='word_1_22' title='bbox 1443 429 1607 484; x_wconf 83' lang='grc' dir='ltr'><em>μηδένα</em></span> 
     </span>
    </p>
   </div>
   <div class='ocr_carea' id='block_1_6' title="bbox 339 585 1636 647">
    <p class='ocr_par' dir='ltr' id='par_1_6' title="bbox 339 585 1636 647">
     <span class='ocr_line' id='line_1_7' title="bbox 339 585 1636 647; baseline -0.004 -13"><span class='ocrx_word' id='word_1_23' title='bbox 339 591 385 634; x_wconf 78' lang='grc' dir='ltr'>δὲ</span> <span class='ocrx_word' id='word_1_24' title='bbox 416 589 688 647; x_wconf 88' lang='grc' dir='ltr'><em>βουλόμενον</em></span> <span class='ocrx_word' id='word_1_25' title='bbox 725 594 883 633; x_wconf 79' lang='grc' dir='ltr'><em>τοῦτον</em></span> <span class='ocrx_word' id='word_1_26' title='bbox 919 588 996 632; x_wconf 85' lang='grc' dir='ltr'><em>τὸν</em></span> <span class='ocrx_word' id='word_1_27' title='bbox 1033 589 1211 645; x_wconf 83' lang='grc' dir='ltr'><em>βασιλέα</em></span> <span class='ocrx_word' id='word_1_28' title='bbox 1251 587 1354 639; x_wconf 79' lang='grc' dir='ltr'><em>τοὺς</em></span> <span class='ocrx_word' id='word_1_29' title='bbox 1391 585 1636 641; x_wconf 77' lang='grc' dir='ltr'><em>πρότερονὸ</em></span> 
     </span>
    </p>
   </div>
   <div class='ocr_carea' id='block_1_7' title="bbox 341 664 1609 724">
    <p class='ocr_par' dir='ltr' id='par_1_7' title="bbox 341 664 1609 724">
     <span class='ocr_line' id='line_1_8' title="bbox 341 664 1609 724; baseline -0.004 -11"><span class='ocrx_word' id='word_1_30' title='bbox 341 669 510 714; x_wconf 73' lang='grc' dir='ltr'><em>ἑωυτοῦ</em></span> <span class='ocrx_word' id='word_1_31' title='bbox 543 668 746 724; x_wconf 80' lang='grc' dir='ltr'><em>βασιλέας</em></span> <span class='ocrx_word' id='word_1_32' title='bbox 765 666 1026 723; x_wconf 78' lang='grc' dir='ltr'><em>γενομένους</em></span> <span class='ocrx_word' id='word_1_33' title='bbox 1044 665 1293 723; x_wconf 72' lang='grc' dir='ltr'><em>Αἰγύπτου,</em></span> <span class='ocrx_word' id='word_1_34' title='bbox 1324 664 1609 722; x_wconf 87' lang='grc' dir='ltr'><em>μνημόσυνον</em></span> 
     </span>
    </p>
   </div>
   <div class='ocr_carea' id='block_1_8' title="bbox 340 744 1607 802">
    <p class='ocr_par' dir='ltr' id='par_1_8' title="bbox 340 744 1607 802">
     <span class='ocr_line' id='line_1_9' title="bbox 340 744 1607 802; baseline -0.003 -11"><span class='ocrx_word' id='word_1_35' title='bbox 340 749 566 802; x_wconf 79' lang='grc' dir='ltr'>πυραμίδα</span> <span class='ocrx_word' id='word_1_36' title='bbox 602 747 828 799; x_wconf 78' lang='grc' dir='ltr'><em>λιπέσθαι,</em></span> <span class='ocrx_word' id='word_1_37' title='bbox 859 746 904 789; x_wconf 76' lang='grc' dir='ltr'>ἐκ</span> <span class='ocrx_word' id='word_1_38' title='bbox 933 747 1132 788; x_wconf 81' lang='grc' dir='ltr'><em>πλίνθων</em></span> <span class='ocrx_word' id='word_1_39' title='bbox 1164 744 1427 801; x_wconf 80' lang='grc' dir='ltr'><em>ποιήσαντα·</em></span> <span class='ocrx_word' id='word_1_40' title='bbox 1477 744 1525 788; x_wconf 76' lang='grc' dir='ltr'><em>ἐν</em></span> <span class='ocrx_word' id='word_1_41' title='bbox 1553 747 1607 801; x_wconf 87' lang='grc' dir='ltr'>τῇ</span> 
     </span>
    </p>
   </div>
   <div class='ocr_carea' id='block_1_9' title="bbox 312 822 1665 1273">
    <p class='ocr_par' dir='ltr' id='par_1_9' title="bbox 312 822 1665 1273">
     <span class='ocr_line' id='line_1_10' title="bbox 339 822 1606 883; baseline -0.001 -15"><span class='ocrx_word' id='word_1_42' title='bbox 339 825 566 883; x_wconf 78' lang='grc' dir='ltr'><em>γράμματα</em></span> <span class='ocrx_word' id='word_1_43' title='bbox 598 825 643 869; x_wconf 85' lang='grc' dir='ltr'><em>έν</em></span> <span class='ocrx_word' id='word_1_44' title='bbox 671 827 782 882; x_wconf 82' lang='grc' dir='ltr'><em>λίθῳ</em></span> <span class='ocrx_word' id='word_1_45' title='bbox 805 823 1150 879; x_wconf 76' lang='grc' dir='ltr'><em>ἐγκεκολαμμένα</em></span> <span class='ocrx_word' id='word_1_46' title='bbox 1173 823 1274 867; x_wconf 79' lang='grc' dir='ltr'><em>τάδε</em></span> <span class='ocrx_word' id='word_1_47' title='bbox 1294 822 1476 878; x_wconf 79' lang='grc' dir='ltr'><em>λέγοντά</em></span> <span class='ocrx_word' id='word_1_48' title='bbox 1497 825 1606 867; x_wconf 81' lang='grc' dir='ltr'><em>ἐστι·</em></span> 
     </span>
     <span class='ocr_line' id='line_1_11' title="bbox 312 904 1665 948; baseline -0.003 -2"><span class='ocrx_word' id='word_1_49' title='bbox 312 908 449 948; x_wconf 87' lang='grc' dir='ltr'>6ΜΗ</span> <span class='ocrx_word' id='word_1_50' title='bbox 480 908 573 947; x_wconf 88' lang='grc' dir='ltr'>ΜΕ</span> <span class='ocrx_word' id='word_1_51' title='bbox 610 905 1057 947; x_wconf 81' lang='grc' dir='ltr'><em>ΚΑΤΟΝΟΣΘΗιΣ</em></span> <span class='ocrx_word' id='word_1_52' title='bbox 1094 904 1264 944; x_wconf 86' lang='grc' dir='ltr'><em>ΠΡΟΣ</em></span> <span class='ocrx_word' id='word_1_53' title='bbox 1306 906 1426 944; x_wconf 84' lang='grc' dir='ltr'>ΤΛΣ</span> <span class='ocrx_word' id='word_1_54' title='bbox 1459 905 1665 945; x_wconf 84' lang='grc' dir='ltr'>ΛΙΘΙ-ῙΟ</span> 
     </span>
     <span class='ocr_line' id='line_1_12' title="bbox 340 983 1614 1027; baseline -0.003 0"><span class='ocrx_word' id='word_1_55' title='bbox 340 988 473 1027; x_wconf 89' lang='grc' dir='ltr'>ΝΑΣ</span> <span class='ocrx_word' id='word_1_56' title='bbox 500 986 875 1027; x_wconf 78' lang='grc' dir='ltr'><em>ΠΤΡΑΜΙΔΑΣ.</em></span> <span class='ocrx_word' id='word_1_57' title='bbox 929 983 1179 1024; x_wconf 72' lang='grc' dir='ltr'><em>ΠΡΟΕΧΩ</em></span> <span class='ocrx_word' id='word_1_58' title='bbox 1209 984 1328 1024; x_wconf 86' lang='grc' dir='ltr'>ΓΑΡ</span> <span class='ocrx_word' id='word_1_59' title='bbox 1355 983 1614 1024; x_wconf 72' lang='grc' dir='ltr'><em>ΑΤΤΕΩΝ</em></span> 
     </span>
     <span class='ocr_line' id='line_1_13' title="bbox 345 1060 1617 1115; baseline -0.004 -8"><span class='ocrx_word' id='word_1_60' title='bbox 345 1065 695 1115; x_wconf 76' lang='grc' dir='ltr'>ΤΟΣΟΥΤΟΝ,</span> <span class='ocrx_word' id='word_1_61' title='bbox 736 1061 916 1105; x_wconf 52' lang='grc' dir='ltr'>θΟΣΟΝ</span> <span class='ocrx_word' id='word_1_62' title='bbox 947 1060 996 1103; x_wconf 69' lang='lat' dir='ltr'>‘O</span> <span class='ocrx_word' id='word_1_63' title='bbox 1038 1064 1200 1103; x_wconf 80' lang='grc' dir='ltr'><em>ΖΕΥΣ</em></span> <span class='ocrx_word' id='word_1_64' title='bbox 1239 1063 1374 1103; x_wconf 72' lang='grc' dir='ltr'>ΤΩΝ</span> <span class='ocrx_word' id='word_1_65' title='bbox 1396 1062 1617 1103; x_wconf 72' lang='grc' dir='ltr'><em>ΑΛΛΩΝ</em></span> 
     </span>
     <span class='ocr_line' id='line_1_14' title="bbox 312 1139 1614 1187; baseline -0.001 -3"><span class='ocrx_word' id='word_1_66' title='bbox 312 1144 534 1186; x_wconf 71' lang='grc' dir='ltr'><em>ΊΘΕΩΝ.</em></span> <span class='ocrx_word' id='word_1_67' title='bbox 579 1144 809 1184; x_wconf 72' lang='grc' dir='ltr'><em>ΚΟΝΤΩι</em></span> <span class='ocrx_word' id='word_1_68' title='bbox 838 1144 957 1185; x_wconf 87' lang='grc' dir='ltr'>ΓΛΡ</span> <span class='ocrx_word' id='word_1_69' title='bbox 983 1139 1500 1183; x_wconf 71' lang='grc' dir='ltr'>ΓΥΠΟΤΤΠΤΟΝΤΕΣ</span> <span class='ocrx_word' id='word_1_70' title='bbox 1526 1143 1614 1187; x_wconf 83' lang='grc' dir='ltr'>ΕΣ</span> 
     </span>
     <span class='ocr_line' id='line_1_15' title="bbox 342 1219 1617 1273; baseline -0.002 -8"><span class='ocrx_word' id='word_1_71' title='bbox 342 1224 617 1273; x_wconf 87' lang='grc' dir='ltr'>ΛΙΜΝΗΝ,</span> <span class='ocrx_word' id='word_1_72' title='bbox 662 1219 712 1263; x_wconf 82' lang='lat' dir='ltr'>‘O</span> <span class='ocrx_word' id='word_1_73' title='bbox 754 1224 821 1264; x_wconf 89' lang='lat' dir='ltr'>TI</span> <span class='ocrx_word' id='word_1_74' title='bbox 856 1222 1208 1263; x_wconf 72' lang='lat' dir='ltr'><strong><em>HPOEXOITO</em></strong></span> <span class='ocrx_word' id='word_1_75' title='bbox 1252 1222 1370 1262; x_wconf 74' lang='grc' dir='ltr'>ΤΟΥ</span> <span class='ocrx_word' id='word_1_76' title='bbox 1401 1222 1617 1263; x_wconf 75' lang='grc' dir='ltr'><em>ΠΗΛΟῬ</em></span> 
     </span>
    </p>
   </div>
   <div class='ocr_carea' id='block_1_10' title="bbox 344 1303 773 1425">
    <p class='ocr_par' dir='ltr' id='par_1_10' title="bbox 344 1303 773 1425">
     <span class='ocr_line' id='line_1_16' title="bbox 348 1303 773 1351; baseline -0.002 -7"><span class='ocrx_word' id='word_1_77' title='bbox 348 1304 446 1344; x_wconf 61' lang='lat' dir='ltr'>Tm</span> <span class='ocrx_word' id='word_1_78' title='bbox 513 1303 739 1344; x_wconf 68' lang='grc' dir='ltr'><em>ΚοΝΊῺι</em></span> <span class='ocrx_word' id='word_1_79' title='bbox 762 1332 773 1351; x_wconf 92' lang='grc'>,</span> 
     </span>
     <span class='ocr_line' id='line_1_17' title="bbox 344 1362 670 1425; baseline -0.003 -1"><span class='ocrx_word' id='word_1_80' title='bbox 344 1362 670 1425; x_wconf 68' lang='grc' dir='ltr'><em>ΠΛΙΝΘΟΤΣ</em></span> 
     </span>
    </p>
   </div>
   <div class='ocr_carea' id='block_1_11' title="bbox 288 1515 563 1521">
    <p class='ocr_par' dir='ltr' id='par_1_11' title="bbox 288 1515 563 1521">
     <span class='ocr_line' id='line_1_18' title="bbox 288 1515 563 1521; baseline 0 0"><span class='ocrx_word' id='word_1_81' title='bbox 288 1515 563 1521; x_wconf 95' lang='lat' dir='ltr'> </span> 
     </span>
    </p>
   </div>
   <div class='ocr_carea' id='block_1_12' title="bbox 287 1600 946 2947">
    <p class='ocr_par' dir='ltr' id='par_1_12' title="bbox 287 1600 946 2606">
     <span class='ocr_line' id='line_1_19' title="bbox 287 1600 942 1652; baseline -0.002 -13"><span class='ocrx_word' id='word_1_82' title='bbox 287 1602 396 1652; x_wconf 84' lang='lat' dir='ltr'>gnori</span> <span class='ocrx_word' id='word_1_83' title='bbox 414 1600 625 1650; x_wconf 87' lang='lat' dir='ltr'>obligandi,</span> <span class='ocrx_word' id='word_1_84' title='bbox 654 1613 729 1639; x_wconf 88' lang='lat' dir='ltr'>non</span> <span class='ocrx_word' id='word_1_85' title='bbox 747 1602 849 1651; x_wconf 83' lang='lat' dir='ltr'>regio</span> <span class='ocrx_word' id='word_1_86' title='bbox 877 1602 942 1639; x_wconf 78' lang='lat' dir='ltr'>de-</span> 
     </span>
     <span class='ocr_line' id='line_1_20' title="bbox 288 1658 943 1706; baseline -0.005 -9"><span class='ocrx_word' id='word_1_87' title='bbox 288 1663 386 1697; x_wconf 89' lang='lat' dir='ltr'>creto</span> <span class='ocrx_word' id='word_1_88' title='bbox 413 1658 658 1695; x_wconf 86' lang='lat' dir='ltr'>introductum</span> <span class='ocrx_word' id='word_1_89' title='bbox 677 1687 689 1706; x_wconf 95' lang='lat'>,</span> <span class='ocrx_word' id='word_1_90' title='bbox 737 1659 803 1696; x_wconf 89' lang='lat' dir='ltr'>sed</span> <span class='ocrx_word' id='word_1_91' title='bbox 833 1659 943 1695; x_wconf 87' lang='lat' dir='ltr'>tacita</span> 
     </span>
     <span class='ocr_line' id='line_1_21' title="bbox 287 1715 944 1767; baseline -0.002 -15"><span class='ocrx_word' id='word_1_92' title='bbox 287 1715 407 1767; x_wconf 86' lang='lat' dir='ltr'>potius</span> <span class='ocrx_word' id='word_1_93' title='bbox 443 1715 537 1752; x_wconf 88' lang='lat' dir='ltr'>inter</span> <span class='ocrx_word' id='word_1_94' title='bbox 565 1715 658 1752; x_wconf 72' lang='lat' dir='ltr'>cives</span> <span class='ocrx_word' id='word_1_95' title='bbox 699 1715 944 1762; x_wconf 84' lang='lat' dir='ltr'>contentione,</span> 
     </span>
     <span class='ocr_line' id='line_1_22' title="bbox 288 1770 942 1821; baseline -0.005 -11"><span class='ocrx_word' id='word_1_96' title='bbox 288 1772 335 1810; x_wconf 92' lang='lat' dir='ltr'>ab</span> <span class='ocrx_word' id='word_1_97' title='bbox 353 1770 496 1820; x_wconf 87' lang='lat' dir='ltr'>Asyche</span> <span class='ocrx_word' id='word_1_98' title='bbox 516 1774 639 1808; x_wconf 87' lang='lat' dir='ltr'>autem</span> <span class='ocrx_word' id='word_1_99' title='bbox 658 1775 743 1821; x_wconf 86' lang='lat' dir='ltr'>post</span> <span class='ocrx_word' id='word_1_100' title='bbox 764 1771 942 1808; x_wconf 83' lang='lat' dir='ltr'>sancitum</span> 
     </span>
     <span class='ocr_line' id='line_1_23' title="bbox 287 1826 943 1877; baseline -0.003 -12"><span class='ocrx_word' id='word_1_101' title='bbox 287 1828 356 1865; x_wconf 91' lang='lat' dir='ltr'>hac</span> <span class='ocrx_word' id='word_1_102' title='bbox 374 1827 457 1876; x_wconf 84' lang='lat' dir='ltr'>lege</span> <span class='ocrx_word' id='word_1_103' title='bbox 469 1832 579 1877; x_wconf 87' lang='lat' dir='ltr'>atque</span> <span class='ocrx_word' id='word_1_104' title='bbox 594 1828 813 1865; x_wconf 87' lang='lat' dir='ltr'>ordinatum.</span> <span class='ocrx_word' id='word_1_105' title='bbox 831 1826 943 1877; x_wconf 90' lang='lat' dir='ltr'>Apud</span> 
     </span>
     <span class='ocr_line' id='line_1_24' title="bbox 287 1883 944 1922; baseline -0.003 0"><span class='ocrx_word' id='word_1_106' title='bbox 287 1883 477 1922; x_wconf 86' lang='lat' dir='ltr'>Romanos</span> <span class='ocrx_word' id='word_1_107' title='bbox 511 1883 616 1921; x_wconf 77' lang='lat' dir='ltr'>simili</span> <span class='ocrx_word' id='word_1_108' title='bbox 644 1885 755 1921; x_wconf 91' lang='lat' dir='ltr'>modo</span> <span class='ocrx_word' id='word_1_109' title='bbox 789 1884 944 1921; x_wconf 90' lang='lat' dir='ltr'>credito-</span> 
     </span>
     <span class='ocr_line' id='line_1_25' title="bbox 287 1940 942 1978; baseline -0.003 0"><span class='ocrx_word' id='word_1_110' title='bbox 287 1941 387 1978; x_wconf 90' lang='lat' dir='ltr'>ribus</span> <span class='ocrx_word' id='word_1_111' title='bbox 409 1940 494 1977; x_wconf 89' lang='lat' dir='ltr'>olim</span> <span class='ocrx_word' id='word_1_112' title='bbox 510 1941 623 1978; x_wconf 88' lang='lat' dir='ltr'>fuisse</span> <span class='ocrx_word' id='word_1_113' title='bbox 646 1940 702 1977; x_wconf 89' lang='lat' dir='ltr'>ius</span> <span class='ocrx_word' id='word_1_114' title='bbox 721 1941 758 1978; x_wconf 91' lang='lat' dir='ltr'>in</span> <span class='ocrx_word' id='word_1_115' title='bbox 780 1945 942 1978; x_wconf 87' lang='lat' dir='ltr'>mortuos</span> 
     </span>
     <span class='ocr_line' id='line_1_26' title="bbox 289 1997 942 2047; baseline 0 -13"><span class='ocrx_word' id='word_1_116' title='bbox 289 1997 492 2047; x_wconf 86' lang='lat' dir='ltr'>accepimus</span> <span class='ocrx_word' id='word_1_117' title='bbox 517 2025 528 2043; x_wconf 94' lang='lat'>,</span> <span class='ocrx_word' id='word_1_118' title='bbox 574 1998 692 2034; x_wconf 89' lang='lat' dir='ltr'>donee</span> <span class='ocrx_word' id='word_1_119' title='bbox 724 1997 942 2034; x_wconf 86' lang='lat' dir='ltr'>Iustinianus</span> 
     </span>
     <span class='ocr_line' id='line_1_27' title="bbox 290 2052 941 2100; baseline 0.003 -12"><span class='ocrx_word' id='word_1_120' title='bbox 290 2052 440 2100; x_wconf 71' lang='lat' dir='ltr'>(novell.</span> <span class='ocrx_word' id='word_1_121' title='bbox 468 2052 585 2100; x_wconf 89' lang='lat' dir='ltr'><strong>CXV,</strong></span> <span class='ocrx_word' id='word_1_122' title='bbox 612 2054 665 2100; x_wconf 89' lang='lat'>5)</span> <span class='ocrx_word' id='word_1_123' title='bbox 690 2054 863 2099; x_wconf 85' lang='lat' dir='ltr'>edixerit,</span> <span class='ocrx_word' id='word_1_124' title='bbox 894 2065 941 2090; x_wconf 91' lang='lat' dir='ltr'>ne</span> 
     </span>
     <span class='ocr_line' id='line_1_28' title="bbox 290 2108 941 2160; baseline -0.002 -14"><span class='ocrx_word' id='word_1_125' title='bbox 290 2109 346 2146; x_wconf 90' lang='lat' dir='ltr'>cui</span> <span class='ocrx_word' id='word_1_126' title='bbox 365 2108 517 2159; x_wconf 87' lang='lat' dir='ltr'>amplius</span> <span class='ocrx_word' id='word_1_127' title='bbox 547 2108 672 2147; x_wconf 86' lang='lat' dir='ltr'>liceret</span> <span class='ocrx_word' id='word_1_128' title='bbox 693 2122 847 2160; x_wconf 85' lang='lat' dir='ltr'>corpora</span> <span class='ocrx_word' id='word_1_129' title='bbox 875 2110 941 2146; x_wconf 91' lang='lat' dir='ltr'>de-</span> 
     </span>
     <span class='ocr_line' id='line_1_29' title="bbox 290 2165 943 2214; baseline 0 -12"><span class='ocrx_word' id='word_1_130' title='bbox 290 2165 496 2202; x_wconf 86' lang='lat' dir='ltr'>functorum</span> <span class='ocrx_word' id='word_1_131' title='bbox 515 2165 628 2202; x_wconf 87' lang='lat' dir='ltr'>debiti</span> <span class='ocrx_word' id='word_1_132' title='bbox 643 2167 761 2214; x_wconf 84' lang='lat' dir='ltr'>gratia</span> <span class='ocrx_word' id='word_1_133' title='bbox 780 2165 943 2203; x_wconf 90' lang='lat' dir='ltr'>detinere</span> 
     </span>
     <span class='ocr_line' id='line_1_30' title="bbox 290 2221 942 2270; baseline -0.002 -12"><span class='ocrx_word' id='word_1_134' title='bbox 290 2225 355 2258; x_wconf 86' lang='lat' dir='ltr'>aut</span> <span class='ocrx_word' id='word_1_135' title='bbox 368 2221 668 2270; x_wconf 85' lang='lat' dir='ltr'>impedimentum</span> <span class='ocrx_word' id='word_1_136' title='bbox 680 2223 798 2258; x_wconf 83' lang='lat' dir='ltr'>facere</span> <span class='ocrx_word' id='word_1_137' title='bbox 819 2234 942 2258; x_wconf 86' lang='lat' dir='ltr'>eorum</span> 
     </span>
     <span class='ocr_line' id='line_1_31' title="bbox 290 2277 942 2327; baseline -0.002 -13"><span class='ocrx_word' id='word_1_138' title='bbox 290 2277 507 2327; x_wconf 83' lang='lat' dir='ltr'>sepulturae.</span> <span class='ocrx_word' id='word_1_139' title='bbox 578 2277 687 2313; x_wconf 88' lang='lat' dir='ltr'>Conf.</span> <span class='ocrx_word' id='word_1_140' title='bbox 716 2277 847 2326; x_wconf 84' lang='lat' dir='ltr'>Zo&#39;ega</span> <span class='ocrx_word' id='word_1_141' title='bbox 874 2277 894 2312; x_wconf 92' lang='lat' dir='ltr'>l.</span> <span class='ocrx_word' id='word_1_142' title='bbox 919 2277 942 2313; x_wconf 90' lang='lat' dir='ltr'>l.</span> 
     </span>
     <span class='ocr_line' id='line_1_32' title="bbox 290 2328 944 2384; baseline 0.002 -14"><span class='ocrx_word' id='word_1_143' title='bbox 290 2345 378 2384; x_wconf 81' lang='lat' dir='ltr'>pag.</span> <span class='ocrx_word' id='word_1_144' title='bbox 400 2335 492 2374; x_wconf 88' lang='lat'><strong>292.</strong></span> <span class='ocrx_word' id='word_1_145' title='bbox 522 2352 579 2360; x_wconf 93' lang='lat'>—-</span> <span class='ocrx_word' id='word_1_146' title='bbox 607 2331 668 2368; x_wconf 92' lang='lat' dir='ltr'>Ad</span> <span class='ocrx_word' id='word_1_147' title='bbox 694 2345 818 2370; x_wconf 83' lang='lat' dir='ltr'>vocem</span> <span class='ocrx_word' id='word_1_148' title='bbox 847 2328 944 2371; x_wconf 78' lang='grc' dir='ltr'><em>οἷπο-</em></span> 
     </span>
     <span class='ocr_line' id='line_1_33' title="bbox 291 2387 945 2443; baseline -0.006 -15"><span class='ocrx_word' id='word_1_149' title='bbox 291 2387 503 2443; x_wconf 82' lang='grc' dir='ltr'><em>γενὸμενον</em></span> <span class='ocrx_word' id='word_1_150' title='bbox 549 2387 778 2437; x_wconf 72' lang='lat' dir='ltr'>(defunctum</span> <span class='ocrx_word' id='word_1_151' title='bbox 797 2417 807 2435; x_wconf 90' lang='lat'>,</span> <span class='ocrx_word' id='word_1_152' title='bbox 856 2401 945 2424; x_wconf 85' lang='lat' dir='ltr'>mor-</span> 
     </span>
     <span class='ocr_line' id='line_1_34' title="bbox 291 2444 946 2493; baseline -0.002 -11"><span class='ocrx_word' id='word_1_153' title='bbox 291 2446 420 2493; x_wconf 82' lang='lat' dir='ltr'>tuum)</span> <span class='ocrx_word' id='word_1_154' title='bbox 450 2445 574 2482; x_wconf 86' lang='lat' dir='ltr'>confer</span> <span class='ocrx_word' id='word_1_155' title='bbox 602 2444 656 2491; x_wconf 84' lang='lat'>11,</span> <span class='ocrx_word' id='word_1_156' title='bbox 677 2444 742 2485; x_wconf 87' lang='lat'>85.</span> <span class='ocrx_word' id='word_1_157' title='bbox 774 2444 836 2491; x_wconf 75' lang='lat' dir='ltr'>IV,</span> <span class='ocrx_word' id='word_1_158' title='bbox 854 2445 879 2485; x_wconf 78' lang='grc'><strong>4</strong></span> <span class='ocrx_word' id='word_1_159' title='bbox 910 2448 946 2482; x_wconf 87' lang='lat' dir='ltr'>et</span> 
     </span>
     <span class='ocr_line' id='line_1_35' title="bbox 292 2500 945 2550; baseline -0.002 -11"><span class='ocrx_word' id='word_1_160' title='bbox 292 2514 386 2550; x_wconf 85' lang='lat' dir='ltr'>quae</span> <span class='ocrx_word' id='word_1_161' title='bbox 408 2501 479 2538; x_wconf 86' lang='lat' dir='ltr'>alia</span> <span class='ocrx_word' id='word_1_162' title='bbox 500 2500 650 2537; x_wconf 84' lang='lat' dir='ltr'>laudant</span> <span class='ocrx_word' id='word_1_163' title='bbox 671 2500 886 2537; x_wconf 72' lang='lat' dir='ltr'>Valckenar.</span> <span class='ocrx_word' id='word_1_164' title='bbox 908 2504 945 2538; x_wconf 85' lang='lat' dir='ltr'>et</span> 
     </span>
     <span class='ocr_line' id='line_1_36' title="bbox 292 2556 682 2606; baseline -0.008 -11"><span class='ocrx_word' id='word_1_165' title='bbox 292 2557 512 2606; x_wconf 81' lang='lat' dir='ltr'>wesseling.</span> <span class='ocrx_word' id='word_1_166' title='bbox 533 2557 580 2593; x_wconf 89' lang='lat' dir='ltr'>ad</span> <span class='ocrx_word' id='word_1_167' title='bbox 602 2556 636 2592; x_wconf 93' lang='lat' dir='ltr'>h.</span> <span class='ocrx_word' id='word_1_168' title='bbox 659 2556 682 2593; x_wconf 90' lang='lat' dir='ltr'>l.</span> 
     </span>
    </p>

    <p class='ocr_par' dir='ltr' id='par_1_13' title="bbox 288 2608 946 2947">
     <span class='ocr_line' id='line_1_37' title="bbox 350 2608 944 2664; baseline 0 -13"><span class='ocrx_word' id='word_1_169' title='bbox 350 2608 405 2664; x_wconf 83' lang='grc' dir='ltr'>μή</span> <span class='ocrx_word' id='word_1_170' title='bbox 444 2627 491 2663; x_wconf 88' lang='grc' dir='ltr'>με</span> <span class='ocrx_word' id='word_1_171' title='bbox 533 2613 788 2664; x_wconf 82' lang='grc' dir='ltr'><em>κατονοσθῇς</em></span> <span class='ocrx_word' id='word_1_172' title='bbox 820 2608 944 2662; x_wconf 84' lang='grc' dir='ltr'><em>πρὸς</em></span> 
     </span>
     <span class='ocr_line' id='line_1_38' title="bbox 292 2666 942 2720; baseline -0.006 -11"><span class='ocrx_word' id='word_1_173' title='bbox 292 2666 363 2716; x_wconf 73' lang='grc' dir='ltr'>τὰς</span> <span class='ocrx_word' id='word_1_174' title='bbox 396 2669 556 2715; x_wconf 81' lang='grc' dir='ltr'><em>λιθίνας</em></span> <span class='ocrx_word' id='word_1_175' title='bbox 584 2666 824 2720; x_wconf 77' lang='grc' dir='ltr'><em>πυραμίδας]</em></span> <span class='ocrx_word' id='word_1_176' title='bbox 857 2669 880 2705; x_wconf 87' lang='lat' dir='ltr'>i.</span> <span class='ocrx_word' id='word_1_177' title='bbox 910 2681 942 2705; x_wconf 89' lang='lat' dir='ltr'>e.</span> 
     </span>
     <span class='ocr_line' id='line_1_39' title="bbox 291 2723 944 2772; baseline -0.008 -8"><span class='ocrx_word' id='word_1_178' title='bbox 291 2739 335 2764; x_wconf 80' lang='lat' dir='ltr'>ne</span> <span class='ocrx_word' id='word_1_179' title='bbox 371 2738 423 2763; x_wconf 86' lang='lat' dir='ltr'>me</span> <span class='ocrx_word' id='word_1_180' title='bbox 456 2729 648 2762; x_wconf 82' lang='lat' dir='ltr'>contemnas</span> <span class='ocrx_word' id='word_1_181' title='bbox 667 2754 678 2772; x_wconf 96' lang='lat'>,</span> <span class='ocrx_word' id='word_1_182' title='bbox 736 2723 944 2772; x_wconf 79' lang='lat' dir='ltr'>vilipendas,</span> 
     </span>
     <span class='ocr_line' id='line_1_40' title="bbox 294 2780 946 2832; baseline -0.006 -12"><span class='ocrx_word' id='word_1_183' title='bbox 294 2795 497 2832; x_wconf 78' lang='lat' dir='ltr'>comparans</span> <span class='ocrx_word' id='word_1_184' title='bbox 534 2782 650 2830; x_wconf 91' lang='lat' dir='ltr'>(me)</span> <span class='ocrx_word' id='word_1_185' title='bbox 687 2793 765 2817; x_wconf 85' lang='lat' dir='ltr'>cum</span> <span class='ocrx_word' id='word_1_186' title='bbox 797 2780 946 2829; x_wconf 72' lang='lat' dir='ltr'>lapideis</span> 
     </span>
     <span class='ocr_line' id='line_1_41' title="bbox 288 2832 945 2890; baseline -0.005 -14"><span class='ocrx_word' id='word_1_187' title='bbox 288 2838 544 2890; x_wconf 48' lang='lat' dir='ltr'>pyramidibus</span> <span class='ocrx_word' id='word_1_188' title='bbox 564 2832 862 2876; x_wconf 84' lang='grc' dir='ltr'><em>κατονόσασθαι</em></span> <span class='ocrx_word' id='word_1_189' title='bbox 883 2849 945 2874; x_wconf 85' lang='lat' dir='ltr'>ex-</span> 
     </span>
     <span class='ocr_line' id='line_1_42' title="bbox 294 2891 945 2947; baseline -0.003 -13"><span class='ocrx_word' id='word_1_190' title='bbox 294 2900 435 2947; x_wconf 89' lang='lat' dir='ltr'>ponunt</span> <span class='ocrx_word' id='word_1_191' title='bbox 456 2894 714 2945; x_wconf 80' lang='grc' dir='ltr'><em>ἓκφαυλίσαι,</em></span> <span class='ocrx_word' id='word_1_192' title='bbox 752 2891 945 2944; x_wconf 79' lang='grc' dir='ltr'><em>καταμέμ-</em></span> 
     </span>
    </p>
   </div>
   <div class='ocr_carea' id='block_1_13' title="bbox 718 1302 1665 1432">
    <p class='ocr_par' dir='ltr' id='par_1_14' title="bbox 718 1302 1665 1432">
     <span class='ocr_line' id='line_1_43' title="bbox 866 1302 1610 1351; baseline -0.003 -8"><span class='ocrx_word' id='word_1_193' title='bbox 866 1302 1059 1343; x_wconf 73' lang='grc' dir='ltr'><em>ΤΟΤΤΟ</em></span> <span class='ocrx_word' id='word_1_194' title='bbox 1135 1302 1610 1351; x_wconf 77' lang='grc' dir='ltr'><em>ΣΤΛΛΕΓΟΝΤΕΣ,</em></span> 
     </span>
     <span class='ocr_line' id='line_1_44' title="bbox 718 1380 1665 1432; baseline -0.003 -10"><span class='ocrx_word' id='word_1_195' title='bbox 718 1381 999 1422; x_wconf 80' lang='grc' dir='ltr'>ΕΙΡΤΣΛΝ</span> <span class='ocrx_word' id='word_1_196' title='bbox 1014 1411 1026 1432; x_wconf 90' lang='grc'>,</span> <span class='ocrx_word' id='word_1_197' title='bbox 1096 1380 1210 1422; x_wconf 86' lang='grc' dir='ltr'>ΚΑΙ</span> <span class='ocrx_word' id='word_1_198' title='bbox 1253 1382 1346 1421; x_wconf 90' lang='grc' dir='ltr'>ΜΕ</span> <span class='ocrx_word' id='word_1_199' title='bbox 1393 1380 1610 1422; x_wconf 75' lang='grc' dir='ltr'><em>ΤΡΟΠΩι</em></span> <span class='ocrx_word' id='word_1_200' title='bbox 1625 1385 1665 1419; x_wconf 92' lang='grc'>15</span> 
     </span>
    </p>
   </div>
   <div class='ocr_carea' id='block_1_14' title="bbox 1009 1599 1668 2943">
    <p class='ocr_par' dir='ltr' id='par_1_15' title="bbox 1009 1599 1667 1763">
     <span class='ocr_line' id='line_1_45' title="bbox 1009 1599 1666 1651; baseline -0.003 -12"><span class='ocrx_word' id='word_1_201' title='bbox 1009 1602 1191 1651; x_wconf 81' lang='grc' dir='ltr'><em>ψασθαι,</em></span> <span class='ocrx_word' id='word_1_202' title='bbox 1230 1603 1272 1637; x_wconf 91' lang='lat' dir='ltr'>ut</span> <span class='ocrx_word' id='word_1_203' title='bbox 1303 1599 1360 1647; x_wconf 90' lang='lat' dir='ltr'>II,</span> <span class='ocrx_word' id='word_1_204' title='bbox 1392 1602 1484 1642; x_wconf 88' lang='lat'>172.</span> <span class='ocrx_word' id='word_1_205' title='bbox 1513 1620 1570 1628; x_wconf 94' lang='lat'>—</span> <span class='ocrx_word' id='word_1_206' title='bbox 1605 1599 1666 1638; x_wconf 86' lang='lat' dir='ltr'>De</span> 
     </span>
     <span class='ocr_line' id='line_1_46' title="bbox 1013 1653 1667 1708; baseline -0.002 -14"><span class='ocrx_word' id='word_1_207' title='bbox 1013 1671 1080 1694; x_wconf 84' lang='lat' dir='ltr'>usu</span> <span class='ocrx_word' id='word_1_208' title='bbox 1099 1656 1381 1707; x_wconf 87' lang='lat' dir='ltr'>praepositionis</span> <span class='ocrx_word' id='word_1_209' title='bbox 1401 1653 1499 1708; x_wconf 79' lang='grc' dir='ltr'><em>πρὸς</em></span> <span class='ocrx_word' id='word_1_210' title='bbox 1513 1656 1585 1693; x_wconf 84' lang='lat' dir='ltr'>vid.</span> <span class='ocrx_word' id='word_1_211' title='bbox 1603 1657 1667 1694; x_wconf 89' lang='lat' dir='ltr'>Fi-</span> 
     </span>
     <span class='ocr_line' id='line_1_47' title="bbox 1011 1712 1666 1763; baseline -0.002 -12"><span class='ocrx_word' id='word_1_212' title='bbox 1011 1714 1124 1751; x_wconf 89' lang='lat' dir='ltr'>scher.</span> <span class='ocrx_word' id='word_1_213' title='bbox 1147 1713 1194 1749; x_wconf 87' lang='lat' dir='ltr'>ad</span> <span class='ocrx_word' id='word_1_214' title='bbox 1216 1712 1363 1750; x_wconf 53' lang='lat' dir='ltr'>WVeUer.</span> <span class='ocrx_word' id='word_1_215' title='bbox 1383 1713 1457 1760; x_wconf 92' lang='lat' dir='ltr'>III,</span> <span class='ocrx_word' id='word_1_216' title='bbox 1477 1713 1502 1750; x_wconf 96' lang='lat' dir='ltr'>b</span> <span class='ocrx_word' id='word_1_217' title='bbox 1521 1726 1559 1763; x_wconf 92' lang='lat' dir='ltr'>p.</span> <span class='ocrx_word' id='word_1_218' title='bbox 1571 1712 1666 1754; x_wconf 88' lang='grc'><strong>257.</strong></span> 
     </span>
    </p>

    <p class='ocr_par' dir='ltr' id='par_1_16' title="bbox 1009 1765 1668 2481">
     <span class='ocr_line' id='line_1_48' title="bbox 1066 1765 1668 1823; baseline 0 -15"><span class='ocrx_word' id='word_1_219' title='bbox 1066 1765 1195 1823; x_wconf 81' lang='grc' dir='ltr'><em>κόντῳ</em></span> <span class='ocrx_word' id='word_1_220' title='bbox 1220 1765 1294 1821; x_wconf 74' lang='grc' dir='ltr'>γὰρ</span> <span class='ocrx_word' id='word_1_221' title='bbox 1315 1765 1610 1816; x_wconf 72' lang='grc' dir='ltr'><em>ὑποτύπτοντες</em></span> <span class='ocrx_word' id='word_1_222' title='bbox 1628 1768 1668 1816; x_wconf 84' lang='grc' dir='ltr'>ἒς</span> 
     </span>
     <span class='ocr_line' id='line_1_49' title="bbox 1011 1825 1668 1876; baseline -0.005 -10"><span class='ocrx_word' id='word_1_223' title='bbox 1011 1826 1171 1876; x_wconf 86' lang='grc' dir='ltr'><em>λίμνην]</em></span> <span class='ocrx_word' id='word_1_224' title='bbox 1204 1826 1227 1863; x_wconf 86' lang='lat' dir='ltr'>i.</span> <span class='ocrx_word' id='word_1_225' title='bbox 1249 1838 1280 1863; x_wconf 89' lang='lat' dir='ltr'>e.</span> <span class='ocrx_word' id='word_1_226' title='bbox 1313 1830 1410 1863; x_wconf 81' lang='lat' dir='ltr'>conto</span> <span class='ocrx_word' id='word_1_227' title='bbox 1439 1828 1477 1863; x_wconf 77' lang='lat' dir='ltr'>in</span> <span class='ocrx_word' id='word_1_228' title='bbox 1501 1825 1668 1876; x_wconf 81' lang='lat' dir='ltr'>paludem</span> 
     </span>
     <span class='ocr_line' id='line_1_50' title="bbox 1009 1882 1667 1933; baseline -0.002 -13"><span class='ocrx_word' id='word_1_229' title='bbox 1009 1885 1162 1921; x_wconf 78' lang='lat' dir='ltr'>immisso</span> <span class='ocrx_word' id='word_1_230' title='bbox 1189 1886 1382 1931; x_wconf 77' lang='lat' dir='ltr'>egerentes,</span> <span class='ocrx_word' id='word_1_231' title='bbox 1420 1882 1510 1933; x_wconf 79' lang='lat' dir='ltr'>quod</span> <span class='ocrx_word' id='word_1_232' title='bbox 1534 1882 1667 1919; x_wconf 77' lang='lat' dir='ltr'>adhae-</span> 
     </span>
     <span class='ocr_line' id='line_1_51' title="bbox 1011 1938 1668 1978; baseline -0.003 0"><span class='ocrx_word' id='word_1_233' title='bbox 1011 1941 1107 1978; x_wconf 83' lang='lat' dir='ltr'>rebat</span> <span class='ocrx_word' id='word_1_234' title='bbox 1131 1939 1211 1976; x_wconf 77' lang='lat' dir='ltr'>lutz‘.</span> <span class='ocrx_word' id='word_1_235' title='bbox 1270 1938 1325 1976; x_wconf 86' lang='lat' dir='ltr'>Ita</span> <span class='ocrx_word' id='word_1_236' title='bbox 1346 1939 1381 1975; x_wconf 91' lang='lat' dir='ltr'>h.</span> <span class='ocrx_word' id='word_1_237' title='bbox 1401 1939 1423 1976; x_wconf 90' lang='lat' dir='ltr'>l.</span> <span class='ocrx_word' id='word_1_238' title='bbox 1445 1939 1555 1976; x_wconf 72' lang='lat' dir='ltr'>vertit</span> <span class='ocrx_word' id='word_1_239' title='bbox 1580 1938 1668 1976; x_wconf 84' lang='lat' dir='ltr'>Val-</span> 
     </span>
     <span class='ocr_line' id='line_1_52' title="bbox 1010 1995 1668 2043; baseline -0.005 -8"><span class='ocrx_word' id='word_1_240' title='bbox 1010 1997 1155 2035; x_wconf 84' lang='lat' dir='ltr'>ckenar.</span> <span class='ocrx_word' id='word_1_241' title='bbox 1175 1996 1224 2032; x_wconf 86' lang='lat' dir='ltr'>ad</span> <span class='ocrx_word' id='word_1_242' title='bbox 1247 1995 1324 2042; x_wconf 91' lang='lat' dir='ltr'>III,</span> <span class='ocrx_word' id='word_1_243' title='bbox 1345 1997 1447 2043; x_wconf 89' lang='lat'>130,</span> <span class='ocrx_word' id='word_1_244' title='bbox 1474 1995 1537 2031; x_wconf 92' lang='lat' dir='ltr'>ub1</span> <span class='ocrx_word' id='word_1_245' title='bbox 1551 1995 1668 2033; x_wconf 89' lang='lat' dir='ltr'>Hem</span> 
     </span>
     <span class='ocr_line' id='line_1_53' title="bbox 1011 2050 1666 2102; baseline -0.003 -11"><span class='ocrx_word' id='word_1_246' title='bbox 1011 2053 1230 2091; x_wconf 86' lang='lat' dir='ltr'>sterhusium</span> <span class='ocrx_word' id='word_1_247' title='bbox 1258 2053 1345 2088; x_wconf 82' lang='lat' dir='ltr'>citat</span> <span class='ocrx_word' id='word_1_248' title='bbox 1370 2052 1418 2088; x_wconf 88' lang='lat' dir='ltr'>ad</span> <span class='ocrx_word' id='word_1_249' title='bbox 1436 2050 1666 2102; x_wconf 79' lang='lat' dir='ltr'>Anstophan.</span> 
     </span>
     <span class='ocr_line' id='line_1_54' title="bbox 1011 2103 1667 2149; baseline 0.002 -4"><span class='ocrx_word' id='word_1_250' title='bbox 1011 2122 1066 2147; x_wconf 82' lang='lat' dir='ltr'>av.</span> <span class='ocrx_word' id='word_1_251' title='bbox 1092 2108 1197 2149; x_wconf 82' lang='lat'>1145</span> <span class='ocrx_word' id='word_1_252' title='bbox 1220 2109 1266 2145; x_wconf 89' lang='lat' dir='ltr'>de</span> <span class='ocrx_word' id='word_1_253' title='bbox 1286 2108 1398 2145; x_wconf 83' lang='lat' dir='ltr'>verbo</span> <span class='ocrx_word' id='word_1_254' title='bbox 1420 2103 1667 2147; x_wconf 78' lang='grc' dir='ltr'><em>υποτύπτειν</em></span> 
     </span>
     <span class='ocr_line' id='line_1_55' title="bbox 1012 2164 1668 2215; baseline -0.003 -13"><span class='ocrx_word' id='word_1_255' title='bbox 1012 2169 1266 2215; x_wconf 81' lang='lat' dir='ltr'>exponentem.</span> <span class='ocrx_word' id='word_1_256' title='bbox 1325 2164 1434 2201; x_wconf 88' lang='lat' dir='ltr'>Conf.</span> <span class='ocrx_word' id='word_1_257' title='bbox 1459 2165 1568 2201; x_wconf 83' lang='lat' dir='ltr'>etiam</span> <span class='ocrx_word' id='word_1_258' title='bbox 1586 2164 1668 2201; x_wconf 91' lang='lat' dir='ltr'>He-</span> 
     </span>
     <span class='ocr_line' id='line_1_56' title="bbox 1011 2219 1666 2268; baseline -0.005 -9"><span class='ocrx_word' id='word_1_259' title='bbox 1011 2222 1090 2259; x_wconf 85' lang='lat' dir='ltr'>rod.</span> <span class='ocrx_word' id='word_1_260' title='bbox 1107 2221 1180 2267; x_wconf 74' lang='lat' dir='ltr'>Vl,</span> <span class='ocrx_word' id='word_1_261' title='bbox 1204 2222 1295 2260; x_wconf 84' lang='lat'>119.</span> <span class='ocrx_word' id='word_1_262' title='bbox 1354 2220 1397 2256; x_wconf 93' lang='lat' dir='ltr'>In</span> <span class='ocrx_word' id='word_1_263' title='bbox 1417 2233 1519 2268; x_wconf 89' lang='lat' dir='ltr'>seqq.</span> <span class='ocrx_word' id='word_1_264' title='bbox 1534 2219 1666 2257; x_wconf 89' lang='lat' dir='ltr'>retinui</span> 
     </span>
     <span class='ocr_line' id='line_1_57' title="bbox 1012 2272 1665 2329; baseline -0.006 -13"><span class='ocrx_word' id='word_1_265' title='bbox 1012 2272 1259 2329; x_wconf 75' lang='grc' dir='ltr'><em>πρόσχοιτο.</em></span> <span class='ocrx_word' id='word_1_266' title='bbox 1316 2275 1401 2312; x_wconf 89' lang='lat' dir='ltr'>Vid.</span> <span class='ocrx_word' id='word_1_267' title='bbox 1435 2279 1527 2312; x_wconf 86' lang='lat' dir='ltr'>nott.</span> <span class='ocrx_word' id='word_1_268' title='bbox 1556 2276 1604 2312; x_wconf 87' lang='lat' dir='ltr'>ad</span> <span class='ocrx_word' id='word_1_269' title='bbox 1634 2276 1665 2323; x_wconf 94' lang='lat' dir='ltr'>I,</span> 
     </span>
     <span class='ocr_line' id='line_1_58' title="bbox 1014 2330 1666 2382; baseline -0.002 -12"><span class='ocrx_word' id='word_1_270' title='bbox 1014 2337 1051 2375; x_wconf 92' lang='lat'>2.</span> <span class='ocrx_word' id='word_1_271' title='bbox 1082 2353 1127 2360; x_wconf 94' lang='lat'>—</span> <span class='ocrx_word' id='word_1_272' title='bbox 1168 2332 1314 2382; x_wconf 83' lang='grc' dir='ltr'><em>λίμνην</em></span> <span class='ocrx_word' id='word_1_273' title='bbox 1350 2332 1397 2368; x_wconf 87' lang='lat' dir='ltr'>de</span> <span class='ocrx_word' id='word_1_274' title='bbox 1418 2331 1496 2368; x_wconf 85' lang='lat' dir='ltr'>lacu</span> <span class='ocrx_word' id='word_1_275' title='bbox 1528 2330 1666 2369; x_wconf 86' lang='lat' dir='ltr'>Moeri-</span> 
     </span>
     <span class='ocr_line' id='line_1_59' title="bbox 1014 2387 1666 2438; baseline 0 -12"><span class='ocrx_word' id='word_1_276' title='bbox 1014 2389 1069 2426; x_wconf 89' lang='lat' dir='ltr'>dis</span> <span class='ocrx_word' id='word_1_277' title='bbox 1093 2388 1167 2435; x_wconf 82' lang='grc' dir='ltr'>(ΙΙ,</span> <span class='ocrx_word' id='word_1_278' title='bbox 1188 2387 1288 2435; x_wconf 82' lang='lat'>149)</span> <span class='ocrx_word' id='word_1_279' title='bbox 1310 2387 1441 2438; x_wconf 89' lang='lat' dir='ltr'>opinor</span> <span class='ocrx_word' id='word_1_280' title='bbox 1459 2387 1666 2438; x_wconf 83' lang='lat' dir='ltr'>intelligen-</span> 
     </span>
     <span class='ocr_line' id='line_1_60' title="bbox 1015 2445 1111 2481; baseline -0.01 0"><span class='ocrx_word' id='word_1_281' title='bbox 1015 2445 1111 2481; x_wconf 86' lang='lat' dir='ltr'>dum.</span> 
     </span>
    </p>

    <p class='ocr_par' dir='ltr' id='par_1_17' title="bbox 1010 2498 1665 2943">
     <span class='ocr_line' id='line_1_61' title="bbox 1068 2498 1664 2552; baseline -0.003 -14"><span class='ocrx_word' id='word_1_282' title='bbox 1068 2499 1266 2545; x_wconf 80' lang='grc' dir='ltr'><em>πλίνθους</em></span> <span class='ocrx_word' id='word_1_283' title='bbox 1291 2498 1469 2552; x_wconf 75' lang='grc' dir='ltr'><em>εἴρυσαν]</em></span> <span class='ocrx_word' id='word_1_284' title='bbox 1497 2500 1521 2537; x_wconf 91' lang='lat' dir='ltr'>i.</span> <span class='ocrx_word' id='word_1_285' title='bbox 1544 2513 1575 2538; x_wconf 75' lang='lat' dir='ltr'>e,</span> <span class='ocrx_word' id='word_1_286' title='bbox 1605 2500 1664 2537; x_wconf 85' lang='lat' dir='ltr'>la-</span> 
     </span>
     <span class='ocr_line' id='line_1_62' title="bbox 1012 2556 1665 2606; baseline -0.002 -13"><span class='ocrx_word' id='word_1_287' title='bbox 1012 2560 1099 2593; x_wconf 72' lang='lat' dir='ltr'>teres</span> <span class='ocrx_word' id='word_1_288' title='bbox 1127 2556 1311 2592; x_wconf 71' lang='lat' dir='ltr'>duxerunt.</span> <span class='ocrx_word' id='word_1_289' title='bbox 1368 2557 1489 2606; x_wconf 89' lang='lat' dir='ltr'>Supra</span> <span class='ocrx_word' id='word_1_290' title='bbox 1518 2556 1557 2602; x_wconf 89' lang='lat' dir='ltr'>I,</span> <span class='ocrx_word' id='word_1_291' title='bbox 1585 2559 1665 2598; x_wconf 89' lang='lat'>179</span> 
     </span>
     <span class='ocr_line' id='line_1_63' title="bbox 1014 2611 1664 2658; baseline 0 -9"><span class='ocrx_word' id='word_1_292' title='bbox 1014 2613 1153 2650; x_wconf 86' lang='lat' dir='ltr'>dixerat</span> <span class='ocrx_word' id='word_1_293' title='bbox 1171 2612 1369 2658; x_wconf 83' lang='grc' dir='ltr'><em>πλίνθους</em></span> <span class='ocrx_word' id='word_1_294' title='bbox 1390 2611 1525 2651; x_wconf 77' lang='grc' dir='ltr'><em>ἕλκειν.</em></span> <span class='ocrx_word' id='word_1_295' title='bbox 1539 2612 1664 2650; x_wconf 90' lang='lat' dir='ltr'>—De</span> 
     </span>
     <span class='ocr_line' id='line_1_64' title="bbox 1010 2667 1664 2713; baseline 0 -8"><span class='ocrx_word' id='word_1_296' title='bbox 1010 2669 1119 2706; x_wconf 79' lang='lat' dir='ltr'>verbo</span> <span class='ocrx_word' id='word_1_297' title='bbox 1139 2667 1312 2707; x_wconf 80' lang='grc' dir='ltr'><em>ε’κποιεῖν</em></span> <span class='ocrx_word' id='word_1_298' title='bbox 1333 2669 1426 2705; x_wconf 89' lang='lat' dir='ltr'>conf.</span> <span class='ocrx_word' id='word_1_299' title='bbox 1448 2672 1539 2705; x_wconf 83' lang='lat' dir='ltr'>nott.</span> <span class='ocrx_word' id='word_1_300' title='bbox 1559 2669 1607 2705; x_wconf 87' lang='lat' dir='ltr'>ad</span> <span class='ocrx_word' id='word_1_301' title='bbox 1617 2668 1664 2713; x_wconf 90' lang='grc' dir='ltr'>ΙΙ,</span> 
     </span>
     <span class='ocr_line' id='line_1_65' title="bbox 1015 2725 1665 2774; baseline 0 -13"><span class='ocrx_word' id='word_1_302' title='bbox 1015 2725 1106 2766; x_wconf 91' lang='grc'><strong>125.</strong></span> <span class='ocrx_word' id='word_1_303' title='bbox 1164 2725 1272 2761; x_wconf 91' lang='lat' dir='ltr'>Hanc</span> <span class='ocrx_word' id='word_1_304' title='bbox 1301 2736 1387 2761; x_wconf 81' lang='lat' dir='ltr'>vero</span> <span class='ocrx_word' id='word_1_305' title='bbox 1424 2725 1665 2774; x_wconf 56' lang='lat' dir='ltr'>PJmmidem,</span> 
     </span>
     <span class='ocr_line' id='line_1_66' title="bbox 1013 2780 1664 2830; baseline -0.003 -12"><span class='ocrx_word' id='word_1_306' title='bbox 1013 2782 1060 2818; x_wconf 91' lang='lat' dir='ltr'>de</span> <span class='ocrx_word' id='word_1_307' title='bbox 1081 2792 1151 2830; x_wconf 86' lang='lat' dir='ltr'>qua</span> <span class='ocrx_word' id='word_1_308' title='bbox 1172 2780 1205 2817; x_wconf 88' lang='lat' dir='ltr'>h.</span> <span class='ocrx_word' id='word_1_309' title='bbox 1230 2780 1253 2816; x_wconf 92' lang='lat' dir='ltr'>l.</span> <span class='ocrx_word' id='word_1_310' title='bbox 1285 2780 1495 2817; x_wconf 88' lang='lat' dir='ltr'>Herodotus</span> <span class='ocrx_word' id='word_1_311' title='bbox 1526 2780 1664 2827; x_wconf 83' lang='lat' dir='ltr'>scribit,</span> 
     </span>
     <span class='ocr_line' id='line_1_67' title="bbox 1014 2836 1663 2882; baseline -0.003 -8"><span class='ocrx_word' id='word_1_312' title='bbox 1014 2849 1094 2874; x_wconf 87' lang='lat' dir='ltr'>eam</span> <span class='ocrx_word' id='word_1_313' title='bbox 1117 2849 1197 2874; x_wconf 90' lang='lat' dir='ltr'>esse</span> <span class='ocrx_word' id='word_1_314' title='bbox 1217 2836 1282 2872; x_wconf 78' lang='lat' dir='ltr'>viri</span> <span class='ocrx_word' id='word_1_315' title='bbox 1307 2836 1403 2872; x_wconf 90' lang='lat' dir='ltr'>docti</span> <span class='ocrx_word' id='word_1_316' title='bbox 1431 2836 1663 2882; x_wconf 85' lang='lat' dir='ltr'>arbitrantur,</span> 
     </span>
     <span class='ocr_line' id='line_1_68' title="bbox 1013 2892 1664 2943; baseline -0.002 -14"><span class='ocrx_word' id='word_1_317' title='bbox 1013 2905 1108 2942; x_wconf 87' lang='lat' dir='ltr'>quae</span> <span class='ocrx_word' id='word_1_318' title='bbox 1137 2905 1232 2930; x_wconf 87' lang='lat' dir='ltr'>nunc</span> <span class='ocrx_word' id='word_1_319' title='bbox 1259 2892 1501 2943; x_wconf 83' lang='lat' dir='ltr'>conspicitur,</span> <span class='ocrx_word' id='word_1_320' title='bbox 1540 2892 1664 2931; x_wconf 87' lang='lat' dir='ltr'>lateri-</span> 
     </span>
    </p>
   </div>
   <div class='ocr_carea' id='block_1_15' title="bbox 1756 373 1759 489">
    <p class='ocr_par' dir='ltr' id='par_1_18' title="bbox 1756 373 1759 489">
     <span class='ocr_line' id='line_1_69' title="bbox 1756 373 1759 489; baseline 0 -18"><span class='ocrx_word' id='word_1_321' title='bbox 1756 373 1759 489; x_wconf 69' lang='lat' dir='ltr'>l</span> 
     </span>
    </p>
   </div>
   <div class='ocr_carea' id='block_1_16' title="bbox 1260 502 1759 564">
    <p class='ocr_par' dir='ltr' id='par_1_19' title="bbox 1260 502 1759 564">
     <span class='ocr_line' id='line_1_70' title="bbox 1260 502 1759 564; baseline 0.004 -14"><span class='ocrx_word' id='word_1_322' title='bbox 1260 507 1606 564; x_wconf 64' lang='grc' dir='ltr'><em>’Τπερβαλέσθαι</em></span> <span class='ocrx_word' id='word_1_323' title='bbox 1651 514 1732 552; x_wconf 84' lang='grc'>170</span> <span class='ocrx_word' id='word_1_324' title='bbox 1757 502 1759 520; x_wconf 58' lang='lat'><strong><em>¹</em></strong></span> 
     </span>
    </p>
   </div>
  </div>
 </body>
</html>
