1805 3315
332 259 417 300 118

333 364 620 420 ἑξαπάλαιστα
632 380 640 389 ·

747 252 1215 295 HERODOTI

694 364 764 408 ἐπὶ
812 365 858 409 δὲ
895 364 948 408 τοὶ
988 362 1251 420 βραχύτερα,
1305 357 1617 414 τριπάλαιστα·

310 445 446 498 8ὕψος
475 444 544 498 δὲ,
573 447 872 488 παλαιστιαῖα·
905 442 1101 499 α’ριθμὸν
1131 442 1201 496 δὲ,
1233 440 1518 484 ἑπτακαίδεκα
1547 437 1619 480 καὶ

335 522 511 568 ἑκατόν·
543 523 618 567 καὶ
646 522 852 575 τουτέων,
881 521 1087 578 ἀπέφθου
1107 523 1277 578 χρυσοῦ
1302 519 1506 573 τέσσαρα,
1535 517 1621 572 τρί-

292 704 370 755 psit
398 698 538 752 ὕψος,
575 701 613 737 in
647 699 947 738 antecedentibus

291 773 367 797 non
382 760 429 795 sit
446 771 534 795 usus
560 756 739 793 similibus
775 756 949 792 substan—

292 816 448 853 tivorum
484 812 695 850 accusatixis
735 811 796 860 (v.
828 824 857 848 c.
885 810 950 861 μέ-

293 875 438 923 γαθος,
471 863 612 920 εὖρος)
643 867 731 904 alias
760 867 796 903 in
814 866 883 904 hoc
898 867 952 902 di-

293 927 400 965 cendi
450 937 588 973 genere
635 923 951 972 frequentissimis.

294 982 427 1030 Neque
442 981 550 1028 illud,
579 978 764 1028 vulgarem
787 979 818 1015 si
837 979 951 1016 iuter·

294 1038 537 1090 pretationem
558 1036 746 1084 sequaris,
769 1036 952 1086 explican-

295 1095 404 1142 dum,
434 1106 496 1131 cur
513 1092 726 1130 Herodotus
751 1105 825 1129 nou
849 1093 951 1129 dixe-

295 1151 344 1188 rit
364 1162 432 1200 pro
453 1162 556 1187 more
577 1161 664 1186 suo:
709 1144 758 1186 τὰ
779 1145 851 1200 μὲν
876 1163 953 1199 μα-

296 1202 485 1273 πρότερα,
514 1205 582 1243 sed
606 1202 688 1244 ἐπι
709 1201 781 1254 μὲν
805 1201 852 1243 τοὶ
884 1220 955 1255 μα-

299 1258 467 1315 πρότερα
489 1277 523 1301 κ.
546 1276 578 1300 τ.
591 1264 637 1309 λ.,
667 1261 729 1298 ubi
751 1261 954 1310 Schweigh.

299 1318 396 1372 μέρη
416 1319 707 1356 subaudiendum
720 1331 802 1356 esse
820 1321 954 1354 censet.

298 1376 358 1415 De
384 1388 457 1425 qua
492 1374 611 1425 ellipsi
634 1373 741 1424 plura
769 1372 956 1411 Lambert.

299 1432 390 1471 Bos.
409 1432 458 1469 de
475 1430 613 1482 elliPSS.
631 1429 677 1468 L.
691 1431 757 1467 Gr.
775 1443 862 1481 pag
874 1432 957 1472 288

299 1500 404 1539 seqq·

357 1541 508 1583 ποιέων
529 1537 797 1591 ἑξαπάλαιστα
816 1557 850 1581 κ.
860 1556 892 1581 τ.
904 1544 937 1580 λ.
942 1540 958 1593 ]

300 1601 383 1639 Bini
404 1600 488 1638 libri
505 1600 652 1651 probati
664 1600 853 1639 exhibent:
876 1597 956 1646 ἑξα-

301 1653 509 1703 naa-acm,
538 1651 806 1708 τριπάλαστα,
835 1659 959 1693 παλα-

302 1716 457 1761 στιαῖα,·
487 1725 595 1762 quam
626 1713 842 1763 scripturam
861 1724 959 1749 com-

300 1770 451 1808 mendat
484 1768 709 1818 Phrynichus
744 1769 781 1805 in
802 1767 958 1817 Eclogg.

303 1840 333 1864 ε.
351 1838 385 1863 v.
409 1820 605 1876 παλαστή.
661 1825 740 1862 Sed
758 1825 866 1862 huius
885 1827 961 1862 for-

302 1895 385 1921 mae
415 1882 570 1930 vestigia
599 1894 717 1932 paene
742 1881 864 1918 omnia
894 1881 960 1918 ob-

304 1940 447 1977 literata
471 1950 574 1985 esse,
643 1938 753 1975 docet
795 1936 959 1976 Lobeck.

303 2007 392 2047 pag.
427 1993 521 2035 296.
581 1993 650 2031 Cui
685 1997 831 2044 praeter
870 1993 905 2031 h.
934 1992 957 2029 l.

304 2055 417 2100 atque
433 2048 626 2098 Odyss.1,
652 2050 736 2091 252
766 2049 856 2098 (ubi
879 2049 962 2098 qui-

304 2107 462 2145 busdam
483 2105 618 2155 placuit
637 2101 834 2156 παλαιστή
840 2107 959 2155 σασα)

307 2166 652 2210 monumentumque
669 2161 825 2199 Atticum
838 2163 961 2199 Chan-

308 2218 400 2256 dleri
430 2217 486 2268 (p.
515 2218 570 2259 38
598 2217 660 2254 ubi
690 2222 809 2254 exstat
833 2232 964 2256 πεντε-

308 2269 554 2322 πάλαστον),
584 2273 721 2310 nullum
747 2274 842 2311 aliud
871 2273 963 2311 illius

308 2332 450 2369 formae
483 2329 677 2381 vestigium
704 2329 864 2366 oblatum
895 2334 965 2377 est,

309 2385 481 2434 vulgatae
500 2389 622 2423 autem
649 2387 787 2424 formae
808 2385 966 2436 plurima

310 2441 497 2491 exempla;
526 2444 566 2479 ut
589 2454 668 2479 eam
698 2441 733 2479 h.
751 2441 775 2479 l.
794 2443 965 2479 deserere

311 2498 481 2548 equidem
501 2509 577 2535 non
595 2499 759 2535 audeam.
809 2496 868 2536 De
884 2497 965 2547 plu-

310 2553 376 2591 rali
404 2565 556 2590 numero
584 2553 622 2591 in
655 2554 753 2591 hisce
781 2552 963 2591 vocabulis

311 2610 410 2648 idem
437 2610 577 2646 monuit
613 2609 777 2648 Lobeck.
809 2623 845 2660 p.
870 2609 966 2656 540,

312 2666 496 2704 deforma
524 2665 591 2713 (in
619 2665 748 2715 ιαῐος)
777 2678 863 2716 pag.
882 2665 964 2708 544

314 2734 394 2772 seq.
471 2719 534 2758 Tu
569 2721 654 2759 add.
702 2721 865 2759 Fischer.
918 2722 966 2759 ad

314 2776 464 2816 Weller.
495 2776 530 2814 l]
556 2790 641 2828 pag.
669 2780 760 2819 166.
779 2780 871 2819 167-

362 2829 539 2886 ἀριθμὸν
558 2831 614 2882 δὲ,
629 2833 891 2873 ἑπτακαίδεκα
900 2832 967 2873 καὶ

317 2886 484 2938 ἕκατον]
499 2887 623 2928 Minus
640 2894 810 2930 accurate
826 2889 968 2930 Diodo-

1009 713 1070 737 rus
1090 699 1203 746 XVI,
1225 699 1279 741 56
1301 701 1435 736 centum
1450 698 1584 746 viginti
1600 708 1667 746 po-

1011 757 1065 794 nit
1086 756 1242 803 lateres,
1267 768 1455 793 numerum
1473 754 1667 792 rotundum

1013 813 1143 878 opinor
1158 812 1382 862 praeferens.

1073 863 1265 916 εἷπέφθου
1302 869 1454 918 χρυσοῦ
1479 864 1669 917 τέσσαρα]

1020 924 1120 968 Quid
1137 923 1184 959 sit
1205 920 1396 972 ἐὶπεφθος
1408 920 1549 974 χρυσός
1563 951 1573 971 ,
1594 922 1670 958 val-

1020 981 1067 1017 de
1104 979 1326 1029 disceptatur
1352 980 1447 1016 inter
1481 979 1576 1015 viros
1605 978 1672 1014 do-

1020 1040 1107 1072 ctos.
1165 1035 1366 1072 Salmasius
1405 1035 1472 1083 (in
1499 1034 1671 1072 Exercitt.

1019 1092 1139 1129 Plinn.
1159 1094 1353 1142 pag.762.
1378 1092 1481 1139 791)
1512 1103 1555 1128 ac
1569 1093 1674 1140 post-

1020 1150 1130 1186 modo
1144 1147 1348 1187 Larcherus
1359 1148 1456 1185 idem
1473 1159 1599 1184 aurum
1617 1147 1674 1183 in-

1020 1204 1133 1254 telligi
1152 1204 1298 1252 volunt,
1327 1204 1428 1253 quod
1456 1202 1545 1241 alias
1576 1203 1675 1240 dica-

1021 1265 1082 1298 tur
1114 1257 1291 1313 ὅῖπυρον,
1325 1273 1458 1312 purum
1489 1260 1589 1310 quod
1616 1272 1675 1297 re-

1022 1317 1184 1369 periatur
1222 1317 1302 1354 sine
1344 1317 1527 1363 coctione,
1566 1315 1676 1364 quale

1023 1387 1056 1411 v.
1079 1387 1108 1411 c.
1130 1386 1174 1411 ex
1195 1372 1366 1421 Pactolo,
1395 1372 1539 1422 Lydiae
1565 1372 1676 1409 fluvio

1024 1431 1200 1478 aurifero,
1246 1430 1382 1479 acquiri
1430 1428 1560 1480 possit.
1626 1427 1677 1465 At

1025 1500 1131 1524 usum
1150 1486 1327 1524 sermonis
1348 1486 1540 1536 ipsamque
1551 1484 1677 1521 analo-

1025 1544 1124 1593 giam
1160 1543 1316 1593 opponit
1354 1541 1677 1590 Schweighaeuse-

1025 1613 1108 1648 τηε,
1141 1599 1202 1648 qui
1221 1600 1302 1649 ipse
1321 1599 1370 1636 ad
1391 1611 1472 1637 eam
1498 1598 1677 1647 interpre-

1026 1657 1202 1693 tationem
1216 1655 1386 1702 inclinat,
1405 1667 1514 1704 quam
1527 1655 1678 1702 dudum,

1026 1716 1123 1749 teste
1145 1712 1234 1760 Cr.>
1265 1711 1468 1762 protulerat
1499 1711 1678 1748 Graevius

1028 1770 1065 1806 iu
1084 1767 1203 1807 Lectt.
1222 1768 1405 1807 Hesiodd.
1431 1780 1510 1818 cap.
1549 1770 1604 1809 20
1630 1768 1680 1805 ad

1026 1838 1120 1863 verS.
1160 1826 1254 1867 208.
1334 1824 1573 1862 Purissimum
1618 1824 1680 1861 ille

1028 1881 1198 1931 intelligit
1226 1894 1353 1918 aurum
1383 1882 1406 1918 i.
1430 1894 1462 1919 e.
1491 1881 1587 1919 bene
1618 1893 1681 1918 ex-

1029 1942 1170 1976 coctum
1182 1967 1193 1986 ,
1221 1938 1308 1987 igne
1319 1938 1455 1988 optime
1468 1940 1679 1988 purgatum,

1026 2007 1153 2033 aurum
1173 1994 1222 2032 ad
1239 1995 1452 2042 obrussam,
1481 1997 1522 2030 ut
1548 1994 1682 2031 Sueto-

1026 2052 1107 2089 nius
1124 2051 1284 2100 loquitur
1301 2051 1341 2088 in
1359 2050 1500 2088 Neron.
1511 2049 1580 2097 44,
1601 2062 1681 2087 cum

1029 2105 1222 2157 ἄπεφθον
1232 2108 1271 2146 id
1280 2108 1400 2158 ipsum
1412 2107 1552 2144 dicatur
1563 2107 1682 2144 Grae-

1029 2165 1079 2202 cis
1102 2177 1252 2212 aurum,
1281 2165 1384 2213 quod
1424 2175 1538 2213 saepe
1575 2175 1683 2200 exco-

1030 2224 1126 2258 ctum
1146 2220 1214 2267 sit,
1244 2224 1286 2258 ut
1309 2221 1397 2257 inde
1424 2220 1489 2257 fiat
1507 2219 1683 2267 obryzum

1032 2275 1123 2324 (vid.
1154 2276 1274 2314 Schol.
1305 2276 1513 2325 Thucydid.
1541 2275 1596 2323 Il,
1628 2277 1682 2317 13

1033 2331 1112 2369 coll.
1138 2332 1238 2369 Suid.
1268 2346 1298 2369 s.
1328 2345 1361 2369 v.
1380 2331 1539 2381 Etymol.
1559 2344 1683 2381 magn.

1032 2401 1068 2438 p.
1107 2388 1211 2433 650,
1246 2388 1301 2429 35
1354 2393 1392 2426 et
1426 2374 1520 2425 I'lin.
1553 2387 1604 2425 H.
1632 2387 1683 2426 N.

1033 2442 1254 2495 ΧΧΧΙΠὲ.
1283 2444 1366 2492 19).
1422 2443 1521 2482 Nam
1535 2456 1686 2493 compo-

1033 2499 1104 2536 sita
1125 2503 1183 2537 est
1207 2511 1279 2536 vox
1306 2512 1350 2537 ex
1383 2495 1508 2549 ἑφθός
1531 2503 1567 2536 et
1594 2494 1683 2538 ἆπό.

1033 2555 1076 2592 In
1096 2567 1206 2603 quam
1227 2556 1442 2593 sententium
1453 2555 1591 2606 optime
1610 2556 1686 2593 dis-

1032 2611 1191 2662 putavit,
1219 2615 1392 2649 monente
1421 2610 1510 2658 Cr.‚
1537 2610 1687 2649 Locella

1033 2667 1083 2704 ad
1098 2666 1250 2705 Eckhel.
1266 2668 1430 2706 Docti-in.
1447 2680 1582 2705 numm.
1599 2672 1686 2706 vett.

1032 2722 1050 2761 I
1074 2722 1245 2773 Prolegg.
1272 2737 1359 2774 pag.
1384 2723 1520 2761 XXIII.
1580 2724 1686 2768 Quae

1034 2791 1116 2817 cum
1138 2779 1189 2817 ita
1206 2781 1300 2828 sint,
1330 2780 1376 2817 ab
1406 2780 1558 2829 antiqua
1585 2779 1686 2818 Lau-

1034 2836 1141 2872 rentii
1159 2835 1288 2874 Vallae
1302 2841 1339 2875 et
1355 2835 1497 2874 Aemilii
1518 2836 1621 2874 Porti
1630 2837 1686 2874 in-

1034 2893 1314 2944 terpretatione,
1334 2906 1442 2944 quam
1462 2893 1616 2932 eandem
1626 2906 1687 2932 se-
