1777 3324
530 238 952 279 EUTERPE.
999 239 1045 276 ΙΙ.

1324 242 1407 281 887

135 351 336 406 ”Αμασις,
385 352 615 406 μίσγεσθαι
645 346 728 391 οὐκ
770 344 862 398 οἷός
901 363 945 391 τε
975 346 1163 402 ἐγένετο·
1221 349 1319 403 τῇσι
1361 349 1407 392 δὲ

146 430 299 486 ἄλλῃσι
338 429 507 485 γυναιξὶ
547 429 714 483 ἐχρᾶτο.
773 427 864 471 ἐπεί
903 443 947 470 τε
985 426 1031 470 δὲ
1070 424 1232 470 πολλὸν
1273 429 1404 470 τοῦτο

143 509 303 564 ἐγίνετο
319 541 331 560 ,
379 506 468 551 εἶπε
497 505 520 550 ὁ
551 505 730 562 ’Ἀμασις
758 506 870 563 πρὸς
907 507 987 563 τὴν
1016 506 1213 562 Λαδίκην
1240 504 1405 563 ταύτην
1416 514 1460 548 75

112 585 432 642 4καλεομένην·
491 580 575 638 „³⁴52
604 584 761 642 γύναι,
799 585 911 630 κατά
940 601 992 641 με
1022 584 1297 641 ἐφάρμαξας,
1330 586 1404 629 καὶ

139 665 262 718 ,,ὲ’στι
291 681 361 709 τοι
389 663 572 721 οὐδεμία
598 665 766 722 μηχανή
796 666 854 723 μὴ
897 664 981 709 οὐκ
1020 663 1294 709 ἀπολωλέναι
1323 663 1402 708 κά-
1463 677 1544 718 192

111 751 298 796 5,,κιστα
337 745 582 801 γυναικείων
620 745 835 789 πασέων.“
895 743 955 787 ‘H
989 745 1034 789 δὲ
1074 746 1263 801 Λαδίκη,
1312 743 1405 787 ἐπεί

138 823 183 868 τέ
213 826 254 868 οἱ
284 821 526 881 ἀρνευμένῃ
557 822 688 868 ου’δὲν
718 825 880 880 ἐγίνετο
900 824 1143 882 πρηΰτερος
1165 822 1187 867 ὁ
1209 823 1402 880 Ἄμασις,

140 903 308 960 εὔχεται
342 904 389 947 ἐν
417 908 476 961 τῷ
506 903 596 962 νόῳ
633 908 685 961 τῇ
712 904 969 963 Ἀφροδίτῃ,
1000 903 1056 961 ἦν
1077 906 1120 948 οἱ
1140 901 1201 947 ἐπ’
1232 904 1400 960 ἐκείνην
1415 911 1459 944 80

138 981 217 1038 τήν
246 983 384 1027 νύκτα
421 987 556 1040 μιχθῇ
588 982 611 1027 ὁ
638 983 842 1040 Ἄμασις,
890 988 1022 1028 τοῦτο
1058 982 1141 1040 γάρ
1181 985 1224 1027 οἱ
1261 986 1402 1027 κακοῦ

138 1060 250 1106 εἶναι
289 1066 443 1119 μῆχος,
493 1061 664 1118 ἄγαλμά
701 1064 746 1106 οῖ
784 1061 1058 1120 ἀποπέμψειν
1094 1062 1138 1114 ἐς
1177 1062 1403 1119 Κυρήνην.

75 1141 243 1198 ’6μετά
277 1143 323 1185 δὲ
362 1142 441 1199 τὴν
481 1141 610 1198 εὐχὴν
658 1139 814 1186 αὐτίκα
854 1145 898 1186 οἱ
947 1143 1100 1198 ἐμίχθη
1143 1140 1166 1186 ὁ
1197 1141 1401 1198 ’'Apam-

136 1222 210 1264 καὶ
239 1220 287 1265 τὸ
319 1221 527 1264 ἐνθεῦτεν
555 1220 639 1278 ἤδη
671 1220 795 1265 ὁκότε
826 1222 950 1266 ἔλθοι
979 1221 1088 1276 πρὸς
1117 1220 1277 1274 αὐτὴν,
1311 1221 1401 1277 ἐμί-

105 1308 284 1355 Ἱσγετο·
313 1301 387 1343 καὶ
417 1299 558 1355 κάρτα
588 1318 664 1357 μιν
694 1302 860 1357 ἔστερξε
888 1301 992 1357 μετά
1021 1304 1166 1344 τοῦτο.
1196 1299 1291 1357 ἡδὲ
1312 1304 1403 1344 Λα-

135 1381 233 1436 δίκη
263 1377 455 1423 ἀπέδωκε
483 1379 562 1436 τήν
591 1378 722 1436 εὐχὴν
757 1385 810 1436 τῇ
849 1384 953 1437 θεῷ.

1014 1380 1287 1437 ποιησαμένη
1315 1379 1400 1436 γάρ
1414 1387 1458 1422 85

137 1458 308 1516 ἄγαλμα
346 1456 562 1515 ἀπέπεμψε
602 1460 644 1511 ἐς
673 1459 907 1516 Κυρήνην,
961 1459 1010 1504 τὸ
1042 1459 1105 1503 ἔτι
1142 1461 1215 1503 καὶ
1257 1461 1300 1511 ἐς
1330 1460 1401 1515 ἐμὲ

134 1535 189 1596 ἦν
219 1539 349 1591 σόον,
391 1539 469 1591 ἔξω
502 1539 798 1596 τετραμμένον
826 1544 905 1583 τοῦ
936 1540 1204 1596 Κυρηναίων
1234 1537 1399 1590 ἄστεος.

134 1710 290 1764 γυναιξὶ
323 1710 519 1764 ἐχρᾶτο]
554 1713 639 1757 Qua
668 1725 731 1750 ea-

78 1769 162 1806 dem
187 1769 368 1807 loeutione
393 1768 530 1806 Noster
551 1783 636 1806 usus
667 1769 732 1817 IV,

80 1826 181 1872 113,
222 1825 356 1862 indicat
384 1839 623 1874 congressum,
650 1839 731 1862 con-

77 1882 232 1919 cubitum
255 1882 321 1918 viri
346 1896 426 1919 cum
446 1883 591 1920 femina.
642 1881 731 1930 „Tu

76 1939 170 1976 conf.
192 1938 356 1975 Eustath.
379 1940 427 1976 ad
453 1939 587 1988 Odyss.
614 1939 648 1986 I,
680 1939 730 1979 13

75 2007 160 2046 pag.
182 1997 246 2038 10,
268 1995 321 2035 52
350 1996 408 2032 ed.
432 1995 570 2033 Basil.“
601 1994 665 2032 Cr.
685 2017 731 2022 —

74 2051 116 2089 In
135 2064 238 2100 seqq.
267 2050 450 2101 plerisque
475 2052 574 2089 libris
604 2056 732 2089 aucto-

74 2108 173 2145 ribus
193 2107 375 2145 omisimus
399 2109 422 2147 δ
432 2105 456 2159 ἠ
468 2139 480 2158 ,
511 2109 612 2158 quod
632 2108 728 2158 vulg.

74 2167 160 2216 post
180 2160 263 2203 εἶπε
282 2163 483 2213 legebatur.

132 2215 302 2272 ου’δεμία
319 2219 497 2274 μηχανή]
528 2223 667 2261 Confer
682 2222 729 2270 ΙΙ,

79 2279 169 2319 160.
201 2299 257 2305 -—
286 2277 327 2315 In
352 2292 456 2329 seqq.
477 2278 728 2316 Gaisfordium

78 2334 209 2382 secuti,
229 2334 399 2372 librorum
417 2340 640 2373 vetustorum
663 2349 730 2373 au-

74 2391 241 2428 ctoritate
258 2392 467 2429 refinximus
493 2391 639 2444 ἐγίνετο
661 2406 729 2443 pro

77 2446 173 2495 vulg.
189 2445 338 2498 ἐγένετο
359 2453 395 2485 et
426 2448 467 2488 ἐν
489 2451 545 2503 τῷ
563 2445 643 2503 νόῳ
662 2463 729 2499 pro

78 2502 171 2552 vulg.
193 2502 235 2542 ἐν
256 2507 306 2558 τῇ
325 2508 425 2559 νηῷ,
446 2507 546 2556 quod
569 2506 729 2556 glossam

80 2571 206 2609 sapere
229 2560 385 2599 videtur.

134 2610 198 2654 ἐπ’
241 2615 397 2669 ἐκείνην
453 2616 526 2670 τήν
575 2615 726 2670 νύκτα]

79 2670 290 2711 Schaeferus
319 2687 363 2712 ex
395 2677 601 2714 coniectura
620 2690 730 2726 repo-

81 2727 150 2763 suit
180 2725 263 2767 ‘v‘n'
291 2729 448 2783 ἐκείνην
484 2729 558 2782 τὴν
587 2729 727 2781 νύκτα,

80 2795 234 2832 eumque
264 2789 377 2824 secuti
410 2793 497 2826 sunt
524 2789 728 2838 Schweigh.

81 2842 117 2874 et
134 2839 249 2877 Gaisf.
296 2842 387 2880 Mihi
412 2858 498 2882 vero
517 2845 616 2882 nulla
633 2846 730 2883 iusta

81 2897 243 2933 mutandi
259 2911 366 2937 causa
387 2906 551 2952 apparet.
610 2902 731 2953 Supra

800 1713 837 1760 I,
857 1714 912 1754 32
940 1713 1120 1751 invenitur
1150 1709 1218 1753 ἐπ’
1241 1709 1458 1764 ἦμέρηνς

799 1769 870 1806 alia
895 1770 941 1807 de
975 1771 1247 1820 praepositione
1275 1767 1339 1808 ἐπὶ
1366 1772 1458 1806 tem-

799 1839 868 1877 pus
892 1826 1100 1874 indicante,
1130 1827 1191 1864 ubi
1210 1830 1378 1875 quartum
1394 1838 1457 1862 ca-

799 1896 878 1920 sum
908 1883 1119 1920 adiunctum
1153 1883 1284 1928 habet,
1315 1882 1458 1919 notavi-

798 1952 878 1977 mus
898 1941 947 1977 ad
963 1938 1018 1987 II,
1039 1943 1131 1982 119.
1162 1940 1270 1977 Conf.
1294 1939 1340 1987 ΙΙ,
1363 1939 1455 1979 133.

855 2055 971 2092 τοῦτο
1006 2047 1080 2104 γάρ
1117 2051 1158 2091 οἷ
1184 2053 1314 2091 κακοῦ
1353 2046 1455 2090 εἶναι

799 2124 826 2160 μ
838 2110 897 2159 ῆχ
910 2124 929 2148 0
943 2108 986 2159 ς]
1017 2112 1143 2160 μῆχος
1162 2108 1369 2155 remedium,
1399 2107 1454 2158 ef-

791 2165 942 2216 fugium
965 2165 1191 2203 illustrarunt
1214 2164 1380 2212 Aeschyli
1399 2165 1455 2200 in-

797 2227 963 2272 terprett.
983 2224 1031 2260 ad
1055 2222 1271 2272 Agamemn.
1296 2225 1331 2263 2.
1364 2221 1457 2257 Pro-

796 2280 906 2316 meth.
932 2279 1036 2327 605,
1090 2279 1151 2316 ubi
1184 2279 1261 2316 vid.
1291 2277 1454 2314 Elmsleii

795 2337 927 2373 review
951 2337 994 2373 of
1020 2335 1235 2374 Blomfields
1266 2333 1453 2372 Prometh.

796 2406 832 2444 p.
856 2395 935 2433 187
964 2394 1022 2430 ed.
1042 2392 1146 2443 Lips.

852 2448 921 2488 καὶ
942 2448 981 2495 ἐς
1006 2447 1089 2500 ἐμὲ
1117 2443 1181 2499 ἦν
1206 2443 1337 2493 σόον]
1367 2446 1452 2483 Vid.

797 2519 906 2556 supra
926 2506 960 2553 1,
984 2510 1059 2553 66,
1092 2506 1154 2543 ubi
1177 2506 1241 2544 603
1256 2519 1316 2543 αι.
1351 2503 1454 2540 Con-

796 2564 868 2600 fert
886 2563 1106 2612 Wesseling.
1137 2561 1185 2608 V,
1205 2564 1270 2603 96.
1301 2559 1366 2607 VI,
1387 2562 1453 2600 86.

795 2618 902 2666 Vlll,
944 2621 1010 2661 39.
1079 2620 1206 2663 Quare
1251 2617 1453 2662 reiecimus,

796 2676 897 2726 quod
945 2676 1002 2713 hic
1038 2676 1075 2713 in
1113 2674 1296 2713 nonnullis
1337 2676 1455 2710 exstat

799 2734 936 2771 σῶον.
965 2754 1021 2760 -
1050 2731 1109 2769 Ad
1137 2727 1388 2781 ποιησαμένη
1415 2730 1453 2765 in

795 2790 960 2840 proxime
980 2789 1171 2827 anteeedd.
1183 2788 1278 2825 conf.
1297 2786 1343 2832 ΙΙ,
1359 2787 1450 2825 127.

856 2845 930 2893 ἔξω
947 2844 1213 2897 τετραμμένον
1233 2845 1305 2882 τοῦ
1318 2844 1452 2892 Κυρη-

798 2902 926 2942 ναίων
953 2899 1105 2953 ἄστεος]
1126 2902 1330 2951 „Statuam
1347 2902 1453 2935 nota-
