1759 3324
510 276 925 316 EUTERPE.
986 276 1030 314 11.

1310 281 1393 319 849

130 389 250 444 ὕδωρ
279 388 323 440 ἐς
352 385 512 442 αὐτήν·
555 382 683 441 ἦκται
723 384 769 428 δὲ
810 385 1057 440 κατύπερθε
1094 384 1244 440 ὀλίγον
1274 389 1390 429 Βου-

130 469 307 523 βάστιος
335 465 505 517 πόλιος,
535 463 654 519 παρὰ
684 462 927 521 Πάτουμον
956 464 1035 520 τήν
1069 461 1274 522 Ἀραβίην
1302 465 1385 509 πό-
1402 472 1447 505 25

71 673 238 710 oneraria
252 685 439 722 permeare
454 674 580 724 possit.
600 671 633 709 A
647 685 721 722 quo

70 729 287 766 dissentiens
307 729 444 766 Plinius
468 735 601 767 centum
616 730 722 779 pedes

69 785 182 822 latum
224 799 304 822 esse
335 790 457 823 narrat
494 787 656 823 canalem
686 791 723 823 et

69 842 312 891 quadraginta
334 843 564 892 profundum.
600 843 720 886 Quam

69 898 248 936 diversam
277 899 502 936 latitudinem
534 913 554 937 e
580 899 724 936 diversa

67 954 226 991 locorum
266 956 407 1001 indole,
451 969 522 1004 qna
552 957 722 993 effectum

68 1012 136 1058 sit,
166 1016 205 1048 nt
224 1011 301 1048 aliis
327 1012 490 1061 partibus
511 1011 644 1049 canalis
665 1012 721 1050 vel

69 1068 186 1115 magis
219 1067 275 1104 vel
315 1069 432 1105 minus
468 1069 560 1105 latus
597 1069 720 1116 fuerit,

69 1124 239 1173 explicari
267 1137 378 1173 posse
412 1130 536 1161 censet
555 1124 610 1161 Le
627 1124 720 1162 Pere

67 1179 89 1216 l.
111 1181 132 1216 l.
151 1193 236 1230 pag.
256 1183 308 1221 60
321 1209 332 1226 ,
362 1180 430 1217 hoc
454 1182 563 1217 modo
581 1185 719 1218 certum

67 1249 147 1273 esse
167 1237 360 1282 adficiens,
382 1237 564 1274 minimam
583 1237 719 1274 canalis

67 1293 295 1330 latitudinem
333 1306 413 1330 eam
449 1307 556 1341 esse,
609 1306 719 1342 quam

66 1349 277 1386 Herodotus
326 1350 472 1387 indicet.
538 1350 598 1387 De
645 1363 718 1398 quo

66 1406 235 1454 equidem
257 1407 452 1444 decernere
467 1407 588 1443 nolim.
635 1406 720 1443 Ma-

66 1461 127 1499 lim
154 1463 201 1498 ad
234 1462 395 1500 Heeren.
434 1463 575 1511 (ldeen
610 1462 664 1509 ΙΙ,
692 1465 718 1502 2

66 1531 102 1568 p.
124 1518 208 1560 402
231 1519 326 1567 seq.)
356 1519 525 1568 ablegare
554 1519 719 1567 lectores,

67 1574 147 1623 qui,
178 1588 257 1612 cum
278 1576 473 1612 triremibus
494 1582 616 1627 aptum
638 1576 718 1612 No-

65 1636 139 1668 ster
163 1632 293 1669 dixerit
322 1632 482 1669 canalem
506 1662 516 1679 ,
560 1633 717 1670 eundem

65 1700 139 1724 non
185 1689 384 1725 commercii
422 1702 529 1726 causa
567 1689 717 1725 ductum

64 1744 177 1781 fuisse
196 1745 337 1791 statuit,
377 1746 442 1781 sed
474 1745 638 1782 bellicum
668 1747 716 1781 ad

67 1814 169 1837 nsum
183 1829 193 1847 ‚
224 1813 296 1848 qno
317 1801 444 1838 melius
468 1814 573 1849 reges
593 1801 717 1849 Aegy-

64 1857 116 1907 pti
136 1861 249 1894 terras
274 1858 452 1906 proximas
474 1858 601 1894 ditioni
628 1871 716 1895 suae

65 1913 219 1950 adiicere
248 1918 409 1962 possent.
467 1913 548 1951 Nec
569 1919 716 1964 postera

63 1973 184 2007 aetate
201 1969 352 2006 multum
375 1970 527 2008 valuisse
553 1970 714 2008 canalem

64 2026 112 2062 ad
140 2027 390 2062 commercium
426 2028 714 2076 promovendum

61 2085 188 2132 putat,
215 2083 427 2132 praesertim
451 2097 529 2120 cum
563 2084 715 2132 naviga-

63 2140 115 2175 tio
148 2151 214 2188 per
242 2143 417 2176 extremas
443 2139 585 2176 Arabici
614 2140 713 2177 sinus

61 2198 183 2245 partes
205 2195 310 2233 valde
337 2197 383 2233 sit
410 2196 563 2239 difficilis
587 2200 625 2234 et
643 2209 712 2247 pe-

61 2251 224 2289 riculosa.

117 2301 227 2357 ’ἧκτει
247 2304 288 2346 δὲ
299 2303 711 2360 κατύπερθε-παρά

65 2361 283 2415 Πάτουμον
315 2362 390 2415 τήν
420 2360 611 2417 Ἀραβίην
643 2362 711 2404 πό-

63 2418 149 2470 λιν]
187 2422 298 2458 Haud
325 2435 435 2472 opus,
474 2427 514 2458 nt
544 2422 711 2471 equidem

66 2477 200 2523 sentio,
240 2491 319 2515 cum
358 2478 541 2515 Larchero
573 2492 712 2528 ponere

62 2538 233 2582 punctum
255 2538 340 2584 post
365 2531 522 2582 πόλιος,
562 2540 601 2572 ut
628 2536 712 2572 reli-

64 2601 136 2636 qua
154 2589 222 2627 hoc
240 2592 349 2627 modo
366 2591 579 2640 iungantur:
601 2589 709 2642 παροέ

67 2640 284 2696 Πάτουμον
301 2643 374 2697 τήν
399 2643 475 2699 Ἀρ.
495 2645 610 2686 πόλιν
632 2647 711 2687 ἐσέ-

63 2713 121 2750 χει
138 2699 178 2747 ἐς
197 2698 270 2752 τὴν
288 2697 366 2753 Ἑρ.
386 2701 615 2750 θάλασσαν,
637 2705 712 2742 616-

63 2760 120 2793 cta
147 2758 318 2807 particula
347 2758 390 2798 δέ
421 2763 531 2810 (post
553 2759 709 2810 ἐσέχει),

63 2813 161 2849 euius
191 2813 269 2852 loco
303 2828 394 2853 unus
433 2817 524 2854 liber
559 2818 712 2867 praebet

64 2864 126 2918 δή.
174 2869 310 2913 Quidni
328 2873 423 2908 enim
443 2873 634 2910 Herodoto
656 2874 712 2910 di-

64 2936 143 2961 cere
164 2924 279 2962 licuit:
318 2928 463 2965 ductum
491 2942 573 2966 esse
603 2941 712 2966 cana-

118 2978 324 3019 Hssnonor.
356 2983 383 3020 Ι.

790 671 859 710 16111
880 672 944 719 (ex
963 670 1070 718 Nilo)
1098 671 1207 722 paulo
1238 683 1347 721 snpra
1369 670 1443 708 Bu-

790 730 915 766 bastin
942 729 1088 774 urbem,
1127 729 1224 765 iuxta
1250 728 1442 775 Patumon,

789 784 947 822 Arabiae
973 785 1099 822 urbem
1136 785 1275 834 (quam
1307 798 1354 821 sc.
1383 797 1442 820 ur-

790 842 872 879 bem
893 842 1170 891 praeterfluat),
1193 842 1238 878 ab
1259 854 1302 878 ea
1321 845 1440 877 autem

792 898 890 936 haud
908 897 1033 948 procnl
1054 898 1090 933 in
1111 911 1210 935 mare
1230 896 1354 935 exire?
1383 896 1442 934 De

790 954 949 991 Bubastz'
968 954 1120 990 diximus
1141 955 1189 991 ad
1208 954 1264 1000 11,
1280 956 1346 994 60.

847 1007 955 1063 παρά
989 1006 1206 1061 Πάτουμον
1231 1006 1305 1060 τήν
1332 1005 1440 1061 Ἀρα-

789 1068 883 1119 βίην
921 1062 1062 1116 πόλιν]
1117 1067 1274 1104 Arabz'ae
1309 1066 1440 1103 dicitur

788 1125 895 1171 urbs,
925 1124 1023 1172 quod
1051 1136 1176 1160 omnes
1193 1123 1357 1172 Aegypti
1379 1136 1440 1159 ur-

788 1182 852 1218 bes
876 1193 897 1217 a
924 1179 1012 1217 Nilo
1040 1178 1211 1216 Arabiam
1237 1192 1361 1216 versus
1390 1179 1439 1215 si-

786 1242 846 1274 tae
872 1236 940 1273 hoc
966 1236 1113 1273 nomine
1138 1236 1245 1284 vulgo
1273 1235 1440 1272 afficiam

786 1298 864 1341 tur,
895 1296 1067 1329 monente
1081 1291 1352 1329 Schlichthorst.
1371 1291 1393 1328 l.
1413 1292 1435 1328 l.

786 1372 843 1377 --
876 1348 1046 1386 Patumos
1078 1348 1189 1396 urbs,
1226 1361 1336 1396 quam
1360 1347 1437 1384 lau-

787 1408 851 1443 dat
870 1405 1079 1455 Stephanus
1093 1405 1333 1453 Byzantinus,
1353 1404 1437 1441 olim

789 1463 886 1499 haud
908 1463 1049 1499 diversa
1069 1475 1150 1499 esse
1173 1461 1365 1498 videbatur
1389 1461 1436 1497 ab

787 1532 830 1556 ea
861 1519 970 1565 urbe,
1012 1530 1107 1567 quae
1129 1518 1166 1554 in
1199 1517 1307 1554 sacris
1337 1516 1435 1553 libris

786 1579 938 1612 vocatur
961 1573 1104 1611 Pithom
1120 1575 1257 1622 (Εἰπὲ-1)
1284 1574 1389 1610 exod.
1408 1573 1436 1619 l,

788 1635 859 1678 11,
889 1636 925 1668 et
956 1632 993 1667 in
1016 1632 1160 1668 Graeca
1186 1630 1350 1668 versione
1374 1628 1436 1667 ‘H-

786 1684 902 1737 ρώων
919 1684 1039 1734 πόλις.
1098 1687 1147 1724 At
1168 1686 1378 1735 Heroopolz’n
1397 1687 1435 1723 in

784 1745 911 1781 intimo
937 1744 1036 1781 sinus
1054 1743 1197 1780 Arabici
1223 1756 1367 1781 recessu
1387 1743 1436 1779 si-

783 1805 858 1837 tam
878 1801 1043 1837 novimus
1056 1829 1067 1847 ‚
1088 1800 1147 1836 nbi
1164 1800 1263 1836 fossa
1285 1812 1327 1836 ex
1347 1798 1433 1835 Nilo

784 1858 892 1894 ducta
913 1858 949 1893 in
968 1869 1068 1894 mare
1089 1857 1194 1903 exiit,
1219 1855 1432 1892 commercio

782 1913 887 1951 valde
904 1915 1092 1951 florentem
1114 1912 1327 1962 praesertim
1345 1911 1433 1948 Pto-

780 1970 1000 2007 lemaeorum
1014 1974 1146 2006 aetate.
1166 1967 1433 2005 Yidschlieht-

781 2026 893 2063 horst.
913 2026 935 2063 1.
955 2026 977 2063 1.
1009 2025 1191 2062 Mannert.
1212 2025 1233 2060 1.
1258 2023 1279 2060 1.
1302 2024 1432 2073 11.514

780 2104 837 2110 --
850 2083 931 2124 517
952 2087 988 2120 et
1005 2082 1169 2132 inprimis
1190 2081 1345 2117 Roziere
1362 2080 1383 2115 l.
1407 2080 1430 2116 1.

779 2153 816 2190 p-
842 2140 932 2180 135.
957 2139 1035 2180 147
1054 2151 1157 2187 seqq.
1178 2140 1269 2178 162.
1309 2136 1432 2179 Quare

779 2200 865 2246 post
883 2195 973 2232 alios
993 2193 1219 2244 Champollio
1242 2193 1333 2241 l’Eg.
1348 2206 1431 2229 sous

779 2252 801 2289 1.
823 2252 925 2302 phar.
949 2251 982 2288 ΙΙ
999 2265 1033 2301 p.
1047 2251 1231 2292 58——62
1252 2250 1431 2286 Patrimon

780 2321 860 2347 eam
881 2322 960 2346 esse
974 2308 1162 2345 contendit
1179 2307 1318 2351 urbem,
1338 2318 1432 2354 quae

778 2365 937 2414 Aegypt.
956 2365 1102 2401 nomine
1120 2367 1271 2400 vocetur
1284 2362 1431 2408 Timum,

779 2423 816 2458 111
835 2422 987 2458 introitu
1006 2422 1113 2458 sitam
1129 2419 1314 2465 convallis,
1336 2430 1432 2467 quae

777 2491 846 2529 per
871 2483 1013 2515 montes
1044 2476 1219 2513 Arabicos
1252 2476 1432 2514 orientem

778 2548 902 2572 versus
933 2535 1141 2585 porrigatur
1173 2545 1287 2580 usque
1315 2532 1362 2567 ad
1382 2531 1432 2567 si—

777 2604 864 2628 num
883 2590 1076 2627 Arabicum
1094 2590 1184 2635 sere,
1204 2588 1266 2625 ubi
1286 2587 1432 2624 Heroo-

777 2647 868 2698 polis
900 2651 954 2684 est
989 2647 1069 2683 sita.
1127 2645 1217 2681 Inde
1246 2643 1430 2680 Mannert.

778 2704 800 2741 l.
819 2704 841 2741 l.
868 2716 952 2753 pag.
965 2703 1046 2744 506
1078 2700 1255 2738 Patumon
1284 2713 1327 2736 eo
1352 2699 1431 2735 loco

778 2761 889 2797 fuisse
923 2759 1025 2806 vult,
1066 2758 1127 2794 ubi
1163 2770 1258 2794 nunc
1282 2755 1433 2805 Belbeys

779 2817 826 2853 sit
846 2820 1046 2862 exstructa,
1071 2815 1143 2850 duo
1161 2813 1325 2850 milliaria
1343 2825 1433 2861 geo-

779 2872 953 2922 graphica
988 2871 1177 2909 meridiem
1222 2882 1348 2906 versus
1386 2868 1432 2903 ab

778 2930 870 2966 urbe
910 2928 1074 2965 Bubasti.
1143 2926 1206 2963 Cr.
1236 2923 1433 2973 adscripsit

1102 2983 1158 3021 54
