1759 3324
509 257 937 297 EUTERPE.
984 258 1030 295 Π.

126 404 151 422 „
163 372 249 413 Δία
262 403 272 415 ..

1304 261 1389 301 579

329 369 400 410 καὶ
438 366 515 410 τόν
556 365 639 409 οὐκ
676 366 841 410 ἐθέλειν
881 365 1077 421 ὀφθῆναι
1114 363 1197 409 ὑπ’
1229 363 1384 411 αὐτοῦ.

92 457 146 500 5,,
160 450 279 497 τέλος
308 447 376 496 δὲ,
409 445 500 488 ἐπεί
528 461 572 488 τε
592 446 815 499 λιπαρέειν
834 446 912 489 τὸν
934 443 1170 501 Ἡρακλέα,
1201 444 1277 488 τὸν
1296 447 1385 489 Δία
1397 453 1441 489 25

126 560 152 578 ‚,
163 522 496 582 μηχανήσασθαι
510 556 521 573 ,

574 522 703 578 κριὸν
732 523 1008 578 ἐκδείραντα,
1054 522 1318 579 προέχεσθαί
1340 542 1385 570 τε

123 604 236 659 „miv
263 602 457 659 κεφαλήν
486 601 766 658 ἀποταμόντα
794 607 874 647 τοῦ
902 606 1057 656 κριοῦ,
1095 602 1168 646 καὶ
1197 601 1384 647 ἐνδύντα

93 681 207 734 6,,τό
238 680 393 735 νάκος,
443 682 559 725 οὕτω
589 681 633 726 οἷ
674 682 839 727 ἑωυτὸν
867 682 1095 734 ἐπιδέξαι.“
1145 680 1247 726 Ἀπὸ
1276 682 1383 727 τού-

120 778 201 804 του
229 759 568 817 κριοπρόσωπον
596 764 676 805 τοῦ
705 760 814 812 Διὸς
849 759 1056 819 τῶγαλμα
1091 765 1264 805 ποιεῦσι
1294 763 1376 805 Αἰ-

60 991 201 1038 nuisse‚
232 1004 327 1040 quae
354 990 389 1028 h.
410 990 433 1028 l.
460 992 628 1041 proditur
656 993 713 1029 fa-

59 1047 163 1094 bula,
194 1060 275 1085 eam
301 1048 348 1084 ad
369 1048 525 1085 rationes
542 1048 710 1098 physicas

60 1104 291 1153 siderumque
317 1108 472 1141 meatum
492 1105 605 1142 videri
628 1118 711 1155 spe-

59 1164 155 1197 ctare
167 1189 177 1207 ‚
210 1160 386 1209 siquidem
407 1160 491 1197 talia
508 1161 711 1198 istiusmodi

59 1216 188 1253 fabulis
208 1229 229 1253 a
247 1218 428 1254 veteribus
448 1217 630 1254 declarata
654 1219 712 1254 fu-

58 1273 131 1310 isse
150 1273 237 1309 satis
255 1276 311 1311 est
323 1276 459 1310 notum.
489 1274 713 1322 Cogitabant

59 1329 153 1366 enim
169 1329 363 1366 Herculem
391 1329 502 1366 solem
517 1330 711 1377 vernalem,

57 1386 118 1434 qui
139 1386 333 1434 quotannis
352 1398 436 1423 vere
458 1385 606 1423 ineunte
630 1399 711 1423 cur-

57 1454 135 1478 sum
161 1455 265 1479 suum
299 1442 490 1480 coelestem
522 1442 710 1480 instituere

57 1497 183 1545 soleat,
214 1511 287 1547 quo
307 1512 328 1536 e
347 1503 445 1536 terra
462 1499 582 1535 omnia
600 1499 709 1536 semi—

54 1567 102 1591 na
114 1554 150 1591 in
170 1554 279 1591 altum
296 1556 494 1593 educantur
512 1560 547 1593 et
563 1555 611 1592 ad
630 1568 708 1592 ma-

53 1612 235 1648 turitatem
254 1613 477 1661 perveniant.
500 1612 557 1649 Cf.
576 1613 706 1649 Creuz.

54 1666 208 1716 Dionys.
241 1680 327 1717 pag.
358 1667 437 1708 146
461 1681 538 1717 seq.
597 1668 708 1712 Quod

54 1723 172 1772 ipsum
194 1725 230 1760 in
249 1723 335 1760 illud
354 1724 439 1760 anni
459 1728 601 1774 tempus
620 1724 709 1761 inci-

54 1780 128 1826 dit,
158 1780 220 1817 ubi
246 1780 299 1817 sol
331 1785 496 1818 versatur
521 1780 557 1816 in
585 1780 705 1818 arietis

53 1836 160 1884 signo
190 1837 360 1884 coelesti,
409 1837 510 1886 quod
551 1838 705 1887 primum

53 1893 200 1929 omnino
227 1895 342 1931 fertur
369 1893 406 1930 in
441 1892 705 1944 Aegyptiorum

53 1948 237 1996 zodiaco,
276 1950 450 1999 quodque
481 1949 563 1986 hinc
593 1950 703 1987 etiam

52 2018 189 2042 summo
218 2006 311 2043 Iovis
334 2006 480 2044 numine
513 2006 706 2044 tesseraria

49 2062 189 2099 ratione
206 2063 393 2099 indicatur.
418 2063 509 2100 Inde
520 2062 704 2112 explican-

51 2119 136 2155 dum
158 2118 251 2155 lovis
271 2119 418 2167 (Amun,
449 2119 510 2168 qui
531 2120 614 2157 ideo
638 2131 704 2169 ap-

50 2174 226 2225 pellatur)
260 2180 367 2226 caput
405 2176 595 2213 arietinum
632 2188 705 2212 una

51 2244 130 2268 cum
149 2232 333 2278 cornibus3
362 2233 447 2270 inde
467 2233 574 2270 etiam
598 2245 704 2282 repe-

49 2288 181 2324 tendus
208 2288 358 2326 interior
392 2288 555 2336 fabulae,
594 2301 702 2337 quam

50 2342 259 2382 Herodotus
285 2347 445 2395 profert,
484 2358 631 2391 sensus,
664 2345 702 2381 in

51 2412 122 2447 qua
141 2413 233 2449 quae
244 2401 410 2439 Herculis
430 2416 458 2439 s.
470 2401 577 2449 Hori,
607 2414 702 2450 quae

51 2455 146 2492 Iovis
175 2457 245 2495 sint
272 2463 418 2508 partes,
459 2458 700 2507 intelligimus.

53 2511 177 2554 Quare
202 2525 224 2549 a
245 2526 331 2551 vero
350 2515 497 2552 minime
517 2515 700 2561 abhorret,

51 2569 152 2615 quod
171 2568 299 2607 Creuz.
316 2571 499 2621 (Symbol.
511 2571 545 2608 II
565 2585 600 2621 p.
618 2570 699 2613 205

53 2623 130 2660 coll.
152 2623 165 2659 Ι
182 2637 217 2673 p.
237 2629 318 2668 278
336 2629 433 2677 seq.)
461 2628 517 2664 hic
543 2632 701 2665 tessera-

51 2678 104 2715 rie
121 2679 267 2718 indicari
291 2688 393 2732 putat
412 2685 447 2720 in
468 2684 585 2721 euntis
608 2684 700 2722 veris

51 2736 191 2772 festum.
229 2738 327 2782 Quin
347 2740 554 2790 anaglypha
576 2740 700 2790 Aegy-

51 2791 174 2840 ptiaca
191 2791 247 2830 ille
263 2793 399 2843 laudat,
430 2797 466 2832 in
482 2797 609 2845 quibus
627 2797 701 2835 tale

52 2846 140 2895 quid
157 2849 313 2886 exbiberi
332 2852 501 2889 videmus.

108 2898 176 2942 τόν
189 2905 265 2942 Δία
276 2903 597 2959 μηχανήσασθαι,
619 2923 701 2961 κρι-

781 988 830 1031 όν
845 1013 902 1020 --
920 990 1162 1043 προέχεσθαί
1191 1005 1232 1030 τε
1258 1005 1294 1030 κ.
1323 1004 1355 1030 τ.
1374 992 1432 1039 λ.]

780 1048 981 1085 Particulae
998 1049 1179 1086 defectum
1199 1048 1236 1084 in
1258 1048 1312 1084 his
1333 1052 1437 1086 notat

779 1104 910 1141 Matth.
928 1105 993 1141 Gr.
1015 1105 1080 1141 Gr.
1101 1118 1137 1154 p.
1159 1105 1278 1145 1293.
1317 1104 1435 1154 Equi-

779 1161 863 1198 dem
876 1161 1070 1198 infiuitivos
1082 1165 1274 1210 sequentes
1294 1161 1340 1198 ab
1352 1162 1433 1210 ipso

778 1218 891 1255 verbo
929 1212 1238 1268 μηχανήσασθαι
1272 1218 1434 1266 pendere

778 1274 940 1311 dixerim.
979 1295 1035 1301 —
1080 1274 1153 1310 Pro
1193 1271 1433 1324 προέχεσθαι

778 1329 999 1379 Wesseling.
1018 1329 1144 1366 maluit
1165 1329 1432 1380 προσχέσθαις

779 1386 846 1424 sed
863 1388 1093 1435 refragantur
1112 1385 1192 1422 libri
1222 1386 1356 1436 scripti.
1377 1407 1432 1413 —

776 1457 899 1488 νακος
912 1444 959 1479 de
976 1442 1097 1479 arietis
1111 1442 1243 1480 vellere
1253 1443 1323 1478 acci
1329 1442 1433 1491 pien-

777 1500 887 1546 dum,
918 1512 961 1536 ex
975 1498 1144 1535 Bochart.
1168 1499 1306 1535 monuit
1327 1498 1431 1536 Wes-

776 1556 960 1605 selingius.
991 1555 1160 1603 „Dicitur
1184 1545 1304 1592 autffl
1324 1570 1430 1605 νακη

776 1617 813 1650 et
847 1626 993 1659 νακος,
1049 1615 1143 1648 teste
1174 1611 1340 1648 Eustath.
1381 1611 1431 1648 ad

776 1669 912 1719 Odyss.
932 1668 1014 1715 XV,
1033 1667 1114 1708 535
1136 1681 1222 1718 pag.
1246 1667 1330 1708 560
1354 1668 1428 1704 Ba-

775 1724 827 1762 sil.
837 1726 861 1744 ‘⁶
885 1724 949 1762 Cr.
979 1724 1147 1774 Apollon.
1168 1723 1258 1761 Lex.
1277 1724 1428 1760 Homer.

772 1794 810 1832 Ρ-
830 1780 912 1822 468
930 1781 988 1819 ed.
1011 1780 1107 1817 Tou.
1131 1775 1261 1830 νάκην
1281 1780 1429 1831 exponit

772 1834 854 1904 τήν
868 1839 940 1876 τοῦ
960 1833 1072 1888 αιγός
1093 1832 1231 1886 δοραν.

829 1888 907 1933 vind
943 1890 1086 1933 τούτου
1122 1888 1429 1945 κριοπρόσωπον

771 1952 844 1989 τοῦ
860 1946 955 1997 Διὸς
972 1946 1157 2014 τῶγαλμα
1175 1964 1209 1988 κ.
1229 1965 1260 1988 τ.
1276 1948 1326 1999 λ.]
1348 1950 1428 1987 Hoc

772 2008 860 2044 satis
886 2006 1165 2057 explicaturus,
1195 2019 1290 2055 quae
1317 2006 1426 2056 paulo

771 2068 858 2101 ante
879 2064 1093 2100 monuimus.
1117 2062 1216 2100 Nam
1236 2062 1427 2112 respicitur

771 2120 826 2157 sol
845 2120 882 2156 in
903 2120 1024 2157 arietis
1053 2120 1159 2168 signo
1181 2118 1329 2156 coelesti
1345 2131 1427 2156 ver-

772 2189 867 2214 sans.
897 2176 989 2214 Inde
1000 2179 1054 2213 tot
1063 2175 1328 2225 Aegyptiorum
1338 2187 1426 2212 ana-

771 2233 909 2284 glypha
928 2233 1050 2270 Iovem
1071 2233 1222 2270 arietina
1250 2232 1344 2269 facie
1369 2232 1425 2268 in-

771 2291 910 2338 signem
936 2292 1231 2340 repraesentant3
1261 2288 1348 2325 inde
1369 2287 1424 2325 vel

771 2346 922 2383 Graecis
956 2350 1065 2383 notus
1102 2345 1266 2396 Iuppiter
1302 2344 1423 2381 arietis

769 2403 887 2452 capite
908 2407 1018 2451 atque
1033 2402 1214 2439 cornibus.
1233 2400 1421 2438 Vidflirt.

767 2459 890 2496 Ueber
911 2459 1175 2508 Gegenstande
1203 2458 1268 2495 der
1294 2459 1420 2507 agypt.

766 2515 889 2553 Kunst
918 2520 984 2553 etc.
1012 2528 1096 2565 pag.
1128 2514 1207 2555 125
1230 2526 1307 2563 seq.
1336 2514 1423 2561 „10-

767 2585 849 2610 vem
881 2571 1099 2609 Ammonem
1141 2571 1241 2621 quod
1281 2571 1422 2617 attinet,

769 2629 816 2665 de
836 2629 911 2666 eius
927 2628 1078 2678 templo,
1091 2628 1192 2676 quod
1204 2626 1343 2664 Thebis
1355 2630 1422 2672 est,

769 2685 841 2721 vid.
861 2685 1081 2722 Strabonem
1103 2683 1207 2721 XVII
1232 2696 1319 2734 pag.
1340 2683 1422 2723 815

769 2754 797 2778 s.
818 2742 899 2782 597
924 2740 959 2777 T
963 2741 1058 2777 zsch.
1090 2740 1256 2783 Quocum
1272 2751 1422 2789 compo-

767 2798 889 2835 nenda
910 2804 966 2835 est
981 2797 1163 2846 Descript.
1184 2797 1231 2834 de
1255 2795 1420 2845 l’Egypt.

766 2853 921 2903 Antiqq.
940 2853 1010 2889 vol.
1028 2853 1110 2902 ΙΙΙ).
1127 2851 1208 2893 255
1229 2865 1331 2900 seqq.
1352 2850 1420 2888 Ni-

768 2910 897 2947 mirum
917 2909 1013 2947 Iovis
1037 2908 1225 2946 Ammonis
1245 2906 1419 2958 templum

1050 2966 1144 3004 37*
