1805 3315
336 229 421 271 12⁰

755 227 1222 270 HERODOTI

292 346 316 383 4
337 337 543 391 πλίνθια,
573 341 734 384 λευκοῦ
762 341 951 396 χρυσοῦ,
982 337 1180 394 σταθμὸν
1210 335 1453 381 διτάλαντα.
1482 336 1616 382 ἐποιέ-

339 431 408 460 ετο
466 417 513 460 δὲ
571 418 645 461 καὶ
711 419 885 471 λέοντος
948 415 1096 461 εἰκόνα
1168 420 1338 472 χρυσοῦ
1394 415 1616 474 ἀπέφθου,

293 612 362 650 tiat
386 611 553 651 Valcker.
585 613 642 663 (in
660 615 725 663 iis,
743 627 839 665 quae
857 614 945 651 scri-

294 672 360 720 pta
402 669 487 706 olim
534 672 810 708 communicavit
864 682 944 707 cum

295 725 522 774 Creuzero),
552 727 582 762 si
601 727 748 775 quidem
769 725 886 763 solido
900 738 944 763 ex

295 793 384 817 auro
418 782 571 819 fuissent
600 782 752 830 lateres,
808 783 945 832 quippe

297 849 424 873 omnes
447 850 557 886 pares
583 842 618 874 et
638 838 888 886 magnitudine
909 841 946 874 et

296 893 472 942 pondere.
537 893 615 930 Sed
647 893 717 930 hoc
750 894 869 943 ipsum
902 904 946 929 ex

297 948 477 985 Herodoti
494 949 613 986 verbis
634 948 728 986 effici
747 962 858 999 posse
879 961 945 985 ne-

297 1006 380 1052 gat,
410 1005 510 1054 apud
529 1017 637 1053 quem
652 1005 783 1042 lateres
808 1018 881 1041 non
904 1016 947 1041 ex

297 1072 386 1097 auro
411 1060 504 1108 fusi,
534 1061 600 1098 sed
629 1060 759 1099 malleo
783 1062 881 1098 ducti
904 1073 948 1097 ex

297 1128 386 1153 auro
416 1118 566 1154 confuso
594 1117 747 1166 intelligi
765 1118 947 1162 debeant3

298 1172 395 1210 unde
420 1185 496 1210 non
520 1173 657 1211 solidos
686 1173 842 1221 lateres,
882 1173 949 1210 sed

297 1229 396 1266 intus
415 1242 521 1266 cavos
542 1242 630 1268 auro
649 1230 844 1281 purissimo
866 1233 948 1266 tan-

298 1289 375 1322 tum
404 1285 582 1323 obductos
607 1287 720 1325 fuisse
750 1286 946 1324 contendit.

298 1340 368 1389 At,
397 1342 493 1379 dicat
511 1343 591 1392 quis
604 1372 614 1391 ,
631 1343 763 1380 lateres
786 1342 836 1380 illi
855 1341 947 1379 mal—

299 1397 358 1436 leo
398 1398 495 1435 ducti
527 1399 558 1435 si
591 1399 667 1436 cavi
695 1403 820 1447 erant,
858 1411 947 1435 auro

299 1467 392 1505 puro
408 1458 548 1492 tantum
569 1456 738 1504 obducti,
769 1469 836 1493 nec
861 1454 948 1492 soli-

300 1511 339 1547 di
354 1511 450 1557 auri3
479 1512 604 1560 quidni
623 1512 720 1550 idem
738 1512 785 1550 de
799 1511 947 1560 reliquis

298 1566 471 1604 lateribus
492 1568 768 1606 existimandum
789 1572 826 1606 et
858 1568 947 1618 ipsis

300 1622 431 1661 malleo
448 1623 593 1661 ductis?
620 1638 705 1662 nam
721 1625 850 1662 eodem
869 1637 949 1661 mo-

302 1679 350 1716 do
369 1680 436 1717 hos
459 1692 608 1729 quoque
635 1681 839 1718 elaboratos
860 1681 949 1717 fuis-

301 1748 342 1772 se
353 1764 363 1782 ,
382 1735 564 1774 Herodoti
573 1737 683 1775 verba
701 1737 865 1775 dubitare
875 1749 949 1774 non

300 1791 436 1829 sinunt.

357 1861 435 1899 Sed
465 1862 536 1899 iam
562 1860 634 1898 alia
668 1860 767 1900 haud
798 1862 872 1900 scio
902 1874 950 1899 an

301 1918 447 1968 gravior
487 1917 646 1956 exoritur
679 1918 875 1957 difficultas
911 1918 950 1955 in

302 1975 384 2025 ipso
414 1975 579 2024 pondere
618 1974 848 2022 definiend03
895 1975 952 2012 cui

302 2030 500 2069 solvendae
521 2043 580 2067 me
601 2031 748 2079 quidem
769 2032 868 2069 haud
884 2043 951 2081 pa-

301 2099 379 2124 rem
427 2099 510 2124 esse
557 2087 742 2125 confiteor.
807 2087 951 2125 Monuit

303 2142 400 2180 enim
409 2142 548 2180 WVurm.
568 2142 635 2190 (de
652 2145 791 2193 pondd.
813 2156 948 2181 numm.

303 2199 458 2236 rationn.
478 2203 544 2236 etc.
572 2211 659 2249 pag.
677 2200 731 2242 49
749 2201 845 2250 not.)
872 2205 950 2238 tum

303 2266 350 2293 ex
380 2253 490 2291 Attici
517 2255 625 2305 pedis
648 2256 847 2306 talentique
874 2269 952 2294 ma-

303 2310 515 2360 gnitudine,
544 2315 620 2347 tum
652 2325 696 2349 ex
717 2325 759 2350 ea
785 2313 952 2360 lectione,

304 2378 400 2416 quae
418 2366 472 2417 2ss
490 2365 707 2405 talentorum
723 2369 869 2419 pondus
889 2369 954 2406 tri-

304 2423 383 2459 buit
404 2426 558 2472 quatuor
584 2423 765 2472 prioribus
795 2425 953 2474 quadra-

304 2479 352 2515 tis
364 2507 381 2526 ‚q
404 2478 525 2515 redire
549 2479 654 2515 nobis
684 2480 880 2528 talentum,
909 2493 953 2518 ex

304 2534 384 2571 istis
397 2534 473 2570 auri
489 2535 645 2584 purioris
658 2537 843 2584 quadratis
854 2549 952 2573 com-

305 2593 470 2641 putatum
481 2604 536 2623 =
545 2592 624 2631 130
634 2590 746 2629 librae
754 2592 954 2638 parisinae,

307 2645 424 2695 qualis
455 2646 629 2696 ponderis
672 2648 807 2684 nullum
854 2648 953 2697 apud

308 2702 503 2752 scriptores
539 2702 706 2751 antiquos
752 2703 954 2754 reperiatur

307 2757 498 2795 talentum!
535 2759 661 2801 Quare
685 2758 741 2797 vel
765 2760 802 2796 in
829 2772 954 2798 ninne-

308 2813 358 2851 ris
385 2818 572 2863 peccatum
608 2827 691 2852 esse
729 2828 752 2852 a
790 2815 956 2862 librariis,

310 2868 367 2908 vel
383 2871 431 2909 de
447 2870 571 2909 talenti
590 2871 822 2922 palaestaeve
843 2884 957 2921 gene-

1010 625 1049 651 re
1076 613 1239 663 quodam
1266 613 1373 652 nobis
1405 614 1531 664 ignoto
1562 613 1660 664 loqui

1010 669 1241 707 Herodotum
1259 671 1448 708 existimat.
1478 670 1660 720 Equidem

1010 725 1130 762 malim
1157 726 1226 763 hoc
1249 740 1412 775 sumere,
1440 726 1565 764 talenti
1595 740 1661 776 ge-

1010 794 1079 817 nus
1097 782 1143 819 ab
1162 782 1354 820 Herodoto
1365 783 1582 821 intellectum
1592 797 1660 820 nos

1010 837 1144 884 latere,
1172 838 1330 887 indeque
1352 840 1459 877 etiam
1484 853 1659 877 summam

1012 893 1186 943 ponderis
1215 895 1336 941 aurei,
1377 895 1478 944 quod
1505 909 1526 933 e
1553 897 1660 934 variis

1012 949 1068 985 his
1089 949 1248 985 donariis
1276 950 1450 998 efficitur,
1477 951 1536 988 vix
1563 957 1662 990 certo

1015 1004 1158 1042 definiri
1171 1018 1294 1054 posse.
1343 1006 1470 1044 Prodit
1488 1008 1662 1046 nonnulla

1013 1060 1200 1098 Diodorus
1233 1061 1343 1109 XVI,
1373 1063 1445 1110 56,
1479 1077 1560 1101 cum
1583 1065 1662 1102 He-

1015 1117 1178 1154 rodoteis
1206 1118 1264 1154 vix
1293 1119 1524 1156 concilianda.
1582 1119 1664 1157 Alia

1014 1174 1167 1211 tentavit
1188 1173 1415 1222 Larcherus,
1443 1175 1501 1213 vel
1528 1177 1664 1226 pofiuS‚

1013 1242 1122 1278 quem
1167 1229 1312 1278 laudat,
1377 1231 1664 1282 Barthelemyus

1013 1286 1106 1323 Mihi
1133 1290 1254 1324 tamen
1282 1286 1486 1324 istiusmodi
1516 1302 1665 1340 compu-

1012 1343 1170 1380 tationes
1196 1343 1363 1380 videntur
1385 1357 1515 1394 parum
1545 1350 1666 1385 certae

1014 1403 1051 1436 et
1071 1399 1294 1446 firmae3hoc
1312 1412 1423 1437 unum
1442 1409 1666 1452 compertum

1012 1455 1149 1493 habeo:
1179 1468 1354 1493 summam
1393 1458 1471 1494 auri
1504 1459 1666 1508 argenti-

1014 1525 1086 1561 que
1139 1513 1252 1550 fuisse
1297 1514 1391 1561 vim,
1439 1526 1668 1564 magnasque

1015 1568 1146 1606 Croesi
1164 1582 1206 1606 ac
1224 1567 1412 1618 Lydorum
1432 1571 1596 1618 divitiam,
1625 1575 1666 1609 ut

1015 1625 1053 1661 in
1066 1625 1294 1676 proverbium
1318 1625 1397 1663 illas
1417 1627 1518 1665 abire
1526 1627 1668 1679 potuis-

1014 1693 1056 1720 se
1078 1682 1227 1719 minime
1246 1682 1293 1719 sit
1309 1682 1450 1720 mirum.

1072 1747 1245 1789 ἐποιέετο
1268 1748 1311 1789 δὲ
1335 1748 1404 1790 καὶ
1435 1750 1592 1799 λέοντος
1614 1751 1664 1793 εἶ·

1015 1801 1119 1846 κόνα
1138 1821 1174 1845 κ.
1193 1819 1224 1844 τ.
1246 1808 1300 1853 λ.]
1332 1807 1435 1845 Haec
1456 1813 1493 1847 et
1509 1822 1666 1859 sequen-

1016 1863 1068 1900 tia
1095 1863 1194 1913 apud
1224 1862 1447 1902 Priscianum
1483 1865 1666 1914 leguntur,

1016 1919 1097 1957 loco
1115 1919 1274 1957 laudato.
1331 1920 1408 1958 Ubi
1427 1934 1506 1959 cum
1528 1922 1667 1961 inveni-

1017 1980 1098 2013 atur
1115 1972 1324 2016 κατεκάετο
1336 2005 1348 2025 ,
1376 1977 1445 2015 hoc
1464 1982 1591 2016 nostro
1612 1978 1668 2015 lo-

1017 2045 1059 2070 co
1089 2033 1270 2070 exstitisse
1291 2037 1397 2083 putat
1422 2033 1664 2072 Lindemann.

1016 2101 1102 2140 pag.
1120 2090 1215 2130 376.
1275 2089 1346 2126 Cui
1369 2095 1488 2138 recte,
1515 2092 1548 2128 si
1578 2091 1667 2141 quid
1692 2114 1699 2126 ‚·

1016 2145 1144 2192 video,
1173 2145 1362 2183 oblocutus
1386 2151 1443 2185 est
1463 2147 1667 2185 Hermann.
1682 2153 1709 2185 Ρ

1017 2202 1123 2252 (pag.
1142 2202 1226 2243 397
1245 2203 1373 2251 ibid),
1404 2204 1574 2252 quoniam
1597 2203 1688 2242 unc-'i‘

1016 2253 1177 2297 τεκάετο
1209 2258 1330 2296 Attica
1348 2260 1469 2310 potius
1487 2260 1535 2297 sit
1550 2261 1679 2305 forma

1020 2327 1062 2352 ac
1081 2313 1239 2363 vulgaris
1259 2315 1411 2354 dialecti.
1469 2315 1530 2353 Ad
1559 2329 1681 2365 argu-⁴.

1019 2375 1180 2408 mentum
1191 2371 1260 2408 loci
1271 2371 1340 2409 hoc
1353 2372 1469 2409 teneri
1485 2372 1648 2410 volumus
1659 2386 1668 2409 :

1018 2426 1160 2464 leonem
1180 2428 1350 2465 aCroeso
1369 2428 1574 2466 dedicatum
1586 2441 1670 2466 esse

1020 2496 1041 2520 e
1060 2483 1234 2531 religione
1249 2482 1456 2532 Lydorum,
1482 2484 1543 2521 ubi
1555 2483 1612 2520 sol
1624 2491 1670 2521 nc

1019 2538 1158 2587 reliqua
1183 2539 1303 2576 sidera
1328 2540 1556 2589 potissimum
1586 2542 1670 2576 sunt

1020 2595 1232 2643 spectanda.
1287 2594 1451 2632 Pertinet
1479 2607 1524 2632 eo
1543 2607 1670 2632 narra-

1018 2649 1070 2686 tio
1096 2650 1143 2687 de
1172 2649 1351 2698 Hercule,
1381 2652 1443 2700 qui
1466 2650 1522 2689 vel
1544 2652 1670 2700 regiae

1022 2705 1145 2755 stirpis
1165 2707 1330 2742 conditor
1360 2707 1445 2744 olim
1474 2708 1670 2752 ferebatur,

1022 2762 1180 2812 pertinet
1199 2774 1243 2799 eo
1263 2762 1371 2810 illud,
1401 2776 1475 2812 quo
1500 2777 1611 2814 supra
1629 2763 1669 2800 in

1025 2817 1144 2866 Gygis
1167 2818 1291 2855 sabula
1315 2818 1380 2867 (Ι,
1403 2821 1482 2868 12)
1511 2820 1670 2858 attendi-

1023 2886 1125 2922 muS‚
1161 2875 1344 2925 pertinent
1371 2889 1416 2914 eo
1446 2876 1538 2926 alia,
1573 2889 1669 2928 quae
