1759 3324
340 289 427 330 40⁰

752 286 1222 329 HERODOTI

338 398 404 454 τῷ
433 390 511 454 ἦεν
533 396 588 440 τά
614 397 842 455 βασιλήϊοε,
871 395 1088 456 περιβόλῳ
1120 397 1289 457 μεγάλῳ
1314 412 1358 441 τε
1387 396 1461 441 καὶ
1478 397 1599 452 ἰσχυ-

342 478 420 534 ρῷ·
451 474 500 519 ἐν
527 475 574 520 δὲ
601 480 664 534 τῷ
693 474 846 535 ἑτέρῳ,
875 476 986 530 Διὸς
1011 476 1161 536 Βήλου
1189 476 1290 533 ἱρὸν
1308 475 1599 533 χαλκόπυλον,

285 678 433 738 ριβόλῳ
455 697 536 736 μεγ.
551 698 592 723 τε
609 681 676 722 καὶ
695 682 843 736 ἰσχυρῷ
859 697 939 722 cum

284 740 489 789 Schweigh.
512 740 666 790 suppleo
679 739 940 790 τετειχισμένα

284 811 334 835 sc.
361 793 408 835 τὰ
429 797 632 846 βασίλεια,
662 800 701 832 ut
721 809 850 832 sensus
871 797 938 834 sit:

283 856 323 891 in
353 853 468 889 altera
507 851 643 902 quidem
669 852 813 902 (parte)
839 855 941 900 regia

284 909 371 947 aula
401 909 470 956 (sc.
503 912 684 945 exstructa
711 909 808 955 erat)
836 912 938 945 vasto

285 967 439 1003 circuitu
458 963 655 1013 validoque.
705 963 938 1001 Gaisfordius

285 1025 452 1073 repetere
475 1020 611 1058 mavult
639 1033 661 1058 e
688 1020 937 1070 superioribus

284 1079 405 1129 ipsum
445 1076 651 1127 τετείχιστο
690 1076 850 1126 indeque
887 1077 940 1113 sic

284 1135 402 1173 locum
422 1134 698 1184 interpretatur:
727 1135 766 1170 in
790 1137 940 1183 utraque

284 1191 381 1230 urbis
398 1192 538 1239 regione
567 1191 779 1227 munimenta
799 1194 940 1228 exstru-

286 1252 347 1286 cta
367 1251 488 1286 erant.-
516 1249 555 1284 z'n
573 1260 614 1285 ea
632 1246 787 1294 scilicet,
808 1249 846 1285 in
869 1259 942 1298 qua

284 1307 389 1354 ‘regia
422 1303 532 1350 aula,
579 1305 828 1341 munimentum
863 1305 942 1341 erat

285 1365 427 1400 vastum
454 1359 689 1411 validumque.
749 1361 855 1404 Quae
884 1361 941 1397 in-

285 1417 500 1468 terpretatio
518 1417 603 1454 mihi
625 1417 772 1466 quidem
794 1417 840 1454 ab
860 1416 941 1454 He·

285 1475 406 1512 rodoti
438 1487 549 1512 sensu
579 1474 751 1511 aberrare
782 1473 939 1520 videtur,

286 1545 367 1570 cum
400 1530 613 1568 Herodotus
642 1530 689 1568 de
702 1543 773 1566 uno
797 1533 939 1567 tantum

286 1587 452 1626 aedificio
490 1586 592 1636 regio
628 1586 721 1623 vasti
761 1590 799 1624 et
827 1585 939 1623 validi

286 1644 455 1682 circuitus
490 1643 675 1693 loquatur,
714 1641 812 1679 illam
851 1654 939 1680 vero

285 1700 620 1750 interpretationem
639 1699 669 1735 si
684 1699 863 1748 sequanis,
885 1698 941 1735 bi—

285 1769 334 1794 na
354 1757 530 1805 distingui
555 1756 735 1803 debeant,
766 1759 802 1793 et
820 1756 941 1806 ipsum

285 1813 571 1860 munimentum,
622 1816 659 1850 et
696 1811 799 1861 regia
836 1810 940 1859 aula,

285 1874 483 1919 utrumque
499 1869 538 1906 in
558 1881 631 1907 una
653 1869 858 1918 eademque
877 1880 940 1904 ur-

284 1926 342 1964 bis
366 1926 518 1976 regione
562 1929 794 1964 exstructum.
851 1923 941 1962 Dis-

285 1986 391 2033 putat
413 1995 560 2032 quoque
587 1982 634 2019 de
659 1981 729 2018 hoc
751 1981 831 2018 loco
854 1992 940 2017 cen-

285 2051 349 2075 sor
378 2039 417 2076 in
442 2038 594 2089 Ephem.
624 2037 790 2075 Ienenss.
828 2037 938 2077 1817

285 2107 340 2131 nr·
367 2095 447 2135 165
474 2107 562 2144 pag·
582 2095 686 2140 383,
716 2093 771 2130 cui
799 2091 940 2142 praeci-

285 2163 360 2201 pue
383 2150 504 2199 placet
533 2149 711 2187 Gronovii
729 2148 938 2187 emendatio

285 2205 434 2243 voculae
449 2199 523 2257 ἧεν
543 2206 579 2242 in
600 2204 684 2256 μέν.

343 2260 386 2301 ἐν
406 2264 459 2316 τῷ
475 2256 548 2312 ἦεν
565 2258 613 2300 τοὶ
633 2255 837 2313 βασιλήϊα]
856 2259 941 2299 Ple-

288 2331 442 2368 rumque
460 2318 625 2356 Diodoro
644 2322 789 2355 auctore
800 2317 821 2354 l.
835 2317 858 2354 l.
872 2317 939 2354 has

286 2375 399 2413 aedes
417 2375 538 2423 regias
558 2375 595 2411 in
614 2374 827 2412 occidentali
840 2374 940 2410 urbis

285 2435 392 2482 parte
431 2431 546 2468 fuisse
581 2434 743 2468 statuunt
778 2430 938 2479 indeque

286 2487 485 2536 colligunt,
515 2486 595 2524 Beli
625 2486 798 2537 templum
821 2486 858 2523 in
885 2485 938 2522 al-

286 2547 366 2581 tera
381 2548 505 2594 parte,
535 2556 629 2593 quae
657 2542 842 2581 orientalis
868 2546 938 2590 est,

285 2600 447 2652 positum
466 2599 551 2636 olim
567 2599 691 2637 fuisse.
723 2599 843 2643 Quam
854 2611 939 2637 sen-

286 2657 438 2694 tentiam
473 2655 530 2693 vel
569 2655 769 2694 Rennelius
807 2659 941 2702 tuetur,

285 2725 373 2764 pag.
410 2711 495 2755 542
523 2725 650 2761 seqq.,
687 2713 939 2762 impugnatam

285 2768 440 2820 posthac
459 2781 481 2807 a
494 2767 666 2816 Fortem,
688 2781 796 2818 quem
817 2767 939 2816 sequi-

285 2829 346 2863 tur
354 2825 530 2872 Heeren.,
548 2824 620 2862 alia
632 2837 781 2874 quoque
797 2824 938 2860 addens

286 2886 501 2931 argumenta
531 2881 664 2929 (ldeen
683 2880 721 2928 Ι,
748 2884 775 2922 2
797 2893 833 2930 p.
857 2881 939 2920 177

287 2938 414 2991 seqq.)
441 2942 552 2990 atque
569 2936 748 2976 Miinter.:
777 2937 840 2976 die
858 2935 937 2974 Re-

1005 684 1068 734 lig.
1100 685 1136 723 d.
1157 683 1337 734 Babylon.
1364 697 1451 735 pag.
1467 682 1522 725 48
1540 695 1658 733 seqq.,

1007 743 1067 778 ubi
1089 742 1135 779 de
1155 741 1279 791 templi
1300 743 1435 789 forma,
1466 745 1596 778 ornatu
1616 753 1660 777 ac

1005 798 1090 835 fatis
1101 798 1191 847 ipsis
1202 797 1305 847 plura
1317 802 1516 834 narrantur.
1547 796 1660 840 Quod

1007 854 1103 890 enim
1133 853 1319 891 Diodorus
1359 854 1506 901 scribit,
1535 853 1574 889 id
1605 853 1658 889 ita

1006 909 1256 959 explicandum
1275 909 1350 946 vult
1370 910 1545 957 Heeren.,
1568 909 1659 946 fuis-

1006 978 1047 1003 se
1074 965 1221 1014 quidem
1251 965 1290 1001 in
1323 965 1534 1004 occidentali
1559 964 1658 1002 urbis

1005 1025 1112 1072 parte
1149 1020 1267 1058 aulam
1304 1022 1442 1070 regiam
1455 1050 1466 1068 ,
1505 1034 1659 1070 eamque

1005 1082 1166 1115 veterem
1187 1077 1301 1115 videri
1311 1090 1333 1114 a
1345 1078 1584 1115 Semiramide
1596 1090 1660 1115 ex-

1008 1138 1180 1171 structam
1202 1138 1287 1172 ante
1307 1133 1577 1171 Chaldaeorum
1596 1145 1660 1171 ae-

1007 1195 1141 1238 tatem,
1170 1191 1233 1240 qui
1253 1189 1404 1227 alteram
1427 1202 1547 1228 arcem
1561 1189 1662 1238 regi·

1009 1260 1068 1285 am
1090 1260 1176 1284 mox
1196 1247 1234 1283 in
1248 1246 1361 1284 altera
1379 1246 1403 1283 i.
1426 1259 1458 1284 e.
1481 1245 1661 1293 orientali,

1007 1304 1107 1341 urbis
1133 1307 1238 1354 parte
1263 1303 1524 1351 exstruxerint,
1559 1302 1661 1340 cuius

1009 1361 1118 1399 etiam
1145 1360 1329 1408 hodieque
1355 1360 1495 1396 maiora
1521 1363 1558 1398 et
1583 1371 1660 1396 am-

1007 1416 1124 1468 pliora
1138 1416 1323 1466 supersint
1338 1417 1471 1453 rudera
1489 1428 1598 1465 quam
1608 1414 1662 1452 al·-

1007 1474 1119 1511 terius
1151 1473 1243 1510 arcis
1273 1471 1487 1521 antiquioris
1508 1473 1547 1509 in
1567 1471 1662 1509 occi-

1008 1529 1145 1567 dentali
1159 1532 1262 1579 parte
1281 1532 1497 1566 exstructae.
1554 1528 1661 1566 Haec

1009 1586 1040 1622 si
1078 1586 1309 1636 perpendaS,
1349 1588 1509 1632 statues,
1537 1584 1661 1622 Hero-

1009 1643 1135 1679 dotum
1152 1642 1209 1679 hic
1227 1642 1274 1679 de
1301 1654 1345 1679 ea
1372 1641 1474 1689 regia
1492 1639 1575 1677 aula
1604 1640 1660 1678 lo-

1008 1700 1188 1748 qui,quae
1209 1698 1403 1749 posteriori
1419 1701 1541 1735 aetate
1563 1700 1661 1733 stru-

1008 1760 1066 1793 cta
1101 1768 1183 1792 esse
1217 1755 1382 1792 videatur
1415 1753 1452 1790 in
1496 1752 1662 1790 orientali

1006 1815 1112 1863 parte
1124 1840 1136 1859 ,
1159 1823 1269 1860 quam
1286 1811 1395 1849 etiam
1413 1810 1528 1861 priori
1548 1809 1660 1846 vasfi-

1007 1881 1108 1906 orem
1133 1871 1170 1905 et
1202 1867 1416 1917 ampliorem
1434 1865 1574 1913 fuisse,
1602 1866 1662 1903 vix

1008 1924 1174 1961 dubitare
1211 1923 1305 1961 licet.
1380 1922 1501 1959 Huius
1534 1921 1661 1972 palatii

1006 1981 1138 2018 rudera
1160 1979 1197 2015 in
1218 1979 1319 2026 colle,
1338 1979 1395 2016 cui
1414 1991 1510 2016 nunc
1523 1990 1660 2016 nomen

1007 2035 1264 2074 IlIudsclzellibe
1298 2035 1476 2083 inveniri,
1508 2039 1661 2072 conten-

1005 2093 1059 2130 dit
1095 2092 1362 2129 recentissimus
1409 2090 1663 2141 peregrinator

1005 2148 1268 2197 Buckingham.
1286 2150 1323 2185 in
1351 2147 1509 2185 itinerar.
1529 2147 1659 2185 Meso-

1005 2209 1142 2256 potam.
1164 2204 1342 2252 (Berolin.
1368 2205 1495 2252 1828)
1516 2217 1554 2254 p.
1574 2203 1660 2245 477

1006 2260 1086 2299 coll.
1107 2261 1190 2303 472
1210 2274 1314 2310 seqq.
1336 2259 1419 2302 483
1432 2288 1443 2307 ‚
1475 2273 1556 2297 cum
1574 2260 1660 2297 olim

1007 2330 1120 2369 prave
1147 2318 1185 2354 in
1211 2317 1281 2354 hoc
1306 2316 1397 2356 colle
1431 2316 1514 2355 Beli
1539 2328 1661 2355 arcem

1007 2374 1230 2426 posuissent.

1060 2427 1157 2478 Διὸς
1182 2425 1317 2481 Βήλου
1346 2425 1430 2482 [obv
1462 2423 1662 2480 χαλκόπυ-
1732 2431 1733 2434 ’

1005 2486 1101 2538 λον]
1149 2487 1220 2524 Est
1248 2487 1374 2536 utique
1406 2485 1505 2524 Baal
1531 2499 1562 2523 s.
1591 2485 1661 2524 Bel

1004 2548 1132 2581 notum
1169 2544 1321 2581 deorum
1362 2542 1558 2580 multorum
1593 2555 1662 2593 per
1728 2555 1730 2562 ’

1006 2599 1134 2637 Asiam
1171 2611 1376 2648 cognomen
1390 2627 1402 2646 ,
1460 2611 1533 2648 quo
1571 2598 1661 2636 nihil

1006 2658 1122 2694 ferme
1138 2655 1237 2692 aliud
1255 2655 1325 2692 nisi
1347 2654 1523 2692 donn'num
1541 2655 1663 2706 expri-

1006 2712 1056 2750 mi
1071 2711 1181 2760 vulgo
1200 2715 1373 2749 statuunt.
1430 2711 1494 2749 Tu
1508 2711 1592 2750 vide
1611 2712 1660 2749 de
1724 2757 1725 2764 ἵ

1005 2767 1076 2805 hoc
1104 2767 1257 2805 deorum
1278 2781 1415 2817 genere
1437 2768 1662 2807 Creuzerum

1005 2824 1044 2860 in
1071 2824 1265 2872 Symbolic.
1292 2824 1326 2862 Π
1353 2837 1441 2875 pag.
1470 2825 1524 2866 85
1554 2836 1661 2874 seqq.

1006 2880 1061 2921 88
1082 2892 1186 2930 seqq.
1241 2880 1320 2918 Iam
1342 2881 1556 2919 Herodotus
1587 2893 1661 2929 quo

1008 2936 1162 2986 Graeci,
1179 2937 1314 2988 quibus
1331 2937 1535 2986 scribebat,
1554 2935 1663 2975 intel-
