1759 3324
338 279 425 320 386

756 273 1228 315 HERODOTI

8 398 140 431 sissent,
173 398 206 424 a
230 395 290 438 inei
347 387 555 443 στρατόν,
614 383 884 439 ὑπεξιόντες,
941 386 1017 430 καὶ
1050 382 1286 441 μαχόμενοι
1327 379 1467 438 ὀλίγοι
1503 382 1615 439 πρὸς

9 429 174 470 pugnando
182 437 291 465 perus-

10 464 293 527 ssfffflffiffififfli

11 534 193 569 expugnata·

195 1581 298 1628 17⁹5

348 464 566 521 πολλοὺς,
596 464 751 522 ἀρετὰς
779 463 1108 509 ἀπεδείκνυντο·
1148 461 1411 513 ἑσσωθέντες
1440 461 1509 515 δὲ,
1539 462 1614 506 καὶ

347 544 672 602 κατειληθέντες
700 544 744 595 ἐς
769 543 819 587 τὸ
850 542 981 598 ἄστυ,

1022 542 1262 600 συνήλισαν
1302 542 1344 594 ές
1373 539 1452 598 τὴν
1481 538 1642 596 &nod-5

343 631 474 672 πολιν
502 622 580 676 τάς
608 640 653 668 τε
680 627 894 679 γυναῖκας
922 622 994 666 καὶ
1023 621 1076 665 τά
1104 623 1235 666 τέκνα
1262 621 1335 666 καὶ
1364 620 1417 664 τὰ
1449 619 1613 678 χρήμα-

344 722 400 750 τα
428 704 501 749 καὶ
528 701 633 753 τούς
661 699 848 752 οἰκέτας·
887 701 961 744 καὶ
991 701 1134 745 ἔπειτα
1162 700 1347 758 ὑπῆψαν
1375 701 1455 757 τὴν
1485 697 1615 755 ἀκρό-

317 787 481 828 Ξπολιν
508 784 655 825 πᾶσαν
682 778 848 836 ταύτην
875 781 1089 824 καίεσθαι.
1146 784 1284 824 ταῦτα
1327 780 1374 824 δὲ
1410 778 1616 836 ποιήσαν·

349 879 418 914 τες
445 861 520 905 καὶ
549 858 870 915 συνομόσαντες
898 858 1061 912 ὅρκους
1081 858 1276 913 δεινούς,
1304 857 1617 911 ὑπεξελθόντες

321 940 583 986 Βάπέθανον
619 936 778 989 πάντες
814 936 1006 986 Ξάνθιοι
1035 936 1284 994 μαχόμενοι.
1340 941 1429 981 τῶν
1458 938 1504 982 δὲ
1533 942 1619 982 νῦν

349 1021 530 1065 Λυκίων
560 1016 770 1075 φαμένων
798 1017 1009 1066 Ξανθίων
1046 1014 1181 1072 εἶναι,
1228 1017 1271 1060 οἱ
1299 1017 1471 1065 πολλοὶ,
1509 1017 1621 1074 πλὴν
1634 1025 1677 1059 10

351 1097 606 1156 ὀγδώκοντα
636 1097 827 1149 ἱστιέων,
867 1097 948 1140 εἶσὶ
980 1096 1213 1153 έπήλυδες’
1253 1097 1299 1140 αἱ
1328 1096 1373 1140 δὲ
1404 1093 1622 1151 ὀγδώκον-

351 1196 405 1223 τα
436 1179 566 1221 ἷστίαι
596 1171 724 1220 αὗται
754 1176 907 1233 ἔτυχον
935 1180 1172 1233 τηνικαῦτα
1210 1175 1520 1231 ἐκδημέουσαι,
1549 1175 1624 1219 καὶ

323 1257 474 1303 4οὕτω
505 1256 817 1313 περιεγένοντο.
847 1257 928 1313 τὴν
955 1256 1034 1312 μὲν
1063 1255 1115 1312 δὴ
1147 1254 1331 1304 Ξάνθον
1361 1253 1498 1306 οὕτως
1529 1254 1622 1311 ἔσχε

328 1335 384 1382 5ὁ
402 1336 638 1393 ιἍρπαγος.
678 1337 988 1392 παραπλησίως
1018 1336 1064 1380 δὲ
1094 1336 1167 1379 καὶ
1195 1333 1275 1390 τὴν
1305 1337 1489 1378 Καῦνον
1517 1334 1622 1391 ἔσχε.

353 1415 542 1473 καὶγὰρ
573 1417 618 1460 οἱ
656 1415 849 1460 Καύνιοι
884 1414 990 1466 τούς
1036 1415 1230 1465 Λυκίους
1265 1412 1529 1471 ἐμιμήσαντο
1569 1412 1682 1458 τὰ15

354 1495 482 1540 πλέω.

447 1574 511 1618 Τὰ
540 1573 622 1631 μέν
649 1589 735 1619 νυν
762 1570 882 1618 κάτω
904 1576 979 1629 τῆς
1003 1569 1146 1629 Ἀσίης
1164 1571 1386 1629 ’Ἅρπαγος
1407 1570 1628 1617 ἀνάστατα

27 1647 125 1683 Cyrus
136 1646 234 1674 Asiam
252 1645 305 1674 do-

26 1686 88 1711 mat
104 1682 300 1718 superiorem.

300 1750 445 1790 Arrian.
481 1747 657 1800 Expedit.
701 1745 900 1785 Alexandr.
927 1746 959 1796 Ι,

360 1860 426 1904 καὶ
453 1858 753 1912 κατειληθέντες
772 1858 813 1907 ἐς
841 1857 886 1899 τό
915 1855 962 1898 ἅ-

306 1931 400 1968 στυ,
431 1915 651 1970 συνήλισαν
680 1933 716 1956 κ.
746 1931 779 1957 τ,
809 1915 870 1966 λ.]
900 1915 961 1953 Ad

305 1973 602 2027 κατειληθέντες
621 1975 716 2012 conf.
745 1973 784 2019 Ι,
807 1972 872 2014 24.
894 1974 960 2012 80.

306 2053 363 2062 -
393 2029 612 2082 συνήλισαν
651 2029 962 2078 (congregarunt)

307 2092 406 2127 recte
427 2087 594 2125 meliores
622 2086 716 2123 libri.
763 2085 862 2122 Male
879 2084 963 2121 olim

309 2143 474 2182 nonnulli
503 2142 751 2191 συνείλησαν.
808 2140 868 2177 Ad
885 2153 964 2177 rem

308 2201 428 2251 ipsam
452 2201 547 2237 conf.
572 2198 730 2249 Appian.
746 2196 837 2234 Bell.
859 2196 963 2233 Civil.

308 2256 374 2304 IV,
397 2259 450 2298 80
482 2256 594 2303 (tom.
615 2254 649 2291 II
680 2266 766 2304 pag.
790 2255 872 2294 633
904 2253 962 2290 ed.

310 2312 560 2361 Schweigh.)‚
590 2311 653 2360 qui
685 2315 742 2348 ter
780 2309 962 2347 Xanthios

309 2368 433 2406 scn'bit
470 2372 543 2405 tam
581 2367 720 2404 illustre,
759 2365 964 2416 exemplum

308 2425 349 2461 in
366 2425 505 2462 tuenda
524 2424 689 2462 libertate
707 2423 878 2469 edidisse,
888 2422 963 2472 pri-

309 2493 406 2518 mum
424 2480 544 2527 istud,
574 2480 674 2529 quod
698 2483 822 2516 narrat
843 2479 964 2516 Hero-

308 2537 417 2574 dotus
427 2566 437 2584 ‚
459 2536 609 2573 alterum
626 2535 823 2572 Alexandri
833 2534 964 2583 Magni

309 2596 493 2643 tempore,
522 2592 686 2638 tertium,
718 2604 798 2628 cum
831 2591 964 2627 aBru-

311 2652 349 2686 to
387 2648 638 2697 Romanisque
685 2647 962 2693 obsiderentur3

311 2704 360 2743 de
379 2717 452 2754 quo
475 2705 606 2743 eodem
621 2703 723 2740 testis
746 2707 802 2740 est
820 2702 964 2739 Plutar-

310 2761 397 2799 chus
415 2761 454 2797 in
473 2760 575 2797 Brut.
591 2771 678 2810 pag.
701 2759 782 2800 998
795 2787 806 2804 ‚
827 2757 861 2795 D
883 2757 963 2795 coll.

308 2815 449 2855 Philon.
481 2817 592 2861 Quod
611 2815 728 2853 omnis
750 2814 860 2852 Prob.
877 2812 961 2851 Lib.

308 2886 396 2925 pag.
415 2874 510 2915 883.
532 2899 534 2902 s

365 2927 435 2970 καὶ
454 2928 586 2970 ἔπειτα
605 2926 782 2980 ὑπῆψαν
796 2948 844 2956 -·
859 2925 962 2967 καίε-

1029 1744 1150 1798 σθαι]
1171 1745 1344 1784 Infinitivi
1362 1745 1580 1784 abundantis
1606 1745 1685 1784 fere

1027 1816 1133 1840 usum
1152 1804 1322 1842 observat
1351 1802 1484 1840 Matth.
1512 1802 1577 1839 Gr.
1617 1802 1684 1840 Gr.

1029 1858 1067 1911 ξ.
1087 1861 1190 1907 535,
1208 1875 1228 1898 c
1255 1864 1332 1897 not.
1357 1863 1392 1900 1.
1428 1859 1612 1909 Equidem
1630 1857 1687 1896 lo-

1029 1929 1109 1953 cum
1139 1917 1189 1953 sic
1219 1916 1412 1967 explicem:
1453 1927 1532 1963 „ac
1563 1914 1687 1952 deinde

1028 1974 1144 2020 ignem
1164 1973 1380 2009 subiecerunt
1395 1985 1423 2009 s,
1444 1971 1687 2019 accenderunt,

1029 2031 1083 2065 ita
1102 2032 1142 2065 ut
1160 2032 1235 2065 tota
1255 2041 1324 2065 arx
1344 2030 1506 2079 flammis
1525 2028 1685 2066 absume-

1030 2086 1165 2122 retur.“
1194 2085 1270 2122 Ubi
1291 2085 1362 2122 iam
1382 2083 1471 2122 nihil
1493 2085 1687 2123 abundare

1029 2142 1184 2179 videtur.

1088 2199 1172 2236 ταῖν
1191 2193 1233 2236 δὲ
1255 2198 1333 2235 νῦν
1363 2195 1532 2236 Λυκίων
1563 2193 1688 2248 φαμέ-

1031 2269 1114 2294 νων
1137 2252 1328 2296 Ξανθίων
1359 2249 1485 2304 εῖναι]
1515 2252 1575 2291 De
1610 2254 1690 2291 Ge-

1029 2311 1141 2348 nitivo
1168 2310 1382 2359 Ξανθίων,
1421 2310 1484 2359 qui
1511 2309 1689 2347 infinitivo

1031 2367 1200 2414 additur,
1228 2367 1369 2404 monuit
1387 2365 1520 2403 Matth.
1544 2364 1581 2417 §.
1605 2367 1689 2408 536

1031 2436 1119 2474 pag.
1152 2423 1272 2464 1053.
1331 2422 1382 2460 Et
1410 2423 1504 2460 conf.
1542 2435 1690 2473 quoque

1032 2480 1070 2527 I,
1091 2479 1157 2521 51.
1180 2500 1237 2508 —
1265 2479 1308 2516 In
1336 2492 1438 2528 seqq.
1463 2477 1584 2518 ἱστίαι
1606 2482 1691 2516 sunt

1033 2536 1176 2583 (aedes,
1192 2535 1332 2584 domus)
1356 2535 1539 2586 familiae.
1579 2535 1690 2573 Conf.

1030 2591 1078 2639 V,
1099 2591 1166 2634 40.
1196 2592 1270 2639 VI,
1291 2593 1357 2633 86.

1173 2673 1546 2726 Cap.CLXXVH.

1087 2755 1136 2797 τα“
1156 2757 1229 2810 μέν
1252 2773 1329 2798 νυν
1346 2755 1452 2798 κάτω
1471 2760 1546 2810 τῆς
1554 2752 1691 2808 Ἀσίης

1019 2809 1223 2882 ἵΑρπαγος
1243 2830 1279 2854 κ.
1299 2830 1330 2854 τ.
1350 2814 1401 2866 λ.]
1425 2812 1473 2855 τοὶ
1489 2810 1597 2854 κάτω
1617 2817 1690 2866 τῆς

1032 2872 1162 2921 Ασί-ης
1184 2886 1212 2909 s.
1234 2872 1441 2910 inferiorem
1471 2871 1582 2910 Asiae
1602 2883 1690 2922 par-

1030 2931 1104 2965 tem
1124 2928 1209 2966 dicit
1227 2941 1308 2967 eam
1320 2959 1331 2977 ‚
1354 2942 1449 2980 quae
1467 2928 1577 2979 vulgo
1596 2928 1689 2966 Asia
