1759 3324
529 259 952 299 EUTERPE.
1006 259 1052 298 11.

1329 261 1410 301 491

125 372 343 431 3σμικρόν
378 387 419 414 τι
459 368 509 413 τὸ
550 367 772 425 διάφορον
800 367 925 424 εὕροι
953 385 1019 420 τις
1048 365 1105 411 ἂν
1132 365 1413 424 λογιζόμενος

153 458 242 498 τῶν
269 451 386 496 ὁδῶν
412 447 624 501 τουτέων,
675 446 725 492 τὸ
762 447 820 505 μὴ
861 449 958 499 ἴσας
995 450 1134 503 μῆκος
1171 443 1308 498 εἶναι,
1357 444 1413 491 οὐ

151 532 282 576 πλέον
310 529 615 572 πεντεκαίδεκα
645 528 854 571 σταδίων·
913 525 942 584 ἡ
971 526 1050 582 μὲν
1076 526 1160 583 γὰρ
1191 524 1235 577 ἐς
1266 526 1414 568 Πίσαν

151 611 194 662 ἐξ
220 606 461 664 Ἀθηνέων,
489 609 670 651 καταδεῖ
694 608 1000 652 πεντεκαίδεκα
1029 606 1237 659 σταδίων,
1270 602 1327 657 ὦς
1354 604 1413 661 μὴ
1427 612 1470 646 10

92 829 375 880 disputationem
395 825 526 876 Heysii
542 827 579 864 in
596 828 751 872 Quaest.

90 886 231 924 Herod.
254 897 332 935 cap.
353 882 386 920 ΙΙ
403 896 487 934 pag.
507 885 560 925 23
581 898 682 933 seqq.

149 936 395 993 λογιζόμενος
424 942 504 978 τῶν
533 938 641 979 ὁδῶν
664 955 752 979 του-

91 995 211 1045 τέων]
242 996 362 1046 Vulgo
381 1000 421 1034 et
442 996 499 1033 hic
519 1001 557 1034 et
577 998 646 1044 ΙΙΙ,
670 998 751 1038 126

93 1055 209 1093 edunt
226 1048 376 1101 0236a3v3
405 1064 478 1101 qua
495 1056 618 1091 tamen
635 1055 752 1091 forma

93 1110 214 1149 Ionica
235 1111 288 1147 uti
307 1110 410 1146 aiunt
428 1107 608 1147 Nostrum
638 1111 752 1147 absti-

93 1167 219 1205 nuisse
234 1166 355 1204 credo.
386 1165 510 1208 Quare
532 1179 611 1203 cum
631 1167 750 1203 Gaisf.

16 1209 19 1270 f
92 1223 277 1273 vulgarem
295 1223 448 1259 formam
465 1219 590 1270 ὁδῶν,
619 1223 754 1273 proba-

16 1299 19 1325 ς
93 1279 142 1317 tis
171 1279 271 1317 libris
313 1279 563 1316 confirmatam
594 1280 752 1329 reposui.

93 1335 153 1374 De
177 1337 295 1373 sonna
324 1329 460 1373 οὕδοΐν
488 1335 641 1372 laudant
672 1335 753 1371 Ho-

16 1383 19 1412 ἒ
93 1405 181 1430 mer.
205 1392 342 1441 Odyss.
362 1386 408 1442 ρ’,
433 1393 512 1432 196
533 1392 655 1441 ibique
675 1391 752 1428 Eu-

17 1457 19 1493 }
95 1448 203 1486 stath.
224 1460 308 1498 pag.
326 1449 408 1489 613
430 1447 487 1484 ed.
498 1448 584 1485 Bas.
605 1451 644 1485 et
662 1460 753 1486 eun-

16 1511 19 1554 ἢ
94 1505 178 1543 dem
199 1505 248 1541 ad
275 1504 313 1541 Il.
334 1500 369 1543 α’
398 1516 482 1554 pag.
508 1506 573 1553 18,
597 1506 650 1545 10
672 1503 751 1541 coll.

93 1559 248 1611 Etymol.
267 1573 352 1612 pag.
375 1561 468 1601 615.

16 1640 19 1648 ι
150 1614 193 1657 τὰ
214 1613 268 1668 μή
291 1616 379 1663 ἰ’σας
395 1618 520 1667 μῆκος
539 1611 663 1667 εἶναι]
689 1614 754 1653 Cr.

94 1674 236 1711 confert
244 1673 423 1723 Wyttenb
428 1673 506 1710 ach.
516 1673 564 1710 ad
572 1672 753 1710 Plutarch.

16 1730 19 1767 1
94 1729 189 1767 Mor.
209 1729 238 1777 Ι,
255 1732 282 1771 2
296 1741 381 1780 pag.
402 1730 496 1776 816,
515 1729 576 1778 qui
590 1729 625 1765 h.
636 1728 755 1766 locum

16 1799 19 1826 ῑ
92 1786 143 1823 ita
160 1786 300 1824 reddit:
331 1798 447 1836 „quae
468 1788 597 1824 itinera
625 1788 658 1823 si
676 1786 756 1835 quis

18 1875 19 1878 ,
95 1845 283 1892 computet,
311 1844 470 1880 inveniat
491 1855 621 1892 parum
651 1841 753 1892 quid-

17 1903 19 1954 J
94 1897 177 1936 dam
196 1898 358 1947 differre,
389 1912 456 1949 qao
476 1901 590 1936 minus
615 1901 662 1935 sit
686 1910 755 1948 par

94 1967 212 1993 earum
220 1954 442 2004 ἰοηξίίῑιάοέ6
455 1954 515 1993 Tu
529 1955 612 1992 add.
623 1954 753 1992 Matth.

96 2011 162 2049 Gr.
183 2012 249 2049 Gr.
266 2024 350 2062 pag.
368 2014 486 2053 1067.
517 2011 606 2049 Non
626 2012 756 2048 admo-

96 2068 182 2106 dum
199 2068 343 2117 differt,
373 2068 473 2119 quod
496 2068 669 2105 continuo
698 2081 757 2106 se-

17 2147 20 2155 ·
95 2125 237 2174 quitur:
268 2122 322 2172 ὥς
349 2122 405 2176 μή
436 2120 539 2165 εἶναι
565 2139 756 2164 πεντακο-

98 2180 194 2220 σίων
210 2179 277 2220 καὶ
296 2181 443 2232 χιλίων.
485 2181 589 2232 Ipsas
610 2194 756 2219 mensu-

18 2234 20 2286 s
95 2249 154 2274 ras
170 2238 216 2275 ab
239 2237 433 2276 Herodoto
454 2238 616 2289 prolatas
636 2238 755 2276 minus

97 2298 281 2332 accuratas
302 2295 416 2332 videri
442 2295 578 2332 iudicat
598 2294 753 2332 Rennel.

18 2332 21 2395 ἶ
96 2349 119 2387 l.
143 2349 165 2386 1.
193 2363 277 2401 pag.
308 2352 413 2397 593,
443 2364 524 2388 cum
544 2350 712 2389 Athenae
733 2364 756 2389 a

97 2404 184 2442 Pisa
200 2407 337 2445 distent
356 2407 518 2445 milliaria
538 2407 757 2445 Germanica

100 2461 195 2513 26⁷3,
224 2462 423 2514 Heliopolis
445 2477 531 2501 vero
554 2467 609 2506 22
627 2464 756 2501 millia-

100 2517 155 2554 ria
174 2521 316 2557 tantum
335 2520 442 2558 aNili
460 2522 554 2558 ostio
567 2520 756 2571 Canopico

101 2573 209 2610 absit.
236 2574 284 2612 Et
301 2581 426 2615 monet
444 2590 591 2627 quoque
599 2577 757 2614 Iomard.

103 2628 307 2681 (Descript.
345 2633 394 2671 de
421 2633 442 2670 l’
453 2634 521 2683 Eg.
550 2632 702 2683 Antiqq.
740 2633 756 2671 I

101 2684 177 2721 livr.
199 2688 223 2727 3
239 2699 321 2737 pag.
333 2689 433 2738 611)
448 2690 756 2740 comparationem

102 2741 219 2778 minus
239 2748 405 2783 accurate
425 2746 628 2783 institutam
644 2747 758 2785 videri

103 2797 150 2834 ab
171 2797 381 2846 Herodem,
419 2814 497 2840 cum
513 2802 715 2853 Heliopolis
736 2816 759 2840 a

105 2853 194 2890 mari
218 2854 315 2892 recta
343 2856 436 2894 linea
457 2858 568 2895 ducta
592 2871 679 2897 sane
703 2860 759 2896 di-

107 2912 178 2947 stet
205 2910 378 2960 151‚000
403 2917 518 2952 metra
539 2914 661 2966 (quae
685 2929 760 2954 non

809 825 962 863 multum
978 825 1159 864 excedunt
1175 836 1362 863 numerum
1373 822 1470 861 mille

809 884 1088 932 quingentorum
1112 881 1343 930 stadiorum),
1355 880 1471 918 Athe-

808 951 878 976 nae
898 942 1020 975 autem
1045 951 1067 975 a
1092 938 1178 975 Pisa
1205 943 1367 976 remotae
1397 938 1471 973 sint

807 995 908 1032 recta
928 993 1022 1032 linea
1046 997 1224 1042 181,000
1244 1009 1271 1032 s.
1291 994 1470 1040 183‚000

808 1055 925 1088 metra
943 1051 1126 1100 (metres).
1187 1051 1312 1095 Quare
1332 1051 1368 1086 in
1389 1062 1469 1087 eam

808 1107 961 1144 inclinat
976 1108 1207 1154 sententiam,
1234 1112 1273 1144 ut
1293 1107 1338 1144 ab
1348 1107 1471 1144 Hero-

809 1164 899 1200 doto
926 1163 999 1200 dua
1029 1176 1146 1213 eaque
1174 1163 1319 1202 diversa
1349 1162 1471 1200 stadia

807 1220 956 1257 confusa
975 1233 1057 1258 esse
1075 1223 1192 1270 putet.
1232 1220 1309 1258 Sed
1327 1219 1471 1269 gravio-

807 1289 882 1314 rem
902 1275 1003 1313 litem
1023 1275 1178 1314 Rennel.
1202 1276 1398 1314 Herodoto
1415 1275 1471 1311 in-

805 1333 927 1370 tendit
956 1332 1018 1383 (p.
1040 1333 1330 1381 386—392)‚
1368 1330 1471 1381 quod

808 1390 999 1437 sexaginta
1011 1390 1131 1427 stadia
1143 1388 1302 1426 schoeno
1318 1388 1470 1433 tribuat,

808 1457 917 1494 quem
944 1445 1188 1495 quadraginta
1223 1449 1365 1483 tantum
1395 1448 1471 1480 sta-

808 1502 949 1538 diorum
969 1514 1049 1540 esse
1064 1502 1189 1551 reliqui
1207 1503 1400 1552 scriptores
1416 1501 1472 1537 in-

809 1558 951 1604 dicent;
979 1559 1077 1597 unde
1101 1559 1274 1608 consequi
1298 1557 1473 1596 Herodo-

809 1618 890 1653 teas
908 1627 1096 1652 mensuras
1122 1628 1265 1665 semper
1283 1614 1389 1652 nimis
1408 1626 1472 1652 au-

812 1674 889 1708 ctas
909 1684 1008 1719 esse,
1037 1672 1106 1709 nisi
1117 1672 1166 1710 ad
1176 1670 1362 1720 vulgarem
1373 1683 1472 1708 com-

811 1728 966 1778 putandi
984 1728 1132 1765 modum
1154 1728 1351 1765 schoenum
1366 1740 1473 1765 revo-

811 1784 960 1822 caveris.
975 1785 1117 1822 Contra
1128 1797 1234 1834 quem
1245 1787 1372 1821 monet
1381 1784 1473 1821 Bre-

811 1841 950 1877 dowius
967 1840 1007 1889 (l.
1029 1840 1050 1878 l.
1072 1855 1157 1891 pag.
1177 1841 1292 1889 391),
1308 1840 1391 1878 ideo
1409 1852 1474 1876 au-

812 1901 889 1934 ctas
911 1897 1026 1934 videri
1054 1897 1297 1948 Aegyptiacas
1326 1909 1473 1935 mensu-

811 1966 894 2000 ras,
923 1954 1024 2002 quod
1041 1967 1167 1992 omnes
1189 1953 1294 1990 simul
1310 1952 1385 1990 Nili
1397 1966 1474 1990 am-

811 2011 928 2059 bages
974 2011 1012 2047 in
1051 2010 1285 2049 demetiendo
1339 2010 1475 2048 fuerint

811 2070 1064 2117 computatae,
1100 2068 1200 2105 unde
1228 2066 1334 2103 solito
1359 2066 1476 2104 maior

812 2136 952 2161 summa
962 2124 1151 2162 exstiterit.
1182 2122 1262 2160 Alio
1275 2126 1383 2174 pacto
1395 2123 1475 2161 He-

810 2179 969 2218 rodoteis
1004 2180 1276 2231 patrocinantur
1301 2183 1474 2218 monente

814 2236 878 2274 Cr.
909 2237 1066 2275 editores
1088 2237 1208 2288 operis
1224 2235 1406 2287 Descript.
1427 2236 1476 2274 de

810 2293 972 2343 l'Egypt.
993 2293 1009 2330 I
1025 2294 1171 2332 second.
1186 2292 1317 2330 livrais.
1330 2306 1366 2343 p.
1378 2292 1474 2334 416.

811 2349 949 2388 Exacte
964 2350 1059 2388 enim
1070 2350 1251 2388 Herodoti
1270 2362 1476 2387 mensuram

812 2407 1004 2445 convenire
1020 2419 1101 2445 cum
1120 2406 1349 2455 longitudine
1368 2406 1476 2444 itine-
1540 2433 1542 2435 »

811 2463 878 2511 ris,
918 2476 1013 2513 quae
1041 2476 1212 2514 mappam
1254 2463 1476 2513 geographi-

812 2532 892 2558 cam
917 2520 1122 2570 inspicienti
1151 2519 1354 2557 inveniatur
1382 2519 1477 2557 inter

812 2576 1022 2628 Heliopolin
1043 2581 1080 2615 et
1100 2575 1177 2614 Nili
1195 2576 1326 2613 ostium
1350 2576 1477 2612 Omm-

812 2633 918 2682 fareg
947 2646 1064 2684 prope
1093 2632 1296 2679 Pelusium,
1329 2632 1359 2669 si
1389 2632 1477 2669 illud

813 2689 921 2727 simul
943 2690 1179 2739 cogitaveris,
1209 2689 1342 2727 Deltae
1359 2688 1477 2725 solum

814 2746 860 2784 ab
881 2759 925 2784 eo
945 2747 1031 2785 inde
1048 2751 1234 2797 tempore,
1264 2759 1336 2796 quo
1357 2745 1478 2783 Hero-

815 2803 921 2841 dotus
949 2803 1040 2841 haec
1072 2803 1274 2849 scribebat,
1314 2799 1477 2838 nonnihil

816 2872 898 2897 esse
912 2864 1055 2897 auctum
1067 2863 1103 2896 et
1113 2861 1336 2909 provectum.
1366 2857 1475 2894 Conf.

817 2927 928 2968 supra
944 2915 992 2953 ad
1012 2915 1060 2963 II,
1082 2917 1107 2956 6
1127 2914 1246 2952 allata.
