1759 3324
330 213 414 253 632

334 324 486 368 τὲουσι
515 323 633 378 παρα
665 322 771 374 τούς
801 323 977 377 ἔρσενας

333 409 438 446 σθαι
475 402 657 459 αὐτῇσι,
698 401 778 446 οὐκ
819 402 976 457 ἔχουσι.

730 210 1200 251 HERODOTI

992 337 1001 347 ·
1035 323 1078 366 οῖ
1110 320 1180 372 δὲ,
1212 318 1433 375 διζήμενοι
1450 319 1625 374 μίσγε-1

1041 399 1149 455 πρὸς
1186 394 1248 442 ὧν
1291 403 1429 441 ταῦτα
1469 399 1599 454 σοφί-

330 487 478 535 ζονται
505 481 627 525 τάδε·
660 479 926 534 ἁρπάζοντες
956 479 1038 524 ἀπὸ
1068 484 1156 522 τῶν
1175 478 1348 534 θηλέων
1371 478 1442 522 καὶ
1465 478 1598 521 ὑπαι-

302 561 540 616 3ρεόμενοι
576 559 629 603 τά
666 560 814 607 τέκνα,
866 561 1096 602 κτείνουσι.

333 641 389 684 ου’
419 640 661 683 πατέονται.

276 836 367 872 libus
389 834 472 871 haec
493 834 698 871 acciderent.
761 833 835 870 Ubi
854 831 932 869 He-

275 892 467 929 rodoteum
487 891 587 928 verbi
613 884 933 940 καταλαμβάνειν

276 962 380 985 usum
428 948 542 985 semel
580 952 729 984 notasse
766 945 932 982 sufficiat.

275 1004 343 1042 Est
374 1005 468 1042 enim
500 1004 670 1051 incidere,
711 1002 868 1040 accidere
896 1006 934 1039 et

277 1062 504 1110 gravioribus
536 1061 574 1097 in
602 1061 711 1098 rebus
746 1060 933 1096 casibusve

275 1118 470 1168 praecipue
497 1117 615 1154 locum
643 1116 763 1154 habet.
823 1115 933 1152 Conf.

276 1174 333 1222 ΙΙ,
357 1177 448 1215 152.
477 1174 549 1221 lli,
577 1176 645 1214 42.
676 1173 748 1221 lv,
770 1173 836 1213 33.
867 1170 933 1217 ΙΧ,

276 1234 331 1273 60
362 1236 429 1268 etc.
487 1230 745 1280 lVytteubach.
780 1229 818 1265 in
848 1227 934 1265 bibl.

277 1288 388 1324 critic.
418 1287 460 1324 P.
480 1287 514 1324 X
541 1301 577 1337 p.
598 1286 664 1328 46.
716 1286 776 1323 Ad
794 1285 934 1322 Pausa-

277 1345 376 1381 niam
391 1373 401 1390 ,
427 1345 489 1393 qui
512 1344 763 1381 Herodoteam
783 1341 935 1379 locutio-

276 1414 360 1439 nem
388 1400 548 1437 imitatus
578 1404 660 1446 est,
689 1399 828 1436 notavit
855 1398 936 1434 Sie—

279 1457 393 1504 belis.‚
423 1470 531 1506 quem
558 1457 631 1494 vid.
652 1457 700 1493 ad
720 1456 761 1503 I,
781 1459 808 1496 7
838 1452 874 1505 §.
894 1455 933 1494 3.

277 1514 459 1563 Nuspiam
478 1527 564 1551 vero
583 1513 683 1563 apud
703 1518 844 1550 veteres
855 1523 934 1547 cum

276 1574 524 1608 memorentur
558 1570 647 1607 feles
698 1568 932 1613 domesticae,

278 1640 369 1675 quas
398 1627 519 1664 medio
556 1627 702 1663 demum
742 1638 832 1662 aevo
867 1636 934 1673 per

278 1684 464 1734 Europam
482 1683 666 1732 Asiaeque
683 1686 824 1732 partem
845 1694 934 1731 pro-

278 1745 434 1790 pagatas
479 1753 561 1777 esse
597 1739 723 1775 volunt
749 1767 760 1784 ,
821 1750 934 1787 quae-

277 1798 431 1834 rendum
453 1796 644 1834 videbatur
662 1795 796 1832 Linkio
829 1797 847 1842 (
863 1794 934 1831 Ur-

278 1853 361 1890 welt
377 1859 444 1890 etc.
462 1866 548 1902 pag.
569 1853 692 1901 200),
722 1858 842 1889 utrum
862 1850 935 1887 Ae-

279 1910 486 1959 gyptiorum
499 1909 587 1947 seles
601 1910 648 1945 ad
659 1908 779 1945 felium
793 1913 936 1944 nostra-

277 1979 355 2002 rum
369 1979 483 2014 genus
494 1965 750 2016 pertinuerint,
767 1978 814 2000 an
835 1963 935 2000 aliud

278 2023 327 2058 ad
347 2035 475 2070 genus,
494 2022 595 2070 quod
616 2022 653 2057 in
671 2021 768 2058 hisce
788 2020 936 2057 calidio-

278 2079 375 2114 ribus
405 2077 615 2126 regionibus
638 2077 753 2113 solum
772 2077 935 2113 invenia-

280 2139 339 2170 tur
357 2163 368 2181 ‚
407 2134 534 2170 referri
583 2134 754 2170 debeant.
813 2132 936 2181 Atque

278 2190 347 2226 hoc
376 2189 495 2240 ipsum
532 2189 756 2239 probabilius
794 2189 936 2225 videtur

277 2247 355 2282 viro
400 2246 620 2282 doctissimo.
692 2246 867 2283 Cuvierus
899 2248 936 2281 et

280 2302 459 2349 Gejoffroy
494 2301 583 2338 nihil
626 2302 775 2350 quidem
806 2301 935 2337 distin-

279 2362 395 2406 guunt
435 2358 533 2394 inter
565 2370 645 2395 eam
675 2357 805 2403 felem,
840 2370 936 2405 quae

278 2414 390 2452 hodie
416 2414 453 2450 in
483 2414 654 2464 Aegypto
687 2414 862 2459 occurrit,
893 2418 931 2450 et

280 2484 383 2517 eam,
413 2483 507 2520 quae
525 2470 724 2507 domestica
745 2475 801 2507 est
821 2471 934 2506 adeo-

280 2540 352 2576 que
372 2528 408 2563 in
431 2526 539 2575 sylvis
563 2526 736 2576 Europae
757 2525 934 2563 montosis

281 2583 404 2632 degit3
433 2595 500 2620 nec
519 2583 672 2620 mumias
698 2582 820 2619 felium
838 2595 935 2618 nunc

280 2644 444 2689 repertas
464 2639 510 2675 ab
529 2639 596 2676 illis
617 2639 765 2675 differre
775 2643 936 2675 monent.

282 2697 358 2733 Sed
376 2695 509 2732 Linkio
533 2698 619 2746 post
635 2695 825 2742 suffragati
851 2699 935 2731 sunt

282 2751 472 2788 Schubert.
503 2757 539 2788 et
568 2751 758 2788 Olivierus.
820 2751 936 2788 Reiu-

281 2808 413 2855 hardt,
443 2808 505 2856 qui
530 2808 832 2844 accuratissimam
862 2807 936 2843 dis-

282 2864 507 2914 putationem
525 2865 678 2901 instituit
695 2864 731 2900 in
745 2863 830 2900 diss.
840 2862 935 2900 laud.

1159 560 1400 608 κτείναντες
1437 557 1597 611 μέντοι,

722 640 767 680 αἱ
798 637 865 690 δὲ,
918 636 1244 693 στερισκόμεναι
1281 641 1369 680 τῶν
1408 637 1628 688 τέκνων,5

1000 844 1087 881 pag.
1100 834 1282 873 39--63
1301 832 1380 868 coll.
1405 835 1548 880 17.18‚
1569 834 1657 870 nihil

1000 889 1088 925 certi
1116 890 1163 926 de
1201 889 1255 926 his
1286 889 1432 937 quidem
1462 890 1543 939 ipse
1570 903 1657 939 pro-

1000 945 1160 991 nuntiat3
1191 958 1235 982 ex
1258 945 1298 981 iis
1322 958 1405 981 vero
1420 974 1430 992 ,
1463 959 1555 994 quae
1575 947 1657 982 dili-

1001 1001 1209 1050 gentissime
1229 1001 1432 1050 inquisivit,
1448 1002 1517 1039 hoc
1533 1007 1656 1051 patet:

999 1058 1195 1094 medicatas
1207 1057 1472 1108 Aegyptiorum
1492 1059 1580 1096 seles
1591 1072 1658 1097 nec

1001 1115 1050 1151 ad
1068 1116 1219 1151 formam
1237 1128 1304 1152 nec
1332 1116 1379 1151 ad
1399 1115 1560 1152 cranium
1581 1115 1658 1152 val-

1001 1172 1048 1208 de
1067 1167 1214 1208 differre
1241 1184 1263 1207 a
1282 1171 1342 1208 feli
1366 1172 1584 1219 domestica,
1609 1173 1658 1209 ad

1000 1228 1179 1278 picturam
1218 1229 1328 1264 modo
1369 1234 1404 1266 et
1443 1229 1657 1266 varietatem

1003 1283 1133 1322 coloris
1156 1284 1214 1322 feli
1238 1289 1319 1321 cato
1341 1286 1418 1322 fero
1440 1285 1571 1322 similes
1604 1285 1657 1321 vi-

1002 1341 1091 1378 deri.
1151 1342 1268 1384 Quem
1301 1347 1429 1391 postea
1456 1342 1524 1379 hac
1550 1343 1597 1379 de
1617 1354 1657 1379 re

1003 1397 1165 1434 consului
1183 1397 1427 1435 Leuckartum
1441 1428 1450 1446 ‚
1487 1399 1601 1436 virum
1621 1402 1659 1436 et

1004 1455 1251 1491 doctissimum
1293 1459 1331 1492 ct
1361 1456 1446 1491 mihi
1483 1455 1658 1492 amicissi-

1002 1525 1114 1557 mum,
1137 1512 1166 1547 is
1188 1511 1274 1547 mihi
1293 1511 1437 1561 scripsit
1454 1510 1657 1562 Aegyptio-

1002 1581 1080 1604 rum
1103 1567 1208 1604 selem
1223 1568 1458 1605 domesticam
1479 1570 1658 1617 originem

1003 1625 1134 1661 ducere
1151 1637 1173 1661 a
1189 1624 1264 1674 suli
1279 1625 1520 1669 maniczzlata5
1548 1638 1658 1674 quam

1001 1680 1108 1718 felem
1127 1681 1245 1717 adhuc
1267 1681 1501 1730 incognitam,
1523 1682 1659 1731 aRup-

1002 1737 1110 1788 pellio
1128 1764 1140 1784 ‚
1178 1737 1412 1775 celeberrimo
1442 1738 1655 1788 peregrina-

1000 1799 1103 1840 tore,
1141 1794 1178 1830 in
1208 1793 1332 1830 Nubia
1365 1799 1547 1843 repertam
1576 1808 1659 1832 esse

1003 1852 1052 1888 ad
1082 1850 1342 1888 occidentalem
1370 1851 1444 1888 mili
1475 1852 1592 1902 ripam
1620 1851 1658 1887 in

1002 1908 1088 1944 locis
1133 1907 1290 1954 saxosis3
1347 1909 1524 1945 minorem
1560 1907 1657 1944 illam

1004 1965 1150 2013 quidem
1168 1977 1247 2000 esse
1269 1968 1348 2001 cato
1368 1966 1466 2012 fem,
1487 1965 1552 2002 sed
1573 1977 1658 2001 cau-

1003 2021 1052 2057 da
1076 2020 1232 2069 longiori
1255 2021 1470 2070 praeditam.
1529 2020 1586 2058 Ab
1613 2033 1658 2057 ea

1003 2081 1123 2113 autem
1145 2076 1206 2114 seli
1225 2077 1281 2113 vel
1308 2082 1455 2114 nostrae
1483 2076 1658 2114 domesti-

1004 2146 1068 2170 cae
1086 2133 1165 2170 selis
1185 2134 1362 2181 quasdam
1386 2134 1578 2170 varietates
1592 2134 1657 2169 de-

1003 2189 1112 2225 rivari
1141 2189 1331 2226 verisimile
1367 2190 1508 2226 videtur
1536 2190 1658 2227 eidem

1003 2245 1208 2282 Leuckarto
1224 2274 1234 2292 ,
1265 2246 1325 2294 qui
1351 2246 1397 2283 de
1417 2246 1477 2283 seli
1497 2246 1658 2282 manicu-

1002 2301 1075 2337 lata
1101 2303 1302 2350 comparari
1336 2302 1456 2339 iubet:
1486 2302 1589 2339 Atlas
1613 2315 1658 2338 zu

1004 2357 1038 2393 d.
1058 2357 1169 2394 Reise
1188 2359 1235 2393 im
1255 2359 1430 2395 nordlich.
1443 2358 1565 2396 Africa
1585 2372 1658 2394 von

1002 2412 1073 2449 Ed.
1093 2413 1262 2463 Ruppell.
1294 2414 1423 2452 HestI
1455 2415 1658 2452 Franksurt

1006 2471 1113 2510 1826
1136 2470 1197 2506 sol.

1058 2526 1280 2572 κτείναντες
1308 2524 1460 2577 μέντοι,
1499 2523 1547 2566 οὗ
1577 2542 1657 2565 πα-

1003 2597 1023 2620 τ
1040 2579 1058 2620 ε’
1077 2597 1097 2621 ο
1121 2598 1143 2621 ν
1163 2598 1183 2621 τ
1203 2600 1226 2621 α
1249 2582 1288 2633 ι]
1330 2584 1403 2620 Pro
1433 2582 1657 2631 πατέονται,

1004 2640 1104 2688 quod
1131 2640 1249 2677 rarius
1281 2644 1337 2676 est
1365 2640 1513 2677 verbum
1538 2640 1660 2677 edendi

1002 2696 1152 2733 notione
1167 2725 1178 2743 ‚
1226 2695 1388 2733 nonnulli
1431 2695 1660 2744 δατέονται,

1003 2752 1115 2789 verbo
1144 2753 1270 2801 utique
1290 2753 1408 2801 magis
1435 2753 1588 2790 solemni
1616 2766 1658 2790 ac

1003 2809 1195 2857 frequenti.
1225 2809 1300 2847 Sed
1322 2810 1393 2847 vid.
1419 2809 1474 2857 11,
1495 2811 1549 2852 37
1569 2809 1657 2858 ibiq.
1700 2840 1703 2842 .

1003 2870 1079 2901 not.
1100 2870 1136 2902 et
1154 2865 1213 2912 11,
1230 2865 1294 2906 47.
