1759 3324
267 536 301 582 8

24 600 190 635 Utrumque
224 602 304 628 latus

23 635 93 662 inde
127 636 164 662 ab
200 635 305 674 Helio-

357 262 443 303 492

754 261 1224 302 HERODOTI

360 368 472 415 εἶναι
499 372 795 416 πεντακοσίων
824 372 897 415 καὶ
922 372 1091 427 χιλίων·
1133 370 1161 428 ἡ
1192 372 1239 416 δὲ
1266 372 1308 424 ἐς
1338 370 1620 416 “Ηλιούπολιν

358 449 443 494 ἀπὸ
483 451 732 508 θαλάσσης,
790 455 954 507 πληροῖ
991 450 1033 501 ἐς
1081 451 1158 494 τὸν
1207 450 1403 507 ἀριθμὸν
1450 456 1620 496 τοῦτον.

23 669 302 763 ξξζῗίἱωὲᾗὲξὲὲ
357 705 451 740 ται,
483 687 621 743 φέρον
651 685 726 730 ἀπ’
757 686 920 740 ἄρκτου
947 687 1057 742 πρὸς
1086 690 1351 745 μεσαμβρίης
1378 705 1422 733 τε
1451 690 1522 732 καὶ
1543 687 1621 732 νό-

67 751 73 760 .
126 755 161 770 ,,

24 768 148 803 Libyco.

354 526 462 574 Ἀπὸ
492 531 538 574 δὲ
562 528 866 581 Ἡλιουπόλιος
905 528 996 573 ἄνω
1038 529 1170 580 ἰόντι,
1230 529 1372 587 στεινή
1412 531 1501 575 ἐστι
1539 533 1620 574 Αἵ-

360 626 535 665 γυπτος.
585 613 639 665 τῇ
668 610 747 663 μὲν
774 608 880 663 γὰρ,
918 613 994 665 τῆς
1022 608 1220 665 Ἀραβίης
1248 608 1352 664 ὅρος
1383 610 1621 666 παρατέτα-

358 783 462 815 του,
513 766 594 809 αἰεὶ
623 764 714 809 ἄνω
743 770 886 808 τεῖνον
920 766 963 816 ἐς
991 766 1070 822 τὴν
1103 764 1325 823 Ἐρυθρὴν
1356 768 1622 824 καλεομένην
1635 772 1677 808 15

356 843 603 888 θάλασσαν·
654 844 702 888 ἐν
729 847 792 902 τῷ
829 846 876 888 αἱ
912 846 1158 901 λιθοτομίαι
1188 845 1343 895 ἔνεισι,
1401 848 1448 890 αἱ
1475 847 1518 899 ἐς
1545 846 1623 898 τὰς

505 1053 537 1092 C
551 1066 620 1104 ap.
648 1052 747 1090 VIII.

357 1140 408 1194 τῇ
437 1135 510 1191 μὲν
536 1134 632 1190 γὰρ,
680 1138 752 1188 τῆς
778 1131 963 1188 Ἀραβίης

302 1193 399 1248 ὄρος
418 1192 701 1245 παρατέταται]
722 1195 964 1246 Respondent

301 1252 399 1290 hisce
416 1252 544 1290 verba:
575 1247 620 1289 τό
633 1248 674 1289 δὲ
687 1247 788 1302 πρὸς
803 1246 963 1302 Λιβύης

301 1311 373 1360 τῆς
400 1303 627 1360 Αἰγύπτου,
657 1304 748 1359 ὅρος
777 1304 870 1346 ἄλλο
895 1306 963 1346 πέ-

301 1380 438 1417 τρινον
468 1364 605 1411 τείνει,
651 1364 702 1400 ita
732 1367 772 1400 ut
808 1364 962 1415 primum

299 1426 443 1460 montes
465 1421 639 1458 orientem
658 1432 780 1458 versus
807 1421 893 1458 inde
916 1421 962 1457 ab

299 1477 435 1516 Arabia
455 1477 663 1527 Aegyptum
687 1476 872 1525 cingentes
899 1477 964 1514 de-

298 1535 520 1581 scribantur,
547 1533 631 1570 dein
650 1532 789 1581 Libyae
809 1537 963 1580 montes,

299 1591 361 1640 qni
374 1590 579 1640 Aegyptum
598 1589 821 1626 occidentem
838 1603 962 1627 versus

298 1660 322 1684 a
340 1646 480 1697 reliqua
499 1645 619 1694 Libya
636 1650 839 1683 secernunt.

357 1715 438 1756 αἰεὶ
460 1714 544 1756 ἅνω
562 1720 693 1756 τεῖνον
714 1715 752 1763 ἐς
772 1713 845 1768 τήν
855 1712 963 1769 Ἐρυ-

299 1771 410 1826 θρὴν
429 1788 464 1812 κ.
480 1788 513 1812 τ.
531 1776 579 1821 λ.]
598 1774 619 1810 ἱ.
631 1787 662 1811 e.
682 1786 808 1824 semper
827 1786 964 1811 sursum

300 1832 358 1880 (in
377 1830 503 1879 altius)
534 1829 674 1867 tendens
698 1844 805 1880 usque
828 1830 875 1867 ad
902 1843 965 1867 ru-

299 1888 399 1925 brum
421 1887 512 1937 quod
529 1887 662 1924 dicitur
678 1900 791 1935 mare,
820 1887 843 1924 i.
858 1900 888 1924 e.
904 1900 964 1924 us-

299 1956 364 1995 qne
384 1943 433 1980 ad
453 1946 566 1980 sinum
584 1943 795 1990 Arabicum,
816 1943 877 1992 qui
897 1943 964 1980 hac

297 1999 543 2051 appellatione
562 2012 637 2036 non
652 2000 768 2036 minus
793 2000 964 2048 designa-

300 2060 360 2093 tur
387 2068 495 2104 quam
523 2056 642 2106 ipsum
671 2055 832 2092 Indicum
863 2067 962 2092 mare

302 2111 352 2159 (I,
373 2112 438 2159 1),
467 2113 566 2149 euius
588 2111 648 2149 ille
669 2116 726 2149 est
747 2123 845 2162 pars.
877 2111 961 2147 Vid.

299 2167 464 2216 Breiger.
495 2167 542 2205 de
581 2167 796 2217 quibusdam
826 2166 961 2204 difficil.

301 2224 442 2272 Geogr.
476 2223 616 2261 Herod.
655 2236 741 2274 pag.
785 2225 849 2265 11.
896 2222 960 2264 14.

299 2279 426 2329 Heyse
444 2279 595 2323 Quaest.
616 2279 782 2317 Herodd.
808 2293 844 2330 p.
868 2280 959 2320 103.

357 2349 401 2390 ἓν
428 2351 486 2404 τῷ
511 2351 555 2390 αἱ
581 2350 809 2402 λιθοτομίαι
843 2347 960 2389 ἔνεισι

299 2422 334 2447 κ.
343 2421 375 2445 τ.
389 2405 443 2457 λ.]
467 2407 517 2446 αἱ
531 2420 597 2457 pro
616 2405 699 2445 καὶ
720 2421 798 2445 cum
812 2411 961 2444 recentt.

302 2464 509 2514 scripsimus
535 2463 706 2500 librorum
736 2463 959 2500 auctoritate.

300 2519 362 2558 De
378 2520 582 2569 lapicidinis
600 2521 694 2557 conf.
713 2520 759 2566 II,
775 2518 854 2560 124
874 2519 961 2568 ibiq.

302 2580 394 2613 nott.
423 2580 459 2614 et
480 2576 535 2624 II,
565 2576 657 2618 158.
707 2576 773 2612 Est
795 2575 962 2612 nimirum

301 2633 477 2671 montium
495 2636 629 2669 tractus
658 2644 701 2669 ex
725 2633 877 2669 adverso
901 2645 963 2668 ur-

301 2690 357 2727 bis
379 2688 598 2739 Memphidis
626 2689 663 2725 in
687 2687 851 2726 orientali
882 2689 961 2738 ripa

299 2744 375 2784 Nili
393 2758 589 2794 exsurgens
601 2749 678 2782 tum
694 2745 868 2782 orientem
880 2756 962 2781 ver-

297 2815 359 2839 sus
386 2814 502 2851 usque
534 2801 581 2838 ad
611 2801 726 2838 sinum
754 2799 960 2848 Arabicum,

298 2863 374 2895 tum
406 2857 594 2896 meridiem
614 2870 736 2895 versus
756 2855 833 2894 Nili
861 2857 958 2906 ripas

299 2915 423 2964 legens
443 2914 491 2952 ad
509 2914 732 2966 superiorem
750 2925 867 2964 usque
886 2912 959 2951 Ae-

1018 1056 1185 1104 gyptum,
1209 1053 1271 1090 ubi
1289 1057 1373 1091 sunt
1382 1053 1544 1105 inprimis
1562 1066 1680 1104 prope

1018 1110 1166 1158 Syenen
1186 1114 1340 1158 montes,
1367 1111 1464 1149 unde
1481 1110 1620 1161 lapides
1631 1110 1680 1147 ad

1018 1166 1174 1203 maxima
1203 1165 1467 1217 Aegyptiorum
1502 1166 1680 1214 aedificia,

1017 1222 1165 1273 templa,
1195 1223 1385 1271 obeliscos,
1407 1223 1479 1260 alia
1497 1223 1534 1260 id
1549 1235 1678 1271 genus,

1020 1291 1100 1317 esse
1116 1292 1241 1316 caesos
1268 1279 1426 1329 vestigia
1445 1280 1592 1316 indubia
1612 1278 1679 1315 ho-

1019 1336 1152 1384 dieque
1171 1340 1466 1373 commonstrant.
1493 1335 1590 1380 Quin
1600 1334 1680 1372 Ro-

1017 1404 1206 1429 manorum
1230 1397 1349 1430 aetate
1377 1392 1493 1429 adhuc
1517 1391 1681 1442 lapicidi-

1018 1461 1087 1485 nae
1116 1448 1198 1486 illae
1225 1449 1408 1487 adhibitae
1435 1453 1540 1495 sunt,
1579 1448 1679 1497 quod

1019 1505 1151 1542 docent
1177 1505 1429 1555 inscriptiones
1459 1517 1481 1541 a
1503 1504 1678 1542 Letronn.

1018 1574 1135 1610 nuper
1154 1561 1354 1611 publicatae
1370 1567 1406 1599 et
1426 1561 1624 1598 illustratae
1641 1560 1679 1596 in

1019 1617 1245 1655 Reeherches
1278 1622 1344 1655 etc.
1368 1630 1454 1668 pag.
1476 1618 1570 1657 360.
1595 1618 1677 1658 366

1020 1686 1096 1722 seq.
1129 1673 1193 1711 Cr.
1224 1674 1271 1711 de
1299 1673 1353 1710 his
1373 1673 1572 1724 lapicidinis
1592 1685 1680 1710 con-

1021 1729 1086 1767 suli
1103 1730 1180 1767 vult
1198 1730 1312 1767 Feam
1329 1731 1376 1767 ad
1390 1728 1679 1767 Winckelmann.

1020 1786 1159 1823 Histor.
1184 1785 1261 1824 Art.
1281 1786 1299 1823 Ι
1327 1786 1453 1837 (Opp.
1483 1790 1572 1823 tom.
1601 1785 1679 1834 III)

1019 1855 1106 1893 pag·
1119 1843 1200 1884 365
1218 1856 1294 1892 seq.
1307 1844 1364 1881 ed.
1377 1842 1511 1881 Dresd.
1524 1846 1561 1879 et
1570 1854 1679 1892 prae-

1019 1899 1123 1949 cipue
1160 1899 1286 1936 Gallos
1310 1900 1456 1946 doctos,
1507 1898 1679 1946 Iomard.,

1018 1955 1187 2002 Roziere,
1216 1955 1437 2003 Desvilliers,
1448 1955 1485 1991 in
1497 1954 1678 2004 Descript.

1020 2011 1066 2048 de
1093 2011 1114 2047 l'
1126 2012 1263 2062 Egypt.
1291 2010 1441 2060 Antiqq.
1478 2011 1496 2048 Ι
1524 2011 1627 2061 ehap.
1650 2009 1678 2051 4

1018 2080 1055 2117 p.
1075 2069 1126 2108 13
1147 2081 1248 2117 seqq.
1277 2072 1313 2106 et
1343 2068 1445 2118 chap.
1465 2071 1492 2109 2
1515 2079 1601 2117 pag.
1625 2069 1677 2109 10

1018 2137 1121 2172 seqq.
1161 2123 1197 2161 T
1201 2138 1223 2160 u
1249 2124 1333 2161 add.
1361 2124 1524 2174 inprimis
1544 2123 1676 2160 Ritter.

1015 2179 1208 2217 Erdkund.
1232 2180 1249 2217 I
1268 2194 1304 2231 p.
1325 2182 1406 2222 696
1427 2193 1531 2229 seqq.
1582 2179 1618 2217 T
1621 2192 1678 2217 er-

1016 2249 1080 2273 nas
1108 2237 1210 2274 huius
1237 2238 1368 2274 montis
1397 2242 1519 2287 partes
1543 2235 1602 2274 ille
1620 2235 1677 2273 di-

1015 2293 1151 2341 stingui
1179 2293 1274 2341 vult,
1306 2294 1463 2344 priorem
1489 2293 1677 2330 meridiem

1013 2362 1138 2387 versus
1174 2350 1334 2389 omnium
1370 2350 1525 2387 maxime
1557 2349 1675 2395 sitam,

1017 2419 1040 2443 a
1057 2406 1159 2444 Phile
1177 2406 1293 2443 insula
1311 2418 1427 2455 usque
1445 2406 1495 2443 ad
1515 2405 1676 2454 Syenen,

1015 2463 1113 2500 unde
1140 2463 1266 2514 optimi
1295 2463 1430 2512 quique
1464 2462 1679 2512 proveniant

1017 2519 1156 2570 lapides
1183 2519 1382 2570 (Syenitas
1410 2519 1519 2567 vulgo
1549 2517 1678 2568 appel-

1015 2575 1316 2624 lant—Graan)
1336 2576 1384 2612 ad
1403 2575 1600 2620 columnas,
1615 2586 1678 2610 co-

1016 2632 1155 2679 lossos,
1185 2631 1372 2678 obeliscos,
1401 2635 1551 2677 statuas,
1576 2631 1677 2680 ipsa-

1017 2702 1090 2738 que
1131 2688 1266 2738 templa
1302 2688 1445 2736 integra
1485 2686 1675 2737 aptissimi.

1015 2744 1089 2782 Eas
1109 2757 1195 2781 vero
1213 2744 1424 2794 lapicidinas
1439 2743 1508 2780 hoc
1526 2742 1605 2780 loco
1620 2743 1678 2779 in-

1014 2801 1229 2850 telligendas
1241 2813 1323 2838 esse
1332 2800 1390 2836 vix
1401 2799 1560 2836 dubium.
1577 2798 1676 2837 Nam

1013 2857 1163 2895 alteram
1177 2857 1279 2895 istius
1292 2856 1424 2894 montis
1436 2859 1590 2906 partem,
1601 2867 1677 2892 non
1749 2853 1752 2885 ἕ

1014 2913 1084 2951 nisi
1109 2914 1279 2953 calcarios
1309 2912 1494 2951 continere
1521 2911 1676 2963 lapides,
1749 2916 1751 2925 ¹
