1759 3324
16 1036 141 1073 Gyndes
199 1033 294 1062 amnis

17 1081 76 1107 quo
93 1071 202 1097 itinere
210 1069 293 1095 fluat:

18 1106 55 1134 ob
74 1111 164 1133 unum
173 1111 191 1131 e
200 1101 296 1130 sactis

335 304 420 346 420

731 296 1202 339 HERODOTI

338 407 390 459 εὖ
418 409 772 467 ἐσκευασμένοισι
800 409 844 462 ἐξ
881 410 1030 460 οἴκου,
1076 406 1151 451 καὶ
1188 403 1472 461 προβάτοισι·
1529 403 1604 447 καὶ

346 492 399 550 δὴ
426 492 500 536 καὶ
529 490 649 546 ὕδωρ
681 488 768 532 α’πὸ
799 492 881 532 τοῦ
909 487 1124 531 Χοάσπεω
1157 487 1360 541 ποταμοῦ
1389 482 1479 539 ἅμα
1509 482 1603 538 ἄγε-

338 589 410 616 ται
437 574 518 615 τοῦ
557 568 677 624 παρὰ
714 571 869 610 Σοῦσα
908 567 1107 623 ῥέοντος,
1159 568 1242 608 τοῦ
1277 563 1450 620 μούνου
1489 562 1604 605 πίνει

312 649 566 709 3βασιλεύς,
604 647 678 690 καὶ
706 645 843 689 ἄλλου
882 644 1064 695 οὐδενός
1091 647 1308 699 ποταμοῦ.
1366 641 1528 686 τούτου
1560 640 1606 684 δὲ

341 733 422 774 τοῦ
440 726 654 772 Χοάσπεω
673 727 755 767 τοῦ
783 723 946 774 ’ἴδατος
977 722 1255 780 ἀπεψημένου
1283 722 1439 765 πολλαὶ
1468 719 1609 775 κάρτα
1676 727 1730 768 89

345 808 506 865 ἅμαξαι
552 802 837 858 τετράκυκλοι
881 800 1098 858 ἡμιόνειαι
1145 803 1404 856 κομίζουσαι
1450 801 1496 844 ἓν
1535 799 1607 855 ‹iy-
1621 806 1665 841 16

343 887 501 943 γείοισι
530 880 806 938 ἀργυρέοισι,
847 880 1026 923 ἕπονται
1062 879 1148 936 ὅπη
1180 880 1236 922 ἂν
1271 879 1477 936 ἐλαύνῃσι
1507 877 1610 923 ἑκά-

188 969 288 1016 189
347 976 482 1009 στοτε.
533 961 652 1005 Ἐπεί
680 976 725 1004 τε
765 959 811 1003 δὲ
850 957 873 1002 ὁ
904 961 1053 1013 Κῦρος
1090 956 1386 1014 πορευόμενος
1424 958 1494 1001 ἐπὶ
1530 958 1611 1014 τὴν

352 1045 599 1099 Βαβυλῶνα
634 1040 797 1096 ἐγίνετο
828 1038 897 1082 ἐπὶ
927 1036 1077 1095 Γύνδῃ
1106 1040 1308 1094 ποταμῷ,
1348 1039 1428 1080 τοῦ
1460 1037 1504 1079 αἱ
1533 1036 1613 1092 μὲν

298 1266 337 1301 et
354 1273 426 1299 van
444 1260 514 1298 der
535 1259 636 1308 Chys
659 1257 867 1296 comment,
888 1271 955 1308 ge-

299 1317 453 1369 ograph.
488 1317 525 1353 in
561 1314 704 1352 Arrian.
753 1315 953 1364 (Lugdun.

300 1376 428 1414 Batav.
451 1373 581 1421 1828)
609 1384 697 1423 pag.
726 1373 819 1413 119.

357 1481 508 1538 ἅμαξαι
545 1480 801 1537 τετράκυκλοι
839 1477 955 1535 ’ἡμιό-

301 1541 427 1592 νειαι]
457 1541 574 1579 Prave
593 1543 629 1578 in
651 1541 743 1578 binis
767 1541 865 1577 libris
895 1552 958 1577 ex-

303 1603 375 1637 stat
393 1596 590 1649 ἦμιονέαι.
617 1597 812 1646 Vulgatam
832 1596 958 1634 lectio-

303 1669 389 1693 nem
409 1654 495 1692 satis
513 1657 634 1691 tuetur
651 1657 727 1690 tum
739 1653 958 1701 reliquorum

304 1712 477 1749 librorum
505 1722 726 1756 consensus,
753 1713 832 1746 tum
867 1708 960 1745 alio-

305 1780 385 1805 rum
409 1767 623 1816 scriptorum
657 1778 764 1812 usus,
805 1768 844 1801 ut
877 1764 959 1801 Ho-

306 1823 398 1862 meri
418 1822 554 1870 XXIV,
573 1824 676 1869 266,
705 1825 741 1859 et
762 1821 850 1857 alius
871 1833 962 1870 poe-

306 1884 389 1924 tae,
418 1882 456 1915 ut
486 1878 553 1915 Cr.
581 1882 725 1925 monet,
757 1877 855 1928 apud
875 1876 963 1913 Phi-

306 1935 407 1972 lostr.
431 1934 598 1972 Heroicc.
617 1948 654 1984 p.
677 1935 757 1974 693
780 1947 808 1970 S.
837 1946 874 1982 p.
905 1934 961 1973 98

308 1991 527 2028 Boissonad.
568 1990 765 2039 (Orphicc.
792 1990 960 2036 fragmm.

310 2059 366 2084 nr.
385 2046 494 2082 XXX
515 2058 603 2096 pag.
624 2043 706 2086 489
726 2044 959 2091 Hermann).

310 2098 569 2152 τετράκυκλος
590 2100 743 2137 illustrat
756 2099 962 2136 Blomfield.

311 2158 350 2194 in
386 2157 548 2194 Glossar.
587 2157 636 2193 ad
671 2154 837 2203 Aeschyl.
869 2155 962 2191 Pro-

311 2213 421 2250 meth.
442 2213 537 2259 735,
560 2212 621 2248 ubi
640 2215 784 2261 praeter
798 2215 962 2247 nostrum

311 2269 429 2306 locum
450 2273 485 2305 et
503 2268 656 2305 Homeri
675 2268 711 2303 in
729 2267 863 2315 Odyss.
885 2267 962 2314 (re-

313 2325 404 2362 ctius
426 2325 463 2360 in
482 2323 522 2360 ll.
544 2322 680 2369 XXIV,
697 2323 800 2370 324)
822 2323 963 2372 praeei-

315 2394 387 2432 pue
408 2380 642 2430 Hippocratis
666 2378 782 2415 locum
807 2379 854 2415 de
880 2378 963 2415 Aer.

318 2442 355 2474 et
371 2435 440 2484 Aq.
467 2438 520 2477 93
537 2435 645 2472 affert
665 2435 712 2471 de
730 2434 872 2482 Scythis
892 2447 963 2470 no-

318 2492 504 2539 madibus,
551 2491 680 2540 quibus
715 2486 862 2539 ὃῖμαξαι
898 2490 964 2526 tri-

318 2548 476 2585 buuntur
504 2545 549 2585 αἱ
576 2544 648 2597 μὲν
676 2541 871 2595 ἐλάχισται
897 2560 965 2585 τε-

319 2600 577 2656 τράκυκλο
592 2617 605 2641 ι
620 2631 631 2651 ,
673 2602 717 2640 αἱ
751 2600 792 2640 δὲ
828 2597 965 2649 ἕξάκυ-

317 2663 416 2699 κλοι.
434 2680 491 2688 -
520 2659 563 2696 In
589 2671 691 2707 seqq.
716 2670 796 2695 eum
813 2662 962 2696 recentt.

320 2717 496 2754 edidimus
524 2710 715 2767 οἷγγείοισι
740 2709 964 2767 ἀργυρέοισι

318 2775 457 2810 mutato
500 2772 690 2809 verborum
727 2771 872 2816 ordine3
913 2771 965 2808 ita

323 2829 419 2867 enim
433 2828 508 2866 bini
527 2827 699 2865 iubebant
716 2825 794 2863 libri
811 2827 965 2863 auetori-

324 2889 455 2934 tasque
470 2883 645 2921 Athenaei
665 2882 700 2918 II
721 2896 758 2932 p.
779 2881 832 2923 45
846 2911 856 2928 ,
875 2883 905 2918 B
930 2887 966 2919 et

325 2940 505 2978 Eustathii
546 2940 594 2978 ad
629 2938 779 2987 Dionys.
823 2938 965 2988 Perieg.

1024 1259 1155 1305 1073,
1185 1258 1234 1294 ad
1261 1257 1399 1306 Odyss.
1422 1254 1474 1294 IV
1502 1269 1541 1307 p.
1561 1253 1672 1297 1499

1022 1328 1052 1352 s,
1078 1315 1181 1360 173,
1210 1315 1276 1355 23.

1079 1369 1240 1409 ἕπονται
1276 1366 1355 1421 ὅπη
1391 1366 1444 1409 ἂν
1482 1362 1675 1423 ἕλαύνῃσι

1022 1423 1222 1476 ἑκάστοτε]
1244 1426 1351 1464 Hanc
1365 1426 1569 1473 lectionem,
1580 1437 1676 1474 quae

1023 1496 1096 1520 una
1114 1487 1274 1520 veterum
1290 1483 1461 1521 librorum
1481 1482 1677 1518 auctorita-

1023 1544 1062 1577 te
1081 1540 1223 1586 nititur,
1245 1543 1331 1589 post
1352 1538 1521 1587 Schwgh.
1546 1537 1676 1574 luben-

1024 1599 1080 1633 ter
1107 1595 1332 1632 adscivimus.
1390 1594 1531 1642 Vulgo:
1562 1592 1677 1632 ἕπον-

1025 1651 1090 1690 ταί
1120 1651 1169 1690 οἷ
1197 1647 1316 1690 ὅποι
1344 1646 1394 1690 ὃῖν
1417 1646 1562 1703 ἐλαύνῃ
1588 1644 1677 1688 ἐκά-

1028 1718 1160 1756 στοτε,·
1196 1708 1233 1744 in
1261 1721 1334 1757 quo
1361 1706 1402 1746 οἷ
1425 1707 1507 1744 libri
1527 1718 1677 1756 prorsus

1026 1765 1220 1813 ignorant,
1250 1764 1311 1812 qui
1339 1764 1449 1801 iidem
1468 1759 1550 1812 ὅπη
1579 1761 1680 1799 exhi-

1027 1821 1138 1868 bent,
1167 1819 1329 1856 nonnulli
1355 1820 1462 1858 etiam
1488 1819 1585 1867 iique
1602 1830 1680 1855 me-

1028 1876 1136 1913 liores
1153 1871 1363 1930 ἒλαύνῃσι,
1393 1888 1465 1924 qua
1479 1876 1595 1911 forma
1613 1886 1680 1910 an-

1029 1933 1176 1981 tiquiori
1208 1945 1271 1969 cur
1287 1932 1498 1969 Herodotus
1526 1931 1578 1967 uti
1605 1942 1681 1967 non

1027 1988 1202 2039 potuerit,
1241 2000 1347 2024 nemo
1379 1999 1539 2036 unquam
1578 1986 1680 2023 affir-

1029 2044 1188 2081 maverit.
1217 2043 1371 2080 Parisini
1391 2043 1471 2080 libri
1492 2055 1560 2092 pro
1578 2054 1681 2080 more

1028 2099 1211 2148 vulgatam
1221 2101 1371 2136 formam
1382 2099 1560 2149 praebent
1569 2093 1682 2136 ἐλαύ-

1029 2170 1095 2209 νῃ.
1135 2156 1229 2203 „De
1245 2151 1346 2204 ὅπη,
1378 2155 1477 2204 quod
1510 2154 1681 2204 saepissi-

1029 2225 1087 2248 me
1115 2211 1165 2248 sie
1200 2224 1280 2248 cum
1310 2208 1402 2251 ὅποι
1438 2210 1682 2258 confunditur,

1029 2267 1101 2304 vid.
1143 2266 1220 2304 Ast.
1260 2268 1308 2304 ad
1341 2267 1483 2304 Platon.
1510 2267 1682 2316 Sympos.

1029 2337 1067 2374 p.
1102 2326 1194 2364 196.
1234 2323 1450 2361 Boissonad.
1482 2323 1531 2360 ad
1558 2322 1683 2360 Philo-

1030 2383 1132 2417 strat.
1149 2379 1297 2417 Heroic.
1315 2393 1353 2430 p.
1376 2378 1495 2421 6o4f‘
1526 2378 1594 2416 Cr.

1167 2462 1199 2501 C
1210 2476 1231 2501 a
1241 2477 1279 2514 p.
1310 2462 1552 2501 CLXXXIX.

1089 2545 1236 2599 ἐγίνετο
1253 2546 1318 2586 ἐπὶ
1337 2542 1474 2600 Γύνδῃ
1496 2546 1683 2600 ποταμῷ]

1030 2603 1090 2641 De
1118 2603 1241 2653 Gynde
1266 2603 1375 2640 fluvio
1403 2604 1475 2640 vid.
1503 2604 1684 2641 Herodot.

1030 2658 1079 2706 V,
1099 2659 1153 2700 52
1165 2687 1177 2706 ,
1208 2659 1269 2695 ubi
1288 2671 1360 2695 una
1380 2672 1457 2696 cum
1475 2660 1588 2697 tribus
1605 2660 1684 2698 aliis

1029 2715 1146 2752 fluviis
1167 2715 1397 2752 traiiciendus
1413 2716 1541 2753 dicitur
1558 2716 1684 2766 Ephe-
1756 2731 1759 2767 {-

1032 2784 1073 2808 so
1093 2771 1188 2807 Susa
1202 2771 1521 2821 proficiscentibus.
1571 2772 1685 2810 Unde

1031 2839 1188 2875 magnae
1218 2827 1426 2864 exoriuntur
1455 2827 1684 2865 difficultates
1754 2840 1757 2872 ζ

1031 2883 1068 2919 in
1088 2883 1185 2919 fluvii
1214 2882 1316 2919 huius
1347 2883 1416 2920 situ
1443 2888 1553 2933 atque
1575 2896 1684 2920 cursu
1754 2887 1756 2908 ἴ

1033 2939 1252 2978 definiendo.
1301 2938 1478 2978 Rennelio
1514 2940 1682 2988 (Geogr.
1753 2929 1755 2948 ²
