1759 3324
10 495 150 524 Mazaren
161 516 170 532 ‚
192 496 287 524 variis

11 531 101 557 rebus
111 537 216 566 gestis,
226 537 287 558 mo-

8 563 99 591 titur.

189 907 288 953 162

273 260 281 262 -
334 245 420 286 360

730 237 1206 279 HERODOTI

336 369 410 410 της
457 350 675 408 γινόμενα.
733 353 836 394 Χῖοι
884 349 963 405 μέν
1002 364 1086 391 νυν
1128 346 1339 401 Πακτύην
1380 342 1594 396 ἐξέδοσαν.

179 431 278 478 161
339 430 548 486 Μαζάρης
577 429 622 473 δὲ
652 426 756 484 μετά
779 432 916 472 ταῦτα
946 424 1221 481 ἐστρατεύετο
1262 424 1333 468 ἐπὶ
1361 421 1465 474 τούς
1496 433 1600 478 συμ-

315 507 720 565 Ξπολιορκήσαντας
747 507 965 563 Τάβαλον.
999 505 1073 549 καὶ
1101 508 1231 548 τοῦτο
1254 503 1354 560 μὲν,
1388 500 1603 558 Πριηνέας

344 587 757 645 ἐξηνδραποδίσατο·
788 589 920 628 τοῦτο
952 584 1022 636 δὲ,
1049 582 1316 637 Μαιάνδρου
1333 583 1485 625 πεδίον
1514 583 1659 624 πᾶν65

341 668 574 722 ἐπέδραμε,
602 666 729 720 ληΐην
758 661 1017 718 ποιεύμενος
1035 666 1096 722 τῷ
1116 664 1303 717 στρατῷ·
1336 660 1604 717 Μἀγνησίην

343 746 390 790 δὲ
425 741 645 793 ὦσαύτως.
703 741 807 796 μετὰ
853 740 900 784 δὲ
952 745 1090 784 ταῦτα
1139 738 1296 783 αὐτίκα
1343 737 1493 796 νούσῳ
1541 753 1603 782 τε-

344 826 487 881 λευτᾷ.

455 896 778 949 Ἀποθανόντος
808 896 854 941 δὲ
882 895 1067 950 τούτου,
1085 896 1309 950 1’Ἅρπαγος
1330 894 1489 950 κατέβη
1509 894 1606 938 διά-

17 973 292 1039 Ξὲᾙῑὶξῗυξῗξξζ
350 982 479 1036 δοχος
506 981 585 1034 τῆς
615 976 890 1032 στρατηγίης,
943 976 1069 1032 γένος
1107 975 1182 1019 καὶ
1219 973 1350 1024 αὐτὸς
1390 973 1474 1016 ἐών
1503 977 1609 1029 Μῆ-

18 1040 156 1075 greditur
163 1039 293 1068 Phocae-

20 1082 79 1103 am·

199 1617 298 1665 163

28 1682 264 1712 Phocaeensium

29 1718 140 1753 longae
182 1717 308 1754 naviga-

352 1061 452 1111 δος,
480 1057 559 1102 τὸν
590 1054 613 1100 ὁ
642 1055 815 1112 Μήδων
844 1054 1047 1111 βασιλεὺς
1071 1052 1310 1110 Ἀστυάγης
1339 1049 1489 1108 ἀνόμῳ
1509 1068 1606 1108 τρα-
1620 1059 1668 1094 70

351 1139 457 1197 πέζῃ
488 1138 652 1187 ἔδαισε,
691 1132 715 1177 ὁ
746 1137 807 1193 τῷ
835 1132 976 1190 Κύρῳ
1006 1132 1087 1191 τήν
1123 1134 1353 1190 βασιληίην
1382 1143 1612 1188 συγκατερ-

324 1215 609 1275 ἓγασάμενος.
668 1208 799 1265 οὗτος
830 1211 948 1269 ὡνηρ
979 1213 1074 1257 τότε
1111 1211 1197 1257 ὑπὸ
1237 1211 1396 1266 Κύρου
1436 1221 1613 1267 στρατη-

353 1295 432 1355 γὸς
461 1294 739 1350 ἀποδεχθεὶς,
789 1290 849 1343 ὥς
878 1291 1052 1337 ἀπίκετο
1083 1291 1126 1345 ἐς
1154 1291 1233 1348 τήν
1260 1291 1447 1348 Ἰωνίην,
1496 1291 1614 1346 αἵρεε

354 1375 430 1428 τὰς
458 1374 612 1425 πόλιας
646 1371 835 1429 χώμασι·
886 1370 997 1424 ὅκως
1039 1372 1121 1428 γὰρ
1159 1369 1373 1427 τειχήρεας
1409 1367 1615 1425 ποιήσειε,

356 1454 406 1499 τὸ
437 1455 641 1499 ἐνθεῦτεν
669 1451 845 1509 χώματα
882 1454 973 1507 χῶν
1009 1449 1119 1505 πρὸς
1157 1451 1210 1494 τὰ
1247 1452 1384 1506 τείχεα
1421 1447 1615 1505 ἐπόρθεε.

328 1532 510 1591 Βπρώτῃ
541 1532 587 1577 δὲ
618 1531 799 1587 Φωκαίῃ
826 1528 991 1586 Ἰωνίης
1019 1529 1269 1586 ἐπεχείρησε.

471 1613 526 1655 Οἱ
552 1612 598 1655 δὲ
631 1610 847 1661 Φωκαιέες
876 1605 1002 1654 οὗτοι
1030 1610 1276 1665 ναυτιλίῃσι
1293 1609 1484 1665 μακρῇσι
1501 1609 1614 1662 πρῶ·
1627 1610 1673 1645 75

305 1819 395 1869 22),
422 1830 499 1856 non
510 1819 618 1857 video
646 1818 778 1856 iustam
795 1829 954 1864 causam,

305 1889 368 1916 cur
382 1876 529 1926 passive
544 1876 641 1914 idem
673 1875 744 1912 dici
766 1886 957 1924 negemus,

306 1931 499 1984 ipsamque
536 1931 729 1970 lectionem
769 1931 959 1967 immutare

309 1987 520 2025 audeamus.
577 1988 773 2025 Caeterum
788 1990 958 2023 notamus

309 2043 565 2094 particularum
654 2042 941 2080 coniunctionem
950 2054 958 2078 :

313 2096 469 2137 οὕτε-
484 2095 576 2138 οὔτε
589 2112 717 2146 -τε,
747 2101 786 2134 ut
809 2097 962 2135 Latino-

313 2166 392 2191 rum
412 2166 472 2192 nec
485 2175 542 2182 —
562 2157 607 2191 et.
664 2154 773 2191 Conf.
800 2153 961 2192 Boeckh.

314 2210 364 2248 ad
388 2208 538 2248 Axioch.
554 2210 675 2247 Praef.
697 2223 737 2260 p.
755 2208 837 2247 XV.

492 2293 524 2331 c
536 2305 606 2345 ap.
635 2292 785 2331 CLXII.

361 2371 566 2428 ’Ἅρπαγος
602 2374 747 2427 κατέβη
782 2370 966 2427 διάδοχος

320 2434 391 2485 τῆς
405 2431 657 2485 στρατηγίης]
688 2433 798 2470 Conf.
820 2438 895 2470 not.
917 2434 967 2470 ad

319 2489 361 2537 1,
383 2490 463 2530 153
491 2489 538 2526 de
567 2489 636 2526 hoc
663 2489 792 2526 ducum
818 2501 966 2538 genere,

321 2557 366 2583 ae
395 2544 443 2582 de
467 2544 644 2595 Harpago
669 2544 750 2594 ipso
781 2546 967 2594 coenaque

322 2600 395 2638 ista
412 2602 552 2637 famosa
567 2600 606 2647 Ι,
631 2602 722 2641 119.
777 2600 967 2639 Pertinent

323 2655 410 2703 huc,
458 2668 552 2705 quae
582 2657 679 2707 apud
708 2656 861 2694 Diodor.
889 2657 965 2695 Ex-

324 2714 452 2761 cerptt.
473 2710 510 2763 §.
531 2712 585 2752 31
614 2711 688 2759 (Τ.
699 2712 732 2749 11
751 2726 786 2763 p.
802 2716 855 2754 27
881 2725 964 2751 nov.

323 2767 460 2817 scriptt.
477 2767 556 2805 coll.
578 2768 636 2805 ed.
652 2767 760 2817 Mai.)
780 2769 893 2806 relata
910 2770 967 2807 in-

324 2823 486 2860 venimus
507 2824 554 2861 de
575 2824 724 2861 Graecis
753 2825 800 2861 ad
822 2824 969 2876 Harpa-

325 2891 413 2930 gum
431 2879 478 2917 de
508 2881 657 2918 foedere
685 2881 842 2918 ineundo
868 2881 969 2932 lega-

1023 1820 1081 1854 tos
1097 1815 1321 1854 mittentibus
1334 1814 1402 1852 sed
1419 1813 1603 1865 repulsam
1621 1815 1676 1852 se-

1023 1873 1208 1920 rentibus,
1236 1872 1307 1909 nisi
1329 1870 1424 1908 ultro
1451 1882 1576 1909 servos
1595 1883 1676 1908 sese

1025 1929 1219 1967 Persarum
1247 1928 1334 1965 fidei
1364 1927 1510 1965 tradere
1531 1926 1675 1966 vellent.

1026 1985 1103 2023 Sed
1134 1984 1302 2033 legantur
1330 1984 1412 2033 ipsa
1440 1984 1574 2031 verba,
1605 1983 1679 2020 ori-

1027 2040 1199 2078 entalium
1233 2039 1436 2090 principum
1473 2040 1680 2090 superbiam

1026 2099 1235 2146 fastumque
1256 2096 1392 2146 optime
1412 2095 1648 2133 declarantia.

1086 2149 1189 2199 ὅκως
1217 2149 1291 2204 γάρ
1325 2148 1528 2203 τειχήρεας
1560 2146 1679 2203 ποιή-

1033 2211 1133 2256 σειε]
1164 2205 1344 2260 τειχηρής
1370 2209 1519 2259 proprie
1533 2221 1609 2246 non
1632 2209 1681 2246 ad

1033 2267 1163 2313 urbeS‚
1193 2266 1260 2303 sed
1292 2265 1342 2302 ad
1375 2265 1516 2302 urbium
1545 2264 1680 2302 incolas

1033 2322 1261 2359 referendum
1273 2350 1283 2368 ,
1297 2334 1377 2358 cum
1389 2321 1454 2358 sit:
1482 2324 1578 2359 intra
1589 2333 1680 2358 moe-

1031 2381 1094 2416 m'a
1112 2378 1326 2429 compulsus,
1354 2379 1450 2414 intra
1465 2390 1602 2415 murum
1625 2379 1682 2415 in-

1034 2435 1162 2472 clusus.
1209 2435 1286 2471 Sed
1303 2433 1507 2470 huiusmodi
1527 2437 1683 2471 structu-

1033 2504 1095 2529 rae
1116 2491 1165 2528 ad
1187 2502 1334 2528 sensum
1355 2489 1472 2538 magis
1503 2502 1613 2539 quam
1633 2490 1683 2526 ad

1031 2548 1143 2585 verba
1179 2546 1471 2585 accommodatae
1501 2547 1682 2585 neminem

1032 2603 1317 2642 remorabuntur.

1210 2685 1242 2724 c
1254 2699 1276 2723 a
1287 2698 1324 2737 p.
1348 2684 1515 2723 chm.

1091 2769 1132 2810 οἱ
1151 2766 1195 2810 δὲ
1215 2766 1413 2816 Φωκαιέες
1433 2762 1545 2808 οὗτοι
1571 2782 1596 2809 ν
1609 2783 1684 2807 αυ-

1034 2826 1228 2881 τιλίῃσι
1265 2827 1490 2879 μακρῇσι
1510 2839 1546 2864 κ.
1577 2840 1609 2863 τ.
1631 2824 1682 2876 λ.]

1037 2884 1146 2922 Conf.
1165 2883 1213 2922 de
1232 2882 1453 2936 ναυτιλίῃσι
1471 2895 1586 2934 μακρ.
1603 2880 1634 2930 Ι,
1648 2884 1685 2923 1.
