1759 3324
349 273 434 313 362

322 382 438 424 Ξείσι
477 382 520 424 οἱ
549 383 866 434 καταδέξαντες.

746 273 1217 312 HERODOTI

931 384 1235 427 ἐναυτίλλοντο
1277 382 1322 427 δὲ
1368 380 1424 426 οὐ
1464 393 1615 438 στρογ-

347 459 505 516 γύλῃσι
534 463 685 517 νηυσὶ,
717 460 825 506 ἄλλα
854 460 1245 518 πεντηκοντέροισι.
1283 461 1544 516 ἀπικόμενοι
1567 462 1612 505 δὲ
1625 469 1670 503 80

350 538 394 589 ἐς
423 538 500 582 τὸν
534 541 811 596 Ταρτησσόν,
844 541 1100 598 προσφιλέες
1131 542 1328 596 ἐγένοντο
1359 546 1419 601 τῷ
1442 539 1614 596 βασιλέϊ

348 622 438 662 τῶν
472 622 754 675 Ταρτησσίων
769 654 778 670 ,
809 624 870 676 τῷ
891 619 1061 675 οὔνομα
1082 622 1159 676 μὲν
1179 617 1234 677 ἦν
1261 619 1584 677 Ἀργανθώνιος
1599 635 1609 647 ·

347 695 634 752 ἐτυράννευσε
664 697 710 741 δὲ
746 701 1003 755 Ταρτησσοῦ
1029 698 1279 755 ὀγδώκοντα
1309 700 1424 752 ἔτεα,
1461 699 1612 756 ἐβίωσε

320 777 399 821 36²0—
437 774 579 819 πάντα
619 777 756 820 εἴκοσι
795 777 869 820 καὶ
906 777 1074 821 ἑκατόν.
1132 778 1274 837 τούτῳ
1305 778 1351 823 δὲ
1387 783 1448 836 τῷ
1481 776 1611 834 ἀνδρὶ

292 955 371 988 ctus
390 951 446 1001 (p.
463 951 562 999 193)
576 948 680 1000 ponit
692 948 786 986 circa
797 948 943 1000 Olymp.

291 1008 507 1044 tricesimam
526 1006 583 1044 vel
599 1004 816 1043 vicesimam.

349 1061 393 1102 δὲ
424 1058 474 1103 ου’
515 1058 774 1116 στρογγύλῃσι
801 1060 942 1112 νηυσὶ,

292 1115 392 1160 ἄλλα
422 1116 792 1172 πεντηκοντέροισι]
836 1119 944 1156 Conf.

291 1189 388 1226 quae
418 1189 530 1228 supra
552 1176 814 1226 disputavimus
843 1176 890 1212 ad
917 1175 944 1222 1,

291 1237 331 1275 2.
362 1232 460 1271 Nam
482 1233 646 1270 rotundis
667 1232 818 1269 navibus
835 1231 943 1280 vulgo

291 1289 378 1326 olim
406 1289 600 1327 utebantur
634 1290 682 1326 ad
718 1289 943 1335 commercia,

290 1345 411 1395 longis
442 1346 491 1383 ad
515 1345 619 1384 bella.
679 1345 777 1383 Hinc
806 1350 845 1382 ut
875 1358 941 1395 pe-

292 1402 426 1440 culiare
442 1406 570 1440 notare
591 1402 750 1440 debebat
773 1401 943 1439 Herodo-

290 1463 370 1507 tus,
399 1458 674 1506 PhocaeenseS,
715 1471 808 1507 quos
849 1471 946 1495 mer-

290 1520 438 1553 caturae
454 1516 562 1553 causa
583 1515 800 1564 navigantes
820 1518 944 1551 rotun-

291 1572 349 1609 dis
389 1572 441 1608 uti
472 1572 624 1609 navibus
661 1576 944 1610 consentaneum

291 1632 391 1675 erat,
421 1628 690 1678 penteconteris
707 1628 823 1666 fuisse
843 1640 943 1675 usos,

291 1697 387 1734 quae
411 1696 523 1722 naves
553 1686 601 1722 ad
639 1684 805 1722 bellicum
839 1696 943 1721 usum

290 1742 393 1779 fuere
408 1745 579 1792 paratae,
599 1741 864 1791 quinquaginta
886 1753 944 1778 re-

290 1797 360 1836 mis
379 1810 453 1834 uno
486 1798 613 1836 ordine
643 1798 851 1834 instructae.
882 1796 942 1834 Cf.

290 1866 386 1904 quae
413 1853 462 1891 ad
491 1853 638 1893 Ctesiae
665 1854 812 1891 Persica
838 1853 943 1891 citavi

289 1923 377 1962 pag.
416 1912 509 1951 142.
570 1911 640 1948 His
668 1923 754 1948 vero
792 1910 942 1947 navibus

290 1967 543 2005 Phocaeenses
563 1967 601 2003 in
619 1967 824 2004 huiusmodi
841 1967 943 2003 navi-

291 2022 498 2072 gationibus
516 2023 567 2059 uti
579 2036 727 2061 necesse
739 2027 829 2069 erat,
850 2035 942 2070 quo-

290 2079 391 2116 niam
432 2078 665 2127 Tyrrhenum
705 2079 805 2127 qnod
841 2079 942 2114 aiunt

289 2147 391 2172 mare
437 2141 523 2172 tunc
565 2135 696 2172 Tuscis
741 2135 940 2172 latronibus

290 2190 468 2240 repletum
497 2195 594 2238 erat,
620 2191 757 2240 illoque
773 2197 938 2240 tempore

292 2246 406 2284 Tusci
424 2246 460 2283 in
488 2246 547 2283 illo
573 2248 662 2284 mari
683 2247 853 2285 classibus
872 2248 938 2284 do-

290 2303 537 2350 minabantur,
568 2308 604 2340 et
624 2309 700 2340 tum
718 2305 939 2341 commerciis

290 2363 368 2396 tum
389 2372 474 2396 vero
496 2360 722 2409 potissimum
743 2360 939 2398 latrociniis

291 2415 447 2453 cuiusvis
468 2416 611 2464 generis
636 2417 798 2465 insignes
827 2418 941 2454 adeo-

292 2484 364 2520 que
380 2472 533 2509 infames
553 2473 664 2509 suere.
706 2472 772 2510 Cr.
801 2475 942 2511 confert

290 2527 469 2565 Niebuhr.
486 2527 594 2565 Rom.
614 2528 747 2566 Gesch.
767 2529 783 2565 I
807 2543 843 2579 p.
859 2531 939 2570 130

292 2596 369 2633 seq.
390 2584 448 2621 ed.
465 2597 536 2622 sec.
568 2583 604 2622 T
607 2597 629 2620 u
649 2585 733 2622 add.
752 2584 895 2624 Miilier.
916 2585 939 2622 l.

291 2639 314 2677 1.
335 2652 372 2690 p.
397 2642 487 2681 192.
509 2641 603 2681 288.

347 2697 405 2749 τῷ
424 2693 579 2746 οὕνομα
608 2693 680 2747 μὲν
705 2690 758 2746 ἦν
786 2691 939 2747 Ἀργαν-

290 2747 470 2802 θώνιος]
493 2752 599 2796 Quae
617 2753 664 2790 de
683 2756 803 2790 aetate
823 2758 859 2790 et
879 2766 938 2790 re-

291 2808 356 2858 gni
375 2813 412 2846 et
439 2809 536 2846 vitae
562 2808 802 2858 Arganthonii
816 2809 941 2847 scribit

289 2864 526 2912 Herodotus,
564 2865 693 2902 eadem
727 2866 840 2903 senne
865 2864 939 2901 Pli-

290 2921 373 2958 nius
400 2920 496 2958 Hist„
522 2919 609 2959 Nat.
639 2921 745 2970 Vffl,
767 2924 843 2969 48,
875 2922 939 2958 Ci-

1013 962 1096 987 cero
1117 949 1165 987 de
1182 954 1356 987 senectut.
1370 953 1436 998 19,
1448 950 1526 999 alii,
1539 964 1666 1001 quam-

1013 1018 1122 1055 quam
1142 1007 1181 1042 in
1205 1005 1286 1055 ipso
1315 1018 1492 1043 annorum
1512 1020 1666 1046 numero

1013 1074 1088 1098 non
1125 1074 1250 1100 omnes
1286 1063 1536 1111 consentiunt,
1574 1076 1667 1113 quo-

1013 1131 1093 1156 rum
1138 1122 1281 1156 centum
1327 1124 1365 1156 et
1401 1119 1667 1169 quinquaginta

1012 1187 1129 1213 annos
1157 1174 1255 1211 illum
1285 1187 1411 1224 regem
1433 1175 1565 1214 vixisse
1584 1177 1666 1226 qui-

1012 1232 1098 1268 dam
1122 1236 1303 1269 enarrant.
1363 1231 1476 1276 Quod
1499 1237 1540 1269 ut
1558 1232 1667 1270 intel-

1010 1287 1163 1337 ligatur,
1210 1293 1397 1326 teneamus
1432 1301 1584 1327 necesse
1610 1292 1666 1327 est

1011 1344 1130 1395 ipsum
1148 1357 1337 1383 numerum
1356 1348 1408 1382 ter
1421 1345 1666 1396 quadraginta

1012 1405 1050 1438 et
1083 1401 1135 1438 bis
1183 1401 1428 1451 quadraginta
1475 1414 1664 1441 annorum.

1011 1456 1110 1495 Nam
1148 1470 1318 1496 numerus
1354 1457 1598 1508 quadraginta
1633 1473 1663 1498 ε.

1011 1514 1151 1552 dierum
1182 1528 1211 1551 s.
1236 1527 1414 1552 annorum
1438 1516 1538 1566 apud
1562 1520 1663 1554 vete-

1011 1583 1069 1608 res
1094 1571 1250 1609 subinde
1264 1571 1316 1608 ita
1333 1572 1503 1621 ponitur,
1524 1576 1564 1609 ut
1582 1571 1663 1610 lon-

1011 1640 1097 1676 gum
1120 1627 1266 1665 omnino
1299 1628 1474 1678 temporis
1505 1629 1663 1678 spatium

1011 1696 1079 1721 nec
1100 1688 1266 1721 accurate
1292 1684 1479 1721 definitum
1500 1684 1662 1723 declare-

1009 1744 1078 1777 tur.
1117 1740 1201 1784 Quo
1221 1753 1372 1778 numero
1399 1741 1589 1779 indefinito
1605 1742 1666 1780 ve}

1010 1796 1112 1847 ipsae
1129 1796 1314 1834 hominum
1332 1801 1471 1835 aetates
1490 1796 1662 1849 (γενεαὶ)

1010 1853 1282 1902 significantur,
1320 1853 1391 1892 hoc
1417 1854 1663 1904 quadraginta

1009 1921 1187 1946 annorum
1221 1910 1341 1960 spatio
1377 1909 1475 1946 haud
1509 1911 1661 1948 definito

1009 1970 1247 2016 consumptae
1257 1995 1268 2013 ,
1282 1966 1334 2002 ita
1348 1969 1387 2002 ut
1406 1966 1539 2016 duplex
1554 1980 1583 2004 S.
1597 1968 1661 2005 tri-

1008 2021 1092 2070 plex
1119 2022 1188 2059 iste
1225 2034 1394 2059 numerus
1417 2023 1569 2061 totidem
1596 2025 1662 2062 de-

1007 2082 1111 2116 notet
1125 2082 1262 2115 aetates
1292 2091 1321 2115 s.
1338 2075 1489 2130 γενεάς.
1545 2080 1661 2119 Acce-

1008 2133 1081 2182 dit,
1095 2135 1195 2183 quod
1213 2135 1405 2173 orientales
1418 2135 1583 2175 homines
1593 2137 1662 2175 hoe

1004 2202 1155 2228 numero
1189 2192 1338 2228 omnino
1366 2192 1512 2230 multum
1551 2194 1662 2244 quod-

1006 2246 1087 2284 dam
1103 2247 1274 2285 indicant.
1331 2247 1474 2288 Monuit
1490 2250 1658 2288 Bredow.

1005 2304 1043 2340 in
1057 2303 1273 2341 Untersuch.
1293 2305 1384 2343 iiber
1395 2307 1660 2356 Gegenstiinde

1008 2361 1043 2397 d.
1069 2360 1203 2398 Gesch.
1222 2374 1256 2397 u.
1274 2362 1414 2412 Geogr.
1436 2363 1555 2413 Ipag.
1578 2366 1659 2405 108

1009 2429 1113 2466 seqq.
1147 2420 1238 2457 111.
1265 2418 1345 2458 113
1367 2432 1443 2469 seq.
1494 2419 1558 2457 Cr.
1590 2420 1658 2457 ad-

1008 2474 1083 2510 dit:
1106 2472 1264 2511 Miinter.
1282 2474 1347 2510 der
1357 2475 1466 2513 Stern
1482 2476 1548 2513 der
1556 2475 1658 2514 Wei-

1007 2542 1072 2566 sen
1086 2557 1097 2576 ,
1118 2543 1154 2580 p.
1177 2533 1242 2571 27.
1284 2529 1388 2569 Haec
1411 2531 1524 2580 igitur
1543 2533 1574 2569 si
1599 2545 1660 2570 re-

1007 2587 1191 2635 spexeris,
1231 2585 1376 2624 vixdum
1413 2586 1577 2626 haerebis
1617 2590 1657 2627 in

1006 2646 1063 2678 tot
1085 2654 1262 2678 annorum
1289 2653 1457 2691 numero,
1495 2645 1558 2694 qui
1584 2645 1657 2684 Ar-

1007 2698 1207 2747 ganthonio
1230 2698 1306 2745 regi
1329 2700 1545 2738 tribuuntur.

1062 2751 1204 2803 ἐβίωσε
1231 2750 1274 2791 δὲ
1296 2749 1481 2802 πάντα]
1511 2752 1655 2806 πάντα,

1006 2809 1106 2858 quod
1125 2809 1246 2858 Viget.
1269 2824 1306 2860 p.
1331 2811 1410 2852 135
1439 2813 1658 2864 iuterpreta-

1004 2870 1062 2902 tur
1081 2870 1232 2911 omnino,
1269 2868 1482 2905 Hermanno
1502 2869 1557 2919 (p.
1571 2872 1656 2910 729

1007 2922 1124 2970 ibid.)
1177 2923 1345 2976 displicet
1392 2926 1561 2963 scribenti
1596 2921 1654 2964 voi
