1759 3324
627 263 847 307 cL10.
898 261 928 302 1.

1323 265 1412 308 :397

145 376 330 432 τούτου,
386 374 434 420 αἱ
465 372 704 430 ἐπικαμπαὶ
740 371 862 429 παρὰ
897 375 1039 429 χεῖλος
1075 369 1282 430 ἑκάτερον
1322 378 1410 419 τοῦ

115 456 369 512 4ποταμοῦ,
398 449 576 508 αἱμασιὴ
606 453 807 496 πλίνθων
835 449 1005 496 ὀπτέων
1032 454 1296 509 παρατείνει.
1353 470 1407 498 το

143 535 191 579 δὲ
228 533 337 577 ἄστυ
373 529 507 583 αὐτό,
563 529 639 575 ἐὸν
676 534 834 588 πλῆρες
869 530 1044 576 οἰκιέων
1081 530 1332 590 τριορόφων
1359 550 1404 577 τε
1417 540 1462 576 65

85 719 184 758 fluvii
216 718 311 756 labio
337 716 622 769 praetendatur,
651 716 738 754 dum

85 777 142 814 ille
159 776 283 814 urbem
301 773 496 826 perfluat.“

141 831 185 871 αἶ
199 826 735 881 ἐπικαμπαὶ-παρατείνει]

82 888 172 927 Loci
201 892 380 926 structura
415 885 539 935 utique
579 886 735 937 impedi-

82 945 173 992 tior,
215 958 343 982 sensus
380 943 461 993 ipse
495 943 553 979 vix
589 943 732 980 dubius.

79 999 257 1039 Absolute
287 1001 383 1039 enim
411 998 534 1049 posita
564 999 734 1036 videntur

79 1058 190 1096 verba
220 1053 265 1097 τό
296 1052 374 1096 ἀπὸ
390 1051 557 1101 τούτου,
589 1054 634 1093 αἱ
652 1053 733 1094 ε’πι-

78 1112 252 1165 καμπαὶ,
284 1118 347 1151 aut
369 1116 465 1151 certe
492 1112 562 1158 ita,
595 1116 635 1148 ut
651 1125 733 1149 ver-

80 1171 186 1219 bum,
215 1171 316 1220 quod
347 1169 407 1206 illa
435 1168 600 1218 excipere
622 1169 734 1205 debe-

82 1227 164 1274 bat,
209 1239 294 1264 mox
337 1225 542 1274 neglectum
564 1253 575 1271 ,
624 1225 732 1274 eique

81 1283 326 1330 substantivo,
366 1282 465 1331 quod
501 1293 569 1331 per
601 1293 734 1331 epexe-

79 1340 207 1389 gesin,
244 1343 284 1376 ut
321 1337 556 1377 Grammatici
588 1341 732 1386 vocant,

78 1396 238 1434 iunctum
261 1399 317 1434 est
341 1394 453 1446 priori
480 1393 546 1442 (αἷ
565 1392 731 1444 ἐπικαμ-

77 1451 184 1501 παὶ),
215 1453 437 1490 adstructam
459 1451 517 1489 sit.
557 1450 730 1500 Namque

75 1509 187 1547 verba
209 1524 252 1547 αι
272 1506 490 1559 ἐπικαμπαὶ
518 1503 626 1559 παροὶ
646 1510 729 1558 χεῖ-

76 1563 181 1612 λος
163 1561 348 1617 εκάτερον
367 1566 440 1604 τοῦ
461 1566 646 1615 ποταμοῦ
667 1577 728 1602 ac-

75 1622 234 1659 curatius
253 1622 438 1660 declarant
447 1621 615 1671 spatium,
629 1620 730 1670 quod

76 1682 170 1716 ante⁴
180 1678 328 1715 omnino
351 1678 547 1714 indicatum
561 1691 599 1714 ei
601 1681 639 1714 at
648 1690 729 1714 ver-

77 1734 132 1771 bis
160 1730 204 1774 τό
235 1727 315 1773 eiad
346 1729 512 1782 τούτου,
553 1734 728 1782 quodque

74 1790 195 1841 ipsum
229 1791 341 1828 fuisse
373 1790 477 1828 addit
522 1790 728 1837 maceriam,

74 1859 170 1896 quae
182 1846 277 1883 labio
293 1847 450 1884 fluminis
462 1847 607 1896 utrique
616 1859 727 1897 prae-

74 1903 257 1940 tendatur.
301 1902 400 1941 Nam
419 1903 647 1955 παρατείνει
669 1902 727 1940 hic

74 1955 239 1997 ab'solute
270 1973 298 1997 s,
316 1959 528 1997 neutraliter
546 1959 726 2009 accipien-

73 2015 171 2053 dum.
191 2036 249 2044 —
277 2015 337 2053 Ad
367 2012 534 2067 αἱμασιή
556 2016 651 2052 conf.
679 2015 726 2063 11,

76 2072 158 2114 138
186 2076 223 2110 et
243 2071 315 2119 VI,
337 2072 418 2113 134
438 2073 499 2110 fin.
532 2071 610 2110 coll.
629 2071 727 2109 Pau-

74 2140 152 2166 san.
171 2128 261 2176 Vll,
278 2132 330 2171 21
357 2127 394 2179 §.
413 2128 451 2170 5.
508 2127 567 2166 De
582 2131 727 2166 sentice-

73 2186 120 2221 tis
151 2185 320 2234 intelligit
346 2185 498 2223 Homer.
519 2185 558 2222 in
586 2186 725 2234 Odyss.

72 2239 213 2289 XVIII,
231 2243 334 2290 358,
364 2242 425 2279 ubi
455 2243 527 2279 vid.
554 2241 724 2280 Eustath.

71 2309 108 2348 p.
121 2299 201 2340 676
222 2311 337 2349 supr„
364 2302 537 2337 monente
557 2298 640 2346 Cr„
661 2299 726 2348 qui

73 2353 176 2390 addit
188 2353 357 2405 Apollon.
372 2354 464 2393 Lex.
481 2355 593 2392 Hom.
604 2369 640 2406 p.
656 2357 722 2396 69.

73 2410 128 2450 70
158 2411 214 2448 ed.
248 2409 284 2448 T
287 2410 347 2448 oll.
406 2410 466 2448 Ad
493 2411 725 2450 Herodotum

72 2465 189 2514 magis
214 2467 299 2504 facit
315 2467 548 2506 Grammatic.
570 2469 607 2505 in
624 2469 725 2506 Bek-

73 2518 152 2558 keri
180 2520 342 2560 Anecdd.
368 2523 385 2560 I
417 2537 504 2574 pag.
537 2525 644 2573 336,
674 2527 723 2567 6:

73 2574 271 2627 Αἱμασιά·
299 2594 343 2618 το
362 2578 405 2619 ἐκ
423 2580 596 2631 χαλίκων
623 2577 723 2621 ω’κο-

75 2631 297 2700 δομημένον
311 2636 478 2687 τειχίον·
508 2638 658 2690 κυρίως
678 2635 722 2678 δὲ

73 2690 157 2735 τοῖς
213 2684 516 2743 ἥκανθωμένοις
571 2693 722 2749 λέγεται

73 2745 308 2814 φραγμοῖςῆ
326 2763 429 2795 τινες
449 2745 542 2801 ἅρπ.
556 2765 603 2791 ον
616 2751 720 2802 (sic.)

71 2797 142 2838 καὶ
175 2800 216 2840 οἵ
237 2798 366 2850 Ἴωνες
401 2801 505 2845 οὕτω
523 2819 718 2858 χρωνται·

73 2854 192 2904 δηλοῖ
207 2854 249 2896 δὲ
254 2855 502 2922 ‘Hoo'dovog’
485 2877 528 2902 εν
548 2865 602 2918 τῇ
611 2859 720 2934 πρῶ-

71 2919 141 2964 τῃ·
180 2909 340 2963 φαύλως
364 2913 408 2957 δὲ
436 2917 478 2959 οἱ
503 2919 644 2962 πολλοὶ
672 2936 718 2962 το

805 713 952 767 χωρίον
975 711 1075 757 αὕτο
1094 732 1138 758 το
1158 714 1240 757 ὖπό
1259 716 1460 770 αἷμασιων

804 769 1083 825 περιεχόμενον
1108 772 1299 822 αἱμασιαν
1316 778 1458 815 καλοῦ-

805 839 880 868 σιν.
937 829 1059 880 Atque
1079 836 1164 869 ante
1184 832 1274 870 haec
1290 833 1460 881 evulgata

803 885 876 923 iam
887 885 1176 925 Winckelmann.
1190 889 1289 939 Opp.
1302 889 1362 939 lp.
1374 891 1459 931 360

803 943 860 979 ed.
877 941 1011 980 Dresd.
1032 949 1244 992 monuerat,
1277 945 1376 982 haud
1400 947 1459 983 fu-

800 999 875 1037 isse
894 999 1010 1037 videri
1036 1001 1202 1048 moenia,
1240 1014 1284 1039 ex
1302 1002 1457 1052 integris

799 1054 972 1093 lateribus
1021 1058 1274 1108 superstructis
1313 1063 1456 1109 parata,

802 1113 869 1150 sed
893 1112 1013 1161 qualia
1032 1126 1054 1150 a
1072 1113 1249 1151 Romanis
1269 1119 1356 1166 post
1367 1129 1457 1153 con-

803 1169 878 1205 dita
911 1170 1068 1217 suerint,
1114 1170 1287 1208 lateribus
1322 1172 1458 1209 seilicet

801 1225 1022 1263 extrinsecus
1042 1227 1146 1275 quasi
1164 1228 1296 1266 cortice
1306 1228 1458 1266 circum-

801 1282 911 1328 data,
940 1281 1135 1321 introrsum
1157 1296 1243 1321 vero
1260 1283 1457 1335 lapidibus,

800 1337 985 1385 silicibus,
1017 1339 1135 1388 calce,
1164 1339 1204 1377 id
1227 1353 1345 1389 genus
1373 1340 1452 1378 aliis

798 1394 949 1445 repleta.
1007 1394 1050 1432 In
1077 1397 1310 1434 munimentis
1340 1396 1456 1448 αἷμα-

800 1447 866 1490 σιοὲ
888 1453 1041 1489 occurrit
1066 1453 1129 1490 ubi
1157 1457 1213 1491 est
1233 1466 1347 1503 agger
1366 1466 1383 1490 e
1401 1454 1457 1492 ία-

791 1507 937 1558 putabas
943 1508 1092 1559 factas
1110 1509 1310 1558 Steznwalss
1331 1510 1456 1549 Stem-

797 1564 925 1602 damm.
984 1566 1068 1603 Vid.
1089 1567 1204 1605 Orelli
1223 1568 1273 1605 ad
1287 1567 1454 1607 Aeneam

797 1620 938 1658 Tactic.
974 1635 1053 1672 cap.
1086 1626 1115 1665 2
1152 1637 1240 1674 pag.
1270 1626 1359 1666 127.
1398 1645 1456 1654 —-

797 1677 992 1715 Caeterum
1012 1679 1109 1729 ipsas
1132 1679 1236 1717 huius
1256 1681 1360 1718 molis
1380 1681 1456 1719 rui-

796 1746 862 1770 nas
884 1736 1081 1772 secundum
1107 1737 1242 1774 flumen
1271 1737 1455 1777 invenisse

797 1790 866 1827 sibi
881 1791 1048 1827 videntur
1059 1793 1278 1831 recentiores
1289 1795 1456 1845 peregri-

794 1850 942 1884 natores
955 1876 966 1895 ,
985 1847 1090 1885 Rich.
1114 1853 1151 1886 et
1170 1849 1452 1900 Buckingham.‚

795 1904 894 1940 cuius
918 1904 991 1940 vid.
1023 1904 1185 1943 Itinerar.
1218 1906 1255 1943 in
1276 1906 1454 1959 Mesopo-

794 1963 881 1998 tain.
914 1960 1095 2007 (Berolin.
1113 1964 1244 2012 1828)
1261 1976 1350 2014 pag.
1364 1963 1453 2007 484

794 2029 899 2066 seqq.

850 2088 893 2112 το
927 2069 1006 2112 δὲ’
991 2069 1088 2113 α’στυ
1110 2068 1236 2123 αὐτὸ,
1268 2071 1333 2115 {dv
1351 2078 1452 2128 πλῆ-

796 2142 865 2180 ρες
887 2128 1047 2170 οἰκιέων
1075 2128 1302 2183 τριορόφων
1324 2147 1364 2173 τε
1383 2149 1453 2174 και

793 2182 1082 2239 τετρωρόφων]
1114 2184 1342 2241 τριορόφων
1362 2190 1452 2242 (pro

793 2243 867 2293 vlg.
888 2258 950 2296 τρι
963 2240 1161 2296 ωρόφων)
1180 2259 1261 2283 cum
1281 2247 1451 2297 Schwgh.

792 2301 993 2352 recepimus
1035 2315 1056 2339 e
1100 2302 1451 2342 Schellershemiano

793 2357 930 2396 codice.
987 2357 1150 2397 Probare
1169 2362 1291 2397 tamen
1309 2360 1452 2399 videtur

791 2413 978 2464 vulgarem
995 2415 1151 2454 formam
1178 2428 1201 2453 a
1228 2415 1294 2454 Cr.
1322 2416 1452 2456 lauda-

791 2474 850 2508 tus
872 2471 1089 2509 Schaeferus
1110 2472 1158 2510 ad
1182 2471 1340 2523 Dionys.
1368 2474 1450 2512 Ha-

791 2526 848 2565 lic.
871 2528 919 2565 de
936 2529 1126 2579 composit.
1149 2530 1274 2567 verbb.
1294 2544 1332 2581 p.
1351 2533 1448 2578 203,

792 2583 944 2621 laudans
961 2584 1128 2623 Eustath.
1149 2586 1200 2623 ad
1225 2586 1378 2625 Homer.
1406 2588 1448 2625 Il.

791 2641 951 2691 p.640‚
973 2644 993 2683 1
1027 2642 1266 2692 (499‚10),
1295 2640 1449 2712 νπερῴ-

793 2711 887 2745 ους,
917 2697 1207 2751 πολυστέγονς,
1243 2697 1448 2753 πολυωρό-

789 2767 895 2803 φους
931 2756 1190 2806 proferentem.
1272 2757 1448 2808 Intelligit

788 2814 911 2849 autem
943 2811 1157 2850 Herodotus
1192 2814 1304 2853 aedes
1339 2815 1447 2852 trium

788 2871 825 2904 et
845 2871 1001 2916 quatuor
1018 2868 1285 2920 tabulatorum,
1306 2871 1446 2923 amplas

786 2921 899 2972 igitur
919 2923 1097 2975 altasque.
