1805 3315
645 230 864 271 CLIO.
921 233 949 271 I.
1392 241 1444 279 31

79 347 88 357 '
154 344 405 403 δηλώσασα,
434 338 620 397 ἡσυχίην
649 339 756 397 εἶχε·
802 339 862 393 ὥς
900 341 947 385 δὲ
985 339 1125 400 ἡμέρη
1153 342 1332 400 τάχιστα
1361 347 1447 403 ἐγε-

154 425 303 481 γόνεε,
332 424 421 464 τῶν
449 421 653 465 οἰκετέων
681 419 785 471 τοὺς
813 421 1002 477 μάλιστα
1032 421 1126 478 ὥρα
1142 424 1326 475 πιστοὺς
1355 424 1446 469 ἐόν-

153 518 227 552 τας
253 500 419 557 ἑωυτῇ,
445 499 649 557 ἑτοίμους
676 500 972 557 ποιησαμένη,
1003 500 1152 545 ἐκάλεε
1181 502 1260 546 τόν
1281 503 1491 560 Γύγεα.65

128 579 196 622 2‘0
234 577 301 630 δὲ,
344 577 476 622 ου’δὲν
515 579 681 622 δοκέων
722 577 862 635 αὐτὴν
897 583 987 623 τῶν
1025 581 1313 636 πρηχθέντων
1358 583 1447 627 ἐπί-

150 663 363 710 στασθαι,
404 654 511 714 ἦλθε
540 659 824 715 καλεόμενος·
862 657 996 702 ἐώθεε
1031 658 1117 715 γὰρ
1158 662 1233 705 καὶ
1260 661 1446 718 πρόσθε,

127 737 267 790 δόκως
303 735 331 793 ἡ
373 739 571 794 βασίλεια
606 738 778 791 καλέοι,
827 742 1000 794 φοιτᾶν.
1039 737 1099 791 ὥς
1138 740 1185 784 δὲ
1233 738 1257 785 ὁ
1296 740 1446 799 Γύγης

104 912 199 948 infra
232 911 304 958 III,
347 912 440 953 133.
481 911 547 950 Cr.
586 912 760 949 amandat

106 967 312 1016 Thucydid.
367 968 426 1016 Π,
472 971 528 1010 37
562 969 648 1016 fin.,
697 969 760 1005 ubi

106 1025 341 1062 Gottleberus
374 1025 551 1062 Platonici
583 1025 651 1062 loci
691 1025 758 1061 ad-

105 1082 244 1118 monuit
264 1082 302 1118 in
320 1080 515 1119 Menexen.
538 1085 602 1123 19.
634 1081 756 1130 Atque

104 1139 146 1174 iis
168 1137 279 1186 locis,
308 1139 370 1175 ubi
389 1139 495 1176 abest
515 1139 755 1189 praepositio,

105 1193 243 1246 φέρειν
293 1199 349 1232 est
392 1195 554 1246 adferre,
596 1197 752 1243 gignere.

105 1251 186 1289 Nec
217 1251 320 1289 aliter
348 1252 425 1288 fere
463 1252 532 1288 hoc
561 1250 640 1287 loco
669 1251 755 1287 red-

105 1309 193 1346 dere
211 1307 311 1344 licet:
347 1337 371 1355 „
383 1306 480 1344 Nam
508 1307 605 1357 apud
632 1306 755 1357 Lydos

102 1377 145 1401 ac
158 1363 237 1414 fere
260 1366 365 1400 etiam
385 1363 483 1414 apucl
501 1368 650 1401 caeteros
670 1364 753 1400 bar-

100 1420 201 1458 baros
227 1420 283 1457 vel
309 1423 387 1457 viro
414 1433 581 1470 magnum
605 1424 643 1458 in
670 1433 752 1471 pro-

99 1477 197 1514 brum
218 1479 389 1526 vertitur,
431 1491 463 1515 s,
492 1491 660 1526 magnum
688 1477 752 1527 af-

94 1533 172 1584 fert
201 1533 365 1582 dedecus,
409 1533 500 1584 quod
525 1534 640 1572 nudus
670 1547 752 1570 con-

99 1592 310 1642 spiciaturf‘
346 1591 408 1628 Ad
438 1592 658 1629 sententiam
684 1590 753 1628 hoe

101 1648 180 1685 loco
200 1660 409 1698 expressam
429 1649 475 1685 cf.
499 1661 593 1697 quae
622 1648 751 1696 Gyges

101 1705 283 1754 eloquitur
312 1718 390 1755 cap.
420 1705 467 1745 8:
509 1700 592 1755 ἅμα
626 1701 668 1742 δὲ
693 1718 751 1742 κι-

99 1763 207 1800 θῶνι
237 1759 465 1829 ἐκδυομένῳ
494 1756 753 1800 συνεκδύεται

97 1816 167 1857 καὶ
197 1814 271 1869 τήν
312 1817 413 1857 αἰδῶ
462 1813 594 1869 γυνής
653 1817 752 1855 cuius

99 1874 301 1913 sententiae
339 1887 362 1912 a
398 1874 593 1911 Plutarcho
631 1873 750 1924 Nupt.

97 1931 288 1981 Praecept.
310 1944 350 1981 p.
379 1933 474 1978 139,
493 1931 539 1968 C.
569 1931 753 1981 vitupera-

96 1992 157 2025 tae
186 1988 364 2025 rationem
396 1987 454 2025 hie
487 1988 592 2036 quasi
630 1987 753 2025 reddit

97 2044 321 2082 Herodotus.
359 2044 441 2082 Nec
465 2044 585 2081 minus
606 2043 676 2081 hue
695 2045 752 2081 fa-

96 2101 193 2138 ciunt
211 2101 300 2149 loci,
329 2113 422 2151 quos
443 2100 509 2138 Cr.
539 2101 752 2151 adscripsit:

95 2157 375 2195 PlatonisinRe
388 2157 490 2208 publ.
500 2157 547 2205 V,
557 2158 583 2198 3
602 2171 639 2208 p.
653 2157 750 2205 452,

96 2214 143 2252 C.
171 2227 209 2266 p.
232 2218 313 2256 221
338 2214 479 2252 Bekk.:
512 2233 569 2242 ·—
598 2209 648 2254 οὕ
678 2228 749 2253 πο-

94 2266 166 2317 λυς
186 2267 346 2322 χρόνος,
377 2270 417 2319 ἐξ
443 2264 494 2310 οὗ
515 2273 599 2317 τοῖς
608 2267 749 2321 Έλλη-

96 2338 160 2366 σιν
192 2323 317 2368 ἐδόκει
346 2323 490 2379 αἰσχρα
538 2330 642 2366 εἰναι
680 2325 748 2366 καὶ

93 2381 246 2435 γέλοια,
271 2380 371 2438 ἅπερ
396 2399 476 2424 νυν
501 2388 610 2431 τοῖς
628 2386 747 2424 πολ-

93 2443 204 2487 λοῖς
274 2443 375 2481 τῶν
443 2436 747 2510 ββαρβοὲρων,

92 2511 269 2548 γυμνους
288 2496 439 2551 ἄνδρας
460 2496 662 2550 ὁρᾶσθαι,
692 2502 748 2535 at-

93 2566 166 2602 que
191 2554 356 2604 Thucyd.
377 2555 407 2602 l,
438 2557 464 2595 6
485 2568 565 2592 cum
587 2553 745 2601 scholiis,

93 2607 247 2647 Hesiodi
269 2612 351 2661 (qui
372 2611 507 2648 natalia
531 2612 662 2648 nudari
681 2624 746 2648 ve-

92 2666 163 2708 tat)
181 2663 291 2720 ’Έργ.
322 2670 416 2710 730
446 2667 600 2716 Tyrtaei
630 2668 659 2715 Ι,
691 2669 743 2708 21

96 2720 160 2766 (ex
179 2721 326 2762 Homer.
345 2725 449 2762 Iliad.
463 2724 584 2772 XXII,
605 2727 660 2766 66
683 2736 746 2761 ex-

94 2779 228 2827 press.)
255 2781 316 2817 ubi
335 2782 406 2820 vid.
428 2780 552 2818 Klotz.
574 2794 612 2831 p.
632 2783 688 2822 22
708 2783 746 2818 et

94 2830 326 2883 Xenophont.
362 2838 400 2875 in
432 2836 743 2883 Memorab.l[1‚

97 2889 161 2928 11.
221 2889 278 2928 De
307 2891 424 2941 Lydis
450 2894 554 2932 Idem
587 2865 744 2932 conferri

827 910 904 949 vult
942 911 1095 952 Philost.
1148 913 1272 952 Iconn.
1330 914 1371 963 I,
1431 918 1487 958 30

827 968 883 1018 (p.
910 970 991 1009 808
1027 970 1171 1019 Olear.)
1203 985 1276 1021 quo
1304 971 1384 1010 loco
1417 974 1489 1010 uti-

824 1030 883 1061 tur
925 1025 1215 1065 Winckelmann.
1245 1029 1294 1066 ad
1327 1029 1484 1068 velatum

823 1081 992 1117 Herculis
1058 1088 1169 1133 caput
1231 1085 1483 1136 explicandum

823 1137 923 1186 opp.
953 1137 1006 1174 IV
1033 1151 1070 1188 Ρ.
1107 1142 1202 1182 192
1234 1141 1302 1178 Vll
1330 1156 1368 1193 p.
1390 1143 1481 1184 134-

821 1191 967 1230 Addam
992 1194 1039 1231 de
1064 1194 1209 1244 Pelsis‚
1240 1210 1334 1246 quos
1355 1212 1482 1248 quam-

822 1262 895 1298 que
923 1249 1071 1286 humani
1106 1254 1268 1303 corporis
1310 1255 1481 1292 nudatio—

821 1319 928 1353 nem,
958 1308 1078 1357 capite
1107 1314 1282 1360 excepto,
1312 1312 1480 1362 turpissi—

821 1375 918 1399 mam
938 1363 1110 1402 habuisse
1122 1371 1259 1403 notant.
1273 1367 1356 1404 vid.
1372 1367 1482 1405 Mon-

822 1432 906 1468 gez.
926 1419 965 1455 in
984 1419 1152 1459 Memoir.
1173 1423 1220 1461 de
1245 1423 1387 1462 l’Instit.
1412 1438 1480 1462 na-

819 1477 908 1513 tion.
935 1475 982 1514 T.
1001 1476 1018 1513 Ι
1040 1491 1078 1528 p.
1106 1480 1171 1519 13.

1041 1568 1151 1620 Cap.
1191 1569 1256 1607 XI.

874 1648 955 1686 τῶν
985 1646 1169 1687 οἰκετέων
1192 1664 1288 1696 τους
1310 1645 1479 1701 μαλιστα

821 1698 906 1755 ὧροι
948 1702 1113 1752 πιστους
1163 1704 1303 1752 ἑόντας
1349 1704 1482 1762 ἑωυτῇ

819 1774 857 1798 κ.
884 1775 917 1799 τ.
947 1759 1000 1811 λ.]
1043 1762 1246 1812 Comparat
1289 1762 1475 1801 Cr.cu1n

818 1816 874 1853 his
901 1830 961 1865 ea,
992 1830 1088 1867 quae
1117 1819 1347 1857 inveniuntur
1375 1820 1476 1857 simi-

819 1872 900 1910 lia
891 1887 929 1910 ln
966 1876 1122 1913 carmine
1151 1876 1280 1927 epic0‚
1327 1876 1383 1913 cui
1410 1889 1478 1913 no-

819 1943 904 1967 men
946 1929 1205 1981 Nibelungen,
1249 1945 1305 1969 nr.
1334 1935 1389 1974 29
1417 1946 1475 1970 vs.

818 1989 900 2028 701
929 2000 966 2037 p.
1002 1989 1093 2030 182.
1125 1989 1228 2026 Idem
1258 1989 1306 2026 de
1328 1989 1478 2027 nomine

816 2043 989 2092 reginae,
1019 2046 1118 2093 quod
1134 2045 1328 2083 Herodoto
1357 2046 1404 2083 de
1420 2046 1477 2083 in-

817 2100 958 2137 dustria
991 2105 1030 2137 ut
1069 2101 1197 2139 volunt
1242 2102 1476 2153 praetermis-

817 2169 919 2204 smn,
950 2155 1124 2207 Nyssiam
1153 2158 1268 2196 fuisse
1298 2158 1474 2210 Hephae-

816 2213 887 2250 stio
898 2214 1022 2261 tradit,
1041 2214 1166 2252 laudat
1180 2214 1288 2252 Phot.
1302 2214 1474 2253 Biblioth.

816 2283 853 2321 Ρ.
875 2269 958 2311 484
978 2270 1039 2308 lin.
1067 2273 1122 2313 30
1152 2285 1211 2321 sq.
1240 2285 1277 2322 p.
1303 2271 1384 2313 150
1416 2272 1474 2310 ed.

814 2326 938 2365 Bekk.
975 2326 1018 2364 111
1047 2341 1154 2378 seqq.
1183 2330 1337 2365 formam
1375 2327 1475 2366 Ioni-

815 2395 895 2421 cam
921 2379 1006 2436 ἇίρα
1040 2385 1138 2435 (pro
1165 2380 1304 2437 ἑώρα)
1339 2385 1472 2423 retinui

813 2453 893 2478 eum
916 2444 1066 2479 recentt.

866 2492 969 2544 ὅκως
1009 2495 1039 2549 ἦ
1081 2497 1263 2549 βασίλεια
1305 2495 1469 2549 καλέοι]

813 2553 835 2590 i.
861 2566 892 2593 e.
927 2582 953 2601 ‚‚
968 2556 1101 2604 quoties
1125 2558 1253 2606 regina
1290 2556 1473 2592 vocaret.“

812 2609 956 2648 Eodem
989 2612 1099 2649 modo
1139 2613 1234 2650 infra
1262 2611 1336 2659 ΙΙΙ,
1377 2610 1471 2653 125.

807 2661 912 2713 ὅκως
930 2662 1012 2707 ὕοι.
1032 2667 1062 2716 Ι,
1095 2670 1159 2710 16.
1192 2671 1285 2710 100.
1317 2666 1377 2705 Tu
1396 2667 1470 2704 vid.

811 2723 1012 2761 Hermann.
1058 2725 1107 2762 ad
1143 2726 1269 2774 Viget.
1313 2737 1352 2774 p.
1385 2725 1469 2765 909

812 2784 851 2817 et
888 2793 996 2829 quem
1043 2780 1110 2818 Cr.
1152 2782 1278 2819 laudat
1314 2780 1466 2817 Disseu.

809 2835 1017 2886 Disquisitt.
1047 2838 1147 2888 phill.
1176 2838 1195 2876 Ι
1221 2851 1260 2888 p.
1278 2835 1347 2878 25.
1376 2835 1467 2874 Mox

810 2894 858 2931 de
878 2894 994 2933 δυοῖν
1021 2896 1067 2932 cf.
1086 2895 1135 2933 ad
1162 2894 1199 2943 Ι,
1232 2893 1296 2936 14.
