1814 3315
628 248 844 290 CLIO.
902 249 929 287 Ι.

1322 254 1406 294 203

148 362 264 414 ἔταξε
293 359 419 404 οέντία
445 360 520 414 τῆς
549 358 710 411 ἵππου,
741 360 879 402 τῶνδε
901 359 1086 403 εἵνεκεν·
1117 357 1316 415 κάμηλον
1339 361 1405 404 ἵπ-

142 456 223 492 πος
251 437 474 495 φοβέεται,
505 437 579 481 καὶ
609 435 690 480 οὐκ
720 434 914 494 ἀνέχεται
948 436 1051 482 οὔτε
1079 438 1158 495 τήν
1182 438 1304 495 ἰδέην
1327 437 1404 483 αὐ-

141 523 216 574 τῆς
245 516 404 571 ὁρέων,
439 516 540 560 οὔτε
573 516 650 573 τήν
681 515 824 573 ὀδμὴν
854 515 1215 574 ὀσφραινόμενος.
1262 516 1402 562 αὐτοῦ

141 596 194 652 δὴ
222 597 284 638 ὠν
312 593 475 639 τούτου
509 596 670 639 εἵνεκεν
700 596 978 653 ἐσεσόφιστο,
1028 598 1101 640 ἵνα
1131 600 1193 655 τῷ
1224 599 1402 654 Κροίσῳ

138 674 351 731 ἄχρηστον
374 669 403 731 ᾗ
429 673 477 718 τὸ
508 676 708 729 ἱππικὸν,
742 679 803 732 τῷ
833 675 886 733 δή
916 693 956 719 τι
985 677 1059 720 καὶ
1088 677 1223 731 ἐπεῖχε
1243 674 1401 733 ἐλλάμ-

110 759 301 806 6ψεσθαι
331 753 355 798 ὁ
385 752 542 806 Λυδός.
603 753 661 806 ὥς
691 756 736 798 δὲ
765 756 838 799 καὶ
868 754 1087 813 συνῄεσαν
1123 756 1167 807 ἐς
1203 754 1284 812 τὴν
1320 755 1401 811 μά·
1413 762 1457 798 55

136 848 240 888 χην,
278 832 473 876 ἐνθαῦτα
510 832 569 885 ὣς
599 833 827 891 ὅσφραντο
869 833 1047 891 τάχιστα
1075 839 1164 879 τῶν
1193 833 1401 892 καμήλων

138 912 182 954 οἱ
209 912 354 964 ἵπποι,
397 914 470 957 καὶ
500 910 619 958 εἶδον
651 911 806 968 αὐτὰς,
850 912 986 959 ὀπίσω
1018 913 1305 972 ἀνέστρεφον,
1338 916 1400 959 δι-

136 1093 317 1149 κὰμηλον
341 1097 465 1146 ἵππος
488 1096 672 1150 φοβέεται
693 1114 727 1139 κ.

79 1168 111 1192 τ.
132 1152 181 1204 λ.]
225 1155 456 1193 Camelorum
485 1157 644 1206 speciem
673 1161 728 1194 at-

79 1223 151 1260 que
174 1211 324 1249 odorem
355 1225 470 1261 equos
493 1213 727 1251 reformidare

80 1279 147 1304 nec
183 1268 277 1305 serre
313 1269 497 1318 potuisse,
546 1269 584 1305 in
622 1269 725 1306 huius

78 1323 192 1373 ipsius
209 1323 336 1373 proelii
355 1324 562 1362 narratione
577 1326 726 1362 tradunt

79 1379 298 1429 Xenophon.
325 1381 532 1430 Cyropaed.
570 1380 660 1429 Vll,
692 1384 729 1429 1,

79 1438 145 1476 27.
170 1435 375 1484 Polyaenus
396 1437 555 1486 Strateg.
581 1437 663 1485 Vll,
687 1440 726 1486 6,

77 1494 117 1534 6.
176 1491 287 1535 Quod
321 1506 368 1531 ne
405 1494 533 1531 mirum
564 1493 729 1532 videatur

78 1551 116 1586 et
145 1559 168 1584 a
197 1552 327 1586 natura
362 1562 482 1587 rerum
512 1550 726 1598 abhorrens,

76 1604 216 1641 monuit
251 1609 345 1643 teste
371 1606 436 1644 Cr.
470 1607 728 1645 Blumenbach.

78 1660 137 1708 (in
154 1660 375 1709 Commentt.
394 1663 517 1701 societ.
537 1677 614 1713 reg.
633 1664 727 1701 Got-

78 1716 168 1765 ting.
193 1715 301 1759 1804
319 1731 406 1768 pag.
421 1721 534 1769 186),
563 1721 727 1769 cogitan-

75 1773 146 1810 dos
165 1785 246 1811 esse
257 1787 372 1823 equos
385 1805 395 1823 ‚
413 1777 476 1825 qui
489 1778 604 1828 primo
617 1777 726 1827 ipsis-

77 1841 149 1878 que
183 1829 293 1880 plane
330 1831 473 1870 insueto
510 1834 727 1871 camelorum

76 1897 227 1923 occursu
252 1893 514 1937 expavescant,
540 1890 624 1939 quia
651 1902 726 1927 non

76 1941 176 1992 prius
186 1942 329 1981 camelis
346 1945 481 1982 assueti
490 1946 623 1983 fuerint
643 1959 726 1984 eos-

34 2009 38 2013 ’
77 2010 149 2047 que
194 1999 290 2037 serre
335 2001 539 2039 didicerint.
604 2002 725 2052 Atque

75 2053 181 2104 primi
214 2053 354 2094 Arabes
385 2057 530 2096 camelis
557 2058 594 2095 in
627 2058 723 2097 bello

76 2110 167 2147 vecti
189 2123 271 2150 esse
288 2113 476 2162 dicuntur,
505 2128 624 2165 eoque
645 2128 724 2153 mo-

76 2166 125 2203 do
143 2166 337 2206 militantes
357 2170 395 2207 in
411 2169 604 2209 Persarum
622 2184 724 2210 exer-

74 2221 146 2259 citu
173 2223 410 2263 inveniuntur.
466 2227 579 2266 Unde
597 2228 721 2265 similis

76 2279 257 2328 equitatus
289 2283 388 2332 apud
414 2282 578 2321 Bactrios
593 2312 603 2331 ,
632 2285 722 2322 Par-

75 2334 176 2383 thos,
205 2335 294 2374 alias
321 2336 433 2376 Asiae
464 2344 606 2388 gentes.
662 2341 722 2379 De

75 2390 204 2440 quibus
232 2391 298 2430 Cr.
318 2395 490 2433 amandat
509 2397 558 2434 ad
583 2397 721 2435 Gesen.

75 2446 114 2483 in
132 2447 351 2490 Commentt.
370 2451 419 2489 ad
436 2451 541 2490 Iesai.
562 2453 675 2502 XXI,
694 2456 721 2494 7

75 2514 163 2551 pag.
183 2506 265 2545 660
283 2519 362 2556 seq.
419 2506 482 2546 Tu
507 2509 580 2548 vid.
601 2509 723 2549 Hero-

77 2557 153 2595 dot.
172 2559 259 2608 VII,
284 2563 350 2603 86.

133 2612 201 2653 καὶ
229 2611 301 2656 οὐκ
328 2612 505 2669 ἀνέχεται
527 2617 619 2660 οὔτε
647 2617 721 2672 τὴν

81 2666 192 2719 ἰδέην
219 2667 342 2723 αὐτῆς
372 2672 517 2727 ὁρέων]
559 2677 724 2715 Structu-

82 2736 157 2761 ram
176 2727 274 2764 verbi
297 2725 508 2781 ἀνέχεσθαι
531 2746 611 2770 cum
638 2746 724 2783 par-

81 2779 200 2828 ticipio
224 2782 401 2823 illustrant
427 2801 522 2836 quae
545 2788 722 2828 Matthiae

81 2835 222 2884 collegit
242 2842 401 2891 exempla
418 2843 570 2893 plurima
582 2844 722 2895 §.550²

81 2890 104 2926 b
120 2904 205 2942 Pag-
232 2896 347 2937 1080.
388 2897 473 2939 ἰδέα
496 2905 554 2946 est
574 2903 721 2953 speciem

796 1099 867 1136 vid.
895 1112 990 1149 quae
1014 1099 1063 1137 ad
1092 1098 1274 1136 Plutarch.
1297 1098 1453 1138 Flamin.

796 1157 999 1193 monuimus
1021 1168 1108 1207 pag.
1130 1159 1195 1196 77.
1217 1156 1322 1203 256,
1340 1156 1374 1193 b.

852 1214 906 1266 τῷ
925 1208 975 1263 δή
1004 1227 1040 1251 τι
1067 1210 1134 1250 καὶ
1158 1211 1284 1262 ἐπεῖχε
1307 1207 1453 1263 ἐλλάμ-

795 1273 950 1317 ψεσθαι
972 1266 995 1308 ὁ
1015 1263 1170 1313 Λυδός]
1202 1268 1224 1304 i.
1245 1282 1275 1307 e.
1298 1282 1364 1318 quo
1384 1272 1452 1306 sci-

797 1325 877 1363 licet
905 1325 1054 1362 multum
1084 1326 1189 1361 etiam
1213 1337 1248 1361 se
1280 1325 1453 1363 illustrio-

797 1394 867 1420 rem
881 1381 964 1433 fore
980 1380 1107 1431 Lydus
1128 1382 1365 1418 existimabat.
1396 1384 1452 1434 τῷ

798 1434 851 1490 δή
879 1453 945 1485 τι,
976 1438 1160 1489 plerisque
1189 1437 1289 1474 libris
1316 1438 1451 1490 proba-

795 1500 891 1543 tum,
918 1495 997 1532 loco
1016 1507 1090 1532 non
1101 1494 1299 1540 movimu53
1329 1495 1449 1545 aptius

796 1552 891 1590 enim
903 1551 1027 1590 sensui
1045 1551 1206 1598 videtur,
1223 1563 1331 1600 quam
1350 1552 1451 1600 quod

794 1607 911 1646 Aldus
932 1608 1062 1646 edidit:
1093 1609 1149 1661 τῷ
1169 1603 1220 1649 δή
1239 1622 1292 1647 το
1306 1622 1329 1646 ι.
1357 1608 1450 1646 Ver—

796 1665 881 1702 bum
900 1662 1050 1715 ἒπέχειν
1071 1664 1139 1700 hoc
1151 1677 1262 1701 sensu
1292 1666 1350 1711 (in
1367 1667 1448 1702 ani-

795 1733 850 1758 mo
878 1721 1020 1768 habere,
1050 1722 1227 1769 cogitare,
1257 1721 1318 1758 ubi
1345 1733 1450 1759 accu-

795 1777 949 1815 sativum
967 1773 1034 1816 τὸν
1044 1778 1145 1816 νοῦν
1165 1776 1448 1828 licetsupplere)

794 1833 974 1871 illustrant
990 1833 1059 1870 loci
1082 1846 1103 1870 a
1114 1832 1360 1883 Wesselingio
1370 1834 1449 1872 lau-

794 1891 892 1937 dati,
923 1890 986 1927 ubi
1012 1890 1121 1927 etiam
1149 1889 1363 1927 infinitivum
1394 1892 1447 1929 vi-

793 1947 920 1984 demus
950 1946 1020 1983 hoc
1051 1946 1201 1984 verbum
1236 1945 1305 1984 hoc
1337 1960 1448 1985 sensu

793 2003 1053 2053 excipientem:
1090 2002 1128 2049 Ι,
1158 2001 1249 2043 153.
1280 2003 1350 2050 VI,
1379 2007 1445 2046 96.

791 2059 868 2108 VI,
896 2058 962 2101 49.
1018 2057 1133 2096 Addit
1170 2058 1236 2096 Cr.
1278 2059 1445 2099 Eustath.

792 2117 842 2153 ad
874 2115 1029 2153 Homeri
1070 2115 1208 2163 Odyss.
1241 2115 1351 2163 XIX,
1391 2120 1445 2159 71

790 2185 827 2223 p.
841 2173 922 2214 683
941 2172 1036 2209 med.
1048 2170 1159 2208 Basil.
1170 2170 1297 2221 Polyb.
1309 2173 1445 2222 XVIII,

791 2231 868 2275 28,
892 2230 955 2270 11.
984 2249 1041 2255 ——-
1068 2227 1142 2264 Pro
1160 2225 1184 2266 o‘
1201 2225 1335 2276 Λυδὸς
1352 2243 1445 2267 non—

790 2284 878 2322 nulli
898 2284 978 2322 libri
1000 2282 1024 2324 ό
1046 2279 1183 2331 αὐτὸς,
1216 2287 1315 2334 quod
1335 2299 1379 2324 ex
1390 2287 1445 2324 in-

791 2344 1074 2391 terpretamento
1086 2344 1204 2378 ortum
1216 2342 1440 2380 crediderim.

789 2396 962 2447 Namque
1003 2394 1026 2436 ὅ
1056 2393 1196 2443 Λυδός
1234 2398 1445 2449 intelligitur

790 2453 970 2501 Croesus,
986 2454 1097 2503 igitur
1118 2453 1208 2491 idem
1217 2483 1228 2502 ,
1250 2455 1350 2493 cuius
1363 2469 1443 2494 mo-

788 2510 837 2547 do
855 2511 1076 2548 mentionem
1092 2509 1274 2549 intulerat.

846 2564 1025 2605 ἒνθαῦτα
1059 2563 1113 2613 ὥς
1142 2563 1347 2620 ὅσφραντο
1376 2563 1442 2607 τοῖ-

790 2634 900 2674 χιστα
919 2624 999 2661 τῶν
1020 2617 1208 2673 καμήλων
1243 2624 1285 2663 οἷ
1304 2623 1439 2676 ἵπποι]

790 2680 981 2716 Struetura
1006 2679 1107 2717 verbi
1145 2674 1441 2733 ὀσφραίνεσθαι

790 2748 869 2772 cum
889 2735 1048 2784 genitivo
1076 2734 1274 2774 illustratur
1302 2749 1325 2774 a
1342 2737 1441 2774 Mat-

788 2791 886 2829 thiae
917 2790 954 2842 §.
977 2791 1059 2834 349
1087 2794 1161 2830 not.
1181 2795 1207 2833 3
1232 2806 1317 2843 pag.
1345 2793 1439 2840 659,

790 2851 851 2896 qui
870 2848 965 2885 idem
985 2849 1032 2886 de
1052 2848 1178 2886 aoristi
1208 2850 1327 2886 forma
1353 2862 1438 2886 con-

789 2904 960 2943 sulendus
982 2903 1019 2956 §-
1042 2902 1123 2947 245
1148 2917 1234 2957 pag.
1257 2905 1352 2949 478.
1398 2905 1438 2942 In
