1768 3324
12 475 80 502 rino
99 474 171 507 dati,
190 481 218 500 et
239 474 293 500 hu-

13 508 61 536 ius
80 508 117 536 ad
129 507 157 535 id
164 494 293 534 ’eluden-

14 542 85 570 dum
103 542 181 570 ratio
208 541 260 569 abs
256 548 295 567 ·o-

344 266 428 307 790

746 261 1221 304 HERODOTI

187 375 286 420 133
346 372 394 417 ἐν
425 375 486 431 τῷ
513 373 697 432 ἐνιαυτῷ
728 373 841 426 ἅπαξ
869 390 944 430 μιν
973 372 1053 416 τόν
1082 371 1210 428 ἥλιον
1239 373 1445 416 κατιδεῖν.
1486 371 1613 414 Μετὰ

12 440 161 481 ammons·
153 450 161 467 ι
186 440 239 475 Μ)·
244 448 292 466 ce—

351 453 398 497 δὲ
427 456 500 509 τῆς
530 452 752 508 θυγατρὸς
781 452 829 496 τὸ
860 452 1029 505 πάθος,
1059 451 1240 504 δεύτερα
1268 450 1411 508 τούτῳ
1441 453 1502 509 τῷ
1532 452 1613 506 βα-

352 532 462 575 σιλέϊ
489 529 590 574 τάδε
619 531 845 586 γενέσθαι·
877 532 1020 574 ἐλθεῖν
1050 532 1093 574 οἱ
1119 531 1331 587 μαντήϊον
1351 530 1397 574 ἐκ
1418 532 1615 579 Βουτοῦς
1657 534 1737 573 167

347 610 522 662 πόλιος,
555 607 613 660 ὥς
642 609 824 664 ,,μέλλοι
851 610 895 660 ἓξ
925 609 1019 652 ἔτεα
1049 614 1218 665 μοῦνον
1247 609 1372 666 βιούς
1401 612 1462 666 τῷ
1493 606 1671 664 έβδό-ΞΙ

320 697 342 731 2
353 707 450 748 ,,μῳ
485 687 768 743 τελευτήσειν.
783 693 808 711 “

866 687 946 730 τόν
991 689 1063 739 δὲ,
1116 688 1262 732 δεινὸν
1300 686 1612 744 ποιησάμενον,

348 769 515 824 πέμψαι
544 766 586 816 ἐς
616 766 665 809 τὸ
693 764 909 821 μαντήϊον
926 770 987 824 τῷ
1007 770 1097 825 θεῷ
1128 765 1378 822 ὀνείδισμα,
1411 764 1616 822 ἀντιμεμ-

350 846 545 902 φάμενον

576 844 643 887 ὅτι
673 841 733 895 ,,ὁ
763 844 841 899 μὲν
867 842 1006 887 αὐτοῦ
1029 843 1169 900 πατὴρ
1187 845 1261 888 καὶ
1282 842 1478 898 πάτρως,
1506 844 1617 888 απο-

351 925 637 980 „nantoacum
664 921 716 964 τοὶ
748 922 845 976 ἱρὰ,
876 922 949 966 καὶ
979 926 1099 966 θεῶν
1119 921 1174 966 οὐ
1194 923 1482 979 μεμνημένοι,
1511 921 1676 966 &stades

350 1035 375 1056 ,,
388 1002 460 1046 καὶ
490 1001 596 1052 τούς
627 1000 898 1056 ἀνθρώπους
928 1003 1213 1057 φθείροντες,
1244 1002 1431 1059 ἐβίωσαν
1459 1000 1621 1058 χρόνον

389 1081 401 1096 Ἱ
439 1081 448 1096 ἱ
609 1079 619 1094 l
664 1096 672 1105 ·
749 1078 759 1094 5
804 1080 814 1094 x
893 1080 902 1094 5
971 1078 982 1094 9
1081 1081 1089 1094 ἱ
1148 1080 1159 1095 Ί
1186 1080 1195 1093 ἱ
1323 1081 1332 1095 1
1549 1080 1558 1094 r

351 1097 452 1134 ,,επι
482 1085 648 1124 πολλου
705 1098 838 1132 αυτος
869 1082 892 1124 δ
935 1084 1114 1137 ευσεβης
1144 1097 1252 1134 εων,
1283 1085 1433 1137 μελλοι
1461 1097 1623 1137 ταχεως

323 1168 345 1202 3
355 1193 379 1213 ,,
391 1158 507 1205 οὕτω
538 1159 843 1216 τελευτήσειν.“

898 1159 969 1203 Ἐκ
1007 1160 1053 1203 δὲ
1092 1163 1172 1203 τοῦ
1201 1162 1466 1216 χρηστηρίου
1497 1157 1622 1217 αὐτῷ

353 1239 535 1295 δεύτερα
565 1239 710 1283 ἐλθεῖν
741 1238 923 1296 λέγοντα
952 1237 1157 1291 ,,τούτων
1186 1241 1330 1283 εἵνεκα
1359 1239 1433 1282 καὶ
1462 1251 1623 1282 συντα-

353 1319 537 1376 ,,χύνειν
576 1316 697 1378 αὐτῷ
742 1320 820 1363 τὸν
857 1320 970 1376 βίον.

354 1398 534 1454 »χρεων
563 1393 618 1454 ἦν
647 1399 834 1442 ποιέειν·

1030 1317 1084 1362 οὐ
1120 1318 1204 1375 γὰρ
1242 1321 1427 1375 ποιῆσαί
1462 1334 1537 1374 μιν
1573 1317 1623 1362 τὸ

883 1401 974 1443 δεῖν
1003 1398 1088 1455 γὰρ
1125 1400 1346 1454 Αἴγυπτον
1376 1401 1681 1442 κακοῦσθαιδο

353 1476 461 1530 »ἐπ’
488 1477 583 1521 ἔτεα
608 1476 880 1534 πεντήκοντά
919 1493 964 1522 τε
993 1479 1067 1522 καὶ
1095 1477 1271 1521 ἑκατόν·
1310 1477 1384 1521 καὶ
1411 1475 1515 1528 τοὺς
1545 1477 1625 1532 μὲν

355 1554 473 1608 ,,δύο
503 1555 608 1608 τοὺς
637 1556 723 1612 πρὸ
757 1557 926 1601 ἐκείνου
955 1557 1216 1614 γενομένους
1244 1557 1446 1613 βασιλέας
1465 1561 1625 1612 μαθεῖν

327 1638 528 1687 4,,τοῦτο
553 1668 564 1687 ,
614 1640 762 1679 κεῖνον
800 1637 846 1680 δὲ
886 1635 986 1680 οὔ.“

1067 1640 1217 1680 Ταῦτα
1255 1634 1508 1679 ἀκούσαντα
1547 1633 1626 1678 τὸν

356 1717 618 1768 Μυκερῖνον
641 1748 658 1768 ,
718 1715 778 1767 ὦς
817 1716 1196 1772 κατακεκριμένων
1239 1714 1323 1771 ἤδη
1363 1716 1406 1758 οἱ
1443 1712 1627 1767 τούτων,

357 1792 494 1849 λύχνα
522 1792 818 1850 ποιησάμενον
847 1795 986 1838 πολλοὶ
997 1829 1009 1848 ,
1048 1795 1160 1845 ὅκως
1188 1795 1356 1849 γίνοιτο
1387 1793 1489 1846 νὺξ,
1519 1791 1683 1837 ἀνά-35

357 1878 503 1925 ψαντα
535 1871 669 1927 αὐτὰ,
700 1876 843 1918 πίνειν
872 1890 915 1918 τε
946 1874 1020 1917 καὶ
1050 1871 1308 1928 εὐπαθέειν,
1337 1872 1437 1919 οὔτε
1466 1871 1629 1931 ἡμέρης

454 2094 486 2132 c
498 2107 520 2131 a
531 2108 568 2146 p
599 2094 806 2132 cxxxm.

361 2175 521 2228 πέμψαι
550 2177 589 2224 ἒς
618 2193 659 2217 το
694 2174 889 2229 μαντηϊον
908 2181 963 2234 τῷ

306 2237 393 2288 θεῷ
422 2229 649 2285 ὀνείδισμα]
680 2235 836 2272 Sensum
864 2240 962 2273 recte

308 2292 437 2341 opinor
466 2291 516 2326 sic
549 2291 707 2327 reddidit
737 2291 959 2341 Schweiglm

308 2348 477 2395 „mi'szsse
496 2346 543 2382 ad
567 2346 765 2394 oraculum,
797 2350 858 2396 qui
881 2361 962 2384 con-

309 2403 500 2439 tumeliosis
535 2403 646 2439 verbis
679 2402 740 2439 (leo
774 2404 962 2453 &probra-

307 2459 423 2497 rent.“
481 2458 663 2496 Immerito
691 2460 727 2495 in
757 2459 812 2495 his
845 2460 963 2496 verbis

309 2515 427 2553 haesit
456 2514 714 2551 Valckenarius
734 2542 745 2561 ,
786 2527 879 2564 quae
912 2516 963 2553 sic

311 2571 527 2619 refingenda
544 2584 626 2608 esse
647 2575 787 2608 censet:
808 2570 966 2622 πέμψαι

309 2626 352 2674 ἐς
379 2624 422 2666 τό
457 2622 649 2678 μαντήϊον
677 2628 727 2677 τῇ
755 2628 837 2681 θεῷ
865 2625 965 2667 ὀνει-

311 2678 456 2737 δισάση
495 2679 775 2734 μεμφόμενον,
816 2684 877 2720 ubi
919 2686 966 2722 de

309 2738 481 2777 Latonae
509 2739 654 2776 oraculo
680 2740 716 2775 in
746 2740 836 2776 urbe
870 2741 967 2777 Buto

311 2796 464 2844 cogitari
508 2795 605 2842 vult,
638 2795 684 2832 de
713 2808 785 2843 quo
820 2795 870 2843 ll,
902 2798 966 2837 83.

315 2852 408 2893 152.
465 2850 599 2900 Neque
631 2864 716 2888 vero
748 2864 858 2888 unum
895 2852 969 2889 La-

313 2911 424 2945 tonae
458 2912 538 2945 erat
577 2908 614 2944 in
643 2905 814 2958 Aegypto
844 2921 968 2946 oracu-

1028 2069 1126 2117 lum,
1163 2070 1231 2106 sed
1259 2069 1328 2105 alia
1356 2081 1504 2118 quoque
1535 2067 1686 2105 aliorum

1030 2126 1182 2162 deorum
1208 2125 1273 2173 (11,
1293 2127 1382 2173 83),
1401 2137 1555 2174 quorum
1574 2136 1686 2161 unum

1030 2182 1213 2231 quendam
1235 2210 1245 2228 ,
1305 2181 1509 2231 Apollinem
1545 2181 1685 2228 forsan,

1029 2237 1232 2287 intelligens
1265 2236 1402 2274 Noster
1432 2237 1589 2274 scribere
1617 2249 1686 2286 po-

1027 2295 1113 2330 tuit:
1148 2295 1204 2345 ²95
1229 2296 1280 2330 θε
1286 2295 1328 2346 ῷ.
1388 2293 1509 2336 Quem
1524 2292 1685 2329 dativum

1031 2350 1061 2386 si
1091 2349 1139 2385 ad
1172 2335 1378 2399 ὀνείδισμα
1414 2349 1549 2385 referre
1583 2348 1686 2395 velis,

1029 2405 1129 2442 haud
1169 2405 1295 2442 obstat
1322 2405 1469 2454 linguae
1495 2418 1583 2442 usus
1617 2418 1687 2443 nec

1029 2461 1130 2498 verbi
1161 2456 1362 2508 ὀνειδίζειν
1398 2466 1576 2498 structura
1605 2474 1687 2498 cum

1031 2517 1154 2554 dativo
1169 2546 1179 2565 ,
1209 2523 1248 2553 ut
1269 2518 1296 2565 Ι,
1312 2520 1384 2559 90:
1415 2519 1469 2571 τῷ
1490 2519 1577 2569 θεῷ
1587 2513 1688 2556 σ’νει·

1033 2574 1151 2612 δίσαι.
1179 2594 1235 2600 —-
1264 2574 1323 2611 Ad
1339 2578 1592 2622 argumentum
1610 2574 1688 2611 lau-

1033 2630 1122 2667 dant
1149 2630 1287 2667 Aelian.
1318 2642 1392 2667 var.
1420 2629 1504 2666 hist.
1535 2629 1591 2676 ll,
1619 2630 1687 2671 41.

1092 2684 1133 2723 ἐκ
1159 2684 1201 2723 δὲ
1230 2688 1302 2725 τοῦ
1324 2684 1576 2736 χρηστηρίου]
1607 2686 1630 2723 ἱ.
1655 2699 1686 2723 e.

1032 2746 1111 2791 post
1133 2741 1224 2779 illud
1237 2744 1340 2792 prius
1360 2741 1548 2780 oraculum.
1579 2743 1689 2780 Conf.

1037 2798 1074 2845 1,
1107 2800 1172 2839 86.
1202 2798 1268 2839 50.
1325 2798 1397 2835 Pro
1431 2794 1689 2849 συνταχύνειν

1036 2853 1180 2902 Steger.
1201 2856 1316 2905 praef.
1341 2854 1389 2891 ad
1405 2854 1546 2892 Herod.
1560 2867 1598 2906 p.
1618 2854 1689 2892 XII

1036 2910 1172 2948 mavult
1195 2913 1462 2963 σννταχννεῖν.
