1759 3324
326 235 412 278 562

329 343 445 395 δεξιοὶ
495 341 702 398 φέροντες
746 342 824 398 τὴν
865 347 1009 398 χεῖρον

720 230 1191 272 ΗΕΒΟΒΟΤΙ

1091 340 1322 397 Αἰγύπτιοι
1373 339 1418 383 δὲ
1437 370 1449 390 ,
1503 336 1590 382 ἀπὸ

330 429 420 466 τῶν
459 424 611 473 δεξιῶν
651 422 720 466 ἐπὶ
757 421 809 465 τὰ
847 419 1076 475 ἀριστερά·
1124 422 1198 465 καὶ
1236 423 1455 468 ποιεῦντες
1483 421 1591 461 ταῦ-

330 519 384 546 τα
453 500 578 545 αὐτοὶ
655 501 664 514 ’
884 500 941 516 ’“
1094 500 1102 512 “
1233 501 1288 517 ¹-
1378 498 1398 512 ‘¹
1485 520 1487 523 ,

399 535 411 554 ,
615 517 693 557 μεν
733 512 842 555 φασι
878 517 947 544 επι
993 503 1109 553 δεξια
1147 516 1334 551 ποιεειν,
1397 502 1592 552 Ελληνας

302 588 325 622 9
335 582 380 626 δὲ
418 578 489 624 ἐπ’
528 578 742 634 ἀριστερά.

279 799 401 840 369.“
430 796 602 833 Creuzer.
617 793 836 830 Commentt.
853 792 932 831 He·-

278 854 381 891 rodd.
399 866 435 902 p.
448 853 532 892 372
546 864 615 899 sq„
636 850 697 885 ubi
718 850 786 886 alia
808 850 931 886 adiici-

279 914 398 955 untur,
417 920 510 956 quae
524 907 571 943 ad
587 906 848 955 Aegyptiacam
870 919 932 943 vc-

278 971 392 1003 terem
412 964 571 1012 linguam
592 969 702 1011 atque
714 963 931 999 Hebraicam

279 1035 324 1060 ex
342 1033 415 1057 una
428 1021 540 1070 stirpe
552 1019 765 1069 progenitas
787 1023 822 1055 et
843 1031 932 1067 qua-

280 1079 311 1115 si
330 1076 506 1123 sororias,
538 1081 575 1112 ut
598 1074 760 1112 nonnulli
783 1080 932 1112 conten-

280 1136 394 1180 dunt,
434 1136 620 1182 spectant,
660 1131 737 1168 aliis
764 1132 931 1168 nimirum

279 1190 566 1239 refragantibus,
596 1188 660 1238 qui
685 1187 796 1239 plane
814 1189 933 1226 diver-

281 1260 341 1285 sas
361 1247 530 1284 iudicant.

336 1302 560 1352 διφασίοισι
581 1297 623 1340 δὲ
640 1295 933 1351 γράμμασιχρὲ-

285 1373 406 1399 ωνται
423 1373 458 1398 κ.
473 1373 504 1396 r.
515 1356 562 1408 t]
589 1357 827 1405 „Herodotus
844 1357 934 1393 duas

280 1415 534 1454 tantummodo
556 1414 723 1463 agnoscit
742 1413 935 1463 scripturas

281 1473 543 1522 Aegyptiorum
556 1499 566 1517 ‚
576 1470 872 1520 hieroglyphicam
893 1481 935 1506 ac

278 1528 492 1580 popularem.
549 1527 603 1564 Ac
636 1526 718 1564 licet
749 1526 934 1563 Diodorus

284 1584 426 1623 Siculus
457 1583 526 1632 (Ι,
559 1586 610 1626 81
651 1582 732 1620 «011.
760 1582 837 1629 Ill,
860 1581 935 1622 4et

282 1640 398 1679 Palin.
431 1642 598 1689 fragmm.
627 1652 688 1676 sur
714 1638 836 1676 l'etud.
867 1638 932 1676 des

282 1697 511 1747 hieroglyph.
525 1699 609 1747 part
629 1696 644 1733 Ι
665 1708 752 1746 pag.
775 1695 846 1743 12)
868 1694 935 1731 hac

283 1755 322 1793 in
340 1767 380 1792 re
408 1753 519 1805 plane
547 1765 628 1790 cum
648 1751 784 1789 Nostro
807 1752 933 1788 faciat:

283 1815 405 1848 tamen
435 1809 635 1847 Clementis
671 1807 935 1858 Porphyriique

284 1867 464 1904 diversam
479 1867 655 1903 rationem
671 1877 781 1914 supra
797 1876 935 1901 memo-

284 1923 463 1970 ravimus,
501 1923 530 1959 si
555 1922 665 1958 modo
697 1921 840 1958 diversa
865 1923 933 1956 est.

283 1979 361 2016 Iam
379 1979 584 2028 quaeritur,
610 1982 729 2013 utrum
755 1974 936 2013 Herodoti

284 2034 513 2083 Diodorique
563 2033 721 2069 narratio
755 2031 935 2069 conciliari

285 2095 397 2140 queat
411 2103 491 2127 cum
512 2093 711 2126 ceterorum
734 2101 825 2137 quos
844 2087 936 2124 dixi-

285 2159 363 2184 mus
386 2145 613 2191 auctoritate,
635 2157 681 2181 an
693 2157 807 2181 secus.
838 2143 936 2180 Zoe-

286 2215 335 2251 ga
354 2202 522 2251 quidem,
550 2205 590 2237 ut
611 2201 692 2237 hinc
711 2201 844 2245 ordiar,
873 2199 934 2248 qui

285 2259 322 2295 in
342 2270 422 2296 eam
443 2269 607 2294 caussam
629 2257 793 2293 studiose
818 2255 937 2304 inqui-

287 2327 367 2352 rere
378 2313 531 2350 instituit
543 2314 610 2359 (de
627 2312 791 2350 obeliscc.
804 2325 839 2361 p.
852 2310 935 2352 424

286 2392 341 2399 ·—
364 2368 458 2411 440.
490 2370 617 2416 549),
657 2369 856 2406 Clementis
894 2380 936 2404 ac

286 2425 479 2476 Porphyrii
505 2426 683 2462 rationem
713 2423 936 2473 argumentis

286 2495 441 2532 operose
454 2482 636 2530 congestis
664 2485 837 2529 tanquam
856 2480 936 2516 uni-

286 2551 329 2576 ce
357 2551 479 2576 veram
514 2538 657 2575 firmare
690 2542 745 2574 est
771 2542 934 2573 conatus.

287 2593 397 2631 Ponit
426 2600 547 2632 autem
579 2593 637 2631 ille
671 2593 934 2630 Alexandrinus

287 2649 372 2688 haec
392 2652 463 2688 tria
488 2663 638 2699 genera:
666 2646 713 2688 τοὶ
737 2648 935 2688 ἐπιστολο-

287 2703 483 2759 γραφικοὶ,
516 2704 564 2745 τοὶ
586 2703 864 2757 ἱερογλυφικᾶ,
887 2702 934 2744 τοὶ

288 2757 520 2814 συμβολικᾶ.
589 2763 728 2800 Contra
758 2762 937 2799 conciliari

287 2818 378 2858 haec
403 2820 497 2857 inter
526 2832 566 2857 se
589 2832 698 2869 posse
716 2819 847 2855 iudicat
867 2819 936 2855 Sa-

287 2888 396 2925 cyus,
427 2876 489 2926 qui
519 2876 569 2914 ita
599 2877 721 2914 scribit
754 2874 883 2924 (lettre
912 2875 935 2912 a

802 581 1042 634 διφασίοισι
1083 580 1127 623 δὲ
1173 576 1397 635 γράμμασι
1435 577 1592 633 χρέων-

997 794 1089 832 Msr.
1108 795 1265 845 Chaptal
1288 799 1354 832 etc.
1384 808 1421 844 p.
1444 795 1538 840 39):
1574 792 1649 840 „Si

998 851 1032 888 le
1050 856 1203 900 rapport
1229 851 1276 888 de
1296 856 1351 888 cet
1369 851 1522 887 ecrivain
1544 849 1650 896 (Cle-

998 908 1148 955 mentis)
1167 906 1303 945 semble
1322 906 1501 943 contraire
1519 907 1541 942 a
1559 904 1652 942 celui

999 964 1229 1001 d'Herodote
1247 969 1283 1000 et
1296 964 1341 1000 de
1352 963 1517 1000 Diodore
1533 962 1580 998 de
1591 961 1651 997 Si-

999 1020 1084 1067 cile,
1124 1021 1185 1068 qui
1220 1033 1267 1057 ne
1302 1019 1467 1070 parient,
1507 1030 1579 1067 que
1603 1018 1652 1054 de

1001 1078 1095 1114 deux
1130 1081 1246 1114 sortes
1284 1076 1495 1122 d'ecriture,
1541 1073 1566 1110 il
1596 1076 1653 1111 est

1000 1133 1207 1183 cependant
1224 1146 1328 1170 assez
1345 1131 1448 1169 facile
1466 1132 1513 1169 de
1531 1130 1653 1167 conci-

999 1189 1066 1227 lier
1082 1203 1142 1227 ces
1166 1190 1286 1227 divers
1308 1188 1574 1237 temoignages.
1622 1184 1653 1222 ll

1001 1246 1095 1283 n’est
1112 1259 1177 1296 pas
1189 1246 1390 1283 necessaire
1408 1258 1501 1294 pour
1519 1243 1595 1281 cela
1605 1242 1653 1280 de

1002 1315 1179 1353 supposer
1196 1316 1283 1340 avec
1302 1301 1349 1339 D.
1371 1301 1526 1338 Wilkins
1538 1327 1551 1344 ‚
1579 1311 1654 1348 que

1003 1373 1087 1396 sous
1114 1359 1148 1395 le
1168 1371 1252 1396 nom
1277 1358 1466 1396 d'ecriture
1487 1355 1652 1406 epistolu-

999 1415 1194 1465 graphique
1214 1415 1380 1452 Clement
1395 1411 1654 1450 d'Alexandrie

1001 1485 1023 1509 a
1043 1472 1203 1509 entendu
1225 1471 1345 1522 parler
1371 1471 1421 1507 du
1446 1469 1654 1507 charactere

1002 1529 1122 1575 Grec,
1151 1541 1192 1565 ce
1211 1528 1271 1576 qui
1293 1540 1340 1565 ne
1359 1540 1418 1565 me
1434 1527 1553 1576 paroit
1573 1522 1654 1566 nul-

999 1585 1134 1622 lement
1169 1583 1462 1628 vraisemblable3
1508 1581 1531 1617 il
1567 1582 1655 1617 vaut

1000 1641 1119 1678 mieux
1160 1640 1348 1689 expliquer
1382 1638 1574 1676 Herodote
1616 1639 1654 1673 et

1000 1697 1165 1735 Diodore
1183 1697 1229 1733 de
1241 1696 1348 1733 Sicile
1363 1708 1429 1746 par
1443 1694 1478 1732 le
1495 1705 1654 1744 passage

1002 1754 1050 1791 de
1067 1766 1107 1790 ce
1125 1753 1218 1790 Pete
1238 1757 1276 1789 et
1295 1753 1373 1789 dire
1391 1764 1462 1801 que
1483 1764 1543 1787 ces
1563 1750 1654 1786 ecri-

1001 1810 1104 1846 vains
1123 1814 1188 1845 ont
1205 1809 1382 1859 compris,
1415 1820 1501 1845 sous
1519 1806 1554 1844 le
1567 1819 1654 1843 nom

1002 1866 1189 1903 d’ecriture
1208 1865 1389 1914 vulgaire,
1418 1876 1486 1915 par
1503 1862 1653 1913 opposi-

1000 1923 1078 1960 tion
1103 1935 1172 1958 aux
1207 1922 1428 1958 characteres
1453 1920 1572 1957 sacres
1605 1931 1655 1955 ou

1002 1979 1196 2027 hieratique
1220 1983 1258 2015 et
1276 1975 1656 2027 epistolographiquef‘

1001 2035 1164 2071 Vidimus
1214 2035 1369 2072 eandem
1424 2031 1657 2080 W'esselingii

1004 2091 1220 2128 sententiam
1258 2104 1350 2127 esse.
1418 2089 1500 2127 Nec
1536 2089 1654 2126 minus

1002 2147 1248 2197 patrocinatur
1267 2147 1458 2183 Herodoto
1468 2145 1655 2183 Diodoro-

1003 2215 1075 2252 que
1097 2202 1284 2239 lomardus
1298 2231 1308 2249 ‚
1339 2203 1402 2251 qui
1421 2214 1465 2239 ex
1493 2200 1656 2238 Thebai—

1003 2259 1052 2296 cis
1069 2259 1309 2295 monumentis
1327 2259 1513 2308 copiosam
1530 2257 1586 2294 his
1606 2257 1654 2294 de

1002 2315 1110 2352 rebus
1130 2315 1340 2364 disputandi
1364 2314 1551 2352 materiam
1577 2316 1655 2351 erat

1002 2375 1140 2408 nactus.
1198 2371 1274 2408 Sed
1291 2371 1387 2408 idem
1405 2374 1529 2408 tamen
1547 2370 1653 2407 aliam

1000 2427 1093 2464 illius
1124 2427 1341 2464 diversitatis
1372 2427 1550 2465 rationem
1588 2425 1655 2463 sibi

1001 2484 1218 2520 informavit.
1274 2483 1364 2520 Eius
1397 2496 1467 2532 ego
1496 2483 1563 2519 viri
1595 2495 1654 2520 ar-

1002 2545 1256 2588 gumentorum
1277 2553 1452 2577 summam
1481 2539 1549 2577 hoc
1573 2538 1654 2575 loco

1001 2596 1258 2633 subiiciendam
1287 2597 1403 2642 duco,
1434 2608 1508 2644 quo
1534 2595 1655 2632 Hero-

1004 2654 1081 2690 doti
1108 2652 1300 2689 lectoribus
1333 2651 1530 2689 consulam.
1591 2650 1655 2688 Vi-

1001 2708 1132 2745 delicet
1149 2708 1338 2745 oblocutus
1350 2709 1501 2756 zoegae
1517 2708 1656 2745 Ionnar-

1003 2765 1070 2801 dus
1099 2764 1300 2813 (Descript.
1330 2766 1377 2802 de
1401 2764 1495 2812 l'Eg.
1514 2765 1654 2813 antiqq.

1001 2822 1072 2857 vol.
1090 2820 1123 2857 Π
1156 2833 1241 2870 pag.
1263 2822 1374 2869 370)
1413 2820 1484 2858 duo
1514 2826 1654 2857 tantum

1003 2877 1199 2929 scripturae
1227 2889 1365 2926 genera
1395 2876 1495 2929 apud
1512 2883 1653 2914 veteres
