1759 3324
343 234 428 275 588
734 236 1210 275 HERODOTI

343 345 427 402 πίῳ
459 344 504 387 δὲ
534 343 805 401 ἐπωνυμίην,
835 345 1019 389 θύουσι·
1059 349 1120 405 τῷ
1151 345 1195 389 δὲ
1225 344 1376 402 ἑτέρῳ,
1409 344 1466 395 ὥς
1495 343 1608 400 ἥρωϊ

220 430 289 476 45
344 421 600 478 ἐναγίζουσι.
658 424 847 478 Λέγουσι
887 424 932 468 δὲ
969 425 1109 468 πολλοὶ
1140 425 1213 468 καὶ
1245 423 1351 467 ἄλλα
1381 422 1662 467 &verunas—85

13 496 178 524 Refcllitnr
196 497 292 525 Grae-

13 538 115 557 corum
144 531 290 563 quaedam

13 563 115 625 {iiiam
144 564 181 592 de
213 565 292 593 Her-

347 517 463 551 πτως
493 501 768 558 οἷ”Ελληνες.
809 501 971 558 εὐήθης
1012 504 1057 547 δὲ
1088 502 1234 547 αὐτῶν
1263 503 1334 546 καὶ
1365 502 1437 546 ὅδε
1471 501 1493 546 ὁ
1523 506 1606 556 μῦ-

347 579 431 631 θός
461 581 572 632 ἐστι,
601 580 678 624 τὸν
707 580 803 634 περὶ
831 585 911 623 τοῦ
935 580 1167 636 Ἡρακλέος
1187 582 1379 637 λέγουσι·
1411 580 1469 632 ὥς
1497 579 1606 632 ,,αύ-

343 658 459 711 »τόν
489 656 755 713 ἀπικόμενον
794 657 837 708 ἐς
875 660 1099 714 Αἴγυπτον
1138 659 1366 711 στέψαντες
1399 662 1440 704 οἱ
1471 659 1604 715 Αἰγύ-

343 753 514 789 ,,πτιοι,
558 735 645 779 ὑπὸ
676 739 850 791 πομπῆς
886 736 1040 792 ἐξῆγον
1081 737 1139 788 ὠς
1177 738 1390 789 θύσοντες
1418 744 1477 795 τῷ
1507 741 1605 782 Διΐ·

343 816 452 868 ,,το“ν
491 815 558 866 δὲ,
604 814 709 865 τέως
747 814 824 870 μὲν
861 812 1042 870 ἡσυχίην
1078 816 1209 871 ἔχειν·
1257 816 1347 860 ἐπεὶ
1385 817 1430 861 δὲ
1470 816 1662 861 αὖτοῦ90

345 926 369 945 ,,
381 893 493 948 πρὸς
521 897 581 951 τῷ
610 895 743 950 βωμῷ
772 892 1063 949 κατάρχοντο,
1093 894 1136 947 ἐς
1154 893 1292 952 ἀλκὴν
1315 893 1606 951 τραπόμενον,

485 1079 597 1130 Cap.
627 1077 743 1117 XLV.

347 1131 502 1186 εὐήθης
538 1134 580 1175 δὲ
609 1131 739 1174 αὐτῶν
777 1132 845 1175 καὶ
875 1130 942 1175 ὅδε

289 1190 314 1232 o‘
331 1187 464 1243 μῦθός
476 1191 569 1237 ἐστι]
592 1186 725 1230 αὐτῶν
740 1206 820 1230 cum
833 1192 942 1230 Gais-

286 1249 406 1286 fordio
427 1250 593 1300 rescripsi
606 1262 673 1298 pro
695 1245 766 1287 αὐτ
777 1246 795 1287 έ
807 1263 873 1287 ων.
886 1268 943 1276 -

288 1305 346 1343 De
369 1300 525 1356 εὐήθης
561 1305 747 1353 (stolidus,
777 1305 942 1355 ineptus)

287 1362 441 1399 vidimus
460 1363 510 1399 ad
527 1361 556 1410 Ι,
575 1364 640 1404 60.
698 1362 740 1399 In
758 1375 862 1411 seqq.
891 1361 941 1398 ad

287 1419 401 1455 verba
416 1415 495 1457 ὑπὸ
518 1419 680 1469 πομπῆς
699 1419 794 1456 conf.
806 1417 940 1455 Matth.

288 1472 325 1525 ἓ.
347 1475 429 1516 592
447 1475 508 1511 fin.
526 1487 564 1525 p.
586 1476 704 1516 1187.

346 1529 429 1570 ἐπεὶ
459 1528 500 1569 δὲ
525 1526 651 1570 αὐτοῦ
672 1527 767 1580 πρὸς
792 1532 847 1584 τῷ
866 1529 941 1580 βω-

289 1588 350 1638 μῷ
372 1583 636 1638 κατάρχοντο]
668 1588 691 1624 i.
725 1601 756 1625 e.
789 1598 867 1623 cum.
896 1585 945 1623 ad

289 1643 403 1680 altare
429 1646 692 1693 auspicarentur
718 1644 941 1692 sacraficium.

288 1699 345 1736 Ita
361 1699 585 1749 Schweigh.;
616 1695 751 1746 αὐτοῦ,
774 1700 875 1749 quod
896 1699 944 1736 de

288 1755 450 1793 Hercule
480 1761 655 1806 tanquam
675 1757 821 1793 victima
838 1755 943 1793 intel-

289 1811 499 1861 ligendum,
528 1813 665 1864 pendet
692 1826 713 1850 a
735 1813 847 1850 verbo
874 1827 942 1850 κα-

288 1864 491 1920 τάρχοντο.
549 1869 647 1907 Nam
676 1864 943 1919 κατάρχεσθαι

289 1924 448 1975 (ἱερῶν)
479 1926 653 1963 usitatum
682 1930 738 1963 est
768 1926 806 1962 in
826 1925 944 1962 Grae-

291 1994 416 2018 corum
450 1983 585 2028 sacris,
613 1984 797 2031 auspicari
827 1994 944 2029 eaque

291 2037 412 2073 omnia
431 2038 723 2086 comprehendit,
753 2049 848 2086 quae
875 2037 944 2073 ini-

290 2093 343 2128 tio
366 2093 529 2129 sacrificii
542 2093 645 2139 fiunt,
673 2093 765 2143 pilos
791 2093 945 2130 efronte

290 2149 458 2185 victimae
497 2149 733 2196 abscindere,
790 2148 944 2186 lustrare

291 2216 393 2250 eam,
422 2204 502 2240 alia.
561 2204 669 2241 Plura
697 2206 865 2254 interprr.
895 2205 944 2241 ad

290 2259 472 2309 Aristoph.
501 2258 597 2297 Aves
636 2262 718 2301 970
756 2264 794 2298 et
835 2274 944 2310 quem

291 2316 495 2364 Schweigh.
513 2317 551 2352 in
563 2315 653 2353 Lex.
668 2315 847 2353 Herodot.
867 2316 944 2354 lau-

291 2372 368 2409 dat.
409 2372 540 2420 Heyne
569 2372 729 2421 Opuscc.
760 2370 899 2409 Acadd.
928 2372 944 2410 Ι

290 2441 326 2478 p.
349 2428 443 2469 326.
474 2428 530 2465 Ex
549 2428 744 2465 Herodoto
768 2430 860 2465 conf.
880 2428 944 2475 IV,

290 2485 357 2524 60.
384 2484 475 2524 103.
520 2483 730 2521 Forinulam
756 2480 851 2535 πρὸς
878 2479 944 2523 οἷλ-

289 2537 368 2590 κήν
390 2537 604 2590 τρέπεσθαι
621 2540 794 2577 Aemilius
811 2540 945 2578 Portus

290 2595 389 2633 haud
420 2596 512 2633 male
552 2596 733 2633 reddidit:
794 2596 842 2633 ad
871 2599 943 2634 vim

283 2651 560 2702 propulsandam
580 2665 616 2689 se
633 2656 843 2700 convertere,-
865 2653 943 2690 alii:

289 2710 418 2745 virium
436 2721 578 2745 suarum
601 2708 795 2758 periculum
809 2708 942 2758 facere.

287 2762 453 2802 Recurrit
468 2763 604 2802 locutio
616 2764 677 2811 ΙΙΙ,
689 2766 754 2805 68.
773 2763 837 2812 IV,
851 2766 941 2806 125.

290 2819 363 2868 IX,
387 2821 487 2867 102,
516 2833 627 2869 quam
657 2822 743 2858 inde
770 2821 828 2858 alii
851 2834 945 2870 quo-

288 2889 362 2927 que
381 2877 572 2928 scriptores
593 2877 770 2915 imitando
796 2890 942 2929 expres·

1009 1084 1142 1118 serunt.
1174 1080 1255 1118 Vid.
1285 1081 1390 1132 plura
1416 1081 1464 1119 ad
1481 1078 1660 1117 Plutarch.

1008 1137 1231 1187 Philopoem.
1255 1140 1306 1179 10
1326 1135 1662 1188 pag.41.—-Cae-

1009 1198 1129 1232 terum
1167 1194 1272 1231 facile
1306 1195 1343 1230 in
1373 1194 1426 1230 his
1461 1204 1662 1241 cognoscas

1012 1251 1283 1289 celeberrimam
1302 1251 1349 1287 de
1369 1249 1538 1287 Busiride
1557 1249 1664 1285 fabu-

1007 1306 1092 1354 lam,
1125 1309 1187 1355 qui
1217 1306 1379 1356 Aegypti
1409 1305 1493 1343 olim
1527 1317 1590 1342 rex
1620 1317 1664 1342 ex

1009 1363 1154 1401 oraculo
1198 1363 1392 1412 quotannis
1431 1362 1664 1412 peregrinum

1008 1421 1057 1458 ad
1084 1420 1327 1469 Aegyptiacas
1355 1423 1470 1456 terras
1502 1417 1664 1455 delatum

1007 1480 1166 1514 mactare
1182 1475 1308 1512 solitus
1327 1475 1448 1513 suerit.
1480 1475 1552 1517 Qui
1567 1474 1664 1512 idem

1009 1532 1206 1570 Herculem
1245 1531 1424 1568 advenam
1465 1531 1512 1567 ad
1551 1530 1664 1568 altare

1011 1602 1092 1626 cum
1114 1589 1197 1625 duci
1220 1588 1408 1634 iussisset,
1437 1587 1495 1623 ille
1519 1599 1665 1636 compe-

1010 1646 1117 1683 dibus
1147 1645 1269 1681 fractis
1291 1657 1330 1681 se
1356 1644 1505 1680 solvisse
1527 1655 1568 1679 ac
1589 1643 1666 1679 Bu-

1011 1702 1158 1739 siridem
1193 1701 1344 1749 eiusque
1375 1700 1485 1737 filium
1513 1697 1665 1749 Amphi-

1010 1759 1218 1796 damantem
1248 1760 1285 1794 et
1314 1756 1493 1794 Chalbem
1514 1768 1665 1805 praeco—

1009 1828 1093 1852 nem
1121 1812 1346 1850 interemisse
1369 1813 1533 1850 traditur.
1581 1811 1662 1849 vid.

1011 1872 1181 1908 Creuzer.
1193 1869 1355 1918 Symbol.
1372 1869 1389 1905 I
1405 1882 1442 1918 p.
1455 1867 1537 1910 353
1560 1881 1663 1917 seqq.

1012 1928 1118 1970 Quae
1138 1926 1285 1975 quidem
1306 1926 1343 1962 in
1366 1925 1558 1962 Graeciam
1580 1925 1665 1961 dein

1010 1983 1187 2021 translata
1221 1982 1279 2020 vel
1316 1982 1362 2019 ab
1392 1980 1587 2018 artificibus
1616 1980 1666 2017 ad

1012 2039 1196 2077 oculorum
1217 2050 1359 2076 sensum
1376 2038 1541 2075 traducta
1550 2037 1588 2073 in
1600 2048 1665 2074 va-

1014 2108 1134 2133 sorum
1152 2095 1299 2143 picturis
1321 2097 1665 2143 repraesentantur3

1013 2152 1106 2189 conf.
1137 2150 1330 2187 Peintures
1357 2150 1404 2186 de
1423 2149 1538 2186 Vases
1558 2162 1664 2198 grecs

1011 2220 1079 2257 par
1105 2206 1305 2255 Millingen.
1323 2205 1431 2242 Rom.
1461 2206 1580 2246 1813.
1610 2218 1665 2242 nr.

1011 2262 1179 2300 XXVIII.
1209 2262 1290 2299 Nec
1302 2262 1434 2298 desunt
1445 2261 1535 2299 aliae
1548 2261 1665 2299 Grae-

1012 2331 1135 2356 corum
1154 2318 1299 2355 fabulae
1318 2318 1473 2365 similes,
1502 2318 1550 2354 ad
1567 2317 1666 2355 illam

1010 2374 1274 2424 Aegyptiacam
1320 2374 1522 2421 confictae,
1571 2386 1666 2423 quae

1012 2432 1158 2468 minime
1178 2431 1226 2466 ad
1247 2430 1460 2477 Graeciam,
1491 2434 1531 2466 ut
1551 2430 1596 2467 C.
1617 2430 1664 2467 O.

1012 2486 1167 2524 Miillero
1188 2487 1316 2535 (quem
1337 2486 1367 2524 C
1372 2499 1399 2522 r.
1430 2486 1478 2522 ad
1493 2487 1528 2523 h.
1549 2486 1571 2523 l.
1588 2485 1666 2523 lau-

1013 2543 1133 2589 davit)
1151 2543 1187 2578 in
1210 2543 1430 2580 Orchomen.
1451 2556 1488 2592 p.
1511 2541 1590 2584 164
1612 2543 1665 2579 vi·-

1013 2599 1132 2645 detur,
1146 2600 1372 2636 revocandae
1392 2604 1430 2636 et
1447 2599 1532 2635 inde
1543 2598 1581 2635 in
1592 2597 1666 2636 Ae-

1011 2659 1165 2705 gyptum
1194 2656 1339 2692 demum
1371 2655 1570 2692 translatae
1599 2654 1663 2692 de-

1010 2712 1099 2749 bent
1116 2712 1321 2749 existimari.
1351 2711 1424 2755 Qui
1450 2711 1597 2747 interior
1617 2711 1665 2747 sit

1011 2767 1153 2805 fabulae
1191 2781 1340 2815 sensus,
1387 2767 1446 2803 hic
1484 2767 1666 2816 explicare

1010 2836 1085 2860 non
1113 2828 1229 2861 vacat.
1279 2824 1365 2861 vid.
1385 2822 1558 2860 Crcuzer.
1587 2822 1611 2860 l.
1641 2823 1663 2860 l.

1011 2892 1047 2931 p.
1070 2879 1151 2922 355
1176 2893 1279 2930 seqq.
