1768 3315
637 243 855 284 CLIO.
912 244 941 284 Ι.

1337 249 1418 290 241

168 362 236 404 ἐπὶ
256 359 406 409 ’Ἀτυος
434 358 514 400 τοῦ
543 353 708 398 Μάνεω
745 354 946 410 βασιλέος
985 357 1210 412 σιτοδηΐην
1245 355 1423 414 ἰσχυρὴν

168 438 252 482 ἀνὰ
279 437 356 493 τὴν
385 437 554 491 Λυδίην
582 437 729 477 πᾶσαν
757 434 983 488 γενέσθαι·
1010 436 1085 478 καὶ
1112 434 1217 486 τοὺς
1243 435 1421 488 Λυδούς

167 519 270 567 τέως
313 516 390 570 μὲν
430 514 596 569 διάγειν
634 513 942 568 λιπαρέοντας·

1002 512 1108 568 μετα
1158 513 1227 566 δὲ,
1278 513 1336 566 ὥς
1366 512 1474 559 οὐ65

166 594 400 645 παύεσθαι,
433 593 540 636 ἄκεα
570 593 790 648 δίζησθαι·
844 591 976 636 ἄλλον
1007 592 1052 635 δὲ
1081 591 1188 635 ἄλλο
1218 593 1417 650 ἐπιμηχα-

144 676 337 716 4νᾶσθαι
367 670 525 715 αὐτῶν.
587 672 865 729 ἐξευρεθῆναι
909 672 963 728 δή
995 667 1059 715 οἷν
1093 671 1188 716 τότε
1226 673 1299 715 καὶ
1328 678 1417 718 τῶν

161 751 311 808 κύβων
337 753 410 796 καὶ
440 757 528 796 τῶν
558 750 868 808 ἀστραγάλων,
897 752 970 795 καὶ
999 754 1076 808 τῆς
1106 752 1312 809 σφαίρης,
1342 754 1417 797 καὶ

162 923 379 974 ἕπὶ”Ατυος
410 927 483 965 τοῦ
506 922 661 966 Μάνεω
689 927 757 978 βα-

107 981 234 1029 σιλέος
260 983 466 1033 σιτοδηίήν
502 980 669 1035 ἰσχυρήν
700 1004 756 1011 ——

104 1038 316 1092 γενέσθαι]
358 1040 416 1077 De
441 1038 534 1088 Atye
561 1054 649 1089 rege
685 1041 757 1077 iam

105 1109 216 1146 supra
247 1097 295 1133 ad
329 1096 366 1143 Ι,
400 1099 425 1136 7
458 1097 631 1133 nonnulla
661 1097 756 1133 dicta

106 1156 203 1189 sunt.
261 1152 344 1189 Hoc
359 1152 438 1188 loco
458 1152 674 1193 dissensum
688 1166 755 1188 no-

105 1212 224 1246 tamus
243 1208 371 1246 Nostri
387 1203 589 1258 scriptoris*⁷
620 1210 681 1258 qui
692 1208 755 1256 IV,

105 1264 161 1306 45
196 1265 317 1301 Manis
354 1265 465 1301 filium
497 1270 602 1302 vocat
630 1265 754 1315 Cotyn,

104 1334 180 1358 non
200 1321 297 1371 Atyn
312 1325 352 1357 ut
367 1321 435 1358 hoc
452 1320 544 1357 loco.
602 1322 686 1365 Qua
707 1322 754 1358 de

105 1390 146 1415 re
187 1377 306 1415 dicere
329 1377 477 1425 longum
518 1381 584 1417 est.
643 1378 754 1421 Quod

105 1434 201 1472 enim
237 1434 276 1470 in
313 1433 425 1471 altero
461 1433 643 1471 Herodoti
677 1433 756 1470 loco

103 1489 296 1528 lectionem
340 1490 549 1526 mutandam
595 1494 756 1538 censent,

101 1547 305 1595 refragatur
330 1546 503 1583 librorum
533 1559 643 1584 manu
666 1547 754 1584 scri-

101 1607 249 1654 ptorum
296 1616 524 1651 consensus,
564 1604 753 1651 refragan-

103 1663 161 1696 tur
195 1658 265 1696 alia
301 1659 508 1697 testimonia
544 1671 566 1695 a
600 1659 756 1697 Valcke-

103 1715 206 1752 nario
223 1715 384 1765 prolata,
417 1716 546 1764 quibus
574 1715 671 1753 idem
696 1716 756 1753 ille

104 1784 128 1809 a
153 1772 354 1809 mutatione
379 1785 419 1810 se
451 1772 593 1809 avocari
623 1785 755 1822 passus

103 1831 170 1865 est.
227 1827 310 1864 Vid.
351 1828 445 1865 infra
487 1841 633 1878 quoque
674 1828 755 1876 VH,

102 1882 158 1925 74
185 1887 221 1921 et
236 1883 391 1933 Dionys.
410 1884 657 1922 Halicarnass.
678 1883 755 1921 An-

100 1940 192 1990 tiqq.
211 1940 358 1977 Romm.
378 1941 410 1988 I,
433 1944 498 1982 27.
547 1940 627 1978 Nec
648 1942 755 1990 quid-

102 2009 212 2046 quam
233 2001 372 2035 mutare
389 1997 523 2048 placuit
552 1997 754 2035 lVesselin-

103 2053 165 2102 gio
195 2053 260 2101 (in
287 2058 363 2091 not.
390 2055 438 2090 ad
460 2053 601 2101 IV,45
617 2054 657 2103 ),
691 2055 753 2103 qui

102 2113 293 2159 utrumque
331 2111 512 2148 Herodoti
547 2110 664 2148 locum
701 2112 752 2148 ita

103 2166 280 2203 conciliari
292 2180 403 2217 posse
415 2167 563 2214 statuit,
594 2171 633 2204 ut
644 2180 751 2217 prae-

101 2225 159 2260 ter
183 2222 282 2272 Atyn
312 2224 420 2261 etiam
446 2224 587 2272 Cotyn,
630 2223 751 2260 Manis

103 2278 250 2330 filium,
280 2279 326 2316 ab
364 2280 556 2318 Herodoto
600 2280 752 2329 intelligi

104 2335 273 2372 dicamus.
331 2336 436 2380 Quae
453 2340 573 2374 utrum
593 2350 671 2374 rem
696 2338 752 2373 di-

104 2391 236 2428 rimant
258 2405 325 2429 nec
349 2406 417 2440 ne,
467 2394 636 2442 equidem
677 2406 752 2430 non

104 2447 206 2485 valeo
230 2461 405 2487 asserere.
434 2448 515 2487 Nec
531 2450 756 2488 Creuzerum

104 2503 234 2541 fecisse
244 2505 349 2542 video
367 2506 404 2542 in
423 2507 589 2555 fragmm.
610 2507 756 2544 historr.

105 2571 191 2608 pag.
214 2562 461 2603 152—154.
500 2562 647 2600 Nomen
666 2562 756 2600 ,Μα-

106 2616 161 2650 m's
178 2615 268 2652 infra
291 2619 440 2655 recurrit
458 2619 523 2665 IV,
543 2619 596 2660 45
629 2623 664 2656 et
681 2621 754 2657 fre-

44 2680 46 2683 ·
108 2682 222 2718 quens
277 2685 460 2711 servorum
514 2675 756 2724 Phrygiorum

106 2727 205 2774 apud
223 2727 384 2766 Graecos
401 2744 604 2780 cognomen
624 2735 692 2779 est,
709 2733 756 2769 de

107 2793 181 2829 quo
198 2781 345 2834 Menag.
375 2787 423 2823 ad
438 2786 596 2837 Diogen.
628 2786 753 2826 Laert.

107 2836 154 2884 V,
172 2837 247 2885 55,
287 2852 309 2876 a
339 2841 407 2880 Cr.
432 2843 572 2880 citatus.
597 2865 655 2872 -
684 2845 754 2895 βα-

109 2891 235 2938 σιλέος
256 2907 277 2931 e
305 2896 446 2934 duobus
477 2898 577 2937 libris
607 2900 754 2951 scripsi-

152 2947 363 2988 HERonoT.
392 2953 421 2990 I.

826 938 906 961 mus
932 937 1012 962 cum
1030 925 1231 976 Schweigh.
1254 931 1290 965 et
1305 927 1471 966 Gaisfor-

825 982 908 1028 dio,
942 986 981 1019 ut
1002 982 1111 1033 paulo
1135 983 1229 1020 infra
1257 986 1386 1022 eodem
1411 998 1472 1023 ca-

823 1038 900 1087 pite
916 1038 1077 1088 βασιλέα
1094 1053 1161 1089 pro
1171 1040 1292 1089 vulgg.
1304 1042 1470 1092 βασιλῆ-

825 1108 869 1139 ος
889 1099 926 1131 et
953 1096 1134 1146 βασιλῆα.
1180 1096 1236 1133 Ita
1272 1098 1366 1134 enim
1391 1099 1473 1136 He-

823 1151 991 1188 rodotum
1012 1152 1202 1201 scripsisse
1217 1153 1294 1190 iure
1314 1155 1472 1203 quodam

822 1219 960 1255 negare
978 1208 1118 1245 videtur
1135 1209 1338 1258 Schweigh.
1361 1211 1469 1247 Conf.

823 1275 936 1312 supra
950 1263 988 1311 Ι,
1019 1266 1041 1304 1
1062 1268 1099 1301 et
1125 1267 1217 1306 120.
1238 1287 1294 1293 —
1319 1267 1470 1316 σιτοδη-

823 1319 907 1369 ’ί”ην,
939 1320 1038 1368 quod
1057 1320 1178 1357 statim
1206 1322 1388 1370 sequitur,
1413 1324 1472 1360 iti-

822 1376 907 1412 dem
945 1389 1024 1413 cum
1049 1381 1197 1414 recentt.
1229 1378 1361 1415 retinui
1384 1379 1471 1429 (pro

827 1431 1045 1483 σιτοδείην,
1075 1433 1112 1469 in
1131 1446 1203 1482 quo
1222 1434 1302 1471 libri
1316 1448 1472 1473 consen-

823 1488 949 1537 tiunt).
1006 1489 1108 1527 Idem
1128 1503 1239 1540 supra
1260 1490 1298 1539 I,
1325 1496 1400 1539 22,
1429 1492 1471 1528 li-

822 1544 898 1582 bris
921 1557 1039 1594 aeque
1064 1547 1297 1585 variantibus,
1351 1547 1473 1598 Atque

823 1614 867 1639 ex
887 1601 1065 1640 Matthiae
1084 1616 1245 1651 canone,
1274 1617 1381 1653 quem
1394 1606 1472 1643 edi-

822 1658 873 1694 xit
895 1658 942 1694 ad
963 1658 1019 1705 ΙΙ,
1046 1661 1123 1707 87,
1162 1660 1258 1698 idem
1290 1662 1358 1698 erit
1385 1663 1473 1700 reti-

822 1714 1004 1761 nendum,
1035 1728 1114 1753 cum
1133 1729 1206 1754 non
1236 1717 1281 1754 ab
1297 1719 1472 1755 adiectivo

821 1771 859 1807 in
880 1772 930 1821 ῆς
949 1771 1139 1811 desinente
1159 1776 1195 1810 et
1219 1774 1368 1822 genitivi
1396 1776 1473 1811 sor-

821 1854 918 1878 mam
954 1856 1017 1888 εος
1054 1842 1244 1881 exhibente
1280 1844 1473 1893 derivetur,

822 1899 921 1935 cuius
940 1899 1087 1947 generis
1107 1899 1229 1936 omnia
1248 1900 1384 1938 scilicet
1406 1914 1473 1952 per

823 1984 883 2020 ειη
914 1970 1035 2007 forent
1053 1971 1275 2020 proferenda
1303 1972 1475 2009 substan-

819 2027 904 2063 tiva.
960 2024 1021 2063 Ad
1046 2027 1144 2063 vocis
1173 2027 1474 2076 significationem

820 2087 907 2133 apte
926 2086 1051 2120 monet
1068 2083 1347 2132 Valckenarius,
1368 2097 1390 2121 a
1404 2085 1475 2122 Di-

820 2139 948 2188 onysio
965 2138 988 2176 l.
1000 2138 1023 2176 l.
1042 2141 1174 2189 exponi
1187 2136 1362 2192 ἐφορίαν
1379 2155 1474 2194 καρ-

818 2198 921 2235 πῶν.
977 2195 1111 2234 Latine
1128 2201 1292 2235 vertunt:
1317 2208 1476 2236 annonae

821 2255 1029 2300 caritatem,
1059 2253 1322 2304 ‹lcjflcultatem

878 2320 977 2362 ἄκεα
1003 2323 1215 2373 δίζησθαι]
1255 2324 1375 2373 Vulgo
1409 2324 1475 2364 δί-
1537 2365 1542 2366 ⁷

824 2381 984 2428 ζεσθαις
1013 2380 1089 2417 bini
1114 2384 1253 2417 tantum
1271 2380 1351 2418 libri
1370 2382 1474 2433 δίζη-

824 2441 922 2476 σθαι
935 2466 945 2483 ,
971 2437 1071 2485 quod
1090 2440 1129 2473 ut
1144 2450 1267 2474 verum
1284 2437 1355 2475 iam
1365 2438 1476 2477 Wes-

822 2493 997 2541 selingius
1016 2493 1244 2540 restituerat,
1272 2495 1390 2543 magis
1416 2495 1476 2532 Io-

822 2562 907 2586 num
931 2550 1000 2585 hoe
1024 2563 1107 2587 esse
1136 2550 1334 2587 affirmans.
1365 2552 1472 2588 Conf.

822 2618 969 2655 quoque
980 2604 1110 2654 Matth.
1133 2604 1169 2655 ξ,
1183 2608 1264 2647 230
1278 2620 1363 2656 pag.
1379 2607 1474 2648 447.

822 2661 905 2700 Nec
931 2661 1038 2699 valde
1066 2662 1191 2699 differt
1230 2663 1344 2711 διζοό,
1375 2664 1475 2713 quod

821 2731 890 2769 pro
914 2718 1007 2765 δίζω
1033 2719 1199 2755 dedimus
1218 2732 1330 2769 supra
1348 2720 1387 2768 I,
1408 2720 1474 2762 65.

879 2787 1140 2840 ἐξευρεθῆναι
1157 2787 1207 2840 δή
1230 2783 1287 2829 οἶν
1308 2785 1397 2830 τότε
1408 2789 1475 2830 καὶ

821 2846 902 2883 τῶν
922 2842 1062 2896 κύβων
1081 2845 1148 2884 καὶ
1176 2848 1256 2885 τῶν
1284 2841 1476 2898 οἷστραγά-

820 2899 927 2951 λων]
973 2900 1183 2940 Indicantur
1222 2903 1304 2940 cubi
1333 2906 1371 2942 et
1397 2902 1474 2950 tali,
