1759 3324
521 262 944 302 EUTERPE.
994 262 1040 300 II.

1318 265 1410 305 505⁴

117 373 220 418 Βότε
246 378 334 418 τῶν
364 374 492 428 ἱρέων
520 374 658 414 ταῦτα
686 370 768 426 ἐγώ
797 370 976 427 ἤκουον.
1034 374 1118 414 νῦν
1148 371 1218 422 δὲ,
1255 370 1311 428 ἢν
1341 372 1399 428 μή

143 452 215 497 ἐπ’
244 453 469 496 ἑκκαίδεκα
497 449 526 505 ἢ
553 451 858 493 πεντεκαίδεκα
886 449 1045 505 πήχεας
1066 448 1211 507 ἀναβῇ
1230 450 1278 494 τό
1303 450 1429 494 ἐλά-1

142 544 286 588 χιστον
315 529 338 572 ὁ
369 527 583 584 ποταμὸς,
636 526 719 572 οὐκ
757 527 1009 585 ὑπερβαίνει
1048 529 1090 580 ἐς
1119 529 1199 585 τὴν
1244 527 1401 585 χώρην.

113 610 344 653 4δοκὲουσί
381 607 424 650 τέ
465 625 541 663 μοι
581 609 833 663 Αἰγυπτίων
874 609 917 651 οἱ
955 607 1106 664 ἔνερθε
1147 612 1220 664 τῆς
1249 611 1403 665 λίμνης

136 691 212 743 τῆς
251 689 445 740 Μοίριος
496 686 709 738 οἰκέοντες
749 685 802 730 τά
842 703 885 730 τε
926 686 1034 731 ἄλλα
1073 689 1209 744 χωρία
1238 688 1312 731 καὶ
1352 688 1401 731 τό

137 765 399 821 καλεόμενον
428 767 591 817 Δέλτα,
622 766 678 822 ἣν
709 765 822 809 οὕτω
850 765 877 822 ἡ
907 766 1026 824 χώρη
1058 766 1166 823 αὕτη
1195 767 1304 811 κατα
1326 767 1401 811 λό-

136 861 217 901 γον
245 845 434 890 ἐπιδιδοῖ
469 845 512 897 ἐς
540 846 676 897 ὕψος,
727 846 799 889 καὶ
831 844 879 888 τὸ
923 844 1080 902 ὁμοῖον
1120 845 1327 890 ἀποδιδοῖ
1355 841 1459 898 ἐς5’

139 924 342 980 αὔξησιν,
374 924 431 981 μὴ
462 924 808 977 κατακλύζοντος
839 923 976 980 αὐτὴν
1003 930 1082 969 τοῦ
1110 928 1277 970 Νείλου
1307 927 1399 970 πεί-

138 1009 291 1047 σεσθαι
320 1004 398 1048 τόν
426 1003 566 1048 πάντα
593 1003 754 1060 χρόνον
780 1003 858 1047 τὸν
898 1005 1123 1049 ἐπίλοιπον
1153 1006 1398 1061 Αἰγύπτιοι,

108 1082 190 1126 5τό
220 1100 319 1127 κοτε
350 1083 475 1128 αὐτοὶ
496 1083 707 1140 “Ἐλληνας
738 1084 907 1138 ἔφασαν
935 1085 1170 1127 πείσεσθαι.
1201 1084 1400 1141 πυθόμε-

135 1178 208 1205 νοι
235 1162 319 1219 γάρ
350 1162 407 1213 ὠς
435 1163 558 1206 ὕεται
587 1166 705 1206 πᾶσα
733 1162 760 1219 ἡ
790 1164 909 1219 χώρη
930 1168 1017 1206 τῶν
1041 1162 1276 1219 Ἑλλήνων,
1308 1162 1397 1207 ἀλλ’

140 1240 194 1285 ου’
224 1247 454 1298 ποταμοῖσι
484 1243 679 1297 ἄρδεται,
711 1242 902 1296 κατάπερ
933 1241 959 1298 ἡ
991 1242 1198 1298 σφετέρη,
1231 1244 1400 1299 ἔφασαν
1413 1253 1456 1285 10

137 1320 374 1378 ,,”Ἐλληνας
402 1322 672 1373 ψευσθέντας
712 1322 811 1365 κοτὲ
850 1322 1023 1372 ἐλπίδος
1058 1321 1268 1377 μεγάλης,
1319 1339 1400 1366 κα-

108 1404 265 1452 6,,κῶς
301 1399 560 1456 πεινήσειν.“
616 1399 664 1445 τὸ
696 1401 740 1444 δὲ
770 1401 870 1451 ἔπος
907 1405 1039 1444 τοῦτο
1080 1400 1217 1444 ἐθέλει
1246 1401 1398 1456 λέγειν,

137 1478 196 1530 ὣς
233 1481 310 1532 „el
337 1478 393 1535 μὴ
425 1478 618 1536 ἐθελήσει
649 1491 730 1535 σφι
768 1478 863 1523 ὕειν
895 1478 917 1523 ὁ
947 1479 1075 1536 θεὸς,
1116 1479 1215 1524 ἀλλ’
1246 1480 1400 1538 αὐχμῷ

137 1560 460 1614 ,,διαχρᾶσθαι,
508 1564 621 1618 λιμῷ
653 1561 697 1603 οἱ
726 1558 930 1615 ’Έλληνες
969 1559 1299 1617 αἱρεθήσονται·
1343 1558 1398 1604 οὐ

136 1638 254 1693 ,,γὰρ
285 1638 340 1696 δή
372 1641 451 1696 σφί
478 1640 566 1684 ἐστι
593 1639 756 1691 ὕδατος
786 1638 965 1696 οὐδεμία
995 1637 1100 1696 ἄλλη
1126 1638 1397 1696 ἀποστροφή,
1412 1647 1455 1681 15

80 1845 175 1892 ‚·,De
205 1845 373 1885 Moeride
405 1859 494 1896 rege
527 1848 600 1885 vid.
633 1860 731 1886 nunc

81 1903 310 1951 Guigniault.
322 1904 359 1940 in
367 1904 568 1954 Biograph.
589 1905 730 1943 univer-

80 1958 153 1996 sell.
181 1964 206 1996 t.
223 1959 327 1996 XLV
356 1973 393 2010 p.
415 1961 497 2001 524
519 1962 622 2010 seq.“
664 1961 728 1998 Cr.

79 2014 280 2053 Larcherus
295 2017 387 2064 (tab.
403 2017 613 2066 chronolog.
625 2031 660 2067 p.
675 2020 728 2059 86

80 2072 175 2120 seq.)
195 2071 338 2109 Moerin
350 2074 452 2123 ponit
463 2078 641 2111 mortuum
651 2087 732 2111 esse

81 2130 161 2169 896
191 2129 294 2166 annis
325 2134 410 2167 ante
435 2129 665 2167 Herodotum
693 2131 731 2167 in

80 2183 287 2235 Aegyptum
306 2188 505 2236 profectum
533 2187 554 2223 i.
581 2200 611 2224 e.
632 2199 729 2223 anno

84 2244 191 2282 1356
209 2254 242 2279 a.
255 2243 341 2279 Chr.
353 2256 403 2290 n.,
432 2256 511 2280 cum
534 2256 630 2280 anno
644 2242 727 2284 460

81 2309 113 2334 a.
127 2298 212 2335 Chr.
232 2312 266 2335 n.
286 2299 496 2337 Herodotus
517 2298 728 2350 Aegyptum

81 2354 249 2392 inviserit.
280 2356 356 2392 Sed
373 2356 446 2393 vid.
464 2360 539 2392 not.
554 2358 602 2393 ad
621 2356 666 2402 ll,
690 2358 726 2397 1.

138 2413 214 2449 νῦν
232 2408 294 2459 δὲ,
314 2407 367 2462 ἢν
387 2409 441 2463 μή
465 2408 532 2452 ἐπ’
551 2411 726 2452 ἑκκαίδε-

82 2479 202 2503 κα-
225 2462 379 2522 ἀναβῇ]
417 2465 470 2520 ἢν
498 2466 552 2520 μή
583 2483 604 2506 e
632 2469 727 2506 binis

84 2521 183 2558 libris
205 2535 298 2561 nunc
315 2530 519 2576 receptum,
550 2526 730 2576 probante

83 2576 251 2616 Werfero
277 2581 313 2618 in
340 2580 433 2618 Actt.
467 2582 565 2632 phill.
599 2582 728 2619 Monn.

84 2633 119 2680 l,
146 2636 167 2674 1
187 2648 224 2684 p.
244 2638 322 2677 100
343 2637 420 2675 coll.
442 2638 573 2675 Matth.
585 2639 649 2676 Gr.
662 2639 729 2676 Gr.

84 2702 121 2739 1)-
142 2692 260 2732 1020.
296 2693 414 2742 Vulgo
445 2694 488 2733 εἰ
508 2690 575 2746 μή.
619 2696 730 2738 Quod

85 2746 256 2794 sequitur,
283 2743 336 2799 ἢν
350 2770 404 2777 —-
416 2749 653 2790 e'nfflm‘ol*
664 2750 732 2791 καὶ

83 2796 356 2853 -οἷποδιδοῖ,
386 2807 433 2845 de
453 2820 497 2845 eo
520 2810 563 2845 cf.
577 2808 614 2856 Ι,
635 2811 731 2850 206.

86 2856 125 2892 ln
144 2857 223 2907 ipsa
241 2863 417 2899 sententia
437 2864 494 2899 vix
512 2864 593 2911 illa,
622 2877 731 2913 quam

85 2913 246 2951 nonnulli
263 2916 405 2956 odorati
425 2924 509 2957 sunt
518 2949 530 2969 ,
541 2920 636 2958 inest
652 2925 734 2959 tau-

796 1847 935 1897 tologia
950 1876 961 1895 ‚
998 1860 1078 1885 cum
1113 1848 1268 1886 docente
1302 1847 1456 1886 wesse-

796 1904 931 1953 lingio,
960 1899 1071 1954 ὕψος
1103 1905 1149 1942 ad
1183 1905 1252 1942 soli
1292 1905 1454 1941 altitudi-

796 1974 900 2008 nem,
932 1957 1098 2011 αὔξησις
1127 1961 1174 1997 ad
1207 1961 1369 1999 eiusdem
1399 1962 1456 1998 in-

797 2022 1017 2054 crementum
1050 2021 1201 2067 spectet.
1248 2018 1373 2061 Quare
1398 2018 1455 2054 ni-

797 2073 846 2110 hil
876 2074 1087 2110 mutuudum
1115 2078 1240 2111 monet
1265 2073 1455 2112 Letronne

798 2130 943 2178 (Journ.
963 2131 998 2167 d.
1023 2131 1108 2167 Sav.
1144 2132 1253 2171 1817
1290 2143 1377 2180 pag.
1397 2130 1452 2171 48

797 2188 908 2236 seq),
938 2200 1017 2224 cum
1039 2187 1135 2224 idem
1155 2188 1232 2224 sere
1253 2187 1299 2223 sit
1324 2193 1454 2236 atque:

794 2239 914 2294 ’ἢν-
933 2241 1107 2282 ἐπιδιδοῖ
1121 2257 1160 2281 τε
1181 2241 1248 2281 καὶ
1267 2238 1454 2290 αὐξάνοι-

795 2315 839 2339 το
864 2299 902 2346 ἐς
922 2295 1032 2350 ὕψος
1052 2300 1127 2337 sive
1145 2295 1198 2349 ἢν
1215 2299 1392 2339 ἐπιδιδοῖ
1416 2298 1455 2346 ἔς

796 2370 837 2395 τε
862 2353 972 2406 ’ὕψος
996 2355 1063 2395 καὶ
1100 2353 1282 2407 αὔξησιν.
1304 2379 1360 2384 —
1378 2357 1456 2393 Vo-

796 2412 896 2451 culae
926 2413 967 2453 οί
981 2408 1196 2465 Αἰγύπτιοι
1217 2417 1384 2464 spectant
1406 2413 1456 2449 ad

797 2470 931 2518 verba,
968 2483 1063 2519 quae
1091 2470 1192 2507 initio
1226 2470 1369 2520 periodi
1403 2469 1455 2507 le—

799 2530 952 2575 guntur:
981 2526 1216 2578 Αίγυπτίων
1245 2525 1287 2565 οἱ
1314 2525 1455 2576 ἔνερθε

798 2585 870 2634 τῆς
890 2583 1031 2634 λίμνης
1058 2585 1130 2633 τῆς
1149 2583 1328 2635 Μοίριος
1353 2581 1455 2622 οἰκέ-

801 2653 912 2685 οντες
932 2655 967 2680 κ.
992 2655 1023 2678 τ.
1046 2642 1078 2678 λ.
1098 2661 1153 2667 -—
1178 2639 1239 2676 Ad
1256 2640 1381 2677 verba:
1412 2635 1456 2677 τὸ

801 2693 844 2735 δὲ
863 2695 955 2743 ἔπος
978 2698 1096 2735 τοῦτο
1120 2694 1295 2735 ἐθέλει
1315 2694 1455 2747 λέγειν,

800 2753 933 2791 adhibe
954 2753 1127 2790 Valcken.
1148 2757 1224 2789 not.
1241 2753 1287 2789 ad
1298 2752 1361 2799 IV,
1375 2754 1455 2793 131

801 2810 848 2847 de
866 2823 935 2846 usu
951 2810 1051 2847 verbi
1079 2807 1253 2856 ἐθέλειν,
1273 2808 1456 2857 quodLa-

800 2865 866 2903 tini
884 2879 1030 2914 quoque
1049 2866 1208 2903 reddunt
1227 2865 1323 2901 velle.

860 2918 910 2961 ου’
931 2919 1006 2975 γάρ
1026 2917 1077 2973 δή
1098 2921 1172 2972 σφί
1203 2920 1283 2961 ἐστι
1309 2916 1455 2966 ὕδατος
