1758 3315
661 215 962 254 CL10.1.
1418 223 1446 261 3

167 329 334 384 ἐξίτηλα
378 321 577 380 γένηται,
626 321 732 380 μήτε
778 324 885 380 ἔργα
922 325 1087 382 μεγάλοι
1130 341 1175 371 τε
1216 327 1290 372 καὶ
1323 333 1461 372 θεον-5

167 404 319 463 μαστοὶ,
348 401 400 446 τοὶ
431 401 510 458 μὲν
527 401 715 460 Ἕλλησι,
745 404 798 447 τὰ
827 405 873 448 δὲ
902 403 1168 461 βαρβάροισι
1186 403 1444 464 ἀποδεχθέν-

163 499 228 535 τα,
257 480 387 525 duae&
415 479 614 536 γένηται·
649 481 702 526 τά
738 499 784 527 τε
823 482 956 536 ἄλλα,
992 483 1066 526 καὶ
1104 481 1164 528 δι’
1205 484 1263 541 ’ἣν
1301 488 1444 543 αἰτίην

159 558 429 616 ἐπολέμησαν
453 557 684 616 ἀλλήλοισι.

118 742 156 780 p.
169 730 264 770 201.
281 726 403 770 551.“
419 726 564 765 —Iam
589 727 691 778 quod
714 732 770 766 at-

117 785 210 822 tinet
248 785 297 821 ad
348 785 446 822 illam
498 784 770 834 abundantiam,

118 854 230 890 quam
258 841 406 890 quidam
437 841 476 878 in
515 854 559 878 eo
593 842 662 878 sibi
692 843 772 879 ani-

119 897 359 935 madvertisse
400 898 469 934 visi
516 901 619 945 sunt,
672 898 772 947 quod

119 953 182 1002 qui
199 954 310 989 modo
340 954 498 991 dixerat:
534 950 582 992 τὰ
610 950 773 1006 γενόμε-

118 1024 192 1057 να,
217 1010 385 1046 continuo
423 1010 526 1047 addit
563 1007 611 1049 τοὶ
657 1009 774 1064 ἔργου

117 1069 158 1102 ut
212 1066 326 1114 adeo,
383 1079 430 1103 ne
489 1067 587 1103 idem
637 1068 774 1105 dixisse

116 1121 256 1160 Noster
314 1126 523 1169 censeatur,
585 1120 774 1174 γενόμενα

116 1178 330 1215 mutandum
352 1179 400 1214 sit
418 1178 455 1214 in
475 1174 683 1230 λεγόμενα,·
713 1192 772 1216 sa-

116 1235 163 1270 tis
205 1233 295 1271 haec
327 1234 495 1271 refutavit
527 1234 676 1271 Dorvill.
724 1235 773 1272 ad

117 1290 303 1326 Chariton.
327 1302 414 1339 pag.
451 1293 535 1331 202
575 1280 633 1328 ed.
664 1290 769 1341 Lips.

115 1346 215 1383 cuius
241 1348 351 1383 notae
371 1345 433 1382 Cr.
472 1347 559 1383 addi
585 1346 660 1384 vult
686 1346 770 1383 Ari-

114 1401 232 1438 stotel.
253 1401 355 1439 Poet.
380 1401 445 1449 IX,
468 1406 495 1443 2
519 1415 605 1452 pag.
625 1402 690 1444 24.
719 1403 770 1439 Et

115 1458 277 1495 firmatur
301 1458 449 1506 vulgata
473 1458 578 1496 lectio
598 1459 769 1508 Dionysii

48 1540 50 1543 v
114 1513 232 1551 Halic.
264 1514 472 1551 testimonio
509 1515 546 1551 in
572 1515 692 1565 Epist.
721 1516 769 1552 ad

115 1570 184 1607 Cn.
206 1569 369 1620 Pompei.
405 1570 451 1608 T.
480 1571 515 1608 Π
556 1584 641 1622 pag.
674 1574 767 1614 206.

113 1625 284 1675 Namque
313 1623 361 1665 τὰ
392 1622 582 1678 γενόμενα
615 1629 653 1665 in
688 1629 770 1664 uni-

112 1695 256 1720 versum
276 1683 437 1720 indicant
459 1696 522 1730 ea,
553 1697 646 1733 quae
674 1686 771 1722 sacta

113 1739 248 1776 suerint
289 1740 399 1788 (cum
454 1741 626 1789 frequens
662 1739 771 1789 huius

111 1795 292 1845 participii
308 1795 346 1832 in
365 1796 517 1832 historia
543 1797 690 1833 omnino
721 1797 770 1833 sit

111 1851 242 1899 usus),
277 1847 326 1890 τοῖ
357 1849 449 1904 ἔργα
488 1853 671 1901 sigillatim
703 1853 768 1891 de-

111 1907 271 1955 clarant,
313 1921 406 1957 quae
457 1911 654 1959 praecipue
699 1909 768 1946 hoc

111 1976 224 2014 opere
253 1964 321 2000 sibi
353 1966 542 2002 tractanda
570 1965 680 2002 sumit
701 1978 767 2015 pa-

110 2024 167 2058 ter
187 2019 382 2069 historiae,
412 2022 435 2058 i.
463 2035 494 2059 e.
522 2021 767 2059 narrationem

109 2089 234 2114 eorum
248 2105 260 2124 ,
309 2089 404 2126 quae
447 2077 542 2115 inter
588 2078 765 2114 barbaros

109 2136 220 2182 atque
276 2133 440 2171 Graecos
489 2134 625 2172 suerint
671 2138 763 2171 acta.

108 2189 221 2226 Unde
268 2190 462 2239 suspiceris
510 2190 616 2237 licet,
671 2190 765 2228 bene

107 2244 208 2282 hisce
222 2246 342 2283 verbis
363 2246 514 2284 indicari
531 2246 664 2296 duplex
675 2247 764 2283 scri-

107 2301 224 2352 ptoris
239 2315 391 2350 munus,
419 2306 460 2339 ut
490 2307 527 2340 et
552 2304 591 2339 in
618 2303 764 2340 univer-

108 2371 189 2395 sum
227 2371 286 2396 res
322 2359 368 2396 ab
404 2359 609 2396 hominibus
639 2363 763 2407 gestas

107 2418 253 2452 enarret
289 2419 327 2452 et
357 2415 542 2464 sigillatim
571 2416 618 2453 de
659 2415 762 2453 bellis

107 2470 203 2507 inter
225 2471 387 2509 Graecos
418 2484 461 2510 ac
482 2472 616 2509 Persas
647 2473 762 2520 gestis

107 2531 275 2577 exponat.
339 2528 413 2572 Qui
463 2528 576 2576 igitur
621 2528 761 2566 Gallice

108 2581 203 2621 hunc
226 2582 344 2621 locum
364 2585 418 2622 sic
435 2585 692 2632 reddiderunt,
721 2588 763 2621 ut

108 2635 156 2677 τοὶ
187 2636 377 2691 γενόμενοι
419 2645 603 2679 verterent
643 2653 760 2678 evene-

107 2698 227 2743 ments,
248 2693 295 2736 τοὶ
326 2696 419 2750 ἔργα
443 2697 600 2745 actions,
629 2699 688 2735 vix
713 2697 763 2734 illi

107 2761 230 2842 viennn
252 2752 321 2791 loci
350 2767 499 2792 sensum
525 2755 680 2792 assecuti
709 2754 762 2791 vi-

107 2817 122 2841 ‹
136 2809 248 2845 entur.

162 2862 398 2916 θωυμαστοῖ]
421 2866 652 2908 Retinuimus
672 2866 760 2905 scri-

826 731 972 780 pturam
1009 740 1033 765 a
1057 725 1261 777 Schweigh.
1295 726 1356 775 (v.
1396 726 1484 766 Var.

827 785 945 823 Lectt.
975 785 1024 822 ad
1042 797 1121 834 cap.
1141 784 1176 821 V
1203 798 1241 835 p.
1267 783 1340 833 13)
1373 787 1485 834 atque

830 842 1015 878 Gaisford.
1077 844 1281 890 receptam,
1339 840 1484 877 omissis

829 898 1037 935 diaereseos
1057 897 1212 947 punctis.
1251 897 1362 940 Quod
1385 896 1482 934 idem

828 954 867 990 in
890 954 969 990 aliis
989 953 1164 992 similibus
1193 953 1311 991 verbis
1339 965 1407 989 nos
1427 954 1483 990 fe-

829 1011 946 1057 cisse,
982 1010 1041 1046 hic
1072 1009 1184 1047 semel
1211 1013 1360 1046 notasse
1381 1009 1484 1046 suffi-

829 1067 909 1103 ciat.
967 1094 991 1113 „
1004 1064 1059 1102 Ac
1075 1066 1296 1115 probaverat
1324 1065 1397 1102 iam
1415 1066 1483 1101 du-

828 1123 916 1159 dum
938 1121 982 1158 F.
1005 1120 1049 1157 A.
1069 1121 1225 1158 Wolfius
1244 1121 1281 1157 in
1304 1120 1482 1159 Analectt.

826 1178 936 1215 literr.
964 1176 999 1214 ΙΙ
1035 1190 1072 1227 p.
1100 1176 1221 1218 420.“
1251 1176 1315 1213 Cr.

882 1229 931 1272 τὰ
965 1247 1006 1272 τε
1039 1230 1136 1272 ἄλλοι
1166 1230 1235 1271 καὶ
1262 1226 1310 1271 δι’
1339 1228 1394 1283 ἢν
1422 1232 1483 1271 αἶ-

825 1288 915 1340 τίην
964 1287 1212 1340 ἐπολέμησαν
1261 1283 1481 1339 ἀλλήλοισι]

826 1346 969 1389 Quibus
998 1346 1118 1384 verbis
1143 1346 1182 1382 in
1207 1346 1387 1395 prooemii
1409 1346 1483 1384 fine

823 1402 978 1452 positis,
1022 1403 1061 1439 id
1089 1403 1321 1452 potissimum
1359 1405 1484 1438 auctor

825 1458 1010 1496 declarare
1027 1458 1183 1496 voluisse
1206 1458 1361 1505 videtur,
1381 1458 1482 1507 quod

824 1514 1009 1563 sigillatim
1038 1515 1108 1552 hoc
1135 1515 1172 1551 in
1199 1527 1310 1564 opere
1329 1518 1483 1564 spectet,

826 1571 916 1620 quid
942 1575 1089 1621 praeter
1115 1570 1185 1608 alia
1211 1571 1407 1621 praecipue
1436 1583 1482 1608 eo

825 1628 1061 1664 contineatur.
1123 1626 1258 1676 Neque
1306 1627 1403 1664 enim
1437 1639 1483 1664 ea

824 1687 978 1730 tantum,
1008 1696 1102 1733 quae
1125 1687 1162 1721 et
1183 1683 1314 1721 Graeci
1340 1687 1376 1720 et
1396 1683 1482 1719 bar-

825 1739 901 1776 bari
918 1741 1065 1776 omnino
1084 1739 1278 1788 gesserint,
1307 1739 1374 1780 sed
1397 1751 1493 1776 caum

825 1808 886 1832 sas
913 1800 1127 1846 praeterea,
1170 1795 1301 1844 quibus
1338 1799 1481 1833 tantum

824 1851 956 1889 bellum
992 1852 1040 1888 sit
1073 1856 1256 1898 exortum,
1297 1864 1480 1901 exponere

815 1908 893 1947 ‚sibi
939 1909 976 1944 in
1018 1908 1140 1945 animo
1178 1920 1260 1945 esse
1308 1907 1478 1944 declarat.

821 1964 1060 2015 Quapropter
1109 1968 1208 2001 recte
1257 1963 1479 2012 Wyttenba-

823 2020 944 2058 chius:
982 2033 1095 2069 „cum
1129 2020 1267 2070 reliqua
1295 2022 1478 2069 [opera],

822 2080 897 2114 tum
930 2090 992 2125 ea,
1023 2090 1110 2128 quae
1136 2079 1252 2114 mutui
1284 2075 1366 2112 belle:
1392 2088 1478 2113 cau-

821 2146 897 2170 sam
917 2134 1198 2183 praebuerunt.“
1252 2132 1345 2170 Inde
1367 2133 1478 2180 enim,

822 2189 974 2240 opinor,
1003 2193 1179 2240 apparet,
1207 2188 1339 2226 haecce
1365 2189 1478 2226 verba

821 2259 903 2283 cum
961 2248 1125 2297 proxime
1177 2245 1476 2283 antecedentibus

820 2315 931 2340 sensu
984 2303 1066 2353 ipso
1115 2302 1247 2339 arctius
1287 2301 1477 2338 coniuncta

821 2372 926 2407 esse,
974 2371 1084 2408 quam
1110 2362 1151 2395 ut
1178 2358 1228 2394 ad
1260 2357 1474 2395 remotiora:

815 2412 943 2466 Ἠροδ.
960 2413 1077 2454 Ἀλικ.
1096 2413 1272 2465 ἱστορίης
1290 2407 1473 2460 ἀπόδεξις

816 2467 846 2522 ἥ
848 2472 871 2510 δ
875 2486 891 2510 ε
902 2471 1015 2521 (quae
1027 2471 1360 2519 Schweighaeuseri
1380 2470 1471 2506 alio-

815 2540 969 2577 rumque
1009 2531 1065 2565 est
1100 2521 1308 2575 sententia)
1351 2526 1469 2577 probe

814 2585 940 2622 referri
969 2583 1122 2634 possint.

870 2640 914 2678 In
942 2640 1099 2677 clausula
1118 2640 1276 2689 denique
1297 2642 1467 2676 notamus

818 2710 901 2735 cum
920 2696 1110 2745 Wyttenb.
1139 2696 1293 2744 aliisque
1327 2695 1467 2744 simpli-

818 2766 896 2791 cem
924 2752 1020 2789 illam
1043 2756 1080 2789 et
1100 2765 1185 2789 vere
1204 2752 1390 2801 antiquam
1410 2750 1465 2790 di,-

817 2810 922 2847 cendi
946 2809 1126 2846 rationem
1143 2809 1181 2844 in
1206 2808 1368 2854 exordio,
1393 2819 1467 2855 quo

816 2866 972 2918 scriptor
1001 2878 1088 2902 usus
1115 2864 1238 2916 operis
1262 2864 1319 2901 sui
1345 2862 1466 2901 consi-

1160 2920 1220 2966 Ἡ.
