1759 3324
346 225 431 264 682

742 221 1225 262 HERODOTI

343 333 373 391 ἢ
409 334 558 387 ξείνων
589 331 770 390 ὁμοίως,
800 332 888 377 ὑπὸ
920 333 1203 387 κροκοδείλου
1235 329 1470 387 ἁρπαχθεὶς
1489 328 1519 386 ἢ
1538 328 1612 373 ὑπ’

345 413 486 458 αὐτοῦ
515 418 594 457 τοῦ
625 416 826 469 ποταμοῦ
854 414 1063 468 φαίνηται
1092 411 1311 467 τεθνηώς,
1342 409 1439 453 κατ’
1471 408 1527 464 ἢν
1557 407 1613 452 ἂν

343 493 472 538 πόλιν
499 493 737 550 ἐξενειχθῇ,
786 490 970 543 τούτους
1007 495 1127 535 πᾶσα
1166 490 1334 547 ἀνάγκη
1373 490 1463 534 ἐστὶ
1490 505 1612 544 ταρι-

343 573 582 632 χεύσαντας
612 570 769 623 αὐτὸν,
810 572 882 614 καὶ
922 573 1270 625 περιστείλαντας
1302 568 1360 621 ὠς
1391 567 1612 620 κάλλιστα,

315 652 491 705 Ξθοὶψαι
520 651 568 695 ἐν
599 653 718 707 ἱρῇσι
750 649 928 706 θήκῃσι.
979 648 1082 693 οὐδὲ
1112 654 1281 702 ψαῦσαι
1312 649 1442 701 ἔξεστι
1475 646 1669 691 αὐτοῦ85

344 731 479 776 ἄλλον
509 728 692 781 οὐδένα,
746 728 847 773 οὔτε
886 733 971 772 τῶν
1010 729 1347 785 προσηκόντων,
1396 727 1497 772 οὔτε
1525 730 1614 771 τῶν

343 813 505 869 φίλων·

564 808 673 853 ἄλλά
712 825 787 864 μιν
826 810 869 851 οἱ
909 808 1019 862 ἱρέες
1064 806 1190 851 αὐτοὶ
1229 810 1272 851 οἱ
1308 813 1389 851 τοῦ
1430 808 1612 857 Νείλου,

343 890 417 934 ἅτε
448 890 582 934 πλέον
609 906 651 933 τι
689 888 719 945 ἢ
748 886 993 944 ἀνθρώπου
1030 887 1211 942 νεκρὸν,
1261 885 1613 943 χειραπτάζοντες

341 969 577 1015 θάπτουσι.

286 1207 323 1245 p.
341 1190 422 1232 475
456 1194 494 1229 et
510 1188 717 1239 disquisivit
740 1187 869 1236 Zoega
895 1187 942 1224 de

287 1249 452 1287 obeliscc.
477 1260 563 1298 pag.
578 1245 660 1287 294
681 1258 783 1293 seqq.
803 1244 943 1292 Legem

287 1307 384 1345 enim
409 1305 544 1342 hancce
573 1315 654 1340 eum
674 1302 712 1338 in
731 1302 838 1338 {inem
860 1313 945 1337 san-

287 1363 382 1401 xisse
408 1361 485 1398 vult
510 1359 713 1409 Aegyptios
746 1358 943 1407 sapientes,

287 1424 328 1457 ut
347 1418 539 1456 alacriores
567 1420 690 1454 essent
722 1415 770 1452 ad
794 1415 942 1450 fluvium

287 1474 593 1525 frequentandum
614 1476 651 1509 et
668 1472 793 1508 hortos
824 1471 857 1507 ei
879 1471 945 1506 ad-

287 1533 450 1570 iacentes
471 1530 643 1568 colendos
669 1541 736 1565 nec
756 1527 865 1564 ullum
887 1525 944 1564 vel

287 1602 311 1626 a
330 1588 499 1625 fluctibus
526 1585 583 1623 vel
613 1598 635 1622 a
663 1585 777 1622 beluis
804 1585 946 1633 pericu-

288 1646 360 1683 lum
380 1644 674 1682 reformidarent.
734 1640 858 1689 Atque
885 1640 946 1677 ln-

288 1703 418 1740 dorum
444 1700 597 1738 similem
624 1711 705 1736 esse
742 1698 947 1748 persuasio-

287 1772 395 1806 nem,
424 1762 465 1794 ut
487 1758 615 1794 beatos
644 1755 806 1804 inprimis
825 1754 950 1792 existi-

288 1820 408 1861 ment,
439 1814 502 1863 qui
530 1813 640 1851 sacris
666 1812 808 1860 Gangis
828 1812 949 1848 flucti-

288 1873 354 1910 bus
373 1871 532 1908 immersi
550 1870 705 1915 fuerint,
734 1881 841 1905 nemo
872 1869 949 1905 fere

288 1929 415 1966 nescit.
460 1927 544 1964 Vid.
561 1927 721 1963 Heeren.
735 1925 847 1962 Ideen
871 1924 900 1972 I,
921 1926 947 1965 3

287 1998 376 2036 pag.
396 1984 479 2025 374
507 1983 587 2020 coll.
606 1983 740 2019 Ritter.
756 1981 948 2018 Erdkund.

289 2042 305 2078 I
324 2055 360 2091 p.
375 2043 469 2082 880.
528 2039 589 2077 Ad
612 2038 880 2088 Aegyptiorum
900 2038 948 2075 de

288 2097 343 2134 his
370 2098 580 2147 opinionem
605 2095 809 2132 Creuzerus
835 2096 948 2131 refert

288 2154 484 2202 imaginem
502 2154 598 2189 inter
617 2156 849 2188 monumenta
860 2151 945 2187 Phi-

289 2210 403 2246 larum
430 2213 623 2259 repertam.
693 2207 852 2245 Exhibet
885 2206 944 2243 illa

288 2267 470 2303 hominem
486 2268 685 2310 mortuum,
707 2264 947 2313 compositum

289 2323 326 2360 in
345 2321 501 2359 mumiae
524 2321 673 2357 modum
700 2323 737 2356 et
766 2319 947 2356 crocodilo

288 2383 430 2417 vectum
446 2407 457 2425 ‚
496 2389 606 2426 supra
629 2375 828 2413 lucentibus
859 2374 947 2421 sole,

289 2435 375 2474 luna
406 2447 449 2472 ac
478 2434 602 2471 stellis.
661 2433 746 2469 vid.
775 2432 947 2469 Creuzer.

290 2494 500 2530 commentt.
525 2489 693 2527 Herodd.
733 2502 769 2538 p.
791 2490 844 2528 86
871 2500 947 2536 seq.

291 2548 352 2586 De
372 2560 473 2585 sacro
494 2546 760 2583 orocodilorum
777 2544 874 2581 cultu
894 2544 949 2581 di-

291 2605 406 2643 ximus
428 2603 477 2641 ad
497 2603 554 2651 II,
578 2605 644 2644 69.

348 2715 417 2756 καὶ
436 2714 755 2767 περιστείλαντας
785 2709 839 2758 m‘g
857 2707 948 2750 κάλ-

294 2776 425 2819 λιστα,
455 2767 597 2820 θάψαι
618 2769 660 2810 ἐν
689 2769 798 2824 ἱρῇσι
817 2764 949 2821 θήκῃ-

295 2829 348 2881 σι]
379 2826 641 2879 περιστέλλειν
660 2828 707 2864 de
725 2826 855 2863 mortui
871 2838 949 2862 cor-

294 2899 386 2938 pore
423 2886 494 2924 dici
515 2914 528 2932 ,
568 2884 669 2935 quod
705 2883 947 2934 componitur,

1011 1187 1244 1236 vestibusque
1260 1185 1452 1223 involvitur
1471 1185 1531 1233 (ut
1546 1183 1593 1231 ΙΙ,
1617 1185 1672 1226 86

1012 1244 1227 1296 proditur),
1256 1242 1379 1280 monui
1404 1243 1452 1280 ad
1485 1241 1672 1278 Plutarchi

1013 1301 1141 1350 Pyrrh.
1173 1314 1210 1351 p.
1238 1302 1330 1341 172.
1390 1299 1499 1336 Conf.
1528 1297 1670 1335 Herod.

1012 1358 1084 1405 Vi,
1109 1359 1175 1398 30.
1206 1377 1262 1384 —
1293 1353 1375 1408 ἱραὶ
1405 1358 1557 1405 θῆκαι,
1577 1367 1672 1404 quae

1011 1416 1201 1461 dicantur,
1231 1414 1304 1450 vid.
1324 1413 1372 1450 ad
1397 1412 1454 1460 ΙΙ,
1471 1414 1537 1453 67.

1070 1525 1111 1566 οἷ
1140 1523 1239 1576 ἷρέες
1273 1519 1388 1564 αὐτοὶ
1415 1523 1456 1564 οἷ
1481 1525 1553 1563 τοῦ
1580 1522 1672 1562 Νεί-

1014 1583 1110 1634 λου]
1150 1582 1255 1620 Nilus
1286 1586 1466 1631 quatenus
1493 1594 1560 1631 pro
1589 1580 1671 1618 Deo

1012 1641 1157 1678 habitus
1182 1640 1227 1676 sit
1257 1652 1349 1675 unus
1370 1639 1540 1687 idemque
1562 1641 1672 1686 atque

1017 1698 1133 1735 Osiris
1153 1725 1163 1743 ,
1205 1700 1445 1732 monstratum
1478 1698 1534 1732 est
1563 1706 1672 1743 supra

1014 1755 1061 1801 ΙΙ,
1082 1756 1133 1794 61
1157 1752 1235 1790 coll.
1259 1754 1311 1792 28
1326 1757 1363 1788 et
1375 1756 1428 1793 22
1441 1746 1670 1800 (διιπετής).

1017 1812 1139 1854 Quare
1172 1809 1221 1845 nil
1258 1810 1388 1846 mirum
1414 1809 1533 1858 ipsum
1562 1808 1672 1844 deum

1015 1867 1142 1906 Nilum
1163 1865 1435 1903 commemorari
1451 1865 1620 1913 adeoque
1635 1864 1672 1899 in

1016 1924 1134 1961 numis
1147 1951 1158 1968 ‚
1175 1923 1393 1971 imaginibus
1413 1922 1564 1969 aliisque
1583 1920 1671 1957 artis

1016 1981 1188 2031 operibus
1220 1982 1531 2028 repraesentatum
1564 1990 1672 2027 repe-

1015 2039 1088 2074 riri.
1119 2036 1291 2083 Laudat,
1316 2048 1412 2084 quae
1430 2035 1500 2071 huc
1520 2034 1671 2079 faciunt,

1015 2095 1186 2131 Creuzer.
1209 2105 1338 2129 comm.
1366 2091 1453 2128 Her.
1482 2103 1568 2140 pag.
1592 2091 1672 2129 186

1015 2150 1094 2187 coll.
1126 2149 1309 2186 lablonsk.
1347 2147 1479 2185 Panth.
1513 2145 1672 2196 Aegypt.

1014 2206 1048 2243 II
1073 2220 1110 2257 p.
1134 2207 1226 2246 171.

1072 2311 1396 2369 χειραπτάζοντες
1442 2312 1668 2365 θάπτουσι]

1016 2376 1038 2411 i.
1051 2387 1082 2412 e.
1105 2377 1264 2410 tractant
1287 2372 1378 2409 illud
1394 2372 1587 2421 (cadaver)
1597 2385 1671 2409 ma-

1013 2431 1116 2468 nibus
1146 2434 1252 2480 atque
1278 2429 1457 2479 sepeliunt.
1517 2429 1673 2466 Variant

1015 2487 1095 2524 libri
1115 2488 1207 2524 inter
1220 2482 1540 2538 χειραπτάζοντες
1552 2489 1588 2523 et
1596 2500 1670 2536 χει-

1018 2541 1274 2594 ραπτάζοντες,
1293 2542 1392 2579 nullo
1415 2547 1538 2580 tamen
1558 2542 1671 2591 signi-

1019 2601 1194 2637 ficationis
1222 2600 1451 2642 discrimine·‚
1491 2603 1549 2636 est
1574 2599 1670 2636 enim

1017 2652 1204 2708 χειραπτςέ
1209 2658 1286 2703 ζειν
1305 2668 1409 2693 manu
1424 2659 1580 2704 tangere,
1592 2658 1668 2692 tra-

1017 2717 1138 2760 ctare,
1171 2709 1370 2752 ὃῖπτεσθαι
1399 2714 1451 2767 τῇ
1477 2711 1598 2763 χειρί,
1631 2714 1670 2747 ut

1018 2770 1174 2820 explicat
1200 2770 1366 2806 Zonaras
1410 2769 1447 2805 in
1472 2768 1573 2806 lexic.
1603 2767 1668 2804 Gr.

1016 2840 1052 2877 p.
1076 2826 1194 2868 1850.
1252 2825 1361 2863 Plura
1386 2825 1515 2863 Creuz.
1540 2837 1667 2862 comm.

1019 2883 1181 2921 Herodd.
1211 2896 1246 2934 p.
1270 2883 1325 2924 82
1346 2895 1423 2932 seq.
