1758 3315
159 232 208 271 VI

158 354 253 390 tum
284 346 380 390 fieri
410 351 591 404 posset,
641 344 1019 388 emendatissimus
1054 342 1269 402 simulque
1312 346 1407 404 ipsa
1455 345 1681 404 scriptoris

157 450 294 492 verba
323 447 649 506 explicarentur
673 453 806 504 atque
833 447 1175 490 illustrarentur:
1212 448 1255 489 in
1277 454 1398 490 textu
1422 446 1680 490 adornando

154 551 344 594 maxime
364 547 863 608 Gai-sfordz'wmviruin
886 548 1187 591 doctissimum
1207 564 1258 591 ac
1278 549 1678 607 diligentissimum,

156 658 331 697 secutus
364 667 483 703 sum3
520 666 545 693 a
574 666 663 708 quo
691 651 828 693 sicubi
860 650 1061 704 discessi,
1099 650 1188 693 hoc
1218 665 1306 693 una
1338 665 1438 692 cum
1466 650 1680 709 insignio-

152 771 254 799 rum
276 755 517 798 lectionum
540 753 717 796 delectu
734 752 875 796 ubivis
897 758 1101 794 accurate
1126 753 1314 795 indicavi
1333 753 1374 795 in
1399 751 1536 807 notis,
1568 766 1678 808 quas

152 858 289 901 textui
337 857 555 900 subiicere
598 855 744 913 aptius
781 860 824 896 et
857 855 1075 897 lectorum
1111 854 1358 897 commodis
1390 853 1532 912 magis
1569 867 1680 895 con-

155 974 321 1019 gruum
354 958 609 1015 videbatur,
659 972 793 1014 quam
829 955 886 998 ad
925 955 1024 997 libri
1060 957 1228 998 calcem
1258 955 1455 998 reiicere.
1527 955 1579 998 In
1610 955 1679 998 his

155 1068 302 1104 autem
324 1061 436 1103 notis
461 1075 560 1103 eam
581 1060 707 1102 nobis
731 1059 883 1117 legem
908 1057 1187 1116 scripsimus,
1215 1063 1263 1100 ut
1283 1057 1582 1100 difficiliorum
1608 1057 1678 1100 lo-

157 1179 311 1207 corum
341 1177 518 1206 sensum
540 1161 860 1215 indicaremus,
897 1160 1135 1202 verborum
1160 1159 1435 1218 singulorum
1457 1165 1532 1201 aut
1551 1159 1680 1201 locu-

155 1267 325 1310 tionum
350 1263 717 1324 significationem
748 1269 882 1320 atque
905 1277 1032 1306 usum
1053 1275 1402 1320 exponeremus,
1442 1276 1499 1304 ne
1523 1276 1681 1321 gram—

155 1368 322 1412 maticis
343 1366 523 1425 quidem
544 1366 675 1409 rebus
696 1365 909 1425 neglectis
942 1364 1040 1423 (ubi
1059 1363 1284 1406 brevitatis
1314 1377 1447 1405 causa
1469 1362 1528 1405 ad
1555 1361 1680 1405 Mat-

154 1471 274 1514 thiae
305 1469 644 1530 grammaticam
677 1468 891 1511 maiorem
925 1482 1011 1509 sec.
1046 1466 1149 1510 edit..
1185 1466 1382 1522 aliosque
1412 1465 1548 1507 libros
1580 1465 1679 1507 satis

153 1574 357 1633 vulgatos
383 1572 549 1631 passim
569 1569 921 1628 amandavimus)
959 1584 1011 1611 ac
1039 1568 1232 1625 (lenique
1262 1567 1410 1626 ipsum
1438 1581 1680 1626 argumen—

153 1684 247 1719 tum
268 1676 348 1718 rite
368 1682 416 1718 ut
433 1674 764 1726 illustraremus,
784 1678 877 1714 tum
899 1672 1099 1714 locorum
1121 1670 1324 1713 similium
1345 1668 1681 1727 comparatione

153 1785 247 1821 tum
272 1778 443 1820 summa
466 1790 642 1829 eorum,
673 1789 788 1832 quae
807 1773 1041 1817 recentiori
1061 1779 1204 1816 aetate
1224 1788 1249 1814 a
1267 1771 1680 1830 peregrinatoribus

154 1895 298 1938 aeque
327 1894 379 1922 ac
409 1879 510 1922 viris
545 1878 725 1921 literatis
751 1876 808 1919 ad
838 1891 907 1919 res
932 1876 988 1919 ab
1009 1874 1245 1918 Herodoto
1275 1878 1472 1916 narratas
1495 1873 1680 1915 clariore

155 1985 199 2026 in
225 1983 325 2026 luce
358 1979 640 2024 collocandas
673 1980 804 2022 allata
839 1985 1004 2035 essent,
1054 1986 1097 2020 et
1130 1977 1321 2020 indicata
1355 1982 1400 2020 et
1429 1974 1680 2019 diiudicata.

160 2085 314 2139 Quum
341 2084 458 2127 enim
482 2096 613 2125 nemo
631 2082 820 2136 nesciat,
858 2096 991 2138 quam
1017 2080 1154 2123 multa
1176 2079 1243 2122 his
1271 2078 1549 2138 potissimum
1566 2082 1681 2119 tem-

159 2187 345 2246 poribus
365 2186 560 2229 xirorum
591 2183 946 2226 doctissimorum
975 2182 1189 2225 industria
1221 2189 1264 2224 et
1291 2180 1681 2240 peregrinatorum

161 2288 436 2331 eruditorum
472 2286 622 2331 studiis
656 2284 715 2328 ad
747 2285 975 2328 meliorem
1002 2284 1291 2328 Herodoteae
1320 2282 1579 2326 narrationis
1613 2280 1682 2324 in-

158 2391 446 2449 telligentiam
471 2390 554 2433 sint
582 2389 626 2431 in
646 2387 843 2431 medium
860 2387 1059 2445 prolata,
1097 2402 1151 2430 ea
1172 2386 1318 2429 omnia
1344 2382 1615 2428 consulenda
1639 2388 1683 2425 et

157 2507 242 2552 pro
269 2492 468 2535 editionis
495 2497 674 2534 nostrae
699 2488 879 2532 consilio
907 2490 952 2531 in
990 2504 1119 2532 usum
1150 2494 1349 2532 nostrum
1385 2483 1684 2529 convertenda

159 2594 436 2645 censuimus3
474 2593 645 2651 quippe
679 2591 797 2636 unde
834 2606 922 2634 non
948 2591 1004 2633 ad
1037 2592 1301 2650 scriptorem
1325 2589 1492 2643 solum,
1527 2600 1683 2630 verum

159 2696 217 2740 ad
239 2710 420 2739 omnem
447 2695 751 2752 antiquitatem
772 2695 859 2737 late
874 2700 1101 2752 patentem
1123 2694 1364 2752 plurimum
1385 2690 1494 2734 lucis
1517 2688 1683 2732 redun-

162 2798 301 2842 daret.
338 2797 387 2841 In
410 2811 498 2855 quo
522 2797 706 2855 negotio
731 2805 774 2840 et
792 2796 1015 2840 brevitatis
1039 2803 1081 2837 et
1104 2793 1433 2853 perspicuitatis
1447 2790 1684 2834 maximam
