1777 3324
23 400 59 420 no
83 400 134 420 res
164 397 197 419 tu
179 391 304 428 urptsnz-

24 426 185 500 ζ’ἕῗέὲέἒῖ
184 431 235 486 ῗῒξ
252 427 306 487 ,Ἒὶ

21 493 152 590 Ξιῖἔιιιιὲἒω
149 527 169 555 fl
156 492 306 555 eqmiggan

356 276 442 317 322

753 272 1225 313 HERODOTI

363 396 453 438 στι,
482 387 619 428 ταῦτα
648 381 751 428 οὐδὲ
788 383 929 440 λέγειν
959 384 1102 436 ἔξεστι.
1135 385 1355 440 αἴσχιστον
1385 381 1432 426 δὲ
1455 381 1630 427 αὐτοῖσι

361 462 411 507 τὸ
441 461 684 517 ψεύδεσθαι
711 462 986 518 νενόμισται·
1028 462 1209 518 δεύτερα
1242 463 1311 514 δὲ,
1351 462 1402 506 τό
1436 460 1630 518 ὀφείλειν

358 542 505 600 χρέος·
552 547 729 587 πολλῶν
757 542 837 599 μὲν
865 543 939 586 καὶ
975 541 1121 587 ἄλλων
1162 544 1328 592 εἵνεκα,
1365 541 1552 598 μάλιστα
1582 541 1630 585 δὲ

357 619 603 678 ἀναγκαίην
644 621 753 678 φασὶ
787 619 924 673 εἶναι,
974 620 1053 665 τὸν
1083 619 1317 678 ὀφείλοντα
1346 621 1421 665 καί
1449 638 1491 664 τι
1519 623 1631 673 ψεῦ-

329 707 353 742 2
363 702 439 752 δος
469 702 620 756 λέγειν,

666 699 745 751 “Ος
776 699 831 743 ἂν
861 700 906 744 δὲ
935 704 1024 744 τῶν
1054 698 1199 744 οἰστῶν
1228 704 1391 758 λέπρην
1416 699 1445 757 ἢ
1467 699 1688 757 λεύκην25

358 779 457 836 ἔχῃ,
487 778 530 830 ἐς
559 777 690 822 πόλιν
722 774 853 830 οὗτος
883 777 938 823 οὐ
966 779 1238 836 κατέρχεται,
1269 779 1372 824 οὐδὲ
1403 781 1631 838 συμμίσγε-

301 967 375 1001 voc,
405 949 502 992 ἅττα
525 956 629 991 notat
646 952 780 991 Matth.
802 953 869 990 Gr.
893 952 959 989 Gr.

303 1008 340 1061 ς.
370 1011 451 1052 153
490 1014 565 1047 not.
590 1014 617 1052 2
654 1022 742 1061 pag.
775 1012 874 1052 286.
907 1031 955 1037 —-

301 1067 409 1110 Quae
431 1066 469 1103 in
497 1080 600 1116 seqq.
629 1068 677 1104 de
702 1067 893 1104 mendacio
924 1070 961 1104 et

300 1135 386 1161 aere
414 1122 534 1160 alieno
563 1124 793 1172 referuntur,
830 1123 960 1162 eadem

298 1179 452 1216 tradunt
490 1180 673 1218 Plutarch.
710 1180 825 1218 Morr.
867 1180 959 1229 (ΙΙ)

297 1249 336 1286 p.
359 1237 465 1284 829,
496 1237 527 1273 C
559 1241 596 1274 et
622 1237 838 1287 Appianus,
868 1250 961 1287 quo-

296 1305 377 1330 rum
404 1293 490 1330 locis
519 1292 716 1331 illustratur
744 1294 958 1331 Herodotus

295 1349 499 1387 aBrisson.
532 1349 780 1398 1.l.11,94.
821 1350 893 1387 Pro
915 1345 958 1388 α’-

295 1406 494 1474 ναγκαίην
514 1406 662 1444 minime
685 1419 778 1457 opus
801 1407 958 1445 scribere

298 1458 539 1516 ἀναγκαῖον,
569 1467 610 1500 ut
630 1464 725 1501 bene
744 1464 959 1501 monstraw‘t

295 1518 516 1569 Wesseling.
551 1519 610 1558 Cf.
631 1520 773 1558 Herod.
794 1521 848 1568 II,
865 1522 957 1562 182.

293 1574 368 1623 IV,
393 1578 487 1618 180·

349 1628 391 1679 ὃς
410 1628 462 1672 οἶν
481 1629 525 1672 δὲ
546 1634 626 1672 τῶν
648 1627 782 1673 οἷστῶν
808 1631 958 1685 λέποην

291 1683 320 1739 ἢ
344 1684 525 1740 λεύκην’
513 1687 577 1744 ε’χῃ
599 1704 635 1728 κ
659 1705 691 1728 τ.
704 1688 753 1740 λ.]
785 1689 836 1727 Et
854 1689 958 1741 lepra

292 1749 329 1782 et
349 1744 452 1783 leuca
468 1746 516 1783 ad
527 1759 636 1783 unum
655 1747 827 1796 idemque
837 1747 953 1784 morbi

291 1814 407 1851 genus
434 1803 621 1854 pertinere
657 1803 823 1851 videtur,
854 1804 956 1853 quod

291 1859 400 1908 vulgo
424 1860 605 1896 communi
632 1858 758 1911 leprae
792 1860 957 1911 appella-

290 1915 394 1953 tione
430 1915 623 1954 indicatur.
688 1916 807 1954 Huius
857 1917 954 1954 enim

292 1971 432 2021 species
468 1973 650 2021 quaedam
690 1984 773 2010 esse
811 1973 956 2010 videtur

292 2026 394 2064 leuca
424 2040 453 2064 s.
484 2043 511 2079 η
542 2023 686 2079 λεύκῃ,
721 2040 832 2077 quam
861 2029 953 2066 cutis

291 2078 502 2133 ἒξᾶνθημα
526 2083 569 2132 (i.
592 2097 623 2122 e.
646 2084 839 2134 pustulas
829 2098 867 2121 ιιι
891 2098 954 2122 cu·-

289 2143 349 2187 te,
378 2139 651 2189 vertiliginem)
682 2140 844 2177 declarat
870 2139 953 2178 Ari-

288 2194 461 2243 stoteles‚
490 2195 737 2246 appellatione
767 2196 853 2235 inde
885 2198 954 2234 du-

289 2255 370 2298 cta,
400 2252 523 2300 quod,
559 2252 622 2302 qui
649 2252 718 2289 hoc
746 2253 874 2290 morbo
898 2253 953 2291 la-

289 2307 450 2355 borant,
507 2307 551 2344 iis
589 2308 708 2359 capilli
743 2309 951 2356 albescant3

285 2361 384 2400 Hist.
407 2361 528 2401 Anim.
550 2363 624 2412 III,
652 2367 699 2406 11
724 2378 760 2415 p.
776 2366 857 2407 805
873 2395 884 2414 ,
904 2367 950 2404 C.

286 2417 363 2457 Ubi
387 2419 616 2457 orientalium
647 2420 831 2459 hominum
856 2423 949 2460 ratio

286 2474 460 2512 habenda
481 2481 549 2523 est,
569 2489 724 2541 quorum
741 2478 859 2528 cap1ll1
869 2478 949 2530 ple

284 2543 439 2580 rumque
469 2536 553 2569 sunt
585 2533 690 2582 nigri.
754 2534 877 2584 Atque
908 2548 950 2572 o-

284 2586 411 2625 mnino
430 2602 457 2638 η
477 2583 598 2653 λεύκῃ
621 2590 772 2628 Graecis
803 2591 862 2630 ille
892 2592 949 2629 di-

287 2643 381 2681 citur
398 2645 559 2691 morbus,
581 2645 617 2682 in
641 2659 713 2695 quo
725 2647 816 2684 cutis
833 2661 948 2698 quae-

287 2699 374 2737 dam
391 2699 434 2737 fit
443 2701 595 2738 mutatio
607 2703 654 2739 ad
663 2703 830 2752 albidius,
851 2717 947 2754 quae

290 2767 336 2794 ex
361 2755 503 2794 viscosa
529 2756 785 2810 glutinosaque
814 2761 947 2812 pituita

290 2812 514 2850 contrahitur
532 2818 568 2852 et
591 2815 805 2866 plerumque
825 2817 863 2854 in
886 2817 944 2854 in-

289 2868 461 2906 teriorem
500 2871 662 2920 corporis
699 2877 841 2923 partem
867 2886 944 2911 non

288 2928 468 2975 penetrat.
524 2924 671 2978 Leprae
699 2928 854 2968 habetur
874 2942 942 2980 ge-

1029 965 1095 991 nus
1135 956 1172 992 et
1197 966 1279 991 cum
1297 965 1342 991 ea
1369 954 1450 1004 ipsa
1476 953 1578 991 haud
1603 966 1686 992 raro

1028 1010 1262 1048 confunditur
1295 1023 1363 1048 nec
1398 1010 1484 1047 satis
1521 1014 1688 1048 accurate

1029 1067 1076 1104 ab
1101 1079 1144 1105 ea
1174 1067 1400 1104 discernitur.
1453 1066 1520 1104 Cr.
1549 1066 1687 1104 consuli

1029 1124 1129 1161 iubet
1140 1123 1310 1161 Hensler.
1324 1123 1457 1161 Gesch.
1470 1124 1536 1161 des
1547 1124 1687 1161 abend-

1027 1179 1125 1218 land.
1147 1180 1344 1218 Aussatzes
1368 1180 1519 1229 (1790)
1543 1193 1579 1230 p.
1605 1182 1685 1222 191

1029 1242 1066 1275 et
1087 1237 1281 1288 Sprengel.
1300 1238 1337 1274 in
1357 1236 1516 1288 Apolog.
1539 1236 1687 1288 Hippo-

1027 1300 1114 1331 crat.
1132 1295 1147 1330 Ι
1168 1308 1204 1344 p.
1228 1294 1308 1336 259
1331 1307 1435 1343 seqq.
1493 1293 1576 1331 Alia
1604 1294 1685 1344 ipse

1028 1351 1112 1388 olim
1132 1351 1234 1388 attuli
1266 1352 1314 1387 ad
1340 1350 1487 1389 Ctesiae
1514 1351 1683 1400 fragmm.

1026 1420 1112 1458 pag.
1136 1409 1215 1448 181
1245 1407 1419 1455 (Persice.
1443 1405 1479 1458 ᾖ.
1503 1406 1590 1456 41).
1630 1406 1685 1444 Ac

1027 1465 1114 1501 satis
1152 1468 1278 1501 notum
1318 1468 1394 1511 est,
1453 1477 1528 1501 non
1565 1463 1684 1501 solum

1025 1520 1240 1568 Hebraeos,
1269 1533 1392 1558 verum
1421 1533 1549 1559 omnes
1575 1521 1684 1558 etiam

1025 1577 1185 1626 reliquos
1202 1577 1349 1614 orientis
1367 1576 1526 1628 populos
1544 1577 1685 1627 lepram

1025 1634 1132 1671 valde
1168 1638 1353 1672 aversatos
1390 1646 1483 1672 esse.
1550 1633 1684 1671 Persas

1027 1690 1182 1740 legimus
1223 1691 1380 1728 maxima
1414 1702 1501 1727 cura
1529 1690 1684 1728 evitasse

1025 1747 1213 1798 leprosos,
1239 1747 1431 1798 ipsumque
1447 1747 1614 1784 morbum
1637 1745 1684 1784 ab

1024 1803 1258 1851 Ahdmanio,
1297 1804 1358 1853 qui
1380 1803 1496 1840 malus
1527 1806 1584 1840 est
1618 1815 1685 1852 ge-

1024 1861 1127 1907 nius,
1163 1860 1281 1909 infligi
1298 1864 1468 1910 putasse;
1497 1864 1537 1896 ut
1558 1858 1618 1895 illo
1629 1858 1685 1895 la-

1024 1916 1195 1954 borantes
1215 1917 1261 1953 ab
1281 1916 1380 1952 omni
1400 1916 1584 1953 hominum
1595 1927 1685 1952 con-

1023 1972 1136 2010 sortio
1159 1975 1389 2019 arcerentur,
1416 1972 1465 2009 ad
1483 1985 1575 2022 quos
1594 1984 1684 2009 con-

1021 2029 1122 2078 tagio
1158 2027 1350 2078 pervenire
1384 2033 1522 2080 posset.
1581 2027 1681 2072 Quin

1019 2098 1147 2136 preces
1166 2085 1396 2135 reperiuntur
1407 2085 1444 2123 in
1468 2084 1578 2123 sacris
1589 2084 1682 2123 Per-

1020 2153 1141 2179 sarum
1160 2140 1259 2179 libris
1278 2141 1316 2178 in
1336 2146 1532 2192 conspectu
1543 2140 1680 2192 leprosi

1019 2198 1223 2236 faciundae.
1279 2197 1428 2236 Nostris
1450 2197 1678 2249 temporibus

1018 2253 1116 2292 haud
1153 2254 1258 2292 aliter
1286 2258 1476 2305 separatos
1509 2255 1681 2304 adeoque

1017 2310 1175 2348 inclusos
1216 2324 1284 2361 per
1319 2311 1496 2350 orientem
1528 2311 1680 2349 inveniri

1017 2366 1181 2406 homines
1207 2367 1278 2406 hoc
1310 2369 1439 2406 morbo
1475 2371 1679 2418 correptos,

1017 2428 1164 2487 praeter
1186 2423 1275 2462 alios
1307 2424 1478 2462 observat
1496 2423 1676 2463 Niebuhr.

1015 2480 1053 2516 in
1096 2479 1206 2518 Arab.
1239 2480 1423 2531 Descript.
1462 2493 1551 2531 pag.
1582 2481 1676 2523 120.

1018 2536 1130 2580 Quod
1149 2535 1225 2573 Soli
1242 2540 1306 2574 aut
1324 2537 1483 2586 peccatis
1500 2537 1539 2574 in
1551 2536 1678 2575 Solem

1017 2593 1215 2630 commissis
1229 2593 1396 2631 morbum
1409 2593 1603 2644 adscripsit
1613 2606 1678 2632 ve-

1015 2653 1132 2686 terum
1179 2650 1409 2698 quorundam
1450 2649 1674 2701 superstitio,

1017 2705 1241 2743 Graecorum
1270 2705 1340 2743 hoc
1382 2718 1452 2743 nos
1489 2706 1675 2753 admonet,

1014 2761 1076 2812 qui
1096 2762 1142 2799 ab
1154 2760 1326 2812 Apolline
1347 2761 1391 2810 (i.
1403 2776 1435 2801 e.
1445 2762 1544 2800 Solis
1556 2762 1674 2800 numi-

1011 2819 1080 2866 ne)
1103 2818 1195 2855 irato
1212 2818 1416 2856 istiusmodi
1435 2819 1585 2856 morbos
1605 2818 1675 2856 im-

1011 2874 1106 2912 mitti
1116 2874 1378 2912 existimabant.
1401 2875 1550 2924 Insigne
1563 2887 1674 2926 prae-

1011 2930 1076 2970 bet
1100 2930 1304 2983 exemplum
1331 2931 1545 2980 Aeschinis,
1574 2943 1672 2982 quae

1696 551 1754 592 69
