1759 3324
374 289 430 330 7⁰
736 285 1216 326 HERODoTl

342 401 430 442 νῦν
457 399 503 442 οἷ
528 395 768 454 Ἀγυλλαῖοι
797 397 858 441 ἔτι
890 395 1176 440 ἐπιτελέουσι·
1232 395 1307 440 καὶ
1344 393 1427 451 γὰρ
1464 393 1605 450 ἐναγί-

343 478 466 531 ζουσί
495 488 575 534 σφι
603 476 817 534 μεγάλως,
862 475 936 520 καὶ
965 473 1115 531 ἀγῶνα
1142 474 1358 532 γυμνικόν
1385 474 1458 519 καὶ
1487 475 1600 517 ἱππι-
1613 480 1660 516 55

316 556 427 601 4κὸν
455 557 662 601 ἐπιστᾶσι.
703 557 778 600 καὶ
810 549 932 600 οὗτοι
959 555 1037 611 μὲν
1065 558 1154 598 τῶν
1187 554 1423 599 Φωκαιέων
1455 550 1603 596 τοιού-

339 652 401 695 τῳ
429 633 552 693 μόρῳ
586 634 881 691 διεχρήσαντο.
939 635 983 677 οἱ
1013 634 1060 677 δὲ
1090 632 1237 677 αὐτῶν
1267 635 1309 685 ἐς
1346 632 1394 678 τὸ
1428 631 1604 689 Ῥήγιον

341 713 688 770 καταφυγόντες,
721 713 925 757 ἐνθεῦτεν
954 711 1242 770 ὁρμεώμενοι,
1272 712 1508 770 ἐκτήσαντο
1529 709 1605 755 πό-

342 797 412 836 λιν
439 796 517 848 γῆς
544 795 620 846 τῆς
651 792 890 846 Οἰνωτρίης
917 790 1110 847 ταύτην,
1147 790 1243 848 ἥτις
1270 796 1355 835 νῦν
1380 790 1502 848 Ὑέλη
1531 806 1604 835 κα-

315 870 495 915 5λέεται.
525 870 697 914 ἔκτισαν
725 869 772 914 δὲ
800 868 990 926 ταύτην,
1019 869 1131 926 πρὸς
1154 869 1320 926 ἀνδρὸς
1341 871 1601 915 Ποσειδωνι-

283 1078 398 1117 Alcib.
426 1078 443 1115 I
464 1090 550 1128 pag.
581 1075 648 1119 65.
673 1096 730 1104 —-
756 1074 799 1112 In
828 1087 933 1124 seqq.

284 1140 372 1187 apte
390 1148 475 1172 usus
501 1138 557 1172 est
581 1133 693 1171 verbo
719 1131 910 1172 ἐπιτελεῖν
923 1146 936 1179 ,·

284 1192 422 1243 quippe
444 1191 544 1241 quod
573 1190 722 1228 verbum
752 1189 799 1225 de
823 1187 934 1224 sacris

283 1248 460 1286 faciundis
475 1247 615 1284 ludisve
634 1244 864 1283 instituendis
877 1256 938 1280 so-

283 1305 414 1343 lemne.
437 1304 520 1341 Vid.
539 1304 588 1340 ad
604 1303 751 1340 Ctesiae
767 1303 934 1350 fragmm.

283 1375 370 1413 pag.
390 1362 473 1402 436
491 1372 513 1397 a
533 1373 591 1397 me
607 1359 765 1395 laudata.

339 1417 408 1456 καὶ
425 1414 501 1469 γάρ
526 1414 749 1468 ἐναγίζουσί
771 1425 844 1462 σφι
872 1427 936 1464 με-

283 1469 435 1527 γάλως]
482 1472 703 1524 καταγίζειν
749 1470 837 1520 quid
878 1471 936 1517 sit,

284 1530 516 1582 explicuimus
532 1530 580 1566 ad
600 1528 628 1576 l,
649 1529 715 1569 86.
744 1525 935 1578 ἐναγίζειν

284 1589 397 1635 (iusta
409 1586 602 1636 persolvere
612 1614 622 1632 ‚
646 1586 849 1634 parentare)
865 1596 934 1633 po-

282 1645 459 1681 tissimum
500 1643 549 1680 ad
577 1645 739 1678 mortuos
768 1641 935 1686 refertur,

281 1700 443 1750 indeque
464 1699 512 1736 ad
539 1698 689 1736 heroum
713 1700 824 1746 atque
851 1695 935 1732 Ma-

281 1757 380 1795 nium
417 1755 559 1793 cultum.
625 1753 735 1790 Conf.
776 1753 933 1801 Gregor.

283 1811 448 1851 Corinth.
470 1812 517 1850 de
536 1810 676 1848 dialect.
699 1809 778 1846 Ion.
800 1807 837 1860 ᾖ.
852 1809 930 1849 109

280 1882 367 1922 pag.
389 1868 495 1916 515,
524 1867 587 1904 ubi
604 1866 778 1915 legimus:
805 1863 932 1916 ἐναγί-

282 1927 384 1974 ζειν·
414 1921 457 1964 τὸ
474 1920 568 1975 χοοῖς
589 1920 794 1974 ἐπιφέρειν
813 1918 841 1972 ἢ
858 1916 933 1959 θύ-

283 1996 342 2021 ειν
371 1983 454 2027 τοῖς
487 1977 792 2030 κατοιχομένοις.
849 1977 933 2014 Vid.

280 2038 402 2076 Koen.
421 2037 469 2073 ad
488 2036 523 2073 h.
547 2036 571 2072 l.
591 2040 628 2073 et
644 2034 934 2082 CreuzeriSym-

280 2094 384 2131 bolic.
415 2092 466 2129 ΙΙΙ
483 2104 570 2142 pag.
591 2091 643 2131 51
662 2103 741 2139 seq.
779 2111 836 2117 —
872 2088 933 2126 Ad

281 2144 539 2199 διεχρήσαντο
563 2147 657 2184 conf.
689 2158 785 2196 quae
820 2145 869 2183 ad
899 2145 931 2193 I,

284 2208 364 2247 110
385 2204 599 2242 notavimus.

337 2256 549 2311 ἐκτήσαντο
596 2255 717 2298 πόλιν
755 2259 831 2310 γῆς
859 2259 932 2309 τῆς

284 2316 504 2368 Οἰνωτρίης
531 2311 704 2366 ταύτην]
732 2313 932 2362 Arrideret,

281 2374 383 2422 quod
412 2372 613 2421 Schweigh.
647 2371 799 2409 coniecit
836 2369 932 2410 ἔκτι-

282 2441 357 2468 σαν
380 2429 480 2479 (pro
499 2424 764 2479 ἐκτήσαντο),
793 2428 864 2464 nisi
892 2429 932 2464 id

280 2486 399 2536 ipsum
436 2485 606 2522 continuo
644 2484 848 2533 legeretur,
892 2488 933 2520 ut

280 2542 339 2578 vix
374 2541 563 2591 probabile
592 2541 657 2588 sit,
694 2541 793 2579 idem
821 2540 931 2591 paulo

280 2602 390 2636 antea
417 2597 501 2634 olim
525 2597 714 2635 exstitisse.
771 2596 932 2635 Larche-

279 2666 340 2691 rus
369 2653 545 2691 maluerat
569 2651 782 2692 ἐκτίσαντο.
828 2652 932 2691 Neu-

280 2713 373 2747 trum
399 2710 504 2748 bene.
542 2709 612 2746 Est
631 2710 726 2748 enim
743 2705 930 2761 ἐκτήσαν-

280 2780 324 2804 το
352 2766 422 2803 sihi
443 2768 728 2817 acquz‘siverunt3
757 2779 830 2816 quo
849 2766 929 2816 ipso

280 2822 478 2869 indicatur,
525 2835 600 2860 non
638 2823 774 2872 primos
819 2823 931 2861 fuisse

280 2877 548 2925 Phocaeenses,
590 2879 652 2928 qui
692 2879 761 2917 hoc
785 2879 823 2917 in
848 2878 929 2916 loco

281 2935 407 2973 urbem
429 2936 680 2984 condiderint,
716 2935 784 2974 sed
819 2938 930 2974 antea

1001 1076 1075 1113 iam
1109 1074 1198 1113 alias
1225 1075 1373 1114 aliarum
1401 1076 1469 1114 illic
1497 1075 1659 1125 gentium

1002 1133 1114 1170 fuisse
1153 1133 1271 1171 sedes,
1330 1133 1511 1182 Congruit
1540 1133 1658 1182 ipsum

1003 1189 1102 1226 urbis
1122 1202 1269 1237 nornen,
1288 1191 1389 1238 quod
1402 1189 1542 1238 origine
1550 1188 1657 1225 Etru-

1005 1258 1105 1282 scum
1121 1246 1157 1282 in
1175 1246 1279 1283 huius
1297 1246 1416 1294 gentis
1445 1257 1659 1283 mouumen-

1003 1303 1049 1338 tis
1086 1303 1237 1339 occurrit
1269 1301 1515 1351 (FEAIA).
1564 1301 1660 1339 Vide

1003 1358 1162 1396 Miinter.
1185 1359 1285 1396 Velia
1302 1372 1389 1409 pag.
1412 1359 1486 1406 15,
1516 1357 1577 1408 qui
1592 1357 1660 1395 hoc

1002 1415 1136 1452 factum
1157 1428 1237 1453 esse
1258 1416 1438 1453 existimat
1459 1427 1555 1452 anno
1574 1414 1657 1456 553

1003 1476 1090 1508 ante
1121 1471 1208 1508 Chr.
1238 1484 1275 1508 n.
1333 1471 1389 1508 Ex
1418 1471 1498 1521 ipso
1532 1475 1656 1509 tamen

1002 1527 1151 1564 nomine
1195 1528 1281 1565 nihil
1327 1527 1530 1565 istiusmodi
1570 1539 1656 1564 con-

1003 1583 1097 1621 cludi
1126 1596 1237 1634 posse
1266 1584 1341 1621 vult
1372 1584 1415 1621 C.
1443 1584 1490 1621 Ο.
1513 1582 1655 1621 Miiller.

1002 1639 1147 1677 Etrusc.
1169 1641 1187 1678 I
1207 1654 1244 1692 p.
1259 1643 1340 1682 170
1360 1639 1439 1677 coll.
1464 1641 1556 1681 191.
1578 1639 1656 1676 Sed

1001 1696 1082 1747 ipse
1102 1709 1137 1746 p.
1159 1697 1244 1739 412
1263 1697 1370 1735 affert
1398 1695 1570 1733 Etruscas
1591 1708 1657 1732 vo-

1003 1766 1062 1791 ces
1088 1751 1173 1802 Fel,
1210 1753 1314 1791 Felia
1342 1752 1516 1802 (Velia).
1588 1751 1658 1790 Οἰ-

1001 1809 1149 1861 νωτρίη
1197 1816 1295 1848 terra
1345 1822 1422 1847 non
1467 1809 1656 1856 universa,

1001 1878 1110 1915 quam
1150 1880 1217 1904 nos
1251 1866 1401 1904 dicimus
1451 1865 1558 1902 ltalia
1587 1868 1656 1912 est,

999 1934 1124 1959 verum
1158 1925 1232 1961 eius
1262 1936 1347 1973 pars
1376 1921 1557 1971 quaedam
1590 1933 1656 1957 au-

1001 1978 1142 2025 stralis,
1169 1991 1277 2029 quam
1303 1979 1420 2029 ipsam
1441 1977 1655 2015 Herodotus

1000 2032 1135 2071 Italiae
1165 2048 1313 2085 quoque
1346 2046 1493 2072 nomine
1535 2034 1655 2071 consi-

1002 2089 1137 2140 gnavit.
1196 2091 1280 2128 Vid.
1300 2091 1469 2129 Bredow.
1499 2090 1536 2126 in
1554 2089 1654 2127 Ura-

999 2146 1124 2195 nolog.
1167 2147 1350 2185 Herodot.
1390 2160 1478 2198 pag.
1515 2145 1652 2183 XXVI.

999 2203 1111 2242 Unde
1146 2198 1300 2253 legimus
1338 2204 1438 2255 apud
1472 2201 1652 2240 Ammian.

997 2259 1196 2298 Marcellin.
1215 2261 1299 2309 XV,
1319 2263 1345 2302 9
1367 2260 1404 2312 ᾗ.
1420 2263 1447 2301 7
1459 2288 1470 2307 ,
1498 2259 1562 2296 ubi
1577 2258 1652 2302 vid.

997 2317 1236 2368 interpretes,
1260 2315 1546 2354 Phocaeensium
1562 2315 1653 2353 isto—

996 2386 1075 2410 rum
1096 2374 1289 2411 nonnullos
1318 2374 1355 2410 in
1384 2372 1552 2410 Lucania
1575 2371 1651 2410 Ve-

996 2429 1080 2467 liam
1098 2431 1315 2468 condidisse.
1373 2428 1528 2468 Oenotri
1553 2428 1648 2466 enim

996 2486 1081 2523 olim
1098 2487 1311 2525 habitabant
1327 2486 1507 2523 Bruttium
1521 2497 1650 2534 agrum

999 2547 1035 2580 et
1053 2542 1251 2581 Lucaniam
1265 2572 1275 2591 ‚
1305 2546 1343 2580 et
1371 2546 1456 2580 ante
1480 2540 1649 2579 Sabello-

997 2611 1076 2635 rum
1090 2599 1314 2637 invasionem
1336 2611 1400 2635 ora
1418 2597 1648 2635 occidentalis

997 2667 1144 2704 quoque
1177 2667 1295 2704 usque
1332 2655 1381 2691 ad
1412 2653 1648 2691 Posidoniam

996 2711 1196 2748 Oenotriae
1210 2711 1524 2748 adnumerabatur.
1579 2709 1612 2748 C
1618 2721 1648 2748 r.

995 2768 1137 2804 confert
1159 2766 1337 2805 Niebuhr.
1367 2765 1476 2805 Rom.
1510 2764 1648 2804 Gesch.

995 2822 1011 2859 I
1031 2835 1068 2873 p.
1092 2825 1155 2864 16.
1176 2823 1229 2864 58
1258 2824 1316 2861 ed.
1340 2824 1488 2861 secund.

1053 2874 1142 2930 ἥτις
1155 2881 1232 2918 νῦν
1240 2877 1351 2930 Ὑέλη
1375 2875 1568 2928 καλέεται]
1579 2876 1648 2915 Est

997 2947 1042 2973 ea
1058 2936 1143 2974 urbs
1156 2964 1167 2984 ,
1197 2948 1292 2986 quae
1323 2940 1360 2975 et
1377 2935 1474 2974 Elea
1489 2938 1527 2974 et
1547 2933 1647 2973 Velia
