1759 3324
304 247 389 286 696
696 237 1167 281 HERODOTI

307 355 354 399 ἐκ
382 357 458 409 τῆς
488 351 685 408 ἀκάνθης
720 351 975 407 ποιεύμενα·

1026 352 1102 404 τῆς
1132 346 1158 404 ἡ
1195 343 1345 403 μορφή
1377 343 1455 401 μέν
1481 344 1571 388 ἐστι

307 431 543 489 ὁμοιοτάτη
562 436 622 490 τῷ
643 433 880 488 Κυρηναίῳ
903 431 1039 486 λωτῷ,
1069 426 1119 470 τὸ
1144 426 1189 470 δὲ
1214 424 1413 478 δάκρυον
1433 422 1596 480 κόμμι1

280 520 304 554 2
315 512 413 556 ἐστι’.

473 512 520 555 ἐκ
548 510 706 566 ταύτης
745 506 807 553 ὧν
845 513 921 565 τῆς
960 506 1155 563 ἀκάνθης
1192 504 1432 560 κοψάμενοι
1463 501 1571 555 ξύλα

310 590 417 635 ὅσον
446 607 490 634 τε
521 589 717 644 διπήχεα,
748 587 993 644 πλινθηδὸν
1025 589 1267 630 συντιθεῖσι
1285 618 1295 637 ,
1323 581 1573 639 ναυπηγεύ-

282 678 438 727 3μενοι
466 667 631 722 τρόπον
660 667 841 710 τοιόνδε.

901 667 997 720 περὶ
1037 664 1238 721 γόμφους
1274 662 1470 713 πυκνούς
1500 661 1574 705 καὶ

310 747 506 805 μακροὺς
533 748 801 802 περιείρουσι
831 746 882 790 τά
913 743 1092 801 διπήχεα
1123 741 1248 795 ξύλα·
1279 742 1409 786 ἐπεὰν
1441 741 1485 786 δὲ
1513 743 1574 798 τῷ

258 922 380 974 aeva]
421 922 480 959 De
510 919 659 957 acanthe
682 918 830 956 Servius
861 918 910 955 ad

258 979 385 1028 virgil.
409 980 546 1026 Georg.
569 976 620 1023 ΙΙ,
643 978 744 1016 119;
769 987 910 1022 „acan-

258 1038 340 1073 thos
360 1035 468 1071 arbor
488 1039 542 1071 est
560 1033 597 1069 in
611 1032 795 1082 Aegypto,
818 1044 909 1068 sem-

258 1105 326 1143 per
350 1091 525 1128 frondens
541 1094 582 1126 ut
598 1089 692 1125 oliva
716 1093 752 1125 et
769 1088 889 1125 laurus
903 1101 910 1124 :

260 1152 297 1187 et
325 1147 498 1185 acanthos
532 1147 649 1191 dicta,
688 1145 773 1193 quia
799 1143 911 1193 spinis

260 1204 368 1256 plena
387 1204 483 1240 est.“
540 1202 650 1239 Plura
666 1200 701 1237 Τ
704 1201 912 1251 heophrast.

260 1262 342 1300 hist.
367 1260 481 1311 plant.
502 1259 567 1306 lv,
595 1262 621 1299 2
651 1255 687 1308 ἓ
708 1260 732 1298 8
764 1262 800 1294 et
820 1257 912 1293 Plin.

260 1317 297 1356 h.
320 1330 356 1354 n.
392 1316 504 1363 XIII,
527 1318 552 1356 9
587 1319 672 1351 sect.
698 1317 760 1355 19.
807 1312 915 1350 Nunc

261 1373 405 1426 plurimi
437 1372 580 1423 spinam
609 1369 830 1420 Aegyptiam
852 1383 915 1407 seu

262 1430 454 1476 Aeaeam,
485 1428 584 1466 cuius
613 1427 670 1463 hic
697 1427 834 1463 mentio
862 1427 916 1472 fit,

263 1486 469 1524 existimant
505 1487 684 1520 mimosam
722 1482 917 1520 Niloticam

262 1542 371 1582 Linn.
396 1543 503 1578 Conf.
519 1540 690 1578 Creuzeri
708 1544 916 1577 commentt.

263 1598 431 1636 Herodd.
450 1611 534 1648 pag.
554 1599 618 1638 59.
632 1599 684 1637 60
697 1625 707 1643 ‚
739 1597 801 1645 qui
822 1609 918 1632 nunc

264 1655 388 1692 addit:
452 1654 661 1691 Schneider.
702 1653 750 1689 ad
794 1652 920 1689 Theo-

264 1711 401 1762 phrast.
422 1710 443 1747 l.
463 1710 485 1746 l.
514 1722 599 1759 pag.
619 1711 720 1755 291,
751 1713 787 1746 et
808 1709 920 1745 inter-

265 1772 374 1819 prett.
397 1768 445 1803 ad
463 1766 614 1803 Homeri
634 1765 824 1813 Odyss.V,
837 1765 918 1806 243

266 1837 370 1873 seqq.
390 1824 477 1872 ibiq.
500 1821 665 1859 Eustath.
683 1824 812 1871 p.218
836 1834 917 1870 sqq.

324 1882 377 1933 τῷ
411 1879 624 1929 Κυρηναίῳ
646 1876 778 1931 λωτῷ]
810 1877 920 1914 lntel-

268 1937 417 1985 ligenda
441 1940 495 1973 est
515 1935 718 1984 Cyrenaica
737 1940 774 1971 et
785 1935 924 1982 Libyca

269 1991 492 2038 arborlotus,
504 1992 691 2028 Rhamnus
712 1990 802 2027 lotus
815 1991 922 2027 Linn.

270 2049 388 2096 (unde
409 2048 597 2097 lotophagi
608 2060 740 2084 nomen
755 2047 923 2093 habent),

272 2105 369 2142 cuius
399 2105 445 2140 de
477 2106 593 2140 fructu
625 2103 702 2150 agit
730 2103 800 2150 IV,
831 2106 922 2143 177.

273 2160 392 2204 Quam
406 2172 492 2196 cave
513 2159 711 2196 confundas
734 2172 814 2195 cum
836 2159 923 2205 loto,

272 2217 372 2252 cuius
394 2215 448 2262 ll,
474 2218 529 2256 92
549 2215 768 2251 mentionem
790 2216 925 2251 fecerat

272 2272 496 2310 Herodotus.
553 2271 612 2307 De
634 2270 835 2318 Cyrenaica
851 2270 925 2306 loto

272 2328 427 2379 plurima
448 2327 568 2364 citavit
587 2326 805 2363 Creuzer.in
819 2327 927 2374 Sym-

273 2383 345 2421 bol.
369 2384 379 2419 Ι
402 2396 487 2433 pag.
511 2384 592 2423 508
607 2410 616 2428 ,
657 2383 718 2431 qui
738 2383 795 2418 hic
814 2383 927 2432 inpri-

274 2441 340 2478 mis
361 2440 499 2476 confert
520 2438 655 2486 Odyss.
678 2437 808 2485 IX784
824 2451 926 2486 seqq.

331 2492 374 2534 τό
402 2492 443 2533 δὲ
471 2490 648 2546 δάκρυον
680 2489 801 2543 κόμμι
825 2492 925 2544 ἐστί]

277 2553 383 2589 Cous.
405 2550 460 2598 ll,
485 2553 549 2592 86.
594 2551 665 2587 Hic
684 2551 835 2587 laudare
853 2551 929 2587 suf-

277 2608 374 2645 ficiat
406 2608 624 2643 Strabonem
651 2607 755 2643 Xi'll
785 2620 821 2655 p.
846 2607 926 2647 556

278 2668 315 2701 et
346 2663 591 2712 'l'heophrast.
623 2663 647 2700 l.
677 2662 700 2698 l.
752 2663 928 2712 lacrymas

278 2720 407 2770 spinae
419 2718 623 2768 Aegyptiae
643 2714 766 2769 κόμμι
789 2732 816 2754 s.
829 2732 933 2767 gum-

278 2776 327 2812 mi
349 2775 419 2811 dici
440 2776 706 2812 confirmantes.
748 2775 816 2811 Est
833 2788 932 2821 vero,

280 2832 398 2868 indice
416 2831 623 2867 lablonskio
644 2844 741 2868 voce.
756 2831 931 2881 Aegyptt.

281 2900 367 2940 pag.
394 2885 494 2934 114,
532 2887 742 2924 vocabulum
773 2887 842 2924 hoc
861 2886 933 2924 Ae—

978 915 1164 967 gyptium,
1193 927 1266 964 quo
1287 914 1499 963 designatur
1517 912 1635 962 liquor

978 973 1159 1021 lacrymae
1200 971 1247 1007 ad
1280 971 1393 1007 instar
1429 983 1473 1007 ex
1505 970 1634 1007 arbore

980 1029 1188 1075 destillans,
1225 1028 1287 1076 qui
1326 1027 1458 1064 deinde
1487 1039 1636 1063 concre-

982 1086 1049 1123 scit
1074 1090 1109 1122 et
1141 1085 1310 1122 durescit.
1369 1083 1481 1120 Unde
1501 1084 1637 1131 gummi

983 1142 1053 1179 dici
1073 1141 1146 1177 vult
1163 1153 1235 1176 non
1257 1140 1368 1177 modo
1386 1139 1573 1176 humorem
1593 1151 1636 1176 ex

982 1199 1087 1249 spina
1116 1196 1342 1246 Aegyptiaca
1370 1197 1538 1244 guttatim
1571 1196 1637 1233 de-

982 1257 1178 1301 fluentem,
1207 1254 1272 1290 sed
1295 1254 1403 1290 etiam
1423 1266 1468 1290 ex
1481 1252 1556 1289 aliis
1579 1264 1637 1288 ar-

982 1312 1143 1349 boribus.
1175 1310 1279 1347 Haec
1298 1309 1537 1356 iablonskius,
1558 1308 1636 1345 aliis

984 1381 1128 1418 quoque
1146 1380 1188 1404 ac
1208 1366 1311 1402 Plinii
1333 1366 1557 1415 potissimum
1582 1369 1638 1402 te-

987 1424 1163 1462 stimoniis
1183 1423 1376 1465 adhibitis3
1405 1423 1521 1472 ipsam
1542 1422 1638 1459 enim

984 1494 1110 1518 vocem
1140 1479 1321 1528 Aegyptio
1350 1492 1516 1516 sermone
1542 1479 1638 1515 indi-

986 1550 1069 1575 care
1095 1535 1396 1572 consolidationem
1420 1534 1557 1572 humidi
1582 1534 1639 1572 vel

985 1597 1127 1643 guttam
1148 1592 1205 1629 vel
1230 1592 1422 1642 lacrymam
1435 1595 1636 1628 concretam.

986 1650 1250 1700 Aegyptiacam
1262 1649 1360 1684 vocis
1379 1649 1555 1697 originem
1566 1653 1640 1686 sta-

986 1707 1056 1744 tuit
1077 1719 1224 1755 quoque
1242 1705 1353 1742 Rossi
1381 1705 1526 1754 etymol.
1545 1705 1638 1754 Aeg.

986 1777 1023 1815 p
1050 1766 1102 1803 91
1128 1775 1205 1811 seq

1045 1817 1133 1871 περὶ
1158 1814 1341 1870 γόμφους
1370 1832 1549 1863 πυκνους
1573 1832 1642 1856 και

992 1891 1168 1941 μακρους
1188 1875 1432 1926 περιείρουσι
1458 1889 1506 1912 τα
1528 1870 1642 1924 διπή-

991 1947 1059 1984 χεα
1077 1928 1197 1979 ξυλα]
1228 1928 1377 1983 γόμφοι
1396 1931 1454 1968 hic
1476 1931 1644 1968 videntur

992 2003 1073 2027 esse
1094 1989 1182 2026 clavi
1196 2018 1206 2035 ‚
1235 1989 1333 2037 iique
1353 1987 1459 2025 valde
1479 1987 1579 2036 longi
1602 2000 1645 2024 ac

990 2046 1123 2095 lignei,
1154 2046 1283 2094 quibus
1307 2043 1413 2094 plura
1439 2044 1539 2093 ligna
1569 2043 1646 2090 (bi-

992 2101 1161 2139 cubitalia
1190 2101 1310 2150 qualia
1348 2101 1515 2137 dicuntur
1540 2100 1573 2136 h.
1600 2099 1643 2147 l.)

991 2159 1299 2195 connectebantur
1309 2184 1320 2201 ‚
1337 2156 1644 2205 quemadmodum

993 2215 1031 2250 in
1045 2215 1181 2250 ratibus
1201 2214 1250 2249 fit.
1274 2212 1406 2260 Neque
1425 2212 1519 2249 enim
1532 2211 1646 2248 omni-

993 2284 1041 2307 no
1066 2282 1176 2306 naves
1197 2269 1254 2305 hic
1271 2268 1419 2317 intelligi
1440 2281 1551 2318 posse
1567 2281 1646 2305 cre-

994 2327 1078 2363 dam
1093 2354 1102 2371 ,
1134 2326 1199 2362 sed
1218 2325 1345 2361 ratium
1365 2338 1494 2373 genus,
1515 2325 1645 2373 quibus

994 2384 1032 2419 in
1043 2381 1128 2418 Nilo
1140 2382 1270 2418 fuerint
1282 2381 1359 2426 usi3
1378 2381 1414 2417 id
1427 2382 1525 2430 quod
1537 2381 1646 2418 etiam

993 2442 1152 2486 arguunt
1178 2441 1322 2483 costae,
1361 2450 1456 2486 quae
1482 2438 1645 2474 deerant.

996 2495 1104 2531 Conf.
1126 2492 1407 2542 iVesselingium
1434 2494 1480 2530 ad
1510 2494 1545 2530 h.
1566 2493 1588 2530 l.
1609 2497 1648 2531 et

995 2550 1204 2587 Schneider.
1234 2550 1271 2585 in
1299 2550 1367 2587 lex.
1386 2550 1451 2586 Gr.
1509 2550 1646 2587 Locum

994 2607 1113 2656 ipsum
1130 2606 1215 2642 inde
1236 2606 1286 2642 sic
1303 2606 1421 2643 reddit
1442 2606 1645 2655 Schweigh.

998 2663 1037 2699 in
1053 2661 1153 2699 lexic.
1169 2662 1308 2698 Herod.
1326 2676 1354 2698 s.
1367 2676 1399 2698 v.
1413 2663 1623 2714 περιείρειν
1636 2676 1647 2698 .·

1002 2721 1168 2767 „circum
1186 2718 1303 2754 clavos
1332 2718 1463 2767 ligneos
1476 2719 1648 2769 frequen-

1000 2779 1050 2812 tes
1078 2779 1109 2811 et
1132 2774 1340 2824 praelongos
1364 2778 1517 2812 inserunt
1536 2779 1569 2812 et
1591 2777 1647 2813 in-

999 2835 1141 2868 nectunt
1166 2831 1373 2868 &cubitalia
1389 2831 1528 2879 Iignaf‘

1057 2882 1177 2927 ἐπεοέν
1209 2884 1252 2926 δὲ
1278 2890 1332 2942 τῷ
1358 2885 1486 2942 τρόπῳ
1506 2883 1648 2939 τούτῳ]
