1759 3324
349 252 435 292 85⁰

747 246 1217 288 HERODOTI

323 366 444 406 3λιν·
475 358 606 416 ἐσέχει
635 358 681 402 δὲ
710 358 753 410 ἐς
782 358 862 414 τήν
889 355 1109 412 Ἐρυθρὴν
1137 353 1376 398 θάλασσαν.
1423 352 1616 408 ὤρυκται

353 440 400 483 δὲ
428 442 605 494 πρῶτον
634 438 712 492 μὲν
740 441 821 480 τοῦ
847 439 1002 481 πεδίου
1042 438 1124 479 τοῦ
1153 435 1397 489 Αἰγυπτίου
1424 434 1477 476 τὰ
1507 432 1617 486 πρὸς

349 518 552 574 Ἀραβίην
582 517 733 571 ἔχοντα
747 531 757 541 ·

299 704 345 741 ad
365 703 400 739 h.
423 701 465 738 l.:
497 701 595 747 ,‚Cf.
618 698 831 749 bibliotheq.
854 698 952 736 choi-

299 761 350 797 sie
371 764 457 794 tom.
478 757 547 793 XV
569 770 604 805 p.
623 756 746 796 241.“

355 812 530 864 ὤρυκται
550 810 593 850 δὲ
617 814 778 862 πρῶτον
803 807 874 860 μὲν
895 830 950 837 -

299 867 400 920 πρὸς
420 866 606 921 Ἀραβίην
629 865 780 917 ἔχοντα]
814 867 855 902 ld
876 870 951 903 est:

299 927 441 963 initium
472 924 624 961 fodendi
653 924 785 960 factum
821 926 877 959 est
907 921 953 958 ab

301 995 346 1020 ea
388 981 594 1031 Aegyptiae
635 978 799 1029 planitiei
835 981 955 1028 parte,

301 1050 396 1087 quae
430 1039 478 1074 ad
504 1035 676 1073 Arabiam
707 1039 872 1086 spectat,
901 1033 958 1070 cui

300 1094 462 1146 planitiei
490 1105 647 1142 superne
677 1092 726 1139 (i.
751 1105 782 1129 e.
809 1103 831 1128 a
849 1090 957 1128 meri-

305 1152 390 1199 die)
421 1150 610 1198 contignus
644 1152 699 1185 est
736 1160 858 1193 mons,
894 1146 956 1195 qui

303 1219 347 1245 ex
369 1207 521 1244 adverso
543 1204 764 1254 Memphidis
783 1203 958 1240 orientem

302 1276 429 1301 versus
454 1262 655 1314 porrigitur
679 1273 794 1310 usque
812 1260 860 1297 ad
880 1259 958 1296 He-

303 1319 471 1370 roopolin
490 1347 502 1366 ‚
564 1318 627 1355 ubi
674 1318 722 1354 ad
770 1316 958 1354 meridiem

305 1377 458 1424 (mons)
486 1375 664 1421 flectitur,
715 1373 827 1410 altera
855 1376 959 1422 parte

306 1434 421 1470 sinum
432 1432 623 1468 Arabicum
633 1429 831 1467 includens.
842 1428 959 1466 Nam-

308 1503 380 1538 que
398 1487 534 1525 canalis
553 1487 650 1524 haud
673 1486 783 1534 longe
800 1486 844 1522 ab
868 1485 959 1521 urbe

305 1545 457 1583 Bubasti
478 1557 522 1581 ex
537 1543 725 1581 Pelusiaco
755 1541 829 1579 Nili
850 1541 959 1578 fluvio

308 1606 389 1640 erat
410 1602 537 1638 ductus
552 1600 741 1637 meridiem
761 1611 884 1636 versus
900 1610 961 1634 us·-

308 1670 380 1708 que
396 1658 445 1694 ad
467 1670 549 1695 eum
567 1656 704 1702 locum,
733 1655 795 1691 ubi
817 1658 959 1691 montes

308 1715 529 1760 obstabant,
567 1726 589 1750 a
620 1711 833 1762 Memphide
861 1715 961 1748 recta

307 1771 465 1822 porrecti
493 1782 610 1818 usque
647 1769 695 1805 ad
719 1767 960 1817 Heroopolin.

312 1828 478 1871 Quorum
501 1827 548 1862 ad
568 1826 708 1862 radices
721 1826 792 1861 iam
814 1823 962 1870 canalis,

309 1897 416 1921 cursu
452 1884 546 1920 flexo
569 1911 581 1930 ‚
621 1883 798 1919 orientem
834 1893 960 1917 versus

309 1940 438 1977 ductus
461 1943 541 1985 est,
572 1942 608 1976 et
637 1938 816 1975 montium
849 1936 962 1973 sauci-

312 1996 379 2033 bus
402 1995 578 2045 superatis
600 1995 681 2042 (ubi
696 2008 745 2031 se.
764 1997 907 2030 montes
927 1995 964 2030 et

311 2053 380 2102 ipsi
414 2052 600 2089 meridiem
630 2064 755 2088 versus
787 2050 962 2098 vergunt)

310 2109 359 2144 ad
377 2108 561 2145 meridiem
576 2108 697 2144 denuo
713 2107 868 2144 tendens
886 2118 961 2142 non

309 2163 421 2212 louge
451 2165 495 2200 ab
530 2164 622 2201 urbe
650 2163 852 2214 Heroopoli
880 2175 960 2199 cum

311 2220 393 2269 ipso
422 2220 511 2257 mari
540 2221 751 2256 coniunctus
784 2223 849 2257 est.
908 2217 962 2254 Ac

312 2276 389 2312 iure
427 2276 567 2312 mireris
600 2276 698 2324 apud
730 2276 962 2312 Herodotum

311 2331 458 2369 minime
466 2331 737 2368 commemorari
749 2330 849 2367 lacus
861 2342 962 2366 ama-

312 2401 389 2435 ros,
419 2387 468 2424 ad
497 2400 588 2436 quos
618 2399 732 2435 usque
762 2386 922 2423 canalem
941 2397 963 2421 a

312 2443 427 2482 Dario
467 2444 680 2494 perductum
722 2456 802 2479 esse
852 2443 964 2478 refert

313 2500 450 2538 Plinius
463 2500 484 2535 l.
498 2499 520 2536 l.
545 2498 653 2537 Nunc
670 2502 844 2536 vocantur
855 2497 962 2534 Shz‘eb

313 2555 445 2594 s.Abul
461 2554 635 2603 Menage'e
657 2559 694 2592 et
711 2560 866 2603 quatuor
886 2555 962 2591 fere

313 2612 476 2650 milliaria
507 2611 753 2661 geographica
790 2611 836 2648 ab
874 2611 962 2647 urbe

313 2668 471 2717 Belbeys
493 2669 630 2705 distare
646 2667 822 2704 dicuntur.
854 2666 961 2703 Plura

313 2725 468 2762 Rennel.
488 2724 509 2761 l.
533 2724 555 2761 1.
581 2737 616 2774 p.
638 2723 719 2765 586
738 2736 815 2771 seq.
854 2722 963 2759 Man-

314 2786 408 2819 nert.
431 2781 452 2817 1.
470 2780 492 2817 l.
514 2793 598 2830 pag.
620 2780 858 2821 507—513
883 2778 962 2816 coll.

314 2837 446 2875 Ritter.
461 2836 684 2874 Erdkund.1
714 2850 749 2887 p.
771 2835 872 2881 824,
899 2835 962 2883 qui

316 2895 352 2930 in
371 2898 459 2930 nota
476 2895 605 2931 merito
630 2893 755 2930 laudat
775 2891 963 2929 Gallorum

817 515 953 571 ἔχεται
983 515 1027 559 δὲ
1061 513 1307 567 κατύπερθε
1346 516 1427 555 τοῦ
1465 513 1617 555 πεδίου

1020 699 1211 735 doctorum
1231 697 1443 746 scriptiones
1457 697 1491 733 in
1504 696 1677 746 descript.

1020 755 1067 792 de
1091 754 1184 802 l'Eg.
1214 754 1371 791 Boziere
1393 755 1440 790 de
1459 754 1493 790 la
1518 754 1675 802 geogra-

1019 810 1104 859 phie
1133 810 1325 859 eomparee
1361 814 1399 846 et
1437 811 1484 846 de
1525 810 1676 846 l'ancien

1023 866 1098 901 etat
1118 865 1183 901 des
1212 867 1313 901 cotes
1340 865 1386 901 de
1404 865 1438 901 la
1454 878 1531 902 mer
1548 878 1677 914 rouge,

1025 925 1092 958 etc.
1120 921 1278 969 (antiqq.
1300 920 1434 957 livrais.
1456 921 1471 956 1
1490 934 1576 970 pag.
1597 923 1676 962 127

1026 978 1150 1027 seqq.)
1171 981 1208 1014 et
1231 976 1264 1013 le
1283 976 1396 1014 Pere:
1422 978 1595 1014 memoire
1617 989 1678 1013 sur

1025 1033 1061 1070 la
1079 1033 1383 1070 communication
1398 1034 1444 1070 de
1462 1033 1496 1070 la
1517 1047 1595 1071 mer
1612 1033 1677 1070 des

1025 1089 1135 1127 Indes
1147 1102 1233 1127 avec
1249 1089 1284 1126 la
1302 1089 1566 1127 mediterranee
1584 1090 1680 1136 (e'tat

1024 1147 1188 1183 modern.
1221 1149 1245 1182 t.
1270 1146 1285 1182 I
1313 1159 1349 1195 p.
1375 1145 1461 1190 49).
1521 1146 1594 1190 Qui
1612 1159 1680 1195 po-

1024 1206 1122 1240 stera
1155 1206 1274 1240 aetate
1308 1214 1330 1238 a
1360 1201 1524 1238 Traiano
1551 1203 1679 1239 ductus

1026 1263 1083 1296 est
1112 1258 1268 1305 canalis,
1307 1271 1328 1295 e
1356 1257 1441 1295 Nilo
1472 1259 1558 1296 exiit
1587 1259 1681 1295 infra

1027 1328 1109 1353 eum
1121 1314 1249 1362 locum,
1271 1314 1330 1351 ubi
1350 1327 1447 1352 nunc
1463 1315 1572 1352 Cairo
1593 1315 1680 1352 urbs

1027 1375 1084 1410 est
1104 1371 1195 1418 sita,
1234 1375 1270 1408 et
1298 1372 1396 1408 recta
1422 1371 1477 1408 via
1502 1372 1681 1409 orientem

1026 1441 1151 1465 versus
1174 1428 1222 1464 ad
1249 1427 1423 1464 montium
1443 1428 1681 1465 Arabicorum

1027 1485 1166 1522 radices
1209 1496 1367 1533 pergens
1404 1497 1518 1534 prope
1553 1486 1681 1522 urbem

1026 1541 1184 1590 Belbeys
1200 1540 1238 1576 in
1257 1553 1338 1577 eum
1358 1540 1520 1577 canalem
1542 1541 1680 1587 incidit,

1028 1597 1090 1646 qui
1109 1597 1221 1646 priori
1245 1601 1410 1646 tempore
1430 1609 1453 1633 3
1475 1597 1584 1633 Dario
1611 1598 1682 1634 du-

1028 1658 1105 1691 etus
1128 1653 1173 1690 ab
1190 1653 1382 1689 Herodoto
1403 1653 1438 1689 h.
1462 1653 1483 1689 l.
1506 1654 1682 1691 describi-

1028 1714 1098 1747 tur.
1155 1708 1236 1746 Nec
1255 1709 1325 1745 alia
1351 1710 1426 1747 fere
1446 1709 1596 1747 directio
1621 1722 1683 1746 ca-

1028 1766 1121 1803 nalis
1140 1766 1185 1802 ab
1204 1765 1384 1802 Arabibus
1412 1771 1497 1815 post
1520 1767 1683 1803 deducti.

1029 1823 1139 1860 Conf.
1172 1821 1326 1859 Rennel.
1355 1822 1377 1858 l.
1407 1822 1428 1858 l.
1469 1835 1554 1873 pag.
1586 1823 1681 1862 587.

1031 1879 1129 1923 Quin
1148 1878 1344 1927 hodieque,
1363 1879 1423 1915 ubi
1445 1880 1578 1915 canalis
1600 1878 1681 1928 pla-

1029 1949 1076 1973 ne
1093 1936 1297 1972 destructus
1320 1939 1377 1972 est
1402 1936 1558 1973 arenave
1577 1935 1682 1972 obte-

1030 1997 1131 2039 ctus,
1178 1990 1263 2028 Nilo
1291 1991 1396 2029 valde
1429 1997 1533 2028 aucto
1563 2003 1682 2041 aquae

1030 2049 1206 2085 orientem
1225 2060 1348 2085 versus
1364 2061 1430 2098 per
1448 2061 1591 2086 omnem
1609 2054 1682 2085 ter-

1031 2118 1107 2142 ram
1126 2105 1238 2153 longe
1261 2104 1406 2154 lateque
1440 2105 1596 2142 diffundi
1625 2104 1682 2141 di-

1028 2165 1179 2207 cuntur,
1209 2161 1262 2197 ita
1286 2165 1324 2197 ut
1351 2174 1446 2197 anno
1466 2163 1572 2202 1800
1598 2164 1683 2210 post

1030 2218 1116 2254 Chr.
1130 2230 1179 2263 n.‚
1207 2230 1287 2253 cum
1309 2216 1383 2253 Nili
1404 2230 1558 2266 aggeres
1578 2216 1683 2254 fracti

1031 2278 1176 2318 essent,
1213 2285 1308 2321 aqua
1329 2274 1518 2310 duodecim
1537 2277 1681 2310 tantum

1030 2330 1198 2366 horarum
1216 2329 1333 2377 spatio
1355 2330 1499 2366 abesset
1523 2330 1569 2366 ab
1591 2330 1681 2366 urbe

1030 2386 1138 2423 SueZ.
1198 2384 1319 2433 Prope
1340 2385 1466 2422 urbem
1489 2386 1598 2432 SueZ,
1625 2389 1682 2423 te-

1030 2441 1145 2477 stibus
1183 2441 1442 2478 recentioribus
1471 2442 1683 2492 peregrina-

1028 2498 1167 2533 toribus
1185 2525 1196 2543 ‚
1232 2497 1350 2533 adhue
1379 2503 1591 2548 comparent
1618 2511 1682 2535 ve-

1030 2553 1140 2601 stigia
1158 2554 1281 2590 fossae
1308 2566 1402 2591 nunc
1429 2556 1539 2591 arena
1567 2554 1682 2591 maxi-

1028 2622 1124 2646 mam
1152 2614 1294 2659 partem
1325 2610 1510 2660 oppletae.
1567 2610 1682 2648 Vide-

1028 2670 1090 2703 tur
1118 2667 1212 2703 enirn
1242 2678 1353 2703 arena
1375 2668 1603 2716 potissimum
1642 2667 1681 2704 in

1029 2734 1137 2759 causa
1163 2735 1245 2759 esse
1262 2750 1274 2768 ‚
1312 2723 1384 2770 qua
1411 2724 1584 2760 continuo
1614 2723 1681 2759 ad-

1029 2778 1136 2827 gesta
1154 2777 1287 2814 canalis
1308 2790 1452 2828 semper
1471 2779 1679 2816 obstruere-

1030 2838 1091 2870 tur
1129 2846 1197 2871 nec
1226 2834 1288 2869 diu
1320 2834 1465 2883 integer
1502 2839 1677 2873 maneret.

1030 2890 1138 2927 Plura
1156 2891 1203 2927 de
1218 2889 1272 2926 his
1290 2889 1447 2930 Rennel.
1460 2891 1483 2928 l.
1504 2890 1527 2928 l.
1546 2904 1581 2941 p.
1596 2892 1678 2932 588
