1777 3324
475 263 557 301 AD
615 260 997 299 HERODOT.
1042 261 1083 308 l,
1123 262 1191 302 94.
1507 267 1591 306 895

78 388 195 425 eoque
220 375 336 424 magis
366 375 481 421 tradi,
506 374 607 423 quod
638 373 695 411 ille
723 373 812 411 haec
839 386 861 410 a
883 372 1034 410 Xantho
1062 373 1231 423 neglecta
1249 375 1409 414 vidisset.
1467 377 1589 417 Hero-

76 445 203 482 dotum
219 448 341 481 autem
364 439 499 478 Xanthi
517 441 742 478 narrationes
769 441 897 490 salsas,
928 454 1017 491 quas
1046 442 1200 492 putabat
1228 443 1469 492 refellendas,
1500 447 1588 484 alia-

76 524 170 561 que,
200 511 245 547 ab
267 512 337 546 isto
355 508 510 555 omissa,
539 507 743 558 supplenda
765 509 832 546 sibi
854 510 1024 547 sumsisse
1042 511 1184 546 monuit
1211 510 1383 548 Creuzer.
1402 512 1439 548 in
1460 512 1584 560 Symb.

74 579 107 615 Il
128 591 164 628 p.
185 580 268 618 828
291 581 379 624 not.,
409 576 634 626 multumque
655 577 794 613 Xanthi
823 577 966 615 silentio
993 578 1225 615 tribuendum
1246 591 1328 616 esse
1348 579 1443 617 idem
1463 584 1588 628 negat,

73 660 152 685 cum
171 645 338 691 Xantho,
369 646 506 695 quippe
532 644 653 694 Lydio
677 644 813 680 homini
829 673 839 692 ,
871 645 956 682 satis
983 658 1113 683 causae
1139 647 1288 684 subesse
1315 648 1497 696 potuerit,
1526 660 1590 684 cur

73 714 225 760 celaret,
258 725 353 762 quae
373 713 492 750 minus
515 714 680 751 facerent
708 714 755 749 ad
782 714 902 762 gentis
931 726 1018 751 suae
1043 713 1203 763 gloriam
1222 718 1332 764 atque
1354 715 1585 764 dignitatem,

71 782 264 820 Herodoto
284 794 393 828 vero,
422 793 532 829 quem
557 781 593 817 in
613 782 696 832 ipsa
716 781 822 818 Italia
843 793 934 831 opus
955 794 1058 819 suum
1084 782 1282 820 absolvisse
1302 782 1482 830 novimus,
1511 795 1588 821 me-

71 852 139 889 lius
165 850 290 899 utique
318 849 365 886 de
393 848 447 885 his
470 849 578 886 rebus
608 849 791 898 inquirere
819 862 1016 899 verumque
1041 849 1217 898 indagare
1246 849 1396 887 licuerit.
1453 849 1587 900 Neque

70 919 140 956 hoc
160 917 358 955 admodum
387 916 501 963 valet,
535 917 634 966 quod
662 917 897 954 Etruscorum
917 931 1060 964 mores,
1099 918 1286 965 instituta,
1328 918 1398 955 alia
1424 931 1446 955 a
1471 917 1586 967 Lydis

70 991 263 1036 tantopere
285 984 432 1022 differre
451 984 560 1033 vulgo
579 983 755 1030 clamant3
784 986 931 1023 minime
960 986 1054 1023 enim
1083 985 1174 1023 haec
1207 990 1310 1023 tanta
1338 999 1419 1024 esse
1449 987 1586 1024 dudum

69 1055 194 1093 statuit
211 1052 460 1090 Wachsmuth.
488 1052 628 1100 (altere
647 1053 779 1090 Gesch.
798 1053 913 1090 Roms
942 1067 978 1104 p.
1001 1054 1089 1101 85),
1119 1053 1206 1103 quin
1231 1053 1387 1102 vestigia
1412 1054 1586 1092 nonnulla

66 1123 318 1174 reperiantur,
360 1121 490 1170 quibus
527 1124 718 1170 utramque
745 1126 891 1170 gentem
930 1121 1036 1159 unius
1072 1122 1309 1170 eiusdemque
1348 1122 1469 1171 stirpis
1504 1136 1585 1160 esse

65 1190 255 1243 probabile
284 1190 358 1226 fiat.
416 1188 604 1225 Pertinent
633 1189 721 1236 huc,
752 1202 848 1238 quae
873 1191 910 1227 in
938 1191 1123 1239 utriusque
1143 1190 1263 1238 gentis
1295 1189 1507 1238 religionem
1532 1190 1586 1228 al-

66 1260 137 1297 tius
157 1257 347 1307 indaganti
370 1256 513 1293 obviam
536 1258 626 1294 fiunt
646 1257 743 1295 haud
762 1271 881 1309 pauca
903 1259 1009 1296 valde
1033 1271 1195 1307 congrua
1224 1261 1259 1295 et
1288 1270 1465 1308 perquam
1486 1259 1585 1295 simi-

65 1328 132 1374 lia,
162 1327 346 1376 pertinent
376 1337 525 1373 quoque
548 1324 617 1362 huc
647 1339 711 1372 ea,
751 1338 844 1375 quae
876 1327 923 1364 de
954 1326 1291 1363 aeriselaborandi
1320 1330 1419 1373 arte,
1449 1326 1488 1362 in
1511 1339 1584 1376 qua

63 1400 218 1443 utraque
241 1405 330 1442 gens
351 1393 480 1429 mirum
504 1393 540 1429 in
561 1394 710 1431 modum
729 1394 957 1441 excelluerit,
987 1393 1098 1442 vulgo
1117 1395 1373 1444 proferuntur,
1404 1397 1467 1430 aut
1487 1406 1582 1443 quae

63 1465 111 1503 de
128 1463 362 1500 Etruscorum
380 1460 606 1497 vestimentis
628 1475 648 1498 e
666 1460 788 1509 Lydia
809 1462 1018 1511 repetendis
1040 1462 1176 1499 tradita
1196 1462 1428 1499 inveniuntur
1464 1459 1581 1511 (conf.

64 1532 107 1569 C.
130 1531 176 1568 Ο.
198 1528 340 1566 Miiller.
362 1527 522 1565 Etrusco.
546 1528 561 1565 I
591 1541 629 1579 p.
648 1531 741 1570 262.
764 1530 880 1577 270),
912 1529 982 1566 alia
1012 1542 1106 1579 quae
1136 1531 1302 1580 proferre
1332 1530 1482 1579 longum
1513 1535 1578 1568 est.

61 1598 120 1637 Ad
138 1598 286 1646 linguae
306 1597 414 1633 etiam
437 1596 728 1644 similitudinem,
758 1597 806 1634 ad
830 1597 934 1634 ludos
954 1597 1192 1635 Etruscorum
1214 1599 1395 1646 scenicos,
1427 1603 1464 1636 et
1484 1611 1580 1647 quae

62 1671 146 1705 sunt
173 1666 226 1702 his
252 1664 403 1711 similia,
434 1665 494 1701 alii
524 1666 721 1716 respiciunt
732 1666 781 1714 *).
841 1666 982 1709 Quibus
1012 1666 1082 1703 alia
1117 1666 1207 1704 haec
1239 1667 1323 1704 bina
1347 1679 1443 1715 nunc
1473 1667 1578 1704 addit

62 1737 278 1780 creamus,
321 1746 415 1782 quae
444 1746 511 1783 pro
539 1733 733 1771 Herodoto
760 1747 924 1784 pugnare
953 1735 1225 1783 quodammodo
1256 1748 1336 1772 cum
1367 1735 1576 1782 videantur,

58 1805 205 1842 minime
223 1801 282 1839 ille
303 1801 494 1851 praeteriri
509 1801 595 1838 vult.
653 1802 722 1839 Est
750 1801 985 1853 Theopompi
1017 1802 1117 1839 locus
1149 1815 1193 1839 ex
1219 1802 1278 1839 lib.
1300 1802 1389 1839 XXI
1417 1802 1574 1853 Philipp.

59 1873 158 1924 apud
183 1870 412 1908 Athenaeum
442 1869 511 1905 XII
537 1883 574 1921 p.
592 1869 674 1910 526
704 1874 792 1907 tom.
812 1869 863 1906 IV
892 1883 927 1919 p.
947 1869 1028 1910 457
1057 1870 1280 1919 Schweigh.,
1311 1870 1374 1907 ubi
1403 1870 1493 1908 haec
1520 1871 1576 1907 in-

58 1942 240 1979 venimus:
271 1934 316 1977 τό
341 1938 420 1975 τῶν
446 1932 670 1988 Ὀμβρικῶν
697 1935 840 1984 ἔθνος,
872 1935 951 1975 ἔστι
970 1935 1013 1976 δὲ
1033 1936 1124 1989 περὶ
1150 1934 1219 1977 τόν
1242 1933 1427 1989 Ἀδρίαν,
1460 1937 1578 1977 ἐπιει-

57 2011 140 2057 κῶς
158 2004 263 2048 εἶναι
283 2003 555 2057 ἁβροδίαιτον,
574 2005 862 2057 παραπλησίως
881 2019 921 2043 τε
941 2002 1145 2055 βιοτεύε
1159 2021 1206 2044 ιν
1238 2009 1347 2052 τοῖς
1366 2006 1577 2053 Λυδοῖς.

55 2077 133 2115 Iam
161 2089 247 2114 vero
276 2086 384 2112 nemo
414 2073 551 2121 nescit,
600 2086 708 2123 quam
737 2073 810 2110 late
837 2073 996 2123 patuerit
1024 2086 1157 2111 nomen
1191 2069 1417 2126 Ὀμβρικῶν
1450 2074 1577 2112 Theo-

54 2145 181 2196 pompi
200 2146 344 2189 aetate,
375 2145 414 2178 ut
443 2142 598 2192 proinde
632 2141 786 2178 Etrusci
813 2141 866 2178 his
894 2140 1153 2191 comprehendi
1179 2142 1351 2180 debeant.
1409 2142 1574 2181 Alterum

54 2211 141 2248 illud
170 2213 249 2258 est,
279 2209 379 2258 quod
399 2208 574 2257 Sibyllina
593 2209 843 2247 Romanorum
871 2209 1015 2246 oracula
1041 2208 1218 2245 iubebant
1239 2209 1389 2248 Idaeam
1418 2215 1573 2249 matrem

55 2278 146 2325 coli,
163 2281 204 2314 ut
223 2280 347 2313 auctor
361 2280 419 2313 est
436 2276 558 2313 Livius
575 2277 761 2325 XXXIX,
784 2280 846 2318 10.
885 2277 1006 2327 Atque
1029 2277 1138 2314 etiam
1157 2277 1273 2314 Varro
1300 2279 1378 2329 (ap.
1405 2279 1572 2317 Servium

56 2345 93 2381 in
112 2345 213 2394 Virg.
244 2342 335 2381 Aen.
359 2344 429 2390 VI,
449 2344 523 2392 36)
554 2344 728 2393 Sibyllam
758 2345 876 2393 illam,
908 2357 1003 2394 quae
1030 2344 1234 2394 Tarquinio
1263 2347 1409 2384 oracula
1431 2348 1572 2386 obtule-

56 2415 131 2460 rat,
163 2425 229 2462 pro
249 2410 456 2462 Erythraea
484 2411 608 2450 habet.
674 2412 781 2456 Quae
805 2426 863 2450 res
886 2412 1088 2450 Niebuhrio
1118 2425 1266 2462 quoque
1291 2415 1328 2451 in
1348 2415 1456 2452 Rom.
1485 2415 1570 2453 hist.

56 2478 73 2515 I
99 2492 134 2529 p.
153 2480 232 2521 530
261 2479 318 2516 ed.
351 2480 497 2516 secund.
527 2479 687 2517 Ionicam
718 2480 862 2517 illorum
887 2480 1112 2518 oraculorum
1140 2482 1318 2531 originem
1345 2495 1499 2531 arguere
1518 2483 1571 2519 vi-

54 2543 167 2584 detur.
233 2545 314 2585 Nos
351 2547 565 2585 dixerimus:
601 2548 711 2586 etiam
737 2547 918 2598 Lydiam,
959 2549 1259 2598 quandoquidem
1297 2549 1423 2588 Mater
1457 2549 1570 2589 Idaea

105 2738 136 2782 *)
168 2740 270 2782 „Vid.
290 2739 348 2775 the
366 2741 522 2775 classical
538 2741 654 2785 journ.
678 2743 778 2784 1810,
804 2743 837 2776 ΙΙ
862 2754 894 2786 p.
916 2742 984 2777 535
1003 2745 1123 2787 seqq.“
1157 2744 1219 2778 Cr.
1278 2744 1332 2779 Tu
1363 2745 1451 2779 conf.
1480 2756 1568 2788 quae

166 2796 208 2829 de
227 2795 324 2839 Atyis
344 2799 480 2832 nomine
501 2798 646 2832 diximus
667 2798 710 2832 ad
731 2799 899 2833 Herodot.
919 2800 954 2840 Ι,
975 2800 1006 2833 7.
1039 2801 1129 2834 Hinc
1149 2798 1286 2834 minime
1303 2802 1443 2843 mirum,
1464 2802 1566 2835 Gallo

163 2851 264 2886 docto
295 2854 637 2896 (Raoul-Rochette
659 2854 790 2889 histoir.
815 2856 857 2889 de
878 2855 1052 2890 l'etabliss.
1075 2857 1106 2890 d.
1126 2859 1236 2890 colon.
1256 2858 1382 2901 Grecq.
1400 2858 1416 2890 1
1443 2868 1476 2900 p.
1497 2858 1565 2892 358

162 2909 275 2953 seqq.)
304 2910 539 2944 Herodoteam
564 2912 794 2946 narrationem
812 2916 851 2945 ut
868 2913 976 2955 magis
996 2924 1108 2947 veram
1127 2914 1275 2957 probari.
