<?xml version="1.0" encoding="UTF-8"?>
<!DOCTYPE html PUBLIC "-//W3C//DTD XHTML 1.0 Transitional//EN"
    "http://www.w3.org/TR/xhtml1/DTD/xhtml1-transitional.dtd">
<html xmlns="http://www.w3.org/1999/xhtml" xml:lang="en" lang="en">
 <head>
  <title>
</title>
<meta http-equiv="Content-Type" content="text/html;charset=utf-8" />
  <meta name='ocr-system' content='tesseract 3.04.00' />
  <meta name='ocr-capabilities' content='ocr_page ocr_carea ocr_par ocr_line ocrx_word'/>
</head>
<body>
  <div class='ocr_page' id='page_1' title='image "./musaeher01hero_0782.png"; bbox 0 0 1759 3324; ppageno 0'>
   <div class='ocr_carea' id='block_1_1' title="bbox 305 243 1170 289">
    <p class='ocr_par' dir='ltr' id='par_1_1' title="bbox 305 243 1170 289">
     <span class='ocr_line' id='line_1_1' title="bbox 305 243 1170 289; baseline -0.008 0"><span class='ocrx_word' id='word_1_1' title='bbox 305 249 390 289; x_wconf 78' lang='lat'>760</span> <span class='ocrx_word' id='word_1_2' title='bbox 699 243 1170 286; x_wconf 85' lang='lat' dir='ltr'><strong>HERODOTI</strong></span> 
     </span>
    </p>
   </div>
   <div class='ocr_carea' id='block_1_2' title="bbox 307 351 1569 413">
    <p class='ocr_par' dir='ltr' id='par_1_2' title="bbox 307 351 1569 413">
     <span class='ocr_line' id='line_1_2' title="bbox 307 351 1569 413; baseline -0.005 -13"><span class='ocrx_word' id='word_1_3' title='bbox 307 359 401 413; x_wconf 84' lang='grc' dir='ltr'><strong><em>τῆς·</em></strong></span> <span class='ocrx_word' id='word_1_4' title='bbox 451 357 524 399; x_wconf 79' lang='grc' dir='ltr'>καί</span> <span class='ocrx_word' id='word_1_5' title='bbox 552 372 627 410; x_wconf 91' lang='grc' dir='ltr'>μιν</span> <span class='ocrx_word' id='word_1_6' title='bbox 655 355 786 400; x_wconf 81' lang='grc' dir='ltr'><strong><em>πάλιν</em></strong></span> <span class='ocrx_word' id='word_1_7' title='bbox 818 353 907 398; x_wconf 77' lang='grc' dir='ltr'>ἅνω</span> <span class='ocrx_word' id='word_1_8' title='bbox 940 353 1198 404; x_wconf 78' lang='grc' dir='ltr'><strong><em>ἀπικέσθαι,</em></strong></span> <span class='ocrx_word' id='word_1_9' title='bbox 1241 355 1386 408; x_wconf 76' lang='grc' dir='ltr'><strong><em>δῶρον</em></strong></span> <span class='ocrx_word' id='word_1_10' title='bbox 1416 351 1569 408; x_wconf 76' lang='grc' dir='ltr'><strong><em>ἔχοντα</em></strong></span> 
     </span>
    </p>
   </div>
   <div class='ocr_carea' id='block_1_3' title="bbox 278 429 1569 491">
    <p class='ocr_par' dir='ltr' id='par_1_3' title="bbox 278 429 1569 491">
     <span class='ocr_line' id='line_1_3' title="bbox 278 429 1569 491; baseline -0.003 -13"><span class='ocrx_word' id='word_1_11' title='bbox 278 435 408 491; x_wconf 73' lang='grc' dir='ltr'><strong><em>2παρ’</em></strong></span> <span class='ocrx_word' id='word_1_12' title='bbox 441 433 572 491; x_wconf 81' lang='grc' dir='ltr'><strong><em>αὐτῆς</em></strong></span> <span class='ocrx_word' id='word_1_13' title='bbox 600 433 912 491; x_wconf 80' lang='grc' dir='ltr'><strong><em>χειρόμακτρον</em></strong></span> <span class='ocrx_word' id='word_1_14' title='bbox 941 433 1141 490; x_wconf 84' lang='grc' dir='ltr'><strong><em>χρύσεον.</em></strong></span> <span class='ocrx_word' id='word_1_15' title='bbox 1174 432 1259 477; x_wconf 78' lang='grc' dir='ltr'>ἀπὸ</span> <span class='ocrx_word' id='word_1_16' title='bbox 1281 432 1325 476; x_wconf 76' lang='grc' dir='ltr'>δὲ</span> <span class='ocrx_word' id='word_1_17' title='bbox 1347 435 1422 486; x_wconf 80' lang='grc' dir='ltr'>τῆς</span> <span class='ocrx_word' id='word_1_18' title='bbox 1440 429 1569 486; x_wconf 87' lang='grc' dir='ltr'><strong><em>Ῥαμ-</em></strong></span> 
     </span>
    </p>
   </div>
   <div class='ocr_carea' id='block_1_4' title="bbox 307 509 1570 570">
    <p class='ocr_par' dir='ltr' id='par_1_4' title="bbox 307 509 1570 570">
     <span class='ocr_line' id='line_1_4' title="bbox 307 509 1570 570; baseline -0.005 -12"><span class='ocrx_word' id='word_1_19' title='bbox 307 516 484 567; x_wconf 80' lang='grc' dir='ltr'><strong><em>ψινίτου</em></strong></span> <span class='ocrx_word' id='word_1_20' title='bbox 512 513 797 570; x_wconf 82' lang='grc' dir='ltr'><strong><em>καταβάσιος,</em></strong></span> <span class='ocrx_word' id='word_1_21' title='bbox 850 513 909 564; x_wconf 74' lang='grc' dir='ltr'>ὥς</span> <span class='ocrx_word' id='word_1_22' title='bbox 934 513 1066 556; x_wconf 79' lang='grc' dir='ltr'><strong><em>πάλιν</em></strong></span> <span class='ocrx_word' id='word_1_23' title='bbox 1106 511 1302 556; x_wconf 76' lang='grc' dir='ltr'><strong><em>ἀπίκετο.</em></strong></span> <span class='ocrx_word' id='word_1_24' title='bbox 1355 509 1487 566; x_wconf 77' lang='grc' dir='ltr'><strong><em>ὁρτήν</em></strong></span> <span class='ocrx_word' id='word_1_25' title='bbox 1517 510 1570 566; x_wconf 84' lang='grc' dir='ltr'>δή</span> 
     </span>
    </p>
   </div>
   <div class='ocr_carea' id='block_1_5' title="bbox 309 588 1571 649">
    <p class='ocr_par' dir='ltr' id='par_1_5' title="bbox 309 588 1571 649">
     <span class='ocr_line' id='line_1_5' title="bbox 309 588 1571 649; baseline -0.004 -12"><span class='ocrx_word' id='word_1_26' title='bbox 309 593 487 649; x_wconf 78' lang='grc' dir='ltr'><em>ἀνάγειν</em></span> <span class='ocrx_word' id='word_1_27' title='bbox 517 594 783 648; x_wconf 81' lang='grc' dir='ltr'><strong><em>Αἰγυπτίους</em></strong></span> <span class='ocrx_word' id='word_1_28' title='bbox 815 592 1003 646; x_wconf 74' lang='grc' dir='ltr'><strong><em>ἔφασαν·</em></strong></span> <span class='ocrx_word' id='word_1_29' title='bbox 1057 591 1136 647; x_wconf 79' lang='grc' dir='ltr'>τήν</span> <span class='ocrx_word' id='word_1_30' title='bbox 1165 591 1238 634; x_wconf 83' lang='grc' dir='ltr'>καὶ</span> <span class='ocrx_word' id='word_1_31' title='bbox 1271 591 1352 646; x_wconf 78' lang='grc' dir='ltr'>ἐγὼ</span> <span class='ocrx_word' id='word_1_32' title='bbox 1382 588 1481 633; x_wconf 79' lang='grc' dir='ltr'><strong><em>οἶδα</em></strong></span> <span class='ocrx_word' id='word_1_33' title='bbox 1511 589 1571 633; x_wconf 75' lang='grc' dir='ltr'>ἔτι</span> 
     </span>
    </p>
   </div>
   <div class='ocr_carea' id='block_1_6' title="bbox 309 669 1568 727">
    <p class='ocr_par' dir='ltr' id='par_1_6' title="bbox 309 669 1568 727">
     <span class='ocr_line' id='line_1_6' title="bbox 309 669 1568 727; baseline -0.004 -10"><span class='ocrx_word' id='word_1_34' title='bbox 309 673 383 717; x_wconf 84' lang='grc' dir='ltr'>καὶ</span> <span class='ocrx_word' id='word_1_35' title='bbox 414 673 455 723; x_wconf 79' lang='grc' dir='ltr'>ἐς</span> <span class='ocrx_word' id='word_1_36' title='bbox 483 672 553 727; x_wconf 78' lang='grc' dir='ltr'>ἐμὲ</span> <span class='ocrx_word' id='word_1_37' title='bbox 591 672 883 721; x_wconf 77' lang='grc' dir='ltr'>ἐπιτελέοντας</span> <span class='ocrx_word' id='word_1_38' title='bbox 921 670 1106 720; x_wconf 83' lang='grc' dir='ltr'><strong><em>αὐτούς·</em></strong></span> <span class='ocrx_word' id='word_1_39' title='bbox 1168 669 1222 712; x_wconf 89' lang='grc' dir='ltr'>ου’</span> <span class='ocrx_word' id='word_1_40' title='bbox 1258 669 1406 725; x_wconf 82' lang='grc' dir='ltr'><strong><em>μέντοι</em></strong></span> <span class='ocrx_word' id='word_1_41' title='bbox 1447 671 1487 712; x_wconf 80' lang='grc' dir='ltr'><strong><em>εἴ</em></strong></span> <span class='ocrx_word' id='word_1_42' title='bbox 1523 684 1568 712; x_wconf 90' lang='grc' dir='ltr'><strong><em>τε</em></strong></span> 
     </span>
    </p>
   </div>
   <div class='ocr_carea' id='block_1_7' title="bbox 311 746 1628 804">
    <p class='ocr_par' dir='ltr' id='par_1_7' title="bbox 311 746 1628 804">
     <span class='ocr_line' id='line_1_7' title="bbox 311 746 1628 804; baseline -0.005 -9"><span class='ocrx_word' id='word_1_43' title='bbox 311 750 362 795; x_wconf 86' lang='grc' dir='ltr'>δι’</span> <span class='ocrx_word' id='word_1_44' title='bbox 398 750 501 794; x_wconf 77' lang='grc' dir='ltr'><strong><em>ἄλλο</em></strong></span> <span class='ocrx_word' id='word_1_45' title='bbox 531 767 571 792; x_wconf 84' lang='grc' dir='ltr'>τι</span> <span class='ocrx_word' id='word_1_46' title='bbox 600 751 709 792; x_wconf 80' lang='grc' dir='ltr'><strong><em>εἴτε</em></strong></span> <span class='ocrx_word' id='word_1_47' title='bbox 750 749 821 792; x_wconf 81' lang='grc' dir='ltr'>διὰ</span> <span class='ocrx_word' id='word_1_48' title='bbox 859 753 995 792; x_wconf 83' lang='grc' dir='ltr'><strong><em>ταῦτα</em></strong></span> <span class='ocrx_word' id='word_1_49' title='bbox 1035 746 1267 803; x_wconf 80' lang='grc' dir='ltr'><strong><em>ὁρτάζουσι</em></strong></span> <span class='ocrx_word' id='word_1_50' title='bbox 1303 748 1382 804; x_wconf 76' lang='grc' dir='ltr'>ἔχω</span> <span class='ocrx_word' id='word_1_51' title='bbox 1420 747 1571 804; x_wconf 81' lang='grc' dir='ltr'><strong><em>λέγειν.</em></strong></span> <span class='ocrx_word' id='word_1_52' title='bbox 1585 757 1628 790; x_wconf 87' lang='grc'>60</span> 
     </span>
    </p>
   </div>
   <div class='ocr_carea' id='block_1_8' title="bbox 282 822 1573 887">
    <p class='ocr_par' dir='ltr' id='par_1_8' title="bbox 282 822 1573 887">
     <span class='ocr_line' id='line_1_8' title="bbox 282 822 1573 887; baseline -0.002 -14"><span class='ocrx_word' id='word_1_53' title='bbox 282 834 457 887; x_wconf 82' lang='grc' dir='ltr'><strong><em>3φᾶρος</em></strong></span> <span class='ocrx_word' id='word_1_54' title='bbox 489 829 534 872; x_wconf 81' lang='grc' dir='ltr'>δὲ</span> <span class='ocrx_word' id='word_1_55' title='bbox 573 827 821 883; x_wconf 78' lang='grc' dir='ltr'><strong><em>αὐτημερὸν</em></strong></span> <span class='ocrx_word' id='word_1_56' title='bbox 850 825 1143 882; x_wconf 71' lang='grc' dir='ltr'><strong><em>ἐξυφήναντες</em></strong></span> <span class='ocrx_word' id='word_1_57' title='bbox 1175 829 1218 870; x_wconf 79' lang='grc' dir='ltr'>οἱ</span> <span class='ocrx_word' id='word_1_58' title='bbox 1246 826 1372 882; x_wconf 80' lang='grc' dir='ltr'><strong><em>ἱρέες,</em></strong></span> <span class='ocrx_word' id='word_1_59' title='bbox 1402 827 1490 870; x_wconf 78' lang='grc' dir='ltr'><strong><em>κατ’</em></strong></span> <span class='ocrx_word' id='word_1_60' title='bbox 1510 822 1573 870; x_wconf 70' lang='grc' dir='ltr'>ὧν</span> 
     </span>
    </p>
   </div>
   <div class='ocr_carea' id='block_1_9' title="bbox 311 903 1573 964">
    <p class='ocr_par' dir='ltr' id='par_1_9' title="bbox 311 903 1573 964">
     <span class='ocr_line' id='line_1_9' title="bbox 311 903 1573 964; baseline -0.002 -12"><span class='ocrx_word' id='word_1_61' title='bbox 311 910 472 964; x_wconf 70' lang='grc' dir='ltr'><strong><em>ἔδησαν</em></strong></span> <span class='ocrx_word' id='word_1_62' title='bbox 502 906 598 958; x_wconf 77' lang='grc' dir='ltr'><strong><em>ἑνὸς</em></strong></span> <span class='ocrx_word' id='word_1_63' title='bbox 630 904 775 949; x_wconf 77' lang='grc' dir='ltr'><strong><em>αὐτῶν</em></strong></span> <span class='ocrx_word' id='word_1_64' title='bbox 812 907 943 964; x_wconf 84' lang='grc' dir='ltr'><strong><em>μίτρῃ</em></strong></span> <span class='ocrx_word' id='word_1_65' title='bbox 979 904 1083 956; x_wconf 82' lang='grc' dir='ltr'>τούς</span> <span class='ocrx_word' id='word_1_66' title='bbox 1121 903 1406 960; x_wconf 78' lang='grc' dir='ltr'><strong><em>ὀφθαλμούς·</em></strong></span> <span class='ocrx_word' id='word_1_67' title='bbox 1466 905 1573 961; x_wconf 76' lang='grc' dir='ltr'><strong><em>ἁγα-</em></strong></span> 
     </span>
    </p>
   </div>
   <div class='ocr_carea' id='block_1_10' title="bbox 311 982 1575 1044">
    <p class='ocr_par' dir='ltr' id='par_1_10' title="bbox 311 982 1575 1044">
     <span class='ocr_line' id='line_1_10' title="bbox 311 982 1575 1044; baseline -0.003 -13"><span class='ocrx_word' id='word_1_68' title='bbox 311 987 460 1044; x_wconf 79' lang='grc' dir='ltr'><strong><em>γόντες</em></strong></span> <span class='ocrx_word' id='word_1_69' title='bbox 489 985 534 1029; x_wconf 82' lang='grc' dir='ltr'>δέ</span> <span class='ocrx_word' id='word_1_70' title='bbox 564 1002 640 1040; x_wconf 89' lang='grc' dir='ltr'>μιν</span> <span class='ocrx_word' id='word_1_71' title='bbox 667 984 819 1040; x_wconf 73' lang='grc' dir='ltr'><strong><em>ἔχοντα</em></strong></span> <span class='ocrx_word' id='word_1_72' title='bbox 857 984 906 1028; x_wconf 82' lang='grc' dir='ltr'>τό</span> <span class='ocrx_word' id='word_1_73' title='bbox 947 988 1091 1042; x_wconf 78' lang='grc' dir='ltr'><strong><em>φᾶρος</em></strong></span> <span class='ocrx_word' id='word_1_74' title='bbox 1131 984 1173 1035; x_wconf 79' lang='grc' dir='ltr'>ἐς</span> <span class='ocrx_word' id='word_1_75' title='bbox 1212 982 1319 1026; x_wconf 78' lang='grc' dir='ltr'><strong><em>ὁδὸν</em></strong></span> <span class='ocrx_word' id='word_1_76' title='bbox 1351 983 1575 1039; x_wconf 83' lang='grc' dir='ltr'><strong><em>φέρουσαν</em></strong></span> 
     </span>
    </p>
   </div>
   <div class='ocr_carea' id='block_1_11' title="bbox 311 1061 1573 1120">
    <p class='ocr_par' dir='ltr' id='par_1_11' title="bbox 311 1061 1573 1120">
     <span class='ocr_line' id='line_1_11' title="bbox 311 1061 1573 1120; baseline -0.004 -10"><span class='ocrx_word' id='word_1_77' title='bbox 311 1066 355 1117; x_wconf 75' lang='grc' dir='ltr'>ἐς</span> <span class='ocrx_word' id='word_1_78' title='bbox 392 1065 491 1120; x_wconf 84' lang='grc' dir='ltr'>ἷρὸν</span> <span class='ocrx_word' id='word_1_79' title='bbox 526 1063 787 1120; x_wconf 80' lang='grc' dir='ltr'><strong><em>Δήμητρος,</em></strong></span> <span class='ocrx_word' id='word_1_80' title='bbox 839 1063 966 1108; x_wconf 82' lang='grc' dir='ltr'><strong><em>αὐτοὶ</em></strong></span> <span class='ocrx_word' id='word_1_81' title='bbox 1022 1062 1375 1107; x_wconf 76' lang='grc' dir='ltr'><strong><em>ἀπαλλάσσονται</em></strong></span> <span class='ocrx_word' id='word_1_82' title='bbox 1413 1061 1573 1107; x_wconf 83' lang='grc' dir='ltr'><strong><em>ὀπίσω·</em></strong></span> 
     </span>
    </p>
   </div>
   <div class='ocr_carea' id='block_1_12' title="bbox 311 1139 1632 1199">
    <p class='ocr_par' dir='ltr' id='par_1_12' title="bbox 311 1139 1632 1199">
     <span class='ocr_line' id='line_1_12' title="bbox 311 1139 1632 1199; baseline -0.002 -11"><span class='ocrx_word' id='word_1_83' title='bbox 311 1146 390 1189; x_wconf 78' lang='grc' dir='ltr'>τόν</span> <span class='ocrx_word' id='word_1_84' title='bbox 421 1146 465 1190; x_wconf 79' lang='grc' dir='ltr'>δὲ</span> <span class='ocrx_word' id='word_1_85' title='bbox 495 1145 588 1199; x_wconf 81' lang='grc' dir='ltr'>ἷρὲα</span> <span class='ocrx_word' id='word_1_86' title='bbox 616 1147 777 1187; x_wconf 84' lang='grc' dir='ltr'><strong><em>τοῦτον</em></strong></span> <span class='ocrx_word' id='word_1_87' title='bbox 805 1143 1150 1199; x_wconf 82' lang='grc' dir='ltr'><strong><em>καταδεδεμένον</em></strong></span> <span class='ocrx_word' id='word_1_88' title='bbox 1173 1141 1277 1193; x_wconf 78' lang='grc' dir='ltr'>τούς</span> <span class='ocrx_word' id='word_1_89' title='bbox 1300 1139 1632 1199; x_wconf 71' lang='grc' dir='ltr'><strong><em>ὀφθαλμούς,65</em></strong></span> 
     </span>
    </p>
   </div>
   <div class='ocr_carea' id='block_1_13' title="bbox 313 1220 1578 1281">
    <p class='ocr_par' dir='ltr' id='par_1_13' title="bbox 313 1220 1578 1281">
     <span class='ocr_line' id='line_1_13' title="bbox 313 1220 1578 1281; baseline -0.002 -13"><span class='ocrx_word' id='word_1_90' title='bbox 313 1225 487 1281; x_wconf 79' lang='grc' dir='ltr'><strong><em>λέγουσι</em></strong></span> <span class='ocrx_word' id='word_1_91' title='bbox 525 1221 615 1267; x_wconf 82' lang='grc' dir='ltr'>ὑπὸ</span> <span class='ocrx_word' id='word_1_92' title='bbox 652 1222 733 1267; x_wconf 85' lang='grc' dir='ltr'>δύο</span> <span class='ocrx_word' id='word_1_93' title='bbox 773 1221 922 1266; x_wconf 84' lang='grc' dir='ltr'><strong><em>λύκων</em></strong></span> <span class='ocrx_word' id='word_1_94' title='bbox 969 1220 1156 1278; x_wconf 78' lang='grc' dir='ltr'><strong><em>ἄγεσθαι</em></strong></span> <span class='ocrx_word' id='word_1_95' title='bbox 1197 1221 1240 1272; x_wconf 76' lang='grc' dir='ltr'>ἐς</span> <span class='ocrx_word' id='word_1_96' title='bbox 1275 1220 1323 1266; x_wconf 82' lang='grc' dir='ltr'>τὸ</span> <span class='ocrx_word' id='word_1_97' title='bbox 1363 1220 1462 1278; x_wconf 85' lang='grc' dir='ltr'>ἷρόν</span> <span class='ocrx_word' id='word_1_98' title='bbox 1501 1226 1578 1279; x_wconf 82' lang='grc' dir='ltr'>τῆς</span> 
     </span>
    </p>
   </div>
   <div class='ocr_carea' id='block_1_14' title="bbox 257 1432 919 2941">
    <p class='ocr_par' dir='ltr' id='par_1_14' title="bbox 257 1432 919 2941">
     <span class='ocr_line' id='line_1_14' title="bbox 258 1432 914 1482; baseline -0.002 -13"><span class='ocrx_word' id='word_1_99' title='bbox 258 1433 365 1470; x_wconf 87' lang='lat' dir='ltr'>certis</span> <span class='ocrx_word' id='word_1_100' title='bbox 394 1432 479 1469; x_wconf 88' lang='lat' dir='ltr'>anni</span> <span class='ocrx_word' id='word_1_101' title='bbox 510 1432 672 1482; x_wconf 81' lang='lat' dir='ltr'>periodis</span> <span class='ocrx_word' id='word_1_102' title='bbox 700 1432 914 1482; x_wconf 84' lang='lat' dir='ltr'>reponenda</span> 
     </span>
     <span class='ocr_line' id='line_1_15' title="bbox 258 1489 915 1536; baseline 0 -10"><span class='ocrx_word' id='word_1_103' title='bbox 258 1493 295 1527; x_wconf 87' lang='lat' dir='ltr'>et</span> <span class='ocrx_word' id='word_1_104' title='bbox 315 1489 353 1525; x_wconf 91' lang='lat' dir='ltr'>in</span> <span class='ocrx_word' id='word_1_105' title='bbox 375 1490 472 1526; x_wconf 72' lang='lat' dir='ltr'>terra</span> <span class='ocrx_word' id='word_1_106' title='bbox 500 1489 710 1536; x_wconf 87' lang='lat' dir='ltr'>condenda,</span> <span class='ocrx_word' id='word_1_107' title='bbox 740 1501 824 1525; x_wconf 86' lang='lat' dir='ltr'>mox</span> <span class='ocrx_word' id='word_1_108' title='bbox 854 1501 915 1526; x_wconf 80' lang='lat' dir='ltr'>ve-</span> 
     </span>
     <span class='ocr_line' id='line_1_16' title="bbox 257 1544 914 1593; baseline -0.003 -11"><span class='ocrx_word' id='word_1_109' title='bbox 257 1558 320 1593; x_wconf 88' lang='lat' dir='ltr'>r0,</span> <span class='ocrx_word' id='word_1_110' title='bbox 349 1545 411 1582; x_wconf 91' lang='lat' dir='ltr'>ubi</span> <span class='ocrx_word' id='word_1_111' title='bbox 429 1546 560 1582; x_wconf 85' lang='lat' dir='ltr'>educta</span> <span class='ocrx_word' id='word_1_112' title='bbox 579 1559 598 1583; x_wconf 92' lang='lat' dir='ltr'>e</span> <span class='ocrx_word' id='word_1_113' title='bbox 617 1545 715 1582; x_wconf 62' lang='lat' dir='ltr'>terr-31</span> <span class='ocrx_word' id='word_1_114' title='bbox 743 1545 780 1581; x_wconf 90' lang='lat' dir='ltr'>in</span> <span class='ocrx_word' id='word_1_115' title='bbox 804 1544 914 1581; x_wconf 85' lang='lat' dir='ltr'>altum</span> 
     </span>
     <span class='ocr_line' id='line_1_17' title="bbox 258 1602 914 1651; baseline 0 -13"><span class='ocrx_word' id='word_1_116' title='bbox 258 1603 408 1639; x_wconf 82' lang='lat' dir='ltr'>creverit</span> <span class='ocrx_word' id='word_1_117' title='bbox 431 1606 467 1639; x_wconf 90' lang='lat' dir='ltr'>et</span> <span class='ocrx_word' id='word_1_118' title='bbox 490 1603 538 1638; x_wconf 88' lang='lat' dir='ltr'>ad</span> <span class='ocrx_word' id='word_1_119' title='bbox 567 1602 810 1638; x_wconf 81' lang='lat' dir='ltr'>maturitatem</span> <span class='ocrx_word' id='word_1_120' title='bbox 831 1614 914 1651; x_wconf 88' lang='lat' dir='ltr'>per-</span> 
     </span>
     <span class='ocr_line' id='line_1_18' title="bbox 258 1658 912 1707; baseline -0.002 -12"><span class='ocrx_word' id='word_1_121' title='bbox 258 1658 418 1704; x_wconf 81' lang='lat' dir='ltr'>venerit,</span> <span class='ocrx_word' id='word_1_122' title='bbox 442 1658 710 1703; x_wconf 72' lang='lat' dir='ltr'>consumenda3</span> <span class='ocrx_word' id='word_1_123' title='bbox 739 1670 833 1707; x_wconf 92' lang='lat' dir='ltr'>quae</span> <span class='ocrx_word' id='word_1_124' title='bbox 855 1670 912 1694; x_wconf 91' lang='lat' dir='ltr'>res</span> 
     </span>
     <span class='ocr_line' id='line_1_19' title="bbox 258 1714 915 1765; baseline -0.003 -13"><span class='ocrx_word' id='word_1_125' title='bbox 258 1727 325 1765; x_wconf 76' lang='lat' dir='ltr'>per</span> <span class='ocrx_word' id='word_1_126' title='bbox 343 1715 438 1751; x_wconf 80' lang='lat' dir='ltr'>lusus</span> <span class='ocrx_word' id='word_1_127' title='bbox 458 1714 670 1763; x_wconf 77' lang='lat' dir='ltr'>allegoriam</span> <span class='ocrx_word' id='word_1_128' title='bbox 681 1714 915 1763; x_wconf 82' lang='lat' dir='ltr'>significatur,</span> 
     </span>
     <span class='ocr_line' id='line_1_20' title="bbox 258 1770 915 1820; baseline -0.003 -13"><span class='ocrx_word' id='word_1_129' title='bbox 258 1771 296 1807; x_wconf 87' lang='lat' dir='ltr'>in</span> <span class='ocrx_word' id='word_1_130' title='bbox 336 1783 408 1819; x_wconf 87' lang='lat' dir='ltr'>quo</span> <span class='ocrx_word' id='word_1_131' title='bbox 438 1771 551 1808; x_wconf 91' lang='lat' dir='ltr'>Ceres</span> <span class='ocrx_word' id='word_1_132' title='bbox 593 1770 716 1820; x_wconf 90' lang='lat' dir='ltr'>(quae</span> <span class='ocrx_word' id='word_1_133' title='bbox 752 1771 915 1819; x_wconf 81' lang='lat' dir='ltr'>frugibus</span> 
     </span>
     <span class='ocr_line' id='line_1_21' title="bbox 258 1827 917 1876; baseline 0.002 -14"><span class='ocrx_word' id='word_1_134' title='bbox 258 1831 378 1863; x_wconf 75' lang='lat' dir='ltr'>terrae</span> <span class='ocrx_word' id='word_1_135' title='bbox 397 1828 678 1876; x_wconf 75' lang='lat' dir='ltr'>praeest)modo</span> <span class='ocrx_word' id='word_1_136' title='bbox 696 1827 818 1874; x_wconf 87' lang='lat' dir='ltr'>vincit,</span> <span class='ocrx_word' id='word_1_137' title='bbox 839 1839 917 1863; x_wconf 91' lang='lat' dir='ltr'>mo-</span> 
     </span>
     <span class='ocr_line' id='line_1_22' title="bbox 259 1883 918 1932; baseline -0.002 -12"><span class='ocrx_word' id='word_1_138' title='bbox 259 1883 309 1920; x_wconf 90' lang='lat' dir='ltr'>do</span> <span class='ocrx_word' id='word_1_139' title='bbox 339 1884 504 1920; x_wconf 84' lang='lat' dir='ltr'>vincitur.</span> <span class='ocrx_word' id='word_1_140' title='bbox 564 1883 695 1932; x_wconf 81' lang='lat' dir='ltr'>Neque</span> <span class='ocrx_word' id='word_1_141' title='bbox 728 1885 764 1919; x_wconf 92' lang='lat' dir='ltr'>in</span> <span class='ocrx_word' id='word_1_142' title='bbox 795 1883 918 1919; x_wconf 82' lang='lat' dir='ltr'>istius-</span> 
     </span>
     <span class='ocr_line' id='line_1_23' title="bbox 259 1939 917 1990; baseline 0 -15"><span class='ocrx_word' id='word_1_143' title='bbox 259 1939 359 1976; x_wconf 85' lang='lat' dir='ltr'>modi</span> <span class='ocrx_word' id='word_1_144' title='bbox 391 1939 521 1976; x_wconf 86' lang='lat' dir='ltr'>sabulis</span> <span class='ocrx_word' id='word_1_145' title='bbox 563 1939 651 1976; x_wconf 90' lang='lat' dir='ltr'>illud</span> <span class='ocrx_word' id='word_1_146' title='bbox 687 1939 917 1990; x_wconf 90' lang='lat' dir='ltr'>praetermit-</span> 
     </span>
     <span class='ocr_line' id='line_1_24' title="bbox 260 1995 918 2041; baseline 0.002 -10"><span class='ocrx_word' id='word_1_147' title='bbox 260 1995 411 2031; x_wconf 83' lang='lat' dir='ltr'>tendum</span> <span class='ocrx_word' id='word_1_148' title='bbox 432 1999 509 2041; x_wconf 79' lang='lat' dir='ltr'>est,</span> <span class='ocrx_word' id='word_1_149' title='bbox 535 2009 615 2033; x_wconf 88' lang='lat' dir='ltr'>cum</span> <span class='ocrx_word' id='word_1_150' title='bbox 635 1996 703 2032; x_wconf 85' lang='lat' dir='ltr'>hac</span> <span class='ocrx_word' id='word_1_151' title='bbox 723 1995 918 2032; x_wconf 86' lang='lat' dir='ltr'>tesseraria</span> 
     </span>
     <span class='ocr_line' id='line_1_25' title="bbox 260 2051 915 2100; baseline 0.002 -14"><span class='ocrx_word' id='word_1_152' title='bbox 260 2051 500 2099; x_wconf 77' lang='lat' dir='ltr'>agriculturae</span> <span class='ocrx_word' id='word_1_153' title='bbox 535 2051 799 2100; x_wconf 81' lang='lat' dir='ltr'>significatione</span> <span class='ocrx_word' id='word_1_154' title='bbox 829 2064 915 2088; x_wconf 92' lang='lat' dir='ltr'>con-</span> 
     </span>
     <span class='ocr_line' id='line_1_26' title="bbox 259 2107 917 2145; baseline 0 -2"><span class='ocrx_word' id='word_1_155' title='bbox 259 2108 419 2143; x_wconf 85' lang='lat' dir='ltr'>iunctam</span> <span class='ocrx_word' id='word_1_156' title='bbox 453 2108 556 2144; x_wconf 84' lang='lat' dir='ltr'>simul</span> <span class='ocrx_word' id='word_1_157' title='bbox 599 2121 682 2145; x_wconf 85' lang='lat' dir='ltr'>esse</span> <span class='ocrx_word' id='word_1_158' title='bbox 716 2107 917 2143; x_wconf 81' lang='lat' dir='ltr'>doctrinam</span> 
     </span>
     <span class='ocr_line' id='line_1_27' title="bbox 261 2163 919 2208; baseline 0.002 -10"><span class='ocrx_word' id='word_1_159' title='bbox 261 2164 309 2199; x_wconf 90' lang='lat' dir='ltr'>de</span> <span class='ocrx_word' id='word_1_160' title='bbox 329 2163 529 2199; x_wconf 88' lang='lat' dir='ltr'>animarum</span> <span class='ocrx_word' id='word_1_161' title='bbox 557 2163 836 2208; x_wconf 84' lang='lat' dir='ltr'>immortalitate,</span> <span class='ocrx_word' id='word_1_162' title='bbox 863 2164 919 2199; x_wconf 88' lang='lat' dir='ltr'>in-</span> 
     </span>
     <span class='ocr_line' id='line_1_28' title="bbox 261 2219 918 2268; baseline 0 -13"><span class='ocrx_word' id='word_1_163' title='bbox 261 2220 382 2267; x_wconf 83' lang='lat' dir='ltr'>deque</span> <span class='ocrx_word' id='word_1_164' title='bbox 402 2219 666 2267; x_wconf 82' lang='lat' dir='ltr'>explicandum,</span> <span class='ocrx_word' id='word_1_165' title='bbox 684 2219 784 2268; x_wconf 90' lang='lat' dir='ltr'>quod</span> <span class='ocrx_word' id='word_1_166' title='bbox 802 2219 918 2256; x_wconf 87' lang='lat' dir='ltr'>Ceres</span> 
     </span>
     <span class='ocr_line' id='line_1_29' title="bbox 261 2275 919 2324; baseline 0.003 -14"><span class='ocrx_word' id='word_1_167' title='bbox 261 2275 362 2323; x_wconf 85' lang='lat' dir='ltr'>apud</span> <span class='ocrx_word' id='word_1_168' title='bbox 399 2275 535 2310; x_wconf 85' lang='lat' dir='ltr'>inferos</span> <span class='ocrx_word' id='word_1_169' title='bbox 565 2288 712 2324; x_wconf 90' lang='lat' dir='ltr'>quoque</span> <span class='ocrx_word' id='word_1_170' title='bbox 740 2276 919 2324; x_wconf 87' lang='lat' dir='ltr'>imperare</span> 
     </span>
     <span class='ocr_line' id='line_1_30' title="bbox 262 2330 917 2379; baseline 0 -13"><span class='ocrx_word' id='word_1_171' title='bbox 262 2330 390 2366; x_wconf 88' lang='lat' dir='ltr'>dicitur</span> <span class='ocrx_word' id='word_1_172' title='bbox 408 2330 499 2377; x_wconf 76' lang='lat' dir='ltr'>(vid.</span> <span class='ocrx_word' id='word_1_173' title='bbox 519 2330 574 2377; x_wconf 90' lang='lat' dir='ltr'>ll,</span> <span class='ocrx_word' id='word_1_174' title='bbox 601 2333 680 2372; x_wconf 85' lang='grc'>123</span> <span class='ocrx_word' id='word_1_175' title='bbox 701 2331 786 2379; x_wconf 88' lang='lat' dir='ltr'>ibiq.</span> <span class='ocrx_word' id='word_1_176' title='bbox 808 2331 917 2378; x_wconf 90' lang='lat' dir='ltr'>not.).</span> 
     </span>
     <span class='ocr_line' id='line_1_31' title="bbox 262 2386 919 2434; baseline 0 -12"><span class='ocrx_word' id='word_1_177' title='bbox 262 2386 346 2429; x_wconf 89' lang='lat' dir='ltr'>Qua</span> <span class='ocrx_word' id='word_1_178' title='bbox 366 2386 413 2423; x_wconf 89' lang='lat' dir='ltr'>de</span> <span class='ocrx_word' id='word_1_179' title='bbox 434 2398 474 2423; x_wconf 92' lang='lat' dir='ltr'>re</span> <span class='ocrx_word' id='word_1_180' title='bbox 501 2399 595 2423; x_wconf 90' lang='lat' dir='ltr'>nunc</span> <span class='ocrx_word' id='word_1_181' title='bbox 625 2387 744 2424; x_wconf 83' lang='lat' dir='ltr'>dicere</span> <span class='ocrx_word' id='word_1_182' title='bbox 771 2386 919 2434; x_wconf 79' lang='lat' dir='ltr'>longum</span> 
     </span>
     <span class='ocr_line' id='line_1_32' title="bbox 262 2441 918 2488; baseline -0.003 -9"><span class='ocrx_word' id='word_1_183' title='bbox 262 2446 330 2479; x_wconf 86' lang='lat' dir='ltr'>est.</span> <span class='ocrx_word' id='word_1_184' title='bbox 387 2441 479 2478; x_wconf 87' lang='lat' dir='ltr'>Illud</span> <span class='ocrx_word' id='word_1_185' title='bbox 504 2455 590 2479; x_wconf 90' lang='lat' dir='ltr'>vero</span> <span class='ocrx_word' id='word_1_186' title='bbox 619 2444 795 2480; x_wconf 80' lang='lat' dir='ltr'>addamus</span> <span class='ocrx_word' id='word_1_187' title='bbox 826 2443 859 2478; x_wconf 94' lang='lat' dir='ltr'>h.</span> <span class='ocrx_word' id='word_1_188' title='bbox 882 2442 918 2488; x_wconf 90' lang='lat' dir='ltr'>l.,</span> 
     </span>
     <span class='ocr_line' id='line_1_33' title="bbox 263 2497 918 2548; baseline 0 -14"><span class='ocrx_word' id='word_1_189' title='bbox 263 2497 363 2547; x_wconf 90' lang='lat' dir='ltr'>quod</span> <span class='ocrx_word' id='word_1_190' title='bbox 384 2498 537 2548; x_wconf 87' lang='lat' dir='ltr'>protulit</span> <span class='ocrx_word' id='word_1_191' title='bbox 547 2499 763 2535; x_wconf 89' lang='lat' dir='ltr'>Grotefend.</span> <span class='ocrx_word' id='word_1_192' title='bbox 778 2499 816 2534; x_wconf 91' lang='lat' dir='ltr'>in</span> <span class='ocrx_word' id='word_1_193' title='bbox 827 2498 918 2534; x_wconf 62' lang='lat' dir='ltr'>Bot-</span> 
     </span>
     <span class='ocr_line' id='line_1_34' title="bbox 262 2553 917 2604; baseline 0.002 -14"><span class='ocrx_word' id='word_1_194' title='bbox 262 2554 369 2603; x_wconf 84' lang='lat' dir='ltr'>tiger.</span> <span class='ocrx_word' id='word_1_195' title='bbox 387 2553 543 2590; x_wconf 90' lang='lat' dir='ltr'>Amalth.</span> <span class='ocrx_word' id='word_1_196' title='bbox 564 2554 594 2591; x_wconf 88' lang='lat'>11</span> <span class='ocrx_word' id='word_1_197' title='bbox 614 2568 650 2604; x_wconf 90' lang='lat' dir='ltr'>p.</span> <span class='ocrx_word' id='word_1_198' title='bbox 671 2556 743 2601; x_wconf 83' lang='grc'>92,</span> <span class='ocrx_word' id='word_1_199' title='bbox 764 2554 801 2590; x_wconf 88' lang='lat' dir='ltr'>in</span> <span class='ocrx_word' id='word_1_200' title='bbox 823 2554 917 2591; x_wconf 78' lang='lat' dir='ltr'>vasis</span> 
     </span>
     <span class='ocr_line' id='line_1_35' title="bbox 263 2610 918 2661; baseline 0.002 -14"><span class='ocrx_word' id='word_1_201' title='bbox 263 2610 418 2658; x_wconf 90' lang='lat' dir='ltr'>aliisque</span> <span class='ocrx_word' id='word_1_202' title='bbox 445 2611 534 2646; x_wconf 87' lang='lat' dir='ltr'>artis</span> <span class='ocrx_word' id='word_1_203' title='bbox 556 2611 746 2661; x_wconf 85' lang='lat' dir='ltr'>operibus,</span> <span class='ocrx_word' id='word_1_204' title='bbox 778 2610 838 2647; x_wconf 90' lang='lat' dir='ltr'>ubi</span> <span class='ocrx_word' id='word_1_205' title='bbox 860 2623 918 2648; x_wconf 90' lang='lat' dir='ltr'>re-</span> 
     </span>
     <span class='ocr_line' id='line_1_36' title="bbox 262 2666 917 2717; baseline 0.002 -15"><span class='ocrx_word' id='word_1_206' title='bbox 262 2669 543 2717; x_wconf 82' lang='lat' dir='ltr'>praesentantur</span> <span class='ocrx_word' id='word_1_207' title='bbox 561 2680 620 2704; x_wconf 90' lang='lat' dir='ltr'>res</span> <span class='ocrx_word' id='word_1_208' title='bbox 641 2667 688 2703; x_wconf 88' lang='lat' dir='ltr'>ad</span> <span class='ocrx_word' id='word_1_209' title='bbox 717 2666 917 2703; x_wconf 89' lang='lat' dir='ltr'>animarum</span> 
     </span>
     <span class='ocr_line' id='line_1_37' title="bbox 265 2722 919 2772; baseline 0 -13"><span class='ocrx_word' id='word_1_210' title='bbox 265 2725 399 2759; x_wconf 87' lang='lat' dir='ltr'>statum</span> <span class='ocrx_word' id='word_1_211' title='bbox 422 2726 507 2771; x_wconf 88' lang='lat' dir='ltr'>post</span> <span class='ocrx_word' id='word_1_212' title='bbox 519 2723 628 2760; x_wconf 87' lang='lat' dir='ltr'>vitam</span> <span class='ocrx_word' id='word_1_213' title='bbox 644 2722 738 2759; x_wconf 88' lang='lat' dir='ltr'>hanc</span> <span class='ocrx_word' id='word_1_214' title='bbox 749 2727 919 2772; x_wconf 87' lang='lat' dir='ltr'>spectan-</span> 
     </span>
     <span class='ocr_line' id='line_1_38' title="bbox 263 2777 917 2824; baseline 0 -8"><span class='ocrx_word' id='word_1_215' title='bbox 263 2782 347 2824; x_wconf 84' lang='lat' dir='ltr'>tes,</span> <span class='ocrx_word' id='word_1_216' title='bbox 388 2777 490 2814; x_wconf 81' lang='lat' dir='ltr'>cubos</span> <span class='ocrx_word' id='word_1_217' title='bbox 516 2778 614 2816; x_wconf 88' lang='lat' dir='ltr'>haud</span> <span class='ocrx_word' id='word_1_218' title='bbox 641 2790 723 2815; x_wconf 87' lang='lat' dir='ltr'>raro</span> <span class='ocrx_word' id='word_1_219' title='bbox 752 2778 917 2816; x_wconf 87' lang='lat' dir='ltr'>adiectos</span> 
     </span>
     <span class='ocr_line' id='line_1_39' title="bbox 263 2833 918 2885; baseline -0.002 -13"><span class='ocrx_word' id='word_1_220' title='bbox 263 2833 415 2872; x_wconf 90' lang='lat' dir='ltr'>inveniri</span> <span class='ocrx_word' id='word_1_221' title='bbox 429 2846 501 2871; x_wconf 89' lang='lat' dir='ltr'>una</span> <span class='ocrx_word' id='word_1_222' title='bbox 519 2847 599 2872; x_wconf 90' lang='lat' dir='ltr'>cum</span> <span class='ocrx_word' id='word_1_223' title='bbox 621 2836 833 2885; x_wconf 72' lang='lat' dir='ltr'>quincunce5</span> <span class='ocrx_word' id='word_1_224' title='bbox 869 2835 918 2871; x_wconf 91' lang='lat' dir='ltr'>ad</span> 
     </span>
     <span class='ocr_line' id='line_1_40' title="bbox 264 2890 916 2941; baseline 0 -13"><span class='ocrx_word' id='word_1_225' title='bbox 264 2890 344 2929; x_wconf 89' lang='lat' dir='ltr'>illos</span> <span class='ocrx_word' id='word_1_226' title='bbox 377 2902 464 2928; x_wconf 92' lang='lat' dir='ltr'>vero</span> <span class='ocrx_word' id='word_1_227' title='bbox 492 2891 570 2929; x_wconf 88' lang='lat' dir='ltr'>dies</span> <span class='ocrx_word' id='word_1_228' title='bbox 600 2891 783 2941; x_wconf 86' lang='lat' dir='ltr'>quinque,</span> <span class='ocrx_word' id='word_1_229' title='bbox 823 2903 916 2940; x_wconf 91' lang='lat' dir='ltr'>quos</span> 
     </span>
    </p>
   </div>
   <div class='ocr_carea' id='block_1_15' title="bbox 981 1430 1643 2941">
    <p class='ocr_par' dir='ltr' id='par_1_15' title="bbox 981 1430 1635 1595">
     <span class='ocr_line' id='line_1_41' title="bbox 982 1430 1635 1481; baseline -0.002 -13"><span class='ocrx_word' id='word_1_230' title='bbox 982 1430 1186 1468; x_wconf 87' lang='lat' dir='ltr'>Mercurius</span> <span class='ocrx_word' id='word_1_231' title='bbox 1223 1443 1289 1480; x_wconf 89' lang='lat' dir='ltr'>per</span> <span class='ocrx_word' id='word_1_232' title='bbox 1324 1430 1440 1468; x_wconf 90' lang='lat' dir='ltr'>lusum</span> <span class='ocrx_word' id='word_1_233' title='bbox 1479 1431 1635 1481; x_wconf 88' lang='lat' dir='ltr'>acquisi-</span> 
     </span>
     <span class='ocr_line' id='line_1_42' title="bbox 982 1488 1634 1537; baseline 0.005 -13"><span class='ocrx_word' id='word_1_234' title='bbox 982 1489 1079 1525; x_wconf 88' lang='lat' dir='ltr'>visse</span> <span class='ocrx_word' id='word_1_235' title='bbox 1110 1488 1274 1534; x_wconf 85' lang='lat' dir='ltr'>dicatur‚</span> <span class='ocrx_word' id='word_1_236' title='bbox 1304 1492 1470 1537; x_wconf 88' lang='lat' dir='ltr'>spectare</span> <span class='ocrx_word' id='word_1_237' title='bbox 1496 1502 1634 1527; x_wconf 85' lang='grc' dir='ltr'><strong><em>πεντα-</em></strong></span> 
     </span>
     <span class='ocr_line' id='line_1_43' title="bbox 981 1539 1635 1595; baseline -0.003 -12"><span class='ocrx_word' id='word_1_238' title='bbox 981 1544 1125 1590; x_wconf 82' lang='grc' dir='ltr'><strong><em>λίθους</em></strong></span> <span class='ocrx_word' id='word_1_239' title='bbox 1145 1547 1181 1580; x_wconf 93' lang='lat' dir='ltr'>et</span> <span class='ocrx_word' id='word_1_240' title='bbox 1200 1540 1325 1582; x_wconf 76' lang='grc' dir='ltr'><strong><em>πεσσοέ</em></strong></span> <span class='ocrx_word' id='word_1_241' title='bbox 1340 1539 1635 1595; x_wconf 70' lang='grc' dir='ltr'><strong><em>πεντάγραμμα.</em></strong></span> 
     </span>
    </p>

    <p class='ocr_par' dir='ltr' id='par_1_16' title="bbox 982 1594 1643 2825">
     <span class='ocr_line' id='line_1_44' title="bbox 1039 1594 1636 1651; baseline 0 -13"><span class='ocrx_word' id='word_1_242' title='bbox 1039 1602 1169 1650; x_wconf 77' lang='grc' dir='ltr'><strong><em>φᾶρος</em></strong></span> <span class='ocrx_word' id='word_1_243' title='bbox 1188 1597 1229 1638; x_wconf 78' lang='grc' dir='ltr'>δὲ</span> <span class='ocrx_word' id='word_1_244' title='bbox 1249 1594 1470 1651; x_wconf 76' lang='grc' dir='ltr'><strong><em>αὕτημερόν</em></strong></span> <span class='ocrx_word' id='word_1_245' title='bbox 1490 1596 1636 1650; x_wconf 76' lang='grc' dir='ltr'>ἐξυφή-</span> 
     </span>
     <span class='ocr_line' id='line_1_45' title="bbox 982 1656 1638 1707; baseline -0.003 -11"><span class='ocrx_word' id='word_1_246' title='bbox 982 1656 1138 1707; x_wconf 67' lang='grc' dir='ltr'><strong><em>ναντες]</em></strong></span> <span class='ocrx_word' id='word_1_247' title='bbox 1166 1657 1350 1694; x_wconf 81' lang='lat' dir='ltr'>Tractavit</span> <span class='ocrx_word' id='word_1_248' title='bbox 1370 1657 1459 1694; x_wconf 89' lang='lat' dir='ltr'>haec</span> <span class='ocrx_word' id='word_1_249' title='bbox 1478 1657 1638 1695; x_wconf 78' lang='lat' dir='ltr'>Creuze-</span> 
     </span>
     <span class='ocr_line' id='line_1_46' title="bbox 983 1711 1636 1763; baseline 0 -13"><span class='ocrx_word' id='word_1_250' title='bbox 983 1727 1045 1751; x_wconf 90' lang='lat' dir='ltr'>rus</span> <span class='ocrx_word' id='word_1_251' title='bbox 1078 1712 1240 1761; x_wconf 75' lang='lat' dir='ltr'>Symbol.</span> <span class='ocrx_word' id='word_1_252' title='bbox 1272 1712 1323 1749; x_wconf 93' lang='lat' dir='ltr'>IV</span> <span class='ocrx_word' id='word_1_253' title='bbox 1342 1726 1426 1763; x_wconf 82' lang='lat' dir='ltr'>pag.</span> <span class='ocrx_word' id='word_1_254' title='bbox 1447 1717 1528 1755; x_wconf 89' lang='grc'>229</span> <span class='ocrx_word' id='word_1_255' title='bbox 1549 1711 1636 1762; x_wconf 79' lang='lat' dir='ltr'>seq.</span> 
     </span>
     <span class='ocr_line' id='line_1_47' title="bbox 982 1769 1640 1818; baseline -0.002 -11"><span class='ocrx_word' id='word_1_256' title='bbox 982 1769 1053 1807; x_wconf 85' lang='lat' dir='ltr'>Est</span> <span class='ocrx_word' id='word_1_257' title='bbox 1091 1769 1187 1807; x_wconf 90' lang='lat' dir='ltr'>enim</span> <span class='ocrx_word' id='word_1_258' title='bbox 1222 1769 1279 1805; x_wconf 86' lang='lat' dir='ltr'>hie</span> <span class='ocrx_word' id='word_1_259' title='bbox 1312 1782 1459 1818; x_wconf 91' lang='lat' dir='ltr'>quoque</span> <span class='ocrx_word' id='word_1_260' title='bbox 1495 1774 1640 1807; x_wconf 83' lang='lat' dir='ltr'>textura</span> 
     </span>
     <span class='ocr_line' id='line_1_48' title="bbox 983 1825 1639 1874; baseline -0.003 -11"><span class='ocrx_word' id='word_1_261' title='bbox 983 1826 1175 1863; x_wconf 85' lang='lat' dir='ltr'>tesseraria</span> <span class='ocrx_word' id='word_1_262' title='bbox 1193 1825 1427 1874; x_wconf 86' lang='lat' dir='ltr'>intelligenda</span> <span class='ocrx_word' id='word_1_263' title='bbox 1439 1855 1449 1872; x_wconf 95' lang='lat'>,</span> <span class='ocrx_word' id='word_1_264' title='bbox 1468 1838 1541 1874; x_wconf 88' lang='lat' dir='ltr'>qua</span> <span class='ocrx_word' id='word_1_265' title='bbox 1561 1838 1639 1863; x_wconf 88' lang='lat' dir='ltr'>sor-</span> 
     </span>
     <span class='ocr_line' id='line_1_49' title="bbox 984 1882 1640 1931; baseline 0 -12"><span class='ocrx_word' id='word_1_266' title='bbox 984 1887 1039 1919; x_wconf 88' lang='lat' dir='ltr'>tes</span> <span class='ocrx_word' id='word_1_267' title='bbox 1059 1883 1237 1919; x_wconf 84' lang='lat' dir='ltr'>humanae</span> <span class='ocrx_word' id='word_1_268' title='bbox 1252 1883 1346 1919; x_wconf 81' lang='lat' dir='ltr'>vitae</span> <span class='ocrx_word' id='word_1_269' title='bbox 1367 1882 1513 1918; x_wconf 79' lang='lat' dir='ltr'>orientis</span> <span class='ocrx_word' id='word_1_270' title='bbox 1530 1886 1640 1931; x_wconf 85' lang='lat' dir='ltr'>atque</span> 
     </span>
     <span class='ocr_line' id='line_1_50' title="bbox 984 1938 1640 1985; baseline -0.002 -10"><span class='ocrx_word' id='word_1_271' title='bbox 984 1939 1222 1985; x_wconf 85' lang='lat' dir='ltr'>intereuntis,</span> <span class='ocrx_word' id='word_1_272' title='bbox 1253 1939 1450 1976; x_wconf 85' lang='lat' dir='ltr'>occidentis</span> <span class='ocrx_word' id='word_1_273' title='bbox 1479 1951 1520 1975; x_wconf 87' lang='lat' dir='ltr'>ac</span> <span class='ocrx_word' id='word_1_274' title='bbox 1548 1938 1640 1976; x_wconf 89' lang='lat' dir='ltr'>revi-</span> 
     </span>
     <span class='ocr_line' id='line_1_51' title="bbox 983 1995 1641 2044; baseline -0.003 -12"><span class='ocrx_word' id='word_1_275' title='bbox 983 1996 1175 2042; x_wconf 76' lang='lat' dir='ltr'>viscentis,</span> <span class='ocrx_word' id='word_1_276' title='bbox 1206 1995 1301 2031; x_wconf 81' lang='lat' dir='ltr'>vitae</span> <span class='ocrx_word' id='word_1_277' title='bbox 1330 2007 1372 2031; x_wconf 90' lang='lat' dir='ltr'>ac</span> <span class='ocrx_word' id='word_1_278' title='bbox 1402 1995 1528 2031; x_wconf 88' lang='lat' dir='ltr'>mortis</span> <span class='ocrx_word' id='word_1_279' title='bbox 1557 2007 1641 2044; x_wconf 87' lang='lat' dir='ltr'>per-</span> 
     </span>
     <span class='ocr_line' id='line_1_52' title="bbox 984 2050 1639 2102; baseline -0.002 -15"><span class='ocrx_word' id='word_1_280' title='bbox 984 2056 1095 2102; x_wconf 87' lang='lat' dir='ltr'>petuo</span> <span class='ocrx_word' id='word_1_281' title='bbox 1128 2051 1233 2100; x_wconf 82' lang='lat' dir='ltr'>quasi</span> <span class='ocrx_word' id='word_1_282' title='bbox 1273 2051 1383 2097; x_wconf 89' lang='lat' dir='ltr'>orbe,</span> <span class='ocrx_word' id='word_1_283' title='bbox 1425 2050 1639 2087; x_wconf 90' lang='lat' dir='ltr'>indicantur.</span> 
     </span>
     <span class='ocr_line' id='line_1_53' title="bbox 987 2106 1641 2156; baseline -0.002 -13"><span class='ocrx_word' id='word_1_284' title='bbox 987 2108 1098 2151; x_wconf 84' lang='lat' dir='ltr'>Quod</span> <span class='ocrx_word' id='word_1_285' title='bbox 1131 2108 1173 2143; x_wconf 88' lang='lat' dir='ltr'>iis</span> <span class='ocrx_word' id='word_1_286' title='bbox 1201 2107 1432 2156; x_wconf 87' lang='lat' dir='ltr'>perspicuum</span> <span class='ocrx_word' id='word_1_287' title='bbox 1459 2107 1548 2153; x_wconf 88' lang='lat' dir='ltr'>erit,</span> <span class='ocrx_word' id='word_1_288' title='bbox 1578 2106 1641 2155; x_wconf 90' lang='lat' dir='ltr'>qui</span> 
     </span>
     <span class='ocr_line' id='line_1_54' title="bbox 986 2164 1640 2212; baseline 0.003 -14"><span class='ocrx_word' id='word_1_289' title='bbox 986 2176 1059 2212; x_wconf 89' lang='lat' dir='ltr'>quo</span> <span class='ocrx_word' id='word_1_290' title='bbox 1091 2176 1199 2200; x_wconf 86' lang='lat' dir='ltr'>sensu</span> <span class='ocrx_word' id='word_1_291' title='bbox 1231 2164 1323 2200; x_wconf 89' lang='lat' dir='ltr'>deae</span> <span class='ocrx_word' id='word_1_292' title='bbox 1350 2167 1489 2199; x_wconf 77' lang='lat' dir='ltr'>veteres</span> <span class='ocrx_word' id='word_1_293' title='bbox 1518 2166 1640 2200; x_wconf 81' lang='lat' dir='ltr'>texere</span> 
     </span>
     <span class='ocr_line' id='line_1_55' title="bbox 986 2219 1640 2269; baseline -0.003 -13"><span class='ocrx_word' id='word_1_294' title='bbox 986 2223 1049 2256; x_wconf 90' lang='lat' dir='ltr'>aut</span> <span class='ocrx_word' id='word_1_295' title='bbox 1069 2222 1236 2256; x_wconf 84' lang='lat' dir='ltr'>texturae</span> <span class='ocrx_word' id='word_1_296' title='bbox 1258 2231 1431 2269; x_wconf 86' lang='lat' dir='ltr'>praeesse</span> <span class='ocrx_word' id='word_1_297' title='bbox 1462 2219 1640 2266; x_wconf 84' lang='lat' dir='ltr'>dicantur,</span> 
     </span>
     <span class='ocr_line' id='line_1_56' title="bbox 985 2275 1640 2325; baseline 0 -14"><span class='ocrx_word' id='word_1_298' title='bbox 985 2276 1248 2325; x_wconf 84' lang='lat' dir='ltr'>perspexerint.</span> <span class='ocrx_word' id='word_1_299' title='bbox 1319 2275 1426 2311; x_wconf 75' lang='lat' dir='ltr'>cons.</span> <span class='ocrx_word' id='word_1_300' title='bbox 1468 2275 1640 2311; x_wconf 90' lang='lat' dir='ltr'>Creuzer.</span> 
     </span>
     <span class='ocr_line' id='line_1_57' title="bbox 985 2329 1642 2381; baseline 0.002 -14"><span class='ocrx_word' id='word_1_301' title='bbox 985 2330 1008 2367; x_wconf 92' lang='lat' dir='ltr'>l.</span> <span class='ocrx_word' id='word_1_302' title='bbox 1032 2330 1056 2366; x_wconf 94' lang='lat' dir='ltr'>l.</span> <span class='ocrx_word' id='word_1_303' title='bbox 1078 2330 1109 2366; x_wconf 90' lang='grc' dir='ltr'>ΙΙ</span> <span class='ocrx_word' id='word_1_304' title='bbox 1129 2344 1213 2381; x_wconf 83' lang='lat' dir='ltr'>pag.</span> <span class='ocrx_word' id='word_1_305' title='bbox 1232 2332 1320 2372; x_wconf 87' lang='lat'>118.</span> <span class='ocrx_word' id='word_1_306' title='bbox 1344 2332 1422 2371; x_wconf 87' lang='lat'>119</span> <span class='ocrx_word' id='word_1_307' title='bbox 1444 2330 1530 2367; x_wconf 88' lang='lat' dir='ltr'>ibid.</span> <span class='ocrx_word' id='word_1_308' title='bbox 1587 2329 1642 2368; x_wconf 88' lang='lat' dir='ltr'>Ac</span> 
     </span>
     <span class='ocr_line' id='line_1_58' title="bbox 987 2386 1642 2435; baseline 0.003 -13"><span class='ocrx_word' id='word_1_309' title='bbox 987 2386 1146 2434; x_wconf 87' lang='lat' dir='ltr'>denique</span> <span class='ocrx_word' id='word_1_310' title='bbox 1188 2387 1295 2424; x_wconf 83' lang='lat' dir='ltr'>etiam</span> <span class='ocrx_word' id='word_1_311' title='bbox 1326 2386 1562 2435; x_wconf 81' lang='lat' dir='ltr'>cogitandum</span> <span class='ocrx_word' id='word_1_312' title='bbox 1593 2387 1642 2424; x_wconf 89' lang='lat' dir='ltr'>de</span> 
     </span>
     <span class='ocr_line' id='line_1_59' title="bbox 987 2443 1643 2492; baseline 0.003 -14"><span class='ocrx_word' id='word_1_313' title='bbox 987 2447 1139 2490; x_wconf 84' lang='lat' dir='ltr'>segete,</span> <span class='ocrx_word' id='word_1_314' title='bbox 1179 2443 1373 2491; x_wconf 85' lang='lat' dir='ltr'>quotannis</span> <span class='ocrx_word' id='word_1_315' title='bbox 1406 2443 1482 2480; x_wconf 86' lang='lat' dir='ltr'>fere</span> <span class='ocrx_word' id='word_1_316' title='bbox 1509 2456 1643 2492; x_wconf 82' lang='lat' dir='ltr'>prove-</span> 
     </span>
     <span class='ocr_line' id='line_1_60' title="bbox 985 2499 1640 2547; baseline 0.003 -13"><span class='ocrx_word' id='word_1_317' title='bbox 985 2499 1109 2535; x_wconf 87' lang='lat' dir='ltr'>niente</span> <span class='ocrx_word' id='word_1_318' title='bbox 1129 2503 1238 2547; x_wconf 86' lang='lat' dir='ltr'>atque</span> <span class='ocrx_word' id='word_1_319' title='bbox 1256 2499 1479 2545; x_wconf 86' lang='lat' dir='ltr'>intereunte,</span> <span class='ocrx_word' id='word_1_320' title='bbox 1509 2500 1640 2536; x_wconf 90' lang='lat' dir='ltr'>eodem</span> 
     </span>
     <span class='ocr_line' id='line_1_61' title="bbox 985 2555 1641 2604; baseline 0 -13"><span class='ocrx_word' id='word_1_321' title='bbox 985 2559 1164 2604; x_wconf 84' lang='lat' dir='ltr'>perpetuo</span> <span class='ocrx_word' id='word_1_322' title='bbox 1213 2555 1316 2603; x_wconf 86' lang='lat' dir='ltr'>quasi</span> <span class='ocrx_word' id='word_1_323' title='bbox 1363 2555 1505 2592; x_wconf 84' lang='lat' dir='ltr'>circulo.</span> <span class='ocrx_word' id='word_1_324' title='bbox 1585 2555 1641 2591; x_wconf 87' lang='lat' dir='ltr'>lta</span> 
     </span>
     <span class='ocr_line' id='line_1_62' title="bbox 986 2610 1642 2658; baseline -0.002 -10"><span class='ocrx_word' id='word_1_325' title='bbox 986 2610 1084 2648; x_wconf 89' lang='lat' dir='ltr'>enim</span> <span class='ocrx_word' id='word_1_326' title='bbox 1111 2610 1372 2658; x_wconf 83' lang='lat' dir='ltr'>intelligemus,</span> <span class='ocrx_word' id='word_1_327' title='bbox 1413 2624 1475 2647; x_wconf 90' lang='lat' dir='ltr'>cur</span> <span class='ocrx_word' id='word_1_328' title='bbox 1499 2611 1642 2648; x_wconf 78' lang='lat' dir='ltr'>mantile</span> 
     </span>
     <span class='ocr_line' id='line_1_63' title="bbox 986 2666 1642 2717; baseline 0.005 -15"><span class='ocrx_word' id='word_1_329' title='bbox 986 2679 1131 2703; x_wconf 82' lang='lat' dir='ltr'>aureum</span> <span class='ocrx_word' id='word_1_330' title='bbox 1146 2666 1399 2717; x_wconf 81' lang='lat' dir='ltr'>Rhampsinito</span> <span class='ocrx_word' id='word_1_331' title='bbox 1415 2667 1557 2704; x_wconf 88' lang='lat' dir='ltr'>dederit</span> <span class='ocrx_word' id='word_1_332' title='bbox 1567 2668 1642 2705; x_wconf 87' lang='lat' dir='ltr'>Ce-</span> 
     </span>
     <span class='ocr_line' id='line_1_64' title="bbox 985 2723 1642 2772; baseline 0.002 -13"><span class='ocrx_word' id='word_1_333' title='bbox 985 2735 1068 2770; x_wconf 86' lang='lat' dir='ltr'>res,</span> <span class='ocrx_word' id='word_1_334' title='bbox 1115 2723 1247 2772; x_wconf 82' lang='lat' dir='ltr'>pignus</span> <span class='ocrx_word' id='word_1_335' title='bbox 1277 2724 1380 2771; x_wconf 86' lang='lat' dir='ltr'>quasi</span> <span class='ocrx_word' id='word_1_336' title='bbox 1413 2725 1547 2771; x_wconf 85' lang='lat' dir='ltr'>segetis</span> <span class='ocrx_word' id='word_1_337' title='bbox 1577 2736 1642 2760; x_wconf 88' lang='lat' dir='ltr'>au-</span> 
     </span>
     <span class='ocr_line' id='line_1_65' title="bbox 986 2779 1640 2825; baseline 0.002 -10"><span class='ocrx_word' id='word_1_338' title='bbox 986 2790 1094 2825; x_wconf 90' lang='lat' dir='ltr'>reae,</span> <span class='ocrx_word' id='word_1_339' title='bbox 1124 2792 1145 2815; x_wconf 90' lang='lat' dir='ltr'>e</span> <span class='ocrx_word' id='word_1_340' title='bbox 1173 2779 1269 2815; x_wconf 72' lang='lat' dir='ltr'>terra</span> <span class='ocrx_word' id='word_1_341' title='bbox 1297 2792 1379 2815; x_wconf 86' lang='lat' dir='ltr'>mox</span> <span class='ocrx_word' id='word_1_342' title='bbox 1408 2780 1640 2817; x_wconf 85' lang='lat' dir='ltr'>emittendae.</span> 
     </span>
    </p>

    <p class='ocr_par' dir='ltr' id='par_1_17' title="bbox 988 2830 1640 2941">
     <span class='ocr_line' id='line_1_66' title="bbox 1044 2830 1640 2887; baseline 0.005 -15"><span class='ocrx_word' id='word_1_343' title='bbox 1044 2832 1200 2882; x_wconf 79' lang='grc' dir='ltr'><strong><em>λέγουσι</em></strong></span> <span class='ocrx_word' id='word_1_344' title='bbox 1216 2831 1298 2873; x_wconf 74' lang='grc' dir='ltr'>ὖπό</span> <span class='ocrx_word' id='word_1_345' title='bbox 1317 2830 1391 2874; x_wconf 79' lang='grc' dir='ltr'>δύο</span> <span class='ocrx_word' id='word_1_346' title='bbox 1409 2830 1542 2874; x_wconf 76' lang='grc' dir='ltr'><strong><em>λύκων</em></strong></span> <span class='ocrx_word' id='word_1_347' title='bbox 1555 2832 1640 2887; x_wconf 70' lang='grc' dir='ltr'><strong><em>ἄγε-</em></strong></span> 
     </span>
     <span class='ocr_line' id='line_1_67' title="bbox 988 2888 1640 2941; baseline -0.003 -10"><span class='ocrx_word' id='word_1_348' title='bbox 988 2888 1101 2941; x_wconf 82' lang='grc' dir='ltr'><strong><em>σθαι]</em></strong></span> <span class='ocrx_word' id='word_1_349' title='bbox 1131 2890 1189 2929; x_wconf 90' lang='lat' dir='ltr'>De</span> <span class='ocrx_word' id='word_1_350' title='bbox 1207 2904 1280 2940; x_wconf 92' lang='lat' dir='ltr'>quo</span> <span class='ocrx_word' id='word_1_351' title='bbox 1307 2891 1386 2929; x_wconf 90' lang='lat' dir='ltr'>loco</span> <span class='ocrx_word' id='word_1_352' title='bbox 1407 2891 1496 2929; x_wconf 86' lang='lat' dir='ltr'>haee</span> <span class='ocrx_word' id='word_1_353' title='bbox 1523 2892 1640 2929; x_wconf 89' lang='lat' dir='ltr'>disse-</span> 
     </span>
    </p>
   </div>
  </div>
 </body>
</html>
