1759 3324
348 276 434 316 686

766 276 1239 316 HERODOTI

349 382 540 440 ρομένου
569 383 612 428 δέ
643 401 723 441 μευ
755 385 780 430 ὅ
814 404 854 429 τι
884 398 960 441 σφι
991 386 1196 443 μούνοισι
1227 388 1336 431 ἔωθε
1367 385 1390 430 ὁ
1424 384 1614 441 Περσεύς

349 465 682 520 ἐπιφαίνεσθαι,
712 466 786 509 καὶ
816 465 841 509 ὅ
873 484 914 510 τι
943 470 1224 522 κεχωρίδαται
1255 468 1508 524 Αἰγυπτίων
1525 471 1615 509 τῶν

348 544 493 588 ἄλλων
503 575 512 592 ,

575 543 725 600 ἀγῶνα
761 545 977 600 γυμνικὸν
1017 548 1230 600 τιθέντες,
1287 548 1456 604 ἔφασαν
1501 545 1616 597 »τὸν

346 656 372 675 ,,
386 624 554 677 Περσέα
584 623 631 666 ἐκ
660 627 735 679 τῆς
767 623 941 668 ἑωυτῶν
969 625 1122 678 πόλιος
1152 628 1396 683 γεγονέναι·
1428 625 1506 669 τὸν
1525 624 1611 681 γοέρ

346 703 565 755 ,,Δαναὸν
595 702 669 745 καὶ
708 703 787 745 τὸν
825 704 1025 759 Λυγκέα,
1075 704 1226 758 ἐόντας
1259 708 1497 762 Χεμμίτας,
1540 705 1610 748 ἐκ·
1627 711 1670 744 10

314 785 550 833 7,,πλῶσαι
581 781 624 833 ἐς
662 780 743 836 τὴν
766 781 990 825 “Ελλάδα.“
1049 781 1136 828 ἀπὸ
1178 785 1223 828 δὲ
1261 783 1429 828 τούτων
1464 801 1612 840 γενεη-

317 860 595 916 8λογέοντες,
635 861 899 916 κατέβαινον
938 861 982 911 ἐς
1020 863 1099 906 τὸν
1129 864 1313 916 Περσέα.

1372 897 1396 915 ,,
1407 861 1614 919 ἀπικόμε-

343 956 461 991 ,,νον
491 940 537 983 δὲ
568 939 706 983 αὐτὸν
742 939 785 991 ές
822 942 1067 995 Αἴγυπτον,
1105 940 1202 985 κατ’
1245 943 1387 998 αἰτίην
1425 941 1505 998 τὴν
1541 942 1614 985 καὶ

344 1017 566 1074 ,ξΈλληνες
595 1019 798 1074 λέγουσι,
829 1022 1007 1063 οἴσοντα
1036 1021 1082 1064 ἐκ
1111 1021 1280 1078 Λιβύης
1303 1022 1382 1078 τὴν
1413 1024 1615 1077 Γοργοῦς

344 1097 577 1154 ,,κεφαλην
616 1099 807 1155 ἔφασαν,
867 1100 1011 1144 ἐλθεῖν
1050 1101 1123 1144 καὶ
1172 1100 1291 1156 παρὰ
1331 1101 1486 1158 σφέας,
1539 1100 1612 1144 καὶ

344 1210 368 1229 „
382 1175 635 1233 ἀναγνῶναι
663 1178 767 1231 τοὺς
798 1180 1029 1236 συγγενέας
1059 1180 1248 1232 πάντας·
1282 1177 1614 1236 ἐκμεμαθηκότα
1626 1186 1668 1220 15

343 1257 427 1308 ,,δέ
465 1274 541 1312 μιν
581 1256 815 1302 ἀπικέσθαι
861 1259 904 1310 ἐς
948 1261 1174 1315 Αἴγυπτον
1216 1260 1264 1304 τό
1305 1265 1379 1316 τῆς
1418 1259 1611 1315 Χέμμιος

343 1334 574 1392 ,,οὔνομα,
606 1340 885 1395 πεπυσμένον
918 1340 1036 1393 παρὰ
1065 1344 1140 1392 τῆς
1169 1338 1357 1397 μητρός·
1391 1338 1538 1396 ἀγῶνα
1565 1337 1611 1382 δέ

343 1448 367 1467 ,,
380 1417 424 1458 οἱ
449 1415 690 1472 γυμνικόν,
723 1417 863 1463 αὐτοῦ
892 1419 1197 1472 κελεύσαντος,
1225 1419 1495 1463 έπιτελέειν.“

286 1636 323 1670 et
353 1636 495 1671 veteres
527 1637 563 1671 et
591 1636 812 1672 recentiores
832 1636 943 1674 inter-

284 1694 419 1740 pretes,
479 1689 594 1727 Pelles
619 1691 812 1729 victoribus
838 1694 942 1730 datas

284 1745 340 1783 vel
365 1746 548 1784 Homerus
576 1749 711 1798 probat
751 1749 790 1785 Il.
820 1749 941 1798 XXII,

286 1803 385 1849 159,
416 1804 477 1840 ubi
497 1804 568 1853 leg.
586 1805 777 1843 Scholiast.
808 1806 939 1857 Depe-

285 1859 431 1896 cudibus
450 1873 508 1898 res
525 1865 625 1898 nota.

339 1971 407 2013 καὶ
442 1970 502 2014 ’ὅτι
527 1973 785 2025 κεχωρίδαται
814 1974 943 2027 Αἰγυ-

283 2031 411 2069 πτίων
441 2033 520 2069 τῶν
552 2028 717 2081 ἄλλων]
757 2031 780 2068 i.
807 2045 837 2069 e.
881 2045 942 2069 cur

284 2089 437 2124 seiuncti
456 2090 527 2124 sint
543 2090 580 2124 in
599 2100 635 2123 eo
655 2101 677 2124 a
691 2089 811 2124 ceteris
821 2088 941 2139 Aegy-

279 2145 394 2194 ptiis,
426 2143 517 2193 quod
542 2147 723 2193 gymnicos
754 2145 854 2181 ludos
884 2148 941 2181 in-

284 2202 437 2236 stituant
458 2213 486 2237 s.
506 2213 568 2236 cur
589 2200 651 2236 hoc
663 2201 845 2248 singulare
854 2215 943 2251 prae

285 2258 406 2293 ceteris
422 2256 610 2306 Aegyptiis
631 2255 800 2303 habeant,
824 2262 862 2294 ut
873 2271 943 2308 gy-

283 2315 414 2349 mnicos
433 2312 532 2348 ludos
548 2315 750 2351 instituant.
804 2314 864 2351 Sic
881 2328 942 2352 κε-

284 2369 498 2421 χωρίδαται
516 2368 553 2416 Ι,
574 2369 666 2410 140.

342 2479 603 2521 ἐκπλῶσαι
632 2479 672 2527 ἐς
704 2477 777 2531 τήν
811 2475 944 2519 Ἐλλά-

285 2537 360 2590 δα]
400 2538 458 2576 De
480 2539 596 2575 forma
621 2535 818 2576 ἐκπλῶσαι
845 2538 941 2575 conf.

286 2595 316 2643 I,
330 2594 395 2637 24.
426 2594 484 2632 De
503 2593 758 2644 καταβαίνειν
779 2594 816 2630 in
837 2607 940 2643 seqq.

286 2650 505 2700 (descendere
534 2651 571 2686 in
609 2650 802 2697 oratione,
853 2651 939 2688 inde

282 2706 471 2758 progredi,
495 2707 658 2756 pergere)
699 2707 793 2743 conf.
828 2705 866 2753 Ι,
884 2709 938 2748 90

285 2765 373 2814 ibiq.
393 2767 468 2801 not.
489 2784 544 2791 --
574 2763 615 2799 ln
639 2775 741 2812 seqq.
758 2757 938 2814 α’ναγνῶ·

285 2835 355 2860 ναι
378 2824 453 2858 est:
484 2821 688 2868 agnovisse3
727 2831 798 2869 quo
829 2831 938 2856 sensu

285 2877 466 2914 invenitur
495 2871 717 2930 ἀνάγνωσις
753 2888 865 2928 supra
907 2874 938 2924 1,

288 2935 382 2976 116.

1067 1632 1110 1675 τὸ
1151 1637 1221 1685 τῆς
1260 1632 1436 1685 Χέμμιος
1485 1629 1665 1684 οὕνομα]

1010 1691 1230 1743 Recepimus
1250 1691 1575 1741 interpunctionem
1600 1689 1669 1726 mi-

1011 1763 1139 1786 norem
1163 1753 1246 1799 post
1275 1749 1410 1785 haecce
1428 1748 1564 1794 verba,
1594 1758 1667 1795 quo

1011 1806 1233 1855 intelligatur
1261 1818 1303 1842 ea
1330 1804 1514 1855 pertinere
1535 1804 1583 1840 ad
1602 1815 1669 1839 an-

1011 1864 1183 1901 tecedens
1206 1856 1520 1912 ἐκμεμαθηκότα,
1538 1871 1666 1908 quam-

1012 1932 1120 1968 quam
1143 1924 1263 1957 mente
1284 1922 1390 1956 erunt
1401 1916 1603 1967 repetenda
1617 1915 1666 1952 ad

1010 1974 1345 2025 πεπυσμένον.-
1374 1974 1434 2011 Ad
1458 1970 1668 2013 ἐπιτελέειν

1011 2034 1106 2069 conf.
1134 2032 1187 2079 ll,
1209 2034 1274 2073 63.

1070 2089 1182 2131 Quod
1201 2090 1359 2137 denique
1379 2087 1427 2125 ad
1439 2086 1605 2123 Danaum
1627 2087 1667 2122 et

1011 2144 1192 2195 Lynceum
1237 2146 1367 2181 attinet
1384 2173 1394 2191 ,
1435 2142 1666 2190 Per-§eumque

1013 2215 1033 2238 e
1055 2201 1172 2249 Libya
1193 2201 1379 2249 Gorgonis
1408 2203 1514 2249 eaput
1535 2197 1666 2234 allatu-

1012 2270 1113 2303 rum,
1151 2257 1242 2294 haec
1266 2269 1412 2305 quoque
1442 2254 1566 2305 paucis
1587 2266 1666 2290 mo-

1011 2314 1125 2350 nitum
1148 2313 1255 2350 veliin
1269 2314 1315 2350 ad
1326 2313 1484 2349 rationes
1505 2311 1665 2348 sidereas

1011 2381 1054 2406 ac
1074 2369 1241 2419 physicas
1267 2382 1347 2406 esse
1367 2368 1593 2414 revocanda,
1623 2379 1666 2404 ac

1013 2426 1060 2462 de
1089 2425 1164 2462 sole
1193 2427 1351 2462 omnium
1379 2438 1472 2474 quae
1498 2424 1568 2474 ipsi
1599 2424 1666 2460 ob-

1012 2486 1111 2518 stant
1132 2482 1298 2529 victrice,
1328 2494 1459 2531 pravos
1479 2481 1664 2527 humores,

1012 2540 1207 2586 aeremque
1228 2539 1443 2575 nebulosum
1466 2541 1579 2586 atque
1589 2536 1665 2573 hie-

1010 2594 1140 2631 malem
1162 2595 1388 2645 deprimente
1401 2624 1411 2641 ,
1427 2607 1499 2643 quo
1520 2606 1662 2630 cursum

1011 2663 1172 2687 annuum
1207 2652 1276 2688 rite
1314 2650 1501 2696 conficiat,
1531 2648 1664 2686 intelli-

1009 2707 1142 2756 genda.
1201 2707 1309 2744 Plura
1347 2706 1511 2744 discendi
1542 2705 1663 2756 cupidi

1008 2764 1142 2800 adeant
1162 2764 1292 2801 Creuz.
1315 2762 1479 2814 Symbol.
1498 2763 1514 2800 Ι
1532 2775 1568 2812 p.
1581 2761 1662 2803 794

1007 2831 1083 2868 seq.
1122 2819 1157 2857 II
1185 2834 1222 2871 p.
1245 2823 1329 2863 682
1349 2832 1452 2870 seqq.
1503 2819 1579 2868 IV,
1607 2818 1662 2860 47

1006 2888 1111 2926 seqq.

1726 1833 1759 2307 l
