1759 3324
532 251 958 290 EUTERPE.
1010 253 1056 290 II.

1334 257 1416 296 661

150 380 218 408 τοι
248 364 378 407 ἔθνεα
407 359 575 415 οὕνομα
605 360 705 415 ἔχει,
747 360 1012 415 συμφέρεται
1043 363 1089 406 δὲ
1131 361 1271 413 ωὐτὸς
1301 360 1414 406 εἶναι

121 439 229 486 3τὸν
259 439 518 495 οἷ’Έλληνες
546 441 684 481 Λίνον
714 437 1006 494 ὀνομάζοντες
1045 440 1256 485 ἀείδουσι.
1306 441 1414 485 ὥστε

148 519 288 564 πολλοὶ
327 519 405 573 μὲν
451 518 524 561 καὶ
574 517 683 561 ἄλλα
723 517 1057 574 ἄποθωυμοὲζειν
1093 536 1146 575 με
1184 524 1274 563 τῶν
1315 522 1415 576 περὶ

145 600 370 653 Αἴγυπτον
399 596 583 648 ἐόντων,
627 598 674 641 ἐν
705 598 750 641 δὲ
781 597 834 654 δὴ
864 600 934 642 καὶ
975 599 1052 643 τόν
1081 601 1221 643 Λίνον
1251 598 1412 643 ὁκόθεν

144 677 326 733 ἔλαβον·
374 679 608 733 φαίνονται
649 677 694 720 ὁὲ
734 675 801 721 ἀεί
838 694 936 722 κοτε
977 682 1139 722 τοῦτον
1179 677 1408 731 ἀείδοντες.
1423 687 1467 721 75

113 756 236 800 4ἔστι
272 757 318 799 δὲ
346 757 602 811 Αἰγυπτιστὶ
640 756 664 800 ὁ
702 759 837 808 Λίνος
876 757 1140 815 καλεύμενος
1178 759 1407 815 Μανέρως.

141 987 381 1040 συμφέρεται
400 986 442 1027 δὲ
470 984 590 1035 ωὐτὸς
619 984 736 1040 εἶναι]

81 1046 104 1083 i.
125 1060 156 1083 e.
188 1049 351 1094 congruit
370 1059 448 1082 vero
472 1049 544 1093 ita,
576 1049 615 1082 ut
646 1046 736 1083 idem

80 1102 140 1139 ille
166 1105 213 1139 sz't
234 1103 386 1150 (Linus)
411 1107 476 1140 etc.
537 1103 608 1139 Ubi
640 1107 734 1150 sunt,

81 1160 142 1208 qui
161 1156 258 1197 ὥστε
285 1165 369 1196 ante
392 1159 607 1195 infinitivum
627 1160 735 1196 omis-

81 1229 159 1252 sum
180 1229 262 1253 esse
286 1220 464 1261 statuant,
496 1216 735 1264 quemadmo-

79 1273 166 1309 dum
184 1273 218 1318 I,
244 1274 316 1319 13,
347 1273 407 1308 ubi
429 1273 500 1308 vid.
522 1276 615 1309 nott.
673 1272 732 1310 De

78 1333 204 1365 nostro
220 1328 299 1365 loco
324 1330 416 1365 conf.
438 1329 569 1365 Matth.
587 1329 651 1365 Gr.
665 1329 730 1366 Gr.

78 1398 163 1436 pag.
186 1384 304 1426 1040.
322 1407 378 1411 —
392 1386 450 1421 Ad
469 1386 616 1421 verbum
637 1397 732 1435 συμ-

79 1441 273 1493 φέρεσθαι
298 1443 392 1478 conf.
414 1443 469 1489 ΙΙ,
491 1445 556 1483 80.
615 1442 732 1479 Notat

77 1498 112 1535 h.
141 1499 163 1535 l.
199 1499 331 1535 Struve
369 1512 466 1548 spec.
503 1503 642 1548 quaest.
682 1499 730 1535 de

76 1555 159 1592 dial.
182 1555 320 1592 Herod.
355 1568 391 1604 p.
415 1558 466 1596 26
482 1584 492 1602 ,
527 1560 566 1591 ut
588 1556 625 1592 in
654 1569 728 1604 quo

75 1616 161 1662 post
182 1607 304 1656 ωὐτὸς
330 1610 417 1656 καὶ,
457 1612 557 1659 quod
585 1613 621 1648 in
649 1611 730 1648 tali-

75 1668 143 1704 bus
169 1669 256 1718 poni
283 1668 418 1714 soleat,
449 1668 545 1705 desit
579 1672 614 1705 et
643 1668 729 1704 sim-

75 1724 159 1774 plici
189 1724 392 1773 pronomini
427 1728 568 1760 tantum
598 1725 642 1761 sit
674 1723 729 1760 lo-

75 1794 159 1828 cus,
191 1785 231 1816 ut
251 1780 295 1827 V,
313 1782 378 1821 88.
408 1780 497 1827 VII,
517 1782 553 1820 6.

132 1836 174 1875 ἐν
194 1834 235 1875 δὲ
256 1833 304 1886 δή
331 1835 396 1874 καὶ
418 1833 483 1874 τὸν
501 1833 725 1876 Λίνονὸκό-

72 1896 148 1932 θεν
168 1891 334 1943 ἔλαβον]
367 1893 477 1936 Quod
496 1893 593 1931 hisce
615 1895 724 1943 vulgo

72 1950 274 1987 adnectitur
298 1949 511 1986 vocabulum
535 1947 724 2002 τοῦνομα,

70 2007 310 2055 omnibusque
357 2007 394 2042 in
433 2005 531 2042 libris
582 2009 723 2059 scriptis

70 2068 275 2112 comparet,
312 2063 388 2099 iure
430 2075 525 2099 nunc
562 2065 722 2113 priorum

71 2120 252 2156 editorum
288 2119 428 2155 monitu
467 2119 623 2156 deletum
655 2126 720 2158 est.

68 2174 127 2213 De
157 2174 200 2214 ἐν
234 2173 276 2214 δὲ
309 2172 360 2226 δή
383 2174 449 2214 καὶ
481 2178 574 2213 conf.
597 2177 721 2227 Viger.

68 2244 154 2283 pag.
176 2233 267 2273 175.

127 2287 205 2327 ἔστι
231 2286 273 2328 δὲ
292 2287 528 2341 Αἰγυπτιστὶ
555 2286 574 2329 ὅ
593 2290 721 2337 Λίνος

67 2340 308 2395 καλεύμενος
334 2345 558 2397 Μανέρως]
597 2346 720 2395 Aegy-

67 2402 225 2452 ptiorum
248 2402 353 2451 Lini,
382 2404 444 2452 qui
469 2403 643 2440 Maneros
665 2405 720 2440 di-

68 2462 189 2504 catur,
218 2460 381 2496 meminit
401 2460 584 2497 Plutarch.
605 2461 650 2497 de
671 2461 719 2498 Is.

69 2517 106 2550 et
127 2514 223 2550 Osir.
244 2513 280 2565 ἓ.
305 2518 356 2556 18
386 2530 421 2566 p.
446 2516 527 2557 357
544 2516 605 2553 fin.
638 2517 719 2564 (ubi

70 2568 136 2606 Cr.
169 2571 303 2608 consuli
339 2573 413 2609 vult
462 2573 716 2621 Wyttenbach.

66 2630 142 2662 not.
162 2639 247 2675 pag.
273 2630 382 2676 193).
418 2628 641 2667 Phoenicum
658 2643 719 2667 re-

69 2682 125 2730 gis
142 2682 249 2719 filium
266 2684 377 2722 fuisse
397 2686 538 2733 scribit,
564 2687 627 2735 qui
649 2686 717 2723 Isi-

68 2738 127 2784 di,
165 2740 284 2776 mariti
320 2741 455 2778 obitum
482 2742 622 2790 lugenti
649 2743 716 2779 ad—

69 2798 191 2841 stans,
219 2795 297 2844 ipse
313 2810 402 2846 prae
421 2797 546 2836 dolore
566 2798 715 2846 obierit3

68 2851 166 2887 unde
181 2850 250 2887 iam
268 2865 333 2901 per
351 2866 495 2891 omnem
506 2853 715 2905 Aegyptum

67 2918 213 2944 carmen
248 2909 365 2945 audiri
399 2909 574 2959 lugubre,
615 2912 716 2960 quod

807 989 981 1029 Maneros
1002 992 1214 1041 appelletur.
1255 990 1324 1028 Alii
1345 996 1463 1030 astro-

805 1048 950 1086 nomiae
982 1048 1206 1098 aliarumque
1234 1049 1460 1086 scientiarum

804 1104 959 1154 peritum
981 1105 1150 1142 dicebant
1172 1106 1349 1142 iuvenem.
1383 1107 1461 1143 Sed

802 1161 984 1197 tesserarii
1005 1162 1093 1210 quid
1114 1162 1150 1198 in
1170 1162 1223 1198 his
1250 1162 1382 1208 inesse,
1402 1163 1461 1198 vix

801 1218 1010 1265 negandum
1033 1217 1087 1254 vel
1113 1218 1140 1253 si
1172 1219 1327 1255 nominis
1350 1219 1460 1255 ratio-

802 1286 884 1310 nem
909 1274 1149 1323 perspexeris.
1189 1274 1287 1311 Nam
1309 1279 1459 1312 auctore

799 1329 1011 1366 Iablonskio
1024 1343 1122 1367 voce.
1138 1330 1311 1381 Aegyptt.
1326 1345 1359 1380 p.
1380 1333 1457 1372 128

800 1399 903 1434 seqq.
934 1386 1104 1424 Msmeros
1117 1388 1251 1424 indicat
1262 1388 1384 1437 fillum
1397 1391 1459 1424 aut

798 1443 943 1479 sobolem
962 1442 1082 1479 DIem's
1101 1446 1116 1489 (
1121 1444 1142 1480 i.
1157 1457 1187 1481 e.
1210 1444 1381 1492 aeterni),
1395 1444 1456 1492 qui

798 1513 860 1536 rex
881 1500 1015 1549 primus
1036 1501 1072 1536 in
1089 1500 1259 1550 Aegypto
1280 1513 1456 1548 regnasse

796 1557 922 1593 fertur.
983 1557 1107 1600 Quare
1131 1558 1227 1593 haud
1246 1558 1455 1604 absurdum,

796 1613 913 1661 ipsum
953 1613 1156 1662 intelligere
1194 1613 1337 1650 Horum
1380 1614 1455 1650 sive

797 1669 980 1706 Osiridem
1027 1683 1246 1718 carmenque
1290 1670 1337 1707 de
1375 1670 1452 1707 eius

795 1725 878 1761 fatis
910 1726 1099 1773 tristibus,
1138 1727 1259 1771 obitu,
1292 1726 1454 1776 sepultu-

794 1782 855 1828 ra,
887 1781 965 1818 aliis
986 1782 1054 1819 huc
1073 1783 1333 1832 spectantibus,
1352 1783 1452 1831 quod

792 1838 829 1873 in
870 1837 1014 1886 lugubri
1053 1839 1208 1875 Osiridis
1248 1840 1345 1875 festo
1383 1851 1451 1888 per

793 1907 936 1931 omnem
966 1894 1175 1945 Aegyptum
1202 1896 1280 1931 cani
1307 1894 1450 1931 solitum

791 1951 912 1988 fuerit.
971 1952 1079 1988 Conf.
1100 1952 1271 1989 Creuzer.
1285 1952 1448 2000 Symbol.

792 2007 808 2043 I
829 2020 914 2057 pag.
936 2007 1017 2048 446
1043 2021 1118 2057 seq.
1150 2008 1232 2048 466
1256 2021 1331 2057 seq.
1346 2036 1356 2054 ,
1379 2008 1449 2056 *qui

790 2063 848 2100 hic
872 2065 1035 2115 inprimis
1068 2064 1224 2100 conferri
1254 2064 1346 2101 vult:
1388 2064 1448 2100 Io-

790 2122 905 2158 mard.
946 2122 983 2157 in
1015 2121 1183 2170 descript.
1212 2122 1259 2158 de
1289 2121 1446 2170 l’Egyp.

789 2176 864 2213 livr.
880 2177 930 2213 ΙΙΙ
949 2178 1088 2227 antiqq.
1106 2178 1212 2214 mem.
1231 2182 1256 2214 t.
1273 2177 1289 2213 I
1304 2179 1444 2226 p.368.

790 2234 907 2277 Quale
938 2247 1084 2271 carmen
1120 2246 1142 2270 a
1174 2238 1359 2270 cantatore
1387 2246 1446 2271 sa-

789 2304 872 2336 cro,
904 2304 1012 2339 quem
1041 2295 1122 2327 atra
1154 2295 1257 2327 veste
1272 2291 1442 2326 indutum

788 2347 826 2382 in
840 2347 874 2383 T
878 2347 1034 2384 hebaicis
1048 2347 1288 2384 monumentis
1297 2360 1444 2396 reprae-

789 2408 970 2440 sentatum
995 2404 1256 2454 conspicimus,
1286 2404 1441 2450 recitari,

786 2460 884 2496 haud
904 2461 1084 2498 immerito
1114 2461 1210 2496 idem
1241 2461 1443 2509 suspicatur

787 2517 960 2554 Creuzer.
997 2518 1034 2554 in
1073 2516 1236 2566 epistolis
1271 2517 1439 2553 Homer1·.

785 2585 872 2624 pag.
898 2576 989 2613 171.
1022 2573 1145 2624 Ipsum
1167 2574 1334 2609 iuvenem
1353 2571 1442 2609 Ma-

787 2633 935 2666 merorem
953 2629 990 2666 in
1006 2629 1247 2666 monumentis
1259 2628 1441 2678 Aegypti-

783 2685 856 2723 acis
901 2690 1215 2737 repraesentatum
1258 2685 1440 2722 existimat

784 2741 820 2779 T
821 2741 964 2779 oelken.
993 2742 1216 2779 inMinutoli
1231 2741 1343 2779 Reise
1365 2745 1438 2778 ete.

781 2811 868 2848 pag.
894 2799 972 2839 156
997 2812 1074 2848 seq.

838 2854 897 2892 De
926 2854 1041 2903 Lino,
1077 2855 1139 2904 qui
1174 2854 1213 2891 in
1243 2854 1369 2904 Cypro
1400 2856 1438 2890 et

783 2912 883 2960 apud
900 2911 1104 2949 Phoenices
1123 2911 1205 2948 cani
1223 2910 1351 2958 soleat,
1362 2909 1436 2960 pri-
