1759 3324
366 242 450 281 734
782 236 1255 278 HERODOTI

45 367 53 373 .
197 362 217 369 ..
451 348 461 365 ἱ
490 347 501 363 (¹
571 347 579 362 1
801 348 810 362 r
960 341 977 360 ἴ
1039 363 1046 370 .
1075 346 1085 360 2
1153 346 1186 374 με
1386 343 1398 356 e
1482 342 1491 355 1

31 364 312 430 ιιιῖιιιιῐίςίξιςιῐῖιῃξῖιιιίιζ
367 365 465 404 περι
497 352 686 404 Ελενην,
715 353 921 404 ’γενεσθαι
942 348 1025 390 ωδε
1079 347 1355 400 Αλεξαυδρον
1374 355 1632 397 αρπασαντα

31 409 311 494 Ξξξὲᾞξίἰονὲὃᾶῗξζ
339 427 541 484 ΞἙλένην
570 427 617 470 ἐκ
645 426 875 483 Σπάρτης,
908 425 1138 469 ἀποπλέειν
1169 426 1210 476 ἐς
1239 424 1319 480 τήν
1350 424 1530 467 ἑωυτοῦ.
1560 423 1689 465 καίῗο

30 502 107 528 ¹⁸⁰⁰·
365 525 462 564 μιν,
495 505 553 558 ὠς
584 506 749 562 ἐγένετο
782 507 827 549 ἐν
856 509 916 563 τῷ
947 507 1137 560 Αἰγαίῳ,
1171 505 1348 555 ἐξῶσται
1379 502 1531 557 ἄνεμοι
1562 502 1631 544 ἐκ·

365 586 571 645 βάλλουσι
618 586 659 636 ἐς
696 585 745 627 τὸ
789 584 1030 639 Αἰγύπτιον
1077 585 1282 638 πέλαγος·
1344 584 1546 626 ἐνθεῦτεν
1586 580 1631 624 δὲ

369 665 441 722 (οὐ
470 664 552 721 γάρ
585 662 695 707 ἀνίει
724 663 775 706 vc}
806 663 1046 719 πνεύματα)
1069 660 1315 706 ἀπικνέεται
1333 662 1375 713 ἐς
1393 664 1631 718 Αἴγυπτον,

311 862 509 900 admodum
529 873 550 896 a
568 858 731 908 pluribus
749 859 834 894 viris
850 858 967 896 doctis

311 921 348 956 in
368 930 521 956 examen
552 920 607 953 est
627 919 776 960 vocata3
806 915 842 951 in
869 915 969 952 hisce

309 975 539 1027 potissimum
558 972 604 1008 ab
623 972 808 1009 Heinisch.
829 972 866 1007 in
884 984 971 1021 pro-

311 1035 502 1081 grammat.
540 1029 587 1065 de
624 1028 787 1078 Euripid.
834 1028 968 1065 Helen.

312 1087 522 1135 (YratislaV.
546 1084 653 1125 1825
676 1097 761 1135 pag.
779 1084 966 1132 4—23),

312 1147 358 1182 ab
396 1144 466 1180 Ed.
510 1141 655 1178 Miiller.
683 1141 722 1178 in
753 1141 966 1191 scriptione:

311 1231 338 1250 „
348 1200 542 1250 Euripides
564 1202 765 1235 contemtor
781 1202 847 1234 etc.
861 1198 967 1244 (ibid.

315 1259 423 1298 1826
453 1268 538 1305 pag·
559 1257 610 1296 29
624 1256 765 1302 -32)
795 1267 838 1291 ac
863 1254 968 1291 deni-

314 1327 386 1364 que
401 1325 422 1349 a
442 1312 624 1349 lVelcker.
639 1312 678 1347 in
698 1311 814 1348 Iahnii
833 1310 966 1348 annall.

310 1369 448 1423 philoll.
476 1368 550 1415 IX,
572 1369 598 1408 3
637 1380 724 1417 pag.
755 1371 835 1409 276
866 1381 970 1416 seqq.

310 1427 433 1475 Atque
450 1424 663 1463 Welckerus
691 1425 740 1461 ad
766 1423 969 1475 Aegyptios

312 1483 493 1521 Helenam
513 1481 732 1532 pertinuisse
750 1486 886 1529 negat3
915 1482 970 1518 fa-

312 1539 434 1577 bulam
454 1539 501 1576 de
520 1537 665 1575 Helena
688 1550 731 1575 ex
751 1538 832 1589 ipsa
852 1538 971 1574 Grae-

313 1597 368 1634 cia
385 1596 426 1643 (a
448 1595 612 1632 Crotone
637 1595 795 1631 fortasse
825 1597 887 1630 aut
902 1593 972 1630 Hi-

313 1665 437 1699 mera,
466 1651 529 1688 ubi
557 1650 755 1687 Stesichori
785 1649 972 1700 palinodia

314 1709 423 1747 suerit
467 1707 618 1752 audita)
678 1708 715 1744 in
760 1706 972 1756 Aegyptum

315 1765 533 1803 translatam
558 1764 684 1812 ibique
716 1764 847 1813 cupide
873 1776 972 1800 arre-

314 1827 419 1874 ptam
436 1834 515 1858 esse
534 1832 556 1857 a
574 1821 822 1858 sacerdotibus
839 1820 971 1857 statuit

315 1880 485 1927 adeoque
528 1882 811 1926 exaggeratam,
862 1879 971 1926 prout

313 1936 476 1986 ipsorum
532 1935 686 1971 consiliis
739 1933 971 1970 commodum

315 1992 436 2029 suerit.
496 1990 599 2033 Quos
627 1991 791 2027 homines
823 1989 968 2026 callidos

316 2048 428 2084 verba
450 2047 595 2084 dedisse
623 2051 733 2097 putat
763 2046 970 2092 Herodoto,

315 2103 461 2140 credulo
488 2103 623 2140 homini
642 2131 651 2149 ,
693 2103 756 2151 qui
787 2114 860 2150 qua
889 2104 969 2139 erat

318 2160 571 2209 simplicitate,
603 2172 646 2195 ea
670 2172 745 2195 non
767 2157 882 2195 solum
900 2170 968 2207 pro

316 2216 409 2253 veris
449 2215 644 2261 habuerit,
703 2215 768 2251 sed
812 2214 970 2251 rationes

319 2273 428 2309 etiam
445 2271 700 2320 conquisierit,
730 2271 861 2319 quibus
884 2283 971 2319 pro-

318 2328 497 2365 babiliora
512 2328 720 2364 viderentur
739 2327 970 2363 sacerdotum

317 2385 469 2421 istorum
500 2384 700 2421 mendacia.
759 2383 865 2426 Quae
891 2381 972 2418 nol-

318 2441 389 2479 lem
413 2441 630 2478 excidissent
655 2440 731 2475 viro
763 2438 971 2475 doctissimo

319 2502 356 2535 et
373 2498 419 2534 de
441 2498 575 2534 nostris
596 2496 706 2533 literis
723 2495 970 2532 meritissimo!

318 2554 458 2591 Vereor
477 2554 592 2599 enim,
621 2565 688 2600 ne,
718 2564 812 2601 quae
832 2552 868 2588 in
892 2552 973 2588 He-

319 2611 488 2647 rodotum
506 2610 666 2661 profert,
686 2608 743 2646 vel
762 2609 876 2657 magis
889 2608 972 2644 ficta

318 2667 519 2704 videantur.
586 2666 816 2703 Herodotum
851 2668 972 2701 autem

318 2727 357 2760 ut
384 2723 537 2761 habeam
566 2722 749 2759 hominem
777 2720 972 2767 credulum,

319 2779 382 2829 qui
411 2780 513 2817 facile
534 2793 574 2817 se
603 2779 720 2828 decipi
748 2791 878 2828 passus
908 2777 968 2823 sit,

319 2849 505 2885 nunquam
538 2849 559 2873 a
584 2849 642 2872 me
665 2837 859 2885 impetrare
883 2846 972 2884 pos-

323 2905 411 2929 sum.
456 2893 577 2942 Atque
595 2893 632 2929 in
651 2892 719 2929 hac
737 2891 902 2928 universa
914 2891 970 2927 fa-

1035 858 1120 895 bula
1149 857 1236 893 illud
1260 856 1407 893 minime
1432 856 1502 893 erit
1528 858 1690 905 praeter-

1037 914 1276 961 mittendum,
1305 917 1424 949 utrum
1443 912 1504 948 illo
1524 917 1691 961 tempore

1037 970 1230 1020 Aegyptiis
1269 969 1432 1006 omnino·
1449 969 1556 1006 fuerit
1593 981 1692 1005 com-

1038 1028 1210 1065 mercium
1237 1039 1317 1063 cum
1345 1026 1502 1073 exteris,
1538 1024 1690 1062 Graecis

1035 1084 1249 1135 praesertim
1267 1110 1279 1129 ,
1316 1095 1444 1119 necne.
1507 1081 1692 1130 Equidem

1036 1141 1086 1178 nil
1112 1141 1338 1186 discernam,
1369 1152 1449 1175 cum
1480 1138 1518 1174 in
1553 1142 1691 1174 utram-

1037 1211 1109 1247 que
1138 1201 1279 1246 partem
1307 1200 1405 1232 certa
1441 1195 1562 1232 desint
1585 1194 1691 1231 testi-

1036 1254 1179 1300 monia,
1200 1253 1330 1301 quibus
1345 1265 1402 1289 res
1421 1251 1549 1288 confici
1566 1254 1688 1300 queat.

1038 1311 1146 1348 Conf.
1178 1313 1360 1347 caeterum
1385 1308 1545 1346 Heeren.
1576 1308 1691 1345 Ideen

1035 1368 1091 1415 Il,
1109 1371 1135 1408 2
1163 1380 1200 1417 p.
1223 1367 1317 1406 378.

1093 1423 1259 1471 ἐξῶσται
1285 1419 1426 1472 ἄνεμοι
1455 1416 1691 1471 ἐκβάλλουσι

1037 1479 1077 1527 ἐς
1094 1477 1138 1519 τὸ
1154 1474 1376 1532 Αἰγύπτιον
1388 1475 1572 1530 πέλαγος]
1598 1476 1693 1523 ἐξῶ-

1039 1549 1128 1576 σται
1148 1534 1289 1587 ἄνεμοι
1318 1537 1415 1572 venti
1446 1534 1644 1584 expulsores
1667 1532 1690 1568 i.

1040 1607 1071 1631 e.
1113 1606 1155 1631 ex
1184 1592 1365 1630 contrario
1407 1605 1434 1628 s.
1464 1604 1509 1629 ex
1537 1591 1692 1628 adverso

1039 1652 1171 1687 flantes
1188 1661 1407 1697 cursumque
1424 1652 1562 1691 rectum
1579 1647 1694 1697 impe-

1040 1707 1182 1744 dientes
1203 1706 1345 1754 alioque
1358 1705 1573 1753 navigantes
1594 1716 1693 1741 com-

1039 1764 1228 1814 pellentes.
1258 1784 1315 1789 —-
1333 1757 1556 1812 Αἰγύπτιον
1577 1757 1695 1798 πέλα-

1040 1835 1108 1872 γος
1130 1820 1216 1857 dicit
1236 1830 1336 1855 mare
1356 1817 1464 1864 illud,
1495 1818 1596 1866 quod
1618 1815 1694 1853 Ae-

1040 1881 1195 1926 gyptum
1215 1881 1251 1912 et
1270 1875 1450 1923 utrimque
1460 1874 1596 1910 vicinas
1610 1885 1692 1909 oras

1039 1933 1181 1979 adluit,
1229 1935 1270 1968 ut
1293 1931 1454 1981 pluribus
1480 1929 1695 1968 monstravit

1038 1988 1314 2037 W'esselingius.
1382 1988 1491 2024 Conf.
1531 1985 1694 2036 inprimis

1038 2047 1212 2083 Strabon.
1234 2044 1269 2081 Π
1297 2058 1333 2095 p.
1356 2046 1457 2091 182,
1487 2043 1530 2081 C.
1552 2043 1585 2080 D
1619 2043 1694 2079 sive

1038 2116 1074 2152 p.
1099 2104 1198 2149 121,
1222 2101 1256 2138 D
1283 2100 1362 2138 coll.
1393 2114 1430 2150 p.
1453 2102 1533 2140 187
1551 2113 1579 2136 s·
1600 2097 1693 2144 125,

1036 2159 1085 2196 D.
1120 2179 1177 2185 —
1223 2157 1418 2194 Caeterum
1455 2157 1493 2192 in
1531 2155 1695 2192 oratione

1039 2215 1122 2265 ipsa
1135 2213 1373 2250 animadverti
1385 2212 1496 2249 debet
1515 2212 1691 2248 transitus

1039 2271 1180 2308 subitus
1203 2269 1248 2305 ab
1266 2269 1442 2306 indirecta
1458 2268 1505 2304 ad
1518 2268 1693 2305 directam

1039 2339 1147 2376 quam
1185 2329 1320 2362 vocant
1361 2325 1584 2371 orationem3
1619 2324 1692 2361 vid.

1039 2396 1134 2432 quae
1158 2383 1281 2418 monui
1309 2381 1358 2417 ad
1383 2380 1566 2418 Plutarchi
1584 2379 1694 2417 Arta-

1038 2451 1136 2476 xerx.
1159 2451 1214 2488 cp.
1236 2441 1263 2478 2
1294 2439 1332 2474 in
1357 2438 1532 2475 Creuzeri
1550 2436 1692 2475 Melett.

1038 2495 1090 2532 Ill
1123 2508 1159 2545 p.
1185 2497 1236 2534 12
1256 2507 1332 2543 seq.

1097 2545 1147 2590 ου’
1173 2547 1247 2602 γάρ
1273 2546 1379 2589 ἀνίει
1395 2546 1443 2589 τὰ
1470 2545 1691 2600 πνεύματα]

1041 2608 1064 2645 i.
1091 2621 1121 2645 e.
1151 2620 1257 2657 neque
1275 2609 1364 2644 enim
1387 2607 1566 2644 cessabant
1584 2608 1690 2643 venti.

1039 2664 1098 2702 De
1119 2665 1235 2700 forma
1262 2661 1365 2703 α’νίει
1385 2666 1500 2713 (quae
1515 2676 1693 2713 praesen-

1039 2721 1085 2757 tis
1106 2721 1289 2757 indicativi
1309 2725 1364 2758 est
1389 2732 1547 2771 persona
1565 2719 1692 2767 tertia)

1041 2777 1195 2814 diximus
1223 2778 1272 2814 ad
1293 2777 1328 2824 I,
1345 2779 1392 2823 63
1424 2776 1566 2826 ellipsin
1587 2775 1691 2812 facile

1040 2833 1234 2883 suppleas,
1270 2834 1381 2871 modo
1407 2832 1605 2881 cogitando
1626 2832 1693 2868 ad-

1040 2891 1106 2927 das
1128 2890 1187 2938 id,
1224 2891 1325 2940 quod
1355 2902 1399 2928 ex
1427 2890 1506 2940 ipso
1526 2888 1691 2926 subiecto
