1768 3315
288 262 373 304 242

701 249 1167 292 HERODOTI

291 372 378 414 τῶν
407 364 568 409 ἀλλέων
594 363 770 407 πασέων
796 362 1032 418 παιγνιέων
1059 361 1112 404 τὰ
1142 360 1281 411 εἴδεα,
1311 356 1427 415 πλήν
1453 368 1550 402 πεσ-

293 452 392 492 σῶν.
450 442 618 487 τούτων
645 442 728 499 γάρ
759 437 822 486 ὦν
848 440 930 498 τήν
969 438 1185 496 ἐξεύρεσιν
1221 438 1305 483 οὐκ
1336 439 1553 494 οἷκηϊοῦν-

264 535 361 571 5ται
390 523 543 567 Λυδοί.

605 521 770 565 ποιέειν
807 521 854 564 δὲ
883 515 994 572 ὦδε,
1030 520 1142 575 πρὸς
1168 517 1248 563 τόν
1275 518 1405 574 λιμὸν
1434 517 1548 570 έξευ-
1562 522 1605 556 71

294 605 468 661 ρόντας·
514 600 596 656 τήν
630 601 710 656 μὲν
748 598 898 655 ἑτέρην
935 603 1025 643 τῶν
1059 597 1251 656 ἡμερέων
1279 598 1446 651 παίζειν
1472 599 1551 640 πᾶ-

296 695 402 733 σαν,
442 681 516 723 ἵνα
547 677 599 735 δή
630 677 690 734 μὴ
731 677 918 733 ζητέοιεν
947 678 1082 721 σιτία·
1130 677 1212 735 τὴν
1241 678 1287 721 δὲ
1313 677 1463 733 ἑτέρην
1491 686 1553 719 σι-

293 762 490 811 τέεσθαι,
519 755 797 813 παυομένους
823 760 912 799 τῶν
939 757 1187 812 παιγνιέων.
1239 756 1429 816 τοιούτῳ
1458 753 1556 810 τρό-

267 849 365 897 6πῳ
395 837 561 894 διάγειν
588 834 650 880 ἐπ’
679 836 773 879 ἔτεα
801 836 923 879 δυῶν
951 835 1108 879 δέοντα
1136 837 1285 879 εἴκοσι.
1315 834 1406 879 ἐπεί
1433 851 1479 879 τε
1507 834 1555 879 δὲ

240 990 371 1040 quibus
400 989 448 1026 ad
473 987 672 1026 ludendum
699 986 893 1024 utebantur

239 1051 392 1084 veteres.
451 1045 615 1088 Quorum
650 1044 893 1081 inventionem

240 1103 355 1151 Lydis
384 1114 465 1139 cum
505 1102 641 1138 tribuat
666 1100 892 1146 Herodotus,

241 1158 418 1196 Athenaei
444 1158 482 1193 in
508 1156 809 1208 vituperationem
834 1156 891 1192 in-

242 1215 373 1261 currit,
401 1213 437 1260 I,
460 1214 512 1255 15
534 1226 621 1265 pag.
635 1216 708 1261 19,
723 1212 780 1260 A,
804 1212 890 1261 quia

242 1271 302 1308 isti
319 1270 393 1307 ludi
416 1270 528 1307 multo
551 1270 684 1307 fuerint
709 1268 891 1318 antiquio-

242 1340 321 1374 res,
352 1325 489 1377 quippe
507 1326 591 1364 belli
619 1325 773 1363 Troiani
799 1330 892 1363 tem-

242 1397 333 1434 pore
367 1383 439 1419 iam
472 1382 607 1419 usitati.
665 1380 798 1431 Neque
826 1394 893 1418 ne·-

242 1439 425 1488 gandum‚
481 1437 634 1476 inveniri
678 1438 753 1475 iam
793 1437 894 1488 apud

242 1496 444 1533 Homerum
467 1495 562 1545 pilae
600 1498 638 1532 et
663 1493 818 1531 talorum
839 1494 894 1530 lu-

243 1565 323 1589 sum
369 1551 493 1599 (conf.
532 1551 669 1599 Odyss.
697 1550 769 1598 VI,
801 1553 893 1592 100.

242 1608 348 1655 VIII,
368 1609 463 1650 372.
494 1607 534 1644 11.
550 1606 697 1654 XXIII,
720 1608 808 1656 88),
828 1607 896 1644 sed

242 1660 381 1715 κύβων
400 1664 620 1701 mentionem
636 1664 770 1700 frustra
784 1676 897 1713 quae-

243 1733 303 1757 ras
321 1721 420 1771 apud
439 1721 593 1758 eundem
605 1748 616 1767 ,
637 1724 677 1756 ut
695 1719 782 1756 nihil
800 1724 898 1757 certe

243 1776 440 1827 impediat,
499 1775 693 1827 posteriori
742 1776 898 1827 tempori

244 1846 369 1870 eorum
402 1832 647 1870 inventionem
677 1832 896 1870 adscribere.

242 1888 326 1926 vid.
338 1889 592 1926 Hemsterhus.
605 1889 654 1925 ad
672 1887 808 1926 Polluc.
829 1888 897 1936 IX,

243 1947 310 1986 97.
368 1945 480 1988 Quod
509 1945 557 1981 ad
584 1944 737 1995 pilarum
771 1944 897 1982 ludum

244 2001 394 2047 attinet,
423 2001 500 2038 eius
520 2001 764 2039 inventionem
792 2000 897 2038 Nau-

243 2056 365 2093 sicaae
381 2056 755 2106 tribueratArogallis,
772 2069 894 2105 gram-

244 2112 394 2149 maticus
411 2112 651 2162 Corcyraeus.
688 2112 772 2150 Vid.
791 2112 894 2149 Suid.

245 2181 276 2205 s.
293 2180 327 2204 v.

299 2220 405 2271 πλην
430 2225 613 2271 πεσσῶν]
643 2221 783 2264 πεσσοὶ
811 2227 897 2261 sunt

246 2279 399 2327 calculi,
425 2282 585 2331 ψῆφοι,
625 2282 686 2330 qui
709 2294 784 2318 non
809 2281 895 2318 iaci-

244 2340 376 2384 untur,
406 2341 448 2373 ut
477 2337 562 2383 tali,
594 2338 661 2374 sed
679 2338 895 2386 digeruntur

243 2391 281 2429 in
301 2392 405 2429 lineis
425 2405 469 2430 ac
487 2393 749 2442 disponuntur,
762 2394 895 2431 deinde

242 2453 442 2486 moventur.
500 2448 633 2499 Neque
668 2450 778 2498 igitur
814 2462 896 2487 ver-

242 2504 370 2542 nacule
400 2505 628 2543 reddendum
657 2505 895 2556 Wiirfelspiel

243 2560 309 2608 (id
334 2562 434 2610 quod
449 2561 532 2597 talis
554 2562 644 2610 fit),
682 2563 749 2600 sed
772 2561 896 2599 Brett-

242 2615 340 2666 spiel.
397 2616 487 2653 Eius
520 2621 640 2655 autem
666 2618 741 2655 ludi
771 2619 896 2657 inven-

241 2673 377 2710 tionem
404 2673 514 2721 vulgo
539 2673 725 2712 Palamedi
758 2675 898 2712 adscri-

242 2728 359 2774 bunt3
405 2730 479 2778 qua
503 2729 550 2766 de
583 2743 624 2767 re
665 2731 787 2768 omnia
818 2733 895 2769 sere

243 2783 388 2834 collegit
407 2784 704 2823 Hemsterhusius
723 2786 746 2823 l.
767 2787 788 2823 l.
811 2787 896 2834 „De

242 2852 331 2878 voce
358 2841 493 2880 πει-τοί
533 2842 684 2892 eiusque
713 2843 895 2891 significa-

243 2895 343 2934 tione
376 2897 605 2948 potissimum
653 2899 895 2937 conferendus

961 984 1135 1024 Timaeus
1149 986 1186 1024 in
1204 984 1327 1024 Lexic.
1347 984 1491 1023 Platon.
1517 997 1546 1022 s.
1578 996 1612 1023 v.

961 1047 997 1080 et
1012 1043 1175 1081 eiusdem
1187 1043 1415 1079 doctissimus
1433 1042 1614 1092 interpres

959 1111 1046 1150 pag.
1065 1100 1186 1141 217.“
1231 1098 1299 1136 Cr.

1017 1150 1091 1195 οὔκ
1111 1155 1359 1206 οἰκηϊοῦνται
1370 1152 1517 1200 Λυδοί]
1543 1153 1615 1191 Su-

960 1224 1028 1262 pra
1055 1212 1095 1260 1,
1120 1211 1165 1253 4:
1197 1211 1492 1260 οἶκειεῦνται,
1535 1222 1615 1248 eum

960 1270 1061 1317 apud
1085 1269 1192 1306 Iones
1224 1269 1261 1305 in
1281 1268 1424 1315 verbis,
1455 1279 1552 1317 quae
1577 1267 1615 1303 in

961 1352 1016 1376 οω
1049 1339 1203 1383 exeunt,
1232 1336 1382 1386 saepius
1412 1335 1618 1373 inveniatur

961 1423 1026 1456 ευ,
1055 1408 1116 1444 ubi
1145 1406 1255 1455 vulgo
1285 1421 1332 1446 ov
1366 1418 1410 1444 ex
1438 1421 1482 1446 οε
1507 1419 1538 1443 ε.
1569 1420 1616 1445 oo

962 1468 1184 1502 contractum
1223 1463 1436 1500 invenimus.
1505 1462 1616 1500 Conf.

961 1521 1093 1559 Matth.
1129 1518 1166 1571 §
1195 1518 1248 1561 51
1277 1531 1364 1569 pag.
1398 1521 1502 1567 119,
1554 1518 1618 1568 qui

962 1577 1063 1628 quod
1079 1577 1150 1614 hoc
1177 1575 1256 1613 loco
1280 1575 1414 1624 legitur
1442 1575 1522 1613 coll.
1551 1574 1618 1622 IV,

965 1646 1046 1689 148
1059 1675 1070 1695 ,
1101 1647 1150 1683 ad
1168 1647 1305 1683 formas
1321 1646 1423 1684 verbi
1439 1646 1477 1684 in
1503 1659 1544 1685 εο
1559 1658 1619 1684 re-

965 1704 1051 1742 ferri
1069 1716 1182 1754 posse
1202 1703 1429 1753 suspicatur,
1452 1701 1618 1752 quamvis

965 1760 1063 1798 nulla
1076 1772 1194 1797 rerum
1212 1759 1373 1811 ipsarum
1390 1759 1547 1808 vestigia
1557 1771 1620 1797 oc-

965 1820 1122 1855 currant.

1021 1870 1172 1911 ποιέειν
1192 1868 1234 1911 δὲ
1256 1864 1289 1910 ὦ
1301 1871 1419 1910 δε-
1440 1866 1619 1922 ἐξευρόν-

964 1931 1057 1976 τας]
1091 1923 1169 1967 ὦδε
1194 1928 1274 1965 loco
1298 1927 1523 1977 pronominis
1553 1927 1619 1965 de-

963 1984 1191 2023 monstrativi
1241 1984 1401 2035 positum
1455 1984 1620 2030 videtur3

965 2042 1067 2091 quod
1086 2041 1182 2078 idem
1211 2040 1249 2077 in
1267 2040 1451 2078 Pausania
1479 2040 1542 2089 (Ι,
1563 2043 1617 2082 21

964 2096 1001 2148 ἓ.
1026 2099 1080 2146 6)
1111 2098 1251 2135 notavit
1287 2096 1477 2145 Siebelis„
1512 2095 1619 2134 huius

962 2153 1031 2192 loci
1050 2166 1125 2191 non
1145 2154 1344 2191 immemor.

1021 2219 1173 2276 διάγειν
1204 2217 1262 2263 ἐπ’
1298 2221 1384 2263 ἔτεα
1420 2222 1529 2263 δυῶν
1559 2220 1621 2263 δὲ-

966 2295 1062 2321 οντα
1083 2279 1234 2331 εἴκοσι]
1266 2280 1374 2320 δυῶν
1395 2280 1452 2328 (in
1469 2293 1544 2329 quo
1563 2283 1621 2317 ta-

962 2351 1045 2375 men
1064 2337 1178 2374 libros
1205 2337 1319 2376 secuti
1339 2336 1527 2374 omisimus
1545 2336 1622 2374 iota

963 2394 1209 2445 subscriptum
1225 2393 1334 2442 vulgo
1356 2392 1540 2439 additum)
1559 2392 1621 2430 Io-

962 2463 1051 2487 num
1081 2454 1138 2488 est
1172 2463 1240 2502 pro
1269 2451 1407 2497 δυοῖν,
1444 2452 1485 2485 ut
1508 2461 1622 2500 supra

962 2507 1002 2555 I,
1027 2505 1080 2548 14
1100 2506 1254 2557 aliisque
1274 2506 1387 2552 locis,
1418 2505 1621 2554 quosindi-

963 2571 1022 2601 cat
1040 2562 1219 2600 Matthiae
1248 2560 1285 2613 §.
1310 2563 1390 2603 138
1415 2574 1502 2612 pag.
1521 2564 1620 2609 262,

963 2621 1027 2670 qui
1047 2619 1147 2657 idem
1179 2617 1216 2670 ὃ.
1237 2619 1318 2660 141
1347 2630 1434 2669 pag.
1456 2618 1539 2659 265
1572 2618 1621 2656 de

964 2675 1178 2713 numerandi
1197 2675 1340 2712 ratione
1353 2703 1364 2722 ,
1393 2686 1466 2723 qua
1487 2678 1526 2712 et
1550 2674 1622 2712 hoc

965 2736 1003 2770 et
1021 2732 1099 2769 aliis
1118 2731 1206 2768 locis
1222 2730 1363 2768 Noster
1383 2731 1514 2778 utitur,
1543 2731 1622 2768 dis-

965 2788 1088 2825 seruit.
1146 2786 1244 2824 Nam
1280 2786 1528 2836 duodeviginti
1553 2799 1622 2823 an-

964 2857 1092 2881 norum
1111 2856 1300 2881 numerum
1317 2843 1511 2880 Herodoto
1525 2843 1621 2880 indi-

964 2900 1038 2938 cari
1069 2900 1193 2951 liquet.
1252 2899 1306 2938 Ac
1343 2900 1503 2950 denique
1530 2911 1621 2937 eun-

1620 438 1675 481 49
