1759 3324
649 281 869 320 CLIO.
927 283 955 321 I.

1355 288 1441 329 453

178 392 366 447 Γύνδης,
403 390 480 434 τὸν
517 391 559 442 ἐς
587 391 661 442 τὰς
692 389 908 446 διώρυχας
943 389 1020 442 τὰς
1050 390 1258 449 ἑξήκοντά
1293 412 1337 439 τε
1366 398 1496 440 καὶὸο

173 472 422 526 τριηκοσίας
460 469 629 526 διέλαβε
668 468 691 512 ὁ
729 473 905 525 Κῦρος·

967 471 1152 528 στόμασι
1194 473 1241 516 δὲ
1271 474 1432 530 ἐξερεύ-

170 565 290 605 γεται
316 548 661 603 τεσσαράκοντα,
697 553 783 592 τῶν
812 548 864 593 τοὶ
894 548 1059 603 πάντα,
1097 550 1210 609 πλὴν
1241 553 1362 608 ἑνός,
1393 555 1437 608 ἐς

113 748 198 787 pag.
226 733 403 771 XXVIIII
445 747 587 772 cursum
632 732 762 772 Araxis

111 804 336 842 persequens
363 795 399 828 et
416 791 535 828 varios
558 791 604 829 de
622 804 665 828 eo
685 791 764 829 He-

110 848 229 884 rodoti
248 848 345 884 locos
363 861 566 886 recensens.
623 848 762 885 Fontes

109 904 238 941 Araxis
264 918 345 942 esse
367 904 452 941 dicit
474 905 669 942 secundum
686 905 765 942 He-

110 961 278 998 rodotum
301 962 338 998 in
368 961 517 1009 regione
534 974 555 998 a
576 961 667 998 mari
689 962 763 998 Ca-

111 1017 191 1067 spio
210 1030 284 1054 non
312 1017 422 1066 longe
450 1022 590 1055 remota
618 1017 765 1055 australi

111 1087 257 1124 unaque
287 1075 510 1112 occidentali.
581 1074 764 1112 Herodoti

109 1143 194 1167 vero
220 1144 321 1168 error
346 1131 444 1168 haud
475 1130 628 1168 difficilis
651 1130 765 1180 expli-

110 1191 191 1224 catu
226 1186 276 1223 illi
309 1187 461 1224 videtur.
529 1187 629 1224 Alios
666 1188 762 1225 enim

108 1256 287 1291 narrasse,
298 1245 444 1280 fluvium
456 1257 639 1293 magnum,
654 1257 763 1293 quem

108 1301 259 1349 antiqua
268 1313 355 1338 voce
367 1299 557 1337 Tartarica
566 1300 658 1347 Rus,
668 1300 761 1337 Aras

107 1357 288 1403 vocarint,
310 1357 493 1393 montibus
515 1356 687 1394 Matienis
708 1357 761 1395 ef-

106 1414 228 1450 fusum
248 1413 338 1450 mari
354 1413 489 1463 Caspio
501 1413 655 1460 misceri,
668 1412 758 1450 alios

105 1473 232 1506 contra
256 1470 391 1507 dixisse
411 1472 524 1507 ssuere
541 1483 607 1520 per
624 1474 756 1508 terram

104 1538 127 1563 a
147 1526 286 1576 Caspio
316 1526 405 1563 mari
433 1527 608 1564 orientem
631 1539 757 1563 versus

105 1582 210 1619 sitam
230 1583 267 1619 in
286 1582 578 1631 Massagetarum
597 1583 758 1621 terminis

104 1651 275 1687 magnum
298 1640 467 1686 fluvium,
498 1652 607 1688 quem
627 1640 758 1677 eodem

103 1696 250 1733 nomine
278 1696 370 1732 Aras
401 1696 584 1742 vocarint,
631 1709 758 1745 quem-

104 1752 303 1789 admodum
318 1752 355 1789 in
375 1751 495 1789 Africa
513 1753 666 1801 quodvis
686 1754 755 1789 fiu-

103 1820 188 1845 men
223 1809 337 1845 maius
378 1809 517 1846 dicatur
547 1807 657 1846 Nilus
671 1838 682 1856 ‚
718 1809 757 1845 in

103 1864 236 1901 Suecia
253 1864 354 1902 Elbe.
387 1865 548 1902 Graecos
565 1866 651 1903 inde
669 1878 757 1902 con-

102 1920 212 1958 cludit
232 1922 440 1959 confudisse
468 1926 659 1971 utrumque
687 1924 755 1959 flu-

101 1978 195 2015 vium
217 1983 254 2016 et
273 1992 340 2029 pro
366 1992 438 2015 uno
468 1979 671 2028 eodemque
689 1978 755 2015 ha-

100 2034 232 2073 buisse.
291 2035 382 2072 Post
401 2035 556 2072 Rennel.
577 2036 625 2072 ad
644 2035 692 2073 W
696 2048 754 2072 es-

60 2138 69 2145 Ἇ
101 2091 244 2140 selingii
275 2096 398 2142 partes
430 2106 469 2130 se
501 2091 754 2143 applicuerunt

99 2147 301 2186 Larcherus
313 2177 324 2196 ‚
343 2148 421 2195 alii,
443 2161 534 2198 quos
549 2149 634 2186 citat
646 2149 750 2198 Hey-

101 2217 140 2242 se
156 2203 179 2241 l.
197 2204 219 2242 Ι.
238 2217 325 2255 pag.
354 2208 434 2247 102
453 2210 530 2243 not.
552 2207 644 2247 106.
659 2205 752 2242 Gal-

100 2259 173 2298 lum
189 2262 334 2299 doctum
350 2262 396 2300 de
414 2261 448 2299 Ia
460 2261 591 2300 Nauze
608 2265 750 2300 secutus

101 2321 156 2355 est
172 2317 354 2356 Mannert.
379 2319 416 2356 in
447 2319 587 2368 Geogr.
620 2319 686 2356 Gr.
713 2323 750 2356 et

100 2372 243 2412 Romm.
271 2374 324 2412 IV
355 2388 441 2426 pag.
463 2377 528 2417 87.
548 2378 614 2417 90.
645 2375 699 2423 V,
721 2379 749 2417 2

101 2441 186 2480 pag.
205 2433 284 2472 209
303 2445 379 2481 seq.
416 2432 627 2483 Disputavit
643 2433 752 2469 etiam

101 2486 272 2524 nonnulla
296 2486 471 2526 Niebuhr.
500 2489 522 2525 l.
540 2488 562 2525 l.
590 2502 627 2539 p.
644 2492 750 2535 2223

103 2554 196 2590 quae
223 2543 308 2592 quid
345 2546 393 2582 ad
429 2545 611 2583 Herodoti
633 2545 751 2582 locum

101 2596 347 2637 illustrandum
378 2603 535 2649 faciant,
564 2615 638 2638 non
663 2603 750 2639 satis

101 2655 305 2704 perspicere
319 2670 479 2707 possum.
508 2658 634 2695 Malim
648 2659 752 2707 equi-

103 2710 188 2747 dem
215 2711 259 2747 ab
291 2725 415 2751 eorum
440 2716 603 2764 partibus
639 2720 750 2763 stare,

103 2767 165 2813 qui
192 2766 364 2817 Araxem,
401 2771 498 2808 cuius
526 2772 582 2808 laic
611 2772 749 2809 mentio

103 2820 166 2869 fit,
203 2822 300 2860 haud
328 2826 434 2863 alium
470 2841 551 2865 esse
586 2832 751 2865 statuunt

103 2881 214 2926 atque
228 2877 419 2929 Iaxartem,
432 2896 511 2920 cum
531 2883 632 2921 Oxus
651 2886 751 2934 apud

107 2931 332 2975 Herodotum
357 2939 443 2976 Acis
469 2941 615 2979 nomine
650 2941 748 2979 desi-

833 738 966 785 gnetur
979 766 990 785 ‚
1018 740 1054 775 et
1072 737 1211 787 reliqua
1228 738 1358 777 Nostri
1379 740 1491 779 verba

833 793 880 829 ad
898 792 1076 831 Iaxartem
1088 795 1314 844 potissimum
1332 810 1399 835 nos
1422 798 1491 835 ‹lu-

833 862 915 886 cere
953 850 1153 888 videantur.
1213 852 1274 890 Tu
1304 854 1376 891 vid.
1409 854 1490 892 Ke-

832 905 1017 956 phalidem
1037 908 1083 945 de
1100 907 1239 946 Histor.
1254 910 1365 961 Casp.
1379 912 1487 948 maris

832 974 919 1013 pag.
939 964 1023 1005 357
1043 976 1146 1013 seqq.
1167 964 1330 1015 inprimis
1348 981 1385 1018 p.
1404 968 1487 1009 371

832 1032 910 1068 seq.
943 1019 1022 1057 coll.
1043 1033 1131 1070 pag.
1151 1023 1233 1063 269
1253 1036 1356 1073 seqq.
1387 1023 1488 1061 Hee-

832 1088 909 1113 ren.
931 1075 1043 1114 Ideen
1064 1076 1100 1123 I,
1119 1080 1145 1118 2
1164 1090 1201 1126 p.
1228 1081 1322 1120 292.
1354 1079 1485 1118 Ritter.

830 1131 1035 1171 Erdkunde
1054 1133 1087 1169 II
1110 1146 1147 1183 p.
1168 1134 1260 1174 658.
1281 1135 1376 1176 848.
1417 1136 1487 1172 Cui

830 1190 1032 1227 sententiae
1058 1190 1260 1228 firmandae
1285 1191 1375 1230 illud
1395 1192 1486 1229 adii-

831 1245 878 1283 cit
912 1245 1294 1295 Schweighaeuser-us,
1335 1249 1383 1285 ad
1418 1247 1483 1285 Ια-

828 1305 967 1338 xartem
989 1303 1182 1340 memorari
1199 1304 1323 1340 urbem
1343 1317 1365 1341 a
1384 1304 1483 1353 Cyro

829 1359 1031 1406 conditam,
1061 1359 1208 1396 nomine
1240 1359 1482 1411 Κυρέσχατα,

829 1415 875 1452 de
912 1427 984 1464 qua
1012 1415 1146 1453 Cellar.
1192 1415 1229 1452 in
1267 1417 1480 1467 Geograph.

826 1470 951 1520 Antiq.
982 1471 1054 1519 ΙΙΙ,
1079 1475 1131 1512 21
1163 1484 1251 1522 pag·
1274 1474 1368 1514 834.
1386 1476 1480 1515 836.

826 1527 920 1564 Illud
940 1529 1047 1565 etiam
1067 1528 1153 1565 addi
1169 1529 1326 1579 poterit,
1352 1528 1481 1567 Araxis

826 1585 974 1622 nomine
1007 1584 1128 1635 plures
1169 1585 1318 1624 orientis
1351 1587 1480 1624 fluvios

825 1642 990 1691 insignes
1016 1654 1116 1687 esse3
1146 1641 1284 1692 quippe
1317 1643 1481 1693 appella-

827 1697 938 1734 tivum
986 1698 1152 1749 primitus
1190 1699 1302 1736 fuisse
1337 1700 1481 1736 videtur

824 1767 971 1801 nomen,
988 1754 1152 1805 pluribus
1173 1754 1258 1792 dein
1277 1756 1393 1792 fluviis
1416 1755 1481 1792 tri-

823 1810 960 1848 butum.
1019 1811 1143 1859 Confi,
1160 1823 1207 1848 ne
1225 1810 1351 1861 plura,
1378 1811 1480 1850 Hee-

824 1879 900 1904 ren.
922 1867 944 1904 l.
964 1865 987 1903 l.
1007 1866 1046 1914 I,
1067 1869 1089 1909 1
1118 1880 1205 1918 pag.
1223 1867 1279 1909 55
1294 1871 1330 1905 et
1346 1867 1478 1906 Ritter.

823 1923 884 1960 l.l.
910 1937 946 1974 p.
966 1923 1062 1964 658.
1119 1923 1252 1961 Facilis
1281 1937 1367 1962 vero
1391 1937 1480 1962 con-

822 1980 928 2027 fusio,
946 1992 1055 2030 quam
1074 1979 1133 2017 vix
1150 1979 1288 2018 Noster
1304 1980 1479 2030 effugisse

821 2037 985 2084 videtur,
1023 2049 1103 2074 cum
1131 2035 1259 2074 Araxis
1286 2038 1407 2075 fontes
1439 2038 1478 2075 in

820 2092 992 2131 Matienis
1031 2106 1112 2131 esse
1141 2093 1198 2131 hic
1234 2093 1388 2142 scribat,
1419 2094 1478 2131 iti-

819 2151 976 2199 demque
992 2149 1056 2198 IV,
1077 2148 1132 2190 40
1156 2150 1332 2188 orientem
1350 2164 1475 2188 versus

820 2220 901 2245 eum
922 2208 1035 2244 fluere
1063 2207 1195 2244 tradat.
1253 2206 1358 2244 Haec
1379 2207 1473 2244 enim

816 2276 892 2300 non
912 2264 961 2300 ad
982 2262 1164 2300 Iaxartem
1182 2264 1356 2301 seriorum
1369 2292 1380 2310 ‚
1401 2277 1474 2313 quo

817 2320 958 2369 reliqua
1005 2321 1052 2358 de
1095 2319 1216 2357 Araxe
1259 2320 1474 2357 Herodoteo

817 2378 1018 2428 pertinent,
1039 2376 1165 2415 referri
1181 2380 1366 2428 poterunt.
1397 2377 1475 2414 Sed

819 2434 909 2471 vidit
926 2433 994 2471 hoc
1013 2434 1083 2470 iam
1113 2432 1312 2471 Rennelius
1338 2433 1475 2484 proba-

818 2491 941 2539 vitque
975 2490 1102 2539 Heyse
1135 2489 1159 2527 l.
1199 2489 1222 2527 l.
1253 2489 1331 2526 coll.
1358 2489 1474 2526 Dahl-

818 2559 941 2584 mann.
961 2547 1102 2584 Herod.
1122 2559 1209 2597 pag.
1225 2546 1316 2587 142.
1349 2546 1472 2582 Szabo

816 2603 1000 2655 Descript.
1024 2602 1127 2641 Pers.
1156 2604 1284 2654 imper.
1311 2615 1398 2653 pag.
1417 2601 1472 2643 44

819 2673 896 2710 seq.

875 2711 1043 2767 στόμασι
1059 2712 1102 2755 δὲ
1124 2712 1362 2768 ἐξερεύγεται
1382 2726 1471 2753 τεσ-

818 2769 1086 2824 σαράκοντα]
1113 2773 1220 2816 Quae
1258 2772 1352 2808 ostia
1386 2771 1472 2807 dicit

816 2830 1043 2877 Herodotus,
1054 2830 1170 2879 fluvii
1183 2829 1352 2866 dicuntur
1368 2828 1472 2863 Stra-

817 2887 904 2922 boni
940 2886 962 2922 l.
1001 2885 1024 2922 l.
1061 2885 1231 2923 scribenti
1269 2884 1471 2935 σχίζεσθαι

817 2939 884 2982 τὸν
906 2937 1074 2994 Ἀράξην
1097 2941 1154 2989 εἰς
1174 2937 1470 2992 τεσσαράκοντα
