1759 3324
19 593 86 638 86
143 598 274 646 ζουσι.

522 241 1042 281 EUTERPE.II.
1318 249 1402 288 669

116 358 234 401 δσύν
274 356 320 400 δέ
357 364 435 410 σφι
473 354 519 396 αἱ
556 349 861 407 προσήκουσαι
898 354 1048 395 πᾶσαι,
1109 352 1325 407 ἑτέρωθεν
1366 356 1412 400 δὲ

115 439 192 480 4οῑ
225 436 376 486 ἄνδρες
410 431 663 483 τύπτονται,
698 431 978 487 ἐπεζωσμέτόι
1011 432 1085 476 καὶ
1114 427 1249 476 οὗτοι.
1282 433 1413 477 ἐπεὰν

144 516 188 558 δὲ
216 517 353 556 ταῦτα
384 510 619 566 ποιήσωσι,
667 510 783 554 οὕτω
814 510 856 561 ἐς
895 510 976 566 τήν
1012 514 1260 568 ταρίχευσιν
1289 515 1470 570 κομί-25

111 680 133 712 2
143 671 296 727 τέχνην
335 671 480 726 ἔχουσι
523 669 699 726 ταύτην.

82 868 236 905 cumdet.
274 868 380 904 Conf.
404 867 554 905 Costaz.
576 867 612 904 in
632 867 738 905 mem.

83 925 271 974 (descript.
295 925 342 961 de
371 924 483 973 l’Eg.)
518 925 532 960 Ι
565 938 650 975 pag.
671 928 735 966 74.

80 981 192 1018 Plura
212 982 273 1017 Cr.
305 981 326 1018 l.
350 981 372 1017 l.
412 982 517 1024 Quae
540 984 649 1018 etiam
672 994 736 1019 ex-

79 1038 214 1088 plicant
233 1038 389 1074 Diodori
406 1039 514 1074 verba
537 1039 582 1075 de
607 1038 737 1087 lugen-

81 1095 177 1131 tibus
207 1094 394 1143 Aeg>ptiis
421 1094 454 1141 Ι,
480 1098 552 1135 72:
583 1094 649 1133 καὶ
670 1110 736 1133 πε-

82 1151 335 1203 ριεζωσμένοι
364 1148 549 1199 σινδόνας
583 1147 735 1190 ὑποκα-

80 1223 134 1246 τω
152 1209 233 1246 τῶν
254 1210 427 1258 μαστῶν.

136 1263 203 1302 καὶ
227 1265 444 1313 φαίνουσαι
461 1262 554 1311 τούς
571 1260 734 1316 μαζούς]

78 1320 155 1358 Iam
190 1321 372 1358 Homerus
403 1323 475 1359 Od.
507 1323 647 1370 XVIII,
679 1326 733 1363 67

81 1378 242 1427 φαίνειν
278 1374 431 1429 μηρούς
469 1380 577 1425 dicit,
616 1393 734 1429 eoque

79 1435 187 1471 etiam
208 1435 391 1484 pertinent
408 1436 612 1485 Spartanae
639 1452 730 1485 φαι-

79 1492 320 1542 νομηρίόες,
351 1497 522 1530 monente
556 1494 639 1539 Cn,
670 1493 732 1542 qui

80 1547 102 1584 l.
132 1548 154 1585 l.
179 1554 323 1598 praeter
350 1548 420 1585 alia
447 1549 536 1586 haec
570 1551 730 1586 addidit:

80 1605 312 1652 „Caeterum
334 1605 429 1641 hunc
456 1605 638 1655 planctum
657 1606 732 1643 Ae-

81 1661 288 1710 gyptiorum
332 1666 485 1711 propter
540 1663 730 1699 ddunctos

80 1717 207 1754 Moses
227 1719 334 1754 etiam
352 1719 519 1765 agnoscit
537 1719 572 1754 in
588 1719 732 1768 Iosephi

80 1773 216 1823 pietate
237 1775 470 1810 memoranda
490 1775 626 1812 Genes.
648 1775 694 1820 L,
709 1778 730 1816 1

81 1842 183 1878 seqq.
221 1830 269 1866 Et
298 1830 580 1879 Babyloniorum
599 1832 730 1869 similes

78 1885 354 1924 lamentationes
388 1900 431 1924 ea
468 1887 505 1923 in
545 1901 584 1925 re
620 1889 731 1925 fuisse

77 1943 244 1993 perhibet
261 1944 474 1980 Herodotus
495 1944 531 1991 Ι,
553 1947 632 1985 198
653 1946 734 1992 (ubi

77 1999 148 2036 vid.
170 2001 293 2048 nott.).
351 2000 432 2036 Alia
460 2001 506 2038 de
528 2001 733 2038 huiusmodi

77 2055 261 2093 mulierum
294 2056 439 2106 planctu
472 2070 492 2094 e
521 2059 735 2106 peregrina-

78 2112 214 2149 tionum
236 2112 336 2150 libris
364 2114 547 2162 congessit
567 2115 732 2162 Heynius

79 2168 116 2205 in
135 2169 292 2218 spicileg.
313 2171 425 2219 antiq.
446 2183 553 2207 mum.
571 2171 607 2207 in
629 2184 729 2208 com-

78 2230 204 2263 mentt.
224 2239 295 2263 soc.
319 2227 420 2263 Gott.
445 2227 497 2263 III
521 2241 556 2276 p.
575 2230 627 2268 80
648 2241 729 2277 sqq.

77 2280 198 2330 Magis
219 2295 286 2320 nos
304 2284 493 2321 advertere
505 2285 614 2321 debet
628 2284 729 2332 illud,

78 2340 179 2387 quod
203 2340 351 2376 eosdem
376 2340 526 2389 lugendi
550 2340 730 2390 plangen-

79 2395 188 2444 dique
209 2396 295 2432 ritus
317 2397 499 2446 hodieque
520 2411 586 2447 per
603 2398 728 2446 Aegy-

76 2455 177 2501 ptum
196 2452 358 2490 obtinere
374 2454 472 2490 docti
493 2454 524 2490 F
528 2455 727 2503 rancogalli

75 2511 275 2555 testantur,
305 2510 428 2558 quales
449 2514 486 2547 et
513 2511 726 2548 Herodotus

78 2564 268 2614 descripsit
289 2570 325 2602 et
344 2567 505 2616 picturae
521 2567 603 2604 illae
622 2568 657 2604 T
661 2568 725 2605 he-

76 2619 202 2657 baicae
228 2620 265 2657 in
292 2623 464 2672 sepulcris
490 2628 576 2661 ante
601 2624 726 2661 oculos

76 2681 229 2738 ponunt.
257 2677 339 2714 Vid.
361 2679 495 2728 Royer.
516 2684 552 2724 et
568 2680 725 2718 Iomard.

77 2731 116 2767 in
135 2733 250 2769 deser.
270 2734 425 2784 del'Eg.
452 2736 528 2773 livr.
549 2737 584 2773 X
612 2751 650 2788 p.
669 2739 724 2779 43

78 2791 118 2825 et
135 2788 272 2838 antiqq.
296 2789 328 2827 II
346 2805 382 2858 p.
401 2794 495 2834 383.
499 2794 588 2820 “—

134 2839 236 2883 οὕτω
255 2843 294 2892 ἐς
312 2845 386 2898 τήν
411 2848 633 2899 ταρίχευσιν
658 2864 724 2889 κο-

78 2898 257 2951 μίζουσι]
295 2902 318 2940 i.
348 2916 379 2941 6.
420 2905 468 2942 ad
499 2905 724 2945 condiendum

330 591 432 634 Εἰσὶ
464 591 508 634 δὲ
539 594 582 633 οἳ
621 589 689 633 ἐπ’
731 588 852 649 αὐτῷ
888 591 1028 648 τούτῳ
1059 592 1285 643 κατέαται,
1333 594 1406 636 καὶ

1464 586 1492 613 Τ
1497 587 1590 622 riplex
1607 588 1747 616 66ηι1ἰ6ῐι-

1465 620 1493 647 di
1513 621 1607 648 cadax
1611 623 1670 649 eris
1699 632 1747 649 ra-

794 664 811 683 ε·
927 669 937 684 s
1010 669 1019 682 ι
1464 655 1521 681 tio:
1559 657 1656 689 qualis
1685 657 1746 691 pri-

756 687 879 714 ΟυῖΟι
921 686 1051 713 δπὲαυ
1090 682 1170 727 σφι
1212 676 1406 730 κομισθῃ
1463 690 1674 756 lgnlamngummi
1692 698 1745 725 pro

806 867 978 917 efferunt,
1009 873 1047 906 ut
1065 869 1120 917 ΙΙ,
1146 873 1198 912 89
1224 869 1380 909 διδοῦσι
1400 886 1465 910 τα-

807 922 988 977 ριχεύειν.
1038 925 1091 963 Α6
1112 927 1299 977 probabile
1321 932 1397 975 est,
1427 929 1465 966 in

807 983 958 1031 singulis
997 983 1081 1020 vicis
1128 985 1309 1034 pagisque
1349 986 1463 1023 fuisse

805 1040 990 1086 aedificia,
1023 1040 1082 1076 ubi
1121 1042 1299 1078 cadavera
1337 1043 1464 1078 condi-

804 1100 948 1143 rentur,
978 1096 1082 1145 plura
1111 1098 1219 1134 etiam
1245 1099 1281 1133 in
1302 1098 1462 1147 qualibet

803 1152 893 1189 urbe
935 1153 1084 1190 maiore.
1150 1154 1311 1191 leibum
1348 1170 1460 1205 ταρι-

802 1223 891 1258 χευ
881 1223 955 1255 ιν,
986 1210 1087 1258 quod
1117 1210 1164 1247 de
1197 1210 1361 1259 quolibet
1389 1211 1461 1247 sal-

803 1266 957 1310 samenti
981 1279 1116 1314 genere
1136 1271 1343 1317 usurpatur,
1373 1281 1460 1317 pro-

799 1323 920 1372 prium
949 1324 1033 1359 dein
1064 1324 1231 1360 universo
1253 1324 1375 1361 huicce
1395 1337 1461 1362 ne-

801 1379 902 1427 gotio
929 1380 1217 1416 condiendorum
1241 1381 1460 1418 cadaverum

799 1436 975 1473 adhaesit.
1033 1436 1143 1473 Plura
1172 1438 1389 1475 Creuzerus.

967 1521 998 1558 6
1012 1533 1032 1557 a
1042 1534 1078 1571 p.
1108 1520 1317 1559 LXXXVI.

857 1604 896 1643 οἳ
924 1600 990 1643 ἐπ’
1020 1600 1132 1658 αὐτῷ
1165 1602 1291 1659 τούτῳ
1322 1605 1459 1646 κατέα-

800 1662 885 1710 ται]
905 1660 1088 1699 κατέαται
1108 1662 1231 1699 Ionica
1251 1665 1370 1701 forma
1390 1677 1457 1714 pro

800 1714 1004 1767 κάθηνται
1025 1722 1063 1754 ut
1086 1718 1125 1766 Ι,
1149 1722 1239 1760 199.
1286 1720 1458 1770 Explicat

802 1774 1083 1811 Valckenarius:
1124 1778 1287 1826 occupati
1316 1779 1352 1814 in
1387 1777 1459 1815 ali-

802 1844 870 1880 qua
889 1844 946 1878 re,
966 1838 1002 1868 et
1014 1831 1229 1869 locutionem
1243 1836 1459 1883 καθῆσθαι

801 1887 870 1931 ἐντί,
894 1903 969 1926 τινι
1006 1890 1053 1925 de
1077 1890 1277 1939 artlficz'bus
1310 1891 1456 1928 sellula-

801 1947 887 1991 riis,
917 1947 953 1980 in
975 1944 1114 1993 officina
1128 1960 1193 1983 sua
1214 1947 1410 1984 sedentibus
1424 1953 1457 1985 ct

801 2002 1020 2050 operantibus
1058 2003 1231 2040 usitatam
1249 2033 1259 2050 ,
1319 2004 1458 2053 aliquot

799 2058 953 2094 illustrat
981 2059 1166 2109 exemplis.
1227 2060 1351 2104 Quare
1386 2061 1456 2098 hoc

798 2114 878 2151 loco
899 2112 1202 2165 κατατετάχαται
1213 2145 1223 2163 ,
1256 2118 1356 2166 quod
1368 2117 1456 2154 Val-

798 2171 856 2208 lae
873 2173 989 2208 versio
1008 2173 1204 2222 expressit,
1223 2174 1398 2222 quodque
1417 2175 1454 2211 in

798 2228 979 2265 Sancrofti
995 2228 1086 2265 libro
1099 2234 1243 2266 vetusto
1255 2235 1454 2280 comparet,

799 2289 837 2321 et
865 2285 968 2321 simili
1003 2286 1160 2335 denique
1192 2286 1271 2323 loco
1301 2287 1337 2334 I,
1371 2290 1451 2329 191

798 2341 933 2378 firmari
960 2355 1070 2392 posse
1097 2343 1240 2379 videtur
1267 2343 1386 2420 („q‘uz
1404 2344 1453 2381 ad

798 2398 860 2434 hoc
878 2400 989 2448 ipsum
1004 2402 1188 2436 εοηεΐῑίιιΐι
1202 2403 1350 2444 ει·αηί,·“
1366 2414 1452 2439 nam

793 2455 937 2504 publica
961 2455 1044 2504 lege
1075 2456 1278 2505 designati,
1320 2458 1451 2506 quibus

793 2513 959 2548 funerum
982 2526 1082 2559 cura,
1113 2518 1205 2550 teste
1228 2513 1395 2550 Diodoro
1422 2514 1450 2562 Ι,

795 2570 883 2616 91),
914 2569 1131 2618 quibusdam
1156 2569 1368 2619 placiturum
1398 2571 1452 2607 vi-

796 2625 887 2670 deo;
929 2626 1015 2672 nisi,
1049 2639 1143 2675 quae
1169 2639 1251 2663 mea
1279 2631 1335 2663 est
1365 2641 1450 2665 sen-

794 2682 928 2729 tentia,
970 2682 1085 2731 ipsius
1115 2684 1211 2719 vocis
1243 2683 1449 2733 primitivae

791 2739 958 2775 videatur
977 2740 1336 2789 interpretamentum
1353 2741 1449 2778 male

793 2794 879 2831 dein
897 2795 934 2831 in
958 2799 1098 2832 textum
1114 2800 1312 2846 receptum.
1369 2796 1451 2835 Nec

793 2851 950 2901 denique
967 2852 1197 2890 inhonestum
1218 2852 1447 2900 vocabulum,

793 2907 823 2944 si
837 2908 1054 2947 taricheutas
1072 2909 1174 2961 ipsos
1186 2937 1198 2958 ,
1217 2908 1446 2958 inferiorem-
