1805 3315
376 236 433 278 64
784 235 1255 275 HERODOTI

264 344 330 390 26

89 408 218 437 Croesus
243 414 332 437 uatus
478 423 500 440 ⁴.
693 428 710 436 ψ
833 421 844 433 e
875 421 885 438 ν
991 422 1001 437 ι

54 444 245 504 3323813
258 444 330 503 ξξίιὶιι,
379 426 551 480 σιληιην
591 426 785 478 Κροισος
823 440 847 466 ο
878 428 1128 476 Αλυαττεω,

56 510 328 579 ξὲῑῦῐιῗὲἃιὲζὺῗὲἑξξ
375 502 500 547 πέντε
537 504 611 547 καὶ
639 500 888 557 τριήκοντα·
932 502 981 553 ὃς
1013 502 1065 558 δὴ
1089 500 1307 558 Ἑλλήνων
1334 503 1545 557 πρώτοισι
1582 503 1673 547 ἐπε-

355 583 546 638 Ξθήκατο
576 580 822 637 Ἐφεσίοισι.
875 581 984 624 ἔνθα
1014 579 1067 638 δὴ
1101 582 1144 624 οἱ
1180 579 1375 637 Ἐφέσιοι
1420 582 1673 637 πολιορκεό·

497 342 843 400 Τελευτήσαντος
872 344 918 388 δὲ
943 341 1205 399 Ἀλυάττεω,
1242 345 1458 398 ἐξεδέξατο
1488 346 1568 402 τήν
1596 349 1670 403 βα-

1188 423 1319 467 ἐτέων
1369 423 1453 467 ἐών
1497 423 1716 480 ἡλικίην75

377 676 502 718 μενοι
530 658 612 702 ὑπ’
642 657 806 713 αὐτοῦ,
843 657 1056 703 ἀνέθεσαν
1092 659 1172 715 τὴν
1209 659 1341 703 πόλιν
1370 664 1423 717 τῇ
1445 659 1672 717 Ἀρτέμιδι,

381 738 612 792 ἐξάψαντες
671 739 719 783 ἐκ
775 742 859 782 τοῦ
913 743 1027 796 νηοῦ
1081 739 1277 795 σχοινίον
1330 738 1373 791 ἐς
1427 741 1477 783 τὸ
1523 745 1673 796 τεῖχος.

333 933 423 958 πων
447 911 615 968 σιδήρου
635 911 821 966 κόλλησιν
845 915 992 968 ἐξεῦρε]

333 975 535 1013 Pausanias
566 973 634 1010 1.l.
671 973 769 1010 idem
798 974 909 1011 refert
937 974 994 1010 his

334 1032 473 1070 verbis:
501 1051 558 1059 —-
576 1030 694 1069 τοῦτο
716 1024 901 1069 Γλαύκου
922 1028 995 1081 μέν

333 1087 440 1128 ἐστιν
476 1085 591 1139 ἔργον
626 1088 699 1125 τοῦ
740 1086 864 1135 Χίου,
912 1097 994 1125 σι-

335 1140 495 1196 δήρου
528 1138 771 1192 κόλλησιν
802 1138 995 1194 ἀνδρὸς

334 1196 591 1253 εὑρόντος.
648 1198 730 1236 Nec
751 1198 855 1236 aliter
872 1199 994 1236 Hero-

332 1257 411 1294 doti
446 1257 558 1294 verba
591 1256 713 1293 reddit
747 1255 994 1304 Hieronymus

335 1313 492 1362 (Euseb.
508 1312 678 1349 Chronic.
707 1311 853 1362 Olymp.
874 1311 994 1359 XXV,

336 1370 364 1411 4
399 1382 428 1404 s.
459 1371 541 1410 677
576 1380 599 1405 a
628 1368 756 1416 Chr.):
802 1368 994 1415 „Glaucus

337 1425 446 1463 Chius
470 1426 608 1475 primus
621 1424 717 1474 ferri
735 1427 825 1461 inter
852 1439 886 1462 se
911 1425 994 1474 glu-

334 1484 447 1519 tinum
485 1483 713 1530 excogitavit.
727 1482 751 1500 ‘⁴
788 1481 888 1519 Male
918 1481 994 1519 Sa-

333 1541 442 1575 mium
465 1538 552 1574 dicit
580 1537 760 1574 Glaucum
785 1538 994 1588 Stephanus

331 1594 487 1643 Byzant.
519 1608 549 1630 s.
574 1607 609 1630 v.
638 1589 828 1644 Αἰθάλη,
869 1607 996 1643 quam-

335 1663 448 1700 quam
487 1651 535 1686 ad
566 1650 772 1688 Samiorum
817 1651 995 1687 artificum

335 1705 564 1756 disciplinam
592 1707 810 1753 (Samische
840 1706 995 1755 Erzgie»

337 1762 561 1810 sserschule)
577 1762 637 1800 ille
660 1763 759 1799 haud
785 1763 916 1800 iniuria
937 1777 995 1801 re-

336 1819 422 1856 ferri
451 1823 596 1868 potest,
630 1819 822 1868 Bottigero
851 1831 999 1869 quoque

336 1879 432 1912 teste
451 1875 487 1911 in
508 1874 699 1912 Amalthea
708 1875 761 1912 ΙΙΙ
781 1889 817 1926 p.
836 1875 889 1917 25
909 1880 998 1923 not,

335 1935 376 1967 ut
402 1930 465 1968 Cr.
494 1932 694 1968 admonuit.
726 1932 811 1975 Quo
832 1936 999 1983 ternpore

336 1987 496 2024 Glaucus
521 1988 667 2035 vixerit,
697 2001 741 2025 ex
758 1988 909 2026 Eusebii
933 1991 1000 2025 ad-

335 2048 443 2094 paret
477 2043 558 2080 loco
587 2057 699 2093 supra
727 2044 896 2092 laudato,
933 2044 996 2081 ubi

333 2104 458 2136 tamen
474 2099 534 2135 alii
559 2099 707 2150 Olymp.
727 2101 838 2149 XXI,
873 2102 899 2142 3
927 2114 996 2151 po-

333 2160 426 2192 nunt
452 2156 528 2193 sive
546 2168 629 2193 ann.
651 2156 733 2198 694
752 2169 783 2194 a.
808 2158 894 2194 Chr.
919 2157 997 2195 Re-

334 2211 453 2261 liquos
487 2211 586 2249 locos
625 2213 673 2250 de
704 2214 850 2250 artificis
889 2214 995 2250 huius

333 2280 446 2318 opere
478 2262 633 2318 praebet
657 2269 774 2318 Sillig.
814 2270 853 2306 in
884 2271 996 2307 Cata-

335 2323 409 2373 log.
443 2322 581 2362 Artific.
610 2339 647 2375 p.
673 2329 768 2367 219.
804 2326 904 2363 Satis
930 2339 996 2363 au-

333 2383 410 2417 tem
449 2384 575 2417 notum
605 2385 681 2429 est,
723 2381 852 2419 Glauci
880 2387 996 2420 artem

335 2435 373 2472 in
417 2437 648 2485 proverbium
686 2439 791 2487 quasi
827 2441 995 2486 cessisse,

334 2492 387 2527 ita
414 2496 453 2527 ut
492 2489 679 2532 Γλαύκου
710 2493 826 2544 τέχνη
862 2495 909 2533 de
935 2508 995 2532 re-

335 2547 403 2583 bus
421 2548 600 2586 diceretur
614 2548 764 2586 multum
783 2551 921 2599 ingenii
936 2563 996 2586 ar-

334 2602 507 2651 tificiique
549 2605 839 2653 requirentibus,
895 2605 995 2655 quod

336 2670 412 2695 non
450 2660 545 2707 sugit
583 2660 778 2698 Heindorf.
811 2661 860 2698 ad
901 2661 995 2697 Plat.

335 2713 525 2752 Phaedon.
565 2728 602 2766 p.
637 2717 732 2758 225.
796 2715 896 2754 Nam
931 2718 999 2754 im-

335 2770 461 2820 primis
491 2770 584 2808 hanc
620 2773 667 2809 ob
704 2785 850 2810 causam
886 2773 997 2811 hocce

334 2838 428 2875 opus
457 2827 649 2865 Herodoto
677 2834 996 2866 commemoratum

331 2894 375 2921 ae
396 2895 467 2935 per
490 2888 604 2924 totam
634 2886 711 2925 fere
742 2885 995 2938 antiquitatem

1061 915 1290 955 celebratuun.
1349 917 1460 956 Locis
1490 929 1601 968 supra
1626 917 1721 955 hano

1061 973 1099 1009 in
1116 985 1193 1010 rem
1212 974 1368 1011 laudatis
1391 975 1458 1013 Cr.
1476 976 1581 1012 addit
1594 972 1721 1011 Achill.

1061 1027 1211 1066 Tatium
1243 1029 1305 1078 ΙΙ,
1343 1033 1369 1072 3
1403 1045 1440 1081 p.
1476 1033 1567 1072 110.
1626 1031 1721 1067 Sunt

1061 1097 1147 1122 vero
1166 1086 1362 1136 praecipue
1383 1088 1582 1137 spectanda
1602 1089 1641 1124 in
1663 1087 1720 1124 his

1061 1145 1230 1192 tempora
1251 1142 1313 1179 illa
1333 1144 1549 1190 remotiora,
1589 1144 1720 1193 quibus

1060 1198 1147 1235 talia
1175 1211 1288 1248 opera
1317 1201 1482 1237 confecta
1497 1213 1581 1237 esse
1596 1200 1721 1236 dicun-

1059 1258 1136 1301 tur,
1185 1257 1400 1305 praesertim
1450 1269 1530 1293 cum
1573 1257 1722 1302 ferrum,

1061 1322 1282 1360 quamquam
1306 1312 1418 1349 multo
1449 1316 1534 1349 ante
1558 1313 1630 1350 iam
1656 1312 1722 1349 (le-

1059 1371 1194 1403 tectum
1224 1367 1326 1416 (577
1354 1369 1458 1404 annis
1487 1372 1572 1406 ante
1595 1367 1723 1416 Alyat-

1059 1426 1155 1470 tem,
1203 1424 1235 1460 si
1273 1425 1421 1472 quidem
1460 1429 1557 1462 recte
1594 1425 1722 1460 statuit

1060 1477 1300 1529 Larcherus),
1315 1481 1383 1517 hoc
1400 1484 1523 1518 tamen
1561 1493 1724 1530 empore,

1062 1547 1133 1584 quo
1165 1536 1325 1572 Glaucus
1362 1538 1449 1572 vixit
1484 1536 1723 1585 Alyattesque.

1062 1592 1246 1639 regnarit,
1276 1593 1314 1628 in
1332 1592 1485 1630 metallis
1498 1592 1724 1643 pretiosiori-

1062 1648 1130 1684 bus
1161 1648 1354 1697 magisque
1389 1649 1588 1686 aestimatis
1619 1649 1724 1685 habi-

1062 1707 1138 1740 tum
1153 1705 1280 1750 fuerit3
1310 1706 1410 1753 quod
1428 1706 1472 1741 iis
1489 1706 1611 1752 etiam,
1630 1717 1724 1753 quae
1769 1715 1774 1720 ·

1062 1761 1161 1810 apud
1199 1760 1339 1797 Herod.
1374 1761 1412 1808 I,
1452 1764 1505 1803 68
1541 1761 1724 1810 leguntur,

1061 1817 1149 1853 satis
1177 1817 1326 1867 probari
1351 1822 1476 1855 censet
1505 1816 1723 1855 Larcherus.

1117 1869 1142 1911 ὃ
1171 1875 1365 1923 μοῦνος
1393 1871 1444 1924 δή
1469 1869 1632 1913 πάντων
1654 1869 1723 1911 ἆν-

1059 1924 1239 1980 θρώπων
1261 1944 1297 1968 κ.
1322 1943 1353 1967 τ.
1381 1931 1429 1976 λ.]
1461 1931 1590 1968 Codex
1614 1929 1724 1966 Pala-

1059 1986 1156 2022 tinus
1188 1986 1227 2022 in
1269 1985 1459 2036 Excerptis
1498 1986 1723 2024 Herodoteis

1061 2054 1129 2092 pro
1153 2043 1303 2092 μοῦνος
1330 2042 1399 2079 hoe
1422 2042 1502 2080 loco
1525 2044 1588 2080 dat
1616 2043 1725 2094 πρῶ-

1061 2113 1149 2145 τος,
1188 2102 1227 2134 ut
1248 2098 1449 2136 Pausanias
1475 2112 1622 2148 quoque
1647 2098 1670 2134 l.
1698 2097 1722 2135 l.

1062 2153 1112 2191 Et
1137 2155 1268 2190 variari
1296 2155 1423 2204 utique
1456 2156 1600 2193 videtur
1629 2155 1725 2191 inter

1063 2211 1214 2261 μοῦνος
1234 2215 1270 2248 et
1286 2213 1462 2262 πρῶτος,
1495 2212 1542 2249 de
1563 2224 1635 2260 quo
1655 2210 1722 2248 Cr.

1062 2267 1187 2303 laudat
1217 2267 1459 2318 Havercamp.
1493 2268 1542 2305 ad
1577 2267 1724 2317 Ioseph.

1061 2322 1212 2372 Antiqq.
1233 2323 1261 2370 Ι,
1283 2326 1308 2364 7
1338 2336 1424 2374 pag.
1448 2326 1524 2372 28,
1552 2324 1652 2361 cuius
1667 2327 1724 2361 ta-

1061 2392 1147 2419 men
1165 2379 1336 2417 iudicium
1358 2393 1434 2417 non
1451 2381 1583 2431 placet.

1255 2463 1362 2514 Cap.
1390 2463 1527 2502 XXVI.

1117 2542 1421 2599 τελευτήσαντος
1440 2544 1483 2586 δὲ
1498 2541 1725 2596 Ἀλυάττεω,

1062 2601 1260 2650 ἐξεδέξατο
1283 2600 1356 2653 τήν
1371 2604 1583 2654 βασιληΐην
1602 2607 1726 2656 Κροῖ·

1064 2670 1133 2705 σος
1163 2657 1187 2698 o‘
1214 2654 1431 2698 Ἀλυάττεω
1459 2673 1496 2698 κ.
1518 2674 1550 2698 τ.
1577 2663 1627 2706 λ.]
1663 2660 1726 2698 De

1065 2714 1328 2763 chronologicis
1387 2715 1587 2753 rationibus
1640 2716 1725 2754 vide

1065 2771 1216 2821 disputt.
1235 2771 1283 2807 ad
1299 2770 1328 2818 I,
1351 2770 1405 2812 45
1426 2772 1487 2810 fin.
1515 2772 1582 2820 (al.
1607 2774 1694 2821 46).

1118 2823 1340 2876 ἐξάψαντες
1397 2826 1440 2867 ἐκ
1496 2831 1570 2868 τοῦ
1620 2829 1726 2879 νηοῦ

1063 2883 1239 2937 σχοινίον
1255 2882 1296 2932 ἐς
1314 2880 1358 2925 τὸ
1378 2887 1527 2936 τεῖχος]
1556 2884 1617 2924 Ad
1635 2897 1724 2924 ean-
