1814 3315
634 236 855 275 CLIO.
913 235 941 274 Ι.

1341 242 1424 281 177

161 366 260 406 τας·
290 351 368 396 τόν
397 348 443 394 δὲ
472 346 644 403 ἄκμονα
672 346 748 392 καὶ
775 345 856 403 τήν
886 345 1088 403 σφύραν,
1119 346 1197 392 τόν
1215 363 1260 391 τε
1280 347 1421 393 τύπον

162 435 235 479 καὶ
262 432 340 476 τόν
369 427 625 472 ἀντίτυπον·
672 426 751 470 τὸν
781 428 828 470 δὲ
857 425 1196 482 ἐξελαυνόμενον
1224 429 1450 484 σίδηρον,5

161 511 209 557 τὸ
237 515 355 567 πῆμα
384 509 454 551 ἐπὶ
482 505 646 562 πήματι
675 507 902 561 κείμενον·
953 505 1065 550 κατὰ
1094 506 1266 555 τοιόνδε
1294 523 1334 550 τι
1364 508 1419 573 2313-

158 591 320 644 κάζων,
359 586 417 638 ὡς
446 587 514 630 ἐπὶ
543 590 664 643 κακῷ
694 583 934 641 ἀνθρώπου
965 587 1145 642 σίδηρος
1172 583 1419 642 ἀνεύρηται.

130 665 553 725 5Συμβαλλεόμενος
583 665 629 709 δὲ
658 668 822 717 ταῦτα,
863 666 938 708 καὶ
968 663 1170 708 ἀπελθών
1198 665 1241 717 ἐς
1268 666 1418 721 Emi&

154 765 257 806 την,
299 747 456 803 ἔφραζε
485 746 876 801 Λακεδαιμονίοισι
914 748 1003 788 πᾶν
1043 744 1091 788 τὸ
1124 748 1316 802 πρῆγμα.
1376 747 1422 790 οἱ

154 827 225 879 δὲ,
267 826 315 871 ἐκ
344 826 481 882 λόγου
510 827 709 870 πλαστοῦ
738 824 1031 876 ἐπενείκαντὲς
1061 826 1105 868 οἱ
1134 826 1298 882 αἰτίην,
1338 824 1415 869 έδί-
1430 832 1474 867 10

126 915 149 950 6
161 908 290 960 ωξαν.

350 904 373 950 ὁ
414 906 483 959 δὲ,
527 903 791 960 ἀπικόμενος
831 904 873 955 ἐς
908 904 1086 960 Τεγέην,
1132 904 1207 948 καὶ
1237 904 1418 960 φράζων

153 986 234 1043 τὴν
264 985 433 1030 ἑωυτοῦ
464 984 698 1042 συμφορήν
728 983 836 1039 πρὸς
864 983 944 1027 τόν
972 984 1148 1040 χαλκέα,
1178 984 1416 1039 ἐμισθοῦτο

153 1064 251 1120 παρ’
284 1064 368 1110 οὐκ
399 1065 646 1116 ἐκδιδόντος
673 1064 753 1120 τὴν
784 1061 934 1120 αὐλήν.
984 1062 1130 1122 χρόνῳ
1161 1063 1207 1107 δὲ
1239 1062 1298 1115 ὦς
1325 1062 1418 1107 ἀνέ-
1473 1064 1529 1106 34

124 1151 148 1185 7
156 1157 295 1201 γνωσε
304 1179 315 1197 ,
345 1146 585 1201 ἐνοικίσθη.

646 1142 862 1198 ἀνορύξας
892 1143 937 1187 δὲ
966 1142 1045 1187 τὸν
1073 1142 1241 1198 τάφον,
1271 1144 1344 1187 καὶ
1373 1142 1427 1186 τὰ

154 1223 281 1268 ὀστέα
312 1225 537 1277 συλλέξας,
569 1225 707 1280 οἴχετο
739 1224 889 1278 φέρων
918 1222 961 1275 ές
978 1221 1202 1279 Σπάρτην.
1233 1222 1307 1267 καὶ
1327 1220 1413 1267 ἀπὸ
1430 1230 1472 1264 15

150 1430 218 1471 καὶ
254 1428 328 1484 τήν
375 1427 578 1482 σφύραν]
627 1430 755 1469 Malim

94 1489 251 1527 scribere
280 1501 334 1539 σφ
346 1490 374 1528 ὗ
383 1504 468 1541 ραν.
491 1488 575 1526 Vid.
587 1489 754 1527 Siebelis.

93 1545 144 1582 ad
160 1545 317 1583 Pausan.
335 1546 406 1593 ΙΙΙ,
425 1549 449 1587 3
474 1544 510 1597 §.
530 1549 568 1587 6.

150 1599 194 1641 ἐκ
232 1597 353 1654 λόγου
394 1604 573 1642 πλαστοῦ
607 1601 754 1642 ἐπενεί-

93 1656 234 1705 καντές
263 1658 304 1698 οἱ
342 1658 496 1710 αἰτίην]
547 1657 752 1711 ἐπιφέρειν

94 1714 227 1753 αἰτίαν
261 1715 341 1754 τινί
369 1716 488 1754 valet:
537 1718 664 1753 crimen
695 1718 752 1752 in-

89 1770 188 1821 ferre
213 1771 347 1820 alicui,
387 1772 613 1822 exprobrare,
644 1785 751 1810 accu-

93 1840 172 1864 sare
200 1828 363 1879 aliquem.
395 1829 504 1866 Conf.
525 1829 564 1877 Ι,
595 1832 661 1870 26.
685 1828 750 1866 Cr.

49 1909 54 1914 -
92 1884 195 1921 addit
217 1884 357 1923 Iacobs.
393 1885 431 1922 in
465 1884 584 1924 Lectt.
619 1886 750 1923 Stobb.

92 1953 129 1991 p-
179 1943 246 1983 69.
301 1938 422 1994 λόγος
467 1938 640 1989 πλαστός
695 1945 752 1980 est

92 2009 202 2034 causa
235 1999 340 2049 ficta.
401 1999 513 2042 Quod
567 1999 750 2049 sequitur:

93 2051 281 2103 ἐδίωξαν,
310 2055 421 2104 vulgo
445 2056 604 2094 reddunt
625 2057 750 2103 „exsi-

92 2109 140 2147 lio
166 2111 306 2148 eundem
332 2113 551 2149 mulctarunt
560 2113 602 2160 ,“
630 2113 751 2150 minus

91 2167 223 2217 opinor
264 2173 448 2216 accurate,
500 2182 580 2206 cum
625 2169 748 2220 potius

90 2224 316 2262 reddendum
336 2225 402 2263 sit:
431 2225 565 2263 iudicio
579 2238 654 2263 eum
668 2238 750 2276 per-

91 2282 202 2317 secuti
238 2285 340 2326 sun&
386 2283 486 2331 quod
516 2283 666 2332 quidem
694 2283 750 2320 iu-

91 2336 222 2374 dicium
266 2338 427 2376 exsilium
467 2343 629 2377 secutum
665 2351 749 2377 esse

92 2393 263 2432 credibile
302 2395 364 2442 fit,
407 2396 494 2444 quia
517 2395 652 2434 Liches
672 2400 749 2432 sta-

90 2447 156 2486 tim
184 2449 465 2490 Lacedaemone
500 2453 655 2490 cessisse
693 2452 749 2488 in-

91 2504 211 2555 deque
240 2507 388 2545 exulans
409 2508 577 2557 Tegeam
603 2508 750 2547 venisse

90 2560 242 2600 videtur.
279 2564 356 2601 Sed
388 2564 439 2601 nil
466 2566 642 2616 impedit,
674 2578 748 2614 quo

92 2616 210 2654 minus
231 2618 337 2657 aliam
359 2621 440 2669 quis
461 2626 598 2659 statuat
607 2621 746 2660 Lichae

93 2672 261 2711 mulctam
286 2676 456 2714 indictam
484 2692 578 2716 esse.

150 2726 362 2778 ἐμισθοῦτο
399 2729 497 2785 παρ’
531 2729 606 2774 οὐκ
647 2733 749 2774 ἔκδι-

94 2778 229 2831 δὸντος
257 2783 331 2837 τήν
361 2784 513 2841 αὐλήν]
556 2790 747 2838 ἐμισθοῦ-

92 2852 162 2878 vo:
192 2841 374 2881 conducere
407 2848 567 2896 cupiebat
587 2852 621 2884 et
644 2861 747 2885 cona-

93 2894 210 2933 batur.
266 2897 363 2937 Nam
414 2901 626 2953 imperfecto
672 2917 747 2942 non

150 2951 359 2994 Hssflonor.
388 2955 418 2994 1.

821 1432 905 1482 ipsa
921 1431 1014 1469 actio
1028 1459 1039 1479 ‚
1068 1443 1191 1468 verum
1209 1435 1359 1469 conatus
1372 1460 1382 1479 ,
1409 1444 1475 1469 vo-

821 1488 963 1536 luntas,
1025 1489 1228 1527 studiumve
1283 1488 1476 1536 indicatur,

821 1546 1056 1594 cerniturque
1086 1546 1164 1584 eius
1206 1558 1295 1582 usus
1327 1545 1477 1596 potissi-

821 1615 920 1639 mum
959 1601 997 1638 in
1029 1614 1070 1639 re
1110 1603 1273 1639 nondum
1310 1602 1477 1639 absoluta.

821 1671 864 1696 ac
893 1659 1067 1709 perfecta.
1122 1658 1301 1708 Exempla
1339 1671 1476 1708 suppe-

820 1716 911 1752 ditat
922 1714 1168 1764 Wesseli11g.‚
1193 1715 1249 1752 cui
1266 1714 1355 1751 alios
1378 1715 1476 1752 adde

818 1773 916 1808 viros
944 1772 1070 1808 doctos
1095 1785 1116 1809 a
1136 1785 1197 1809 me
1225 1772 1400 1809 excitatos
1426 1770 1477 1807 ad

819 1828 998 1865 Plutarch.
1035 1827 1164 1877 Pyrrh.
1200 1842 1238 1878 p.
1274 1829 1357 1869 203
1393 1827 1474 1865 coll.

819 1884 950 1922 Matth.
974 1882 1010 1935 S.
1031 1883 1127 1932 497,
1152 1898 1171 1922 c
1199 1898 1235 1935 p.
1254 1885 1348 1924 938.

874 1936 1006 1994 χρόνῳ
1061 1938 1104 1980 δὲ
1146 1938 1200 1988 ὥς
1248 1936 1474 1992 ἀνέγνωσε]

819 2027 844 2046 ,‚
858 1997 946 2035 Post
965 2010 1046 2034 vero
1063 2010 1140 2035 cum
1160 2000 1193 2035 ei
1207 1998 1477 2047 persuasisset.“

818 2050 945 2107 χρόνῳ
970 2055 1129 2092 reddunt
1148 2058 1292 2105 postem
1330 2067 1478 2092 accura-

817 2113 889 2149 tius
909 2113 1055 2148 forsan:
1086 2113 1248 2162 temporz's
1268 2114 1384 2162 spatio
1399 2110 1476 2148 lon-

816 2170 913 2217 giori
932 2170 1131 2216 interiecto,
1162 2181 1257 2216 sero,
1287 2168 1425 2206 tandem
1445 2169 1480 2206 ei

817 2225 971 2273 (diutius
990 2225 1198 2276 reluctanti)
1228 2238 1304 2262 cum
1329 2237 1479 2275 persua-

816 2285 926 2319 sisset.
956 2282 1018 2319 Sic
1043 2281 1206 2320 Fischer.
1245 2283 1294 2319 ad
1324 2281 1475 2320 Weller.

815 2339 866 2377 III
879 2368 890 2386 ,
920 2352 942 2375 a
959 2352 997 2389 p.
1012 2341 1108 2386 222,
1127 2352 1179 2377 ne
1203 2338 1319 2388 plura.
1351 2338 1478 2389 Ipsum

817 2391 1048 2447 ἀναγνῶσαι
1074 2396 1268 2433 Herodoto
1295 2396 1392 2432 idem
1412 2407 1476 2432 va-

817 2452 893 2491 lere
946 2456 1057 2501 atque
1101 2452 1210 2501 vulgo
1250 2447 1476 2499 ἀναπεῖσαι,

816 2510 887 2546 iam
909 2513 1053 2546 veteres
1067 2509 1302 2546 Grammatici
1320 2512 1475 2546 annota-

816 2570 910 2603 runt.
941 2566 1072 2613 Conf.‚
1103 2579 1150 2604 ne
1170 2565 1286 2615 plura,
1314 2563 1476 2603 Bekkeri

816 2621 981 2660 Anecdd.
1007 2622 1042 2658 ΙΙ
1084 2635 1121 2672 p.
1151 2622 1257 2669 743,
1293 2624 1356 2663 16.
1413 2621 1476 2659 De

815 2680 932 2716 forma
971 2679 1096 2716 aoristi
1131 2678 1239 2729 primi
1269 2673 1477 2730 ἀνέγνωσα

815 2735 1009 2773 Herodoto
1029 2748 1205 2786 perquam
1223 2735 1359 2772 usitata
1380 2735 1476 2772 conf.

815 2790 948 2829 Matth.
977 2790 1014 2842 ξ.
1038 2793 1121 2833 228
1148 2805 1186 2843 p.
1213 2793 1306 2832 443.

875 2843 1074 2901 ἀνορύξας
1101 2845 1144 2887 δὲ
1172 2844 1244 2887 τόν
1264 2843 1398 2897 τάφον
1417 2866 1473 2874 -

820 2902 948 2955 οἴχετο
991 2902 1131 2957 φέρων
1182 2903 1222 2951 ἐς
1262 2898 1470 2955 Σπάρτην]
