1759 3324
11 523 110 570 116

521 246 952 288 EUTERPE.
999 248 1045 286 II.

1322 251 1406 291 739

134 358 365 416 ,,αγορεύω
406 359 453 402 ἐκ
491 361 566 414 τῆς
596 358 697 414 ἐμῆς
726 361 803 414 γῆς
833 358 874 408 ἐς
905 355 1040 413 ἄλλην
1070 357 1168 400 τινὰ
1192 360 1399 413 μετορμί-

135 446 340 494 „geo-311⁶·
372 439 408 480 εἰ
439 438 485 480 δὲ
515 434 597 493 μή,
632 435 707 480 ἅτε
737 438 972 492 πολεμίους
1000 436 1324 491 περιέψεσθαι.“

242 516 413 572 Ἑλένης
449 516 528 572 μὲν
563 516 726 573 ταύτην
763 515 910 569 ἄπιξιν
944 516 1064 571 παρὰ
1095 516 1280 570 Πρωτέα
1311 516 1400 559 {3112-
1455 520 1618 581 1112‘21110‘13111
1634 526 1732 555 videri

131 614 212 653 γον
242 598 285 639 οἷ
314 595 422 650 ἱρέες
450 595 672 651 γενέσθαι·

128 676 205 719 τὸν
234 673 368 731 λόγον
396 679 557 719 τοῦτον
586 675 834 719 πυθέσθαι·

733 595 875 639 δοκέει
905 595 950 639 δέ
992 613 1066 652 μοι
1102 596 1176 639 καὶ
1203 594 1399 651 ”Όμηρος

894 674 993 719 ἀλλ’
1031 673 1085 719 οὐ
1120 675 1202 731 γὰρ
1234 674 1397 730 ὁμοίως

128 755 170 806 ἐς
207 756 287 810 τήν
326 754 557 812 ἐποποιΐην
597 754 812 811 εὐπρεπὴς
869 750 925 811 ἦν
965 759 1025 812 τῷ
1073 755 1203 812 ἑτέρῳ
1249 758 1393 811 τῷπερ

125 834 356 891 ἐχρήσατο·
385 835 428 887 ἐς
459 834 484 879 ὃ
512 838 666 892 μετῆκε
698 833 857 887 αὐτὸν,
887 833 1086 891 δηλώσας
1117 833 1174 886 ὥς
1199 834 1270 877 καὶ
1287 838 1392 877 τοῦ·
1405 841 1451 876 30

98 923 208 958 Ξτον
243 914 460 959 ἐπίσταιτο
500 913 580 959 τὸν
630 913 774 971 λόγον.

267 1128 299 1166 C
312 1141 333 1165 a
345 1142 380 1180 p.
416 1127 547 1166 CXVI.

123 1211 285 1263 Ἑλένης
306 1210 378 1264 μὲν
397 1208 546 1264 ταύτην
573 1209 724 1263 ἄπιξιν]

70 1272 182 1315 Quod
203 1270 392 1307 articulum
415 1266 489 1320 τήν
519 1274 604 1320 post
631 1266 724 1308 ταύ-

67 1343 140 1377 την
162 1327 272 1365 inseri
289 1326 363 1363 vult
380 1326 651 1373 Valckenarius,
684 1327 723 1363 id

66 1384 163 1422 haud
174 1396 325 1421 necesse
342 1383 378 1420 in
390 1382 512 1420 Ionico
532 1385 721 1434 scriptore.

65 1439 125 1477 Ad
143 1443 396 1488 argumentum
419 1441 514 1476 conf.
537 1440 721 1490 Euripidis

64 1496 223 1534 fabulam
273 1496 525 1545 cognominem
546 1526 555 1543 ,
615 1501 651 1534 et
698 1508 720 1533 a

65 1552 267 1602 Schweigh.
296 1552 481 1589 laudatum
498 1553 641 1590 Fabric.
671 1553 719 1590 ad

64 1610 163 1647 Sext.
183 1610 354 1660 Empiric.
376 1609 463 1656 VII,
486 1612 576 1651 180.

123 1661 204 1704 ἄλλ’
228 1662 277 1705 ου’
297 1663 370 1719 γὰρ
391 1664 540 1717 ὁμοίως
559 1680 594 1704 κ.
616 1681 647 1704 τ.
668 1664 718 1716 λ.]

66 1723 139 1760 scil.
160 1721 182 1762 ὁ
200 1718 329 1775 λόγος.

122 1778 161 1826 ἐς
191 1776 211 1818 ὃ
242 1781 384 1830 μετῆκε
410 1773 554 1829 αὐτὸν]
595 1774 717 1818 αὐτὸν

64 1836 137 1873 scil.
170 1832 311 1888 λόγον,
351 1837 374 1873 i.
401 1849 433 1874 e.
469 1835 563 1872 hanc
592 1834 716 1884 Aegy-

61 1893 220 1943 ptiorum
260 1893 489 1930 sacerdotum
536 1894 716 1929 narratio-

61 1962 146 1987 nem
173 1949 219 1987 de
245 1949 410 1997 Helena,
440 1949 558 1986 minus
588 1953 715 1999 aptam

63 2005 225 2043 Homero
244 2007 359 2043 visam
386 2006 435 2042 ad
466 2005 632 2043 carminis
660 2006 714 2042 sui

61 2063 154 2112 epici
175 2062 334 2100 rationes
363 2063 522 2111 indeque
542 2061 712 2099 relictam.

59 2139 115 2147 --·
134 2118 173 2165 ἒς
189 2115 232 2166 ὃ,
254 2120 353 2168 quod
373 2119 450 2156 aliis
469 2119 555 2156 locis
576 2123 634 2156 est
653 2118 716 2155 do-

59 2188 119 2212 nec
146 2176 212 2223 (I,
234 2178 299 2216 67.
328 2175 382 2223 11,
414 2175 492 2216 115
522 2176 626 2224 etc.),
658 2175 714 2213 hic

59 2232 195 2283 accipio
215 2245 343 2282 quare,
363 2235 590 2282 quapropter,
608 2245 715 2282 prae-

61 2294 168 2327 eunte
184 2289 362 2326 Matthiae
382 2289 447 2326 Gr.
460 2289 524 2326 Gr.
539 2302 575 2339 p.
591 2288 712 2337 1145,

60 2349 170 2394 atque
197 2345 400 2395 Schweigh.
467 2346 551 2389 Quo
582 2346 713 2383 eodem

63 2414 171 2438 sensu
188 2403 284 2452 apud
305 2401 522 2439 Pausaniam
535 2431 545 2449 ,
576 2402 637 2451 qui
653 2406 712 2439 to-

62 2457 130 2495 ties
155 2458 384 2496 Herodotum
414 2459 613 2509 expressit,
654 2458 710 2495 in-

60 2514 217 2552 venitur:
247 2514 285 2561 l,
312 2514 366 2557 41
395 2514 432 2567 ὃ.
456 2515 504 2564 5,
543 2516 606 2553 ubi
634 2515 707 2553 vid.

61 2570 225 2608 Siebelis.
252 2570 377 2620 Negat
394 2574 529 2610 Struve
545 2572 707 2621 (quaest.

62 2626 109 2664 de
127 2626 212 2664 dial.
232 2627 372 2666 Herod.
402 2642 439 2679 p.
460 2628 558 2678 43),
587 2629 642 2666 cui
671 2630 710 2666 in

61 2682 140 2719 loco
173 2683 278 2721 valde
315 2685 459 2723 turbato
488 2685 710 2736 simplicissi-

61 2751 160 2776 mum
195 2740 337 2777 videtur
365 2740 405 2788 ἐς
434 2739 456 2782 ὃ
486 2742 625 2780 eiicere.
659 2764 707 2770 —

61 2793 233 2845 μετιέναι
257 2797 434 2845 (reiicere,
454 2799 626 2847 omittere)
647 2812 711 2837 eo-

61 2851 144 2888 dem
162 2852 239 2890 fere
257 2866 363 2892 sensu
384 2855 422 2901 I,
438 2856 505 2896 33.
529 2857 594 2896 78.
620 2857 712 2897 123-

61 2906 136 2956 IV,
167 2910 231 2949 98.

842 916 978 970 δῆλον
1023 914 1092 957 δέ·
1148 912 1259 957 κατὰ
1307 912 1391 970 γάρ

853 1093 1037 1150 δηλώσας
1071 1096 1126 1145 τός
1153 1097 1221 1138 καὶ
1247 1101 1390 1140 τοῦτον
1411 1115 1447 1140 κ.

793 1170 825 1194 τ.
841 1154 890 1206 λ.]
921 1154 980 1192 Ad
1000 1151 1181 1207 δηλώσας
1200 1156 1344 1206 Steger.
1362 1171 1449 1208 sup-

792 1211 886 1263 plet:
919 1208 1027 1262 ὅμως
1045 1226 1087 1265 γε
1109 1210 1263 1262 μέντοι,
1283 1214 1305 1249 i.
1328 1227 1359 1251 e.
1382 1215 1447 1252 de-

792 1268 933 1306 clarans
943 1273 1058 1306 tamen
1072 1269 1167 1306 illam
1187 1270 1447 1318 narrationem,

790 1326 830 1362 iu
849 1326 1008 1364 carmine
1029 1327 1131 1376 epico
1162 1329 1322 1376 quamvis
1338 1340 1447 1376 prae-

789 1383 993 1420 termissam
1015 1410 1027 1429 ,
1066 1383 1161 1420 bene
1197 1382 1266 1419 sibi
1317 1387 1443 1421 notam

788 1440 912 1477 fuisse.
953 1439 1149 1477 Caeterum
1170 1439 1364 1477 attendant
1381 1453 1446 1478 ve-

787 1495 849 1533 lim
869 1496 903 1532 h.
925 1495 948 1533 l.
968 1495 1017 1543 ii,
1048 1495 1109 1545 qui
1128 1509 1273 1533 omnem
1294 1496 1445 1533 aliorum

786 1552 994 1601 mythorum
1026 1552 1273 1600 cognitionem
1309 1557 1445 1591 artem-

787 1622 860 1658 que
885 1609 1030 1658 mythos
1060 1622 1124 1659 prc
1152 1609 1320 1646 carminis
1350 1610 1444 1659 epici

787 1665 911 1703 indole
930 1678 972 1702 ac
991 1666 1133 1703 ratione
1160 1666 1342 1702 tractandi
1361 1666 1444 1702 Ho-

786 1735 887 1760 mero
908 1721 1134 1767 abiudicant3
1165 1734 1272 1771 quem
1288 1723 1369 1772 ipse
1387 1721 1442 1758 hi-

786 1778 920 1816 storiae
957 1787 1063 1828 pater
1088 1778 1158 1815 hoc
1188 1778 1269 1815 loco
1305 1779 1443 1816 indicat

785 1835 889 1885 plura
918 1835 1157 1883 cognovisse,
1203 1847 1314 1883 quam
1346 1847 1442 1884 quae

784 1893 821 1928 in
841 1891 1060 1929 carminibus
1080 1891 1299 1929 declaranda
1332 1895 1442 1942 puta-

782 1948 887 1986 verit.

841 2005 964 2055 δῆλον
996 2001 1057 2042 δέ·
1088 2000 1188 2042 navo?
1210 2000 1284 2056 γαρ
1307 2001 1441 2055 ἐποίη-

784 2073 826 2100 σε
847 2060 890 2101 ἓν
907 2056 1062 2110 Ἰλιάδι]
1095 2060 1137 2097 In
1156 2060 1226 2107 his,
1250 2073 1346 2110 quae
1362 2064 1441 2097 tur-

782 2119 910 2156 barum
940 2117 1051 2168 plena
1077 2117 1155 2155 iure
1190 2117 1277 2154 dicit
1306 2117 1441 2154 Struve

781 2174 804 2212 l.
827 2174 849 2211 l.
865 2187 951 2225 pag.
969 2173 1043 2222 34,
1082 2173 1253 2211 librorum
1285 2174 1442 2224 scripto-

781 2244 862 2269 rum
886 2231 1142 2268 auctoritatem
1164 2243 1246 2268 cum
1271 2230 1441 2267 Gaisfor-

781 2289 842 2326 dio
879 2291 1023 2325 secutus
1058 2300 1149 2324 sum.
1216 2286 1299 2325 Nec
1325 2288 1441 2325 refert

780 2345 930 2382 aliorum
942 2345 1108 2395 proferre
1127 2348 1346 2390 commenta,
1357 2343 1440 2393 qui-

780 2402 846 2439 bus
895 2401 975 2438 loco
1021 2400 1161 2438 mederi
1209 2401 1439 2438 studuerunt.

778 2458 998 2508 Nuperrime
1025 2458 1169 2506 Steger.
1200 2458 1354 2507 praefat.
1390 2457 1438 2494 ad

776 2515 918 2553 Herod.
937 2528 974 2565 p.
994 2513 1065 2551 XlI
1084 2514 1135 2551 sic
1150 2514 1324 2564 scriptum
1342 2513 1436 2551 vult:

777 2569 878 2610 κατοέ
898 2567 973 2623 γὰρ
995 2567 1067 2622 μὲν
1080 2566 1227 2610 Ἰλιάδα
1249 2568 1410 2621 ἐποίησε
1420 2569 1438 2608 .'

777 2629 821 2666 In
840 2627 1009 2677 vulgata,
1034 2640 1144 2677 quam
1165 2627 1354 2673 dedimus,
1384 2626 1438 2664 le-

778 2685 911 2733 ctione,
932 2681 1031 2723 κατα
1043 2685 1184 2722 videtur
1198 2684 1357 2734 positum
1368 2696 1436 2733 pro

780 2738 891 2781 καθα
914 2736 1026 2790 (καθ’
1047 2737 1091 2788 ὁὶ)
1112 2744 1166 2787 ut,
1180 2743 1299 2790 prout,
1318 2752 1436 2790 quem-

781 2798 966 2836 admodum
987 2828 998 2847 ,
1042 2802 1216 2835 monente
1250 2796 1436 2844 Schweig-

780 2856 980 2902 haeusero,
1021 2855 1085 2904 qui
1113 2854 1239 2891 laudat
1272 2852 1311 2900 1,
1343 2853 1437 2894 208.

781 2911 838 2960 11,
859 2913 898 2952 6.
927 2910 1000 2959 111,
1028 2912 1093 2952 86.
1152 2909 1265 2947 Plura
1303 2909 1436 2946 Struve

1066 2967 1122 3006 47
1144 2965 1163 2987 *

1412 445 1458 480 25

1455 587 1463 593 .
1574 565 1731 590 ignorasse

1454 591 1543 615 :stam
1554 589 1731 634 samamffieji

1453 626 1731 690 322325522323222?

1455 689 1506 722 [ιι.
1518 690 1618 729 apso.
1637 692 1729 730 OdA,

1451 723 1512 751 227.
1530 725 1607 760 3ῡ1.]
