1805 3315
363 241 420 280 94
772 242 1240 280 HERODOTI

362 345 482 400 „6203
503 351 586 405 εἰμι
605 355 719 404 παῖς,
751 350 1044 407 οὐιόμάζομαι
1075 352 1118 395 δὲ
1147 349 1401 406 Ἄδρηστος·
1426 348 1646 405 φονεύσας

361 428 443 479 ,,δὲ
482 426 694 483 οἶδελφεὸν
734 430 953 486 ἐμεωυτοῦ
991 428 1149 481 ἀέκων,
1189 429 1364 486 πάρειμι
1405 429 1644 484 ἐξεληλαμέ-

360 524 471 558 ,,νος
509 524 552 551 τε
592 507 678 552 ὑπὸ
708 513 789 552 τοῦ
818 509 982 564 πατρός
1013 510 1086 552 καὶ
1117 509 1396 566 ἐστερημένος
1425 507 1644 552 πάντων.“

335 586 550 641 5Κροῖσος
582 587 626 630 δέ
651 604 726 643 μιν
757 585 954 643 ἀμείβετο
982 590 1148 631 τοῖσδε’
1188 587 1401 642 ,Ἀνδρῶν
1430 605 1473 631 τε
1505 590 1647 644 φίλων

358 665 616 720 ,,τυγχάνεις
655 667 834 722 ἔκγονος
874 665 982 718 ἐών,

1035 667 1108 710 καὶ
1145 666 1355 723 ἐλήλυθας
1395 667 1436 718 ἐς
1466 669 1644 723 φίλους·

356 745 502 795 ,,ἒύθα
537 743 820 802 ἀμηχανήσεις
850 744 1065 802 χρήματος
1088 743 1279 799 οὐδενὸς,
1312 746 1454 803 μένων
1477 747 1523 791 ἐν
1546 745 1691 803 ἡμε-75

310 925 507 976 pluresque
526 926 630 962 huius
658 926 814 962 nominis
843 938 966 963 occur-

311 986 394 1017 runt
416 995 523 1030 reges
537 1010 546 1027 ,
577 982 638 1030 qui
658 983 745 1031 quin
769 982 966 1020 facilecon-

312 1038 415 1073 fundi
443 1038 649 1087 potuerint,
699 1038 779 1087 quis
806 1040 965 1087 negave-

312 1092 387 1130 rit?
428 1094 535 1130 Conf.
562 1094 730 1132 Bouhier.
763 1095 864 1132 Diss.
887 1096 965 1133 He-

311 1150 419 1186 rodd.
457 1152 534 1196 028
570 1165 606 1200 p.
637 1151 689 1192 85
723 1155 758 1188 et
783 1152 897 1189 Beck.
927 1153 964 1188 in

310 1205 464 1254 Allgem.
479 1207 699 1256 lVeltgesch.
712 1207 728 1243 I
740 1221 775 1258 p.
789 1208 872 1249 304
886 1221 963 1257 seq.

310 1263 405 1300 Utut
429 1267 504 1310 est,
554 1264 679 1312 regiae
710 1265 832 1315 stirpis
865 1264 963 1301 illum

310 1319 507 1356 Adrastum
527 1321 640 1357 fuisse
650 1350 660 1367 ‚
673 1320 963 1357 verisimillimum

311 1376 352 1412 fit
369 1389 412 1413 ex
433 1375 500 1413 hac
519 1377 756 1426 genealogia;
786 1378 834 1414 ad
846 1378 962 1414 Croe-

310 1445 390 1468 sum
418 1432 478 1469 ille
506 1434 690 1482 confugit,
720 1434 857 1483 quippe
889 1434 962 1483 qui,

309 1488 491 1537 Phrygiae
510 1490 658 1538 regibus
679 1490 836 1527 subactis
848 1519 858 1536 ,
870 1490 962 1526 hanc

308 1549 443 1581 terram
481 1546 608 1582 ditioni
641 1559 729 1583 suae
769 1547 962 1583 addiderat

308 1601 606 1651 tributariamque
617 1631 626 1649 ‚
652 1603 761 1639 credo
777 1631 787 1649 ‚
805 1604 960 1648 fecerat3

308 1658 352 1694 cf.
375 1657 412 1704 Ι,
431 1661 467 1698 6.
488 1660 553 1699 28.
611 1658 701 1695 Illud
729 1672 814 1696 vero
843 1659 960 1707 magis

307 1714 526 1762 tenendum,
554 1714 704 1752 Adrasti
727 1728 859 1752 nomen
885 1727 961 1751 non

307 1770 462 1819 amplius
504 1771 542 1807 in
584 1771 770 1820 Phrygum
810 1772 961 1808 historia

306 1827 478 1875 reperiri,
509 1829 575 1864 sed
596 1828 708 1865 multo
729 1828 890 1865 crebrius
923 1827 960 1863 in

309 1882 532 1920 Graecorum
570 1885 678 1922 rebus
715 1885 884 1933 adeoque
923 1884 960 1919 in

308 1937 500 1985 Troianis3
530 1953 603 1989 qua
625 1941 671 1978 de
703 1953 742 1978 re
774 1941 846 1977 vid.
885 1939 960 1976 Ex-

307 2007 401 2032 curs.
422 1996 470 2032 ad
489 1996 524 2032 h.
545 1996 569 2034 l.

366 2069 568 2124 φονεύσεις
597 2070 639 2112 δὲ
665 2069 857 2123 ἅδελφεόν
877 2073 958 2125 ἐμε-

308 2133 440 2169 ωυτοῦ
468 2127 620 2180 ἀέκων]
662 2129 802 2167 Fratris
826 2144 959 2168 nomen

305 2188 428 2237 prodit
462 2187 692 2224 Ptolemaeus
728 2187 957 2236 Hephaestio

305 2244 403 2292 apud
425 2243 592 2280 Photium
620 2257 656 2293 p.
676 2243 758 2285 472
785 2244 848 2293 (p.
872 2245 955 2284 306

304 2300 362 2336 ed.
385 2299 486 2348 Gal.)
516 2300 755 2348 Aguthonem,
786 2300 847 2348 qui
868 2299 959 2350 περὶ

305 2353 468 2407 ὄρτυγος
500 2358 738 2404 φιλονεικῶν
784 2368 807 2392 a
846 2356 957 2393 fratre

303 2412 512 2449 interfectus
534 2413 654 2450 suerit.

361 2491 463 2530 ἔνθα
482 2486 748 2544 ἀμηχανήσεις
760 2485 957 2542 χρήματος

304 2541 495 2598 οὐδενός]
536 2549 558 2584 i.
592 2561 623 2585 e.
664 2548 716 2584 ibi
743 2548 874 2584 nullius
905 2549 958 2584 rei

301 2605 496 2653 indigebis,
538 2617 632 2653 quae
667 2604 801 2641 scilicet
831 2605 876 2640 ad
902 2604 956 2639 vi-

303 2666 396 2697 ctum
416 2661 656 2698 necessarium
675 2661 843 2710 pertinet.
859 2659 956 2697 Hinc

304 2721 389 2767 apte
409 2718 477 2754 hoc
496 2717 573 2753 loco
591 2730 676 2752 usus
697 2721 771 2763 est,
800 2729 954 2753 monen-

301 2777 339 2809 te
360 2773 439 2820 Cr„
460 2774 613 2821 Seguar.
637 2773 685 2808 ad
704 2772 954 2821 explicandum

301 2828 390 2866 illud
445 2830 643 2866 Clementis
701 2828 953 2865 Alexandrini:

302 2880 518 2936 ἄμηχανεῖν
539 2885 630 2936 βίου
660 2884 685 2922 ἰ.
716 2898 746 2922 e.
777 2887 873 2922 victu
893 2898 952 2921 ca-

1032 938 1104 962 rere
1125 929 1340 970 necessario,·
1361 927 1434 964 vid.
1453 927 1502 964 ad
1519 927 1612 971 Quis
1633 926 1690 963 di-

1032 995 1095 1020 ves
1115 987 1180 1019 etc.
1202 996 1239 1033 p.
1261 983 1351 1023 185.

1089 1081 1220 1134 μένων
1242 1081 1284 1122 ἒν
1308 1081 1687 1136 ἡμετέρου]ᾮύ1-

1032 1152 1080 1188 go
1103 1139 1144 1179 ἐν
1164 1137 1390 1190 ἡμετέροις,
1424 1141 1525 1189 quod
1555 1154 1575 1178 e
1605 1141 1689 1179 Me-
1748 1156 1752 1162 ·

1031 1197 1134 1233 diceo
1156 1196 1306 1245 aliisque
1326 1209 1423 1233 nunc
1444 1201 1621 1234 mutatum
1633 1201 1690 1235 est

1031 1253 1066 1288 in
1090 1252 1132 1291 ἐν
1153 1251 1366 1303 ἡμετέρου,
1387 1254 1438 1289 uti
1459 1252 1575 1299 V11‚8
1592 1251 1688 1304 §.4:

1029 1305 1077 1347 τὰ
1099 1304 1312 1359 τιμιώτατα
1346 1309 1545 1359 νομίζεται
1578 1308 1621 1348 ἐν
1642 1307 1689 1360 ἡ-

1031 1381 1057 1415 μ
1071 1379 1086 1403 ε
1099 1381 1119 1403 τ
1132 1364 1149 1404 έ
1160 1381 1181 1416 ρ
1193 1380 1212 1404 o
1225 1381 1248 1404 v
1262 1395 1271 1413 ‚
1312 1366 1373 1402 ubi
1409 1370 1533 1402 tamen
1561 1365 1689 1403 itidem

1030 1422 1109 1458 libri
1130 1423 1279 1458 variant.
1337 1422 1434 1459 Hinc
1461 1422 1602 1459 Coraes
1640 1423 1688 1459 ad

1029 1478 1218 1515 Heliodori
1230 1478 1424 1528 Aethiopp.
1437 1478 1500 1525 VI,
1514 1481 1540 1518 2
1551 1491 1589 1527 p.
1604 1480 1684 1519 109

1030 1547 1107 1583 seq.
1147 1535 1254 1571 scribi
1292 1535 1392 1571 iubet
1420 1532 1462 1573 ἐν
1493 1532 1686 1588 ἡμετέρῳ,

1029 1603 1076 1628 ne
1098 1590 1234 1628 scilicet
1252 1590 1385 1640 duplex
1396 1590 1531 1640 ellipsis
1551 1590 1598 1627 sit
1609 1595 1686 1627 sta-

1028 1648 1166 1684 tuenda
1193 1645 1236 1685 ἐν
1266 1645 1458 1698 ἡμετέρου
1480 1646 1593 1685 οἴκου
1622 1645 1686 1686 οἷ’-

1027 1717 1097 1756 κῳ.
1165 1703 1242 1740 Sed
1271 1703 1385 1740 simile
1423 1703 1610 1752 quoddam
1642 1715 1687 1740 ex

1027 1759 1224 1796 Homerico
1237 1759 1358 1808 hymn.
1369 1760 1406 1796 in
1415 1759 1571 1796 Mercur.
1585 1760 1682 1800 370:

1027 1809 1156 1867 ἦλθεν
1178 1814 1217 1862 ἐς
1246 1814 1314 1867 ἡμ
1328 1814 1436 1867 ετέρ
1450 1830 1506 1855 ου
1529 1811 1685 1866 διζήμε-

1028 1887 1098 1917 νος
1118 1871 1320 1918 εἰλίποδας
1336 1873 1435 1922 βοῦς
1457 1873 1529 1908 iam
1541 1872 1683 1921 priores

1027 1929 1244 1978 interpretes
1272 1929 1477 1966 attulerunt.
1527 1927 1686 1964 Mutavit

1026 1985 1224 2022 Barnesius
1263 1984 1302 2031 ἐς
1328 1983 1544 2037 ἡμέτερον,
1591 1997 1681 2034 pro·-

1026 2041 1138 2078 bante
1184 2041 1323 2090 llgenio
1368 2043 1406 2078 in
1466 2041 1682 2080 Animadvv.

1026 2110 1063 2147 p.
1086 2096 1179 2138 443.
1240 2098 1324 2141 Quo
1356 2098 1494 2135 cautius
1521 2098 1558 2134 in
1582 2101 1683 2134 textu

1026 2153 1172 2202 reliquit
1203 2153 1242 2200 ἐς
1279 2153 1472 2205 ἡμετέρου
1504 2153 1683 2192 Matthiae

1026 2210 1075 2246 ad
1110 2215 1274 2247 nostrum
1314 2211 1433 2247 locum
1470 2209 1680 2259 respiciens.

1024 2265 1135 2315 Apud
1153 2267 1304 2303 Homer.
1327 2268 1464 2315 Odyss.
1485 2265 1576 2312 Vll,
1599 2268 1680 2306 301

1024 2322 1135 2369 wilgo
1158 2323 1293 2359 editum
1316 2323 1492 2371 legimus,
1521 2316 1619 2374 ἦγεν
1641 2320 1682 2368 ἐς

1023 2376 1297 2429 ἡμέτερονς
1327 2379 1426 2428 quod
1455 2379 1552 2415 idem
1573 2390 1682 2428 prae-

1023 2434 1086 2470 bet
1117 2435 1231 2471 codex
1249 2435 1491 2479 Harleianus3
1520 2435 1558 2470 in
1581 2446 1679 2470 mar-

1023 2490 1107 2538 gine
1125 2494 1248 2527 tamen
1267 2491 1491 2539 adscriptum
1501 2494 1574 2526 est:
1610 2486 1678 2528 οὖ-

1022 2560 1098 2591 τως
1128 2544 1343 2597 ἡμετέρου·
1376 2542 1533 2584 α’ττικὸν
1560 2541 1602 2583 δὲ
1635 2542 1677 2584 τὸ

1023 2604 1151 2652 σχῆμα
1173 2600 1226 2647 ὥς
1246 2602 1286 2649 ἐς
1310 2597 1564 2640 διδασκάλου.
1623 2600 1678 2639 Ac

1021 2663 1141 2695 tuetur
1163 2658 1249 2705 hoc,
1290 2663 1328 2695 ut
1355 2659 1610 2696 Herodoteum
1636 2656 1677 2704 ἐς

1020 2712 1226 2766 ἡμετέρου,
1238 2715 1433 2752 Bekkerus
1443 2715 1481 2750 in
1490 2714 1677 2764 Epheme-

1020 2772 1114 2808 ridd.
1154 2771 1318 2808 lenenss.
1362 2773 1470 2811 1809
1500 2783 1553 2807 nr.
1593 2770 1673 2812 247

1020 2841 1056 2878 p.
1086 2827 1187 2873 159,
1218 2827 1334 2863 causis
1363 2827 1468 2863 altius
1499 2827 1675 2877 repetitis,

1021 2897 1041 2921 e
1063 2883 1280 2932 cognatione
1299 2883 1445 2931 genitivi
1473 2882 1675 2935 personali-
