1759 3324
624 277 928 316 CL10.1.

1328 254 1413 323 35⁴1

153 407 288 448 ,,μιν,
327 388 404 434 τὸν
433 387 575 444 ἱκέτην
606 387 648 439 ἐς
685 385 784 432 τόδε
814 385 870 432 οὔ
899 384 1218 444 τετολμήκαμεν
1246 386 1412 433 ἐκδιδό-

149 487 278 523 ,,ναι,
314 467 417 522 πρὶν
456 466 511 511 ἂν
551 465 601 509 τὸ
638 463 723 509 ἀπὸ
755 468 833 510 σεῦ
859 464 965 522 ἡμῖν
991 467 1171 522 δηλωθῇ
1200 464 1410 523 ἀτρεκέως

122 557 178 601 3„
190 546 368 600 ὁκότερα
395 543 647 601 ποιέωμεν.“

681 543 732 587 Ὅ
761 544 840 601 μὲν
871 547 1009 589 ταῦτα
1039 543 1268 599 ἐπειρώτα·
1301 544 1326 590 ὁ
1358 545 1408 590 δ’

149 622 269 676 αὖτις
297 624 375 668 τὸν
404 621 543 667 αὐτόν
571 635 652 680 σφι
689 622 884 681 χρησμὸν
912 623 1086 683 ἔφαινε,
1124 622 1314 669 κελεύων
1342 624 1408 669 έκ-

119 702 318 748 4διδόναι
347 702 558 760 Πακτύην
586 703 790 760 Πέρσῃσι.
828 702 936 760 πρὸς
962 706 1099 747 ταῦτα
1128 702 1152 746 ὁ
1175 701 1408 759 Ἀριστόδι-

145 799 221 834 κος
256 781 305 826 ἐκ
340 783 554 839 προνοίης
592 782 729 826 ἐποίεε
771 781 895 826 τάδε·

954 783 1135 839 περιϊών
1171 781 1252 827 τόν
1296 781 1408 841 νηὸν
1416 790 1463 826 30

140 861 310 922 κύκλῳ,
350 862 510 918 ἐξαίρεε
539 860 644 913 τούς
683 861 954 916 στρουθοὺς,
1000 862 1073 906 καὶ
1103 860 1212 905 ἄλλα
1240 861 1323 906 ὅσα
1349 858 1406 920 ἦν

115 940 466 997 5νενοσσευμένα
494 937 693 997 ὀρνίθων
720 939 846 997 γένεα
876 941 923 987 ἐν
950 944 1013 1000 τῷ
1039 944 1144 998 νηῷ.
1176 940 1406 994 ποιέοντος

141 1020 187 1064 δὲ
218 1017 357 1064 αὐτοῦ
387 1024 546 1073 ταῦτα,
576 1020 741 1077 λέγεται
771 1018 927 1077 φωνήν
956 1020 1002 1064 ἐκ
1029 1024 1111 1065 τοῦ
1142 1018 1309 1065 ἀδύτου
1336 1037 1405 1078 γε-

140 1098 317 1153 νέσθαι,
368 1099 594 1155 φέρουσαν
633 1099 713 1161 μὲν
750 1098 860 1154 πρὸς
888 1097 967 1143 τὸν
993 1097 1310 1155 Ἀριστόδικον,
1339 1100 1458 1144 λέ-35

109 1187 308 1235 δγουσαν
337 1178 383 1223 δὲ
411 1176 529 1222 τάδε·
575 1176 886 1231 »Ἀνοσιώτατε
918 1175 1190 1234 ἀνθρώπων,
1228 1179 1271 1222 τί
1300 1178 1403 1223 τάδε

141 1291 166 1310 „
178 1261 335 1315 τολμᾷς
362 1257 547 1309 ποιέεινς
577 1256 682 1309 τούς
714 1257 854 1309 ἱκέτας
881 1273 970 1313 μου
999 1256 1048 1301 ἐκ
1077 1260 1157 1301 τοῦ
1185 1259 1298 1313 νηοῦ
1326 1274 1401 1301 κε-

112 1344 165 1389 7,,
178 1339 390 1393 ραῖζεις;“
427 1335 722 1393 Ἀριστόδικον
749 1335 822 1388 δὲ,
854 1335 938 1381 οὐκ
957 1334 1263 1393 ἀπορήσαντα,
1287 1335 1402 1392 πρὸς

139 1418 275 1460 ταῦτα
304 1417 457 1459 εἰπεῖν·
507 1410 728 1468 ,,ῗῼ”ναξ,
757 1412 890 1467 αὐτὸς
915 1415 995 1471 μὲν
1024 1414 1140 1459 οὕτω
1169 1419 1283 1459 τοῖσι
1312 1414 1395 1459 ἱκέ-

138 1504 267 1552 »τησι
295 1494 516 1551 βοηθέεις·

136 1687 310 1742 χρησμὸν
331 1689 390 1739 ἔφ
402 1705 427 1730 α
439 1705 450 1730 ι
461 1705 485 1730 ν
496 1689 538 1741 ε]
571 1688 731 1740 φαίνειν

81 1748 129 1786 de
146 1748 298 1785 oraculis
327 1747 478 1797 aliisque
501 1748 608 1785 rebus
636 1748 732 1784 sutu-

79 1805 130 1841 ris
156 1804 378 1850 indicandis;
408 1816 498 1852 quas
522 1807 622 1841 vates
654 1804 732 1840 ani-

80 1873 140 1897 mo
171 1873 237 1897 suo
269 1861 480 1911 praevidet,
510 1860 668 1909 indeque
691 1872 730 1897 a-

78 1919 202 1967 perta,
217 1916 314 1954 clara
334 1917 454 1954 reddit
472 1915 616 1965 reliquis
633 1928 731 1953 mor-

78 1972 220 2011 talibus.
278 1972 339 2011 Tu
364 1973 447 2010 vide
482 1972 529 2009 de
559 1973 630 2009 isto
666 1985 731 2010 vo-

80 2028 286 2068 cabulorum
313 2041 449 2078 genere
479 2028 727 2078 disputantem

80 2085 302 2123 Creuzerum
321 2086 358 2122 in
379 2084 541 2134 Symbol.
565 2084 580 2121 I
608 2098 645 2136 p.
665 2088 728 2127 12.

82 2142 146 2182 13.
185 2163 232 2170 -
261 2141 303 2179 In
328 2154 431 2191 seqq.
462 2140 652 2178 formulam
686 2140 730 2180 ἐκ

79 2197 271 2249 προνοίης
300 2198 440 2246 (dedita
459 2210 586 2248 opera,
615 2197 656 2234 cle
671 2200 728 2235 in-

80 2253 239 2302 dustria,
269 2255 445 2302 consulto,
475 2267 504 2292 s.
532 2257 572 2291 ut
599 2254 727 2293 Gallus

81 2311 232 2360 explicat
273 2311 472 2362 interpres:
520 2310 561 2347 de
596 2310 729 2348 dessein

76 2367 285 2416 premedite',
314 2369 415 2417 apres
431 2367 530 2404 s’Etre
547 2367 623 2405 bien
644 2380 727 2404 con-

81 2421 189 2471 nultos)
216 2423 369 2461 illustrat
387 2423 590 2461 Larcherus
620 2425 669 2461 ad
690 2424 727 2463 h.

82 2477 106 2514 l.
136 2477 201 2516 Cr.
229 2482 368 2518 confert
386 2479 548 2517 Platonis
568 2479 725 2517 Phaedr.

82 2545 166 2583 pag.
187 2534 287 2584 241,
311 2535 344 2572 E
381 2536 725 2585 ibique-Heindorf.

82 2601 120 2640 1)-
139 2591 221 2633 235
236 2597 273 2630 et
288 2591 367 2630 Ast.
389 2605 477 2644 pag.
499 2594 594 2635 269

139 2697 282 2766 εξαίρεε
299 2718 392 2751 τους
406 2702 640 2757 στρουθούς,
659 2703 729 2745 καὶ

84 2751 212 2795 oilla*
198 2754 271 2797 όσα
285 2774 338 2811 ην
355 2760 643 2813 νενοσσευμένα
662 2757 726 2814 όρ-

84 2811 214 2852 νίθων
238 2812 350 2866 γένεα
378 2815 420 2856 ἐν
445 2820 498 2871 τῷ
517 2816 626 2873 νηῷ]
663 2833 725 2858 νε-

86 2868 322 2920 νοσσενμένα
363 2874 594 2922 retinuimus,
640 2875 725 2912 viris

86 2923 234 2963 doctis
226 2939 302 2966 iure
320 2929 522 2979 probatum.
578 2928 637 2969 Ad
667 2944 725 2969 ar-

569 1495 801 1551 Κνμαίους
839 1492 886 1538 δὲ
925 1493 1113 1547 κελεύεις
1149 1494 1227 1540 τὸν
1256 1494 1400 1552 ἱκέτην

800 1694 1013 1741 gumentum
1056 1691 1152 1729 conf.
1189 1687 1327 1729 Aeliani
1367 1689 1451 1729 Var.

798 1747 897 1785 Hist.
927 1747 982 1797 V,
1016 1749 1091 1794 17,
1122 1747 1182 1785 ubi
1210 1746 1453 1785 Athenienses

798 1803 953 1852 legimus
987 1801 1164 1842 Atarbem
1197 1804 1305 1842 morti
1341 1805 1454 1841 tradi-

799 1860 924 1908 disse,
963 1860 1133 1909 quoniam
1163 1856 1272 1912 ἱερὸν
1314 1870 1452 1912 στρου-

798 1913 881 1956 r&dv
902 1917 938 1952 in
965 1916 1169 1966 Aesculapii
1200 1916 1336 1966 templo
1358 1916 1452 1954 male

798 1976 1024 2011 tractaverat.
1083 1973 1192 2009 Conf.
1227 1973 1337 2010 etlam
1360 1973 1448 2010 ibid.

797 2029 907 2076 Xul,
929 2031 982 2070 31
1010 2032 1047 2067 et
1065 2029 1266 2079 interprett.
1294 2030 1343 2065 ad
1370 2029 1404 2066 h.
1425 2029 1449 2067 l.

797 2084 879 2123 Nec
908 2084 999 2122 aliae
1028 2085 1219 2134 nationes,
1258 2085 1448 2123 orientales

796 2142 1045 2193 potissimum,
1074 2141 1209 2179 liberae
1225 2141 1292 2179 hac
1321 2154 1450 2192 super-

797 2199 965 2247 stitione,
1003 2197 1077 2247 qua
1099 2210 1185 2236 aves
1225 2197 1450 2249 (praecipue

796 2255 1022 2303 columbas),
1052 2267 1148 2304 quae
1163 2254 1213 2291 ad
1231 2254 1367 2304 templa
1391 2255 1448 2292 ni-

798 2312 867 2349 dos
898 2311 1138 2359 collocarunt,
1181 2310 1362 2361 expellere
1386 2314 1448 2348 aut

794 2367 997 2405 interficere
1018 2370 1163 2415 vetant,
1192 2379 1326 2416 easque
1346 2370 1448 2405 tran-

794 2424 923 2474 quillas
950 2428 986 2462 et
1011 2424 1213 2460 inturbatas
1241 2424 1358 2461 sinere
1392 2424 1449 2460 iu-

793 2481 902 2528 bent,
931 2481 1068 2531 quippe
1093 2480 1160 2517 sub
1188 2480 1269 2527 dei,
1299 2480 1356 2517 cui
1385 2492 1448 2518 ae-

794 2537 860 2575 des
888 2537 1007 2574 dicata
1034 2540 1113 2583 est,
1149 2535 1264 2574 tutela·
1294 2535 1448 2573 colloca-

794 2597 865 2631 tas.
920 2592 1125 2640 Laudavit,
1155 2605 1249 2641 quae
1269 2591 1339 2629 huc
1360 2605 1447 2642 per-

795 2650 935 2696 tinent,
967 2649 1170 2687 Creuzerus
1197 2649 1233 2685 in
1251 2648 1446 2697 Symbolic

794 2705 830 2743 11
851 2719 937 2757 pag.
960 2708 1026 2747 71.
1038 2728 1093 2733 -—-
1113 2705 1157 2742 In
1176 2717 1280 2754 seqq.
1302 2719 1446 2774 φωνην

794 2781 851 2790 -——-
866 2762 1068 2827 φέρουσαν
1086 2776 1158 2812 μεν
1176 2775 1277 2813 προς
1303 2776 1373 2800 τον
1387 2756 1447 2800 'A-
1487 2810 1494 2816 .

793 2814 1017 2870 ριστόδικον
1049 2817 1214 2866 intellige
1244 2830 1372 2855 vocem
1397 2817 1445 2853 ad

791 2873 1034 2914 Aristodicum
1083 2885 1298 2922 conversam,
1354 2872 1446 2910 ‹lvre-

792 2934 897 2969 ctam.
