1759 3324
496 276 1014 317 EUTERPE.II.
1290 279 1373 318 543

119 392 231 448 νομοὶ
260 391 347 434 ἐστι
374 387 549 442 Ἀσμάχ·
600 385 781 429 δύναται
811 386 857 429 δὲ
886 390 1016 429 τοῦτο
1047 385 1096 429 τὸ
1130 385 1230 436 ἔπος
1260 384 1369 429 κατὰ
1425 397 1703 465 ffliitjgggsisscguffffi

1429 465 1559 493 moribus
1585 467 1701 495 colono-

118 472 197 528 τήν
220 467 433 523 Ἑλλήνων
461 469 682 520 γλῶσσαν,
716 466 759 507 οἱ
788 465 829 516 ἐξ
859 463 1086 521 ἀριστερῆς
1113 465 1257 521 χειρὸς
1288 481 1372 508 πα-
1429 506 1502 527 πω.

90 548 366 604 3ριστάμενοι
407 544 583 600 βασιλέϊ.
642 541 889 599 ἀπέστησαν
930 544 975 587 δὲ
1012 539 1141 587 αὗται
1182 545 1374 598 τέσσερες

115 628 186 670 καὶ
216 627 344 668 εἴκοσι
376 621 579 679 μυριάδες
602 625 851 677 Αἰγυπτίων
880 627 968 665 τῶν
989 625 1185 679 μαχίμων
1206 624 1247 674 ἐς
1271 623 1373 675 τούς
1384 630 1429 666 75

90 706 336 753 4Αἰθίοπας
366 702 570 752 τούτους,
602 699 658 744 δι’
692 703 832 757 αἰτίην
862 701 1048 759 τοιήνδε.
1091 703 1159 746 ἐπὶ
1199 707 1374 758 Ψαμμι-

114 787 234 839 τίχου
264 782 461 838 βασιλέος
492 781 685 836 φυλακαὶ
716 780 982 824 κατέστασαν
1013 782 1059 826 ἔν
1087 799 1131 825 τε
1164 780 1374 838 Ἐλεφαν-

113 865 208 919 τίνῃ
250 861 350 905 πόλι
390 860 497 915 πρὸς
535 859 785 912 Αἰθιόπων,
845 862 916 905 καὶ
956 862 1004 905 ἐν
1040 860 1249 919 Δάφνῃσι
1278 866 1376 919 τῇσι

116 943 412 998 Πηλουσίῃσι,
442 940 547 996 ἄλλη
580 940 625 983 δὲ
654 939 764 996 πρὸς
792 939 1003 997 Ἀραβίων
1032 957 1077 984 τε
1099 942 1172 985 καὶ
1194 940 1371 996 Σύρων,

57 1127 243 1176 gnabundi
259 1127 434 1163 defecisse
452 1131 487 1163 et
504 1126 540 1162 in
560 1124 711 1163 Aethio-

8 1210 10 1219 .
56 1184 151 1234 piam
163 1184 418 1231 commigrasse
428 1183 602 1219 dicuntur.
613 1181 710 1218 Nam

0 2824 3 2894 l

1 2897 4 2986 l

2 2992 7 3118 ¹.

5 3174 12 3324 l

57 1240 201 1276 sinistra
221 1241 338 1275 minus
360 1240 483 1287 utique
511 1238 710 1283 honorata3

58 1297 153 1332 unde
174 1295 369 1345 appellatio
387 1290 534 1344 Ἀσμάχ
555 1294 710 1342 ignomi-

57 1351 137 1388 niae
157 1364 265 1388 causa
283 1351 348 1387 illis
363 1352 475 1387 indita
488 1351 596 1387 fuisse
607 1350 709 1387 vide-

56 1413 125 1444 tur.
156 1408 231 1444 Sed
251 1408 337 1443 alias
359 1419 502 1455 quoque
515 1419 640 1443 causas
651 1408 708 1443 fu-

56 1464 128 1500 isse
154 1464 342 1513 suspiceris
361 1463 462 1509 licet,
492 1476 585 1511 quae
614 1463 707 1499 indi-

56 1532 168 1568 genas
202 1519 330 1556 milites
363 1519 563 1567 moverint,
618 1523 657 1555 ut
685 1531 707 1555 a

54 1575 306 1612 Psammiticho
333 1576 572 1613 desciscerent
602 1575 708 1612 alias-

56 1645 127 1680 que
145 1633 211 1669 sibi
237 1636 453 1680 quaererent
479 1636 603 1669 terras.
635 1631 709 1674 Qui

57 1689 152 1724 enim
164 1689 236 1724 iam
248 1689 416 1725 Sethonis
430 1688 623 1724 sacerdotis
642 1687 707 1723 sub

56 1744 208 1794 imperio
259 1744 451 1793 postpositi
495 1744 628 1780 fuerint
666 1755 708 1779 ac

55 1800 221 1849 neglecti,
242 1800 339 1836 haud
363 1800 500 1837 meliori
529 1804 625 1836 sorte
652 1800 706 1835 usi

55 1869 136 1894 esse
163 1857 329 1893 videntur
365 1856 606 1892 Psammitichi
640 1856 705 1892 sub

53 1925 190 1961 regn0,
221 1913 281 1961 qui
301 1913 514 1962 peregrinos
539 1913 706 1950 mercede

56 1970 278 2006 conduxerat
307 1969 460 2015 milites,
504 1969 705 2017 iisdemque

57 2038 96 2063 se
157 2025 433 2062 custodiendum
494 2025 704 2062 tradiderat.

56 2081 162 2119 Conf.
181 2085 271 2118 nott.
294 2082 341 2118 ad
368 2081 420 2128 ll,
445 2081 535 2122 152.
594 2081 706 2118 Plura

55 2138 166 2175 Beck.
185 2137 406 2187 VVeltgesch.
426 2137 440 2173 l
459 2152 495 2187 p.
519 2140 613 2178 726.

112 2189 278 2232 δύναται
308 2192 350 2232 δὲ
378 2196 494 2232 τοῦτο
516 2191 560 2233 τό
588 2191 703 2244 ἔπος]

58 2245 256 2289 δύνασθαι
264 2251 390 2299 valere,
402 2251 604 2300 significare
613 2251 705 2300 (quo

58 2319 164 2344 sensu
182 2306 314 2346 θέλειν
330 2308 377 2354 Il,
399 2310 470 2354 13)
484 2307 706 2344 illustrarunt

58 2362 227 2400 Valcken.
259 2365 306 2401 ad
333 2364 473 2402 Herod.
505 2364 578 2411 IV,
611 2365 703 2404 131.

57 2417 267 2456 Boissonad.
289 2421 336 2457 ad
347 2421 487 2470 Eunap.
506 2433 592 2470 pag.
612 2419 705 2461 155.

59 2494 114 2501 -
149 2474 206 2512 De
232 2477 450 2514 nominativo
481 2477 605 2514 addito
630 2476 702 2513 vid.

58 2528 187 2567 Matth.
209 2531 273 2568 Gr.
295 2533 360 2570 Gr.
377 2547 413 2583 p.
430 2535 522 2574 609.

112 2582 297 2637 μυριάδες
304 2589 532 2639 Αἰγυπτίων
543 2591 622 2628 τῶν
633 2604 704 2640 μοι·

60 2640 185 2691 χίμων
207 2658 242 2680 κ.
258 2659 289 2683 τ.
314 2644 369 2696 λ.]
400 2646 652 2695 Intelliguntur
680 2645 704 2682 ii

59 2696 246 2747 Aegyptii,
275 2702 334 2750 qui
353 2702 400 2738 ad
415 2701 564 2739 militum
572 2703 704 2739 tribum

61 2752 356 2806 (Kriegereaste)
384 2759 636 2807 pertinebant,
666 2759 704 2795 in

59 2808 286 2859 Aethiopiam
300 2815 529 2862 transgressi,
549 2828 629 2851 cum
648 2828 705 2852 re-

60 2864 117 2912 gis
145 2864 355 2917 Aegyptiaci
383 2870 568 2920 imperium
594 2883 705 2919 aegre

59 2920 214 2967 ferrent3
241 2923 278 2960 id
290 2926 386 2974 quod
397 2925 502 2964 valde
519 2927 706 2964 diminuis-

779 1139 817 1163 se
843 1127 1063 1164 censendum
1089 1130 1144 1164 est
1173 1128 1334 1177 ipsorum
1356 1125 1431 1165 Ae-

778 1184 879 1232 gypti
904 1197 1028 1232 regum
1051 1183 1239 1220 facultates
1263 1187 1298 1220 et
1323 1196 1426 1233 opes,

777 1252 856 1276 cum
877 1253 983 1277 omne
1002 1240 1111 1276 robur
1131 1240 1167 1276 in
1190 1239 1256 1276 hac
1277 1239 1429 1277 militum

777 1296 871 1331 tribu
892 1300 988 1333 esset
1006 1296 1186 1345 positum,
1215 1295 1345 1344 reliqui
1365 1309 1429 1333 au·

774 1355 846 1388 tem
868 1350 1042 1402 Aegyptii
1063 1353 1170 1388 armis
1191 1352 1349 1389 ferendis
1370 1352 1428 1388 vix

773 1420 881 1457 pares
901 1413 1033 1445 essent.
1066 1408 1123 1444 Cf.
1138 1408 1295 1445 Heeren.
1317 1408 1428 1445 Ideen

775 1468 841 1500 etc.
855 1464 898 1510 ll,
912 1468 983 1514 21).
996 1466 1078 1505 399
1090 1464 1166 1500 coll.
1179 1477 1214 1513 p.
1232 1466 1310 1504 137
1323 1477 1427 1513 seqq.

774 1519 815 1556 In
835 1520 1025 1570 Aethiopia
1046 1521 1201 1569 benigne
1218 1521 1357 1571 excepti
1370 1533 1429 1558 se-

775 1577 839 1613 des
860 1581 1076 1627 acceperunt
1105 1578 1140 1613 in
1167 1581 1263 1614 terra
1281 1577 1427 1623 Goiam,

775 1633 835 1669 ubi
854 1634 1035 1682 prioribus
1057 1633 1180 1670 incolis
1198 1633 1276 1670 loco
1302 1633 1429 1683 pulsis,

776 1702 877 1725 suum
898 1690 1082 1737 quoddam
1114 1702 1265 1737 regnum
1293 1691 1429 1727 conde-

776 1749 868 1781 rent.
899 1745 1007 1782 Plura
1032 1746 1191 1782 Heeren.
1220 1745 1243 1782 l.
1273 1745 1296 1782 l.
1324 1746 1379 1793 ll,
1404 1748 1424 1787 1

775 1814 811 1850 p-
830 1801 911 1841 427
933 1815 1008 1850 seq.
1029 1802 1110 1842 434
1133 1815 1208 1851 seq.
1231 1802 1295 1839 Cr.
1323 1803 1371 1839 ad
1391 1802 1427 1839 h.

774 1856 796 1893 l.
819 1858 1010 1908 adscripsit
1037 1858 1194 1895 Coraem
1214 1859 1260 1895 ad
1280 1858 1429 1895 Heliod.

772 1913 942 1964 Aethiop.
964 1927 1048 1964 pag.
1068 1916 1147 1956 256
1170 1928 1246 1964 seq.
1269 1918 1306 1952 et
1323 1915 1433 1951 Jour-

775 1969 834 2005 nal
856 1970 892 2006 d.
914 1971 999 2007 Sav.
1025 1973 1131 2012 1819
1162 1972 1265 2021 Sept.
1287 1984 1323 2021 p.
1347 1971 1429 2012 518

773 2025 932 2067 —520.
991 2027 1073 2063 Hoc
1097 2028 1191 2064 enim
1220 2027 1298 2064 loco
1322 2027 1430 2076 Angli

773 2082 957 2119 cuiusdam
970 2083 1141 2120 Bowdich
1161 2084 1341 2121 sententia
1352 2096 1431 2121 me-

772 2142 944 2186 moratur,
963 2139 1160 2189 Aethiopes
1179 2141 1224 2177 ab
1236 2139 1429 2190 Aegyptiis

772 2195 1057 2244 immigrantibus
1087 2195 1234 2245 pulsos,
1271 2197 1308 2232 in
1335 2196 1430 2234 inte-

771 2252 904 2289 riorem
914 2252 1074 2289 Africam
1084 2252 1257 2302 paulatim
1271 2266 1352 2290 esse
1364 2253 1431 2290 de-

771 2308 883 2354 latos,
914 2313 953 2345 ut
980 2323 1047 2359 pro
1067 2310 1276 2360 parentibus
1306 2310 1427 2358 gentis

771 2364 1062 2403 bellicosissimae
1072 2365 1201 2414 Anglis
1214 2378 1330 2415 nuper
1345 2379 1428 2416 per-

772 2434 879 2470 quam
898 2422 1038 2470 fatalis,
1069 2422 1274 2469 Askante's,
1303 2422 1428 2460 haberi

770 2478 924 2529 possint.

828 2533 895 2573 καὶ
922 2533 964 2573 ἓν
992 2529 1186 2588 Δάφνῃσι
1219 2536 1311 2588 τῇσι
1342 2536 1426 2585 Πη-

772 2589 976 2644 λουσίῃσι]
1007 2590 1180 2641 Daplmae
1205 2590 1427 2639 Pelusiacae,

772 2660 867 2696 quae
893 2648 988 2684 infra
1005 2660 1153 2697 quoque
1181 2652 1431 2685 memorantur

771 2703 826 2750 ΙΙ,
857 2707 955 2750 107,
994 2717 1069 2741 non
1097 2704 1248 2741 multum
1275 2704 1427 2741 aberant

771 2772 793 2796 a
812 2759 956 2798 Pelusio
987 2761 1097 2808 urbe,
1134 2760 1325 2798 Pelusiaco
1356 2761 1427 2796 flu-

770 2816 828 2852 vio
853 2817 1044 2867 appositae
1074 2817 1122 2854 ad
1145 2816 1354 2867 Aegyptum
1384 2817 1431 2852 ab

773 2876 977 2910 exterarum
1015 2873 1179 2922 gentium
1219 2872 1432 2909 incursioni-

774 2928 841 2965 bus
862 2929 1062 2966 tutandam.
1119 2928 1162 2965 In
1186 2929 1311 2966 codice
1328 2938 1431 2965 sacro
