1805 3315
637 259 856 301 CLIO.
913 259 945 300 1.

1363 264 1447 306 125

157 376 280 421 εἶναι.
319 375 426 428 πρὸς
449 371 516 424 δὲ,
547 369 621 415 καὶ
647 373 726 427 τῆς
755 368 924 414 ἑωυτοῦ
949 367 1159 427 γυναικὸς
1184 386 1239 414 τα
1261 367 1346 414 ἀπὸ
1368 374 1490 428 τῆς95

44 452 111 500 52
157 459 301 512 δειρῆς
332 452 516 506 ἀνέθηκε
545 446 569 492 ὁ
600 444 817 504 Κροῖσος,
861 450 938 493 καὶ
971 450 1048 500 τὰς
1079 447 1230 503 ζώνας.

1292 453 1441 494 Ταῦτα

154 535 233 591 μὲν
260 533 304 583 ἐς
331 527 536 586 Δελφοὺς
566 527 797 584 ἀπέπεμψε.
839 532 902 585 τῷ
931 529 978 573 δὲ
1003 526 1273 587 Ἀμφιάρεῳ,
1302 534 1443 574 πυθο-

151 627 279 668 μενος
311 607 450 652 αὐτοῦ
479 606 562 663 τήν
591 624 635 651 τε
664 606 823 665 ἀρετήν
851 609 925 652 καὶ
951 609 1032 666 τὴν
1059 607 1221 665 πάθην,
1254 605 1442 665 ἀνέθηκε

153 688 286 740 σάκος
312 704 358 732 τε
385 686 573 744 χρύσεον
599 690 711 739 πᾶν,
750 686 913 742 ὁμοίως
952 687 1031 731 κοῶ
1066 687 1225 744 αἰχμήν
1264 687 1441 747 στερεὴν

150 772 296 813 πᾶσαν
322 766 532 824 χρυσέην,
570 765 620 810 τὸ
652 765 811 818 ξυστόν
839 769 938 824 τῇσι
965 765 1145 824 λόγχῃσι
1173 765 1248 811 ἐόν
1278 767 1441 824 ὁμοίως

149 844 334 905 χρύσεον
342 860 353 871 ·

105 1035 227 1085 ipsum
246 1034 391 1072 fuerant
419 1031 481 1082 qui
511 1032 548 1069 in
577 1033 761 1084 discepta-

105 1091 241 1129 tionem
269 1095 451 1128 vocarent.
509 1088 580 1127 Alii
601 1091 760 1140 denique

105 1146 320 1185 vocabulum
355 1140 578 1197 άρτοκόπος
609 1147 761 1184 damna-

106 1208 213 1250 runt,
256 1207 297 1240 ut
323 1202 514 1251 Phrjnich.
542 1203 579 1240 in
602 1202 759 1252 Eclogg.

106 1273 144 1311 p.
159 1263 243 1302 222
270 1254 641 1324 [01).οἷρτοκόπος,
671 1254 759 1298 ἅδο-

107 1331 237 1367 κιμον
275 1330 350 1367 χρη
389 1312 433 1353 δὲ
477 1308 703 1367 αρτοπόπος
731 1310 760 1366 ἢ

108 1368 322 1424 οἷρτοποιὸς
347 1368 499 1423 λέγεινς
537 1371 598 1408 ubi
637 1374 762 1410 tamen

105 1427 293 1467 Lobeckio
325 1440 410 1495 pag.
433 1428 515 1469 223
544 1440 761 1478 persuasum

105 1489 184 1532 est,
221 1497 347 1522 vocem
369 1478 586 1535 ἀρτοκόπος
613 1488 760 1535 postre-

104 1554 166 1579 mo
182 1541 264 1578 loco
283 1541 412 1591 reponi
439 1540 595 1588 debere,
628 1545 665 1578 et
689 1535 759 1592 ἅρ-

105 1593 268 1644 τοποιός
288 1598 405 1648 primo
426 1596 528 1643 loc03
557 1597 595 1634 in
615 1610 687 1646 quo
698 1597 760 1636 ille

105 1655 217 1691 utitur
243 1653 466 1691 Herodoteis
497 1652 590 1690 locis
622 1653 662 1700 Ι,
704 1654 759 1696 51

106 1715 144 1748 et
153 1710 219 1757 IX,
234 1711 300 1757 82,
320 1710 390 1746 nisi
409 1709 554 1747 omnino
569 1710 761 1747 Gramma-

106 1767 236 1813 ticum‚
266 1769 307 1802 ut
327 1766 433 1814 alibi,
462 1766 513 1802 ita
532 1766 590 1802 hic
614 1779 761 1816 quoque

107 1823 244 1860 rariora
256 1822 431 1859 vocabula
447 1821 693 1860 locutionesve
704 1823 761 1859 in-

104 1879 197 1916 iuria
220 1878 448 1929 vituperasse
471 1879 680 1916 credideris,
708 1879 760 1916 Et

106 1940 295 1972 occurrunt
315 1929 532 1987 οῗρτοκόποι
552 1949 582 1971 S.
600 1936 759 1985 pistores

106 1991 146 2028 in
164 1991 358 2029 Persarum
379 2004 525 2041 quoque
540 1991 622 2028 aula
637 1992 760 2040 regia3

105 2048 178 2085 vid.
198 2047 432 2098 Xenophont.
449 2047 595 2085 Hellen.
616 2047 697 2094 vll,
720 2049 758 2094 1,

105 2107 160 2146 26
171 2104 248 2141 coll.
260 2104 516 2154 eropaedN,
527 2104 551 2145 5
556 2106 636 2151 ‚39.
647 2104 760 2142 Unde

105 2162 206 2211 apud
223 2160 428 2199 Iuvenalem
445 2160 522 2197 Sat.
545 2160 592 2208 V,
613 2164 668 2202 72
689 2160 759 2197 Ar-

105 2219 220 2267 tocopz·
242 2217 386 2256 retineri
427 2217 571 2264 malim,
610 2215 760 2255 lubens-

107 2286 179 2323 que
194 2274 246 2310 ad
276 2273 426 2312 Weberi
455 2273 652 2323 nuperrimi
681 2273 760 2311 edi-

105 2329 197 2367 toris
212 2330 430 2368 sententiam
447 2331 580 2367 accedo
591 2358 602 2377 ,
632 2330 701 2367 hoc
711 2331 760 2368 de

105 2384 185 2424 loco
216 2386 399 2437 copiosius
438 2386 639 2424 scribentis,
698 2385 759 2424 Ad

107 2442 407 2492 significationem
433 2437 648 2494 άρτοποιός
683 2455 760 2480 non

107 2499 243 2537 distare
264 2500 310 2538 ab
339 2494 583 2552 ἀρτοκόπος,
613 2512 657 2538 eo
691 2499 760 2537 mi-

108 2566 176 2592 nus
199 2556 354 2594 dubitari
364 2557 519 2607 poterit
551 2569 631 2593 cum
643 2554 758 2594 Athe-

108 2621 220 2648 naeus
237 2611 310 2660 IV,
331 2612 394 2655 15.
425 2612 478 2654 41
509 2612 660 2651 alterum
679 2612 760 2650 He-

110 2667 227 2704 rodoti
256 2667 372 2706 locum
394 2669 592 2719 respiciens
614 2669 760 2720 scripsit

112 2715 322 2773 αρτοποιός
337 2738 406 2776 pro
429 2720 662 2778 α’ρτοκόπος.

167 2796 216 2838 τοὶ
242 2797 318 2842 ἆπό
336 2805 406 2855 τῆς
428 2804 563 2857 δειρῆς
582 2800 759 2855 ἐνέθηκε

108 2851 134 2894 ὅ
131 2856 334 2920 Κροῖσος,
355 2859 421 2899 καὶ
441 2858 510 2908 τοὶς
532 2857 680 2911 ζώνας]
710 2858 758 2900 τοὶ

112 2906 196 2951 α’πο
220 2915 292 2965 τῆς
319 2916 450 2970 δειρῆς
487 2922 574 2956 sunt
602 2918 759 2967 momlz'a,

410 845 464 891 τὰ
503 846 564 891 ἔτι
600 845 674 890 καὶ
714 843 946 904 ἀμφότεροι
983 845 1026 898 ἐς
1065 845 1138 904 ἐμὲ
1173 840 1230 904 ἦν
1261 849 1439 904 κείμενοι

827 1032 915 1071 collo
945 1033 1067 1071 uxoris
1099 1030 1281 1082 detracta,
1319 1047 1366 1073 ne
1394 1034 1483 1084 quid

827 1090 962 1128 scilicet
980 1088 1138 1139 Apollini
1156 1102 1317 1138 negasse
1340 1091 1484 1130 videre-

826 1150 906 1193 tur,
935 1150 975 1183 ut
999 1145 1181 1182 existimat
1201 1146 1482 1197 VVesselingius,

827 1207 914 1253 apte
956 1202 1159 1239 admonens
1208 1202 1387 1241 Athenaei
1429 1204 1483 1242 VI

825 1271 863 1309 p.
884 1260 967 1300 232
988 1258 1034 1296 de
1064 1257 1169 1294 simili
1191 1260 1350 1307 quodam
1369 1261 1482 1307 dono,

829 1319 866 1352 et
884 1313 1066 1351 Eustathii
1089 1314 1137 1350 ad
1165 1313 1317 1354 Homer.
1345 1317 1483 1366 Odyss.

827 1384 864 1423 p.
885 1370 991 1418 453,
1020 1371 1075 1412 23
1094 1369 1208 1408 Basil.

1045 1483 1159 1536 Cap.
1188 1482 1270 1523 LII.

883 1557 1118 1614 πυθόμενος
1159 1558 1286 1603 αυτοῦ
1328 1578 1404 1615 την
1440 1577 1483 1603 τε

828 1614 973 1671 οἷρετην
990 1618 1057 1658 καὶ
1083 1616 1159 1671 τὴν
1184 1615 1354 1671 πάθην]
1385 1621 1482 1671 Spe-

828 1680 927 1713 ctant
944 1676 1033 1714 haec
1052 1677 1100 1713 ad
1119 1690 1185 1723 ea,
1217 1689 1311 1726 quae
1330 1678 1377 1715 de
1391 1678 1481 1714 Am-

827 1732 967 1782 phiarai
1002 1733 1087 1769 fatis
1128 1733 1261 1771 Graeci
1302 1733 1482 1771 serebant.

826 1788 911 1825 vid.
928 1801 1040 1838 supra
1059 1789 1106 1826 ad
1125 1788 1163 1836 I,
1186 1788 1253 1831 46.

882 1841 926 1884 τὸ
952 1841 1092 1892 ξυστόν
1115 1858 1206 1900 τησι
1235 1839 1394 1915 λόγχῃσι
1414 1842 1482 1885 εὀν

827 1898 972 1951 ὁμοίως
1011 1897 1203 1953 χρύσεον]
1264 1917 1308 1944 το
1340 1899 1484 1950 ξυστόν

828 1962 885 1995 est
912 1958 1037 2005 hasta,
1066 1971 1096 1994 S.
1130 1958 1279 2004 leastzle5
1316 1975 1342 2011 η
1365 1955 1482 2013 λόγχη

826 2014 948 2052 hastae
977 2014 1149 2063 spzculum
1193 2029 1223 2052 s.
1260 2017 1398 2067 cuspis,
1443 2020 1483 2053 ut

825 2070 914 2118 Vll,
947 2073 1012 2112 69.
1046 2074 1113 2112 77.
1177 2070 1275 2109 Add.
1312 2072 1482 2110 Ammon.

827 2127 873 2165 de
892 2127 1088 2165 differentt.
1111 2129 1261 2166 vocabb.
1290 2142 1376 2180 pag.
1399 2131 1481 2170 100

825 2183 1094 2233 ibiq.Valcken.
1108 2183 1337 2222 Animadvss.
1348 2199 1385 2236 p.
1399 2188 1481 2227 170

826 2244 863 2278 et
884 2252 979 2289 quae
1005 2241 1075 2278 alia
1099 2240 1226 2278 laudat
1256 2241 1480 2292 WVess.eling

882 2296 1044 2347 κείμενα
1065 2296 1108 2336 ἐν
1120 2294 1289 2351 Θήβῃσι,
1310 2297 1378 2337 καὶ
1397 2300 1480 2349 Θη-

826 2352 955 2405 βαίων
989 2352 1032 2393 ἐν
1063 2355 1118 2407 τῷ
1146 2353 1256 2406 νηῷ]
1305 2355 1479 2393 Barthius

825 2409 1002 2447 maluerat
1022 2410 1184 2461 κείμενα
1212 2410 1256 2450 ἐν
1278 2406 1345 2463 θή
1358 2426 1417 2466 κη
1431 2422 1480 2450 σι

829 2465 1044 2516 Θηβαίωνς
1073 2480 1289 2518 perperam,
1319 2472 1361 2506 ut
1385 2469 1481 2507 bene

825 2522 916 2560 vidit
952 2522 1175 2573 Wesseling.
1232 2523 1331 2562 Nam
1365 2520 1480 2576 θηκη

825 2582 884 2616 est
903 2579 1060 2627 bustum,
1089 2579 1223 2618 loculus
1251 2580 1342 2630 (vid.
1363 2581 1410 2629 Π,
1424 2584 1480 2623 67

826 2635 913 2685 ibiq.
936 2636 1069 2686 nott),
1097 2637 1245 2676 minime
1283 2651 1389 2686 vero,
1439 2641 1481 2675 ut

825 2691 997 2729 Barthius
1015 2693 1208 2731 arbitratus
1225 2697 1307 2741 est,
1337 2695 1481 2732 thesau—

826 2761 887 2785 rus
909 2761 1101 2799 rerum-que
1126 2762 1309 2787 sacrarum
1330 2751 1477 2788 savissa.

825 2804 907 2843 Nec
934 2806 1051 2854 magis
1079 2807 1345 2854 necessarium,
1377 2807 1477 2856 quod

825 2860 998 2898 Reiskius
1034 2863 1245 2912 proposuit:
1293 2861 1361 2902 καὶ
1400 2863 1477 2912 Θη-

825 2915 951 2969 βέων,
980 2931 1060 2957 cum
1078 2918 1285 2958 huiusmodi
1304 2918 1477 2956 transitus

1485 457 1532 491 Qu
1515 466 1572 485 uae
1596 459 1669 489 item
1694 462 1760 489 Am-

1485 492 1613 528 phiarao
