<?xml version="1.0" encoding="UTF-8"?>
<!DOCTYPE html PUBLIC "-//W3C//DTD XHTML 1.0 Transitional//EN"
    "http://www.w3.org/TR/xhtml1/DTD/xhtml1-transitional.dtd">
<html xmlns="http://www.w3.org/1999/xhtml" xml:lang="en" lang="en">
 <head>
  <title>
</title>
<meta http-equiv="Content-Type" content="text/html;charset=utf-8" />
  <meta name='ocr-system' content='tesseract 3.04.00' />
  <meta name='ocr-capabilities' content='ocr_page ocr_carea ocr_par ocr_line ocrx_word'/>
</head>
<body>
  <div class='ocr_page' id='page_1' title='image "./musaeher01hero/musaeher01hero_0792.png"; bbox 0 0 1759 3324; ppageno 0'>
   <div class='ocr_carea' id='block_1_1' title="bbox 294 251 378 291">
    <p class='ocr_par' dir='ltr' id='par_1_1' title="bbox 294 251 378 291">
     <span class='ocr_line' id='line_1_1' title="bbox 294 251 378 291; baseline 0 0"><span class='ocrx_word' id='word_1_1' title='bbox 294 251 378 291; x_wconf 76' lang='lat'>770</span> 
     </span>
    </p>
   </div>
   <div class='ocr_carea' id='block_1_2' title="bbox 687 244 1168 287">
    <p class='ocr_par' dir='ltr' id='par_1_2' title="bbox 687 244 1168 287">
     <span class='ocr_line' id='line_1_2' title="bbox 687 244 1168 287; baseline -0.01 0"><span class='ocrx_word' id='word_1_2' title='bbox 687 244 1168 287; x_wconf 87' lang='lat' dir='ltr'>HERODOTI</span> 
     </span>
    </p>
   </div>
   <div class='ocr_carea' id='block_1_3' title="bbox 295 351 1558 415">
    <p class='ocr_par' dir='ltr' id='par_1_3' title="bbox 295 351 1558 415">
     <span class='ocr_line' id='line_1_3' title="bbox 295 351 1558 415; baseline -0.009 -11"><span class='ocrx_word' id='word_1_3' title='bbox 295 359 495 415; x_wconf 80' lang='grc' dir='ltr'><em>ὀργυιαί·</em></span> <span class='ocrx_word' id='word_1_4' title='bbox 529 358 645 411; x_wconf 82' lang='grc' dir='ltr'><em>ὕψος</em></span> <span class='ocrx_word' id='word_1_5' title='bbox 675 358 740 410; x_wconf 75' lang='grc' dir='ltr'>δὲ,</span> <span class='ocrx_word' id='word_1_6' title='bbox 771 361 824 413; x_wconf 82' lang='grc' dir='ltr'>τῇ</span> <span class='ocrx_word' id='word_1_7' title='bbox 854 352 1104 411; x_wconf 76' lang='grc' dir='ltr'><em>ὑψηλοτάτη</em></span> <span class='ocrx_word' id='word_1_8' title='bbox 1133 353 1221 397; x_wconf 81' lang='grc' dir='ltr'><em>ἐστὶ</em></span> <span class='ocrx_word' id='word_1_9' title='bbox 1245 351 1352 409; x_wconf 80' lang='grc' dir='ltr'>αὐτή</span> <span class='ocrx_word' id='word_1_10' title='bbox 1382 351 1558 407; x_wconf 79' lang='grc' dir='ltr'><em>ἑωυτῆς,</em></span> 
     </span>
    </p>
   </div>
   <div class='ocr_carea' id='block_1_4' title="bbox 297 432 1589 494">
    <p class='ocr_par' dir='ltr' id='par_1_4' title="bbox 297 432 1589 494">
     <span class='ocr_line' id='line_1_4' title="bbox 297 432 1589 494; baseline -0.009 -11"><span class='ocrx_word' id='word_1_11' title='bbox 297 436 412 482; x_wconf 74' lang='grc' dir='ltr'><em>ὀκτώ</em></span> <span class='ocrx_word' id='word_1_12' title='bbox 442 437 638 494; x_wconf 83' lang='grc' dir='ltr'><em>ὀργυιαί’</em></span> <span class='ocrx_word' id='word_1_13' title='bbox 669 439 800 481; x_wconf 80' lang='grc' dir='ltr'><em>λίθου</em></span> <span class='ocrx_word' id='word_1_14' title='bbox 830 452 872 479; x_wconf 86' lang='grc' dir='ltr'>τε</span> <span class='ocrx_word' id='word_1_15' title='bbox 904 436 1057 487; x_wconf 79' lang='grc' dir='ltr'><em>ξεστοῦ</em></span> <span class='ocrx_word' id='word_1_16' title='bbox 1086 435 1159 477; x_wconf 83' lang='grc' dir='ltr'>καὶ</span> <span class='ocrx_word' id='word_1_17' title='bbox 1185 432 1306 487; x_wconf 79' lang='grc' dir='ltr'><em>ζώων</em></span> <span class='ocrx_word' id='word_1_18' title='bbox 1327 432 1589 487; x_wconf 53' lang='lat' dir='ltr'>{wewam-1</span> 
     </span>
    </p>
   </div>
   <div class='ocr_carea' id='block_1_5' title="bbox 268 509 1561 574">
    <p class='ocr_par' dir='ltr' id='par_1_5' title="bbox 268 509 1561 574">
     <span class='ocr_line' id='line_1_5' title="bbox 268 509 1561 574; baseline -0.005 -15"><span class='ocrx_word' id='word_1_19' title='bbox 268 516 480 574; x_wconf 83' lang='grc' dir='ltr'>7μένων·)</span> <span class='ocrx_word' id='word_1_20' title='bbox 539 515 676 572; x_wconf 80' lang='grc' dir='ltr'><em>ταύτῃ</em></span> <span class='ocrx_word' id='word_1_21' title='bbox 704 531 748 558; x_wconf 82' lang='grc' dir='ltr'>τε</span> <span class='ocrx_word' id='word_1_22' title='bbox 784 514 838 570; x_wconf 72' lang='grc' dir='ltr'>δὴ</span> <span class='ocrx_word' id='word_1_23' title='bbox 870 513 922 557; x_wconf 84' lang='grc' dir='ltr'>τὰ</span> <span class='ocrx_word' id='word_1_24' title='bbox 952 514 1056 558; x_wconf 80' lang='grc' dir='ltr'><em>δέκα</em></span> <span class='ocrx_word' id='word_1_25' title='bbox 1086 514 1181 558; x_wconf 77' lang='grc' dir='ltr'><em>ἔτεα</em></span> <span class='ocrx_word' id='word_1_26' title='bbox 1209 511 1437 569; x_wconf 78' lang='grc' dir='ltr'><em>γενέσθαι,</em></span> <span class='ocrx_word' id='word_1_27' title='bbox 1486 509 1561 553; x_wconf 84' lang='grc' dir='ltr'>καὶ</span> 
     </span>
    </p>
   </div>
   <div class='ocr_carea' id='block_1_6' title="bbox 243 696 900 919">
    <p class='ocr_par' dir='ltr' id='par_1_6' title="bbox 243 696 900 919">
     <span class='ocr_line' id='line_1_6' title="bbox 244 696 899 740; baseline -0.011 0"><span class='ocrx_word' id='word_1_28' title='bbox 244 702 428 740; x_wconf 87' lang='lat' dir='ltr'>Gaissord.</span> <span class='ocrx_word' id='word_1_29' title='bbox 448 699 562 737; x_wconf 91' lang='lat' dir='ltr'>secuti</span> <span class='ocrx_word' id='word_1_30' title='bbox 592 711 725 735; x_wconf 88' lang='lat' dir='ltr'>sumus.</span> <span class='ocrx_word' id='word_1_31' title='bbox 757 719 811 726; x_wconf 89' lang='lat'>—</span> <span class='ocrx_word' id='word_1_32' title='bbox 839 696 899 734; x_wconf 88' lang='lat' dir='ltr'>Ad</span> 
     </span>
     <span class='ocr_line' id='line_1_7' title="bbox 243 754 900 809; baseline -0.009 -14"><span class='ocrx_word' id='word_1_33' title='bbox 243 758 418 809; x_wconf 83' lang='lat' dir='ltr'><strong>pluralem</strong></span> <span class='ocrx_word' id='word_1_34' title='bbox 452 754 527 794; x_wconf 78' lang='grc' dir='ltr'><em>εἰσὶ</em></span> <span class='ocrx_word' id='word_1_35' title='bbox 561 755 655 791; x_wconf 90' lang='lat' dir='ltr'>conf.</span> <span class='ocrx_word' id='word_1_36' title='bbox 686 754 745 796; x_wconf 85' lang='lat' dir='ltr'>ll,</span> <span class='ocrx_word' id='word_1_37' title='bbox 779 755 830 793; x_wconf 91' lang='lat'>16</span> <span class='ocrx_word' id='word_1_38' title='bbox 861 756 900 790; x_wconf 90' lang='lat' dir='ltr'>et</span> 
     </span>
     <span class='ocr_line' id='line_1_8' title="bbox 243 809 898 863; baseline -0.012 -11"><span class='ocrx_word' id='word_1_39' title='bbox 243 815 374 852; x_wconf 87' lang='lat' dir='ltr'>Matth.</span> <span class='ocrx_word' id='word_1_40' title='bbox 404 825 489 863; x_wconf 87' lang='lat' dir='ltr'>pag.</span> <span class='ocrx_word' id='word_1_41' title='bbox 519 810 602 851; x_wconf 80' lang='lat'>794</span> <span class='ocrx_word' id='word_1_42' title='bbox 632 815 667 847; x_wconf 89' lang='lat' dir='ltr'>et</span> <span class='ocrx_word' id='word_1_43' title='bbox 695 810 743 846; x_wconf 86' lang='lat' dir='ltr'>ad</span> <span class='ocrx_word' id='word_1_44' title='bbox 765 809 898 846; x_wconf 80' lang='lat' dir='ltr'>verba:</span> 
     </span>
     <span class='ocr_line' id='line_1_9' title="bbox 243 864 900 919; baseline -0.015 -10"><span class='ocrx_word' id='word_1_45' title='bbox 243 864 547 919; x_wconf 76' lang='grc' dir='ltr'><em>ὖψηλοτάτη-</em></span> <span class='ocrx_word' id='word_1_46' title='bbox 561 865 713 916; x_wconf 80' lang='grc' dir='ltr'><em>ἑωυτῆς</em></span> <span class='ocrx_word' id='word_1_47' title='bbox 747 866 841 902; x_wconf 84' lang='lat' dir='ltr'>conf.</span> <span class='ocrx_word' id='word_1_48' title='bbox 871 864 900 910; x_wconf 88' lang='grc' dir='ltr'>Ι,</span> 
     </span>
    </p>
   </div>
   <div class='ocr_carea' id='block_1_7' title="bbox 247 926 453 968">
    <p class='ocr_par' dir='ltr' id='par_1_7' title="bbox 247 926 453 968">
     <span class='ocr_line' id='line_1_10' title="bbox 247 926 453 968; baseline -0.024 -1"><span class='ocrx_word' id='word_1_49' title='bbox 247 928 339 968; x_wconf 82' lang='grc'>193.</span> <span class='ocrx_word' id='word_1_50' title='bbox 359 926 453 967; x_wconf 81' lang='lat'>203.</span> 
     </span>
    </p>
   </div>
   <div class='ocr_carea' id='block_1_8' title="bbox 246 1008 910 1730">
    <p class='ocr_par' dir='ltr' id='par_1_8' title="bbox 246 1008 910 1730">
     <span class='ocr_line' id='line_1_11' title="bbox 301 1008 903 1066; baseline -0.012 -12"><span class='ocrx_word' id='word_1_51' title='bbox 301 1017 373 1065; x_wconf 85' lang='grc' dir='ltr'>τῆς</span> <span class='ocrx_word' id='word_1_52' title='bbox 392 1011 467 1066; x_wconf 66' lang='grc' dir='ltr'>γάρ</span> <span class='ocrx_word' id='word_1_53' title='bbox 488 1013 616 1063; x_wconf 79' lang='grc' dir='ltr'><em>μῆκος</em></span> <span class='ocrx_word' id='word_1_54' title='bbox 640 1026 678 1050; x_wconf 82' lang='grc' dir='ltr'>κ.</span> <span class='ocrx_word' id='word_1_55' title='bbox 701 1026 732 1050; x_wconf 84' lang='grc' dir='ltr'>τ.</span> <span class='ocrx_word' id='word_1_56' title='bbox 754 1008 801 1060; x_wconf 88' lang='grc' dir='ltr'>λ.]</span> <span class='ocrx_word' id='word_1_57' title='bbox 832 1011 903 1059; x_wconf 84' lang='grc' dir='ltr'>τῆς</span> 
     </span>
     <span class='ocr_line' id='line_1_12' title="bbox 246 1067 904 1115; baseline -0.014 -5"><span class='ocrx_word' id='word_1_58' title='bbox 246 1072 383 1110; x_wconf 87' lang='lat' dir='ltr'>scilicet</span> <span class='ocrx_word' id='word_1_59' title='bbox 402 1070 513 1110; x_wconf 80' lang='grc' dir='ltr'><em>ὁδοῦ.</em></span> <span class='ocrx_word' id='word_1_60' title='bbox 571 1068 671 1107; x_wconf 87' lang='lat' dir='ltr'>Nam</span> <span class='ocrx_word' id='word_1_61' title='bbox 690 1067 904 1115; x_wconf 80' lang='lat' dir='ltr'>intelligitur</span> 
     </span>
     <span class='ocr_line' id='line_1_13' title="bbox 246 1124 904 1177; baseline -0.012 -11"><span class='ocrx_word' id='word_1_62' title='bbox 246 1129 304 1166; x_wconf 89' lang='lat' dir='ltr'>via</span> <span class='ocrx_word' id='word_1_63' title='bbox 331 1140 426 1177; x_wconf 90' lang='lat' dir='ltr'>quae</span> <span class='ocrx_word' id='word_1_64' title='bbox 455 1129 639 1164; x_wconf 79' lang='lat' dir='ltr'>exstructa</span> <span class='ocrx_word' id='word_1_65' title='bbox 666 1125 737 1161; x_wconf 76' lang='lat' dir='ltr'>fuit</span> <span class='ocrx_word' id='word_1_66' title='bbox 765 1124 813 1160; x_wconf 89' lang='lat' dir='ltr'>ad</span> <span class='ocrx_word' id='word_1_67' title='bbox 835 1137 904 1173; x_wconf 90' lang='lat' dir='ltr'>py-</span> 
     </span>
     <span class='ocr_line' id='line_1_14' title="bbox 246 1180 902 1234; baseline -0.011 -12"><span class='ocrx_word' id='word_1_68' title='bbox 246 1184 427 1222; x_wconf 90' lang='lat' dir='ltr'>ramidum</span> <span class='ocrx_word' id='word_1_69' title='bbox 475 1183 615 1234; x_wconf 89' lang='lat' dir='ltr'>lapides</span> <span class='ocrx_word' id='word_1_70' title='bbox 656 1180 902 1218; x_wconf 80' lang='lat' dir='ltr'>advehendos.</span> 
     </span>
     <span class='ocr_line' id='line_1_15' title="bbox 247 1238 905 1290; baseline -0.009 -12"><span class='ocrx_word' id='word_1_71' title='bbox 247 1241 366 1279; x_wconf 92' lang='lat' dir='ltr'>Huius</span> <span class='ocrx_word' id='word_1_72' title='bbox 385 1253 470 1278; x_wconf 87' lang='lat' dir='ltr'>vero</span> <span class='ocrx_word' id='word_1_73' title='bbox 497 1239 609 1290; x_wconf 89' lang='lat' dir='ltr'>ipsius</span> <span class='ocrx_word' id='word_1_74' title='bbox 637 1238 771 1274; x_wconf 88' lang='lat' dir='ltr'>rudera</span> <span class='ocrx_word' id='word_1_75' title='bbox 791 1248 905 1286; x_wconf 90' lang='lat' dir='ltr'>quae-</span> 
     </span>
     <span class='ocr_line' id='line_1_16' title="bbox 249 1293 904 1340; baseline -0.008 -5"><span class='ocrx_word' id='word_1_76' title='bbox 249 1299 333 1335; x_wconf 87' lang='lat' dir='ltr'>dam</span> <span class='ocrx_word' id='word_1_77' title='bbox 363 1311 402 1335; x_wconf 91' lang='lat' dir='ltr'>se</span> <span class='ocrx_word' id='word_1_78' title='bbox 441 1296 577 1333; x_wconf 89' lang='lat' dir='ltr'>vidisse</span> <span class='ocrx_word' id='word_1_79' title='bbox 619 1294 695 1331; x_wconf 89' lang='lat' dir='ltr'>vult</span> <span class='ocrx_word' id='word_1_80' title='bbox 722 1293 904 1340; x_wconf 87' lang='lat' dir='ltr'>Pococke,</span> 
     </span>
     <span class='ocr_line' id='line_1_17' title="bbox 248 1349 904 1393; baseline -0.011 -1"><span class='ocrx_word' id='word_1_81' title='bbox 248 1355 347 1393; x_wconf 89' lang='lat' dir='ltr'>cuius</span> <span class='ocrx_word' id='word_1_82' title='bbox 376 1353 488 1391; x_wconf 68' lang='lat' dir='ltr'>verba</span> <span class='ocrx_word' id='word_1_83' title='bbox 513 1352 639 1390; x_wconf 87' lang='lat' dir='ltr'>citavit</span> <span class='ocrx_word' id='word_1_84' title='bbox 664 1349 835 1387; x_wconf 91' lang='lat' dir='ltr'>Larcher.</span> <span class='ocrx_word' id='word_1_85' title='bbox 866 1350 904 1385; x_wconf 92' lang='lat' dir='ltr'>in</span> 
     </span>
     <span class='ocr_line' id='line_1_18' title="bbox 248 1406 905 1456; baseline -0.008 -9"><span class='ocrx_word' id='word_1_86' title='bbox 248 1415 326 1448; x_wconf 92' lang='lat' dir='ltr'>not.</span> <span class='ocrx_word' id='word_1_87' title='bbox 346 1411 394 1447; x_wconf 82' lang='lat' dir='ltr'>ad</span> <span class='ocrx_word' id='word_1_88' title='bbox 413 1410 448 1447; x_wconf 91' lang='lat' dir='ltr'>h.</span> <span class='ocrx_word' id='word_1_89' title='bbox 470 1409 492 1446; x_wconf 96' lang='lat' dir='ltr'>l.</span> <span class='ocrx_word' id='word_1_90' title='bbox 551 1408 613 1446; x_wconf 93' lang='lat' dir='ltr'>Tu</span> <span class='ocrx_word' id='word_1_91' title='bbox 630 1407 704 1444; x_wconf 90' lang='lat' dir='ltr'>vid.</span> <span class='ocrx_word' id='word_1_92' title='bbox 738 1419 833 1456; x_wconf 81' lang='lat' dir='ltr'>quae</span> <span class='ocrx_word' id='word_1_93' title='bbox 857 1406 905 1442; x_wconf 87' lang='lat' dir='ltr'>ad</span> 
     </span>
     <span class='ocr_line' id='line_1_19' title="bbox 249 1463 905 1516; baseline -0.008 -12"><span class='ocrx_word' id='word_1_94' title='bbox 249 1468 360 1504; x_wconf 91' lang='lat' dir='ltr'>finem</span> <span class='ocrx_word' id='word_1_95' title='bbox 388 1466 517 1516; x_wconf 87' lang='lat' dir='ltr'>capitis</span> <span class='ocrx_word' id='word_1_96' title='bbox 544 1478 587 1502; x_wconf 82' lang='lat' dir='ltr'>ex</span> <span class='ocrx_word' id='word_1_97' title='bbox 607 1464 759 1512; x_wconf 70' lang='lat' dir='ltr'>Zoegae</span> <span class='ocrx_word' id='word_1_98' title='bbox 779 1463 905 1513; x_wconf 84' lang='lat' dir='ltr'>dispu-</span> 
     </span>
     <span class='ocr_line' id='line_1_20' title="bbox 248 1519 906 1573; baseline -0.009 -12"><span class='ocrx_word' id='word_1_99' title='bbox 248 1524 388 1561; x_wconf 81' lang='lat' dir='ltr'>tatione</span> <span class='ocrx_word' id='word_1_100' title='bbox 416 1523 566 1573; x_wconf 86' lang='lat' dir='ltr'>copiosa</span> <span class='ocrx_word' id='word_1_101' title='bbox 596 1521 812 1566; x_wconf 81' lang='lat' dir='ltr'>afferemus,</span> <span class='ocrx_word' id='word_1_102' title='bbox 843 1519 906 1568; x_wconf 90' lang='lat' dir='ltr'>qui</span> 
     </span>
     <span class='ocr_line' id='line_1_21' title="bbox 249 1577 908 1631; baseline -0.008 -14"><span class='ocrx_word' id='word_1_103' title='bbox 249 1592 336 1631; x_wconf 89' lang='lat' dir='ltr'>pag.</span> <span class='ocrx_word' id='word_1_104' title='bbox 357 1580 440 1621; x_wconf 88' lang='lat'>400</span> <span class='ocrx_word' id='word_1_105' title='bbox 468 1582 545 1615; x_wconf 90' lang='lat' dir='ltr'>not.</span> <span class='ocrx_word' id='word_1_106' title='bbox 569 1579 621 1618; x_wconf 84' lang='lat'>18</span> <span class='ocrx_word' id='word_1_107' title='bbox 660 1577 908 1614; x_wconf 81' lang='lat' dir='ltr'>narrationem</span> 
     </span>
     <span class='ocr_line' id='line_1_22' title="bbox 251 1633 910 1685; baseline -0.005 -12"><span class='ocrx_word' id='word_1_108' title='bbox 251 1649 353 1673; x_wconf 90' lang='lat' dir='ltr'>suam</span> <span class='ocrx_word' id='word_1_109' title='bbox 392 1635 708 1685; x_wconf 81' lang='lat' dir='ltr'>peregrinatorum</span> <span class='ocrx_word' id='word_1_110' title='bbox 745 1633 910 1670; x_wconf 89' lang='lat' dir='ltr'>testimo-</span> 
     </span>
     <span class='ocr_line' id='line_1_23' title="bbox 251 1691 629 1730; baseline -0.011 0"><span class='ocrx_word' id='word_1_111' title='bbox 251 1693 319 1730; x_wconf 88' lang='lat' dir='ltr'>niis</span> <span class='ocrx_word' id='word_1_112' title='bbox 348 1693 433 1729; x_wconf 88' lang='lat' dir='ltr'>satis</span> <span class='ocrx_word' id='word_1_113' title='bbox 463 1691 629 1728; x_wconf 77' lang='lat' dir='ltr'>firmavit.</span> 
     </span>
    </p>
   </div>
   <div class='ocr_carea' id='block_1_9' title="bbox 251 1774 910 2228">
    <p class='ocr_par' dir='ltr' id='par_1_9' title="bbox 251 1774 910 2228">
     <span class='ocr_line' id='line_1_24' title="bbox 308 1774 910 1828; baseline -0.007 -7"><span class='ocrx_word' id='word_1_114' title='bbox 308 1782 428 1821; x_wconf 82' lang='grc' dir='ltr'><em>λίθου</em></span> <span class='ocrx_word' id='word_1_115' title='bbox 453 1795 494 1820; x_wconf 84' lang='grc' dir='ltr'>τε</span> <span class='ocrx_word' id='word_1_116' title='bbox 525 1780 664 1828; x_wconf 81' lang='grc' dir='ltr'><em>ξεστοῦ</em></span> <span class='ocrx_word' id='word_1_117' title='bbox 694 1777 762 1818; x_wconf 76' lang='grc' dir='ltr'>καὶ</span> <span class='ocrx_word' id='word_1_118' title='bbox 800 1774 910 1825; x_wconf 79' lang='grc' dir='ltr'><em>ζώων</em></span> 
     </span>
     <span class='ocr_line' id='line_1_25' title="bbox 251 1836 908 1892; baseline -0.014 -13"><span class='ocrx_word' id='word_1_119' title='bbox 251 1836 592 1892; x_wconf 73' lang='grc' dir='ltr'><em>ἐγγεγλυμμένων]</em></span> <span class='ocrx_word' id='word_1_120' title='bbox 632 1837 752 1887; x_wconf 90' lang='lat' dir='ltr'>Supra</span> <span class='ocrx_word' id='word_1_121' title='bbox 776 1836 832 1883; x_wconf 89' lang='lat' dir='ltr'>ll,</span> <span class='ocrx_word' id='word_1_122' title='bbox 855 1838 908 1877; x_wconf 88' lang='grc'>96</span> 
     </span>
     <span class='ocr_line' id='line_1_26' title="bbox 253 1893 910 1945; baseline -0.008 -12"><span class='ocrx_word' id='word_1_123' title='bbox 253 1896 336 1933; x_wconf 90' lang='lat' dir='ltr'>huic</span> <span class='ocrx_word' id='word_1_124' title='bbox 354 1896 515 1945; x_wconf 82' lang='lat' dir='ltr'>genitivo</span> <span class='ocrx_word' id='word_1_125' title='bbox 541 1893 735 1931; x_wconf 86' lang='lat' dir='ltr'>addiderat</span> <span class='ocrx_word' id='word_1_126' title='bbox 753 1905 910 1942; x_wconf 91' lang='lat' dir='ltr'>praepo-</span> 
     </span>
     <span class='ocr_line' id='line_1_27' title="bbox 253 1948 907 2000; baseline -0.008 -11"><span class='ocrx_word' id='word_1_127' title='bbox 253 1953 421 1990; x_wconf 90' lang='lat' dir='ltr'>sitionem</span> <span class='ocrx_word' id='word_1_128' title='bbox 443 1950 497 1998; x_wconf 80' lang='grc' dir='ltr'>ἐκ,</span> <span class='ocrx_word' id='word_1_129' title='bbox 520 1963 630 2000; x_wconf 91' lang='lat' dir='ltr'>quam</span> <span class='ocrx_word' id='word_1_130' title='bbox 651 1950 745 1986; x_wconf 83' lang='lat' dir='ltr'>insta</span> <span class='ocrx_word' id='word_1_131' title='bbox 762 1949 807 1994; x_wconf 89' lang='lat'>11,</span> <span class='ocrx_word' id='word_1_132' title='bbox 828 1948 907 1990; x_wconf 79' lang='lat'>125</span> 
     </span>
     <span class='ocr_line' id='line_1_28' title="bbox 253 2005 906 2046; baseline -0.008 0"><span class='ocrx_word' id='word_1_133' title='bbox 253 2009 385 2046; x_wconf 89' lang='lat' dir='ltr'>iterum</span> <span class='ocrx_word' id='word_1_134' title='bbox 407 2008 537 2045; x_wconf 89' lang='lat' dir='ltr'>omisit.</span> <span class='ocrx_word' id='word_1_135' title='bbox 597 2006 659 2043; x_wconf 91' lang='lat' dir='ltr'>Tu</span> <span class='ocrx_word' id='word_1_136' title='bbox 683 2007 756 2042; x_wconf 75' lang='lat' dir='ltr'>vid.</span> <span class='ocrx_word' id='word_1_137' title='bbox 776 2005 906 2042; x_wconf 82' lang='lat' dir='ltr'>Matth.</span> 
     </span>
     <span class='ocr_line' id='line_1_29' title="bbox 253 2062 910 2115; baseline -0.005 -14"><span class='ocrx_word' id='word_1_138' title='bbox 253 2077 338 2115; x_wconf 88' lang='lat' dir='ltr'>pag.</span> <span class='ocrx_word' id='word_1_139' title='bbox 358 2067 451 2106; x_wconf 88' lang='lat'><strong>688.</strong></span> <span class='ocrx_word' id='word_1_140' title='bbox 484 2065 564 2110; x_wconf 74' lang='grc' dir='ltr'>ζῶα</span> <span class='ocrx_word' id='word_1_141' title='bbox 592 2067 676 2099; x_wconf 88' lang='lat' dir='ltr'>sunt</span> <span class='ocrx_word' id='word_1_142' title='bbox 696 2062 842 2110; x_wconf 84' lang='lat' dir='ltr'>quaevis</span> <span class='ocrx_word' id='word_1_143' title='bbox 867 2062 910 2098; x_wconf 80' lang='lat' dir='ltr'>fi-</span> 
     </span>
     <span class='ocr_line' id='line_1_30' title="bbox 255 2118 910 2170; baseline -0.008 -12"><span class='ocrx_word' id='word_1_144' title='bbox 255 2134 390 2170; x_wconf 88' lang='lat' dir='ltr'>gurae,</span> <span class='ocrx_word' id='word_1_145' title='bbox 434 2120 612 2168; x_wconf 83' lang='lat' dir='ltr'>imagines</span> <span class='ocrx_word' id='word_1_146' title='bbox 640 2118 821 2168; x_wconf 87' lang='lat' dir='ltr'>lapidibus</span> <span class='ocrx_word' id='word_1_147' title='bbox 854 2118 910 2154; x_wconf 89' lang='lat' dir='ltr'>in-</span> 
     </span>
     <span class='ocr_line' id='line_1_31' title="bbox 256 2174 908 2228; baseline -0.006 -14"><span class='ocrx_word' id='word_1_148' title='bbox 256 2176 430 2228; x_wconf 87' lang='lat' dir='ltr'>sculptae.</span> <span class='ocrx_word' id='word_1_149' title='bbox 486 2176 568 2213; x_wconf 87' lang='lat' dir='ltr'>Vid.</span> <span class='ocrx_word' id='word_1_150' title='bbox 599 2178 694 2212; x_wconf 89' lang='lat' dir='ltr'>nott.</span> <span class='ocrx_word' id='word_1_151' title='bbox 721 2174 770 2212; x_wconf 92' lang='lat' dir='ltr'>ad</span> <span class='ocrx_word' id='word_1_152' title='bbox 795 2174 849 2221; x_wconf 86' lang='lat'>11,</span> <span class='ocrx_word' id='word_1_153' title='bbox 872 2174 908 2215; x_wconf 94' lang='lat'>4.</span> 
     </span>
    </p>
   </div>
   <div class='ocr_carea' id='block_1_10' title="bbox 257 2272 915 2950">
    <p class='ocr_par' dir='ltr' id='par_1_10' title="bbox 257 2272 915 2950">
     <span class='ocr_line' id='line_1_32' title="bbox 311 2272 911 2331; baseline -0.003 -15"><span class='ocrx_word' id='word_1_154' title='bbox 311 2272 433 2331; x_wconf 80' lang='grc' dir='ltr'><em>ταύτῃ</em></span> <span class='ocrx_word' id='word_1_155' title='bbox 470 2291 512 2316; x_wconf 86' lang='grc' dir='ltr'>τε</span> <span class='ocrx_word' id='word_1_156' title='bbox 545 2272 597 2327; x_wconf 85' lang='grc' dir='ltr'>δη</span> <span class='ocrx_word' id='word_1_157' title='bbox 623 2272 670 2314; x_wconf 78' lang='grc' dir='ltr'>τοέ</span> <span class='ocrx_word' id='word_1_158' title='bbox 696 2273 792 2315; x_wconf 82' lang='grc' dir='ltr'><em>δέκα</em></span> <span class='ocrx_word' id='word_1_159' title='bbox 826 2274 911 2315; x_wconf 81' lang='grc' dir='ltr'><em>ε’τεα</em></span> 
     </span>
     <span class='ocr_line' id='line_1_33' title="bbox 257 2317 909 2396; baseline -0.005 -24"><span class='ocrx_word' id='word_1_160' title='bbox 257 2317 459 2386; x_wconf 83' lang='grc' dir='ltr'><em>γενέσθαι]</em></span> <span class='ocrx_word' id='word_1_161' title='bbox 495 2328 641 2396; x_wconf 80' lang='grc' dir='ltr'><em>ταύτῃ</em></span> <span class='ocrx_word' id='word_1_162' title='bbox 650 2345 731 2369; x_wconf 90' lang='lat' dir='ltr'>cum</span> <span class='ocrx_word' id='word_1_163' title='bbox 759 2338 909 2370; x_wconf 90' lang='lat' dir='ltr'>recentt</span> 
     </span>
     <span class='ocr_line' id='line_1_34' title="bbox 257 2383 911 2439; baseline -0.002 -11"><span class='ocrx_word' id='word_1_164' title='bbox 257 2390 462 2428; x_wconf 75' lang='lat' dir='ltr'>reduximus</span> <span class='ocrx_word' id='word_1_165' title='bbox 482 2402 550 2439; x_wconf 91' lang='lat' dir='ltr'>pro</span> <span class='ocrx_word' id='word_1_166' title='bbox 567 2383 735 2438; x_wconf 76' lang='grc' dir='ltr'><em>ταύτης,</em></span> <span class='ocrx_word' id='word_1_167' title='bbox 761 2389 862 2438; x_wconf 90' lang='lat' dir='ltr'>quod</span> <span class='ocrx_word' id='word_1_168' title='bbox 889 2402 911 2427; x_wconf 89' lang='lat' dir='ltr'>a</span> 
     </span>
     <span class='ocr_line' id='line_1_35' title="bbox 257 2445 911 2485; baseline -0.005 0"><span class='ocrx_word' id='word_1_169' title='bbox 257 2446 387 2485; x_wconf 85' lang='lat' dir='ltr'>Reizio</span> <span class='ocrx_word' id='word_1_170' title='bbox 427 2450 554 2482; x_wconf 89' lang='lat' dir='ltr'>contra</span> <span class='ocrx_word' id='word_1_171' title='bbox 590 2445 761 2481; x_wconf 91' lang='lat' dir='ltr'>librorum</span> <span class='ocrx_word' id='word_1_172' title='bbox 799 2445 911 2482; x_wconf 85' lang='lat' dir='ltr'>fidem</span> 
     </span>
     <span class='ocr_line' id='line_1_36' title="bbox 258 2500 911 2550; baseline -0.003 -11"><span class='ocrx_word' id='word_1_173' title='bbox 258 2502 397 2539; x_wconf 89' lang='lat' dir='ltr'>illatum</span> <span class='ocrx_word' id='word_1_174' title='bbox 416 2506 505 2540; x_wconf 89' lang='lat' dir='ltr'>erat.</span> <span class='ocrx_word' id='word_1_175' title='bbox 558 2500 790 2538; x_wconf 90' lang='lat' dir='ltr'>Retinuimus</span> <span class='ocrx_word' id='word_1_176' title='bbox 817 2514 911 2550; x_wconf 91' lang='lat' dir='ltr'>quo-</span> 
     </span>
     <span class='ocr_line' id='line_1_37' title="bbox 259 2556 911 2608; baseline -0.003 -12"><span class='ocrx_word' id='word_1_177' title='bbox 259 2571 331 2608; x_wconf 88' lang='lat' dir='ltr'>que</span> <span class='ocrx_word' id='word_1_178' title='bbox 349 2573 369 2596; x_wconf 90' lang='grc' dir='ltr'><em>τ</em></span> <span class='ocrx_word' id='word_1_179' title='bbox 382 2572 419 2605; x_wconf 85' lang='grc' dir='ltr'>ε,</span> <span class='ocrx_word' id='word_1_180' title='bbox 451 2558 549 2595; x_wconf 86' lang='lat' dir='ltr'>cuius</span> <span class='ocrx_word' id='word_1_181' title='bbox 569 2556 649 2594; x_wconf 90' lang='lat' dir='ltr'>loco</span> <span class='ocrx_word' id='word_1_182' title='bbox 673 2570 694 2594; x_wconf 92' lang='lat' dir='ltr'>e</span> <span class='ocrx_word' id='word_1_183' title='bbox 711 2557 809 2594; x_wconf 91' lang='lat' dir='ltr'>libris</span> <span class='ocrx_word' id='word_1_184' title='bbox 829 2558 911 2606; x_wconf 90' lang='lat' dir='ltr'>qui-</span> 
     </span>
     <span class='ocr_line' id='line_1_38' title="bbox 258 2613 912 2662; baseline -0.005 -9"><span class='ocrx_word' id='word_1_185' title='bbox 258 2615 412 2653; x_wconf 88' lang='lat' dir='ltr'>busdam</span> <span class='ocrx_word' id='word_1_186' title='bbox 450 2613 714 2662; x_wconf 88' lang='lat' dir='ltr'>Wesselingius</span> <span class='ocrx_word' id='word_1_187' title='bbox 757 2614 912 2651; x_wconf 86' lang='lat' dir='ltr'>dederat</span> 
     </span>
     <span class='ocr_line' id='line_1_39' title="bbox 261 2668 912 2720; baseline -0.006 -10"><span class='ocrx_word' id='word_1_188' title='bbox 261 2668 332 2718; x_wconf 82' lang='grc' dir='ltr'>δὲ,</span> <span class='ocrx_word' id='word_1_189' title='bbox 369 2683 449 2707; x_wconf 92' lang='lat' dir='ltr'>cum</span> <span class='ocrx_word' id='word_1_190' title='bbox 477 2669 652 2720; x_wconf 88' lang='lat' dir='ltr'>particula</span> <span class='ocrx_word' id='word_1_191' title='bbox 687 2683 735 2708; x_wconf 84' lang='grc' dir='ltr'>τε</span> <span class='ocrx_word' id='word_1_192' title='bbox 771 2674 912 2720; x_wconf 84' lang='lat' dir='ltr'>spectet</span> 
     </span>
     <span class='ocr_line' id='line_1_40' title="bbox 261 2723 912 2775; baseline -0.002 -10"><span class='ocrx_word' id='word_1_193' title='bbox 261 2727 310 2765; x_wconf 87' lang='lat' dir='ltr'>ad</span> <span class='ocrx_word' id='word_1_194' title='bbox 342 2727 551 2775; x_wconf 87' lang='lat' dir='ltr'>sequentia:</span> <span class='ocrx_word' id='word_1_195' title='bbox 604 2723 689 2764; x_wconf 85' lang='grc' dir='ltr'>καὶ</span> <span class='ocrx_word' id='word_1_196' title='bbox 728 2727 808 2764; x_wconf 81' lang='grc' dir='ltr'>τῶν</span> <span class='ocrx_word' id='word_1_197' title='bbox 847 2724 912 2764; x_wconf 82' lang='grc' dir='ltr'>ἐπὶ</span> 
     </span>
     <span class='ocr_line' id='line_1_41' title="bbox 260 2778 915 2832; baseline -0.005 -11"><span class='ocrx_word' id='word_1_198' title='bbox 260 2784 334 2822; x_wconf 80' lang='grc' dir='ltr'>τοῦ</span> <span class='ocrx_word' id='word_1_199' title='bbox 358 2778 488 2832; x_wconf 83' lang='grc' dir='ltr'><em>λόφου</em></span> <span class='ocrx_word' id='word_1_200' title='bbox 517 2797 551 2820; x_wconf 80' lang='grc' dir='ltr'>κ.</span> <span class='ocrx_word' id='word_1_201' title='bbox 581 2796 612 2820; x_wconf 87' lang='grc' dir='ltr'>τ.</span> <span class='ocrx_word' id='word_1_202' title='bbox 639 2784 695 2829; x_wconf 87' lang='grc' dir='ltr'>λ.,</span> <span class='ocrx_word' id='word_1_203' title='bbox 735 2782 915 2832; x_wconf 89' lang='lat' dir='ltr'>particula</span> 
     </span>
     <span class='ocr_line' id='line_1_42' title="bbox 262 2836 912 2888; baseline -0.008 -9"><span class='ocrx_word' id='word_1_204' title='bbox 262 2836 306 2879; x_wconf 80' lang='grc' dir='ltr'>δὲ</span> <span class='ocrx_word' id='word_1_205' title='bbox 335 2851 421 2876; x_wconf 83' lang='lat' dir='ltr'>vero</span> <span class='ocrx_word' id='word_1_206' title='bbox 452 2839 584 2876; x_wconf 84' lang='lat' dir='ltr'>rectius</span> <span class='ocrx_word' id='word_1_207' title='bbox 614 2838 708 2875; x_wconf 89' lang='lat' dir='ltr'>infra</span> <span class='ocrx_word' id='word_1_208' title='bbox 737 2842 912 2888; x_wconf 90' lang='lat' dir='ltr'>ponatur:</span> 
     </span>
     <span class='ocr_line' id='line_1_43' title="bbox 261 2889 912 2950; baseline -0.006 -15"><span class='ocrx_word' id='word_1_209' title='bbox 261 2897 313 2950; x_wconf 77' lang='grc' dir='ltr'>τῇ</span> <span class='ocrx_word' id='word_1_210' title='bbox 331 2892 382 2935; x_wconf 84' lang='grc' dir='ltr'>δὲ</span> <span class='ocrx_word' id='word_1_211' title='bbox 409 2894 604 2947; x_wconf 83' lang='grc' dir='ltr'><em>πυραμίδι</em></span> <span class='ocrx_word' id='word_1_212' title='bbox 621 2889 728 2948; x_wconf 69' lang='grc' dir='ltr'>αὐτῇ</span> <span class='ocrx_word' id='word_1_213' title='bbox 759 2909 794 2933; x_wconf 82' lang='grc' dir='ltr'>κ.</span> <span class='ocrx_word' id='word_1_214' title='bbox 815 2909 845 2932; x_wconf 93' lang='grc' dir='ltr'>τ.</span> <span class='ocrx_word' id='word_1_215' title='bbox 865 2897 912 2943; x_wconf 88' lang='grc' dir='ltr'>λ,,</span> 
     </span>
    </p>
   </div>
   <div class='ocr_carea' id='block_1_11' title="bbox 966 693 1635 2945">
    <p class='ocr_par' dir='ltr' id='par_1_11' title="bbox 966 693 1635 2945">
     <span class='ocr_line' id='line_1_44' title="bbox 967 693 1621 747; baseline -0.006 -14"><span class='ocrx_word' id='word_1_216' title='bbox 967 710 1061 746; x_wconf 90' lang='lat' dir='ltr'>quae</span> <span class='ocrx_word' id='word_1_217' title='bbox 1076 698 1158 747; x_wconf 87' lang='lat' dir='ltr'>ipsa</span> <span class='ocrx_word' id='word_1_218' title='bbox 1185 697 1411 746; x_wconf 87' lang='lat' dir='ltr'>respondent</span> <span class='ocrx_word' id='word_1_219' title='bbox 1426 693 1621 745; x_wconf 87' lang='lat' dir='ltr'>superiori-</span> 
     </span>
     <span class='ocr_line' id='line_1_45' title="bbox 968 749 1620 803; baseline -0.002 -14"><span class='ocrx_word' id='word_1_220' title='bbox 968 754 1056 790; x_wconf 90' lang='lat' dir='ltr'>bus:</span> <span class='ocrx_word' id='word_1_221' title='bbox 1088 751 1180 791; x_wconf 80' lang='grc' dir='ltr'>δέκα</span> <span class='ocrx_word' id='word_1_222' title='bbox 1203 750 1291 803; x_wconf 85' lang='grc' dir='ltr'>μὲν</span> <span class='ocrx_word' id='word_1_223' title='bbox 1322 751 1405 790; x_wconf 76' lang='grc' dir='ltr'><em>ἔτεα</em></span> <span class='ocrx_word' id='word_1_224' title='bbox 1426 753 1498 801; x_wconf 78' lang='grc' dir='ltr'>τῆς</span> <span class='ocrx_word' id='word_1_225' title='bbox 1520 749 1620 790; x_wconf 82' lang='grc' dir='ltr'><em>ὁδοῦ</em></span> 
     </span>
     <span class='ocr_line' id='line_1_46' title="bbox 967 806 1623 857; baseline -0.005 -11"><span class='ocrx_word' id='word_1_226' title='bbox 967 824 1002 846; x_wconf 80' lang='grc' dir='ltr'>κ.</span> <span class='ocrx_word' id='word_1_227' title='bbox 1021 824 1051 846; x_wconf 89' lang='grc' dir='ltr'>τ.</span> <span class='ocrx_word' id='word_1_228' title='bbox 1075 811 1107 846; x_wconf 89' lang='grc' dir='ltr'>λ,</span> <span class='ocrx_word' id='word_1_229' title='bbox 1166 809 1209 845; x_wconf 91' lang='lat' dir='ltr'>In</span> <span class='ocrx_word' id='word_1_230' title='bbox 1234 809 1364 857; x_wconf 86' lang='lat' dir='ltr'>quibus</span> <span class='ocrx_word' id='word_1_231' title='bbox 1391 809 1490 856; x_wconf 90' lang='lat' dir='ltr'>quod</span> <span class='ocrx_word' id='word_1_232' title='bbox 1516 806 1623 856; x_wconf 85' lang='lat' dir='ltr'>geni-</span> 
     </span>
     <span class='ocr_line' id='line_1_47' title="bbox 966 862 1623 914; baseline -0.005 -13"><span class='ocrx_word' id='word_1_233' title='bbox 966 866 1080 902; x_wconf 70' lang='lat' dir='ltr'>tivum</span> <span class='ocrx_word' id='word_1_234' title='bbox 1120 865 1243 914; x_wconf 83' lang='lat' dir='ltr'>posuit</span> <span class='ocrx_word' id='word_1_235' title='bbox 1270 867 1340 914; x_wconf 85' lang='grc' dir='ltr'>τῆς</span> <span class='ocrx_word' id='word_1_236' title='bbox 1371 862 1491 911; x_wconf 82' lang='grc' dir='ltr'><em>ὁδοῦ,</em></span> <span class='ocrx_word' id='word_1_237' title='bbox 1535 863 1623 899; x_wconf 88' lang='lat' dir='ltr'>inde</span> 
     </span>
     <span class='ocr_line' id='line_1_48' title="bbox 969 919 1623 965; baseline -0.006 -7"><span class='ocrx_word' id='word_1_238' title='bbox 969 934 1045 958; x_wconf 90' lang='lat' dir='ltr'>non</span> <span class='ocrx_word' id='word_1_239' title='bbox 1091 921 1280 958; x_wconf 79' lang='lat' dir='ltr'>offendere</span> <span class='ocrx_word' id='word_1_240' title='bbox 1319 920 1431 957; x_wconf 87' lang='lat' dir='ltr'>debet</span> <span class='ocrx_word' id='word_1_241' title='bbox 1467 919 1623 965; x_wconf 86' lang='lat' dir='ltr'>dativus,</span> 
     </span>
     <span class='ocr_line' id='line_1_49' title="bbox 971 975 1625 1027; baseline -0.005 -13"><span class='ocrx_word' id='word_1_242' title='bbox 971 991 1080 1027; x_wconf 87' lang='lat' dir='ltr'>quem</span> <span class='ocrx_word' id='word_1_243' title='bbox 1119 978 1290 1027; x_wconf 85' lang='lat' dir='ltr'>deinceps</span> <span class='ocrx_word' id='word_1_244' title='bbox 1326 977 1486 1027; x_wconf 86' lang='lat' dir='ltr'>positum</span> <span class='ocrx_word' id='word_1_245' title='bbox 1522 975 1625 1012; x_wconf 83' lang='lat' dir='ltr'>vide-</span> 
     </span>
     <span class='ocr_line' id='line_1_50' title="bbox 971 1033 1624 1083; baseline -0.006 -11"><span class='ocrx_word' id='word_1_246' title='bbox 971 1048 1068 1080; x_wconf 86' lang='lat' dir='ltr'>mus,</span> <span class='ocrx_word' id='word_1_247' title='bbox 1098 1033 1182 1071; x_wconf 83' lang='lat' dir='ltr'>licet</span> <span class='ocrx_word' id='word_1_248' title='bbox 1203 1034 1381 1083; x_wconf 81' lang='lat' dir='ltr'>genitivus</span> <span class='ocrx_word' id='word_1_249' title='bbox 1400 1045 1521 1069; x_wconf 89' lang='lat' dir='ltr'>rursus</span> <span class='ocrx_word' id='word_1_250' title='bbox 1541 1043 1624 1069; x_wconf 91' lang='lat' dir='ltr'>eum</span> 
     </span>
     <span class='ocr_line' id='line_1_51' title="bbox 971 1083 1626 1141; baseline -0.006 -12"><span class='ocrx_word' id='word_1_251' title='bbox 971 1091 1149 1141; x_wconf 76' lang='lat' dir='ltr'>excipiat:</span> <span class='ocrx_word' id='word_1_252' title='bbox 1174 1089 1243 1128; x_wconf 78' lang='grc' dir='ltr'>καὶ</span> <span class='ocrx_word' id='word_1_253' title='bbox 1262 1105 1281 1128; x_wconf 90' lang='grc' dir='ltr'><em>τ</em></span> <span class='ocrx_word' id='word_1_254' title='bbox 1296 1092 1361 1128; x_wconf 73' lang='grc' dir='ltr'>ὧν</span> <span class='ocrx_word' id='word_1_255' title='bbox 1385 1087 1449 1128; x_wconf 81' lang='grc' dir='ltr'>ἐπὶ</span> <span class='ocrx_word' id='word_1_256' title='bbox 1467 1090 1540 1127; x_wconf 83' lang='grc' dir='ltr'>τοῦ</span> <span class='ocrx_word' id='word_1_257' title='bbox 1560 1083 1626 1126; x_wconf 80' lang='grc' dir='ltr'>λό-</span> 
     </span>
     <span class='ocr_line' id='line_1_52' title="bbox 973 1144 1626 1197; baseline -0.009 -10"><span class='ocrx_word' id='word_1_258' title='bbox 973 1162 1054 1197; x_wconf 82' lang='grc' dir='ltr'>φου</span> <span class='ocrx_word' id='word_1_259' title='bbox 1077 1162 1111 1185; x_wconf 80' lang='grc' dir='ltr'>κ.</span> <span class='ocrx_word' id='word_1_260' title='bbox 1131 1161 1161 1184; x_wconf 84' lang='grc' dir='ltr'>τ.</span> <span class='ocrx_word' id='word_1_261' title='bbox 1184 1149 1231 1194; x_wconf 84' lang='grc' dir='ltr'>λ.,</span> <span class='ocrx_word' id='word_1_262' title='bbox 1273 1159 1366 1196; x_wconf 93' lang='lat' dir='ltr'>quae</span> <span class='ocrx_word' id='word_1_263' title='bbox 1383 1146 1494 1183; x_wconf 87' lang='lat' dir='ltr'>verba</span> <span class='ocrx_word' id='word_1_264' title='bbox 1511 1144 1626 1182; x_wconf 89' lang='lat' dir='ltr'>mole-</span> 
     </span>
     <span class='ocr_line' id='line_1_53' title="bbox 972 1202 1626 1248; baseline -0.006 -7"><span class='ocrx_word' id='word_1_265' title='bbox 972 1205 1076 1241; x_wconf 83' lang='lat' dir='ltr'>stiam</span> <span class='ocrx_word' id='word_1_266' title='bbox 1097 1203 1289 1241; x_wconf 86' lang='lat' dir='ltr'>exhibuere</span> <span class='ocrx_word' id='word_1_267' title='bbox 1307 1203 1391 1239; x_wconf 87' lang='lat' dir='ltr'>viris</span> <span class='ocrx_word' id='word_1_268' title='bbox 1415 1202 1544 1248; x_wconf 88' lang='lat' dir='ltr'>doctis,</span> <span class='ocrx_word' id='word_1_269' title='bbox 1561 1213 1626 1237; x_wconf 86' lang='lat' dir='ltr'>va-</span> 
     </span>
     <span class='ocr_line' id='line_1_54' title="bbox 971 1256 1625 1297; baseline -0.005 0"><span class='ocrx_word' id='word_1_270' title='bbox 971 1261 1025 1297; x_wconf 88' lang='lat' dir='ltr'>rio</span> <span class='ocrx_word' id='word_1_271' title='bbox 1048 1261 1158 1297; x_wconf 90' lang='lat' dir='ltr'>modo</span> <span class='ocrx_word' id='word_1_272' title='bbox 1177 1272 1221 1297; x_wconf 87' lang='lat' dir='ltr'>ea</span> <span class='ocrx_word' id='word_1_273' title='bbox 1247 1259 1486 1297; x_wconf 82' lang='lat' dir='ltr'>tentantibus.</span> <span class='ocrx_word' id='word_1_274' title='bbox 1543 1256 1625 1294; x_wconf 91' lang='lat' dir='ltr'>Nos</span> 
     </span>
     <span class='ocr_line' id='line_1_55' title="bbox 972 1314 1627 1354; baseline -0.006 0"><span class='ocrx_word' id='word_1_275' title='bbox 972 1330 1082 1354; x_wconf 88' lang='lat' dir='ltr'>unam</span> <span class='ocrx_word' id='word_1_276' title='bbox 1121 1328 1442 1354; x_wconf 89' lang='lat' dir='ltr'>commemoremus</span> <span class='ocrx_word' id='word_1_277' title='bbox 1478 1314 1627 1352; x_wconf 89' lang='lat' dir='ltr'>Wesse-</span> 
     </span>
     <span class='ocr_line' id='line_1_56' title="bbox 971 1368 1626 1423; baseline -0.003 -13"><span class='ocrx_word' id='word_1_278' title='bbox 971 1373 1075 1422; x_wconf 87' lang='lat' dir='ltr'>lingii</span> <span class='ocrx_word' id='word_1_279' title='bbox 1095 1374 1355 1410; x_wconf 80' lang='lat' dir='ltr'>coniecturam:</span> <span class='ocrx_word' id='word_1_280' title='bbox 1377 1387 1406 1410; x_wconf 86' lang='grc' dir='ltr'><strong><em>π</em></strong></span> <span class='ocrx_word' id='word_1_281' title='bbox 1418 1387 1442 1409; x_wconf 82' lang='grc' dir='ltr'><strong>α</strong></span> <span class='ocrx_word' id='word_1_282' title='bbox 1454 1386 1474 1423; x_wconf 79' lang='grc' dir='ltr'><strong><em>ρ</em></strong></span> <span class='ocrx_word' id='word_1_283' title='bbox 1490 1368 1537 1418; x_wconf 72' lang='grc' dir='ltr'>ἐξ</span> <span class='ocrx_word' id='word_1_284' title='bbox 1558 1368 1626 1409; x_wconf 77' lang='grc' dir='ltr'>καὶ</span> 
     </span>
     <span class='ocr_line' id='line_1_57' title="bbox 971 1423 1628 1479; baseline -0.005 -11"><span class='ocrx_word' id='word_1_285' title='bbox 971 1433 1050 1469; x_wconf 79' lang='grc' dir='ltr'>τῶν</span> <span class='ocrx_word' id='word_1_286' title='bbox 1095 1428 1158 1468; x_wconf 79' lang='grc' dir='ltr'>ἐπὶ</span> <span class='ocrx_word' id='word_1_287' title='bbox 1192 1432 1264 1468; x_wconf 85' lang='grc' dir='ltr'>τοῦ</span> <span class='ocrx_word' id='word_1_288' title='bbox 1303 1423 1434 1479; x_wconf 80' lang='grc' dir='ltr'><em>λόφου</em></span> <span class='ocrx_word' id='word_1_289' title='bbox 1460 1448 1513 1455; x_wconf 90' lang='lat'>—-</span> <span class='ocrx_word' id='word_1_290' title='bbox 1539 1424 1628 1466; x_wconf 82' lang='grc' dir='ltr'>καὶ</span> 
     </span>
     <span class='ocr_line' id='line_1_58' title="bbox 973 1483 1627 1538; baseline -0.009 -13"><span class='ocrx_word' id='word_1_291' title='bbox 973 1489 1055 1525; x_wconf 71' lang='grc' dir='ltr'>τῶν</span> <span class='ocrx_word' id='word_1_292' title='bbox 1076 1483 1156 1525; x_wconf 72' lang='grc' dir='ltr'>’ὕπὸ</span> <span class='ocrx_word' id='word_1_293' title='bbox 1178 1488 1254 1538; x_wconf 78' lang='grc' dir='ltr'>γῆν</span> <span class='ocrx_word' id='word_1_294' title='bbox 1269 1501 1303 1524; x_wconf 84' lang='grc' dir='ltr'>κ.</span> <span class='ocrx_word' id='word_1_295' title='bbox 1322 1500 1353 1523; x_wconf 91' lang='grc' dir='ltr'>τ.</span> <span class='ocrx_word' id='word_1_296' title='bbox 1374 1488 1430 1533; x_wconf 86' lang='grc' dir='ltr'><em>λ.,·</em></span> <span class='ocrx_word' id='word_1_297' title='bbox 1449 1488 1489 1520; x_wconf 93' lang='lat' dir='ltr'>ut</span> <span class='ocrx_word' id='word_1_298' title='bbox 1500 1484 1627 1521; x_wconf 89' lang='lat' dir='ltr'>decem</span> 
     </span>
     <span class='ocr_line' id='line_1_59' title="bbox 975 1541 1628 1581; baseline -0.008 0"><span class='ocrx_word' id='word_1_299' title='bbox 975 1544 1061 1581; x_wconf 84' lang='lat' dir='ltr'>anni</span> <span class='ocrx_word' id='word_1_300' title='bbox 1088 1544 1125 1579; x_wconf 92' lang='lat' dir='ltr'>in</span> <span class='ocrx_word' id='word_1_301' title='bbox 1145 1544 1239 1580; x_wconf 86' lang='lat' dir='ltr'>viam</span> <span class='ocrx_word' id='word_1_302' title='bbox 1263 1543 1474 1580; x_wconf 85' lang='lat' dir='ltr'>struendam</span> <span class='ocrx_word' id='word_1_303' title='bbox 1493 1541 1628 1577; x_wconf 86' lang='lat' dir='ltr'>fuerint</span> 
     </span>
     <span class='ocr_line' id='line_1_60' title="bbox 975 1598 1629 1650; baseline -0.009 -12"><span class='ocrx_word' id='word_1_304' title='bbox 975 1600 1176 1647; x_wconf 85' lang='lat' dir='ltr'>consumti,</span> <span class='ocrx_word' id='word_1_305' title='bbox 1205 1604 1347 1650; x_wconf 82' lang='lat' dir='ltr'>praeter</span> <span class='ocrx_word' id='word_1_306' title='bbox 1365 1598 1454 1635; x_wconf 87' lang='lat' dir='ltr'>illud</span> <span class='ocrx_word' id='word_1_307' title='bbox 1469 1602 1629 1647; x_wconf 87' lang='lat' dir='ltr'>tempus,</span> 
     </span>
     <span class='ocr_line' id='line_1_61' title="bbox 976 1655 1630 1706; baseline -0.006 -13"><span class='ocrx_word' id='word_1_308' title='bbox 976 1658 1076 1706; x_wconf 91' lang='lat' dir='ltr'>quod</span> <span class='ocrx_word' id='word_1_309' title='bbox 1088 1660 1164 1692; x_wconf 89' lang='lat' dir='ltr'>tum</span> <span class='ocrx_word' id='word_1_310' title='bbox 1181 1657 1231 1693; x_wconf 85' lang='lat' dir='ltr'>ad</span> <span class='ocrx_word' id='word_1_311' title='bbox 1242 1655 1380 1701; x_wconf 89' lang='lat' dir='ltr'>collem,</span> <span class='ocrx_word' id='word_1_312' title='bbox 1399 1655 1436 1691; x_wconf 92' lang='lat' dir='ltr'>in</span> <span class='ocrx_word' id='word_1_313' title='bbox 1447 1666 1519 1703; x_wconf 90' lang='lat' dir='ltr'>quo</span> <span class='ocrx_word' id='word_1_314' title='bbox 1528 1656 1630 1690; x_wconf 86' lang='lat' dir='ltr'>stant</span> 
     </span>
     <span class='ocr_line' id='line_1_62' title="bbox 975 1711 1630 1764; baseline -0.006 -15"><span class='ocrx_word' id='word_1_315' title='bbox 975 1713 1182 1764; x_wconf 76' lang='lat' dir='ltr'>pyramides</span> <span class='ocrx_word' id='word_1_316' title='bbox 1203 1741 1213 1760; x_wconf 94' lang='lat'>,</span> <span class='ocrx_word' id='word_1_317' title='bbox 1252 1711 1482 1750; x_wconf 77' lang='lat' dir='ltr'>el&#39;ficiendiun</span> <span class='ocrx_word' id='word_1_318' title='bbox 1501 1738 1512 1756; x_wconf 93' lang='lat'>,</span> <span class='ocrx_word' id='word_1_319' title='bbox 1551 1714 1630 1746; x_wconf 88' lang='lat' dir='ltr'>tum</span> 
     </span>
     <span class='ocr_line' id='line_1_63' title="bbox 977 1770 1631 1807; baseline -0.006 -1"><span class='ocrx_word' id='word_1_320' title='bbox 977 1771 1026 1807; x_wconf 91' lang='lat' dir='ltr'>ad</span> <span class='ocrx_word' id='word_1_321' title='bbox 1044 1782 1203 1806; x_wconf 90' lang='lat' dir='ltr'>cameras</span> <span class='ocrx_word' id='word_1_322' title='bbox 1221 1770 1473 1806; x_wconf 87' lang='lat' dir='ltr'>subterraneas</span> <span class='ocrx_word' id='word_1_323' title='bbox 1491 1770 1631 1804; x_wconf 78' lang='lat' dir='ltr'>exstru-</span> 
     </span>
     <span class='ocr_line' id='line_1_64' title="bbox 977 1823 1630 1876; baseline -0.005 -13"><span class='ocrx_word' id='word_1_324' title='bbox 977 1827 1090 1864; x_wconf 88' lang='lat' dir='ltr'>endas</span> <span class='ocrx_word' id='word_1_325' title='bbox 1111 1839 1202 1876; x_wconf 90' lang='lat' dir='ltr'>opus</span> <span class='ocrx_word' id='word_1_326' title='bbox 1230 1826 1350 1863; x_wconf 84' lang='lat' dir='ltr'>fuerit.</span> <span class='ocrx_word' id='word_1_327' title='bbox 1406 1823 1487 1861; x_wconf 91' lang='lat' dir='ltr'>Nec</span> <span class='ocrx_word' id='word_1_328' title='bbox 1507 1828 1630 1861; x_wconf 85' lang='lat' dir='ltr'>tamen</span> 
     </span>
     <span class='ocr_line' id='line_1_65' title="bbox 976 1877 1628 1933; baseline -0.003 -14"><span class='ocrx_word' id='word_1_329' title='bbox 976 1883 1106 1933; x_wconf 89' lang='lat' dir='ltr'>opinor</span> <span class='ocrx_word' id='word_1_330' title='bbox 1152 1883 1398 1933; x_wconf 84' lang='lat' dir='ltr'>recipiendum</span> <span class='ocrx_word' id='word_1_331' title='bbox 1446 1895 1475 1918; x_wconf 84' lang='grc' dir='ltr'><strong><em>π</em></strong></span> <span class='ocrx_word' id='word_1_332' title='bbox 1489 1895 1512 1917; x_wconf 86' lang='grc' dir='ltr'>α</span> <span class='ocrx_word' id='word_1_333' title='bbox 1525 1895 1546 1930; x_wconf 83' lang='grc' dir='ltr'><strong><em>ρ</em></strong></span> <span class='ocrx_word' id='word_1_334' title='bbox 1559 1877 1575 1917; x_wconf 84' lang='grc' dir='ltr'>ὲ</span> <span class='ocrx_word' id='word_1_335' title='bbox 1587 1879 1628 1926; x_wconf 83' lang='grc' dir='ltr'>ξ,</span> 
     </span>
     <span class='ocr_line' id='line_1_66' title="bbox 977 1936 1631 1988; baseline -0.008 -11"><span class='ocrx_word' id='word_1_336' title='bbox 977 1952 1096 1988; x_wconf 87' lang='lat' dir='ltr'>neque</span> <span class='ocrx_word' id='word_1_337' title='bbox 1126 1937 1235 1987; x_wconf 81' lang='grc' dir='ltr'><strong>καὶ,</strong></span> <span class='ocrx_word' id='word_1_338' title='bbox 1281 1939 1380 1976; x_wconf 88' lang='lat' dir='ltr'>libris</span> <span class='ocrx_word' id='word_1_339' title='bbox 1413 1936 1631 1987; x_wconf 87' lang='lat' dir='ltr'>praesertim</span> 
     </span>
     <span class='ocr_line' id='line_1_67' title="bbox 977 1992 1632 2046; baseline -0.005 -14"><span class='ocrx_word' id='word_1_340' title='bbox 977 1996 1121 2046; x_wconf 71' lang='lat' dir='ltr'>seripfis</span> <span class='ocrx_word' id='word_1_341' title='bbox 1169 1995 1456 2033; x_wconf 88' lang='lat' dir='ltr'>adversantibus.</span> <span class='ocrx_word' id='word_1_342' title='bbox 1520 1992 1632 2040; x_wconf 90' lang='lat' dir='ltr'>Nam,</span> 
     </span>
     <span class='ocr_line' id='line_1_68' title="bbox 977 2050 1631 2100; baseline -0.006 -11"><span class='ocrx_word' id='word_1_343' title='bbox 977 2057 1018 2089; x_wconf 85' lang='lat' dir='ltr'>ut</span> <span class='ocrx_word' id='word_1_344' title='bbox 1034 2059 1132 2089; x_wconf 89' lang='lat' dir='ltr'>recte</span> <span class='ocrx_word' id='word_1_345' title='bbox 1149 2050 1631 2100; x_wconf 83' lang='lat' dir='ltr'>observatSchweighaeus.,</span> 
     </span>
     <span class='ocr_line' id='line_1_69' title="bbox 977 2101 1633 2157; baseline -0.006 -10"><span class='ocrx_word' id='word_1_346' title='bbox 977 2105 1024 2147; x_wconf 73' lang='grc' dir='ltr'>τοὶ</span> <span class='ocrx_word' id='word_1_347' title='bbox 1058 2107 1123 2147; x_wconf 79' lang='grc' dir='ltr'>ἐπὶ</span> <span class='ocrx_word' id='word_1_348' title='bbox 1158 2111 1227 2147; x_wconf 83' lang='grc' dir='ltr'>τοῦ</span> <span class='ocrx_word' id='word_1_349' title='bbox 1263 2103 1393 2157; x_wconf 85' lang='grc' dir='ltr'><em>λόφου</em></span> <span class='ocrx_word' id='word_1_350' title='bbox 1434 2101 1633 2156; x_wconf 79' lang='grc' dir='ltr'><em>οἰκήματα</em></span> 
     </span>
     <span class='ocr_line' id='line_1_70' title="bbox 980 2158 1630 2215; baseline -0.002 -13"><span class='ocrx_word' id='word_1_351' title='bbox 980 2169 1065 2202; x_wconf 83' lang='lat' dir='ltr'>sunt</span> <span class='ocrx_word' id='word_1_352' title='bbox 1093 2177 1136 2202; x_wconf 88' lang='lat' dir='ltr'>ea</span> <span class='ocrx_word' id='word_1_353' title='bbox 1166 2166 1245 2215; x_wconf 88' lang='lat' dir='ltr'>ipsa</span> <span class='ocrx_word' id='word_1_354' title='bbox 1262 2177 1396 2215; x_wconf 86' lang='lat' dir='ltr'>opera,</span> <span class='ocrx_word' id='word_1_355' title='bbox 1427 2176 1522 2213; x_wconf 85' lang='lat' dir='ltr'>quae</span> <span class='ocrx_word' id='word_1_356' title='bbox 1550 2158 1630 2201; x_wconf 70' lang='grc' dir='ltr'>ὑπὸ</span> 
     </span>
     <span class='ocr_line' id='line_1_71' title="bbox 978 2224 1633 2273; baseline -0.006 -14"><span class='ocrx_word' id='word_1_357' title='bbox 978 2224 1056 2273; x_wconf 79' lang='grc' dir='ltr'>γῆν</span> <span class='ocrx_word' id='word_1_358' title='bbox 1088 2226 1192 2258; x_wconf 85' lang='lat' dir='ltr'>erant</span> <span class='ocrx_word' id='word_1_359' title='bbox 1217 2224 1447 2266; x_wconf 89' lang='lat' dir='ltr'>constructa,</span> <span class='ocrx_word' id='word_1_360' title='bbox 1477 2230 1633 2256; x_wconf 81' lang='lat' dir='ltr'>camerae</span> 
     </span>
     <span class='ocr_line' id='line_1_72' title="bbox 977 2275 1634 2326; baseline -0.003 -12"><span class='ocrx_word' id='word_1_361' title='bbox 977 2278 1242 2323; x_wconf 79' lang='lat' dir='ltr'>subterraneae,</span> <span class='ocrx_word' id='word_1_362' title='bbox 1283 2289 1377 2326; x_wconf 88' lang='lat' dir='ltr'>quae</span> <span class='ocrx_word' id='word_1_363' title='bbox 1403 2275 1481 2324; x_wconf 85' lang='lat' dir='ltr'>regi</span> <span class='ocrx_word' id='word_1_364' title='bbox 1511 2278 1634 2313; x_wconf 91' lang='lat' dir='ltr'>essent</span> 
     </span>
     <span class='ocr_line' id='line_1_73' title="bbox 979 2331 1633 2384; baseline -0.003 -13"><span class='ocrx_word' id='word_1_365' title='bbox 979 2333 1154 2384; x_wconf 78' lang='lat' dir='ltr'>sepulcro,</span> <span class='ocrx_word' id='word_1_366' title='bbox 1212 2333 1343 2382; x_wconf 88' lang='lat' dir='ltr'>Itaque</span> <span class='ocrx_word' id='word_1_367' title='bbox 1376 2332 1535 2370; x_wconf 86' lang='lat' dir='ltr'>universi</span> <span class='ocrx_word' id='word_1_368' title='bbox 1563 2331 1633 2369; x_wconf 85' lang='lat' dir='ltr'>loci</span> 
     </span>
     <span class='ocr_line' id='line_1_74' title="bbox 977 2387 1631 2427; baseline -0.003 0"><span class='ocrx_word' id='word_1_369' title='bbox 977 2389 1066 2427; x_wconf 89' lang='lat' dir='ltr'>haec</span> <span class='ocrx_word' id='word_1_370' title='bbox 1085 2390 1230 2426; x_wconf 90' lang='lat' dir='ltr'>videtur</span> <span class='ocrx_word' id='word_1_371' title='bbox 1252 2402 1334 2426; x_wconf 90' lang='lat' dir='ltr'>esse</span> <span class='ocrx_word' id='word_1_372' title='bbox 1355 2389 1551 2426; x_wconf 90' lang='lat' dir='ltr'>sententia:</span> <span class='ocrx_word' id='word_1_373' title='bbox 1570 2387 1631 2425; x_wconf 80' lang='lat' dir='ltr'>de-</span> 
     </span>
     <span class='ocr_line' id='line_1_75' title="bbox 979 2446 1633 2483; baseline 0 -1"><span class='ocrx_word' id='word_1_374' title='bbox 979 2458 1048 2483; x_wconf 85' lang='lat' dir='ltr'>cem</span> <span class='ocrx_word' id='word_1_375' title='bbox 1085 2459 1192 2482; x_wconf 81' lang='lat' dir='ltr'>annos</span> <span class='ocrx_word' id='word_1_376' title='bbox 1220 2448 1390 2482; x_wconf 73' lang='lat' dir='ltr'>insumtos</span> <span class='ocrx_word' id='word_1_377' title='bbox 1417 2446 1528 2482; x_wconf 86' lang='lat' dir='ltr'>fuisse</span> <span class='ocrx_word' id='word_1_378' title='bbox 1556 2449 1633 2482; x_wconf 90' lang='lat' dir='ltr'>tum</span> 
     </span>
     <span class='ocr_line' id='line_1_76' title="bbox 978 2502 1633 2549; baseline 0 -11"><span class='ocrx_word' id='word_1_379' title='bbox 978 2503 1027 2539; x_wconf 91' lang='lat' dir='ltr'>ad</span> <span class='ocrx_word' id='word_1_380' title='bbox 1046 2502 1141 2538; x_wconf 84' lang='lat' dir='ltr'>viam</span> <span class='ocrx_word' id='word_1_381' title='bbox 1159 2503 1388 2549; x_wconf 88' lang='lat' dir='ltr'>struendam,</span> <span class='ocrx_word' id='word_1_382' title='bbox 1407 2506 1485 2539; x_wconf 91' lang='lat' dir='ltr'>tum</span> <span class='ocrx_word' id='word_1_383' title='bbox 1505 2502 1554 2538; x_wconf 87' lang='lat' dir='ltr'>ad</span> <span class='ocrx_word' id='word_1_384' title='bbox 1572 2513 1633 2538; x_wconf 85' lang='lat' dir='ltr'>ca-</span> 
     </span>
     <span class='ocr_line' id='line_1_77' title="bbox 978 2557 1633 2605; baseline 0.002 -11"><span class='ocrx_word' id='word_1_385' title='bbox 978 2570 1096 2595; x_wconf 90' lang='lat' dir='ltr'>meras</span> <span class='ocrx_word' id='word_1_386' title='bbox 1113 2558 1367 2595; x_wconf 85' lang='lat' dir='ltr'>subterraneas</span> <span class='ocrx_word' id='word_1_387' title='bbox 1394 2571 1437 2595; x_wconf 93' lang='lat' dir='ltr'>eo</span> <span class='ocrx_word' id='word_1_388' title='bbox 1462 2559 1500 2595; x_wconf 90' lang='lat' dir='ltr'>in</span> <span class='ocrx_word' id='word_1_389' title='bbox 1529 2557 1633 2605; x_wconf 92' lang='lat' dir='ltr'>colle,</span> 
     </span>
     <span class='ocr_line' id='line_1_78' title="bbox 979 2615 1635 2683; baseline 0.002 -32"><span class='ocrx_word' id='word_1_390' title='bbox 979 2615 1035 2651; x_wconf 87' lang='lat' dir='ltr'>cui</span> <span class='ocrx_word' id='word_1_391' title='bbox 1053 2615 1212 2664; x_wconf 84' lang='lat' dir='ltr'>pyramis</span> <span class='ocrx_word' id='word_1_392' title='bbox 1233 2615 1541 2683; x_wconf 80' lang='lat' dir='ltr'>superstruenda,</span> <span class='ocrx_word' id='word_1_393' title='bbox 1571 2626 1635 2652; x_wconf 88' lang='lat' dir='ltr'>ae-</span> 
     </span>
     <span class='ocr_line' id='line_1_79' title="bbox 979 2665 1632 2709; baseline 0.002 -3"><span class='ocrx_word' id='word_1_394' title='bbox 979 2670 1190 2708; x_wconf 88' lang='lat' dir='ltr'>dificandas.</span> <span class='ocrx_word' id='word_1_395' title='bbox 1210 2665 1336 2709; x_wconf 61' lang='lat' dir='ltr'>—gn&#39;</span> <span class='ocrx_word' id='word_1_396' title='bbox 1355 2671 1403 2709; x_wconf 87' lang='grc' dir='ltr'>οὐ</span> <span class='ocrx_word' id='word_1_397' title='bbox 1423 2684 1504 2708; x_wconf 91' lang='lat' dir='ltr'>cum</span> <span class='ocrx_word' id='word_1_398' title='bbox 1515 2671 1632 2708; x_wconf 90' lang='lat' dir='ltr'>Gaisf.</span> 
     </span>
     <span class='ocr_line' id='line_1_80' title="bbox 982 2726 1632 2777; baseline 0.002 -14"><span class='ocrx_word' id='word_1_399' title='bbox 982 2726 1131 2775; x_wconf 86' lang='lat' dir='ltr'>reliqui,</span> <span class='ocrx_word' id='word_1_400' title='bbox 1161 2727 1342 2776; x_wconf 90' lang='lat' dir='ltr'>probante</span> <span class='ocrx_word' id='word_1_401' title='bbox 1371 2727 1503 2764; x_wconf 79' lang='lat' dir='ltr'>struve</span> <span class='ocrx_word' id='word_1_402' title='bbox 1535 2740 1632 2777; x_wconf 87' lang='lat' dir='ltr'>spec.</span> 
     </span>
     <span class='ocr_line' id='line_1_81' title="bbox 982 2783 1632 2834; baseline 0.009 -16"><span class='ocrx_word' id='word_1_403' title='bbox 982 2788 1123 2831; x_wconf 88' lang='lat' dir='ltr'>quaest.</span> <span class='ocrx_word' id='word_1_404' title='bbox 1138 2784 1184 2820; x_wconf 88' lang='lat' dir='ltr'>de</span> <span class='ocrx_word' id='word_1_405' title='bbox 1203 2783 1287 2820; x_wconf 89' lang='lat' dir='ltr'>dial.</span> <span class='ocrx_word' id='word_1_406' title='bbox 1308 2783 1448 2821; x_wconf 84' lang='lat' dir='ltr'>Herod.</span> <span class='ocrx_word' id='word_1_407' title='bbox 1467 2796 1551 2834; x_wconf 83' lang='lat' dir='ltr'>pag</span> <span class='ocrx_word' id='word_1_408' title='bbox 1563 2784 1632 2830; x_wconf 87' lang='lat'>33,</span> 
     </span>
     <span class='ocr_line' id='line_1_82' title="bbox 981 2840 1633 2906; baseline 0.005 -31"><span class='ocrx_word' id='word_1_409' title='bbox 981 2840 1147 2887; x_wconf 88' lang='lat' dir='ltr'>quamvis</span> <span class='ocrx_word' id='word_1_410' title='bbox 1164 2840 1335 2906; x_wconf 86' lang='lat' dir='ltr'>quinque</span> <span class='ocrx_word' id='word_1_411' title='bbox 1361 2841 1505 2879; x_wconf 88' lang='lat' dir='ltr'>codices</span> <span class='ocrx_word' id='word_1_412' title='bbox 1525 2852 1633 2892; x_wconf 84' lang='lat' dir='ltr'>prae-</span> 
     </span>
     <span class='ocr_line' id='line_1_83' title="bbox 982 2890 1251 2945; baseline 0.012 -13"><span class='ocrx_word' id='word_1_413' title='bbox 982 2894 1129 2933; x_wconf 84' lang='lat' dir='ltr'>beant&#39;</span> <span class='ocrx_word' id='word_1_414' title='bbox 1111 2890 1173 2945; x_wconf 84' lang='grc' dir='ltr'>εφ’</span> <span class='ocrx_word' id='word_1_415' title='bbox 1191 2896 1251 2935; x_wconf 87' lang='grc' dir='ltr'>οὑ.</span> 
     </span>
    </p>
   </div>
   <div class='ocr_carea' id='block_1_12' title="bbox 1731 0 1753 366">
    <p class='ocr_par' dir='ltr' id='par_1_12' title="bbox 1731 0 1753 366">
     <span class='ocr_line' id='line_1_84' title="bbox 1731 0 1753 366; baseline 0 2958"><span class='ocrx_word' id='word_1_416' title='bbox 1731 0 1753 366; x_wconf 95' lang='lat' dir='ltr'> </span> 
     </span>
    </p>
   </div>
  </div>
 </body>
</html>
