1768 3315
296 263 381 302 246

710 252 1179 294 HERODOTI

270 377 384 413 3ναι.
438 365 672 419 Ἀσσυρίων
702 362 929 420 ἀρχόντων
951 368 1027 419 τῆς
1068 360 1158 407 ἄνω
1195 359 1338 417 Ἀσίης
1369 358 1433 403 ἐπ’
1464 359 1558 403 ἔτεα

300 449 434 492 εἴκοσι
457 444 532 487 καὶ
559 443 845 496 πεντακόσια,
902 446 1070 499 πρῶτοι
1108 440 1181 486 ἀπ’
1225 438 1371 485 αὐτῶν
1407 439 1560 495 Μῆδοι

245 667 324 693 cum
339 651 503 701 Astyage
518 649 746 687 coniunctum
764 648 898 699 stirpe·

246 724 288 748 ve
315 708 418 757 regia
446 711 563 744 ortum
583 709 799 753 statuerem,
828 705 897 742 sed

245 779 311 819 pro
333 769 481 815 satrapa
496 767 559 801 aut
576 761 702 811 regulo
717 761 815 798 illum
833 761 899 798 ha-

247 825 392 867 berem,
433 820 516 869 qui,
551 818 747 856 Persarum
777 817 898 866 (quae

246 891 337 929 gens
355 876 478 914 Medis
505 880 584 912 tum
612 880 691 912 erat
719 872 899 921 subiecta)

247 936 340 981 dux,
370 933 550 971 seditione
577 936 678 968 mota
705 931 742 968 in
771 929 901 966 summi

247 991 345 1039 regis
384 988 579 1026 Medorum
605 988 723 1024 locum
756 991 901 1024 evectus

248 1047 374 1094 fuerit,
411 1045 587 1094 Medique
619 1044 717 1092 regis
758 1055 904 1080 omnem

249 1108 490 1155 potestatem,
520 1100 701 1149 insignia,
731 1099 823 1146 alia,
845 1111 906 1135 as-

249 1159 442 1206 sumserit,
472 1162 527 1205 et,
567 1169 640 1206 quo
670 1156 798 1194 melius
824 1156 906 1206 ipse

251 1218 327 1253 iure
345 1215 506 1264 quodam
526 1213 688 1262 legitimo
713 1217 775 1249 aut
800 1212 907 1250 here-

253 1271 383 1310 ditario
407 1271 545 1319 regiam
566 1273 786 1320 potestatem
805 1281 908 1306 exer-

253 1341 337 1366 cere
358 1327 566 1372 videretur,
597 1324 791 1362 Medorum
808 1325 907 1373 regis

253 1384 366 1422 filiam
394 1384 433 1420 in
460 1382 725 1419 matrimonium
756 1382 910 1418 duxerit.

254 1440 336 1479 Nee
364 1451 554 1490 repugno,
591 1438 624 1475 si
661 1438 742 1487 quis
771 1438 909 1486 Cyrum

256 1495 387 1534 dixerit
402 1494 615 1533 satellitibus
634 1494 746 1542 regiis
765 1495 910 1545 praefe-

258 1557 376 1600 ctum,
404 1551 467 1601 qui
484 1563 574 1600 rege
600 1551 744 1587 sublato
765 1550 857 1601 ipse:
872 1550 911 1587 in

257 1609 337 1647 eius
368 1607 486 1645 locum
524 1608 758 1652 successerit3
805 1605 913 1656 quale

257 1664 380 1703 multis
395 1667 483 1714 post
501 1663 607 1700 annis
626 1663 835 1699 inArabum
854 1675 914 1700 re-

259 1734 335 1771 gno
354 1733 377 1757 a
393 1719 429 1758 T
431 1720 527 1757 urcis
551 1720 687 1756 factum
707 1732 791 1756 esse
811 1731 916 1756 acce-

259 1779 391 1829 pimus·
429 1775 566 1813 Persae
582 1775 692 1824 igitur
714 1775 827 1812 multo
849 1788 916 1812 an-

260 1839 321 1872 tea
342 1833 440 1871 idem
467 1832 598 1870 fecisse
625 1832 778 1881 putandi
798 1835 917 1878 erunt,

262 1889 363 1940 quod
382 1892 468 1939 post
489 1889 653 1925 fecerunt
669 1887 705 1924 T
707 1901 825 1925 ureae.
849 1887 917 1924 At-

264 1959 336 1996 que
354 1945 428 1981 iam
450 1947 535 1981 ante
552 1944 767 1981 seditionem
787 1945 917 1981 adver-

264 2014 327 2038 sus
365 2000 567 2048 Astyagem
602 2004 738 2036 motam
780 2000 918 2048 Cyrum

264 2056 388 2095 Persis
417 2055 510 2104 (qui
536 2054 730 2092 Medorum
766 2055 918 2105 imperio

266 2112 482 2164 paruerint)
540 2112 743 2161 imperasse
794 2111 920 2148 statuit

269 2167 387 2205 Graff.
406 2168 444 2203 in
454 2166 731 2216 Programmate
750 2166 920 2204 scholast.

269 2223 371 2274 quod
394 2222 532 2273 prodiit
570 2222 746 2260 W'etzlar.
798 2224 920 2265 1828.

271 2280 378 2324 Quae
397 2278 519 2315 omnia
533 2291 577 2316 eo
599 2279 677 2317 fere
696 2279 862 2326 redeunt,
882 2283 923 2317 ut

271 2348 426 2384 regnum
442 2333 634 2372 Medorum
653 2339 764 2384 atque
789 2335 922 2373 Persa-

272 2404 352 2429 rum
373 2402 500 2428 revera
516 2403 625 2427 unum
647 2391 816 2441 idemque
838 2404 921 2430 esse

274 2450 576 2494 commonstrent,
616 2447 653 2483 in
682 2449 753 2496 qua
785 2449 923 2485 mutata

275 2503 444 2552 dynastia
489 2502 596 2539 aliam
629 2504 739 2540 modo
777 2509 924 2553 gentem

275 2559 514 2611 principatum
528 2558 729 2598 obtinuisse
749 2562 924 2611 videmus.

278 2615 391 2660 Quod
434 2627 515 2651 cum
554 2616 703 2664 egregie
742 2617 928 2655 docuisset

279 2670 511 2709 Schlosserus
539 2671 576 2707 in
612 2671 928 2723 Universanesch.

281 2728 317 2775 Ι,
338 2730 359 2768 1
390 2738 476 2777 pag.
499 2726 581 2768 243
604 2741 680 2776 seq.
708 2730 853 2768 minime
879 2729 930 2766 illi

282 2782 529 2822 contradicere
560 2783 719 2821 debebat
761 2785 813 2821 vir
850 2786 931 2834 qui-

284 2841 369 2878 dam
387 2839 514 2876 doctus
543 2840 580 2875 in
604 2840 761 2878 Hermes
792 2841 930 2886 XXXI,
958 2865 961 2868 -

290 2900 310 2938 1
342 2908 429 2948 pag.
455 2896 509 2936 99
538 2907 614 2945 seq.
673 2895 807 2947 Neque
837 2899 932 2936 enim

964 649 1164 698 quidquam
1179 648 1224 685 iis
1243 648 1395 686 efficitur
1406 647 1506 694 locis,
1524 659 1619 696 quos

965 706 1003 742 in
1037 718 1140 742 suam
1166 705 1384 742 sententiam
1405 703 1535 741 attulit.

1021 756 1239 811 Ἀσσυρίων
1289 756 1493 811 α’ρχόντων
1545 761 1617 811 τῆς

969 814 1054 856 ἅνω
1076 812 1208 866 Ἀσίης
1229 812 1288 856 ἐπ’
1307 817 1392 856 ἔτεα
1410 817 1537 856 εἴκοσι
1555 816 1622 856 καὶ

968 869 1230 922 πεντακόσια]
1272 874 1355 910 Dici
1389 875 1447 910 vix
1485 878 1621 924 potest,

969 935 1124 979 quantas
1140 930 1266 967 turbas
1293 930 1350 966 hic
1374 929 1474 966 locus
1494 930 1539 965 iis
1561 942 1623 967 ex-

970 986 1154 1032 citaverit,
1195 986 1257 1034 qui
1286 998 1483 1035 regnorum
1512 984 1624 1022 Asiae

971 1043 1305 1091 antiquissimorum
1330 1049 1497 1092 tempora
1520 1054 1625 1079 accu-

972 1100 1087 1137 ratius
1103 1098 1254 1135 definire
1271 1099 1390 1136 conati
1409 1102 1504 1135 sunt.
1524 1097 1625 1134 Mul-

971 1160 1050 1193 tum
1079 1155 1173 1192 enim
1193 1155 1239 1191 ab
1263 1168 1307 1192 eo
1325 1167 1499 1202 numero,
1516 1167 1626 1204 quem

972 1211 1208 1260 Assy-iorum
1235 1223 1350 1260 regno
1384 1211 1523 1249 Noster
1560 1211 1627 1248 ad·

974 1268 1117 1315 scribit,
1165 1267 1225 1304 ille
1270 1268 1412 1315 differt,
1465 1280 1576 1316 quem
1605 1279 1628 1304 a

975 1324 1101 1362 Ctesia
1121 1324 1305 1374 proditum
1322 1324 1443 1375 plures
1456 1324 1629 1374 deinceps

975 1380 1220 1431 repetierunt,
1277 1381 1448 1429 Assyrios
1495 1380 1631 1417 scilicet

977 1437 1088 1475 Asiae
1115 1436 1316 1486 imperasse
1341 1450 1408 1488 per
1438 1437 1534 1473 mille
1562 1440 1630 1473 tre-

979 1496 1091 1531 centos
1123 1495 1313 1541 sexaginta
1343 1507 1461 1530 αηηοε.
1520 1493 1629 1530 conf.

979 1550 1135 1589 Diodor.
1155 1549 1264 1586 Sicul.
1290 1549 1347 1597 II,
1366 1553 1421 1592 28
1444 1550 1508 1586 fin.
1555 1549 1631 1586 Va-

980 1607 1034 1643 rio
1057 1606 1167 1642 modo
1188 1605 1280 1643 hacc
1301 1619 1381 1643 cum
1405 1606 1632 1644 Herodoteis

982 1662 1102 1711 aliquo
1131 1663 1241 1698 modo
1270 1662 1460 1700 conciliare
1490 1666 1633 1713 tempo-

982 1731 1135 1768 rumque
1165 1719 1330 1756 ordinem
1367 1719 1528 1757 stabilire
1556 1723 1633 1755 stu-

982 1776 1142 1812 duerunt
1163 1775 1229 1811 viri
1244 1775 1365 1822 docti,
1387 1788 1541 1824 quorum
1550 1788 1634 1812 sen-

983 1831 1138 1878 tentias,
1167 1831 1234 1867 hoc
1256 1831 1336 1868 loco
1362 1844 1437 1868 non
1464 1835 1635 1882 repeten-

983 1888 1075 1934 das,
1104 1888 1268 1925 recensui
1291 1888 1329 1923 in
1360 1892 1451 1924 nott.
1473 1888 1522 1924 ad
1546 1887 1636 1924 Cte-

985 1944 1063 1980 siae
1081 1943 1246 1991 sragmm.
1264 1956 1351 1993 pag.
1374 1942 1524 1985 419—
1539 1942 1635 1984 424-

986 1999 1151 2042 Quorum
1171 1999 1355 2049 plerique,
1384 2000 1416 2036 si
1447 2013 1511 2038 eos
1534 2012 1638 2036 exce-
1652 2038 1661 2050 ε

985 2054 1083 2105 peris
1094 2083 1106 2102 ,
1153 2056 1216 2104 qui
1249 2068 1272 2092 a
1300 2057 1425 2094 Ctesia
1461 2068 1639 2093 annorum

986 2123 1175 2148 numerum
1198 2112 1363 2149 consulto
1382 2116 1527 2150 auctum
1551 2125 1635 2150 esse

986 2167 1118 2215 velint,
1147 2167 1377 2206 Herodotum
1406 2169 1454 2206 de
1484 2182 1529 2207 eo
1546 2172 1639 2207 tem-

987 2236 1079 2274 pore
1108 2228 1272 2271 tantum,
1302 2238 1370 2275 per
1396 2226 1497 2274 quod
1523 2226 1640 2274 Assy-

987 2281 1080 2316 rium
1110 2293 1263 2329 regnum
1285 2282 1482 2332 praecipue
1507 2283 1642 2319 florue-

989 2337 1055 2382 rit,
1084 2335 1185 2385 loqui
1206 2337 1414 2375 existimant
1443 2337 1500 2376 vel
1517 2338 1641 2388 potius

990 2393 1038 2430 de
1059 2405 1102 2431 eo
1122 2397 1309 2443 tempore,
1332 2407 1400 2444 per
1415 2395 1515 2443 quod
1536 2406 1640 2444 supe-

989 2451 1059 2486 rior
1068 2449 1156 2486 Asia
1174 2448 1222 2500 (ή
1234 2447 1337 2498 ἅνω)
1359 2451 1397 2486 in
1407 2450 1642 2499 Assyriorum

990 2506 1129 2543 ditione
1138 2507 1247 2544 suerit
1275 2506 1404 2555 (quam
1425 2507 1642 2544 senteutiam

991 2562 1101 2600 etiam
1123 2565 1242 2600 tuetur
1260 2562 1378 2599 Graff.
1397 2562 1421 2599 l.
1437 2562 1460 2599 l.
1482 2575 1569 2613 pag.
1582 2563 1643 2611 6),

992 2618 1051 2655 vel
1069 2618 1116 2655 de
1135 2631 1180 2655 eo
1197 2623 1383 2668 tempore,
1405 2620 1506 2668 quod
1526 2620 1575 2656 ad
1585 2631 1644 2656 re-

995 2687 1081 2712 eens
1098 2675 1210 2711 modo
1241 2673 1473 2723 Assyriorum
1491 2688 1644 2724 regnum

995 2731 1196 2782 pertineat,
1224 2743 1304 2767 cum
1325 2730 1474 2769 Ctesiae
1491 2733 1577 2768 anni
1597 2732 1647 2768 ad

996 2790 1102 2824 vetus
1129 2786 1359 2836 Assyriorum
1390 2800 1547 2837 regnum
1573 2787 1649 2824 sint

998 2843 1188 2880 referendi.
1257 2844 1336 2881 Sed
1369 2844 1460 2881 haec
1497 2848 1536 2882 et
1578 2843 1649 2881 alia

999 2899 1196 2949 eiusmodi,
1212 2912 1306 2950 quae
1326 2899 1471 2939 silentio
1485 2904 1649 2953 praeter-
