1759 3324
623 238 926 280 cL10.1.

1326 242 1407 283 391

146 372 221 413 χος
247 351 512 408 πεντήκοντα
549 350 630 406 μὲν
668 349 838 406 πηχέων
876 350 1115 406 βασιληίων
1154 348 1229 392 ἐὰν
1258 348 1307 392 τό
1341 344 1407 394 εὖ·
1419 356 1465 391 35

118 444 249 489 ὅρος,
287 431 402 483 ὕψος
431 429 499 481 δὲ,
540 430 774 485 διηκοσίων
809 429 992 486 πηχέων.
1053 426 1076 473 ὁ
1108 428 1154 471 δὲ
1183 426 1410 484 βασιλήϊος

144 517 285 570 πῆχυς
310 513 393 553 τοῦ
420 509 600 563 μετρίου
638 507 725 551 ἐστὶ
753 506 912 564 πήχεος
939 507 1080 564 μέζων
1106 506 1222 562 τρισὶ
1252 505 1410 551 δακτύ-

25 595 123 642 1Ί9
143 596 270 636 λοισι.
327 592 410 632 Δεῖ
437 586 490 644 δή
519 603 570 644 με
593 586 703 644 πρὸς
731 586 926 631 τούτοισι
955 585 1217 643 ἐπιφράσαι,
1256 587 1330 630 ἵνα
1357 602 1404 631 τε
1461 592 1740 662 {ffffigrffigqssffit

143 671 190 716 ἐκ
217 672 294 725 τῆς
321 666 499 724 τάφρου
528 665 555 724 ἦ
585 671 642 724 γῆ
672 666 972 724 ἀναισιμώθη,
1002 666 1076 711 καὶ
1105 664 1155 711 τό
1177 670 1315 722 τεῖχος
1335 664 1411 710 ὅν-

1466 663 1519 686 tae
1544 664 1661 687 centum
1690 669 1739 688 ae-

1468 701 1557 721 reae:
1610 693 1740 722 bitumen

113 758 243 794 Ξτινα
269 746 436 803 τρόπον
464 746 658 803 ἔργαστο.
689 744 951 803 ὀρύσσοντες
982 745 1070 803 ἅμα
1098 745 1178 803 τὴν
1206 727 1625 802 τοέφρον,4Οἷῖἷῖἷιιιῗ.ᾶιῦρ
1657 728 1740 757 adhi-

142 829 402 875 ἐπλίνθευον
430 826 510 884 τὴν
537 829 621 884 γῆν
655 825 736 884 τήν
762 825 810 871 ἐκ
837 829 920 871 τοῦ
949 824 1197 883 ὀρύγματος
1224 825 1408 882 ἐκφερο-

87 1043 143 1078 ter
159 1038 252 1076 adeo
274 1036 369 1074 hunc
387 1034 630 1085 descripsisse.
661 1033 745 1072 Hoc

87 1095 209 1142 addo,
240 1092 505 1144 quinquaginta
529 1092 674 1140 orgyias
695 1092 743 1128 ad

87 1155 250 1189 nostram
269 1162 476 1188 mensuram
496 1149 661 1186 redactas
688 1148 744 1184 ef-

88 1209 196 1246 ficere
246 1206 514 1257 propemodum
560 1208 740 1243 trecentos

87 1265 203 1314 pedes
248 1263 467 1307 Rhenanos3
517 1261 741 1298 accuratiora

88 1321 152 1370 qui
176 1320 282 1367 velit,
319 1320 428 1356 adeat
452 1317 635 1355 Ukertum
663 1317 686 1354 l.
715 1317 737 1353 1.

89 1378 195 1421 Quae
219 1375 402 1414 moenium
435 1373 587 1411 altitudo
614 1374 740 1422 utique

87 1434 225 1480 maior,
261 1432 292 1469 si
328 1431 560 1469 Herodoteas
593 1443 739 1468 mensu-

87 1502 145 1528 ras
184 1488 401 1540 praetuleris
436 1486 640 1534 Ctesianis;
688 1487 740 1523 ita

89 1551 128 1584 ut
146 1545 296 1584 trecenti
315 1546 465 1594 triginta
486 1557 549 1581 sex
567 1544 682 1595 pedes
704 1547 741 1580 et

86 1603 188 1652 quod
206 1601 360 1639 excurrit
378 1602 560 1650 exiguum,
573 1600 739 1638 existant.

86 1658 181 1697 Utut
198 1662 273 1705 est,
298 1670 373 1694 non
389 1662 530 1696 tantum
551 1661 647 1695 certe
667 1656 743 1693 dis-

88 1727 234 1752 sensum
271 1714 377 1751 istum
414 1727 514 1762 esse,
553 1726 663 1763 quam
693 1713 741 1750 de

88 1784 162 1821 quo
178 1775 373 1820 tantopere
394 1770 549 1808 clament
576 1770 642 1806 viri
672 1769 740 1806 do-

88 1828 158 1875 cti,
198 1827 367 1876 equidem
400 1840 487 1865 sane
515 1826 741 1878 exploratum

87 1884 205 1922 habeo
216 1913 227 1931 ,
252 1896 373 1933 neque
391 1884 617 1921 altitudinem
634 1883 740 1930 muri,

87 1953 195 1990 quam
214 1944 458 1978 trecentorum
476 1941 612 1991 pedum
630 1940 742 1977 fuisse

87 1997 298 2034 Herodotus
331 1997 441 2044 dicit,
480 1998 599 2047 ipsam
624 1996 741 2033 videri

87 2053 358 2100 incredibilem,
400 2054 431 2090 si
458 2053 515 2092 vel
543 2066 622 2090 cum
660 2053 738 2091 aliis

86 2108 246 2161 Aegypti
274 2110 429 2148 molibus
465 2111 628 2161 ipsisque
655 2110 740 2148 reli-

87 2167 168 2216 quis
201 2166 447 2216 Babylonicae
476 2167 574 2204 urbis
607 2180 739 2204 monu-

87 2223 216 2261 mentis
262 2228 513 2274 comparetur,
568 2237 741 2275 expresse

88 2279 484 2329 monetBuckingham.
505 2279 563 2318 l.l.
588 2294 623 2331 p.
641 2280 739 2321 504.

89 2337 133 2374 In
167 2335 355 2375 latitudine
390 2338 484 2374 muri
532 2338 741 2385 indicanda,

90 2392 319 2430 Herodotum
347 2395 443 2431 idem
471 2398 578 2445 putat
595 2407 741 2432 mensu-

93 2461 168 2485 ram
190 2450 235 2486 ab
267 2450 339 2487 imo
370 2451 485 2488 fundo
513 2452 742 2498 aestimasse,

91 2517 171 2542 eum
188 2505 333 2543 Curtius
356 2511 466 2557 atque
494 2507 650 2556 Strabo,
680 2507 743 2557 qui

92 2560 241 2609 triginta
256 2562 328 2599 duo
348 2568 491 2601 sumant
508 2565 645 2614 pedes,
666 2577 744 2602 me-

95 2616 193 2709 gium
222 2631 361 2657 murum
397 2621 550 2659 dimensi
579 2634 661 2660 esse
689 2621 744 2659 vi-

123 2676 258 2711 eantun

265 2757 371 2810 Cap.
403 2759 612 2799 CLXXIX.

114 2890 124 2906 ⁹
151 2838 236 2880 ἵνα
255 2855 296 2882 τε
313 2841 356 2883 ἐκ
371 2847 443 2895 τῆς
461 2841 619 2898 τάφρου
638 2843 668 2897 ἦ
691 2847 746 2898 γῆ

101 2896 462 2953 αναισιμώθη]
498 2902 566 2942 ἰ’να
597 2902 654 2942 hic
683 2917 743 2942 to-

810 1030 941 1073 πικόν
963 1045 1044 1071 esse
1073 1045 1182 1071 nemo
1209 1032 1346 1080 nescit,
1390 1033 1466 1070 sive

811 1089 968 1141 accipias
999 1089 1063 1127 ubi
1094 1090 1170 1128 sive
1199 1102 1347 1140 quonam
1381 1089 1405 1126 i.
1433 1102 1464 1128 e.

812 1159 912 1198 quem
928 1148 967 1183 in
984 1158 1087 1184 usum
1097 1160 1111 1191 ‚-
1143 1147 1285 1196 dequo
1304 1146 1466 1196 disputat

809 1202 1103 1252 Schweighaeus.
1134 1202 1172 1240 in
1198 1201 1289 1240 Lex.
1321 1202 1463 1239 Herod.

809 1274 838 1298 s.
860 1273 893 1297 v.
914 1280 970 1287 --
1001 1254 1242 1309 εἶναισιμοῦν
1264 1259 1394 1297 eodem
1405 1260 1462 1295 in-

807 1315 966 1354 sumendi
979 1316 1185 1365 significatu
1208 1315 1248 1362 Ι,
1276 1317 1368 1356 179.
1398 1314 1464 1360 IV,

807 1372 874 1414 35.
895 1372 974 1410 coll.
993 1372 1035 1420 I,
1054 1374 1120 1413 72.
1147 1371 1193 1419 ΙΙ,
1220 1373 1282 1412 11.
1303 1371 1462 1412 31425

807 1433 876 1467 etc.
936 1429 1077 1467 Confer
1101 1432 1293 1481 praeterea
1325 1427 1461 1464 Zonar.

806 1498 895 1537 pag,
917 1488 1010 1528 206.

856 1541 1098 1582 ἐπλίνθευον
1120 1538 1194 1594 τὴν
1219 1542 1298 1594 γῆν
1319 1537 1394 1592 τὴν
1421 1539 1465 1581 ἔκ

810 1600 885 1638 τοῦ
915 1594 1139 1651 ὀρύγματος
1167 1597 1463 1650 ἐκφερομένην]

809 1654 1010 1693 Articulum
1029 1652 1104 1707 τὴν
1121 1660 1210 1706 post
1225 1657 1304 1708 γῆν
1323 1669 1343 1693 e
1364 1655 1465 1692 libris

811 1712 917 1749 bonis
937 1725 1018 1749 cum
1046 1716 1198 1751 recentt.
1232 1712 1462 1750 adscivimus.

807 1789 863 1797 —
890 1768 932 1805 In
951 1768 1102 1819 planitie
1120 1773 1242 1817 tanta,
1273 1768 1388 1818 qualis
1408 1772 1464 1806 est

807 1825 1051 1873 Babylonica,
1110 1826 1303 1863 defuerunt
1339 1825 1465 1874 utique

808 1881 949 1932 lapides
963 1911 974 1930 ,
993 1883 1041 1919 ad
1063 1883 1283 1920 exstruenda
1301 1881 1466 1919 aedificia

809 1939 908 1989 apti,
938 1938 999 1988 qui
1018 1951 1093 1976 non
1116 1939 1185 1975 nisi
1212 1952 1233 1976 e
1253 1938 1466 1987 regionibus

809 1995 1151 2045 septentrionalibus
1172 1996 1370 2033 secundum
1388 1994 1466 2030 Eu-

807 2051 974 2104 phratem
1004 2053 1151 2089 fluvium
1190 2052 1321 2089 advehi
1359 2056 1465 2102 potc-

808 2112 899 2146 rant.
957 2109 1035 2146 Sed
1056 2107 1140 2146 huic
1160 2108 1389 2146 incommodo
1407 2107 1465 2145 vel

807 2165 953 2216 inopiae
972 2167 1122 2215 egregie
1137 2165 1219 2216 ipsa
1230 2169 1360 2202 natura
1378 2177 1465 2215 pro-

807 2223 947 2273 spexit3
974 2222 1136 2273 lapidum
1165 2223 1261 2260 enim
1296 2222 1375 2259 loco
1394 2220 1465 2258 illic

807 2279 989 2317 invenitur
1012 2279 1151 2329 optima
1170 2283 1267 2316 terra
1283 2278 1463 2323 lateraria,

808 2337 882 2386 qua
901 2336 958 2374 vel
975 2339 1072 2372 tosta
1093 2336 1161 2372 sub
1190 2335 1289 2382 sole,
1319 2334 1376 2372 vel
1401 2347 1463 2371 co—

809 2399 867 2431 cte
884 2393 922 2429 in
939 2392 1089 2430 caminis
1114 2392 1247 2430 lateres
1269 2396 1343 2428 tam
1361 2390 1464 2428 solidi

810 2450 979 2499 firmique
999 2449 1237 2486 conficiuntur
1249 2478 1260 2497 ,
1280 2454 1320 2485 ut
1335 2448 1464 2485 hodie-

811 2519 884 2556 que
901 2519 1027 2544 eorum
1045 2506 1179 2543 rudera
1200 2505 1394 2555 supersint,
1407 2505 1464 2541 in-

813 2562 1068 2614 scriptionibus
1106 2563 1259 2612 integris
1284 2562 1379 2599 adeo
1405 2574 1464 2598 re-

812 2619 922 2671 pleta.
980 2619 1025 2656 Id
1043 2620 1146 2668 quod
1160 2619 1378 2657 recentiores
1397 2630 1465 2668 pe-

778 2676 1058 2725 .regrinatores
1107 2676 1194 2713 satis
1250 2675 1461 2726 probarunt.

814 2734 924 2771 Conf.
950 2733 1109 2770 Heeren.
1140 2732 1179 2781 I,
1214 2736 1240 2773 2
1267 2744 1353 2782 pag.
1382 2729 1462 2771 147

813 2789 893 2828 coll.
910 2789 1070 2826 Miinter.
1094 2788 1117 2825 l.
1133 2787 1156 2824 l.
1175 2801 1262 2839 pag.
1286 2790 1362 2828 121
1381 2798 1461 2833 sqq.

815 2848 909 2888 126.
969 2845 1094 2889 Quare
1119 2858 1166 2882 ne
1195 2844 1332 2881 mireris
1358 2842 1466 2879 talem

814 2902 1002 2942 materiam
1040 2901 1193 2940 aedibus
1222 2898 1402 2938 struendis
1431 2901 1466 2934 et
