1759 3324
346 229 432 269 634

347 336 645 390 ἀποθανόντες
701 339 744 391 ἐς
803 339 900 394 ἱρὰς

287 529 368 552 των
389 509 522 552 αὐτῶν
543 513 749 566 κεδρίᾳ-
767 509 945 552 θάπτου-

290 583 353 610 σιν
373 570 414 610 ἕν
435 570 558 620 ΐεραῖς
584 565 788 620 θήκαις.
848 570 944 607 Alias

287 641 378 665 vero
408 628 509 677 ipsae
544 639 691 675 quoque
717 625 860 663 arculae
888 628 945 663 di-

289 688 417 721 cuntur
450 685 591 733 θῆκαι.
655 681 739 718 vid.
770 682 943 720 Creuzer.

287 744 495 777 commentt.
524 738 692 775 Herodd.
727 751 763 788 p.
786 741 838 779 67
868 743 944 776 not.

289 800 325 833 et
364 797 458 832 infra
488 795 544 841 H,
586 796 677 835 136.
748 795 945 832 Caeterum

287 852 381 888 hanc
414 852 660 888 conditionem
689 855 726 888 et
755 864 946 888 consecra-

287 909 422 945 tionem
445 908 640 945 bestiarum
654 936 664 954 ,
690 920 783 956 quae
801 921 868 958 per
887 914 945 944 to-

287 969 362 1001 tam
399 965 611 1014 Aegyptum
639 965 816 1011 obtinuit,
857 977 945 1002 con-

286 1021 445 1058 iunctam
471 1035 551 1059 esse
583 1034 664 1057 cum
699 1021 779 1071 ipso
810 1022 945 1059 bestia-

286 1091 367 1114 rum
388 1078 516 1115 harum
535 1077 649 1124 cultu,
669 1090 775 1114 nemo
796 1091 870 1114 non
888 1079 944 1114 in-

287 1135 425 1183 telligit.
486 1135 596 1178 Quod
640 1139 679 1170 ut
716 1134 942 1183 aliquatenus

286 1192 546 1242 perspiciamus
565 1221 575 1239 ,
604 1192 853 1228 astronomicis
883 1204 942 1228 ra-

287 1249 446 1285 tionibus
496 1248 688 1295 adhibitis,
745 1248 943 1297 cogitanda

288 1309 372 1342 sunt
394 1305 538 1342 siderea
560 1309 726 1342 armenta
746 1317 787 1341 ac
809 1318 941 1354 greges

288 1362 387 1399 solis.
430 1362 552 1405 Quum
571 1362 665 1398 enim
685 1362 852 1399 animalia
873 1362 944 1398 sint

287 1420 440 1456 deorum
460 1419 563 1467 quasi
588 1419 787 1467 imagines,
819 1418 869 1455 dii
881 1432 943 1456 ve-

287 1489 328 1512 ro
359 1475 624 1525 Aegyptiorum
661 1487 833 1523 magnam
859 1488 945 1525 par-

287 1537 362 1570 tem
391 1532 625 1579 calendares,
666 1533 728 1580 qui
766 1532 944 1568 mensium

288 1590 392 1638 signa
411 1589 505 1625 inter
527 1602 565 1626 se
584 1588 865 1635 distribuerunt,
888 1590 944 1624 sa—

288 1650 385 1683 ctum
406 1650 483 1692 est,
514 1649 572 1692 ut,
603 1645 735 1694 singuli
758 1645 819 1682 ubi
839 1646 945 1693 sigua

288 1716 353 1739 sua
395 1702 648 1750 ingrediantur
674 1715 742 1753 per
766 1703 944 1739 mensium

287 1759 511 1808 singulorum
533 1760 657 1797 orbem
671 1787 683 1806 ,
710 1759 746 1795 in
768 1759 868 1796 coelo
888 1759 943 1795 di-

287 1821 416 1853 cantur
442 1815 611 1852 animalia
650 1816 805 1864 ingredi.
863 1815 941 1852 Iam

286 1873 346 1909 ubi
379 1871 467 1908 illud
495 1872 720 1919 invaluerat,
764 1877 803 1909 ut
836 1871 941 1909 certis

286 1928 493 1966 animalium
522 1929 650 1977 figuris
687 1933 874 1965 notaretur
905 1932 942 1965 et

286 1986 447 2022 siderum
475 1986 657 2035 potiorum
687 1985 878 2032 (Zodiaci)
906 1989 944 2022 et

285 2042 465 2079 mensium
492 2042 589 2078 orbis
611 2071 621 2088 ,
659 2042 694 2077 in
725 2042 828 2078 fastis
856 2054 943 2078 con-

287 2098 418 2134 dendis
450 2101 706 2134 consecrarunt
742 2098 806 2134 has
842 2098 940 2147 ipsas

286 2154 421 2203 figuras
443 2155 670 2200 sacerdotes,
702 2150 774 2203 quo
796 2155 940 2204 penitus

287 2223 352 2248 eae
374 2211 411 2246 in
440 2211 615 2248 memoria
643 2211 829 2247 hominum
849 2210 940 2246 defi-

286 2271 469 2316 gerentur.
526 2267 593 2303 Est
611 2267 826 2316 praecipuus
842 2266 940 2302 locus

286 2324 370 2361 solis
384 2351 395 2369 ,
413 2335 435 2359 a
452 2323 550 2361 cuius
564 2337 630 2372 per
648 2324 754 2371 signa
774 2323 863 2359 coeli
886 2323 941 2358 in-

286 2380 448 2430 signiora
500 2380 654 2416 meantis
691 2392 811 2416 annuo
851 2379 941 2415 orbe

285 2437 451 2488 pendent
478 2435 644 2486 plurima.
704 2436 828 2472 Solem
854 2447 941 2472 vero

287 2493 470 2531 Osiridem
501 2505 582 2529 esse
627 2493 760 2529 dictum
790 2493 943 2531 scimus;

288 2550 349 2599 qui
374 2549 520 2598 quundo
550 2548 732 2586 caniculae
749 2548 873 2585 stellae
906 2549 943 2584 iu

287 2606 389 2644 coelo
416 2606 558 2654 signum
580 2605 784 2652 intraverit,
815 2604 944 2641 dicitur

286 2662 450 2708 Anubis,
491 2674 689 2710 canemque
718 2662 829 2698 habet
856 2674 940 2697 con-

287 2723 466 2757 secratam
480 2747 490 2765 ,
511 2722 550 2754 ut
570 2719 637 2754 bos
661 2722 698 2755 et
713 2717 843 2754 bucula
855 2717 941 2753 Osi-

287 2776 357 2813 ridi
377 2779 413 2813 et
436 2774 523 2812 Isidi
539 2779 710 2824 tanquam
731 2773 797 2811 soli
815 2773 942 2810 lunae-

288 2845 362 2882 que
383 2832 640 2880 adiunguntur.
679 2830 820 2868 Eadem
848 2830 939 2866 ratio

288 2888 412 2938 gregis
430 2887 651 2938 reliquorum
673 2886 880 2925 animalium
902 2886 938 2922 in

959 340 1110 396 στέγας
1131 374 1142 393 ,

763 229 1233 270 HERODOTI

1208 340 1317 384 ἔνθα
1373 340 1617 386 θάπτονται

1015 513 1098 551 solis
1120 515 1236 551 orbita
1255 515 1548 562 consistentium3
1579 528 1673 565 quo-

1013 584 1092 607 rum
1117 571 1295 609 domicilia
1316 572 1431 609 sicubi
1454 573 1670 620 ingreditur,

1014 631 1197 664 mutuatur
1217 629 1262 665 ab
1280 628 1369 678 ipsis
1383 630 1579 666 eorundem
1593 628 1670 665 vul-

1011 687 1087 719 tum
1107 687 1143 720 et
1169 684 1337 733 speciem.
1395 685 1493 722 Hinc
1519 685 1671 722 deorum

1012 745 1291 788 personatorum
1330 741 1459 778 chorus
1501 754 1568 792 per
1603 754 1671 778 an-

1012 807 1124 830 nuum
1145 795 1311 832 circulum
1330 798 1551 845 ingrediens.
1572 797 1670 836 Hinc

1012 851 1151 888 bestiae
1170 852 1321 888 deorum
1342 853 1518 902 imagines
1532 858 1568 891 et
1578 867 1670 891 nun-

1013 907 1052 943 tii
1070 935 1080 952 ,
1132 921 1333 957 praecones
1370 910 1456 946 anni
1474 938 1485 957 ,
1529 910 1668 949 indices

1013 968 1280 1013 tempestatum.
1339 965 1438 1003 Hinc
1487 966 1537 1002 dii
1585 967 1670 1017 ipsi,

1013 1020 1217 1058 animalium
1248 1021 1377 1059 horum
1409 1023 1572 1072 partibus
1610 1036 1669 1060 or-

1012 1077 1088 1114 nati
1107 1078 1154 1114 ad
1173 1077 1296 1115 oculos
1315 1079 1499 1116 hominum
1511 1080 1668 1117 traducti

1013 1139 1050 1171 et
1074 1135 1354 1184 repraesentati,
1370 1137 1470 1185 quod
1487 1137 1669 1173 neminem

1010 1190 1220 1239 mirabitur,
1252 1193 1313 1240 qui
1339 1192 1427 1230 haec
1447 1197 1532 1230 ante
1549 1193 1670 1230 omnia

1010 1248 1166 1285 tenuerit
1182 1277 1193 1295 ,
1241 1248 1414 1286 animalia
1453 1262 1524 1287 esse
1561 1252 1669 1298 signa

1011 1306 1085 1341 sive
1109 1304 1263 1354 symbola
1285 1305 1420 1342 deorum
1434 1336 1444 1353 ‚
1473 1319 1669 1344 summam·

1012 1374 1084 1410 que
1109 1362 1146 1397 in
1171 1361 1224 1398 his
1254 1363 1498 1400 astronomiae
1529 1363 1668 1400 haben-

1013 1418 1098 1454 dam
1119 1431 1200 1455 esse
1219 1419 1408 1457 rationem.
1467 1419 1566 1457 Nam
1584 1417 1667 1456 coe'-

1012 1474 1155 1512 lestium
1185 1475 1380 1512 bestiarum
1413 1489 1477 1513 seu
1504 1476 1667 1513 siderea-

1011 1544 1091 1567 rum
1113 1530 1223 1578 (cum
1257 1533 1307 1568 dii
1327 1531 1471 1569 lunares
1485 1560 1496 1579 ,
1527 1532 1665 1570 solares

1012 1600 1055 1624 ac
1064 1587 1270 1637 planetares
1284 1589 1355 1625 sint
1371 1589 1512 1626 siderea
1523 1601 1668 1626 armen-

1011 1645 1068 1691 ta)
1088 1644 1265 1692 imagines
1287 1650 1370 1682 sunt
1388 1646 1528 1683 bestiae
1547 1658 1668 1683 sacra-

1011 1704 1071 1738 tae
1091 1701 1127 1737 in
1145 1701 1249 1738 terris
1261 1731 1270 1748 ,
1301 1715 1397 1751 quae
1416 1715 1480 1739 sua
1498 1715 1667 1752 quaeque

1010 1771 1077 1807 per
1099 1757 1301 1794 universam
1321 1758 1528 1808 Aegyptum
1546 1759 1582 1795 in
1605 1771 1667 1795 ur-

1010 1815 1116 1850 bibus
1147 1815 1256 1851 sacris
1286 1815 1426 1851 stabula
1448 1820 1484 1852 et
1504 1814 1668 1865 sepulcra

1010 1870 1158 1908 habent.
1197 1871 1315 1917 Hinc,
1347 1871 1416 1907 alia
1435 1877 1475 1908 ut
1492 1873 1667 1917 omittam,

1009 1940 1089 1964 mos
1117 1927 1407 1977 sepeliendorum
1425 1928 1608 1965 hominum
1628 1928 1667 1964 in

1010 1984 1218 2020 conditoriis
1247 1998 1427 2022 sacrarum
1459 1985 1666 2022 bestiarum.

1009 2039 1182 2089 Namque
1228 2045 1305 2078 erat
1361 2046 1665 2087 consentaneum,

1009 2096 1099 2134 haec
1117 2097 1283 2133 animalia
1301 2102 1386 2148 post
1406 2103 1557 2134 mortem
1579 2111 1666 2134 con-

1006 2154 1085 2189 'dita
1104 2153 1286 2201 sacrisque
1316 2154 1524 2190 conditoriis
1556 2167 1666 2204 repo-

1009 2210 1076 2246 sita
1095 2222 1136 2246 ac
1157 2209 1297 2259 sepulta
1321 2223 1414 2247 esse.
1453 2210 1548 2247 Sunt
1565 2223 1664 2257 vero,

1009 2267 1039 2302 si
1063 2266 1242 2302 Herodoti
1264 2265 1360 2302 locos
1380 2279 1453 2302 una
1469 2266 1663 2315 iungamus

1008 2322 1038 2359 Il
1054 2351 1064 2368 ,
1095 2323 1282 2363 65—69
1315 2322 1395 2359 incl.
1420 2325 1485 2363 71.
1506 2326 1572 2364 72.
1595 2324 1663 2371 74,

1006 2379 1078 2415 ibes
1100 2407 1109 2425 ,
1148 2380 1353 2428 αςεῐμίίνεε,
1383 2378 1476 2428 feles
1497 2408 1507 2426 ,
1549 2393 1665 2428 canes,

1007 2435 1265 2482 iclmeunwnes,
1286 2448 1419 2482 mures,
1438 2438 1582 2483 aranei,
1602 2450 1664 2474 ur-

1008 2493 1060 2537 si,
1092 2490 1188 2540 lupi,
1217 2491 1399 2539 crocodili,
1420 2493 1666 2542 hippopotami,

1011 2547 1146 2594 lutrae,
1176 2548 1340 2598 lepido-ti,
1359 2550 1562 2597 anguillae,
1583 2550 1665 2587 vul-

1003 2617 1168 2654 panseres
1198 2606 1389 2655 (phoenix)
1421 2619 1463 2643 ac
1494 2610 1666 2656 serpentes

1010 2661 1179 2710 quidam,
1218 2675 1285 2711 per
1312 2661 1473 2710 singulos
1505 2662 1665 2713 Aegypti

1008 2730 1137 2754 nomos
1160 2718 1292 2766 singuli
1312 2720 1512 2756 consecrati
1536 2731 1577 2756 ac
1596 2720 1665 2757 rite

1006 2774 1153 2811 conditi.
1211 2775 1305 2811 Cum
1333 2774 1464 2824 quibus
1495 2775 1591 2813 enim
1610 2775 1665 2812 vi-

1008 2835 1084 2867 ctus
1106 2830 1275 2879 vitaeque
1292 2831 1383 2868 ratio
1405 2835 1483 2868 erat
1501 2844 1664 2869 commu-

1007 2886 1063 2923 nis
1090 2886 1162 2936 (11,
1179 2888 1276 2937 36),
1308 2887 1407 2925 haud
1424 2887 1494 2925 alia
1513 2900 1663 2938 quoque
