1768 3315
683 258 896 299 CLIO.
953 259 982 298 Ι.

1378 265 1459 305 227

175 380 231 426 8„
243 389 311 417 τοι
339 370 539 428 γενέσθαι
566 370 852 423 παραυτίκα-(ί
885 367 934 412 Ὁ
962 368 1009 413 δὲ
1037 367 1151 414 εἶπε·
1192 365 1278 422 „³52
1308 371 1456 417 δέσπο-

201 469 309 506 ,,τα,
339 448 468 500 ἐάσας
496 464 547 504 με
574 452 720 504 χαριεῖ
743 445 931 503 μάλιστα
959 447 1038 491 τόν
1065 448 1176 493 θεόν
1199 453 1289 493 τῶν
1313 450 1455 509 Ἑλλή-

200 546 348 584 ,,νων,
388 526 466 571 τὸν
493 527 670 583 ἐτίμησα
699 526 781 583 ἐγώ
811 531 931 571 θεῶν
959 525 1165 584 μάλιστα,
1195 528 1455 585 ἐπείρεσθαι,
1467 541 1511 575 60

199 609 459 663 ,,πὲμψαντα
487 606 616 650 τάσδε
645 606 720 657 τὰς
748 607 902 660 πέδας,
953 608 991 650 εἰ
1028 607 1242 659 ἐξαπατᾶν
1271 609 1376 662 τούς
1404 606 1456 661 εὖ

168 694 223 741 4,,
235 690 465 737 ποιεῦντας
493 684 629 741 νόμος
659 685 747 729 ἔστι
777 688 860 730 οἷ.“

919 690 1067 742 Κῦρος
1105 687 1152 731 δὲ
1180 690 1317 744 εἴρετο
1352 688 1378 733 ὅ
1408 706 1450 733 τι

193 770 238 812 οἱ
273 771 404 811 τοῦτο
443 765 720 822 ἐπηγορεύων
760 764 1047 822 παραιτέοιτο.
1106 770 1299 824 Κροῖσος
1333 768 1380 812 δέ
1409 770 1454 813 οἱ

136 942 288 994 perativi
301 943 419 979 forma
439 953 506 991 pro
534 938 683 988 αἶτέεο,
711 954 793 978 cum

138 999 350 1036 Herodotus
369 999 496 1035 Ionum
508 1011 609 1035 more
625 999 661 1035 in
673 999 792 1036 verbis

136 1056 238 1107 puris
271 1055 425 1093 alterum
461 1057 479 1094 ἓ
509 1055 639 1093 eiicere
664 1055 790 1092 soleat.

137 1112 220 1149 Vid.
249 1111 380 1148 Matth.
412 1110 448 1162 ἓ
474 1113 556 1152 205
590 1124 676 1161 pag.
696 1113 790 1153 379.

137 1167 236 1206 Male
278 1172 400 1206 autem
439 1171 548 1206 antea
584 1169 790 1205 scribebant

138 1240 162 1263 α
177 1224 307 1273 ''dt-50,
337 1228 486 1262 accentu
509 1228 674 1261 retracto.
711 1220 786 1275 τήν

137 1296 226 1320 τινα
245 1281 343 1318 haud
362 1293 484 1318 carere
503 1281 646 1317 videtur
666 1282 786 1331 suspi-

136 1338 262 1384 cione,
299 1349 378 1374 cum
395 1337 562 1387 nuspiam
582 1337 632 1372 ita
657 1338 786 1375 dixerit

133 1406 201 1444 pro
220 1389 384 1444 {qvi-avoc,
414 1406 481 1431 nec
512 1405 670 1442 unquam
697 1407 784 1443 pro-

132 1462 266 1487 nomen
287 1449 356 1486 hoc
365 1445 507 1497 (daug)
527 1462 549 1485 a
560 1454 785 1489 consonante

132 1520 154 1545 τ
172 1506 387 1543 exordiatur.
410 1506 784 1556 QuapropterStruve

133 1562 287 1606 Quaest.
319 1562 498 1600 Herodot.
524 1563 631 1612 Spec.
660 1576 696 1613 p.
728 1563 782 1604 48

132 1618 213 1656 coll.
240 1618 295 1659 46
323 1619 430 1656 scribi
464 1619 564 1656 iubet
592 1614 646 1669 ἤν
677 1634 780 1667 τινα,

132 1675 233 1724 quod
253 1675 351 1712 haud
385 1678 570 1712 cunctatus
589 1676 783 1726 *reposuis-

133 1743 234 1778 sem,
263 1731 372 1768 modo
398 1731 434 1768 in
458 1744 532 1768 uno
562 1732 781 1770 invenissem

132 1786 223 1824 libro
241 1788 388 1837 scripto.
429 1788 538 1825 Conf.
560 1788 594 1835 Ι,
617 1790 681 1829 98.
718 1789 784 1826 Βι-

130 1844 168 1881 ni
187 1843 296 1881 modo
315 1843 397 1880 libri
420 1844 477 1882 hic
497 1845 666 1882 omittunt
691 1841 781 1896 τήν.

129 1920 186 1927 -
224 1899 266 1936 In
307 1901 472 1950 proxime
511 1914 615 1950 seqq.
657 1904 788 1954 χαριεῖ

131 1969 211 1993 cum
239 1961 388 1994 recentt.
423 1957 507 1994 edd.
541 1959 783 2008 reposuimus,

130 2013 379 2050 addicentibus
399 2013 570 2051 Mediceo
603 2017 640 2051 et
657 2014 784 2053 Schel-

130 2067 379 2107 lershemiano.
440 2069 565 2106 Minus
595 2070 691 2109 bene
722 2072 782 2109 alii

129 2124 238 2174 vulgo
262 2140 333 2178 χαρ
345 2141 358 2164 ι
371 2128 411 2181 ᾗ.

183 2181 372 2234 ἐπηγορ
386 2177 439 2221 εὖ
450 2197 513 2221 ων
560 2181 783 2235 παραιτέοι-

128 2239 196 2283 το]
234 2238 600 2277 Schellershemianus
630 2255 781 2292 υπηγο-

130 2289 273 2346 ρεύων.
334 2295 560 2346 Utrumque,
605 2298 705 2347 quod
732 2298 781 2334 ad

129 2350 341 2400 scripturam
355 2353 495 2400 attinet,
512 2353 695 2403 improbat
703 2353 780 2391 Lo-

129 2405 232 2444 beck.
253 2408 302 2444 ad
318 2408 509 2457 Phrynich.
538 2423 575 2460 p.
595 2412 701 2458 702,
741 2411 780 2448 in

130 2461 260 2511 longae
287 2464 420 2502 vocalis
451 2465 516 2516 (η)
546 2465 665 2503 locum
692 2467 780 2504 sub-

131 2518 348 2558 stituendum
370 2521 515 2560 brevem
538 2522 779 2573 praecipiens,

132 2585 211 2610 cum
232 2574 291 2612 illa
310 2577 348 2614 in
365 2577 410 2613 iis
420 2581 561 2615 tantum
571 2580 778 2616 necessario

131 2631 308 2669 servanda
336 2633 402 2680 sit,
447 2647 540 2683 quae
575 2634 777 2672 thematicis

131 2685 300 2733 perfectis
330 2689 505 2728 affinitate
534 2691 665 2729 innexa
696 2693 779 2729 sint.

131 2739 228 2776 Hinc
259 2741 514 2804 ἔπαγορεύων
564 2748 696 2784 rectius
735 2761 779 2785 ex

132 2794 224 2889 {llius
235 2797 300 2834 viri
319 2803 497 2840 sententia
513 2803 581 2840 hoc
599 2803 679 2841 loco
691 2804 780 2841 scri

159 2855 249 2890 etur.

188 2909 360 2961 Κροῖσος
401 2910 444 2954 δέ
475 2913 516 2955 οἱ
539 2911 779 2969 ἔπανηλό-

859 955 883 993 γ
896 955 920 991 η
935 952 983 980 σε
1006 943 1140 981 πᾶσαν
1158 939 1233 994 τὴν
1248 941 1401 983 ἑωυτοῦ
1420 939 1507 983 διά-

859 997 1000 1049 νοιαν]
1022 998 1095 1037 Pro
1114 996 1508 1054 ἐπανηλόγησε,(]ιιοᾱ

859 1067 986 1093 omnes
1006 1055 1086 1092 libri
1108 1057 1299 1106 praebent,
1327 1058 1393 1094 viri
1410 1057 1507 1094 docti

857 1110 1074 1161 Leopardus
1082 1141 1092 1159 ‚
1104 1112 1379 1161 Valckenarius,
1395 1113 1505 1152 Wes-

858 1167 1032 1216 selingius
1062 1169 1171 1206 scribi
1202 1170 1328 1207 iubent
1355 1169 1506 1209 ἐπαλιλ-

854 1219 995 1275 λόγησε
1013 1225 1054 1272 (i.
1077 1237 1108 1262 e.
1136 1228 1295 1275 repetiit,
1324 1226 1507 1276 eademque

851 1281 931 1330 ipsa
949 1283 1120 1331 exposuit,
1139 1294 1232 1331 quae
1254 1281 1387 1321 scilicet
1405 1282 1434 1329 Ι,
1452 1285 1503 1324 37

851 1349 964 1387 supra
983 1338 1148 1387 exposita
1165 1337 1354 1387 leguntur)
1378 1351 1399 1377 e
1419 1338 1505 1376 Pol-

851 1391 918 1430 luc.
951 1393 1175 1431 Onomastic.
1213 1394 1270 1442 II,
1303 1397 1406 1443 120,
1444 1395 1505 1432 ubi

850 1453 973 1487 tamen
995 1449 1075 1487 libri
1091 1451 1328 1502 manuscripti
1343 1451 1506 1489 nonnihil

850 1506 1003 1543 variant.
1032 1505 1154 1556 Atque
1175 1508 1274 1558 apud
1294 1508 1413 1558 ipsum
1427 1508 1506 1547 He-

851 1563 1020 1600 rodotum
1040 1562 1078 1610 1,
1111 1565 1191 1604 118
1213 1567 1333 1601 exstat
1352 1563 1504 1604 ἐπαλιλ-

851 1615 1006 1670 λόγητο.
1064 1618 1232 1668 Longius
1261 1621 1387 1670 utique
1412 1634 1435 1659 a
1463 1620 1506 1658 li-

851 1675 998 1712 brorum
1018 1674 1172 1714 lectione
1200 1678 1336 1714 recedit
1351 1676 1506 1717 εἴπαντι-

850 1726 1015 1783 λόγησε,
1048 1735 1089 1769 ut
1113 1733 1280 1781 Heringa
1301 1735 1505 1772 restitutum

851 1788 1005 1826 volebat.
1101 1788 1318 1826 Sehaeferus
1367 1791 1506 1840 recepit

850 1839 1154 1896 ἐπαλλιλόγησε,
1175 1846 1275 1894 quod
1296 1847 1404 1883 etiam
1418 1846 1506 1883 Phi-

849 1901 943 1938 lonis
966 1901 1045 1939 loco
1066 1902 1112 1939 de
1131 1902 1295 1939 fortitud.
1307 1915 1393 1952 pag.
1404 1904 1503 1952 738,

848 1957 884 1995 D
903 1958 1061 2008 probare
1085 1959 1275 1995 studuerat
1301 1958 1349 1996 W
1352 1959 1505 1997 esselin-

850 2013 943 2063 gius.
953 2013 1044 2051 Post
1050 2013 1220 2063 vulgatae
1230 2013 1393 2052 lectionis
1405 2028 1505 2053 acer-

848 2071 961 2107 rimus
988 2071 1161 2108 defensor
1179 2071 1316 2108 exstitit
1341 2072 1505 2122 Scweig-

848 2126 1072 2175 haeuserus,
1110 2127 1354 2178 reprehensus
1382 2132 1506 2167 tamen

849 2195 872 2220 a
901 2196 1052 2222 censore
1091 2184 1128 2220 in
1172 2183 1328 2234 Ephem.
1380 2184 1506 2223 Ienen.

851 2242 960 2282 1817
982 2253 1036 2277 nr.
1057 2239 1136 2281 165
1155 2254 1191 2290 p.
1205 2241 1287 2281 381
1311 2254 1389 2291 seq.
1418 2245 1455 2279 et
1483 2254 1507 2278 a

847 2294 1038 2334 Lobeckio
1062 2297 1109 2333 ad
1125 2295 1317 2345 Phrynich.
1347 2311 1384 2348 p.
1407 2299 1506 2345 703,

848 2356 888 2390 ut
907 2353 969 2402 qui
996 2353 1095 2390 varia
1115 2353 1377 2391 commiscuerit
1405 2366 1505 2391 erro-

847 2421 980 2458 resque
1000 2408 1253 2457 cumulaverit,
1272 2423 1353 2447 cum
1370 2410 1418 2447 ad
1429 2409 1505 2448 vul-

847 2469 971 2514 gatam
1011 2466 1185 2502 tuendam
1218 2465 1329 2503 modo
1362 2464 1504 2519 ἐπηγο-

847 2517 980 2573 ρεύειν
1003 2526 1199 2572 componat
1225 2535 1306 2559 cum
1332 2526 1506 2574 κατηλο-

846 2581 932 2632 γεῖν
941 2606 952 2626 ,
982 2579 1094 2615 modo
1113 2582 1346 2631 κατηγορεῖν
1357 2592 1426 2629 pro
1437 2594 1506 2618 κα-

845 2638 1028 2687 ταγορεῖν
1075 2634 1245 2685 usurpari
1297 2636 1504 2674 contendat.

845 2691 928 2729 Nec
946 2691 1033 2728 mihi
1043 2691 1426 2740 Schweighaeuserum
1446 2703 1507 2729 sa-

845 2748 893 2784 tis
940 2749 1072 2785 secisse
1112 2748 1272 2797 ingenue
1312 2748 1505 2792 confiteor3

845 2816 925 2841 cum
951 2804 1165 2841 Gaisfordio
1183 2808 1306 2841 tamen
1324 2805 1362 2841 in
1380 2804 1507 2842 lectio-

845 2872 894 2897 ne
913 2860 1062 2908 vulgata
1078 2861 1394 2909 adquiescendum
1421 2873 1506 2898 cen-

846 2916 916 2966 sui,
936 2917 1022 2955 dum
1041 2916 1191 2956 meliora
1210 2917 1377 2957 edocear.
1409 2916 1506 2955 Sen-

1140 2971 1233 3019 15*
