1759 3324
614 287 921 326 cL10.1.

1325 285 1410 326 427

146 420 234 448 νιοι
262 401 312 446 τὰ
339 399 387 445 ἐκ
414 401 498 443 τοῦ
530 396 688 451 Κύρου
717 394 1006 452 ποιεύμενον,
1046 390 1146 439 οὐδ’
1177 391 1257 446 ἄν,
1294 407 1409 448 περι-

146 483 310 532 ϊδόντες
345 475 452 529 τούς
495 476 667 532 Πέρσας
704 476 900 520 ἐσελθεῖν
938 475 980 526 ἐς
1016 473 1098 531 τήν
1125 471 1278 525 πόλιν,
1329 473 1466 517 διέ-7Ο

117 567 338 617 ὃφθειραν
375 555 571 602 κάκιστα.
630 558 995 612 κατακληΐσαντες
1033 555 1118 611 γὰρ
1165 552 1223 597 ἄν
1266 551 1410 603 πάσας

141 638 218 690 τὰς
245 636 288 688 ἐς
315 635 394 681 τὸν
423 634 622 692 ποταμόν
642 636 828 686 πυλίδας
850 634 1055 691 ἐχούσας,
1085 633 1161 676 καὶ
1189 631 1313 676 αὐτοὶ
1341 631 1410 674 ἐπὶ

141 716 219 768 τὰς
248 714 455 773 αἱμασιάς
497 713 738 771 ἀναβάντες
788 714 865 766 τὰς
902 713 1025 768 παρὰ
1061 713 1115 756 τὰ
1154 714 1295 769 χείλεα
1329 714 1409 755 τοῦ

142 798 348 854 ποταμοῦ
378 794 666 851 ἐληλαμένας,
697 794 855 850 ἔλαβον
882 792 939 837 ἄν
970 805 1107 849 σφεας
1135 790 1194 843 ὥς
1225 791 1273 836 ἐν
1299 789 1405 845 κύρ-

111 883 209 934 9τῃ.
267 877 353 918 νῦν
391 874 437 918 δὲ
479 874 522 926 ἐξ
562 872 896 930 ἀπροσδοκήτου
933 885 1015 929 σφι
1052 871 1329 929 παρέστησαν
1368 873 1412 915 οἱ

144 954 327 1010 Πέρσαι.
377 953 464 998 ὑπὸ
497 954 541 997 δὲ
579 952 794 1009 μεγάθεος
833 957 909 1009 τῆς
938 952 1113 1003 πόλιος,
1160 948 1220 1002 ὥς
1245 950 1467 1006 λέγεται75

139 1032 229 1078 ὑπὸ
259 1037 347 1078 τῶν
377 1032 515 1090 ταύτῃ
538 1032 802 1090 οἰκημένων,
831 1037 921 1076 τῶν
948 1032 1047 1088 περὶ
1075 1030 1128 1074 τὰ
1156 1030 1311 1086 ἔσχατα
1330 1033 1406 1086 τῆς

140 1111 295 1165 πόλιος
333 1113 614 1168 ἑαλωκότων,
666 1111 772 1164 τούς
808 1111 858 1157 τό
897 1111 1033 1169 μέσον
1072 1109 1288 1162 οἰκέοντες
1315 1113 1405 1154 τῶν

144 1305 390 1361 περιϊδόντες
436 1305 530 1356 τούς
585 1306 744 1360 Πέρσας

87 1365 291 1417 ἐσελθεῖν]
321 1366 444 1404 Verbo
466 1367 659 1418 περιορᾶν
685 1366 743 1404 hic

87 1427 234 1475 praeter
269 1423 568 1460 consuetudinem
595 1422 743 1473 partici-

85 1479 136 1530 pii
155 1479 234 1516 loco
256 1479 421 1516 adiicitur
436 1479 644 1516 infinitivus.
663 1479 742 1516 Sed

86 1536 277 1585 aliquoties
294 1535 363 1572 hoc
382 1536 419 1571 in
437 1540 565 1572 nostro
588 1535 742 1586 scripto-

86 1605 126 1630 re
150 1592 323 1643 reperias.
382 1592 466 1629 vid.
504 1592 635 1630 Matth.
675 1592 741 1629 Gr.

88 1649 154 1686 Gr.
174 1661 260 1699 pag.
279 1650 388 1689 1086
415 1648 510 1695 (not.
534 1650 591 1697 2).

143 1702 215 1752 τοῖς
233 1701 350 1751 ἐςτόν
371 1701 554 1755 ποταμόν
573 1703 743 1750 πυλίδας

88 1757 279 1812 ἐχούσας]
319 1756 486 1811 ἐχούσας
513 1761 611 1798 haud
640 1760 745 1798 aliter

86 1823 198 1867 atque
216 1818 254 1864 1,
280 1818 359 1858 180
382 1818 512 1855 eodem
540 1818 650 1855 modo
671 1829 744 1865 quo

87 1874 176 1912 alias
211 1874 302 1912 dixit
334 1870 547 1926 φερούσας.
605 1874 745 1911 Confer

87 1930 219 1969 Matth.
247 1931 312 1967 Gr.
343 1931 409 1968 Gr.
446 1943 534 1981 pag.
565 1932 659 1972 932.
688 1951 745 1957 —

90 1988 202 2032 Quod
220 1987 268 2024 ad
294 1986 509 2037 particulam
531 1983 583 2025 ἂν
601 1987 744 2033 attinet,

89 2045 145 2082 bis
174 2043 404 2091 collocatam,
435 2044 575 2080 monuit
598 2043 746 2081 ¹Werfe-

88 2114 150 2138 rus
176 2100 298 2149 (Actt.
316 2100 455 2151 philoll.
488 2099 617 2137 Monn.
650 2099 685 2147 1,
715 2101 743 2140 2

89 2166 175 2208 pag.
196 2156 312 2206 249),
341 2158 460 2207 primo
488 2156 567 2194 loco
587 2157 745 2207 positam

89 2214 273 2265 pertinere
296 2212 394 2251 illam
431 2213 479 2251 ad
514 2213 745 2265 participium

90 2270 483 2321 (κατακληίσαντες),
523 2270 637 2308 altero
661 2269 742 2307 loco

90 2327 139 2364 ad
168 2328 287 2378 ipsum
314 2327 465 2365 verbum
491 2327 633 2364 finitum
661 2324 747 2366 ἕλοι-

93 2383 181 2435 βον.

148 2438 290 2491 ἔλαβον
310 2436 361 2480 ἅν
378 2452 506 2492 σφεας
526 2439 580 2488 αἷς
601 2440 644 2480 ἐν
653 2436 747 2490 κύρ-

92 2493 162 2548 τῃ]
191 2492 316 2548 κύρτη
344 2512 373 2535 S.
403 2493 571 2551 κύρτος,
613 2502 654 2535 ut
686 2497 747 2534 alii

94 2551 237 2600 dixere,
265 2558 321 2591 est
339 2567 468 2603 nassa,
489 2554 632 2606 fiscella
656 2568 673 2591 e
690 2556 748 2591 vi-

95 2608 244 2671 vrff’m'bus
272 2613 397 2658 texta,
426 2612 464 2648 in
492 2612 651 2661 piscibus
684 2624 747 2648 ca-

95 2664 237 2713 plendis
258 2667 398 2704 usitata.
440 2696 465 2715 ‚,
478 2668 536 2705 Cf.
553 2668 747 2705 Heindorf.

97 2718 145 2754 ad
172 2719 309 2758 Platon.
344 2723 505 2774 Sophist.
533 2737 620 2775 pag.
651 2724 746 2766 285.

97 2773 302 2826 Interprett.
335 2780 384 2816 ad
416 2779 452 2816 Τ
454 2781 602 2817 heocrit.
640 2780 746 2829 Idyll.

99 2829 188 2866 XXI
205 2845 254 2869 vs.
273 2836 328 2874 9-
342 2836 405 2875 11.
439 2836 567 2873 Pollux
585 2838 622 2874 in
643 2838 749 2874 Ono-

99 2890 202 2923 mast.
222 2887 257 2924 X
268 2917 279 2935 ,
294 2890 347 2931 36

100 2942 240 2992 ponit“
270 2943 325 2981 Cr
369 2889 406 2942 ἓ·
430 2895 510 2934 160
527 2906 668 2931 caveam
686 2907 749 2932 ex-

868 1305 949 1349 ’ὖπὸ
982 1305 1025 1349 δὲ
1055 1302 1255 1360 μεγάθεος
1285 1308 1358 1358 τῆς
1400 1301 1469 1346 πό-

810 1368 917 1414 λιος,
949 1364 1002 1413 ὥς
1029 1364 1181 1418 λέγεται
1201 1379 1237 1403 κ.
1260 1378 1291 1402 τ.
1311 1365 1360 1409 λ.]
1400 1363 1471 1400 Est

810 1427 1010 1460 structurae
1042 1435 1181 1471 genus,
1223 1420 1334 1470 quale
1363 1419 1412 1456 ad
1438 1419 1468 1466 I,

810 1480 864 1521 58
875 1479 1071 1528 attigimus.
1092 1478 1123 1516 C
1131 1491 1159 1516 r.
1170 1478 1228 1514 hic
1237 1477 1341 1514 addit
1351 1475 1470 1514 Hein-

810 1537 904 1574 dorf.
925 1537 974 1573 ad
992 1535 1134 1572 Platon.
1148 1533 1310 1585 Sophist.
1324 1547 1361 1584 p.
1372 1532 1468 1574 436.

809 1593 870 1631 Ad
900 1596 1157 1642 argumentum
1185 1590 1286 1640 quod
1313 1594 1468 1641 spectat,

810 1649 934 1687 scribit
961 1648 1175 1686 Aristoteles
1202 1646 1309 1684 Polit.
1340 1646 1412 1694 Ill,
1443 1649 1471 1687 2

810 1718 897 1757 pag.
917 1705 1021 1753 341,
1041 1704 1074 1742 A
1103 1705 1192 1742 urbe
1221 1703 1294 1741 iam
1323 1703 1471 1740 tertium

813 1763 911 1800 diem
925 1766 1044 1812 capta,
1067 1761 1230 1798 nondum
1249 1759 1337 1797 illud
1354 1758 1472 1796 omni-

812 1820 880 1856 bus
937 1818 1062 1856 incolis
1121 1818 1308 1866 cognitum
1347 1816 1470 1854 fuisse.

814 1875 926 1920 Quod
951 1876 1006 1922 ei,
1034 1875 1096 1924 qui
1116 1875 1215 1911 urbis
1245 1872 1472 1921 magnitudi-

813 1945 896 1970 nem
910 1931 1133 1982 reputaverit
1148 1930 1240 1978 (vid.
1252 1930 1300 1966 ad
1313 1929 1341 1977 I,
1356 1932 1405 1970 17
1410 1929 1471 1976 8),

812 1989 912 2026 haud
937 1987 1178 2039 improbabile
1197 1986 1389 2024 videbitur.
1428 1984 1473 2022 In

812 2045 960 2095 reliquis
981 2058 1061 2082 cum
1088 2044 1283 2082 Herodoto
1316 2055 1473 2080 consen-

813 2103 858 2139 tit
876 2101 1110 2152 Xenophon,
1145 2099 1355 2150 Cyropaed.
1389 2098 1473 2146 Vll,

814 2158 840 2200 5
871 2157 910 2210 ᾖ.
943 2158 1017 2206 15,
1058 2158 1097 2194 in
1128 2171 1172 2196 eo
1198 2157 1304 2194 unice
1330 2156 1474 2193 dissen-

813 2216 930 2263 tiens,
959 2215 1061 2264 quod
1091 2227 1167 2252 non
1196 2215 1343 2251 fortuna
1372 2212 1473 2250 istud

814 2272 1012 2319 accidisse,
1051 2273 1118 2310 sed
1143 2271 1232 2319 Cyri
1261 2274 1340 2307 arte
1367 2269 1474 2307 dolo-

814 2342 889 2379 que
924 2333 1182 2380 praeparatum
1207 2330 1343 2364 narrat.
1391 2325 1474 2364 Nec

813 2387 1019 2435 refragatur
1052 2397 1156 2423 sacra
1182 2384 1371 2434 scriptura.
1410 2381 1473 2419 Tu

814 2443 910 2479 conf.
940 2442 1047 2480 Iesai.
1071 2441 1187 2489 XXI,
1219 2440 1244 2482 5
1276 2439 1364 2488 ibiq.
1396 2439 1475 2476 Ge-

817 2511 893 2536 sen.
930 2511 1018 2548 pag.
1040 2499 1145 2545 655,
1176 2497 1239 2547 qui
1266 2496 1375 2534 etiam
1392 2496 1473 2533 Da-

815 2555 899 2592 niel.
918 2555 966 2602 V,
992 2555 1017 2597 5
1049 2555 1146 2592 citat.
1205 2553 1473 2602 WVesselingius

814 2615 1008 2662 praeterea
1027 2612 1097 2649 huc
1120 2612 1232 2649 refert
1259 2609 1388 2647 ierem.
1408 2607 1474 2656 LI,

816 2671 883 2709 31.
921 2668 1073 2706 Festum
1089 2669 1207 2719 ipsum
1226 2665 1334 2716 quale
1348 2665 1472 2711 fuerit,

815 2725 885 2762 nisi
895 2726 1041 2762 omnino
1050 2727 1182 2763 festum
1195 2724 1343 2761 deorum
1355 2722 1474 2772 quod-

817 2783 903 2819 dam
922 2783 1054 2820 dixeris
1070 2811 1081 2830 ,
1110 2782 1168 2818 vix
1186 2780 1385 2817 accuratius
1408 2779 1474 2815 de-

815 2839 922 2877 finire
954 2839 1069 2877 liceat.
1128 2838 1267 2875 Confer
1292 2836 1472 2873 Miinter.:

818 2895 879 2934 die
891 2895 1013 2945 Relig.
1035 2896 1072 2933 d.
1089 2893 1272 2944 Babylon.
1289 2906 1327 2944 p.
1348 2892 1415 2933 67.
