1759 3324
560 237 986 278 EUTERPE.
1037 238 1083 276 11.

152 351 340 405 3τέρους
363 348 590 406 γενέσθαι,
638 347 712 392 καὶ
743 346 798 392 οὐ
827 347 989 393 πλέοσι.

122 524 282 577 ἡλικίην
300 523 585 574 τετρακοσίοισι
601 520 700 562 ἔτεσι
711 522 774 562 ‹50-

124 580 200 621 κὲω
237 595 308 629 μευ
346 577 636 631 πρεσβυτέρους
668 576 773 631 γενέ-

126 636 238 686 σθαι]
255 636 655 673 Herodotumnovimus
675 649 771 672 anno

124 693 206 735 484
226 706 257 730 a.
281 693 367 729 Chr.
388 695 500 730 fuisse
516 697 641 730 natum
662 693 713 740 (V.
726 691 770 729 A.

125 749 219 787 Gell.
255 749 379 786 Noett.
406 750 532 786 Attice.
563 749 653 796 XV,
677 751 769 796 23);

124 807 175 843 ita
195 809 234 842 ut
254 805 404 842 Homeri
436 811 474 843 et
494 805 649 843 Hesiodi
669 809 768 843 aetas

122 863 161 899 in
176 875 258 898 ann.
271 863 352 902 884
372 875 403 898 a.
425 862 511 899 Chr.
532 862 577 898 sit
593 862 772 898 collocan-

123 919 183 956 da.
242 918 353 961 Quod
391 931 478 955 vero
519 931 598 955 cum
643 930 772 968 parum

123 979 301 1023 congruat
324 974 388 1021 iis,
418 987 512 1023 quae
531 975 629 1023 apud
648 978 773 1011 aucto-

122 1043 200 1068 rem
231 1031 327 1068 vitae
355 1030 506 1067 Homer.
543 1029 579 1081 g.
601 1033 656 1072 38
684 1029 775 1080 legi-

121 1100 223 1134 mus,
270 1087 368 1124 unde
393 1087 575 1124 Homerus
609 1089 717 1128 1102
741 1100 774 1125 a.

124 1143 210 1181 Chr.
242 1143 373 1180 vixisse
405 1144 589 1193 putandus
626 1144 693 1190 sit,
729 1156 773 1180 eo

123 1200 207 1236 olim
233 1199 447 1236 inclinarunt
485 1200 550 1235 viri
578 1199 695 1246 docti,
734 1204 774 1236 ut

122 1256 333 1293 alterutrum
352 1255 467 1292 locum
501 1255 586 1291 vitio
607 1255 773 1293 laborare

119 1313 280 1360 indeque
291 1312 558 1349 emendandum
570 1316 771 1349 censerent.

120 1368 163 1406 In
183 1369 374 1405 Herodoto
394 1367 444 1403 nil
467 1371 607 1405 mutare
637 1368 771 1416 licebit,

121 1425 152 1462 si
173 1437 245 1474 qua
274 1424 436 1461 codicum
457 1424 675 1471 auctoritas,
704 1437 772 1462 nec

121 1481 344 1530 argumentis
360 1480 597 1531 pugnandum
620 1481 657 1517 in
678 1481 774 1517 eius-

121 1537 222 1575 modi
250 1550 290 1574 re
310 1566 321 1584 ,
367 1549 462 1586 quae
497 1540 552 1573 tot
587 1536 774 1586 tantisque

120 1592 392 1630 difficultatibus
428 1594 605 1644 premitur
640 1594 686 1630 ob
719 1593 774 1630 ni—

121 1650 230 1687 miam
265 1653 468 1699 temporum
504 1650 772 1686 obscuritatem.

120 1705 323 1742 Larcherus
349 1705 524 1743 Velleium
546 1705 774 1743 Paterculum

122 1762 153 1809 I,
173 1764 195 1802 1
222 1765 388 1808 secutus,
418 1762 581 1798 Homero
602 1762 772 1811 adsignat

122 1831 257 1856 annum
284 1819 388 1863 9683
427 1817 487 1854 alii
520 1817 650 1864 alium3
678 1830 772 1867 quae

121 1874 180 1912 hic
190 1874 391 1924 disceptare
401 1887 475 1910 non
484 1874 624 1921 attinet,
634 1887 713 1911 cum
724 1874 773 1910 ad

120 1930 273 1968 Homeri
291 1931 411 1980 potius
434 1930 633 1977 historiam,
664 1943 772 1979 quam

122 1988 171 2024 ad
188 1986 392 2024 Herodotei
416 1986 484 2023 loci
502 1987 774 2037 interpretatio-

121 2056 205 2081 nem
235 2044 467 2093 pertineant,
495 2043 533 2079 in
568 2056 640 2092 quo
670 2055 770 2080 suam

120 2100 233 2150 ipsius
273 2100 320 2136 de
354 2099 517 2136 Homero
560 2099 771 2149 opinionem

118 2157 260 2207 profert
295 2155 468 2192 historiae
505 2159 630 2204 pater3
676 2168 771 2205 quae

121 2212 245 2263 opinio
272 2211 301 2248 si
328 2212 375 2248 de
399 2224 471 2248 uno
500 2211 665 2249 Homero
694 2225 769 2248 non

120 2268 263 2315 valeat,
301 2271 397 2305 certe
424 2268 471 2304 ad
504 2267 600 2305 illam
634 2267 770 2306 valebit

119 2328 294 2371 aetatem,
325 2336 434 2373 quam
455 2324 687 2361 Homericam
704 2337 770 2375 ap-

118 2380 257 2432 pellant
273 2380 441 2429 quidam,
459 2385 495 2418 et
512 2381 547 2417 in
570 2393 642 2430 qua
653 2382 771 2418 omni-

119 2450 170 2474 no
184 2449 314 2486 corpus
335 2436 434 2473 istud
451 2437 660 2484 carminum,
672 2437 772 2487 quod

120 2493 275 2530 Homeri
311 2505 401 2542 prae
434 2506 474 2530 se
513 2495 584 2531 fert
621 2506 769 2541 nomen,

119 2549 363 2599 compositum
410 2561 490 2586 esse
533 2551 770 2587 contendunt.

120 2605 327 2643 Hesiodum
346 2618 431 2642 vero
450 2609 559 2654 atque
571 2606 770 2644 Homerum

119 2662 308 2710 coniungit
351 2661 563 2698 Herodotus
591 2691 602 2709 ,
650 2663 712 2712 qui
743 2663 772 2700 si

119 2718 238 2755 minus
268 2717 439 2766 aequales
473 2719 624 2765 fuerint,
661 2722 771 2767 certe,

119 2786 216 2824 quae
231 2773 467 2824 plurimorum
496 2778 552 2811 est
578 2775 770 2823 sententia,

119 2843 196 2866 non
224 2830 330 2867 valde
365 2831 499 2867 distare
533 2834 705 2881 putentur
734 2835 771 2870 et

120 2887 168 2923 ad
188 2899 298 2923 unum
314 2888 392 2924 sere
409 2899 537 2925 aevum
557 2888 768 2925 referantur.

177 2940 387 2982 Hflnonor.
418 2942 447 2981 Ι.

1359 241 1445 280 609

1050 342 1175 393 οὗτοι
1214 345 1260 391 δέ
1290 347 1370 390 εἰσι
1399 348 1444 390 οἱ

841 523 918 560 Sed
933 523 1006 559 iam
1024 521 1206 560 Herodoti
1233 524 1354 559 aetate
1372 522 1495 568 fuisse,

841 579 902 628 qui
920 579 1028 616 hosce
1052 582 1183 629 poetas
1215 577 1263 614 ad
1290 576 1495 625 antiquiora

840 635 1027 673 retulerint
1072 639 1238 684 tempora
1253 663 1264 680 ,
1322 633 1494 682 colligere

838 692 925 729 mihi
950 704 1061 742 posse
1081 692 1208 727 videor
1222 703 1265 727 ex
1283 690 1399 727 verbis
1410 693 1494 739 post

838 749 1007 787 adiectis:
1037 745 1104 786 καὶ
1125 741 1174 786 ου’
1193 744 1340 785 πλέοσι.

897 854 1008 899 οὗτοι
1028 857 1069 899 δέ
1091 858 1166 898 εἶσι
1193 857 1235 897 οἱ
1255 853 1493 908 ποιήσαντες

839 917 1058 968 θεογονίην
1089 912 1279 965 “’Ἐλλἰ]σι]
1335 915 1492 952 Multum

842 974 1017 1011 sudarunt
1056 972 1123 1009 viri
1169 972 1267 1009 docti
1305 972 1342 1007 in
1381 972 1492 1008 verbo

841 1033 971 1069 ποιεῖν
996 1029 1223 1080 explicando.
1255 1028 1377 1071 Quum
1396 1027 1492 1065 enim

839 1087 1022 1124 Homerus
1039 1090 1149 1134 atque
1159 1084 1345 1122 Hesiodus
1367 1083 1403 1120 T
1404 1083 1492 1121 heo-

840 1144 971 1191 goniae
1008 1141 1159 1178 Graecis
1197 1145 1305 1178 antea
1342 1140 1492 1188 ignotae

839 1200 1045 1237 inventores
1074 1197 1220 1234 minime
1249 1196 1319 1233 dici
1338 1197 1491 1247 possint,

840 1256 977 1306 quippe
997 1260 1152 1302 utroque
1170 1257 1280 1303 poeta
1302 1265 1376 1288 non
1394 1264 1491 1289 nova

840 1316 878 1349 et
907 1324 928 1348 a
956 1324 996 1349 se
1023 1310 1179 1361 primum
1200 1309 1402 1357 excogitata
1430 1321 1491 1345 ca-

837 1371 966 1415 nente,
997 1367 1063 1404 sed
1089 1365 1236 1415 cognita
1266 1370 1301 1402 et
1324 1378 1346 1401 a
1376 1365 1492 1401 maio-

837 1424 934 1461 ribus
965 1427 1135 1473 accepta,
1163 1435 1206 1459 eo
1235 1422 1489 1469 confugerunt,

838 1484 880 1517 ut
903 1483 1033 1519 ποιεῖν
1051 1481 1250 1516 statuerent
1274 1478 1332 1514 hic
1351 1477 1492 1526 signifi-

838 1550 945 1574 care:
984 1536 1141 1573 versibus
1164 1534 1351 1571 describere
1382 1537 1491 1584 atque

839 1605 969 1630 ornare.
1011 1593 1133 1636 Quam
1155 1590 1491 1640 interpretationem

839 1662 861 1687 a
896 1648 1141 1697 VVesselingio
1168 1647 1372 1697 prolatam,
1403 1650 1439 1684 et
1467 1658 1491 1684 a

837 1705 1020 1743 Larchero
1043 1707 1228 1754 receptam
1255 1703 1306 1740 ita
1323 1701 1491 1753 probavit

837 1761 1154 1810 VVyttenbachius,
1194 1764 1258 1806 ut,
1295 1758 1357 1808 qui
1386 1758 1492 1796 aliter

838 1821 1051 1865 censerent,
1077 1829 1140 1854 eos
1159 1816 1263 1852 huius
1279 1828 1365 1852 usus
1382 1815 1491 1864 igno-

837 1874 981 1911 ratione
1002 1874 1039 1909 iu
1056 1885 1215 1911 errorem
1240 1872 1406 1908 inductos
1430 1883 1490 1908 es-

839 1943 879 1968 se
907 1931 1181 1980 pronuntiaret,
1221 1928 1341 1965 locum
1369 1927 1491 1978 ipsum·

839 1987 890 2023 sic
918 1985 1052 2024 Latine
1090 1985 1269 2030 reddens:
1300 1984 1377 2030 „ln‘
1409 1996 1491 2020 vero

838 2045 939 2090 sunt,
980 2042 1043 2092 qui
1079 2041 1217 2078 deorum
1251 2042 1490 2088 generationes

839 2100 986 2137 Graecis
1013 2100 1176 2135 -carmc'ne
1209 2095 1489 2147 prodiderunt.“

836 2156 921 2193 Vid.
946 2158 1021 2192 not.
1051 2155 1100 2191 ad
1130 2153 1273 2191 Platon.
1301 2152 1488 2190 Phaedon.

834 2225 921 2264 pag.
943 2213 1035 2253 129.
1093 2209 1203 2248 Unde
1223 2209 1405 2259 sequitur,
1422 2221 1490 2245 an-

834 2273 873 2307 te
890 2269 955 2305 hos
972 2270 1102 2319 poetas
1132 2267 1314 2304 neminem
1333 2266 1381 2303 de
1398 2265 1491 2302 deo-

834 2337 912 2361 rum
923 2323 1160 2373 generatione
1167 2322 1329 2360 versibus
1343 2322 1489 2368 dixisse,

834 2381 1035 2419 Homerum
1080 2393 1166 2418 vero
1212 2378 1490 2426 Hesiodumque

835 2439 972 2488 primos
992 2438 1125 2484 fuisse,
1144 2436 1227 2486 qui,
1240 2447 1335 2484 quae
1354 2435 1402 2471 de
1419 2434 1488 2470 diis

837 2507 1036 2543 eorumque
1082 2491 1376 2542 generationibus
1414 2494 1491 2527 tra-

837 2551 917 2587 dita
938 2550 1165 2596 invenerint,
1192 2548 1354 2585 versibus
1376 2558 1491 2597 expo-

839 2607 975 2644 suerint
991 2611 1102 2655 atque
1123 2604 1296 2641 ornarint.
1353 2602 1489 2641 Verum

837 2663 1020 2700 enimvero
1040 2661 1217 2699 eiusmodi
1232 2659 1414 2698 sententia
1426 2687 1437 2706 ,
1459 2659 1490 2696 si

835 2732 966 2756 nexum
989 2723 1026 2756 et
1045 2717 1220 2755 orationis
1248 2720 1284 2754 et
1302 2716 1414 2766 ipsius
1431 2727 1491 2752 ar-

836 2775 1000 2825 gumenti
1034 2774 1234 2812 accuratius
1265 2771 1489 2822 perpendas,

835 2832 895 2869 vix
939 2835 1184 2869 consentanea
1219 2828 1402 2866 videbitur
1432 2828 1489 2874 iis,

836 2901 931 2938 quae
964 2888 1129 2940 proxime
1161 2885 1408 2930 antecedunt,
1448 2888 1489 2919 ut

1157 2944 1214 2983 39
