1759 3324
524 258 946 299 EUTERPE.
998 259 1046 297 11.
1322 263 1407 304 529

151 371 284 426 διψῆν
312 384 358 412 τε
385 366 560 411 ὑδάτων
587 365 793 424 μάλιστα,
822 367 897 410 καὶ
923 366 976 410 τὰ
1006 365 1192 423 ἐγχώρια
1214 366 1406 425 ῥεύματα

25 440 91 488 25
147 449 435 506 μαραίνεσθαι
461 449 550 489 τῶν
578 449 799 502 ποταμῶν.
853 444 930 497 Ὡς
960 445 1006 489 δὲ
1035 445 1083 489 έν
1108 445 1259 490 πλέονι
1286 447 1402 506 λόγῳ

146 530 352 584 δηλῶσαι,
383 521 466 569 ὦδε
499 525 593 581 ἔχει.
655 523 824 578 διεξιών
862 528 938 582 τῆς
972 524 1139 583 Λιβύης
1174 524 1227 569 τὰ
1256 523 1348 571 ἄνω
1378 525 1405 571 ὅ

143 605 283 662 ἥλιος,
329 603 429 648 τάδε
470 604 632 647 ποιέει·
686 603 760 648 ἅτε
805 603 878 648 διά
916 603 1078 656 παντὸς
1124 608 1206 648 τοῦ
1239 604 1404 661 χρόνου

143 685 323 738 αἰθρίου
363 700 408 727 τε
450 682 598 735 ἐόντος
635 686 717 726 τοῦ
751 681 882 740 ἠέρος
919 686 1001 727 τοῦ
1035 681 1144 727 κατοὲ
1185 688 1321 728 ταῦτα
1349 684 1460 729 τά80

140 764 300 819 χωρία,
331 762 405 806 καὶ
435 760 628 819 ἀλεεινῆς
653 766 728 819 τῆς
755 760 898 819 χώρης
929 761 1103 819 ἐούσης,
1135 760 1218 807 οὐκ
1237 761 1402 807 ἐόντων

140 839 315 898 ἀνέμων
345 845 553 898 ψυχρῶν,
604 840 771 894 διεξιών
808 840 945 885 ποιέει
986 839 1085 885 οἷόν
1121 857 1201 898 περ
1239 843 1313 886 καὶ
1349 841 1400 886 τὸ

138 921 271 977 θέρος
300 921 408 965 ἔωθε
437 920 622 973 ποιέειν,
682 920 762 964 ἰών
788 919 852 964 ’τό
892 919 1026 976 μέσον
1065 924 1145 964 τοῦ
1185 919 1398 977 οὐρανοῦ.

109 1007 132 1042 Q
149 1000 169 1014 P!
326 1000 335 1013 ἱ
403 1000 414 1015 Ἰ
457 998 468 1014 2
505 999 517 1014 t·
627 999 634 1014 i
730 999 739 1014 ἱ
778 999 799 1014 P!
904 1017 913 1026 ·
963 999 976 1014 P
1048 998 1058 1012 Ι
1187 1000 1206 1014 -ἱ
1292 999 1303 1014 9

145 1005 257 1044 ελκει
285 1017 369 1056 γαρ
398 1016 449 1043 επ
498 1016 664 1044 εωυτον
692 1018 742 1044 το
770 1002 892 1054 υδωρ
956 1004 1138 1052 ελκυσας
1166 1001 1236 1052 ὁε,
1276 1015 1400 1045 απω-

135 1079 229 1124 θέει
263 1080 305 1131 ές
334 1078 386 1122 τοὶ
412 1078 503 1122 ἄνω
536 1081 692 1135 χωρία·
731 1076 1115 1135 ὑπολαμβάνοντες
1147 1078 1193 1123 δὲ
1223 1080 1266 1123 οἱ
1297 1078 1454 1124 &ive-85

137 1175 235 1213 μοι,
264 1158 336 1201 καὶ
367 1158 719 1211 διασκιδνάντες,
750 1157 954 1214 τήκουσι·
993 1159 1067 1202 καί
1103 1159 1186 1202 εἰσι
1216 1157 1399 1211 οἰκότως

138 1238 184 1280 οἱ
210 1235 293 1280 ἀπὸ
325 1237 482 1294 ταύτης
509 1241 586 1294 τῆς
615 1236 754 1293 χώρης
782 1237 1007 1290 πνέοντες,
1033 1236 1058 1280 ὅ
1078 1253 1123 1281 τε
1141 1235 1291 1290 νότος,
1318 1237 1393 1281 καὶ

106 1321 129 1357 3
154 1314 166 1329 P
219 1317 227 1331 Ι
334 1315 345 1329 5
383 1316 392 1330 1
642 1315 651 1329 ἱ
752 1320 770 1328 m
877 1316 887 1330 Ι
1046 1316 1057 1330 t·
1131 1315 1142 1329 Ι

143 1332 165 1359 ο
191 1320 284 1368 λιψ,
317 1333 489 1373 ανεμων
516 1320 682 1362 πολλου
710 1333 798 1360 των
826 1333 1003 1360 παντων
1032 1332 1280 1360 υετωτατοι.
1319 1317 1395 1360 δο-

133 1393 221 1438 κέει
251 1394 296 1438 δέ
325 1411 400 1451 μοι
430 1395 532 1439 οὐδὲ
561 1399 650 1439 πᾶν
676 1394 725 1439 τό
756 1395 880 1451 ὕδωρ
909 1394 957 1440 τὸ
979 1395 1171 1440 ἐπέτειον
1195 1394 1396 1440 ἑκάστοτε

135 1470 467 1529 ἀποπέμπεσθαι
495 1478 576 1518 τοῦ
608 1475 777 1519 Νείλου
808 1474 832 1519 ὁ
862 1474 1002 1531 ἥλιος,
1041 1472 1151 1518 ἀλλὰ
1180 1475 1253 1518 καὶ
1281 1472 1394 1518 ὑπο-

105 1553 358 1596 4λείπεσθαι
386 1554 487 1609 περὶ
515 1552 694 1598 ἑωυτόν.
722 1553 1031 1611 πρηϋνομένου
1061 1553 1108 1598 δὲ
1135 1556 1218 1597 τοῦ
1240 1556 1450 1609 χειμῶ-9ο

132 1647 234 1684 νος,
273 1629 498 1688 ἀπέρχεται
527 1631 550 1678 ὁ
579 1633 703 1690 ἥλιος
732 1633 774 1684 ές
803 1633 938 1689 μέσον
965 1632 1045 1677 τὸν
1069 1630 1265 1688 οὐρανὸν
1294 1629 1394 1675 ὀπί-

134 1720 160 1752 σ
208 1725 217 1736 .
306 1710 315 1725 ἱ
383 1711 392 1725 Ί
434 1712 446 1726 9
541 1715 558 1724 u
667 1710 688 1726 ,l
785 1710 796 1725 θ
865 1712 876 1728 Ι
981 1710 991 1726 5
1039 1710 1049 1726 ἱ
1130 1710 1140 1725 Ι
1281 1710 1302 1725 fl

162 1726 195 1752 ω
247 1726 321 1754 και
349 1728 397 1755 το
429 1716 631 1756 ενθευτεν
658 1714 743 1769 ηδη
773 1727 935 1768 ομοιως
964 1726 1049 1756 απο
1080 1727 1256 1755 παντων
1277 1715 1393 1754 ελκει

103 1793 353 1846 5ποταμῶν.
409 1790 514 1843 τέως
549 1790 596 1836 δὲ
629 1791 673 1837 οἱ
706 1790 810 1848 μὲν,
851 1788 1041 1848 ὀμβρίου
1078 1790 1241 1842 ὕδατος
1279 1800 1391 1846 συμ-

269 2010 303 2047 C
313 2023 335 2048 a
344 2023 382 2061 p.
411 2007 530 2048 XXV.

129 2088 455 2142 διεξιών-τάδε
474 2090 614 2145 ποιέει]
631 2088 726 2135 τάδε

72 2150 120 2188 ad
141 2150 328 2200 sequentia
357 2154 496 2201 spectat
528 2156 564 2189 et
590 2152 726 2202 repeti-

72 2209 130 2243 tur
146 2207 416 2256 quodammodo
429 2208 549 2244 verbis
569 2205 724 2256 διεξιών

72 2261 197 2302 ποιέει
217 2257 307 2302 οἷόν
326 2277 398 2314 περ
415 2278 449 2302 κ.
462 2278 492 2301 τ.
505 2266 551 2312 λ.,
570 2265 629 2301 ubi
642 2278 723 2302 cum

72 2322 220 2356 recentt.
238 2320 364 2370 scripsi
385 2319 487 2359 ἔωθε
498 2334 564 2370 pro
584 2317 720 2360 ἐώθεε.

73 2374 180 2411 Conf.
190 2374 319 2413 Matth.
333 2376 354 2413 l.
367 2375 390 2413 l.
405 2375 441 2427 ἓ.
459 2378 540 2418 630
550 2390 586 2427 Ρ.
602 2380 721 2419 1292.

72 2427 132 2466 Ad
149 2431 263 2480 ipsam
284 2433 500 2471 sententiam
519 2435 613 2471 conf.
629 2437 723 2473 nott.

73 2486 123 2522 ad
142 2485 188 2534 11,
207 2486 272 2528 24.

129 2565 293 2618 ἑλκύσας
318 2567 382 2620 δὲ,
412 2567 588 2614 ἀπωθέει
608 2571 648 2621 ἐς
672 2570 721 2614 ‘m'

73 2619 159 2663 ἅνω
196 2626 339 2679 χωρία]
378 2628 448 2667 Est
480 2629 570 2668 haee
605 2631 719 2668 nostri

74 2680 254 2731 scriptoris
276 2686 470 2723 sententia:
507 2699 639 2736 aquam
660 2692 718 2724 at-

73 2738 223 2774 tractam
250 2738 362 2778 solem
390 2744 487 2780 retro
531 2743 635 2792 quasi
668 2743 718 2781 ad

73 2789 155 2828 loca
173 2795 355 2844 superiora
382 2797 434 2845 (i.
451 2811 483 2836 e.
513 2800 631 2848 magis
653 2811 719 2837 au-

74 2847 222 2897 stralia)
243 2851 436 2901 repellere3
467 2867 577 2904 quam
599 2855 718 2905 ipsam

71 2907 201 2940 ventos
225 2907 453 2958 suscipientes
480 2915 518 2949 et
532 2911 720 2963 dissipan-

118 2958 325 3001 Hauonow.
354 2964 383 3003 Ι.

792 2013 848 2048 tes
875 2008 1113 2060 liquefacere;
1142 2009 1241 2046 unde
1264 2007 1448 2059 explican-

793 2067 899 2114 dum,
940 2079 1002 2103 cur
1030 2066 1128 2104 venti
1154 2065 1249 2102 illinc
1279 2066 1445 2102 efflantes

791 2123 930 2173 pluvias
943 2123 1098 2160 maxime
1113 2123 1241 2159 ferant.
1273 2120 1334 2157 Tu
1349 2121 1444 2158 conf.

791 2179 944 2216 Salmas.
965 2179 1013 2216 ad
1032 2178 1145 2216 Solin.
1165 2191 1201 2228 p.
1223 2179 1320 2224 303,
1342 2177 1386 2214 C.
1407 2176 1444 2214 D

791 2240 829 2273 et
874 2237 921 2273 de
968 2234 1187 2286 superlativo
1224 2227 1446 2280 ύετίότατος

789 2290 920 2329 Matth.
942 2292 964 2329 l.
985 2291 1007 2328 l.
1029 2304 1114 2342 pag.
1136 2290 1230 2332 256.

847 2345 945 2387 ἀλλά
964 2347 1031 2386 καὶ
1051 2345 1342 2386 ’ὑπολείπεσθαι
1352 2342 1445 2398 περὶ

789 2400 950 2455 ἑωυτόν]
980 2404 1162 2441 putabant
1184 2403 1300 2451 enim,
1328 2415 1443 2452 aquas

787 2462 881 2498 circa
902 2460 1013 2499 solem
1034 2460 1206 2509 relinqui,
1235 2460 1297 2509 qui
1315 2459 1386 2497 illis
1406 2461 1444 2496 et

787 2517 946 2556 aleretur
965 2521 1002 2555 et
1021 2517 1126 2566 quasi
1146 2519 1366 2566 pasceretur.
1386 2514 1443 2552 Ita

787 2578 885 2612 certe
898 2574 1042 2611 Stoicos
1062 2572 1272 2619 tradidisse,
1284 2575 1386 2622 patet
1397 2582 1442 2609 ex

786 2629 966 2667 Plutarch.
989 2629 1024 2666 II
1043 2643 1079 2680 p.
1102 2631 1197 2676 229,
1216 2626 1261 2664 A.
1278 2628 1310 2664 B
1327 2631 1364 2666 et
1377 2626 1443 2664 Ci-

786 2699 857 2724 cer.
879 2686 927 2723 de
946 2690 1020 2723 nat.
1042 2686 1159 2724 deorr.
1179 2683 1235 2731 11,
1261 2683 1324 2725 15.
1364 2683 1442 2721 Sed

785 2742 941 2793 explosit
959 2742 1053 2779 hanc
1074 2740 1289 2779 sententiam
1302 2738 1442 2776 Aristo-

783 2798 873 2837 teles
889 2797 1079 2837 Meteorol.
1096 2797 1144 2844 II,
1162 2800 1190 2839 2
1207 2809 1243 2847 p.
1255 2795 1350 2841 551,
1366 2794 1411 2832 E.

839 2853 934 2901 τέως
963 2852 1006 2894 δὲ
1028 2853 1069 2893 οἱ
1094 2850 1165 2904 μὲν
1189 2867 1224 2891 κ.
1244 2866 1276 2890 τ.
1299 2849 1356 2902 lh]
1384 2850 1440 2887 Ex

781 2909 965 2950 Herodoti
996 2909 1175 2949 sententia
1197 2908 1251 2945 sol
1270 2919 1338 2959 per
1362 2906 1440 2944 hie-
