<?xml version="1.0" encoding="UTF-8"?>
<!DOCTYPE html PUBLIC "-//W3C//DTD XHTML 1.0 Transitional//EN"
    "http://www.w3.org/TR/xhtml1/DTD/xhtml1-transitional.dtd">
<html xmlns="http://www.w3.org/1999/xhtml" xml:lang="en" lang="en">
 <head>
  <title>
</title>
<meta http-equiv="Content-Type" content="text/html;charset=utf-8" />
  <meta name='ocr-system' content='tesseract 3.04.00' />
  <meta name='ocr-capabilities' content='ocr_page ocr_carea ocr_par ocr_line ocrx_word'/>
</head>
<body>
  <div class='ocr_page' id='page_1' title='image "./musaeher01hero/musaeher01hero_0856.png"; bbox 0 0 1759 3324; ppageno 0'>
   <div class='ocr_carea' id='block_1_1' title="bbox 345 241 429 281">
    <p class='ocr_par' dir='ltr' id='par_1_1' title="bbox 345 241 429 281">
     <span class='ocr_line' id='line_1_1' title="bbox 345 241 429 281; baseline -0.012 0"><span class='ocrx_word' id='word_1_1' title='bbox 345 241 429 281; x_wconf 78' lang='lat'>832</span> 
     </span>
    </p>
   </div>
   <div class='ocr_carea' id='block_1_2' title="bbox 315 351 603 394">
    <p class='ocr_par' dir='ltr' id='par_1_2' title="bbox 315 351 603 394">
     <span class='ocr_line' id='line_1_2' title="bbox 315 351 603 394; baseline 0.003 -3"><span class='ocrx_word' id='word_1_2' title='bbox 315 357 337 391; x_wconf 89' lang='grc'><em>5</em></span> <span class='ocrx_word' id='word_1_3' title='bbox 349 351 603 394; x_wconf 81' lang='grc' dir='ltr'><em>παλαίστου.</em></span> 
     </span>
    </p>
   </div>
   <div class='ocr_carea' id='block_1_3' title="bbox 738 242 1217 281">
    <p class='ocr_par' dir='ltr' id='par_1_3' title="bbox 738 242 1217 281">
     <span class='ocr_line' id='line_1_3' title="bbox 738 242 1217 281; baseline 0 -2"><span class='ocrx_word' id='word_1_4' title='bbox 738 242 1217 281; x_wconf 86' lang='lat' dir='ltr'>HERODOTI</span> 
     </span>
    </p>
   </div>
   <div class='ocr_carea' id='block_1_4' title="bbox 668 349 1610 408">
    <p class='ocr_par' dir='ltr' id='par_1_4' title="bbox 668 349 1610 408">
     <span class='ocr_line' id='line_1_4' title="bbox 668 349 1610 408; baseline -0.001 -13"><span class='ocrx_word' id='word_1_5' title='bbox 668 351 728 395; x_wconf 90' lang='grc' dir='ltr'>Τὸ</span> <span class='ocrx_word' id='word_1_6' title='bbox 760 351 806 395; x_wconf 79' lang='grc' dir='ltr'>δὲ</span> <span class='ocrx_word' id='word_1_7' title='bbox 835 350 958 406; x_wconf 78' lang='grc' dir='ltr'><em>ὕδωρ</em></span> <span class='ocrx_word' id='word_1_8' title='bbox 997 351 1045 395; x_wconf 85' lang='grc' dir='ltr'>τὸ</span> <span class='ocrx_word' id='word_1_9' title='bbox 1078 351 1125 394; x_wconf 81' lang='grc' dir='ltr'>ἐν</span> <span class='ocrx_word' id='word_1_10' title='bbox 1154 356 1206 407; x_wconf 85' lang='grc' dir='ltr'>τῇ</span> <span class='ocrx_word' id='word_1_11' title='bbox 1235 353 1387 408; x_wconf 79' lang='grc' dir='ltr'><em>λίμνῃ,</em></span> <span class='ocrx_word' id='word_1_12' title='bbox 1429 349 1610 407; x_wconf 75' lang='grc' dir='ltr'><em>αὐθιγε-</em></span> 
     </span>
    </p>
   </div>
   <div class='ocr_carea' id='block_1_5' title="bbox 343 428 1608 486">
    <p class='ocr_par' dir='ltr' id='par_1_5' title="bbox 343 428 1608 486">
     <span class='ocr_line' id='line_1_5' title="bbox 343 428 1608 486; baseline 0.001 -14"><span class='ocrx_word' id='word_1_13' title='bbox 343 428 414 479; x_wconf 75' lang='grc' dir='ltr'>νὲς</span> <span class='ocrx_word' id='word_1_14' title='bbox 443 430 522 484; x_wconf 79' lang='grc' dir='ltr'>μὲν</span> <span class='ocrx_word' id='word_1_15' title='bbox 550 429 631 473; x_wconf 82' lang='grc' dir='ltr'>οὐκ</span> <span class='ocrx_word' id='word_1_16' title='bbox 661 430 769 474; x_wconf 72' lang='grc' dir='ltr'>ἔστι·</span> <span class='ocrx_word' id='word_1_17' title='bbox 802 430 994 485; x_wconf 78' lang='grc' dir='ltr'><em>ἄνυδρος</em></span> <span class='ocrx_word' id='word_1_18' title='bbox 1020 430 1104 486; x_wconf 76' lang='grc' dir='ltr'>γὰρ</span> <span class='ocrx_word' id='word_1_19' title='bbox 1137 431 1189 486; x_wconf 77' lang='grc' dir='ltr'>δή</span> <span class='ocrx_word' id='word_1_20' title='bbox 1223 432 1377 481; x_wconf 78' lang='grc' dir='ltr'><em>δεινῶς</em></span> <span class='ocrx_word' id='word_1_21' title='bbox 1397 429 1484 473; x_wconf 75' lang='grc' dir='ltr'><strong>ἐστὶ</strong></span> <span class='ocrx_word' id='word_1_22' title='bbox 1501 429 1608 474; x_wconf 79' lang='grc' dir='ltr'><em>ταύ-</em></span> 
     </span>
    </p>
   </div>
   <div class='ocr_carea' id='block_1_6' title="bbox 343 508 1665 566">
    <p class='ocr_par' dir='ltr' id='par_1_6' title="bbox 343 508 1665 566">
     <span class='ocr_line' id='line_1_6' title="bbox 343 508 1665 566; baseline -0.002 -14"><span class='ocrx_word' id='word_1_23' title='bbox 343 524 416 565; x_wconf 87' lang='grc' dir='ltr'>τῃ·</span> <span class='ocrx_word' id='word_1_24' title='bbox 466 509 512 552; x_wconf 79' lang='grc' dir='ltr'>ἐκ</span> <span class='ocrx_word' id='word_1_25' title='bbox 541 513 620 552; x_wconf 83' lang='grc' dir='ltr'>τοῦ</span> <span class='ocrx_word' id='word_1_26' title='bbox 651 511 815 552; x_wconf 81' lang='grc' dir='ltr'><strong><em>Νείλου</em></strong></span> <span class='ocrx_word' id='word_1_27' title='bbox 847 509 892 552; x_wconf 79' lang='grc' dir='ltr'>δὲ</span> <span class='ocrx_word' id='word_1_28' title='bbox 929 509 1038 552; x_wconf 74' lang='grc' dir='ltr'>κατὰ</span> <span class='ocrx_word' id='word_1_29' title='bbox 1078 508 1269 566; x_wconf 77' lang='grc' dir='ltr'><em>διώρυχα</em></span> <span class='ocrx_word' id='word_1_30' title='bbox 1299 509 1496 566; x_wconf 78' lang='grc' dir='ltr'><strong><em>ἐσῆκται,</em></strong></span> <span class='ocrx_word' id='word_1_31' title='bbox 1537 509 1665 552; x_wconf 80' lang='grc' dir='ltr'><em>καὶ65</em></span> 
     </span>
    </p>
   </div>
   <div class='ocr_carea' id='block_1_7' title="bbox 340 587 1607 645">
    <p class='ocr_par' dir='ltr' id='par_1_7' title="bbox 340 587 1607 645">
     <span class='ocr_line' id='line_1_7' title="bbox 340 587 1607 645; baseline 0.001 -15"><span class='ocrx_word' id='word_1_32' title='bbox 340 589 387 639; x_wconf 70' lang='grc' dir='ltr'>ἓξ</span> <span class='ocrx_word' id='word_1_33' title='bbox 416 588 494 643; x_wconf 76' lang='grc' dir='ltr'>μὲν</span> <span class='ocrx_word' id='word_1_34' title='bbox 524 593 663 644; x_wconf 84' lang='grc' dir='ltr'><em>μῆνας</em></span> <span class='ocrx_word' id='word_1_35' title='bbox 694 589 775 631; x_wconf 77' lang='grc' dir='ltr'>ἔσω</span> <span class='ocrx_word' id='word_1_36' title='bbox 807 589 894 642; x_wconf 82' lang='grc' dir='ltr'><strong><em>ῥέει</em></strong></span> <span class='ocrx_word' id='word_1_37' title='bbox 924 587 966 638; x_wconf 78' lang='grc' dir='ltr'>ἐς</span> <span class='ocrx_word' id='word_1_38' title='bbox 994 587 1075 644; x_wconf 78' lang='grc' dir='ltr'>τήν</span> <span class='ocrx_word' id='word_1_39' title='bbox 1105 590 1282 645; x_wconf 84' lang='grc' dir='ltr'><em>λίμνην,</em></span> <span class='ocrx_word' id='word_1_40' title='bbox 1313 590 1358 641; x_wconf 70' lang='grc' dir='ltr'>ἒξ</span> <span class='ocrx_word' id='word_1_41' title='bbox 1389 588 1435 632; x_wconf 79' lang='grc' dir='ltr'>δὲ</span> <span class='ocrx_word' id='word_1_42' title='bbox 1465 592 1607 644; x_wconf 77' lang='grc' dir='ltr'><em>μῆνας</em></span> 
     </span>
    </p>
   </div>
   <div class='ocr_carea' id='block_1_8' title="bbox 316 661 1608 723">
    <p class='ocr_par' dir='ltr' id='par_1_8' title="bbox 316 661 1608 723">
     <span class='ocr_line' id='line_1_8' title="bbox 316 661 1608 723; baseline 0.001 -15"><span class='ocrx_word' id='word_1_43' title='bbox 316 667 426 718; x_wconf 73' lang='grc' dir='ltr'><em>δὲ’ξω</em></span> <span class='ocrx_word' id='word_1_44' title='bbox 459 667 501 717; x_wconf 80' lang='grc' dir='ltr'>ἐς</span> <span class='ocrx_word' id='word_1_45' title='bbox 530 667 606 710; x_wconf 84' lang='grc' dir='ltr'>τὸν</span> <span class='ocrx_word' id='word_1_46' title='bbox 633 670 794 710; x_wconf 82' lang='grc' dir='ltr'><em>Νεῖλον</em></span> <span class='ocrx_word' id='word_1_47' title='bbox 824 661 957 717; x_wconf 79' lang='grc' dir='ltr'><strong>αὖτις.</strong></span> <span class='ocrx_word' id='word_1_48' title='bbox 989 667 1063 709; x_wconf 87' lang='grc' dir='ltr'>καὶ</span> <span class='ocrx_word' id='word_1_49' title='bbox 1093 667 1222 710; x_wconf 79' lang='grc' dir='ltr'><em>ἐπεὰν</em></span> <span class='ocrx_word' id='word_1_50' title='bbox 1251 667 1330 723; x_wconf 80' lang='grc' dir='ltr'>μὲν</span> <span class='ocrx_word' id='word_1_51' title='bbox 1359 667 1484 723; x_wconf 81' lang='grc' dir='ltr'><em>ἐκρέῃ</em></span> <span class='ocrx_word' id='word_1_52' title='bbox 1516 667 1608 718; x_wconf 76' lang='grc' dir='ltr'>ἔξω,</span> 
     </span>
    </p>
   </div>
   <div class='ocr_carea' id='block_1_9' title="bbox 343 744 1608 802">
    <p class='ocr_par' dir='ltr' id='par_1_9' title="bbox 343 744 1608 802">
     <span class='ocr_line' id='line_1_9' title="bbox 343 744 1608 802; baseline 0 -14"><span class='ocrx_word' id='word_1_53' title='bbox 343 744 370 800; x_wconf 84' lang='grc' dir='ltr'><em>ἡ</em></span> <span class='ocrx_word' id='word_1_54' title='bbox 402 746 447 788; x_wconf 82' lang='grc' dir='ltr'>δὲ</span> <span class='ocrx_word' id='word_1_55' title='bbox 476 744 571 788; x_wconf 81' lang='grc' dir='ltr'><em>τότε</em></span> <span class='ocrx_word' id='word_1_56' title='bbox 609 745 712 796; x_wconf 81' lang='grc' dir='ltr'>τούς</span> <span class='ocrx_word' id='word_1_57' title='bbox 739 747 784 797; x_wconf 68' lang='grc' dir='ltr'>ἓξ</span> <span class='ocrx_word' id='word_1_58' title='bbox 813 749 955 800; x_wconf 80' lang='grc' dir='ltr'><em>μῆνας</em></span> <span class='ocrx_word' id='word_1_59' title='bbox 984 744 1027 795; x_wconf 82' lang='grc' dir='ltr'>ἐς</span> <span class='ocrx_word' id='word_1_60' title='bbox 1056 745 1104 788; x_wconf 87' lang='grc' dir='ltr'>τὸ</span> <span class='ocrx_word' id='word_1_61' title='bbox 1134 745 1364 802; x_wconf 83' lang='grc' dir='ltr'><em>βασιλήϊον</em></span> <span class='ocrx_word' id='word_1_62' title='bbox 1391 744 1608 802; x_wconf 78' lang='grc' dir='ltr'><em>καταβάλ-</em></span> 
     </span>
    </p>
   </div>
   <div class='ocr_carea' id='block_1_10' title="bbox 342 822 1607 881">
    <p class='ocr_par' dir='ltr' id='par_1_10' title="bbox 342 822 1607 881">
     <span class='ocr_line' id='line_1_10' title="bbox 342 822 1607 881; baseline 0.002 -15"><span class='ocrx_word' id='word_1_63' title='bbox 342 828 404 866; x_wconf 81' lang='grc' dir='ltr'>λει</span> <span class='ocrx_word' id='word_1_64' title='bbox 435 823 505 866; x_wconf 78' lang='grc' dir='ltr'>ἐπ’</span> <span class='ocrx_word' id='word_1_65' title='bbox 536 824 700 881; x_wconf 79' lang='grc' dir='ltr'><em>ἡμέρην</em></span> <span class='ocrx_word' id='word_1_66' title='bbox 731 822 915 879; x_wconf 79' lang='grc' dir='ltr'><em>ἑκάστην</em></span> <span class='ocrx_word' id='word_1_67' title='bbox 954 822 1167 868; x_wconf 76' lang='grc' dir='ltr'><em>τάλαντον</em></span> <span class='ocrx_word' id='word_1_68' title='bbox 1197 823 1414 880; x_wconf 72' lang='grc' dir='ltr'><em>ἀργυρίου</em></span> <span class='ocrx_word' id='word_1_69' title='bbox 1444 824 1492 868; x_wconf 79' lang='grc' dir='ltr'>ἐκ</span> <span class='ocrx_word' id='word_1_70' title='bbox 1521 828 1607 868; x_wconf 81' lang='grc' dir='ltr'>τῶν</span> 
     </span>
    </p>
   </div>
   <div class='ocr_carea' id='block_1_11' title="bbox 289 944 563 951">
    <p class='ocr_par' dir='ltr' id='par_1_11' title="bbox 289 944 563 951">
     <span class='ocr_line' id='line_1_11' title="bbox 289 944 563 951; baseline 0 0"><span class='ocrx_word' id='word_1_71' title='bbox 289 944 563 951; x_wconf 95' lang='lat' dir='ltr'> </span> 
     </span>
    </p>
   </div>
   <div class='ocr_carea' id='block_1_12' title="bbox 285 1025 943 1361">
    <p class='ocr_par' dir='ltr' id='par_1_12' title="bbox 285 1025 943 1361">
     <span class='ocr_line' id='line_1_12' title="bbox 344 1025 940 1083; baseline 0 -15"><span class='ocrx_word' id='word_1_72' title='bbox 344 1025 556 1082; x_wconf 74' lang='grc' dir='ltr'><em>αὐθιγενὲς</em></span> <span class='ocrx_word' id='word_1_73' title='bbox 571 1028 642 1082; x_wconf 75' lang='grc' dir='ltr'>μὲν</span> <span class='ocrx_word' id='word_1_74' title='bbox 662 1026 737 1069; x_wconf 75' lang='lat' dir='ltr'>ov&#39;n</span> <span class='ocrx_word' id='word_1_75' title='bbox 758 1028 850 1083; x_wconf 72' lang='grc' dir='ltr'><strong><em>ἔστι]</em></strong></span> <span class='ocrx_word' id='word_1_76' title='bbox 869 1032 891 1069; x_wconf 90' lang='lat' dir='ltr'>i.</span> <span class='ocrx_word' id='word_1_77' title='bbox 908 1045 940 1070; x_wconf 92' lang='lat' dir='ltr'>e.</span> 
     </span>
     <span class='ocr_line' id='line_1_13' title="bbox 285 1087 942 1137; baseline 0.005 -14"><span class='ocrx_word' id='word_1_78' title='bbox 285 1087 438 1124; x_wconf 77' lang='lat' dir='ltr'><em>indidem</em></span> <span class='ocrx_word' id='word_1_79' title='bbox 476 1091 606 1135; x_wconf 75' lang='lat' dir='ltr'>natus,</span> <span class='ocrx_word' id='word_1_80' title='bbox 647 1100 689 1124; x_wconf 75' lang='lat' dir='ltr'>ex</span> <span class='ocrx_word' id='word_1_81' title='bbox 729 1090 806 1137; x_wconf 79' lang='lat' dir='ltr'>ipsa</span> <span class='ocrx_word' id='word_1_82' title='bbox 848 1093 942 1126; x_wconf 78' lang='lat' dir='ltr'>terra</span> 
     </span>
     <span class='ocr_line' id='line_1_14' title="bbox 288 1144 943 1194; baseline 0.003 -14"><span class='ocrx_word' id='word_1_83' title='bbox 288 1147 393 1194; x_wconf 76' lang='lat' dir='ltr'>quasi</span> <span class='ocrx_word' id='word_1_84' title='bbox 411 1148 514 1181; x_wconf 81' lang='lat' dir='ltr'>ortus.</span> <span class='ocrx_word' id='word_1_85' title='bbox 576 1145 682 1182; x_wconf 88' lang='lat' dir='ltr'>Conf.</span> <span class='ocrx_word' id='word_1_86' title='bbox 707 1144 848 1182; x_wconf 86' lang='lat' dir='ltr'><strong>Herod.</strong></span> <span class='ocrx_word' id='word_1_87' title='bbox 879 1145 943 1193; x_wconf 90' lang='lat' dir='ltr'>IV,</span> 
     </span>
     <span class='ocr_line' id='line_1_15' title="bbox 290 1200 943 1251; baseline 0.005 -15"><span class='ocrx_word' id='word_1_88' title='bbox 290 1203 369 1241; x_wconf 87' lang='lat'>180</span> <span class='ocrx_word' id='word_1_89' title='bbox 401 1200 480 1237; x_wconf 90' lang='lat' dir='ltr'>coll.</span> <span class='ocrx_word' id='word_1_90' title='bbox 502 1200 568 1241; x_wconf 81' lang='lat'>48.</span> <span class='ocrx_word' id='word_1_91' title='bbox 626 1201 730 1238; x_wconf 90' lang='lat' dir='ltr'>Haec</span> <span class='ocrx_word' id='word_1_92' title='bbox 771 1206 807 1238; x_wconf 86' lang='lat' dir='ltr'>et</span> <span class='ocrx_word' id='word_1_93' title='bbox 847 1215 943 1251; x_wconf 90' lang='lat' dir='ltr'>quae</span> 
     </span>
     <span class='ocr_line' id='line_1_16' title="bbox 288 1257 942 1308; baseline 0 -14"><span class='ocrx_word' id='word_1_94' title='bbox 288 1257 461 1295; x_wconf 84' lang='lat' dir='ltr'>continuo</span> <span class='ocrx_word' id='word_1_95' title='bbox 484 1258 702 1294; x_wconf 85' lang='lat' dir='ltr'>adiiciuntur</span> <span class='ocrx_word' id='word_1_96' title='bbox 720 1258 766 1295; x_wconf 90' lang='lat' dir='ltr'>de</span> <span class='ocrx_word' id='word_1_97' title='bbox 782 1260 942 1308; x_wconf 75' lang='lat' dir='ltr'>regionis</span> 
     </span>
     <span class='ocr_line' id='line_1_17' title="bbox 287 1314 941 1361; baseline 0.005 -11"><span class='ocrx_word' id='word_1_98' title='bbox 287 1314 466 1361; x_wconf 83' lang='lat' dir='ltr'>siccitate,</span> <span class='ocrx_word' id='word_1_99' title='bbox 495 1314 685 1351; x_wconf 84' lang='lat' dir='ltr'>verissima</span> <span class='ocrx_word' id='word_1_100' title='bbox 711 1314 864 1352; x_wconf 83' lang='lat' dir='ltr'>inveniri</span> <span class='ocrx_word' id='word_1_101' title='bbox 888 1319 941 1353; x_wconf 92' lang='lat' dir='ltr'>te-</span> 
     </span>
    </p>
   </div>
   <div class='ocr_carea' id='block_1_13' title="bbox 287 1370 867 1421">
    <p class='ocr_par' dir='ltr' id='par_1_13' title="bbox 287 1370 867 1421">
     <span class='ocr_line' id='line_1_18' title="bbox 287 1370 867 1421; baseline 0.003 -14"><span class='ocrx_word' id='word_1_102' title='bbox 287 1374 403 1407; x_wconf 86' lang='lat' dir='ltr'>statur</span> <span class='ocrx_word' id='word_1_103' title='bbox 422 1370 579 1408; x_wconf 88' lang='lat' dir='ltr'>Iomard.</span> <span class='ocrx_word' id='word_1_104' title='bbox 603 1370 625 1407; x_wconf 89' lang='lat' dir='ltr'>l.</span> <span class='ocrx_word' id='word_1_105' title='bbox 645 1370 666 1407; x_wconf 87' lang='lat' dir='ltr'>l.</span> <span class='ocrx_word' id='word_1_106' title='bbox 690 1383 777 1421; x_wconf 86' lang='lat' dir='ltr'>pag.</span> <span class='ocrx_word' id='word_1_107' title='bbox 801 1374 867 1413; x_wconf 87' lang='grc'>99.</span> 
     </span>
    </p>
   </div>
   <div class='ocr_carea' id='block_1_14' title="bbox 286 1478 946 2939">
    <p class='ocr_par' dir='ltr' id='par_1_14' title="bbox 286 1478 946 2939">
     <span class='ocr_line' id='line_1_19' title="bbox 343 1478 946 1535; baseline 0 -15"><span class='ocrx_word' id='word_1_108' title='bbox 343 1480 444 1521; x_wconf 62' lang='lat' dir='ltr'>nats}</span> <span class='ocrx_word' id='word_1_109' title='bbox 465 1478 642 1535; x_wconf 73' lang='grc' dir='ltr'><em>διώρυχα</em></span> <span class='ocrx_word' id='word_1_110' title='bbox 663 1481 842 1535; x_wconf 77' lang='grc' dir='ltr'><strong><em>ἐσῆκται]</em></strong></span> <span class='ocrx_word' id='word_1_111' title='bbox 871 1483 946 1521; x_wconf 82' lang='lat' dir='ltr'>Iste</span> 
     </span>
     <span class='ocr_line' id='line_1_20' title="bbox 287 1540 944 1590; baseline 0 -13"><span class='ocrx_word' id='word_1_112' title='bbox 287 1540 442 1586; x_wconf 87' lang='lat' dir='ltr'>canalis,</span> <span class='ocrx_word' id='word_1_113' title='bbox 474 1542 535 1589; x_wconf 91' lang='lat' dir='ltr'>qui</span> <span class='ocrx_word' id='word_1_114' title='bbox 556 1540 751 1590; x_wconf 86' lang='lat' dir='ltr'>praecipue</span> <span class='ocrx_word' id='word_1_115' title='bbox 771 1541 944 1577; x_wconf 88' lang='lat' dir='ltr'>ambitum</span> 
     </span>
     <span class='ocr_line' id='line_1_21' title="bbox 286 1596 943 1644; baseline -0.002 -10"><span class='ocrx_word' id='word_1_116' title='bbox 286 1596 384 1634; x_wconf 89' lang='lat' dir='ltr'>lacus</span> <span class='ocrx_word' id='word_1_117' title='bbox 413 1597 557 1633; x_wconf 82' lang='lat' dir='ltr'>auxisse</span> <span class='ocrx_word' id='word_1_118' title='bbox 591 1597 758 1644; x_wconf 75' lang='lat' dir='ltr'>videtur,</span> <span class='ocrx_word' id='word_1_119' title='bbox 809 1610 829 1634; x_wconf 92' lang='lat' dir='ltr'>e</span> <span class='ocrx_word' id='word_1_120' title='bbox 856 1596 943 1634; x_wconf 84' lang='lat' dir='ltr'>Nilo</span> 
     </span>
     <span class='ocr_line' id='line_1_22' title="bbox 288 1652 943 1703; baseline -0.002 -13"><span class='ocrx_word' id='word_1_121' title='bbox 288 1654 467 1690; x_wconf 85' lang='lat' dir='ltr'>deductus</span> <span class='ocrx_word' id='word_1_122' title='bbox 489 1658 566 1690; x_wconf 88' lang='lat' dir='ltr'>erat</span> <span class='ocrx_word' id='word_1_123' title='bbox 584 1654 620 1689; x_wconf 92' lang='lat' dir='ltr'>in</span> <span class='ocrx_word' id='word_1_124' title='bbox 640 1652 756 1690; x_wconf 89' lang='lat' dir='ltr'>lacum</span> <span class='ocrx_word' id='word_1_125' title='bbox 776 1666 843 1703; x_wconf 90' lang='lat' dir='ltr'>per</span> <span class='ocrx_word' id='word_1_126' title='bbox 862 1654 943 1690; x_wconf 88' lang='lat' dir='ltr'>fau-</span> 
     </span>
     <span class='ocr_line' id='line_1_23' title="bbox 288 1709 942 1755; baseline -0.002 -8"><span class='ocrx_word' id='word_1_127' title='bbox 288 1723 347 1747; x_wconf 90' lang='lat' dir='ltr'>ces</span> <span class='ocrx_word' id='word_1_128' title='bbox 377 1712 450 1748; x_wconf 83' lang='grc' dir='ltr'>τοῦ</span> <span class='ocrx_word' id='word_1_129' title='bbox 477 1709 529 1746; x_wconf 77' lang='lat' dir='ltr'>Ec</span> <span class='ocrx_word' id='word_1_130' title='bbox 561 1709 733 1755; x_wconf 74' lang='lat' dir='ltr'>Lctlzozm,</span> <span class='ocrx_word' id='word_1_131' title='bbox 770 1710 822 1746; x_wconf 91' lang='lat' dir='ltr'>uti</span> <span class='ocrx_word' id='word_1_132' title='bbox 846 1723 942 1746; x_wconf 87' lang='lat' dir='ltr'>nunc</span> 
     </span>
     <span class='ocr_line' id='line_1_24' title="bbox 286 1766 942 1813; baseline 0.002 -11"><span class='ocrx_word' id='word_1_133' title='bbox 286 1770 438 1813; x_wconf 82' lang='lat' dir='ltr'>vocant,</span> <span class='ocrx_word' id='word_1_134' title='bbox 467 1767 528 1802; x_wconf 92' lang='lat' dir='ltr'>ubi</span> <span class='ocrx_word' id='word_1_135' title='bbox 549 1766 666 1802; x_wconf 89' lang='lat' dir='ltr'>adhuc</span> <span class='ocrx_word' id='word_1_136' title='bbox 685 1766 862 1803; x_wconf 78' lang='lat' dir='ltr'>invenitur</span> <span class='ocrx_word' id='word_1_137' title='bbox 881 1779 942 1803; x_wconf 87' lang='lat' dir='ltr'>ca-</span> 
     </span>
     <span class='ocr_line' id='line_1_25' title="bbox 287 1821 942 1871; baseline 0.002 -13"><span class='ocrx_word' id='word_1_138' title='bbox 287 1822 376 1860; x_wconf 87' lang='lat' dir='ltr'>nalis</span> <span class='ocrx_word' id='word_1_139' title='bbox 401 1822 504 1859; x_wconf 78' lang='lat' dir='ltr'>Bahr</span> <span class='ocrx_word' id='word_1_140' title='bbox 532 1821 699 1871; x_wconf 79' lang='lat' dir='ltr'>Iouseph,</span> <span class='ocrx_word' id='word_1_141' title='bbox 737 1823 855 1859; x_wconf 86' lang='lat' dir='ltr'>minor</span> <span class='ocrx_word' id='word_1_142' title='bbox 883 1822 942 1860; x_wconf 92' lang='lat' dir='ltr'>ille</span> 
     </span>
     <span class='ocr_line' id='line_1_26' title="bbox 287 1879 942 1928; baseline 0 -13"><span class='ocrx_word' id='word_1_143' title='bbox 287 1879 436 1928; x_wconf 82' lang='lat' dir='ltr'>quidem</span> <span class='ocrx_word' id='word_1_144' title='bbox 457 1884 493 1916; x_wconf 90' lang='lat' dir='ltr'>et</span> <span class='ocrx_word' id='word_1_145' title='bbox 503 1879 693 1916; x_wconf 88' lang='lat' dir='ltr'>recentiori</span> <span class='ocrx_word' id='word_1_146' title='bbox 716 1884 835 1916; x_wconf 86' lang='lat' dir='ltr'>aetate</span> <span class='ocrx_word' id='word_1_147' title='bbox 855 1892 942 1916; x_wconf 89' lang='lat' dir='ltr'>con-</span> 
     </span>
     <span class='ocr_line' id='line_1_27' title="bbox 286 1935 941 1985; baseline -0.002 -13"><span class='ocrx_word' id='word_1_148' title='bbox 286 1936 416 1972; x_wconf 87' lang='lat' dir='ltr'>fectus.</span> <span class='ocrx_word' id='word_1_149' title='bbox 455 1936 538 1972; x_wconf 70' lang='lat' dir='ltr'>Vid.</span> <span class='ocrx_word' id='word_1_150' title='bbox 560 1935 718 1972; x_wconf 89' lang='lat' dir='ltr'>Iomard.</span> <span class='ocrx_word' id='word_1_151' title='bbox 739 1935 762 1972; x_wconf 94' lang='lat' dir='ltr'>l.</span> <span class='ocrx_word' id='word_1_152' title='bbox 784 1935 808 1972; x_wconf 89' lang='lat' dir='ltr'>l.</span> <span class='ocrx_word' id='word_1_153' title='bbox 830 1949 865 1985; x_wconf 90' lang='lat' dir='ltr'>p.</span> <span class='ocrx_word' id='word_1_154' title='bbox 888 1937 941 1976; x_wconf 89' lang='lat'>80</span> 
     </span>
     <span class='ocr_line' id='line_1_28' title="bbox 288 1991 940 2041; baseline -0.002 -13"><span class='ocrx_word' id='word_1_155' title='bbox 288 2005 365 2041; x_wconf 89' lang='lat' dir='ltr'>seq.</span> <span class='ocrx_word' id='word_1_156' title='bbox 390 1995 468 2032; x_wconf 88' lang='lat'>100</span> <span class='ocrx_word' id='word_1_157' title='bbox 491 2004 568 2041; x_wconf 89' lang='lat' dir='ltr'>seq.</span> <span class='ocrx_word' id='word_1_158' title='bbox 602 1996 638 2029; x_wconf 92' lang='lat' dir='ltr'>et</span> <span class='ocrx_word' id='word_1_159' title='bbox 664 1991 794 2029; x_wconf 88' lang='lat' dir='ltr'>Ritter.</span> <span class='ocrx_word' id='word_1_160' title='bbox 824 1992 845 2028; x_wconf 89' lang='lat' dir='ltr'>l.</span> <span class='ocrx_word' id='word_1_161' title='bbox 871 1991 895 2027; x_wconf 92' lang='lat' dir='ltr'>l.</span> <span class='ocrx_word' id='word_1_162' title='bbox 923 1991 940 2027; x_wconf 95' lang='lat' dir='ltr'>I</span> 
     </span>
     <span class='ocr_line' id='line_1_29' title="bbox 287 2048 940 2098; baseline -0.002 -14"><span class='ocrx_word' id='word_1_163' title='bbox 287 2061 371 2098; x_wconf 89' lang='lat' dir='ltr'>pag.</span> <span class='ocrx_word' id='word_1_164' title='bbox 402 2050 482 2088; x_wconf 85' lang='lat'>807</span> <span class='ocrx_word' id='word_1_165' title='bbox 501 2077 512 2096; x_wconf 91' lang='lat'>,</span> <span class='ocrx_word' id='word_1_166' title='bbox 562 2048 624 2097; x_wconf 85' lang='lat' dir='ltr'>qui</span> <span class='ocrx_word' id='word_1_167' title='bbox 649 2048 718 2085; x_wconf 89' lang='lat' dir='ltr'>hoc</span> <span class='ocrx_word' id='word_1_168' title='bbox 748 2053 940 2097; x_wconf 83' lang='lat' dir='ltr'>praeterea</span> 
     </span>
     <span class='ocr_line' id='line_1_30' title="bbox 288 2104 940 2154; baseline -0.002 -14"><span class='ocrx_word' id='word_1_169' title='bbox 288 2104 409 2141; x_wconf 84' lang='lat' dir='ltr'>addit:</span> <span class='ocrx_word' id='word_1_170' title='bbox 449 2117 515 2154; x_wconf 89' lang='lat' dir='ltr'>per</span> <span class='ocrx_word' id='word_1_171' title='bbox 538 2104 632 2140; x_wconf 92' lang='lat' dir='ltr'>hunc</span> <span class='ocrx_word' id='word_1_172' title='bbox 654 2104 837 2152; x_wconf 84' lang='lat' dir='ltr'>canalem,</span> <span class='ocrx_word' id='word_1_173' title='bbox 867 2116 940 2153; x_wconf 85' lang='lat' dir='ltr'>quo</span> 
     </span>
     <span class='ocr_line' id='line_1_31' title="bbox 288 2159 940 2208; baseline -0.002 -11"><span class='ocrx_word' id='word_1_174' title='bbox 288 2173 385 2208; x_wconf 86' lang='lat' dir='ltr'>aqua</span> <span class='ocrx_word' id='word_1_175' title='bbox 401 2173 445 2196; x_wconf 87' lang='lat' dir='ltr'>ex</span> <span class='ocrx_word' id='word_1_176' title='bbox 465 2160 551 2196; x_wconf 73' lang='lat' dir='ltr'>Nilo</span> <span class='ocrx_word' id='word_1_177' title='bbox 572 2161 608 2195; x_wconf 91' lang='lat' dir='ltr'>in</span> <span class='ocrx_word' id='word_1_178' title='bbox 628 2159 804 2197; x_wconf 87' lang='lat' dir='ltr'>Moeridis</span> <span class='ocrx_word' id='word_1_179' title='bbox 824 2160 940 2197; x_wconf 88' lang='lat' dir='ltr'>lacum</span> 
     </span>
     <span class='ocr_line' id='line_1_32' title="bbox 288 2216 940 2266; baseline 0 -14"><span class='ocrx_word' id='word_1_180' title='bbox 288 2216 554 2262; x_wconf 83' lang='lat' dir='ltr'>deducebatur,</span> <span class='ocrx_word' id='word_1_181' title='bbox 590 2216 736 2253; x_wconf 89' lang='lat' dir='ltr'>minime</span> <span class='ocrx_word' id='word_1_182' title='bbox 759 2216 940 2266; x_wconf 85' lang='lat' dir='ltr'>relapsam</span> 
     </span>
     <span class='ocr_line' id='line_1_33' title="bbox 287 2271 941 2320; baseline 0 -13"><span class='ocrx_word' id='word_1_183' title='bbox 287 2272 400 2308; x_wconf 88' lang='lat' dir='ltr'>fuisse</span> <span class='ocrx_word' id='word_1_184' title='bbox 440 2271 685 2308; x_wconf 82' lang='lat' dir='ltr'>abundantem</span> <span class='ocrx_word' id='word_1_185' title='bbox 728 2284 859 2320; x_wconf 90' lang='lat' dir='ltr'>aquam</span> <span class='ocrx_word' id='word_1_186' title='bbox 897 2283 941 2308; x_wconf 82' lang='lat' dir='ltr'>ex</span> 
     </span>
     <span class='ocr_line' id='line_1_34' title="bbox 290 2326 940 2371; baseline -0.002 -7"><span class='ocrx_word' id='word_1_187' title='bbox 290 2328 370 2364; x_wconf 86' lang='lat' dir='ltr'>lacu</span> <span class='ocrx_word' id='word_1_188' title='bbox 392 2328 430 2363; x_wconf 83' lang='lat' dir='ltr'>iu</span> <span class='ocrx_word' id='word_1_189' title='bbox 452 2326 596 2371; x_wconf 76' lang='lat' dir='ltr'>Nilum3</span> <span class='ocrx_word' id='word_1_190' title='bbox 624 2327 692 2363; x_wconf 89' lang='lat' dir='ltr'>hoe</span> <span class='ocrx_word' id='word_1_191' title='bbox 722 2328 856 2363; x_wconf 87' lang='lat' dir='ltr'>factum</span> <span class='ocrx_word' id='word_1_192' title='bbox 887 2327 940 2363; x_wconf 81' lang='lat' dir='ltr'>vi-</span> 
     </span>
     <span class='ocr_line' id='line_1_35' title="bbox 289 2382 941 2421; baseline -0.003 0"><span class='ocrx_word' id='word_1_193' title='bbox 289 2384 366 2421; x_wconf 87' lang='lat' dir='ltr'>deri</span> <span class='ocrx_word' id='word_1_194' title='bbox 388 2383 456 2419; x_wconf 70' lang='lat' dir='ltr'>alia</span> <span class='ocrx_word' id='word_1_195' title='bbox 485 2383 542 2418; x_wconf 75' lang='lat' dir='ltr'>via</span> <span class='ocrx_word' id='word_1_196' title='bbox 572 2382 619 2418; x_wconf 90' lang='lat' dir='ltr'>ad</span> <span class='ocrx_word' id='word_1_197' title='bbox 646 2382 857 2419; x_wconf 86' lang='lat' dir='ltr'>orientalem</span> <span class='ocrx_word' id='word_1_198' title='bbox 887 2382 941 2419; x_wconf 85' lang='lat' dir='ltr'>la-</span> 
     </span>
     <span class='ocr_line' id='line_1_36' title="bbox 289 2438 940 2489; baseline -0.005 -13"><span class='ocrx_word' id='word_1_199' title='bbox 289 2453 351 2477; x_wconf 88' lang='lat' dir='ltr'>cus</span> <span class='ocrx_word' id='word_1_200' title='bbox 372 2443 533 2489; x_wconf 88' lang='lat' dir='ltr'>partem,</span> <span class='ocrx_word' id='word_1_201' title='bbox 562 2438 623 2474; x_wconf 91' lang='lat' dir='ltr'>ubi</span> <span class='ocrx_word' id='word_1_202' title='bbox 641 2451 735 2474; x_wconf 90' lang='lat' dir='ltr'>nunc</span> <span class='ocrx_word' id='word_1_203' title='bbox 758 2439 860 2486; x_wconf 86' lang='lat' dir='ltr'>regio</span> <span class='ocrx_word' id='word_1_204' title='bbox 878 2450 940 2475; x_wconf 86' lang='lat' dir='ltr'>ex-</span> 
     </span>
     <span class='ocr_line' id='line_1_37' title="bbox 291 2492 940 2542; baseline -0.005 -9"><span class='ocrx_word' id='word_1_205' title='bbox 291 2497 440 2542; x_wconf 83' lang='lat' dir='ltr'>siccata,</span> <span class='ocrx_word' id='word_1_206' title='bbox 479 2495 625 2531; x_wconf 90' lang='lat' dir='ltr'>nomine</span> <span class='ocrx_word' id='word_1_207' title='bbox 645 2492 940 2531; x_wconf 69' lang='lat' dir='ltr'>Bahr-Bela-mct</span> 
     </span>
     <span class='ocr_line' id='line_1_38' title="bbox 289 2551 941 2600; baseline -0.005 -11"><span class='ocrx_word' id='word_1_208' title='bbox 289 2553 311 2589; x_wconf 87' lang='lat' dir='ltr'>i.</span> <span class='ocrx_word' id='word_1_209' title='bbox 333 2566 362 2589; x_wconf 86' lang='lat' dir='ltr'>e.</span> <span class='ocrx_word' id='word_1_210' title='bbox 385 2564 477 2588; x_wconf 83' lang='lat' dir='ltr'>mare</span> <span class='ocrx_word' id='word_1_211' title='bbox 492 2552 564 2586; x_wconf 77' lang='lat' dir='ltr'>sine</span> <span class='ocrx_word' id='word_1_212' title='bbox 585 2564 692 2600; x_wconf 82' lang='lat' dir='ltr'>aqua,</span> <span class='ocrx_word' id='word_1_213' title='bbox 709 2564 825 2599; x_wconf 87' lang='lat' dir='ltr'>eoque</span> <span class='ocrx_word' id='word_1_214' title='bbox 837 2551 941 2586; x_wconf 87' lang='lat' dir='ltr'>Stra-</span> 
     </span>
     <span class='ocr_line' id='line_1_39' title="bbox 291 2607 939 2646; baseline -0.005 0"><span class='ocrx_word' id='word_1_215' title='bbox 291 2609 394 2646; x_wconf 83' lang='lat' dir='ltr'>bonis</span> <span class='ocrx_word' id='word_1_216' title='bbox 424 2608 669 2644; x_wconf 83' lang='lat' dir='ltr'>narrationem</span> <span class='ocrx_word' id='word_1_217' title='bbox 711 2607 939 2644; x_wconf 83' lang='lat' dir='ltr'>referendam</span> 
     </span>
     <span class='ocr_line' id='line_1_40' title="bbox 291 2663 939 2712; baseline -0.003 -11"><span class='ocrx_word' id='word_1_218' title='bbox 291 2678 391 2711; x_wconf 83' lang='lat' dir='ltr'>esse,</span> <span class='ocrx_word' id='word_1_219' title='bbox 422 2664 483 2712; x_wconf 85' lang='lat' dir='ltr'>qui</span> <span class='ocrx_word' id='word_1_220' title='bbox 503 2663 575 2699; x_wconf 91' lang='lat' dir='ltr'>duo</span> <span class='ocrx_word' id='word_1_221' title='bbox 604 2664 697 2700; x_wconf 87' lang='lat' dir='ltr'>ostia</span> <span class='ocrx_word' id='word_1_222' title='bbox 722 2675 939 2700; x_wconf 90' lang='lat' dir='ltr'>commemo-</span> 
     </span>
     <span class='ocr_line' id='line_1_41' title="bbox 289 2719 940 2768; baseline -0.003 -11"><span class='ocrx_word' id='word_1_223' title='bbox 289 2725 364 2766; x_wconf 90' lang='lat' dir='ltr'>ret,</span> <span class='ocrx_word' id='word_1_224' title='bbox 394 2720 545 2756; x_wconf 86' lang='lat' dir='ltr'>alterum</span> <span class='ocrx_word' id='word_1_225' title='bbox 559 2748 570 2765; x_wconf 93' lang='lat'>,</span> <span class='ocrx_word' id='word_1_226' title='bbox 601 2720 728 2768; x_wconf 90' lang='lat' dir='ltr'>quoin</span> <span class='ocrx_word' id='word_1_227' title='bbox 750 2719 864 2756; x_wconf 91' lang='lat' dir='ltr'>lacum</span> <span class='ocrx_word' id='word_1_228' title='bbox 885 2720 940 2755; x_wconf 90' lang='lat' dir='ltr'>in-</span> 
     </span>
     <span class='ocr_line' id='line_1_42' title="bbox 289 2775 939 2824; baseline -0.005 -10"><span class='ocrx_word' id='word_1_229' title='bbox 289 2781 361 2814; x_wconf 88' lang='lat' dir='ltr'>tret</span> <span class='ocrx_word' id='word_1_230' title='bbox 377 2775 448 2813; x_wconf 82' lang='lat' dir='ltr'>Nili</span> <span class='ocrx_word' id='word_1_231' title='bbox 477 2788 590 2824; x_wconf 74' lang='lat' dir='ltr'>aqua,</span> <span class='ocrx_word' id='word_1_232' title='bbox 619 2776 791 2821; x_wconf 90' lang='lat' dir='ltr'>alterum,</span> <span class='ocrx_word' id='word_1_233' title='bbox 824 2788 896 2824; x_wconf 86' lang='lat' dir='ltr'>quo</span> <span class='ocrx_word' id='word_1_234' title='bbox 918 2789 939 2812; x_wconf 89' lang='lat' dir='ltr'>e</span> 
     </span>
     <span class='ocr_line' id='line_1_43' title="bbox 289 2832 937 2883; baseline -0.002 -14"><span class='ocrx_word' id='word_1_235' title='bbox 289 2833 369 2870; x_wconf 90' lang='lat' dir='ltr'>lacu</span> <span class='ocrx_word' id='word_1_236' title='bbox 398 2833 515 2869; x_wconf 82' lang='lat' dir='ltr'>abeat.</span> <span class='ocrx_word' id='word_1_237' title='bbox 575 2832 657 2869; x_wconf 82' lang='lat' dir='ltr'>Vid.</span> <span class='ocrx_word' id='word_1_238' title='bbox 684 2833 769 2868; x_wconf 90' lang='lat' dir='ltr'>ibid.</span> <span class='ocrx_word' id='word_1_239' title='bbox 800 2846 836 2883; x_wconf 90' lang='lat' dir='ltr'>p.</span> <span class='ocrx_word' id='word_1_240' title='bbox 855 2835 937 2872; x_wconf 88' lang='lat'>799</span> 
     </span>
     <span class='ocr_line' id='line_1_44' title="bbox 291 2888 937 2939; baseline 0 -14"><span class='ocrx_word' id='word_1_241' title='bbox 291 2902 366 2938; x_wconf 91' lang='lat' dir='ltr'>seq.</span> <span class='ocrx_word' id='word_1_242' title='bbox 389 2890 470 2929; x_wconf 89' lang='lat'>860</span> <span class='ocrx_word' id='word_1_243' title='bbox 489 2888 564 2926; x_wconf 86' lang='lat' dir='ltr'>coll.</span> <span class='ocrx_word' id='word_1_244' title='bbox 587 2888 767 2926; x_wconf 81' lang='lat' dir='ltr'>Mannert.</span> <span class='ocrx_word' id='word_1_245' title='bbox 787 2902 823 2939; x_wconf 92' lang='lat' dir='ltr'>p.</span> <span class='ocrx_word' id='word_1_246' title='bbox 843 2888 937 2929; x_wconf 82' lang='lat'>443.</span> 
     </span>
    </p>
   </div>
   <div class='ocr_carea' id='block_1_15' title="bbox 1004 1032 1667 2881">
    <p class='ocr_par' dir='ltr' id='par_1_15' title="bbox 1009 1032 1666 1136">
     <span class='ocr_line' id='line_1_45' title="bbox 1009 1032 1666 1084; baseline -0.003 -13"><span class='ocrx_word' id='word_1_247' title='bbox 1009 1033 1068 1071; x_wconf 88' lang='lat' dir='ltr'>De</span> <span class='ocrx_word' id='word_1_248' title='bbox 1088 1032 1410 1071; x_wconf 74' lang='lat' dir='ltr'>Bahr—Bela-ma</span> <span class='ocrx_word' id='word_1_249' title='bbox 1434 1034 1528 1071; x_wconf 88' lang='lat' dir='ltr'>conf.</span> <span class='ocrx_word' id='word_1_250' title='bbox 1555 1045 1666 1084; x_wconf 86' lang='lat' dir='ltr'>supra</span> 
     </span>
     <span class='ocr_line' id='line_1_46' title="bbox 1011 1089 1331 1136; baseline -0.003 -10"><span class='ocrx_word' id='word_1_251' title='bbox 1011 1095 1089 1126; x_wconf 88' lang='lat' dir='ltr'>not.</span> <span class='ocrx_word' id='word_1_252' title='bbox 1112 1091 1158 1126; x_wconf 89' lang='lat' dir='ltr'>ad</span> <span class='ocrx_word' id='word_1_253' title='bbox 1186 1089 1240 1136; x_wconf 91' lang='grc' dir='ltr'>ΙΙ,</span> <span class='ocrx_word' id='word_1_254' title='bbox 1268 1092 1331 1130; x_wconf 89' lang='grc'>10.</span> 
     </span>
    </p>

    <p class='ocr_par' dir='ltr' id='par_1_16' title="bbox 1004 1139 1667 2881">
     <span class='ocr_line' id='line_1_47' title="bbox 1068 1139 1663 1196; baseline -0.003 -11"><span class='ocrx_word' id='word_1_255' title='bbox 1068 1145 1107 1192; x_wconf 80' lang='grc' dir='ltr'>ἐς</span> <span class='ocrx_word' id='word_1_256' title='bbox 1128 1143 1172 1184; x_wconf 79' lang='grc' dir='ltr'>τό</span> <span class='ocrx_word' id='word_1_257' title='bbox 1197 1141 1408 1196; x_wconf 74' lang='grc' dir='ltr'><em>βασιλήϊον</em></span> <span class='ocrx_word' id='word_1_258' title='bbox 1425 1139 1663 1195; x_wconf 74' lang='grc' dir='ltr'><em>καταβάλλει</em></span> 
     </span>
     <span class='ocr_line' id='line_1_48' title="bbox 1014 1199 1664 1252; baseline -0.006 -11"><span class='ocrx_word' id='word_1_259' title='bbox 1014 1217 1050 1241; x_wconf 80' lang='grc' dir='ltr'>κ.</span> <span class='ocrx_word' id='word_1_260' title='bbox 1068 1218 1099 1240; x_wconf 89' lang='grc' dir='ltr'>τ.</span> <span class='ocrx_word' id='word_1_261' title='bbox 1121 1201 1169 1252; x_wconf 59' lang='lat' dir='ltr'>L]</span> <span class='ocrx_word' id='word_1_262' title='bbox 1200 1199 1242 1241; x_wconf 85' lang='grc' dir='ltr'>τὸ</span> <span class='ocrx_word' id='word_1_263' title='bbox 1266 1199 1476 1252; x_wconf 79' lang='grc' dir='ltr'><em>βασιλήϊον</em></span> <span class='ocrx_word' id='word_1_264' title='bbox 1506 1202 1548 1238; x_wconf 84' lang='lat' dir='ltr'>de</span> <span class='ocrx_word' id='word_1_265' title='bbox 1572 1204 1664 1251; x_wconf 77' lang='lat' dir='ltr'>regis</span> 
     </span>
     <span class='ocr_line' id='line_1_49' title="bbox 1013 1258 1666 1309; baseline -0.002 -14"><span class='ocrx_word' id='word_1_266' title='bbox 1013 1261 1151 1296; x_wconf 82' lang='lat' dir='ltr'>aerario</span> <span class='ocrx_word' id='word_1_267' title='bbox 1174 1263 1272 1296; x_wconf 87' lang='lat' dir='ltr'>recte</span> <span class='ocrx_word' id='word_1_268' title='bbox 1291 1259 1431 1309; x_wconf 89' lang='lat' dir='ltr'>accepit</span> <span class='ocrx_word' id='word_1_269' title='bbox 1451 1258 1666 1296; x_wconf 86' lang='lat' dir='ltr'>Valckenar.</span> 
     </span>
     <span class='ocr_line' id='line_1_50' title="bbox 1011 1314 1666 1363; baseline -0.003 -11"><span class='ocrx_word' id='word_1_270' title='bbox 1011 1316 1164 1352; x_wconf 88' lang='lat' dir='ltr'>laudans</span> <span class='ocrx_word' id='word_1_271' title='bbox 1186 1315 1339 1353; x_wconf 86' lang='lat' dir='ltr'>Diodor.</span> <span class='ocrx_word' id='word_1_272' title='bbox 1359 1315 1405 1363; x_wconf 88' lang='grc' dir='ltr'>ΙΙ,</span> <span class='ocrx_word' id='word_1_273' title='bbox 1426 1314 1491 1356; x_wconf 83' lang='grc'>40.</span> <span class='ocrx_word' id='word_1_274' title='bbox 1513 1314 1578 1356; x_wconf 84' lang='grc'>41.</span> <span class='ocrx_word' id='word_1_275' title='bbox 1598 1314 1666 1361; x_wconf 85' lang='grc' dir='ltr'>ΧΙ,</span> 
     </span>
     <span class='ocr_line' id='line_1_51' title="bbox 1014 1371 1667 1418; baseline -0.002 -10"><span class='ocrx_word' id='word_1_276' title='bbox 1014 1375 1078 1413; x_wconf 88' lang='grc'>67.</span> <span class='ocrx_word' id='word_1_277' title='bbox 1109 1372 1205 1418; x_wconf 87' lang='grc' dir='ltr'>ΧΧ,</span> <span class='ocrx_word' id='word_1_278' title='bbox 1222 1371 1248 1412; x_wconf 84' lang='grc'>4</span> <span class='ocrx_word' id='word_1_279' title='bbox 1272 1376 1338 1408; x_wconf 88' lang='lat' dir='ltr'>etc.</span> <span class='ocrx_word' id='word_1_280' title='bbox 1396 1371 1497 1409; x_wconf 88' lang='lat' dir='ltr'>Idem</span> <span class='ocrx_word' id='word_1_281' title='bbox 1523 1371 1667 1408; x_wconf 90' lang='lat' dir='ltr'>Diodo-</span> 
     </span>
     <span class='ocr_line' id='line_1_52' title="bbox 1012 1428 1666 1474; baseline 0.002 -10"><span class='ocrx_word' id='word_1_282' title='bbox 1012 1442 1074 1465; x_wconf 88' lang='lat' dir='ltr'>rus</span> <span class='ocrx_word' id='word_1_283' title='bbox 1105 1428 1142 1474; x_wconf 87' lang='lat'>1,</span> <span class='ocrx_word' id='word_1_284' title='bbox 1160 1429 1213 1469; x_wconf 79' lang='lat'>52</span> <span class='ocrx_word' id='word_1_285' title='bbox 1242 1440 1321 1464; x_wconf 90' lang='lat' dir='ltr'>cum</span> <span class='ocrx_word' id='word_1_286' title='bbox 1348 1428 1482 1464; x_wconf 87' lang='lat' dir='ltr'>scribat</span> <span class='ocrx_word' id='word_1_287' title='bbox 1504 1428 1574 1464; x_wconf 91' lang='lat' dir='ltr'>hoc</span> <span class='ocrx_word' id='word_1_288' title='bbox 1602 1440 1666 1465; x_wconf 85' lang='lat' dir='ltr'>ve-</span> 
     </span>
     <span class='ocr_line' id='line_1_53' title="bbox 1012 1484 1665 1533; baseline -0.002 -12"><span class='ocrx_word' id='word_1_289' title='bbox 1012 1484 1123 1533; x_wconf 87' lang='lat' dir='ltr'>ctigal</span> <span class='ocrx_word' id='word_1_290' title='bbox 1148 1485 1299 1533; x_wconf 89' lang='lat' dir='ltr'>reginae</span> <span class='ocrx_word' id='word_1_291' title='bbox 1328 1485 1455 1521; x_wconf 82' lang='lat' dir='ltr'>datum</span> <span class='ocrx_word' id='word_1_292' title='bbox 1479 1484 1589 1522; x_wconf 87' lang='lat' dir='ltr'>fuisse</span> <span class='ocrx_word' id='word_1_293' title='bbox 1616 1484 1665 1521; x_wconf 88' lang='lat' dir='ltr'>ad</span> 
     </span>
     <span class='ocr_line' id='line_1_54' title="bbox 1012 1536 1662 1592; baseline 0.002 -15"><span class='ocrx_word' id='word_1_294' title='bbox 1012 1546 1178 1578; x_wconf 87' lang='lat' dir='ltr'>ornatum</span> <span class='ocrx_word' id='word_1_295' title='bbox 1211 1537 1335 1591; x_wconf 83' lang='grc' dir='ltr'><em>(πρὸς</em></span> <span class='ocrx_word' id='word_1_296' title='bbox 1360 1536 1466 1592; x_wconf 76' lang='grc' dir='ltr'><em>μύρα</em></span> <span class='ocrx_word' id='word_1_297' title='bbox 1495 1539 1563 1578; x_wconf 82' lang='grc' dir='ltr'>καὶ</span> <span class='ocrx_word' id='word_1_298' title='bbox 1591 1536 1662 1579; x_wconf 74' lang='grc' dir='ltr'>τόν</span> 
     </span>
     <span class='ocr_line' id='line_1_55' title="bbox 1013 1593 1664 1646; baseline -0.003 -10"><span class='ocrx_word' id='word_1_299' title='bbox 1013 1595 1133 1636; x_wconf 70' lang='grc' dir='ltr'><em>ἄλλον</em></span> <span class='ocrx_word' id='word_1_300' title='bbox 1159 1593 1440 1646; x_wconf 74' lang='grc' dir='ltr'><em>καλλωπισμόν</em></span> <span class='ocrx_word' id='word_1_301' title='bbox 1459 1619 1514 1624; x_wconf 73' lang='lat'>-—-</span> <span class='ocrx_word' id='word_1_302' title='bbox 1540 1597 1664 1634; x_wconf 85' lang='lat' dir='ltr'>confer</span> 
     </span>
     <span class='ocr_line' id='line_1_56' title="bbox 1010 1653 1663 1701; baseline -0.003 -11"><span class='ocrx_word' id='word_1_303' title='bbox 1010 1658 1086 1691; x_wconf 90' lang='lat' dir='ltr'>not.</span> <span class='ocrx_word' id='word_1_304' title='bbox 1114 1654 1162 1690; x_wconf 89' lang='lat' dir='ltr'>ad</span> <span class='ocrx_word' id='word_1_305' title='bbox 1184 1654 1322 1690; x_wconf 88' lang='lat' dir='ltr'>Herod.</span> <span class='ocrx_word' id='word_1_306' title='bbox 1353 1653 1406 1700; x_wconf 83' lang='grc' dir='ltr'>ΙΙ,</span> <span class='ocrx_word' id='word_1_307' title='bbox 1423 1654 1514 1701; x_wconf 85' lang='grc'>98),</span> <span class='ocrx_word' id='word_1_308' title='bbox 1543 1653 1663 1689; x_wconf 87' lang='lat' dir='ltr'>malim</span> 
     </span>
     <span class='ocr_line' id='line_1_57' title="bbox 1011 1710 1663 1759; baseline -0.003 -12"><span class='ocrx_word' id='word_1_309' title='bbox 1011 1711 1180 1759; x_wconf 88' lang='lat' dir='ltr'>equidem</span> <span class='ocrx_word' id='word_1_310' title='bbox 1208 1710 1265 1746; x_wconf 92' lang='lat' dir='ltr'>hic</span> <span class='ocrx_word' id='word_1_311' title='bbox 1295 1710 1456 1759; x_wconf 88' lang='lat' dir='ltr'>cogitare</span> <span class='ocrx_word' id='word_1_312' title='bbox 1478 1710 1525 1746; x_wconf 88' lang='lat' dir='ltr'>de</span> <span class='ocrx_word' id='word_1_313' title='bbox 1551 1722 1663 1746; x_wconf 86' lang='lat' dir='ltr'>uxore</span> 
     </span>
     <span class='ocr_line' id='line_1_58' title="bbox 1008 1765 1664 1816; baseline -0.002 -13"><span class='ocrx_word' id='word_1_314' title='bbox 1008 1767 1146 1804; x_wconf 87' lang='lat' dir='ltr'>Persici</span> <span class='ocrx_word' id='word_1_315' title='bbox 1179 1771 1369 1816; x_wconf 82' lang='lat' dir='ltr'>satrapae,</span> <span class='ocrx_word' id='word_1_316' title='bbox 1420 1766 1483 1815; x_wconf 91' lang='lat' dir='ltr'>qui</span> <span class='ocrx_word' id='word_1_317' title='bbox 1520 1769 1558 1803; x_wconf 89' lang='lat' dir='ltr'>et</span> <span class='ocrx_word' id='word_1_318' title='bbox 1584 1765 1664 1815; x_wconf 88' lang='lat' dir='ltr'>ipse</span> 
     </span>
     <span class='ocr_line' id='line_1_59' title="bbox 1009 1822 1662 1870; baseline -0.003 -10"><span class='ocrx_word' id='word_1_319' title='bbox 1009 1836 1071 1860; x_wconf 81' lang='lat' dir='ltr'>rex</span> <span class='ocrx_word' id='word_1_320' title='bbox 1095 1823 1293 1859; x_wconf 89' lang='lat' dir='ltr'>dicebatur.</span> <span class='ocrx_word' id='word_1_321' title='bbox 1353 1823 1434 1859; x_wconf 84' lang='lat' dir='ltr'>vid.</span> <span class='ocrx_word' id='word_1_322' title='bbox 1451 1825 1526 1859; x_wconf 87' lang='lat' dir='ltr'>not.</span> <span class='ocrx_word' id='word_1_323' title='bbox 1549 1823 1598 1859; x_wconf 86' lang='lat' dir='ltr'>ad</span> <span class='ocrx_word' id='word_1_324' title='bbox 1614 1822 1662 1870; x_wconf 83' lang='grc' dir='ltr'>ΙΙ,</span> 
     </span>
     <span class='ocr_line' id='line_1_60' title="bbox 1011 1878 1662 1922; baseline 0 -8"><span class='ocrx_word' id='word_1_325' title='bbox 1011 1882 1079 1920; x_wconf 87' lang='lat'>98.</span> <span class='ocrx_word' id='word_1_326' title='bbox 1139 1879 1264 1922; x_wconf 88' lang='lat' dir='ltr'>Quare</span> <span class='ocrx_word' id='word_1_327' title='bbox 1283 1880 1330 1917; x_wconf 89' lang='lat' dir='ltr'>de</span> <span class='ocrx_word' id='word_1_328' title='bbox 1352 1879 1440 1916; x_wconf 83' lang='lat' dir='ltr'>fisco</span> <span class='ocrx_word' id='word_1_329' title='bbox 1467 1878 1662 1916; x_wconf 87' lang='lat' dir='ltr'>Persarum</span> 
     </span>
     <span class='ocr_line' id='line_1_61' title="bbox 1009 1935 1662 1984; baseline 0 -12"><span class='ocrx_word' id='word_1_330' title='bbox 1009 1936 1066 1972; x_wconf 92' lang='lat' dir='ltr'>hic</span> <span class='ocrx_word' id='word_1_331' title='bbox 1085 1936 1317 1984; x_wconf 86' lang='lat' dir='ltr'>cogitandum</span> <span class='ocrx_word' id='word_1_332' title='bbox 1347 1936 1435 1983; x_wconf 89' lang='lat' dir='ltr'>erit,</span> <span class='ocrx_word' id='word_1_333' title='bbox 1463 1948 1585 1984; x_wconf 88' lang='lat' dir='ltr'>neque</span> <span class='ocrx_word' id='word_1_334' title='bbox 1614 1935 1662 1972; x_wconf 91' lang='lat' dir='ltr'>de</span> 
     </span>
     <span class='ocr_line' id='line_1_62' title="bbox 1007 1992 1662 2040; baseline -0.003 -11"><span class='ocrx_word' id='word_1_335' title='bbox 1007 1992 1239 2029; x_wconf 88' lang='lat' dir='ltr'>Pharaonum</span> <span class='ocrx_word' id='word_1_336' title='bbox 1258 1992 1394 2040; x_wconf 89' lang='lat' dir='ltr'>regali,</span> <span class='ocrx_word' id='word_1_337' title='bbox 1425 1992 1662 2040; x_wconf 81' lang='lat' dir='ltr'>quemadmo-</span> 
     </span>
     <span class='ocr_line' id='line_1_63' title="bbox 1007 2047 1661 2098; baseline 0 -14"><span class='ocrx_word' id='word_1_338' title='bbox 1007 2049 1093 2085; x_wconf 90' lang='lat' dir='ltr'>dum</span> <span class='ocrx_word' id='word_1_339' title='bbox 1113 2049 1296 2098; x_wconf 80' lang='lat' dir='ltr'>accepisse</span> <span class='ocrx_word' id='word_1_340' title='bbox 1317 2049 1434 2085; x_wconf 92' lang='lat' dir='ltr'>locum</span> <span class='ocrx_word' id='word_1_341' title='bbox 1444 2048 1550 2085; x_wconf 88' lang='lat' dir='ltr'>video</span> <span class='ocrx_word' id='word_1_342' title='bbox 1560 2047 1661 2084; x_wconf 90' lang='lat' dir='ltr'>Hee-</span> 
     </span>
     <span class='ocr_line' id='line_1_64' title="bbox 1007 2103 1661 2154; baseline -0.003 -13"><span class='ocrx_word' id='word_1_343' title='bbox 1007 2117 1084 2141; x_wconf 89' lang='lat' dir='ltr'>ren.</span> <span class='ocrx_word' id='word_1_344' title='bbox 1110 2106 1223 2141; x_wconf 85' lang='lat' dir='ltr'>Ideen</span> <span class='ocrx_word' id='word_1_345' title='bbox 1244 2104 1290 2151; x_wconf 89' lang='lat' dir='ltr'>Il,</span> <span class='ocrx_word' id='word_1_346' title='bbox 1309 2109 1336 2147; x_wconf 79' lang='lat'><strong>2</strong></span> <span class='ocrx_word' id='word_1_347' title='bbox 1357 2117 1443 2154; x_wconf 88' lang='lat' dir='ltr'>pag.</span> <span class='ocrx_word' id='word_1_348' title='bbox 1457 2104 1552 2145; x_wconf 86' lang='lat'>345.</span> <span class='ocrx_word' id='word_1_349' title='bbox 1576 2103 1661 2153; x_wconf 87' lang='lat' dir='ltr'>Ipsa</span> 
     </span>
     <span class='ocr_line' id='line_1_65' title="bbox 1006 2158 1660 2211; baseline -0.002 -15"><span class='ocrx_word' id='word_1_350' title='bbox 1006 2173 1092 2198; x_wconf 79' lang='lat' dir='ltr'>vero</span> <span class='ocrx_word' id='word_1_351' title='bbox 1133 2161 1311 2211; x_wconf 87' lang='lat' dir='ltr'>pecuniae</span> <span class='ocrx_word' id='word_1_352' title='bbox 1346 2173 1485 2197; x_wconf 88' lang='lat' dir='ltr'>summa</span> <span class='ocrx_word' id='word_1_353' title='bbox 1522 2158 1660 2208; x_wconf 86' lang='lat' dir='ltr'>(quam</span> 
     </span>
     <span class='ocr_line' id='line_1_66' title="bbox 1006 2215 1659 2254; baseline -0.002 -3"><span class='ocrx_word' id='word_1_354' title='bbox 1006 2229 1128 2254; x_wconf 78' lang='lat' dir='ltr'>veram</span> <span class='ocrx_word' id='word_1_355' title='bbox 1148 2218 1262 2254; x_wconf 85' lang='lat' dir='ltr'>fuisse</span> <span class='ocrx_word' id='word_1_356' title='bbox 1282 2218 1407 2253; x_wconf 88' lang='lat' dir='ltr'>statuit</span> <span class='ocrx_word' id='word_1_357' title='bbox 1433 2215 1615 2252; x_wconf 88' lang='lat' dir='ltr'>Mannert.</span> <span class='ocrx_word' id='word_1_358' title='bbox 1636 2215 1659 2251; x_wconf 90' lang='lat' dir='ltr'>l.</span> 
     </span>
     <span class='ocr_line' id='line_1_67' title="bbox 1004 2272 1659 2323; baseline -0.002 -15"><span class='ocrx_word' id='word_1_359' title='bbox 1004 2272 1027 2308; x_wconf 95' lang='lat' dir='ltr'>l.</span> <span class='ocrx_word' id='word_1_360' title='bbox 1053 2286 1088 2323; x_wconf 92' lang='lat' dir='ltr'>p.</span> <span class='ocrx_word' id='word_1_361' title='bbox 1109 2273 1210 2320; x_wconf 81' lang='lat'>427)</span> <span class='ocrx_word' id='word_1_362' title='bbox 1239 2272 1268 2309; x_wconf 88' lang='lat' dir='ltr'>si</span> <span class='ocrx_word' id='word_1_363' title='bbox 1291 2273 1339 2309; x_wconf 86' lang='lat' dir='ltr'>ad</span> <span class='ocrx_word' id='word_1_364' title='bbox 1366 2276 1510 2308; x_wconf 89' lang='lat' dir='ltr'>nostros</span> <span class='ocrx_word' id='word_1_365' title='bbox 1531 2283 1659 2308; x_wconf 89' lang='lat' dir='ltr'>numos</span> 
     </span>
     <span class='ocr_line' id='line_1_68' title="bbox 1007 2327 1660 2375; baseline -0.002 -10"><span class='ocrx_word' id='word_1_366' title='bbox 1007 2332 1215 2375; x_wconf 84' lang='lat' dir='ltr'>revocatur,</span> <span class='ocrx_word' id='word_1_367' title='bbox 1262 2328 1381 2365; x_wconf 81' lang='lat' dir='ltr'>existit</span> <span class='ocrx_word' id='word_1_368' title='bbox 1411 2340 1550 2364; x_wconf 88' lang='lat' dir='ltr'>summa</span> <span class='ocrx_word' id='word_1_369' title='bbox 1577 2327 1660 2364; x_wconf 88' lang='lat' dir='ltr'>tha-</span> 
     </span>
     <span class='ocr_line' id='line_1_69' title="bbox 1005 2383 1658 2432; baseline 0.002 -13"><span class='ocrx_word' id='word_1_370' title='bbox 1005 2383 1162 2420; x_wconf 87' lang='lat' dir='ltr'>lerorum</span> <span class='ocrx_word' id='word_1_371' title='bbox 1185 2384 1530 2432; x_wconf 87' lang='lat' dir='ltr'>quadringentorum</span> <span class='ocrx_word' id='word_1_372' title='bbox 1556 2388 1658 2420; x_wconf 86' lang='lat' dir='ltr'>octo-</span> 
     </span>
     <span class='ocr_line' id='line_1_70' title="bbox 1007 2439 1658 2488; baseline 0.003 -14"><span class='ocrx_word' id='word_1_373' title='bbox 1007 2440 1111 2487; x_wconf 84' lang='lat' dir='ltr'>ginta</span> <span class='ocrx_word' id='word_1_374' title='bbox 1141 2439 1318 2486; x_wconf 83' lang='lat' dir='ltr'>duorum,</span> <span class='ocrx_word' id='word_1_375' title='bbox 1356 2440 1490 2476; x_wconf 86' lang='lat' dir='ltr'>additis</span> <span class='ocrx_word' id='word_1_376' title='bbox 1520 2440 1658 2488; x_wconf 88' lang='lat' dir='ltr'>aliquot</span> 
     </span>
     <span class='ocr_line' id='line_1_71' title="bbox 1007 2494 1657 2543; baseline 0.002 -12"><span class='ocrx_word' id='word_1_377' title='bbox 1007 2494 1166 2543; x_wconf 83' lang='lat' dir='ltr'>grossis,</span> <span class='ocrx_word' id='word_1_378' title='bbox 1206 2496 1316 2532; x_wconf 92' lang='lat' dir='ltr'>modo</span> <span class='ocrx_word' id='word_1_379' title='bbox 1341 2495 1499 2533; x_wconf 89' lang='lat' dir='ltr'>Atticum</span> <span class='ocrx_word' id='word_1_380' title='bbox 1525 2495 1657 2533; x_wconf 88' lang='lat' dir='ltr'>intelli-</span> 
     </span>
     <span class='ocr_line' id='line_1_72' title="bbox 1007 2551 1657 2601; baseline 0.002 -14"><span class='ocrx_word' id='word_1_381' title='bbox 1007 2564 1073 2600; x_wconf 85' lang='lat' dir='ltr'>gas</span> <span class='ocrx_word' id='word_1_382' title='bbox 1100 2551 1295 2598; x_wconf 83' lang='lat' dir='ltr'>talentum,</span> <span class='ocrx_word' id='word_1_383' title='bbox 1341 2553 1441 2601; x_wconf 91' lang='lat' dir='ltr'>quod</span> <span class='ocrx_word' id='word_1_384' title='bbox 1470 2553 1657 2601; x_wconf 87' lang='lat' dir='ltr'>sexaginta</span> 
     </span>
     <span class='ocr_line' id='line_1_73' title="bbox 1007 2607 1653 2645; baseline 0.002 -2"><span class='ocrx_word' id='word_1_385' title='bbox 1007 2607 1112 2644; x_wconf 87' lang='lat' dir='ltr'>minis</span> <span class='ocrx_word' id='word_1_386' title='bbox 1132 2611 1284 2644; x_wconf 88' lang='lat' dir='ltr'>constat.</span> <span class='ocrx_word' id='word_1_387' title='bbox 1344 2609 1451 2645; x_wconf 86' lang='lat' dir='ltr'>Conf.</span> <span class='ocrx_word' id='word_1_388' title='bbox 1471 2608 1609 2645; x_wconf 80' lang='lat' dir='ltr'>VVurm.</span> <span class='ocrx_word' id='word_1_389' title='bbox 1631 2608 1653 2644; x_wconf 90' lang='lat' dir='ltr'>l.</span> 
     </span>
     <span class='ocr_line' id='line_1_74' title="bbox 1004 2663 1655 2715; baseline 0 -16"><span class='ocrx_word' id='word_1_390' title='bbox 1004 2663 1027 2700; x_wconf 93' lang='lat' dir='ltr'>l.</span> <span class='ocrx_word' id='word_1_391' title='bbox 1048 2665 1237 2713; x_wconf 76' lang='lat' dir='ltr'>pag.207.</span> <span class='ocrx_word' id='word_1_392' title='bbox 1266 2663 1451 2701; x_wconf 88' lang='lat' dir='ltr'>Iomardus</span> <span class='ocrx_word' id='word_1_393' title='bbox 1473 2664 1495 2701; x_wconf 93' lang='lat' dir='ltr'>l.</span> <span class='ocrx_word' id='word_1_394' title='bbox 1509 2664 1531 2700; x_wconf 96' lang='lat' dir='ltr'>l.</span> <span class='ocrx_word' id='word_1_395' title='bbox 1553 2666 1655 2715; x_wconf 82' lang='lat' dir='ltr'>p.92</span> 
     </span>
     <span class='ocr_line' id='line_1_75' title="bbox 1004 2719 1656 2770; baseline 0.002 -15"><span class='ocrx_word' id='word_1_396' title='bbox 1004 2719 1086 2756; x_wconf 88' lang='lat' dir='ltr'>hinc</span> <span class='ocrx_word' id='word_1_397' title='bbox 1109 2732 1266 2756; x_wconf 88' lang='lat' dir='ltr'>annuum</span> <span class='ocrx_word' id='word_1_398' title='bbox 1294 2721 1449 2757; x_wconf 86' lang='lat' dir='ltr'>reditum</span> <span class='ocrx_word' id='word_1_399' title='bbox 1467 2734 1488 2758; x_wconf 91' lang='lat' dir='ltr'>e</span> <span class='ocrx_word' id='word_1_400' title='bbox 1505 2721 1656 2770; x_wconf 86' lang='lat' dir='ltr'>piscium</span> 
     </span>
     <span class='ocr_line' id='line_1_76' title="bbox 1005 2776 1656 2825; baseline 0.003 -14"><span class='ocrx_word' id='word_1_401' title='bbox 1005 2780 1155 2825; x_wconf 88' lang='lat' dir='ltr'>captura</span> <span class='ocrx_word' id='word_1_402' title='bbox 1205 2777 1389 2813; x_wconf 88' lang='lat' dir='ltr'>constituit</span> <span class='ocrx_word' id='word_1_403' title='bbox 1436 2776 1656 2813; x_wconf 87' lang='lat' dir='ltr'>talentorum</span> 
     </span>
     <span class='ocr_line' id='line_1_77' title="bbox 1005 2832 1655 2881; baseline 0.003 -13"><span class='ocrx_word' id='word_1_404' title='bbox 1005 2832 1242 2868; x_wconf 87' lang='lat' dir='ltr'>ducentorum</span> <span class='ocrx_word' id='word_1_405' title='bbox 1290 2833 1533 2881; x_wconf 87' lang='lat' dir='ltr'>quadraginta</span> <span class='ocrx_word' id='word_1_406' title='bbox 1581 2833 1655 2870; x_wconf 87' lang='lat' dir='ltr'>sive</span> 
     </span>
    </p>
   </div>
   <div class='ocr_carea' id='block_1_16' title="bbox 1008 2888 1655 2936">
    <p class='ocr_par' dir='ltr' id='par_1_17' title="bbox 1008 2888 1655 2936">
     <span class='ocr_line' id='line_1_78' title="bbox 1008 2888 1655 2936; baseline -0.002 -11"><span class='ocrx_word' id='word_1_407' title='bbox 1008 2890 1225 2936; x_wconf 88' lang='grc' dir='ltr'>1,8ΟΟ,000</span> <span class='ocrx_word' id='word_1_408' title='bbox 1247 2889 1377 2924; x_wconf 83' lang='lat' dir='ltr'>francs.</span> <span class='ocrx_word' id='word_1_409' title='bbox 1437 2888 1548 2932; x_wconf 85' lang='lat' dir='ltr'>Quod</span> <span class='ocrx_word' id='word_1_410' title='bbox 1567 2901 1655 2926; x_wconf 83' lang='lat' dir='ltr'>vero</span> 
     </span>
    </p>
   </div>
  </div>
 </body>
</html>
