1759 3324
507 261 927 301 EUTERPE.
980 261 1025 299 11.

1306 264 1391 303 489

104 376 268 420 Ξέυῦσα
294 377 410 419 πᾶσα
437 370 567 428 ὑπτίη
605 386 649 415 τε
678 370 751 414 καὶ
781 368 993 424 ἄνυδρος,
1033 368 1108 413 καὶ
1137 368 1244 422 ἰλύς.
1303 371 1392 415 ἔστι

133 455 180 498 δὲ
209 453 310 505 ὁδὸς
339 453 382 503 ἐς
398 451 477 507 τὴν
501 449 782 494 Ἱίλιούπολιν
803 448 888 493 ἀπὸ
907 447 1128 505 θαλάσσης
1149 449 1240 493 ἄνω
1264 450 1391 502 ἰόντι,

131 532 406 588 παραπλησίη
435 530 484 573 τό
512 533 652 587 μῆκος
678 533 732 587 τῇ
761 529 803 582 ἐξ
828 527 1048 585 Ἀθηνέων
1078 527 1192 587 ὁδῷ,
1223 533 1277 587 τῇ
1304 528 1388 573 ciat&

74 717 110 753 in
134 716 302 765 regione,
333 727 428 765 quae
454 727 552 754 nunc
577 718 725 753 vocatur

73 772 238 810 Kaliubz'e
257 774 303 810 ab
321 773 411 810 urbe
439 772 629 810 recentiori
653 771 726 809 Ke-

71 830 163 876 liuh,
193 829 230 866 in
262 842 335 878 quo
371 829 452 880 ipso
485 828 722 879 Heliopoleos

70 898 202 923 nomen
223 885 384 923 nomiihil
398 888 575 922 mutatum
588 898 724 934 cogno-

70 942 121 980 sci
137 941 274 979 volunt.
300 941 575 979 Aecuratissime
586 941 724 979 descri-

69 1003 219 1049 pserunt
233 999 330 1035 docti
351 997 448 1035 Galli
473 998 510 1034 in
529 998 655 1036 Deser.
675 997 722 1034 de

69 1054 170 1104 l’Eg.
212 1053 363 1104 Antiqq.
407 1058 433 1091 t.
463 1054 498 1091 Π
534 1055 666 1091 livrais.
695 1056 721 1094 3

69 1111 174 1161 chap.
195 1110 286 1147 XXI
310 1125 346 1162 p.
370 1112 397 1152 3
425 1123 528 1160 seqq.
569 1110 630 1148 Tu
648 1111 718 1147 vid.

70 1167 179 1205 etiam
206 1167 359 1205 Rennel.
394 1167 415 1203 l.
446 1167 469 1204 l.
505 1180 591 1217 pag.
625 1168 720 1208 598.

71 1225 153 1264 623
183 1228 219 1261 et
248 1224 412 1274 inprimis
457 1224 588 1262 Ritter.
625 1223 723 1260 Erd-

70 1279 183 1317 kund.
215 1280 232 1317 I
259 1293 345 1331 pag.
365 1281 458 1321 823.
507 1280 584 1317 Sed
608 1282 722 1327 suere,

70 1337 131 1384 qui
143 1340 289 1374 auctore
296 1337 442 1385 Bryano
455 1336 632 1386 duplicem
644 1336 734 1381 He<

67 1391 244 1443 liopoleos
276 1393 402 1431 urbem
429 1393 723 1442 distinguendam

69 1461 149 1486 esse
177 1449 368 1496 docerent,
415 1448 566 1486 alteram
593 1448 724 1486 Arabi-

69 1518 169 1551 cam,
200 1505 298 1543 cuius
325 1505 554 1543 Ptolemaeus
574 1518 721 1555 quoque

69 1562 292 1610 meminerit,
339 1563 388 1599 ad
416 1561 556 1599 laevam
587 1562 720 1599 canalis

68 1616 266 1666 Pelusiaci,
296 1631 319 1655 a
340 1619 432 1656 mari
453 1619 483 1655 si
503 1619 722 1665 ascenderis,

70 1673 196 1721 sitam,
224 1675 286 1711 ubi
303 1687 398 1712 nunc
413 1675 510 1712 vicus
533 1674 722 1722 Matarea3

69 1729 233 1777 alteram,
263 1731 419 1781 priorem
438 1735 474 1768 et
494 1731 539 1769 ab
552 1731 723 1768 Herodo-

68 1789 108 1822 to
125 1792 453 1834 commemoratam,
471 1788 507 1824 in
520 1787 601 1838 ipsa
614 1787 724 1825 Delta

68 1842 173 1879 sitam
193 1844 286 1880 intra
302 1843 585 1893 Sebennyticum
603 1848 639 1882 et
649 1844 724 1881 Ca-

67 1899 237 1948 nopicum
271 1900 443 1938 canalem.
482 1901 560 1938 Sed
582 1901 629 1938 de
656 1900 724 1938 hac

66 1954 250 2007 Heliopoli
276 1969 383 1994 nemo
420 1961 582 1995 veterum
616 1958 723 2007 quid-

68 2023 176 2060 quam
200 2013 369 2062 protulit,
400 2013 624 2064 multumque
656 2014 722 2050 ab-

70 2071 149 2115 est,
192 2073 234 2106 ut
277 2070 463 2118 confusio,
511 2083 621 2119 quam
661 2071 721 2107 isti

69 2124 269 2172 somniant,
297 2125 461 2175 tollatur,
490 2130 530 2163 ut
550 2128 644 2165 adeo
657 2139 722 2163 au-

68 2185 207 2228 geatur.
265 2181 390 2226 Quare
406 2182 604 2231 Larchero,
629 2183 719 2229 aliis,

69 2236 161 2274 hanc
204 2239 424 2277 sententiam
468 2239 721 2291 amplectenti-

70 2292 156 2340 bus,
192 2294 270 2332 iure
299 2295 488 2334 oblocutus
517 2300 556 2334 et
585 2296 720 2334 Cham-

68 2348 176 2398 pollio
198 2349 368 2403 l’Egypt.
395 2366 480 2390 sous
505 2352 528 2390 l.
557 2352 665 2390 Phar.
685 2352 720 2390 ΙΙ

70 2417 156 2454 pag·
181 2407 235 2447 36
260 2421 388 2458 seqq.‚
415 2409 477 2459 qui
514 2409 718 2458 vulgatam,

71 2472 179 2508 quam
195 2475 261 2500 nos
279 2465 534 2516 proposuimus
554 2467 601 2503 de
620 2467 719 2503 urbis

72 2515 321 2558 celeberrimae
365 2523 439 2560 situ
480 2524 720 2569 sententiam,

72 2571 168 2609 idem
188 2576 370 2626 probavit,
399 2580 595 2617 accedente
614 2578 721 2616 Man-

0 2664 1 2680 :
73 2632 176 2665 nerto
195 2630 232 2666 in
249 2631 386 2682 Geogr.
398 2635 444 2682 X,
466 2639 483 2676 1
503 2635 631 2685 p.481
644 2649 720 2685 seq·

75 2683 167 2724 535.
191 2685 239 2722 Et
247 2692 329 2726 ante
340 2690 650 2742 Champollionem
660 2705 722 2729 co-

74 2738 208 2788 piosius
234 2743 480 2784 disseruerunt
504 2749 602 2786 docti
623 2748 721 2786 Galli

74 2794 145 2842 illi,
173 2808 264 2845 quos
289 2802 471 2841 citavimus
489 2804 511 2841 l.
538 2805 561 2842 l.
589 2817 676 2855 pag.
693 2807 720 2846 9

77 2864 179 2913 seqq.
208 2852 377 2896 Larcheri
397 2859 620 2911 aliorumque
640 2861 721 2911 opi-

78 2919 186 2945 mone
212 2909 353 2951 reiecta.
393 2914 456 2953 Tu
474 2917 546 2955 vid.
573 2917 721 2967 potissi-

791 727 890 752 mum
915 714 1056 753 Herod.
1088 715 1141 762 ΙΙ,
1172 717 1210 758 9.
1264 715 1447 753 Graecum

791 771 1028 822 Heliopoleos
1056 785 1191 810 nomen
1217 784 1297 810 cum
1322 770 1448 820 Aegy-

790 829 868 878 ptio
905 829 1096 866 convenire
1142 832 1225 878 post
1260 827 1445 865 Iablonsk.

790 884 946 934 (opusc.
975 885 992 922 I
1020 898 1060 935 p.
1086 887 1176 926 184.
1201 885 1299 933 185)
1324 884 1445 921 multis

789 940 925 990 placuit
943 941 1027 977 viris
1047 941 1161 979 doctis
1183 946 1220 979 et
1241 941 1447 992 nuperrime

790 996 1055 1047 Champollioni
1081 997 1104 1035 l.
1132 998 1155 1035 l.
1186 1011 1271 1049 pag.
1291 998 1358 1038 40.
1378 996 1446 1044 41,

790 1053 821 1089 si
849 1053 998 1101 quidem
1030 1053 1105 1101 On,
1162 1067 1233 1103 quo
1272 1052 1446 1090 vocabulo

789 1108 900 1146 etiam
917 1109 1060 1160 Coptae
1082 1111 1207 1148 urbem
1231 1110 1446 1158 significant,

788 1164 1052 1215 Aegyptiorum
1067 1165 1191 1216 lingua
1213 1168 1365 1204 denotat
1388 1166 1448 1202 lu-

792 1233 875 1268 cem,
902 1222 1016 1259 solem.

845 1276 968 1317 ἐοῦσα
986 1279 1096 1317 πᾶσα
1114 1275 1258 1329 ὑπτίη]
1280 1276 1402 1329 ὑπτίη
1420 1278 1444 1315 i.

790 1348 823 1372 e.
843 1337 982 1384 supina,
1008 1334 1133 1384 plana,
1154 1337 1366 1385 campestris,
1387 1335 1447 1372 de-

784 1403 919 1441 pressa,
936 1396 1084 1429 auctore
1103 1392 1229 1439 suida,
1249 1392 1310 1441 qui
1322 1390 1447 1430 ύπτία

789 1447 908 1486 πεδία
930 1448 1077 1498 exponit
1100 1445 1148 1486 τοέ
1172 1443 1311 1498 ὁμαλά.
1351 1447 1447 1486 Lar-

790 1504 918 1541 cherus
934 1505 1175 1542 Horatianum
1191 1504 1278 1542 illud
1290 1505 1444 1554 profert:

787 1562 949 1610 supinum
989 1560 1116 1598 Tibur.
1152 1561 1355 1609 Schweigh.
1396 1561 1446 1597 ad

787 1616 948 1655 Iudicem
969 1617 1296 1669 Graecit.Appian.
1319 1630 1446 1655 aman-

789 1674 865 1711 dat.

850 1725 1040 1781 ὂῖννδρος]
1084 1729 1285 1769 Larcherus
1322 1730 1445 1767 invitis

790 1785 891 1823 libris
920 1786 1151 1824 scribendum
1189 1790 1313 1825 censet
1353 1783 1445 1825 εὔυ-

791 1843 886 1893 δρος
903 1843 925 1880 i.
948 1856 978 1880 e.
996 1845 1100 1893 aquis
1120 1845 1274 1892 irrigua,
1304 1842 1447 1880 laudat-

790 1912 862 1948 que
874 1899 937 1946 IV,
950 1899 1017 1946 47,
1037 1900 1097 1937 ubi
1117 1913 1184 1951 pro
1204 1897 1371 1951 εὔυδρος
1391 1899 1447 1936 bi-

789 1956 827 1992 ni
843 1956 924 1993 libri
942 1955 1124 2007 ἔνυδρος,
1155 1957 1255 2006 quod
1280 1956 1313 1993 h.
1337 1956 1360 1994 l.
1387 1968 1447 1993 re-

788 2013 948 2063 positum
984 2012 1159 2051 maluerat
1187 2013 1381 2050 Hennicke
1406 2012 1445 2049 in

789 2070 991 2107 Comment.
1010 2069 1057 2107 de
1077 2069 1216 2118 Geogr.
1236 2069 1346 2106 Afric.
1367 2069 1446 2107 He-

787 2126 867 2163 rod.
900 2139 985 2176 pag.
1027 2124 1094 2167 64.
1162 2125 1446 2163 Larcherianam

788 2183 1078 2220 emendationem
1090 2211 1102 2229 ,
1124 2183 1223 2232 quod
1240 2183 1368 2229 miror,
1388 2195 1445 2220 se-

787 2243 888 2276 cutus
909 2242 966 2276 est
983 2239 1359 2288 Schweighaeuserus‚
1376 2252 1444 2275 nos

785 2295 969 2345 vulgatam
993 2297 1234 2342 restituimus,
1258 2296 1371 2333 secuti
1391 2296 1446 2332 iu-

785 2352 917 2390 dicium
945 2352 1164 2391 Gaisfordii:
1208 2351 1445 2402 „Aegyptum

786 2409 883 2446 enim
908 2411 1012 2460 aquis
1032 2411 1206 2458 irriguam
1230 2413 1368 2446 temere
1389 2409 1445 2445 di-

787 2466 904 2512 xeris,
934 2478 1029 2516 quae
1054 2466 1130 2504 Nili
1153 2465 1269 2503 solum
1290 2465 1446 2504 inunda-

787 2522 947 2560 tionibus
967 2522 1248 2562 foecundeturf‘

844 2581 896 2632 τῇ
927 2578 967 2627 ἐξ
998 2575 1202 2630 Ἀθηνέων
1232 2575 1334 2633 ὁδῷ]
1371 2577 1445 2614 Pro

785 2630 1038 2687 Ἀθηναίων,
1069 2637 1170 2685 quod
1189 2635 1274 2672 olim
1294 2635 1446 2683 legeba-

788 2695 870 2739 tur,
909 2706 990 2730 cum
1023 2696 1176 2731 recentt.
1218 2691 1445 2742 reposuimus

786 2744 988 2800 Ἀθηνέων
999 2779 1010 2796 ,
1040 2749 1090 2786 uti
1107 2748 1273 2785 voluerat
1290 2748 1446 2784 Valcke-

787 2818 886 2853 nar.,
906 2807 969 2855 qui
995 2805 1063 2843 hac
1089 2807 1137 2844 de
1156 2805 1274 2841 forma
1293 2802 1444 2853 genitivi

786 2861 930 2899 laudat:
962 2862 998 2908 I,
1015 2863 1081 2903 98.
1099 2862 1171 2907 vl,
1191 2863 1280 2902 127.
1305 2859 1385 2904 VII,
1406 2861 1444 2899 6.

788 2920 856 2960 62.
882 2920 948 2960 90.
978 2918 1084 2966 Vffl,
1113 2919 1205 2960 100.
1231 2917 1324 2958 118.
1351 2916 1443 2956 120.
