1759 3324
359 295 444 334 426

755 294 1228 333 HERODOTI

336 400 751 460 6ὖπονοστήσαντος
787 407 867 448 τοῦ
903 407 1116 460 ποταμοῦ.
1173 403 1412 460 γενομένου
1451 402 1497 446 δὲ
1526 403 1624 447 τού-

358 499 442 527 του
469 483 698 532 τοιούτου,
730 485 774 526 οἱ
804 483 994 536 Πέρσαι,
1026 485 1149 537 οἵπερ
1181 483 1407 540 ἐτετάχατο
1437 480 1503 525 ἐπ’
1539 480 1624 526 αὐ-

359 565 422 621 τῷ’
451 561 592 619 τούτῳ
631 562 742 606 κατὰ
778 563 827 606 τὸ
867 562 1052 618 ῥέεθρον
1090 567 1170 607 τοῦ
1211 562 1457 620 Εὐφρήτεω
1494 565 1681 606 ποτα-65

360 645 472 696 μοῦ,
521 639 929 696 ὑπονενοστηκότος
971 641 1099 696 α’νδρὶ
1138 640 1197 694 ὥς
1234 642 1276 694 ἐς
1313 642 1447 699 μέσον
1481 640 1626 697 μηρόν

357 718 547 774 μάλιστά
575 736 650 774 κη,
681 719 790 762 κατοὶ
817 724 950 764 τοῦτο
981 720 1166 778 ἐσῄεσαν
1195 721 1238 771 ἐς
1264 721 1345 778 τὴν
1366 724 1623 777 Βαβυλῶνα.

331 804 354 838 7
363 799 422 840 Εἰ
449 797 530 853 μέν
559 814 643 840 νυν
671 797 1010 855 προεπύθοντο,
1061 799 1089 857 ἦ
1119 801 1286 856 ἔμαθον
1326 802 1371 844 οἱ
1409 797 1625 857 Βαβυλώ-

303 984 345 1009 ea
378 972 635 1020 coniungatur,
683 973 791 1021 atque
829 973 955 1009 iterum

303 1030 406 1065 exeat
434 1027 487 1076 (v.
510 1041 540 1065 c.
570 1028 610 1076 I,
641 1029 733 1069 104-
756 1030 847 1069 185·
874 1028 957 1076 VH,

305 1085 420 1132 109),
448 1084 545 1121 haud
569 1084 641 1122 tale
671 1088 747 1132 est,
778 1085 878 1133 quod
898 1098 959 1121 us-

303 1153 525 1190 quequaque
547 1141 695 1192 probari
721 1141 849 1191 possit.
879 1141 960 1179 Nec

303 1198 424 1247 ipsum
453 1198 548 1246 fugit
575 1198 689 1234 virum
717 1198 885 1245 doctum3
914 1198 959 1235 cf.

302 1253 443 1291 Herod.
476 1253 513 1302 l,
540 1256 635 1295 202.
683 1253 754 1301 IV,
791 1254 845 1296 51,
879 1253 959 1293 coll.

302 1308 471 1347 Eustath.
493 1311 540 1347 ad
561 1310 601 1348 ll.
623 1305 671 1359 ν’,
696 1313 791 1352 220.

358 1389 729 1445 ’ὕπονενοστηκότος
758 1389 876 1446 ἅνδρὶ
907 1392 964 1442 οἷς

302 1449 345 1498 ἐς
369 1449 489 1502 μέσον
530 1449 658 1502 μηρόν
685 1448 854 1503 μάλιστά
883 1451 960 1503 κη]

303 1508 326 1545 i.
349 1521 381 1546 e.
409 1509 470 1557 qui
491 1507 660 1557 (fluvius)
687 1521 865 1557 regressus
887 1513 961 1546 erat

303 1578 332 1602 s.
355 1564 551 1601 decreverat
584 1578 659 1602 eum
684 1567 720 1602 in
751 1566 889 1603 modum
920 1569 961 1603 ut

302 1623 380 1659 ‘viro
407 1620 556 1658 medium
581 1621 705 1672 femur
747 1624 811 1659 vix
845 1624 960 1659 attin-

301 1681 410 1727 geret.
481 1677 594 1721 Quod
642 1678 728 1714 olim
772 1678 960 1727 vulgatum

303 1738 384 1772 erat
404 1729 598 1786 ἀνδρείως
617 1733 704 1785 (pro
721 1728 872 1788 ἀνδρὶ),
889 1736 960 1772 iam

303 1791 442 1829 dudum
469 1791 642 1828 reiectum
661 1795 728 1829 est.

361 1874 397 1915 εἰ
414 1872 486 1941 μέν
504 1889 580 1915 νυν
598 1871 883 1927 προεπύθοντο
903 1896 961 1903 -—-

304 1926 400 1972 οὔδ’
443 1927 519 1977 ἂν,
573 1910 823 1983 περιϊδόντες
865 1929 961 1977 τούς

305 1986 464 2040 Πέρσας
487 2009 543 2016 —
573 1987 811 2037 διέφθειραν
848 1984 958 2026 κάκι-

305 2047 401 2091 στα]
445 2039 543 2083 οὐδ’
582 2039 634 2083 ἄν
675 2045 840 2082 dedimus
879 2057 958 2081 cum

305 2101 517 2137 Gaisfordio
540 2099 712 2137 librorum
737 2104 959 2138 vetustorum

303 2156 413 2193 iussu.
470 2155 569 2193 Nam
609 2157 708 2204 quod
742 2156 779 2193 in
810 2156 958 2205 quibus-

304 2213 389 2249 dam
416 2212 548 2261 legitur
579 2208 629 2251 ου’
665 2208 746 2262 μεὶν
785 2213 959 2261 quodque

303 2268 552 2316 Wesselingio
599 2268 741 2316 arrisit,
805 2268 956 2317 antiquo

306 2337 409 2362 more
439 2325 572 2361 dictum
611 2337 678 2374 pro
716 2320 765 2363 οὗ
787 2321 888 2375 μὴν,
919 2325 957 2362 id

305 2381 352 2418 ab
373 2380 441 2418 hoc
461 2380 564 2426 loco,
595 2381 654 2416 ubi
679 2381 883 2418 necessaria
902 2384 959 2418 est

305 2436 481 2487 particula
500 2433 573 2483 ἅν,
602 2436 755 2474 alienum
782 2450 865 2475 esse
892 2450 959 2474 ne-

306 2506 366 2530 mo
386 2506 460 2529 non
480 2492 588 2530 videt.
619 2492 752 2542 Neque
762 2498 958 2544 propterea

306 2549 535 2600 probaverim
568 2544 644 2587 min
680 2546 754 2598 ἂν,
808 2551 908 2599 qnod
937 2563 958 2587 e

306 2618 407 2643 mera
449 2605 654 2642 coniectura
701 2607 737 2642 in
767 2606 884 2643 Reizii
922 2611 960 2643 et

307 2661 598 2710 Schweighaens.
611 2662 786 2700 editiones
806 2662 959 2699 transiit.

308 2718 461 2755 Videtur
481 2718 576 2755 enim
594 2712 688 2756 ου’δὲ
707 2718 764 2755 hie
784 2719 957 2768 positum,

308 2778 347 2811 ut
365 2774 491 2811 fortius
516 2777 647 2822 neget,
679 2787 787 2823 quam
808 2774 960 2824 simplex

308 2830 470 2879 negandi
487 2830 663 2880 particula
684 2825 777 2878 οὐκ,
798 2830 959 2879 indeque

309 2886 539 2924 vertendum:
560 2888 710 2934 minime,
730 2899 959 2938 nequaquam.

309 2942 511 2982 Pertinebit
524 2955 632 2992 vero,
661 2955 779 2994 aeque
807 2955 851 2982 ac
871 2955 959 2995 par-

1024 967 1175 1009 ticula
1158 987 1209 1012 αν
1233 985 1307 1010 non
1327 971 1448 1010 minus
1480 973 1528 1009 ad
1556 977 1682 1022 περιι-

1027 1024 1163 1076 δόντες
1198 1042 1306 1079 quam
1345 1029 1392 1066 ad
1421 1026 1681 1096 διέφθειρανς

1027 1087 1127 1135 quod
1147 1087 1194 1123 de
1220 1085 1395 1136 particula
1425 1080 1476 1124 ἆ“ν
1507 1086 1601 1123 bene
1629 1085 1682 1121 vi-

1028 1143 1082 1179 dit
1114 1142 1302 1180 VVerferus
1352 1144 1390 1180 in
1416 1141 1513 1179 Actt.
1543 1140 1679 1192 philon.

1027 1198 1193 1236 Monacc.
1216 1197 1255 1246 I,
1277 1202 1303 1241 2
1335 1211 1423 1249 pag.
1441 1201 1545 1246 249,
1574 1198 1613 1235 in
1635 1211 1679 1236 eo

1029 1259 1170 1303 tamen,
1208 1254 1358 1306 opinor,
1398 1254 1544 1305 lapsus,
1580 1254 1679 1304 quod

1031 1307 1081 1352 ου’
1101 1307 1143 1351 δ’
1163 1307 1215 1350 div
1237 1311 1416 1349 distractis
1442 1311 1554 1349 literis
1574 1310 1680 1349 scribi

1030 1372 1175 1416 monet,
1212 1367 1375 1416 illudque
1407 1367 1561 1405 relatum
1587 1380 1680 1417 quo-

1031 1425 1228 1464 dammodo
1248 1424 1325 1461 vult
1344 1425 1392 1461 ad
1413 1425 1548 1462 similes
1568 1437 1680 1473 quos-

1029 1483 1113 1519 dam
1133 1481 1253 1528 locos,
1283 1480 1345 1517 ubi
1375 1477 1448 1531 μὲν
1477 1486 1514 1518 et
1539 1477 1582 1519 δὲ
1611 1479 1678 1517 sibi

1028 1538 1181 1576 invicem
1209 1538 1261 1574 ita
1286 1537 1551 1587 respondentes
1578 1537 1679 1573 inve-

1027 1595 1125 1641 nias,
1184 1593 1351 1631 collectos
1390 1594 1436 1631 ab
1478 1594 1558 1644 ipso
1599 1592 1622 1629 l.
1654 1591 1678 1630 l.

1027 1663 1113 1702 pag.
1137 1653 1202 1691 96.
1232 1648 1393 1689 Maxime
1406 1663 1491 1688 vero
1511 1649 1680 1686 Gaisfor-

1028 1708 1078 1744 dii
1111 1706 1276 1756 displicet
1304 1706 1420 1753 ratio,
1466 1706 1529 1755 qui
1560 1704 1681 1754 negli-

1029 1763 1154 1812 gentia
1180 1762 1365 1813 scriptoris
1403 1762 1524 1812 potius
1569 1774 1680 1811 quam

1027 1819 1161 1857 librarii
1188 1819 1244 1855 hic
1271 1819 1467 1870 superioris
1491 1818 1678 1856 commatis

1028 1876 1209 1941 apodosin
1227 1875 1355 1913 deesse
1376 1875 1491 1912 videri
1510 1875 1616 1921 dicit,
1644 1887 1678 1912 v.

1028 1946 1065 1981 g
1093 1927 1307 1981 ἐσώθησαν
1337 1926 1387 1970 ἂν
1417 1944 1445 1968 ε.
1469 1930 1565 1967 aliud
1591 1930 1680 1979 quid

1027 1988 1244 2025 huiusmodi.
1273 1987 1456 2036 Equidem
1477 1987 1564 2024 nihil
1583 1987 1682 2024 desi-

1026 2045 1140 2092 dero,
1169 2044 1231 2080 ubi
1257 2044 1378 2080 omnia
1401 2044 1532 2082 adesse
1558 2043 1678 2081 video.

1025 2099 1124 2138 Nam
1162 2112 1256 2148 quae
1284 2101 1442 2150 protasis
1476 2103 1532 2137 est
1559 2099 1594 2138 εἰ
1622 2120 1679 2128 --

1025 2153 1311 2207 προεπύθοντο
1361 2151 1390 2207 ἢ
1438 2154 1593 2207 ἔμαθον
1641 2154 1684 2195 οἷ

1026 2208 1278 2264 Βαβυλώνιοι
1295 2227 1331 2250 κ.
1350 2227 1383 2250 τ.
1403 2215 1452 2260 λ.,
1472 2213 1506 2250 ei
1523 2225 1681 2263 respon-
1752 2208 1753 2242 i

1026 2270 1090 2306 det
1117 2270 1312 2320 apodosis:
1343 2264 1435 2308 οὐδ’
1470 2264 1523 2308 ἂν
1556 2275 1682 2320 περιϊ-

1027 2321 1162 2372 δόντες
1181 2348 1237 2353 -
1253 2324 1504 2376 dte-‹pflapocv
1544 2324 1679 2374 Neque

1027 2382 1165 2420 verbis:
1198 2382 1233 2422 εἰ
1262 2380 1353 2433 μέν
1381 2397 1477 2422 νυν
1504 2378 1680 2434 προεπύ-

1025 2442 1151 2477 θοντο
1172 2453 1206 2477 κ.
1226 2454 1257 2477 τ.
1281 2441 1313 2477 λ
1342 2440 1475 2476 desunt
1501 2451 1597 2488 quae
1621 2451 1680 2476 re-

1025 2496 1242 2545 spondeant.
1309 2495 1438 2533 Verbis
1479 2495 1575 2533 enim
1614 2494 1680 2531 ali-

1027 2556 1139 2600 quot,
1179 2564 1273 2600 quae
1309 2563 1455 2588 causam
1493 2551 1680 2589 continent

1025 2608 1275 2656 rationemque
1296 2607 1399 2656 quasi
1426 2607 1586 2644 reddunt
1603 2608 1680 2658 pri-

1025 2676 1151 2710 orum,
1190 2663 1411 2713 interpositis
1445 2663 1680 2713 (κατακληΐ-
1740 2702 1741 2707 ,

1028 2731 1164 2765 σαντες
1190 2716 1248 2771 γά
1263 2735 1284 2770 ρ
1313 2715 1364 2758 ἂν
1383 2740 1441 2747 -·
1459 2718 1602 2771 ἔλαβον
1625 2717 1678 2759 ἅν
1738 2739 1741 2768 j

1027 2786 1152 2823 σφεας
1180 2773 1234 2822 ὥς
1253 2775 1295 2815 ἐν
1317 2771 1485 2830 κύρτῃ),
1516 2778 1680 2826 sequitur

1025 2831 1160 2878 altera,
1198 2843 1293 2880 quae
1324 2833 1522 2883 opponitur
1556 2833 1680 2883 perio-
1736 2869 1738 2881 ‚

1025 2887 1114 2924 dus:
1152 2889 1247 2926 νῦν
1276 2885 1331 2928 δὲ
1357 2888 1400 2936 ἐξ
1427 2884 1678 2943 ἄπροσδοκή-
1735 2893 1759 2923 ²·

1023 2958 1096 2983 του
1126 2958 1162 2983 κ.
1184 2958 1216 2983 τ.
1236 2946 1271 2983 λ.
