1759 3324
6 1997 16 3324 .—·—-——-.-————-————.———--———-—

541 240 960 281 EUTERPE.
1012 240 1060 279 11.

1333 242 1418 282 6⁰7

134 354 335 398 Ξαύτῶν·
369 350 423 396 οὐ
445 348 528 406 γάρ
560 347 800 406 ἀκηκόεσάν
828 366 904 394 κω.
947 348 1083 401 θεοὺς
1112 348 1158 393 δὲ
1186 348 1418 404 προσωνό-

161 431 306 488 μασάν
334 443 468 486 σφεας
497 428 583 475 ἀπὸ
609 433 690 472 τοῦ
718 429 951 481 τοιούτου,
994 428 1062 472 ὅτι
1091 428 1239 485 κόσμῳ
1268 427 1417 479 θέντες

160 512 214 554 τὰ
242 509 381 554 πάντα
410 508 640 564 πρήγματα
678 509 751 552 καὶ
781 507 922 559 πάσας
956 506 1094 563 νομάς
1126 504 1252 563 εἶχον.
1305 508 1416 551 ἔπει-
1428 516 1471 550 10

159 606 231 634 τεν
258 589 322 639 δὲ,
361 587 523 643 χρόνου
551 591 716 631 πολλοῦ
753 585 1069 639 διεξελθόντος,
1119 586 1338 630 ἐπύθοντο
1368 586 1416 631 ἐκ

158 671 232 723 τῆς
270 665 496 720 Αἰγύπτου
534 664 776 721 ἀπικόμενοι
814 666 867 709 τὰ
903 665 1129 721 οὐνόματα
1170 670 1259 709 τῶν
1296 669 1416 709 θεῶν

157 750 245 790 τῶν
275 745 441 798 ἄλλων,
472 745 698 789 Διονύσου
729 745 774 788 δὲ
802 744 987 799 ὕστερον
1018 749 1164 802 πολλῷ
1182 743 1413 788 ἐπύθοντο.

128 826 233 869 3καὶ
262 823 366 880 μετά
406 824 567 880 χρόνον
604 823 988 880 ἐχρηστηριάζοντο
1026 825 1126 880 περὶ
1164 828 1251 867 τῶν
1282 820 1414 867 οὐνο-

154 903 300 960 μάτων
324 903 372 946 ἐν
400 901 621 959 Δωδώνῃ·
670 902 717 946 τὸ
744 903 828 959 γὰρ
859 903 909 960 δή
941 902 1154 959 μαντήϊον
1182 907 1312 946 τοῦτο
1343 917 1414 946 νε-
1426 908 1470 944 15

154 982 358 1038 νόμισται
399 980 687 1038 ἀρχαιότατον
722 986 812 1025 τῶν
856 981 904 1025 ἐν
927 982 1103 1039 “”Ελλησι
1143 983 1414 1038 χρηστηρίων

126 1061 300 1113 4εἶναι,
330 1062 403 1106 καὶ
431 1057 486 1118 ἦν
515 1061 592 1105 τὸν
620 1061 782 1118 χρόνον
811 1064 970 1105 τοῦτον
999 1065 1182 1117 μοῦνον.
1234 1061 1321 1104 ἐπεὶ
1351 1055 1413 1103 ὧν

157 1140 543 1198 ἐχρηστηριάζοντο
588 1140 635 1184 ἐν
673 1144 726 1198 τῇ
766 1140 966 1197 Δωδώνῃ
1005 1141 1049 1183 οἱ
1087 1139 1305 1195 Πελασγοὶ
1340 1139 1412 1191 „sl

155 1365 217 1410 ὅτι
235 1366 364 1423 κόσμῳ
385 1368 523 1416 θέντες
549 1365 596 1408 τά
615 1365 746 1408 πάντα

97 1422 306 1478 πρήγματα
325 1441 360 1465 κ.
382 1441 413 1464 τ.
432 1429 479 1472 λ.]
510 1427 533 1463 i.
553 1440 582 1464 e.
601 1439 637 1463 eo
657 1425 747 1476 quod

99 1495 209 1519 omnes
241 1495 296 1519 res
331 1483 447 1520 ordine
479 1486 673 1532 posuissent
704 1495 747 1519 ac

97 1538 362 1576 distribuissent.
420 1539 500 1576 Erit
524 1540 633 1589 igitur
660 1540 749 1577 deo-

97 1608 176 1632 rum
197 1608 329 1632 nomen
356 1594 489 1643 (θεοὶ)
509 1596 745 1633 derivandum

97 1663 119 1688 a
137 1653 249 1689 verbo
280 1655 439 1699 θεῖναι,
465 1651 645 1699 τιθέναι,
678 1664 744 1701 po-

96 1720 173 1744 nere
195 1737 206 1755 ,
236 1708 402 1744 collocare
422 1737 433 1755 ‚
467 1709 623 1757 indeque
651 1708 745 1744 ordi-

96 1776 199 1808 πειτα
229 1768 268 1800 ut
287 1764 378 1802 θεοὶ
404 1764 476 1801 sint
493 1765 529 1812 ii,
549 1765 610 1813 qui
626 1765 745 1800 omnia

97 1820 135 1856 in
151 1821 289 1857 mundo
308 1821 508 1858 ordinarint
526 1826 561 1858 et
571 1821 746 1857 constitu-

95 1876 199 1914 erint.
255 1876 346 1914 Inde
383 1877 552 1914 Clemens
590 1876 746 1914 Alexan-

96 1932 220 1970 drinus
258 1933 339 1970 libri
370 1934 476 1982 primi
505 1935 676 1970 Stromat.
706 1932 744 1969 in

96 1989 168 2026 fine
195 1989 302 2026 deum
332 1986 470 2038 (θεόν)
501 1990 634 2027 dictum
663 2002 744 2026 esse

96 2045 149 2082 ait
175 2042 285 2096 παροὶ
317 2042 391 2096 τήν
417 2045 533 2084 θέσιν
552 2045 618 2085 καὶ
632 2041 744 2092 τάξιν

95 2099 163 2140 καὶ
200 2099 274 2152 τήν
315 2100 587 2152 διακόσμησιν.
644 2102 744 2139 Hinc

94 2171 203 2208 porro
224 2154 316 2204 θεὸς
338 2158 527 2196 Eustathio
545 2159 582 2195 in
594 2159 743 2196 Homer.

93 2226 131 2264 p-
156 2214 262 2255 1148
284 2228 311 2251 S·
335 2218 455 2261 1202,
475 2217 500 2256 8
524 2219 581 2253 est
598 2213 621 2254 ό
642 2210 743 2253 πάν-

93 2284 142 2308 τα
163 2269 290 2317 τιθεὶς
316 2270 382 2309 καὶ
412 2273 552 2310 ποιῶν.
611 2270 659 2308 At
684 2271 743 2307 alii

94 2325 219 2374 aliter,
249 2328 295 2365 de
316 2328 447 2377 quibus
478 2328 549 2365 vid.
571 2328 743 2366 Creuzer.

94 2382 133 2418 in
164 2383 326 2432 Symbol.
354 2383 370 2420 I
402 2397 489 2434 pag.
524 2387 604 2426 169
640 2397 742 2433 seqq.

95 2437 164 2475 Est
189 2440 284 2476 enim
319 2445 465 2490 praeter
497 2440 585 2477 alios
625 2440 742 2488 Plato,

94 2494 158 2543 qui
181 2495 218 2531 in
252 2496 402 2546 Cratylo
441 2510 478 2546 p.
505 2499 610 2544 397,
633 2497 675 2533 C.
703 2496 739 2533 D

94 2547 218 2598 θεοὺς
236 2552 390 2589 derivari
406 2552 479 2589 vult
495 2566 517 2589 a
541 2554 651 2590 verbo
673 2551 741 2592 θέ-

95 2619 178 2654 ειν,
212 2611 253 2644 ut
289 2608 362 2656 dii,
400 2609 462 2657 qui
503 2609 741 2659 antiquissimi

94 2662 219 2710 fuere,
248 2664 334 2711 Sol,
363 2664 490 2712 Luna,
522 2665 662 2713 Terra,
682 2667 740 2702 Si-

97 2717 185 2754 dera
208 2723 244 2756 et
269 2720 446 2767 coelum,
471 2734 493 2758 a
511 2727 613 2758 motu
628 2751 638 2768 ‚
666 2735 738 2771 quo

97 2773 216 2809 sidera
234 2774 321 2813 haec
332 2776 497 2815 celeriter
505 2779 640 2815 moveri
652 2791 740 2815 con-

96 2828 308 2878 spiciuntur,
347 2833 415 2870 hoc
442 2835 646 2885 acceperint
673 2848 740 2871 no-

97 2895 193 2921 men.
251 2884 348 2924 Alias
376 2901 472 2927 nunc
503 2891 632 2929 tacebo
660 2895 739 2940 ety-

812 1368 990 1419 mologias
1010 1398 1021 1417 ‚
1057 1368 1127 1406 hoc
1163 1382 1273 1407 unum
1313 1368 1466 1417 addens,

813 1426 927 1464 videri
958 1438 1104 1475 quoque
1143 1425 1211 1463 hoc
1242 1439 1375 1463 nomen
1404 1439 1467 1463 co-

815 1487 964 1531 gnatum
994 1486 1054 1519 aut
1082 1482 1243 1520 eiusdem
1275 1484 1351 1520 fere
1381 1483 1463 1519 stir-

814 1539 871 1589 pis
896 1543 1007 1588 atque
1026 1538 1238 1576 Latinorum
1257 1539 1360 1585 deus,
1383 1539 1465 1586 Dis,

815 1596 1040 1632 Graecorum
1060 1592 1184 1643 Δεύς,
1214 1592 1365 1643 Σδεΰς,
1398 1608 1466 1632 un-

814 1653 861 1689 de
884 1648 986 1698 Ζεῦς
1013 1655 1143 1701 postea
1165 1656 1301 1697 ortum3
1331 1652 1463 1701 quibus

814 1708 979 1745 omnibus
1008 1707 1158 1756 aliisque
1195 1709 1344 1745 aliarum
1373 1721 1465 1757 gen-

812 1766 900 1800 tium
945 1764 1115 1800 similibus
1152 1765 1356 1801 nominibus
1406 1764 1465 1802 vix

814 1820 910 1857 aliud
961 1820 1048 1868 quid
1093 1820 1177 1857 olim
1233 1821 1463 1869 designatum

812 1877 924 1914 fuisse
951 1877 1117 1923 videtur,
1146 1877 1215 1913 nisi
1245 1878 1378 1914 domini
1403 1890 1464 1914 su-

812 1933 927 1984 premi
941 1933 1136 1970 notionem.

870 1987 1065 2028 ἕπειτεν
1092 1987 1156 2037 δὲ,
1196 1984 1344 2041 χρόνον
1370 1991 1463 2028 πολ·

811 2047 884 2083 λοῦ
899 2041 1173 2093 διεξελθόντος
1191 2061 1226 2083 κ.
1239 2061 1271 2083 τ.
1282 2044 1329 2095 L]
1350 2046 1464 2089 Quod

811 2101 894 2138 olim
913 2101 1102 2151 legebatur
1121 2101 1206 2141 ἐπεί
1232 2116 1272 2140 τε
1301 2099 1363 2149 δὲ,
1392 2115 1461 2152 pro

811 2156 982 2205 ἔπειτεν,
1014 2160 1134 2196 denuo
1152 2163 1272 2196 tuetur
1300 2158 1463 2196 Benedi-

810 2219 886 2252 ctus
908 2215 945 2252 in
962 2214 1056 2252 Aett.
1075 2215 1196 2265 philol.
1209 2215 1461 2265 Lips.p.287;

808 2271 859 2307 ita
876 2275 917 2308 ut
936 2272 1108 2321 periodus
1136 2272 1181 2308 ab
1199 2272 1266 2308 hac
1284 2271 1462 2321 particula

808 2327 983 2378 incipiens
1016 2329 1064 2365 ad
1105 2329 1214 2365 finem
1245 2328 1371 2377 capitis
1399 2341 1462 2365 us-

810 2397 883 2433 que
914 2389 1100 2433 excurrat,
1130 2385 1320 2433 aliquoties
1347 2384 1461 2421 inter-

810 2445 917 2491 rupta
942 2441 1019 2478 aliis
1058 2441 1255 2479 interiectis
1282 2441 1459 2490 periodis,

808 2497 1034 2534 anacoluthia
1063 2501 1262 2535 structurae
1288 2496 1459 2534 laborans

809 2558 845 2590 et
861 2554 1107 2592 additamento
1128 2554 1226 2592 verbi
1257 2550 1459 2593 ἐπύθοντο

808 2610 921 2648 altera
957 2612 1034 2648 vice
1071 2624 1093 2648 a
1127 2611 1280 2648 librariis
1314 2610 1457 2647 adiecti.

809 2667 914 2710 Quae
942 2671 1065 2704 tamen
1093 2667 1222 2704 merito
1259 2667 1457 2705 editoribus

805 2724 1025 2773 persuadere
1044 2723 1103 2761 ille
1127 2736 1202 2760 non
1218 2727 1373 2773 poterat.
1401 2744 1457 2751 —-

805 2779 864 2816 Ad
887 2779 1147 2829 subsequentia
1174 2781 1270 2817 conf.
1294 2792 1389 2828 quae
1405 2779 1455 2816 ad

806 2835 860 2883 II,
883 2837 936 2878 50
955 2837 1032 2873 init.
1053 2836 1217 2873 diximus.

862 2894 907 2934 εἶ
935 2890 1251 2941 ἀνέλωνται]
1293 2895 1456 2933 Coniun-
