1759 3324
17 381 117 428 136
141 376 220 428 κάς
256 377 458 420 κτῶνται.

617 260 921 302 cL10.1.

1324 259 1410 299 319

528 372 823 429 Ἀνδραγαθίη
859 366 904 415 δ’
950 368 1062 426 αὕτη
1102 364 1411 418 ἀποδέδεκται,

1469 362 1595 392 Suboles
1605 373 1744 394 numero-

1469 405 1504 423 sa
1515 418 1524 431 ‚
1534 399 1669 432 patribus
1680 401 1743 428 lau—

1469 429 1499 457 di
1517 436 1547 458 et
1565 431 1688 460 honori:
1709 434 1744 460 li-

139 455 246 514 μετὰ
297 453 346 499 τό
387 452 605 510 μάχεσθαι
643 450 757 497 εἶναι
793 448 990 507 ἀγαθὸν,
1047 446 1098 499 ὃς
1134 445 1188 489 ἂν
1217 443 1408 496 πολλοὺς
1464 463 1603 494 berorum
1635 466 1743 495 educa-

140 533 330 591 ἀποδέξῃ
360 535 542 584 παῖδας·
572 535 635 592 τῷ
663 532 710 576 δὲ
733 530 838 581 τοὺς
865 531 1094 579 πλείστους
1123 523 1408 571 ἀποδεικνύν-

137 631 201 666 τι,
244 615 368 668 δῶρα
400 611 603 669 ἐκπέμπει
641 609 666 656 ὁ
699 608 902 668 βασιλεὺς
943 606 1026 650 dvo}
1066 610 1157 649 πᾶν
1193 605 1300 658 ἔτος.
1359 601 1409 648 τό

110 692 313 738 Ξπολλὸν
352 690 398 736 δ’
438 690 616 749 ἡγέαται
656 689 838 747 ἰσχυρὸν
879 686 1003 732 εἶναι.
1062 685 1328 731 παιδεύουσι
1357 684 1433 728 δὲ1

137 772 243 824 τούς
272 775 456 827 παῖδας,
490 770 574 816 ἀπὸ
602 770 854 820 πενταέτεος
883 765 1121 825 ἀρξάμενοι
1146 767 1271 823 μέχρι
1300 767 1407 809 εἰκο-

82 949 281 1000 opponitur
328 947 450 999 pellex
486 961 515 985 ε.
544 942 740 997 παλλακή.

82 1005 223 1043 Vocula
252 1005 334 1055 ipsa
369 1005 586 1050 H01nerica3
616 1008 655 1041 ut
683 1005 742 1041 vix

83 1074 304 1112 quemquam
341 1063 448 1110 fugit.
509 1061 562 1099 Ac
595 1064 741 1111 praeter

82 1119 314 1157 Herodotum
344 1123 522 1156 testantur
555 1116 613 1154 alii
647 1130 740 1166 quo-

82 1187 155 1225 que
175 1176 368 1225 scriptores
383 1204 393 1223 ‚
424 1188 445 1212 a
465 1174 652 1212 Brissonio
671 1173 692 1210 l.
715 1173 738 1210 l.

81 1231 116 1269 II
136 1230 173 1282 ἓ.
191 1232 270 1273 154
288 1231 446 1279 laudati,
458 1231 579 1269 Persis
596 1230 738 1268 licuisse

80 1287 284 1339 complures
307 1289 440 1326 ducere
457 1301 584 1325 uxores
603 1287 650 1323 ob
668 1299 737 1323 nu·-

81 1357 247 1382 merosae
277 1344 410 1381 sobolis
432 1343 736 1395 procreationem,

80 1412 123 1438 ac
150 1404 340 1451 praeterea
373 1404 555 1450 quotquot
590 1398 735 1446 vellent,

77 1456 236 1508 pellices,
293 1456 500 1494 Discrimen
528 1460 651 1494 tamen
678 1455 735 1492 in·-

78 1517 136 1550 ter
164 1518 358 1562 utrumque
393 1513 581 1551 mulierum
617 1525 733 1561 genus

79 1569 194 1618 ubivis
246 1570 477 1607 observatum
532 1570 734 1606 invenimus

79 1639 159 1664 cum
187 1626 409 1677 privatorum
430 1627 468 1663 in
488 1626 638 1664 aedibus
657 1629 734 1663 tum

79 1695 207 1731 regum
233 1683 270 1719 in
291 1683 383 1720 aula.
429 1683 538 1720 Conf.
561 1682 737 1720 Heerenii

78 1737 192 1777 ldeen
211 1742 280 1777 etc.
299 1738 340 1787 Ι,
364 1742 386 1780 1
416 1752 503 1790 pag.
527 1738 622 1780 468.

232 1823 264 1861 C
276 1837 297 1861 a
308 1837 347 1875 p.
376 1823 583 1862 CXXXVI.

134 1903 389 1961 ἀνδραγαθίη
426 1905 468 1948 δ’
503 1903 606 1959 αὕτη
636 1902 735 1946 ἄπο-

79 1963 256 2006 ὃέδεκται
274 1980 308 2004 κ.
333 1980 363 2004 τ.
383 1968 431 2012 L]
462 1966 484 2002 i.
505 1979 536 2003 e.
561 1968 643 2016 post
662 1964 732 2001 bel-

77 2021 184 2060 licam
212 2022 463 2072 sortz'tmlt‘nem
495 2022 556 2059 leoc
588 2021 735 2058 liabetur

80 2091 124 2116 ac
144 2078 343 2117 declaratur
371 2080 453 2116 boni
475 2081 548 2116 viri
573 2078 733 2129 officium

80 2149 109 2174 s.
135 2138 174 2173 in
199 2148 236 2173 eo
270 2139 423 2174 cernitur
452 2136 559 2173 bonus
588 2138 662 2183 vir,
701 2137 735 2173 si

58 2194 157 2243 'quis
192 2193 318 2230 multos
351 2195 588 2243 procreaverit
616 2192 731 2243 filios.

80 2247 124 2286 ln
153 2262 225 2299 quo
250 2251 482 2289 observamus
509 2263 614 2287 usum
645 2262 733 2300 pro·

79 2305 232 2350 nominis
268 2303 292 2347 ὃ
301 2321 321 2354 ς
353 2302 405 2346 ἂν
444 2310 620 2356 sequente
646 2319 734 2343 con-

81 2359 258 2411 iunctivo,
285 2364 347 2401 ubi
366 2363 579 2415 particulam
605 2361 641 2401 εἰ
667 2375 730 2400 ex-

84 2419 282 2467 spectabas.
327 2419 527 2468 Excitavit,
556 2423 730 2458 monente

87 2472 174 2522 Ca,
198 2474 291 2514 hanc
319 2477 355 2513 in
373 2490 449 2515 rem
471 2477 652 2526 quosdam
675 2476 731 2513 lo-

85 2541 145 2567 cos
185 2530 418 2570 Heindorfius
462 2534 510 2570 ad
567 2533 730 2570 Platonis

85 2583 266 2626 Phaedon.
285 2603 320 2639 p.
334 2589 399 2631 54.
412 2589 573 2640 Sophist.
585 2603 621 2640 p.
633 2591 730 2638 388,

85 2643 198 2679 nostri
215 2642 281 2681 loci
293 2645 391 2683 haud
409 2647 618 2691 immemor,
638 2659 732 2695 quo—

85 2709 164 2734 cum
189 2701 280 2737 conf.
302 2714 395 2750 quae
421 2702 601 2741 Matthiae
619 2703 731 2740 habet

84 2752 123 2789 in
144 2753 300 2793 Gramm.
318 2758 448 2797 Graec.
469 2758 507 2811 ὃ
517 2759 599 2801 481
611 2763 687 2797 not.
702 2761 726 2801 1

84 2821 170 2859 pag.
189 2812 280 2852 900.

140 2864 198 2904 De
215 2874 425 2918 argumento
437 2870 507 2909 loci
523 2871 729 2910 consulatur

84 2919 285 2963 Brissonius
301 2925 323 2963 l.
343 2926 366 2964 l.
402 2926 484 2966 Nec
509 2930 611 2981 apud
638 2928 727 2967 alias

810 944 977 982 nationes
998 941 1201 980 huiusmodi
1219 942 1381 992 praemia
1392 957 1461 981 πο-

808 1001 1020 1046 λυπαιδίας
1052 1012 1125 1036 non
1171 999 1349 1037 exstitisse
1392 999 1462 1036 sci-

807 1071 909 1104 mus3
929 1058 1178 1095 Romanorum
1195 1060 1336 1093 tantum
1357 1069 1461 1094 men-

807 1116 943 1152 tionem
960 1114 1046 1151 facit
1070 1113 1137 1150 Cr.
1165 1113 1328 1162 legisque
1350 1113 1460 1149 Iuliae

808 1184 850 1208 ac
867 1171 1004 1222 Papiae
1021 1170 1220 1219 Poppaeae
1248 1169 1316 1206 hac
1345 1170 1392 1206 «le
1421 1183 1460 1206 re

804 1227 911 1265 latae.
968 1227 1029 1265 De
1047 1226 1178 1275 quibus
1193 1226 1265 1262 vid.
1287 1226 1458 1263 Heinecc.

803 1285 996 1332 Syntagm.
1018 1281 1170 1331 Antiqq.
1197 1282 1457 1332 Iurisprudent.

802 1340 992 1377 illustrant.
1013 1339 1054 1385 Ι,
1074 1340 1127 1380 25
1150 1337 1233 1389 §.4
1251 1351 1354 1388 seqq.
1369 1351 1459 1376 eun-

803 1397 960 1446 demque
985 1396 1033 1432 ad
1060 1395 1107 1434 L.
1139 1395 1269 1432 Iuliam
1305 1399 1342 1432 et
1368 1394 1458 1446 Pap.

800 1452 883 1491 Lib.
902 1453 916 1489 I
947 1466 1002 1502 cp.
1022 1455 1059 1494 2.

858 1506 902 1550 τὸ
926 1506 1075 1548 πολλόν
1097 1502 1139 1548 δ’
1163 1500 1328 1560 ’ἡγέαται
1352 1506 1459 1559 ἰσχυ-

803 1563 876 1619 ρόν
894 1562 1022 1616 εἶναι]
1054 1566 1159 1604 Haec
1184 1565 1364 1615 prioribus
1394 1578 1457 1603 ex-

802 1624 961 1674 plicandi
990 1635 1100 1660 causa
1131 1623 1283 1660 adiecta.
1341 1621 1460 1659 Nam-

803 1681 938 1730 quein
978 1679 1208 1716 multitudine
1254 1678 1372 1726 (haec
1401 1682 1459 1716 est

801 1736 984 1774 Herodoti
1002 1736 1200 1784 sententia)
1211 1735 1323 1772 robur
1339 1736 1459 1773 inesse

805 1793 1031 1840 existimant,
1056 1791 1217 1841 illudque
1235 1792 1283 1828 ad
1304 1792 1457 1829 civitatis

804 1850 1078 1901 amplitudinem
1104 1848 1298 1899 plurimum
1322 1850 1456 1895 facere,

804 1908 834 1944 si
853 1919 988 1955 magna
1017 1905 1213 1943 incolarum
1234 1905 1338 1955 copia
1365 1917 1458 1955 gau-

803 1965 899 2002 deat.
927 1963 1019 2000 lnde
1035 1976 1110 1999 non
1125 1962 1253 1999 mirum
1266 1974 1329 2000 eos
1348 1960 1456 2000 valde

802 2020 971 2058 honorari
991 2019 1237 2070 praemiisque
1250 2019 1384 2067 ornari,
1393 2018 1456 2068 qui

799 2077 971 2128 plurimos
993 2076 1187 2125 genuerint
1214 2075 1319 2113 filios.

856 2130 1094 2172 παιδεύουσι
1122 2130 1165 2172 δὲ
1192 2129 1286 2179 τούς
1307 2130 1456 2179 παῖδας

800 2205 835 2229 κ.
848 2205 880 2229 τ.
892 2188 947 2241 λ.]
970 2190 1030 2228 De
1042 2193 1221 2227 structura
1239 2189 1341 2227 verbi
1363 2204 1456 2228 παι-

801 2243 936 2287 δεύειν
972 2260 1053 2284 cum
1082 2245 1217 2297 duplici
1247 2247 1454 2283 accusativo

800 2309 836 2342 et
854 2317 1036 2355 personae
1055 2307 1092 2341 et
1108 2304 1160 2341 rei
1188 2303 1247 2340 vix
1268 2316 1361 2354 opus
1386 2304 1455 2340 ad·-

795 2374 955 2399 monere.
1016 2361 1126 2397 Conf.
1162 2363 1285 2398 tamen
1321 2359 1453 2397 Matth.

797 2416 932 2469 §.418
954 2430 1008 2467 sq.
1031 2430 1068 2468 p.
1089 2419 1185 2458 766.
1223 2416 1283 2454 Ad
1313 2431 1453 2456 πεντα-

797 2474 903 2523 έτεος
921 2474 1025 2512 facile
1039 2473 1283 2524 supplendum
1296 2468 1453 2520 παιδός.

795 2531 855 2569 De
881 2544 922 2568 re
953 2531 1185 2568 consentiunt
1212 2543 1292 2568 cum
1311 2530 1452 2568 Nostro

796 2588 931 2625 Strabo
958 2587 1030 2624 XV
1064 2600 1152 2638 pag.
1183 2588 1291 2634 733,
1330 2586 1365 2624 D
1392 2587 1452 2625 ed.

796 2644 957 2682 Casaub.
988 2648 1100 2693 atque
1135 2643 1304 2681 Valerius
1332 2642 1453 2681 Maxi-

794 2714 875 2740 mus
895 2701 969 2749 Vl,
988 2704 1015 2743 2
1044 2699 1082 2752 ἓ.
1105 2702 1150 2748 1,
1179 2701 1249 2737 nisi
1271 2701 1372 2750 quod
1399 2700 1453 2738 le-

795 2759 888 2796 viter
913 2759 950 2794 in
979 2771 1077 2794 anno
1104 2758 1329 2795 educationis
1358 2757 1452 2794 defi-

794 2815 931 2853 niendo
965 2813 1208 2862 dissentiunt,
1246 2813 1304 2851 ille
1341 2825 1452 2862 quar-

794 2875 893 2919 tum,
914 2871 972 2908 hic
997 2871 1191 2921 septimum
1207 2883 1363 2921 ponens.
1391 2868 1452 2906 De

793 2927 951 2966 filiorum
996 2927 1181 2977 regiorum
1224 2925 1452 2964 institutione

1464 497 1518 527 tio.
