1759 3324
626 258 844 298 CLIO.
901 258 930 296 1.

1328 261 1410 303 291

149 407 174 426 „
185 370 466 428 δουλούμεθά
493 385 557 420 τε,
586 368 660 412 καὶ
686 366 825 424 λόγου
855 365 1039 419 οὐδενός
1065 368 1283 426 γινόμεθα
1300 370 1412 424 πρός

121 462 176 505 8,,
190 455 412 508 Περσέων,
458 448 601 500 ἐόντες
631 449 793 511 ξεῖνον,
827 447 900 491 σέο
932 445 975 491 δ’
1006 447 1261 501 ἐνεστεῶτος
1288 451 1410 506 βασι-

148 532 302 585 ,,λεός,
334 528 483 579 ε’όντος
513 527 749 584 πολιήτεω,
780 528 854 571 καὶ
877 526 1068 584 ἄρχομεν
1089 527 1140 572 τό
1161 528 1314 585 μέρος,
1337 528 1411 572 καὶ
1466 543 1520 583 61

148 608 307 665 ,,τιμάς
335 607 444 663 πρὸς
469 606 542 651 σέο
571 604 760 664 μεγάλας
789 607 954 664 ἔχομεν.
996 606 1113 652 οὕτω
1143 602 1207 652 ὦν
1233 607 1409 660 πάντως

146 689 287 745 ,,ἡμῖν
337 689 409 731 σέο
445 703 491 730 τε
530 687 606 731 καὶ
643 690 719 744 τῆς
757 689 835 743 σῆς
869 685 1004 744 ἀρχῆς
1031 687 1278 742 προοπτέον
1306 687 1409 732 ἐστι’.

118 776 173 821 9,,
185 769 258 812 καί
285 771 371 811 νῦν
399 769 437 811 εἰ
466 766 665 824 φοβερόν
696 783 737 810 τι
766 765 989 822 ἑωρῶμεν,
1019 770 1109 810 πᾶν
1138 766 1194 811 ἄν
1213 778 1284 810 σοι
1304 774 1467 823 προ-55

146 881 170 900 ,,
182 846 447 904 εφροέζομεν·

505 850 591 890 νῦν
630 845 677 890 δὲ
716 844 1053 903 ἀποσκήψαντος
1089 850 1171 890 τοῦ
1199 846 1411 890 ἐνυπνίου

144 926 223 979 ,,ἐς
251 931 477 983 φλαῦρον,
522 926 651 970 αὐτοί
688 942 732 969 τε
767 925 1037 981 θαρσέομεν,
1084 925 1157 969 καὶ
1187 927 1256 970 σοὶ
1288 927 1410 982 ἕτερα

145 1039 171 1059 ,,
183 1010 366 1050 τοιαῦτα
396 1004 804 1063 παρακελευόμεθα·
835 1004 912 1048 τὸν
942 1004 988 1048 δὲ
1015 1007 1152 1049 παῖδα
1180 1010 1339 1050 τοῦτον
1367 1006 1410 1059 ἐξ

147 1085 428 1143 »ὀφθαλμίαν
456 1085 712 1142 απόπεμψαι
741 1084 785 1137 ἐς
815 1083 991 1140 Πέρσας
1016 1101 1060 1128 τε
1088 1085 1162 1129 καὶ
1194 1085 1299 1138 τούς
1326 1101 1410 1142 γει-

26 1168 123 1214 121
149 1168 417 1222 ,,ναμὲνους
420 1171 445 1190 “
496 1163 708 1216 Ἀκούσας
752 1168 890 1208 ταῦτα
926 1164 950 1209 ὁ
985 1164 1241 1222 Ἀστυαγης,
1275 1165 1405 1222 ἐχάρη
1419 1171 1563 1209 600yrn2=

148 1262 217 1300 τε,
253 1246 329 1290 καὶ
363 1245 546 1297 καλέσας
580 1244 660 1289 τόν
687 1246 865 1299 Κῦρον,
914 1243 1027 1300 ἔλεγέ,
1065 1246 1109 1288 οἱ
1142 1243 1263 1289 τάδε

1601 1173 1709 1201 ιιΡοηι
1711 1175 1737 1200 ἰ-

1463 1216 1509 1234 ann
1537 1207 1575 1234 ad
1599 1212 1740 1242 patentes

148 1330 283 1378 ,,παῖ,
325 1325 370 1370 σὲ
399 1325 483 1381 γάρ
513 1325 596 1381 ἐγώ
625 1323 679 1369 δι’
708 1322 814 1377 ὄψιν
842 1322 1017 1380 ὀνείρου
1056 1321 1112 1369 οὐ
1140 1322 1289 1381 τελέην
1316 1323 1408 1382 ἡδί-

93 1511 146 1550 sic
157 1510 286 1549 dicitur
306 1511 345 1549 in
360 1510 520 1561 aliquem
538 1508 747 1562 περιϊέναι,

93 1570 320 1618 περιελθεῖν
358 1572 395 1606 et
430 1581 524 1617 quae
554 1569 631 1605 eius
664 1572 750 1604 sunt

94 1625 252 1674 generis,
304 1625 413 1661 conf.
432 1624 572 1662 Herod.
594 1623 641 1672 ΙΙ,
657 1626 747 1665 120.

92 1681 170 1728 ΙΙΙ,
193 1680 260 1721 65.
289 1679 381 1722 140.
420 1680 493 1728 VI,
520 1682 612 1721 111.
646 1679 686 1727 Ι,
708 1683 747 1721 7.

95 1740 162 1779 96.
194 1738 287 1777 187·
314 1739 409 1779 210
458 1736 560 1774 Alios
597 1736 749 1774 aliorum

94 1793 195 1831 locos
226 1793 298 1830 vid·
323 1794 361 1830 in
396 1791 625 1831 Valckenarii
660 1797 750 1830 nota

95 1850 145 1888 ad
164 1849 199 1886 h
222 1848 245 1887 l.
273 1870 328 1877 ——
338 1844 474 1914 λόγου
504 1844 667 1896 ουδενός
691 1848 749 1901 γί-

95 1909 240 1946 νεσθαι
267 1900 369 1956 πρός
395 1921 503 1952 τινος
533 1911 609 1944 est:
659 1906 750 1943 m'lzz'l

95 1964 278 2001 aestimari
303 1962 348 2000 ab
378 1962 516 2013 alique,
542 1962 636 2000 nullo
661 1962 748 2010 loco,

94 2019 193 2057 nullo
217 2031 256 2056 m
279 2031 418 2056 numero
445 2019 574 2057 habere.
633 2020 747 2057 Com-

95 2079 268 2127 parentur
295 2075 426 2113 similia
446 2077 546 2126 apud
570 2074 749 2113 Nostrum

95 2133 294 2182 quaedam:
335 2131 376 2181 I,
409 2131 499 2174 143.
545 2132 621 2180 111,
655 2131 748 2175 146.

95 2188 160 2237 IV,
180 2188 270 2230 135.
300 2188 374 2236 IX,
405 2191 480 2237 80,
500 2188 581 2226 alia.

32 2252 39 2255 “
154 2243 219 2284 σέο
242 2240 285 2284 δ’
309 2244 615 2292 ἐνεστεῶτος
638 2244 751 2297 βασι·

97 2298 206 2348 λὲος]
238 2299 422 2349 ενεστεως
439 2302 486 2340 de
505 2315 615 2352 rege,
643 2302 750 2352 quasi

97 2359 154 2411 τῷ
179 2354 322 2413 θρόνῳ
354 2355 540 2405 ἓνεστεως
569 2359 660 2406 dici,
705 2371 750 2397 ex

98 2412 169 2452 hoc
194 2414 273 2452 loco
300 2416 488 2452 annotavit
505 2414 681 2453 Valcken.
702 2415 751 2452 ad

100 2468 165 2517 ΠΙ,
181 2473 247 2513 66.
275 2471 353 2509 Sed
363 2472 485 2522 possis
500 2484 648 2521 quoque
668 2484 750 2509 cum

101 2525 303 2576 Schweigh.
324 2524 488 2574 ε’νεστως
516 2528 681 2579 accipere
706 2540 750 2566 eo

103 2594 227 2630 sensu,
245 2596 317 2633 quo
334 2581 580 2635 κατεστηκτός
596 2584 654 2622 vel
671 2579 750 2623 ὧν·
738 2614 750 2633 ,

104 2649 321 2688 quamquam
339 2640 664 2679 Valckenarianam
692 2653 752 2678 ra-

107 2693 243 2732 tionem
272 2700 309 2734 et
337 2699 592 2736 accuratiorem
618 2700 657 2736 et
688 2709 752 2735 ex-

106 2749 326 2798 quisitiorem
340 2753 454 2792 videri
477 2767 553 2792 non
568 2766 679 2804 nego.
707 2753 751 2791 In

105 2816 210 2856 seqq
257 2803 608 2861 ἀποσκήπτειν
651 2810 751 2848 idem

106 2860 184 2899 sere
204 2863 302 2911 quod
319 2863 564 2918 ἐξέρχεσθαι,
594 2861 752 2930 ἐξήκειν

109 2916 157 2955 de
184 2918 384 2969 insomnio,
413 2924 513 2974 quod
538 2923 670 2963 exitum
695 2922 752 2961 in-

816 1510 916 1547 venit
942 1523 971 1548 S.
998 1509 1182 1561 expletur,
1220 1511 1271 1548 ita
1298 1514 1339 1548 ut
1367 1505 1466 1551 α’πο·

818 1561 1008 1617 σκήπτειν
1026 1566 1065 1613 ἐς
1090 1569 1151 1616 φλ
1162 1569 1222 1606 αὖ
1233 1582 1255 1620 ρ
1267 1582 1288 1607 ο
1303 1582 1327 1607 ν
1346 1567 1466 1617 (euius

815 1622 896 1660 loco
916 1624 1011 1662 male
1031 1624 1180 1673 quidam
1201 1624 1282 1662 libri
1297 1627 1468 1675 φαῦλον,

816 1679 915 1717 haud
929 1693 1012 1717 rara
1032 1683 1130 1718 certe
1151 1681 1382 1731 confusione)
1399 1682 1465 1719 sit:

815 1737 853 1773 in
871 1748 941 1773 rem
964 1736 1098 1774 nullius
1117 1740 1280 1775 momenti
1290 1752 1320 1775 s.
1338 1741 1466 1787 exigu-

814 1804 873 1829 am
891 1795 1010 1840 exire,
1039 1793 1164 1830 cedere.
1203 1794 1312 1832 Conf.
1332 1795 1381 1832 ad
1400 1795 1470 1831 ini-

815 1850 905 1887 tium
922 1849 1049 1900 capitis
1067 1851 1215 1887 monita.

871 1904 942 1944 καὶ
973 1904 1036 1945 σοὶ
1070 1904 1222 1959 ε’τερα
1249 1921 1398 1946 τοιαυ
1414 1922 1472 1946 τα

816 1957 1196 2014 παρακελευόμεθα]
1239 1962 1362 2027 ⁸e'vepoc
1394 1978 1473 2003 τοι-

819 2021 921 2058 αῦτα
932 2024 1018 2056 sunt
1037 2019 1114 2056 alia
1126 2019 1247 2057 tali'a
1237 2033 1260 2060 1.
1274 2034 1306 2058 e.
1325 2021 1472 2068 similia,

816 2079 854 2114 et
874 2076 1037 2114 adverbii
1058 2080 1263 2126 potestate,
1299 2077 1471 2115 simi'lzter.

815 2131 913 2170 Hinc
933 2146 1014 2170 cum
1040 2133 1323 2182 VVyttenbachio
1343 2134 1381 2171 in
1402 2134 1472 2172 Se-

816 2188 914 2226 lectt.
941 2189 1120 2227 historice.
1142 2202 1228 2241 pag.
1250 2190 1333 2232 352
1363 2191 1476 2229 verti-

817 2257 898 2283 mus
916 2246 952 2283 h.
971 2246 1013 2283 l.:
1042 2250 1108 2294 „et
1125 2248 1196 2296 ipsi
1214 2247 1420 2298 confidimus
1440 2250 1475 2284 et

818 2305 852 2339 te
869 2304 952 2339 item
972 2303 1140 2353 confidere
1161 2303 1380 2342 hortamur.“
1400 2304 1476 2348 Qui

817 2358 916 2397 idem
932 2359 986 2396 vir
997 2360 1068 2397 alia
1091 2361 1223 2398 excitat
1241 2360 1346 2398 huius
1368 2360 1475 2397 dicti-

818 2415 898 2452 onis
917 2416 1102 2467 exempla3
1128 2429 1173 2454 ex
1189 2416 1381 2455 Herodoto
1394 2417 1475 2454 lau-

818 2472 884 2509 dat
902 2471 941 2518 Ι,
963 2475 1054 2514 191
1083 2475 1177 2514 207.
1208 2472 1261 2521 ΙΙ,
1288 2475 1380 2516 150
1409 2473 1475 2521 ΙΙΙ,

819 2527 886 2569 47.
914 2530 981 2569 79.
1009 2547 1067 2558 --
1101 2529 1144 2566 In
1169 2529 1243 2567 fine
1275 2530 1401 2581 capitis
1435 2529 1479 2569 οῖ

817 2599 1045 2636 γειναμενοι
1064 2585 1153 2636 poni
1170 2598 1239 2636 pro
1269 2586 1310 2626 οἱ
1329 2588 1475 2638 γονεῖς,

818 2641 1048 2692 participium
1067 2655 1136 2693 pro
1147 2642 1388 2690 substantivo,
1398 2655 1479 2680 mo-

817 2702 882 2736 net
898 2697 1078 2737 Matthiae
1096 2697 1134 2750 §
1158 2698 1242 2740 570
1258 2713 1296 2750 p.
1308 2701 1430 2742 1126·

1007 2781 1118 2834 Cap.
1148 2782 1284 2820 CXXI.

876 2861 926 2906 δι’
947 2862 1047 2918 ὄψιν
1074 2861 1235 2918 όνείρου
1261 2862 1320 2906 οὗ
1350 2864 1480 2905 τελέ-

819 2925 909 2974 ην]
938 2923 963 2961 i.
983 2936 1017 2961 e·
1049 2926 1190 2974 propter
1216 2924 1344 2961 somnii
1366 2924 1481 2961 visum

1165 2979 1220 3018 19
1242 2979 1260 3000 *

1321 1240 1407 1297 „5⁴52
1463 1241 1492 1269 di
1485 1250 1533 1269 imi
1527 1242 1613 1269 i.ssus
