1777 3324
529 261 948 303 EUTERPE.
1001 261 1047 298 ΙΙ.

1323 262 1406 301 861

153 377 246 420 εἰσί.
276 375 385 419 uncto}
419 373 502 429 γάρ
535 372 587 427 δή
617 369 784 425 νομούς
811 371 1032 424 Αἴγυπτος
1062 367 1206 411 ἅπασα
1235 369 1407 423 διαραί-

31 457 127 503 165
153 472 289 509 ρηται.
343 451 637 507 Ἑρμοτυβίων
663 450 742 505 μὲν
771 451 862 492 οἵδε
892 448 973 491 εἰσὶ
1004 448 1154 503 νομοί·
1201 449 1408 502 Βουσιρί-

151 549 245 587 της,
277 533 462 586 Σαΐτης,
491 530 726 585 Χεμμίτης,
759 527 1064 584 Παπρημίτης,
1088 530 1220 582 νῆσος
1238 525 1266 583 ἡ
1285 530 1409 582 Προ-

96 715 331 767 Καλασίριες
352 719 435 752 sunt
462 717 624 762 iuvenes,
655 713 742 752 ado-

93 773 252 810 lescentes
277 772 389 820 (inde
409 772 563 809 maxime
591 772 667 822 apti
695 771 743 808 ad

92 829 343 879 expeditiones
370 829 517 866 bellicas
544 833 645 866 extra
670 827 742 865 Ae-

93 885 197 935 gypti
224 886 314 922 fines
346 886 624 933 instituendas),
658 883 741 933 Ἑρ-

94 937 281 993 μοτύβιες
318 955 403 979 vero
432 941 614 988 bellantes,
646 940 742 977 mila·-

93 1002 230 1043 tames,
260 998 389 1046 quibus
411 999 570 1035 seniores
591 997 741 1045 intelligi

94 1055 309 1101 arbitratur,
347 1055 395 1090 ad
424 1055 581 1103 patriam
612 1054 740 1091 defen-

94 1111 252 1149 dendam
277 1110 398 1160 potius
436 1110 606 1147 destinati
631 1122 740 1158 quam

92 1169 140 1205 ad
166 1166 300 1203 bellum
330 1170 430 1203 extra
462 1165 619 1215 Aegypti
648 1166 739 1202 fines

91 1223 359 1275 proferendum.
424 1223 610 1260 Heerenio
638 1222 741 1258 deni-

93 1294 166 1330 que
186 1279 208 1315 l.
226 1278 247 1314 l.
269 1292 354 1328 pag.
375 1279 455 1319 136
484 1279 650 1316 diversae
666 1278 741 1327 pri-

93 1337 201 1373 mitus
228 1336 341 1372 fuisse
358 1335 525 1372 videntur
554 1339 683 1384 gentes
711 1348 739 1371 s.

92 1393 229 1437 tribus,
268 1404 363 1440 quae
401 1392 551 1428 diversis
593 1404 742 1440 quoque

91 1449 177 1486 locis
201 1447 396 1484 habitarint
427 1452 463 1484 et
488 1448 525 1484 in
546 1461 654 1484 unam
674 1447 741 1483 mi-

90 1505 193 1542 litum
207 1503 359 1541 classem
377 1504 463 1540 dein
484 1503 690 1542 coaluerint.

148 1560 191 1600 ἐκ
228 1562 364 1611 νομῶν
402 1557 445 1598 δὲ
482 1561 605 1599 ταῖνδε
650 1558 739 1610 εἰσί]

91 1618 173 1655 Iure
191 1620 293 1654 notat
313 1617 469 1654 Heeren.
494 1616 515 1654 l.
540 1616 562 1654 l.
589 1631 625 1668 p.
650 1618 741 1657 136.

95 1676 176 1714 137
211 1673 401 1709 maximam
427 1672 577 1710 militum
600 1678 742 1723 partem

90 1730 128 1766 in
146 1729 304 1767 inferiori
324 1727 493 1778 Aegypto
521 1733 635 1766 terras
660 1742 742 1766 suas

93 1799 135 1824 ac
152 1786 325 1822 stationes
344 1784 513 1823 habuisse
525 1787 742 1834 assignataS,

92 1855 171 1880 cum
191 1854 282 1877 unus
302 1846 441 1878 tantum
457 1855 585 1878 nomus
611 1843 647 1878 in
667 1855 743 1878 me-

92 1899 153 1935 dia
168 1898 338 1946 Aegypto
362 1898 605 1944 Chemmidis,
636 1897 743 1935 alter-

93 1967 164 2003 que
188 1954 393 1990 Thebaicus
414 1955 450 1990 in
473 1955 648 2004 superiori
668 1954 741 1991 Ae-

94 2014 208 2060 gypto
237 2010 366 2047 iisdem
399 2011 602 2059 assignatus
632 2015 737 2048 esset.

92 2068 186 2104 Cum
214 2079 299 2103 vero
327 2079 347 2103 e
371 2067 580 2114 regionibus
607 2067 739 2105 Deltae

90 2123 336 2160 adiacentibus
347 2123 540 2160 maximum
550 2123 740 2174 Aegyptiis

90 2178 293 2216 immineret
317 2179 513 2228 periculum
537 2179 743 2217 Psammiti-

92 2235 147 2272 chi
165 2235 391 2285 potissimum
412 2241 531 2274 aetate
549 2241 660 2285 atque
679 2250 742 2273 eo-

92 2305 170 2328 rum
183 2319 194 2337 ,
223 2292 285 2340 qui
304 2293 417 2328 secuti
434 2297 516 2329 sunt
534 2305 655 2341 reges,
674 2293 742 2329 hoc

93 2347 143 2383 ita
161 2348 358 2384 institutum
380 2349 491 2385 fuisse
511 2349 672 2396 videtur,
702 2352 742 2385 ut

93 2403 160 2439 illis
179 2403 214 2440 in
233 2404 439 2452 regionibus
460 2406 654 2455 praecipue
681 2417 740 2442 ca-

95 2463 170 2495 stra
188 2473 252 2496 sua
270 2461 447 2498 haberent
461 2461 611 2508 milites,
632 2474 739 2511 prae-

95 2519 152 2552 ter
180 2529 269 2564 quos
295 2517 352 2553 alii
379 2530 526 2566 quoque
542 2518 610 2555 illic
635 2518 738 2554 habi-

95 2574 192 2608 tasse
213 2572 380 2609 videntur
398 2573 560 2610 homines
574 2602 584 2620 ,
614 2577 739 2624 pasto-

95 2639 172 2672 res,
200 2628 378 2675 agricolae
399 2656 410 2675 ,
441 2630 526 2678 qui,
557 2643 651 2679 quae
672 2630 739 2666 mi-

94 2681 212 2719 litibus
232 2685 432 2721 necessaria
459 2690 581 2724 essent
610 2686 658 2722 ad
685 2686 740 2722 vi-

96 2741 213 2785 ctum,
247 2745 429 2789 pararent.
503 2742 606 2792 Ipsos
643 2742 737 2779 enim

95 2793 222 2831 milites
247 2796 342 2843 agris
374 2797 532 2834 colendis
567 2803 738 2848 operatos

96 2861 176 2886 esse
193 2850 335 2888 vixdum
349 2853 530 2891 affirmare
545 2852 640 2900 licet,
658 2867 738 2891 cum

96 2904 166 2941 alia
185 2906 305 2944 desint
323 2909 550 2956 testimonia,
570 2910 599 2946 si
615 2909 738 2947 aDio-

811 714 902 751 doro
939 711 1170 759 discesseris,
1214 713 1277 762 qui
1321 713 1464 751 tertiam

811 771 969 807 omnium
985 782 1156 818 agrorum
1174 770 1378 820 portionem
1396 770 1465 806 mi-

808 827 910 864 litum
928 827 1040 863 fuisse
1059 831 1214 863 enarrat.

867 880 965 921 κατοέ
992 879 1065 934 γάρ
1096 878 1144 932 δὴ
1168 878 1319 933 νομούς
1340 881 1462 933 Αἴγυ-

810 955 906 986 πτος
936 935 1069 977 ἅπασα
1099 938 1372 989 διαραίρηται]
1404 940 1462 975 Cf.

812 1009 921 1046 supra
942 996 992 1042 Il,
1017 998 1095 1036 109
1115 995 1202 1044 ibiq.
1233 1000 1307 1031 not.
1347 995 1463 1031 Valde

809 1057 930 1090 autem
958 1052 1122 1097 variant,
1156 1064 1249 1100 quae
1269 1052 1315 1089 de
1337 1064 1465 1088 nume-

807 1122 849 1146 ro
866 1121 1055 1145 nomorum
1074 1121 1191 1156 aeque
1208 1121 1249 1144 ac
1267 1109 1313 1144 de
1336 1109 1461 1156 singu-

807 1166 923 1202 lorum
954 1177 1143 1201 nomorum
1182 1164 1387 1200 nominibus
1419 1176 1461 1201 ac

808 1222 939 1258 finibus
973 1221 1071 1270 apud
1100 1224 1242 1257 veteres
1270 1220 1461 1257 inveniun-

809 1283 866 1314 tur
899 1278 1043 1313 tradita.
1101 1275 1234 1325 Neque
1266 1277 1360 1313 enim
1390 1289 1462 1313 una

809 1335 1012 1382 eademque
1027 1346 1216 1369 nomorum
1230 1333 1356 1369 divisio
1368 1346 1464 1369 sem-

808 1403 876 1441 per
895 1391 931 1426 in
952 1389 1123 1439 Aegypto
1145 1389 1341 1426 obtinuisse
1361 1389 1463 1425 vide-

810 1452 891 1494 tur,
923 1447 1060 1496 quippe
1078 1450 1282 1495 temporum
1305 1446 1462 1482 decursu

810 1517 878 1555 pro
899 1507 993 1539 statu
1012 1502 1156 1551 publico
1182 1502 1359 1551 regnique
1375 1514 1463 1539 con-

811 1560 950 1597 ditione
981 1559 1140 1596 crebrius
1173 1563 1324 1595 mutata.
1382 1558 1464 1595 No-

811 1630 893 1654 men
913 1620 1033 1653 autem
1060 1615 1190 1664 singuli
1210 1615 1309 1652 nomi
1338 1615 1383 1652 ab
1404 1627 1464 1651 ur-

810 1674 916 1709 bibus
959 1672 1159 1722 praecipuis
1188 1672 1371 1721 accepisse
1407 1670 1462 1706 vi-

811 1730 952 1766 dentur.
1012 1727 1074 1764 Tu
1115 1728 1186 1764 vid.
1226 1741 1319 1777 quae
1354 1727 1462 1764 affert

809 1785 921 1823 Beck.
948 1783 1171 1832 lVeltgesch.
1202 1784 1219 1820 Ι
1245 1798 1281 1834 p.
1312 1786 1393 1824 736
1425 1787 1462 1820 et

810 1839 1012 1890 Champoll.
1040 1840 1132 1889 l'Eg.
1153 1853 1237 1876 sous
1267 1841 1288 1876 l.
1308 1840 1409 1889 phar.
1428 1839 1461 1875 ΙΙ

806 1911 843 1947 p.
865 1900 946 1938 270
974 1910 1077 1945 seqq.
1115 1897 1246 1934 Ritter.
1271 1896 1461 1932 Erdkund.

807 1954 823 1990 Ι
844 1953 982 2003 p.704.
1012 1953 1169 1991 Heeren.
1194 1952 1247 1999 ll,
1270 1956 1297 1994 2
1317 1965 1353 2002 p.
1370 1955 1461 1993 111.

809 2011 888 2050 113
907 2022 984 2059 seq.

990 2093 1021 2130 C
1032 2106 1051 2130 a
1061 2106 1097 2143 p.
1130 2091 1275 2130 CLXV.

864 2176 1123 2229 Βουσιρίτης]
1154 2177 1212 2215 De
1235 2177 1325 2214 urbe
1351 2175 1464 2213 Busi-

809 2234 897 2272 ridis
909 2264 920 2281 ,
950 2235 1047 2272 unde
1066 2247 1199 2271 nomen
1217 2235 1298 2270 tulit
1316 2247 1460 2278 nmnus,

809 2293 882 2328 vid.
901 2291 953 2337 II,
974 2292 1026 2332 59
1058 2291 1144 2339 ibiq.
1165 2295 1240 2327 not.
1294 2290 1352 2327 De
1373 2290 1460 2326 Sai-

808 2350 879 2384 tico
901 2360 1011 2384 nomo
1039 2348 1133 2384 conf.
1163 2347 1218 2394 ΙΙ,
1251 2347 1342 2387 152.
1379 2350 1459 2387 172

809 2409 845 2442 et
872 2404 924 2447 ΙΙ,
945 2406 998 2445 62
1024 2404 1109 2452 ibiq.
1129 2408 1219 2439 nott.
1258 2403 1316 2440 De
1338 2402 1459 2440 Cleem-

807 2462 857 2496 mz'
873 2461 1027 2497 diximus
1059 2460 1108 2496 ad
1133 2460 1184 2505 Il,
1202 2462 1276 2504 913
1307 2459 1354 2496 de
1383 2458 1458 2495 Pa-

799 2518 914 2567 premz‘
929 2517 976 2552 ad
997 2516 1048 2562 II,
1068 2517 1142 2561 633
1173 2516 1220 2553 de
1239 2515 1352 2551 insula
1367 2515 1458 2552 Pro-

808 2573 964 2623 sopitide
986 2573 1033 2608 ad
1052 2572 1107 2618 II,
1128 2572 1193 2612 41.
1253 2570 1376 2608 Natho
1402 2573 1457 2607 vi-

806 2631 911 2666 detur
941 2629 1038 2665 idem
1078 2641 1158 2666 esse
1187 2641 1344 2674 nomus,
1394 2627 1457 2677 qui

805 2685 1016 2726 Ptolemaeo
1063 2685 1194 2722 dicitur
1220 2680 1376 2731 Νεούτ,
1420 2689 1456 2721 et

807 2742 853 2778 ab
882 2741 1011 2778 eodem
1040 2740 1133 2778 inter
1157 2741 1387 2777 Busiriticum
1420 2744 1457 2778 et

803 2797 1035 2834 Bubasticum
1075 2796 1123 2844 (s.
1148 2796 1387 2834 Phatniticum
1420 2800 1457 2833 et

804 2853 1058 2899 Pelusiacum)
1106 2853 1256 2889 fluvium
1295 2852 1455 2902 ponitur.

803 2909 846 2947 In
882 2909 1000 2946 insula
1037 2909 1271 2959 Prosopitide
1307 2907 1459 2946 collocat

1468 450 1669 491 Utrorumque
1687 462 1737 480 no-

1466 492 1505 511 nu
1524 489 1553 512 et
1571 495 1721 514 numerus.
