1759 3324
582 255 889 297 CL10.1.

1289 256 1375 296 285

114 411 139 429 ‚‚
151 375 380 434 ἐβούλευον
407 371 584 414 σκοπῶν
614 367 728 418 ὅκως
757 367 828 411 σοί
855 382 900 410 τε
927 364 1096 423 ποιήσω
1118 363 1229 409 κατοὲ
1249 363 1371 417 νόον,
1385 370 1430 405 65

114 456 223 509 ,,καὶ
251 451 332 509 ἐγὼ
359 449 470 504 πρὸς
499 447 544 490 σὲ
566 445 798 502 γενόμενος
815 443 1140 502 ἀναμάρτητος,
1171 443 1276 501 μήτε
1295 449 1374 487 θυ-

87 543 142 588 3„
154 533 277 592 γατρὶ
301 533 355 587 τῇ
384 532 439 585 σῇ
470 525 573 582 μήτε
605 523 725 581 αὐτῷ
753 537 823 570 σοι
853 528 946 582 εἴην
976 524 1201 581 αὐθέντης.
1241 523 1376 567 ποιέω

115 612 205 669 ,,δὴ
236 605 328 653 ὦδε.
358 605 544 656 καλέσας
572 604 651 649 τὸν
679 605 900 662 βουκόλον
920 603 1070 658 τόνδε,
1099 605 1377 659 παραδίδωμι

115 690 199 745 ,,τὸ
229 688 427 739 παιδίον,
476 686 563 742 φὰς
593 686 638 729 σέ
670 702 715 729 τε
745 683 857 728 εἶναι
885 683 963 728 τὸν
1002 683 1237 727 κελεύοντα
1273 682 1377 726 α’πο-

113 804 137 823 ,,
149 772 312 814 κτεῖναι
341 763 460 810 αὐτό.

84 853 138 901 4,,
147 863 231 905 μην
241 862 253 873 ·

520 766 595 810 καὶ
631 765 769 821 λέγων
807 763 939 808 τοῦτό
969 780 1037 820 γε,
1080 762 1162 807 οὐκ
1202 762 1377 815 ἐψευδό-

311 844 367 889 σύ
395 844 480 901 γιέρ
513 845 725 889 ἐνετέλλεο
758 844 887 889 οὕτω.
920 845 1199 899 παραδίδωμι
1230 841 1432 899 μέντοι71

111 927 256 985 „tq-368
285 924 395 970 κατὰ
425 924 547 977 τάδε,
593 924 885 981 ἐντειλάμενος
917 924 1062 967 θεῖναί
1102 940 1178 979 μιν
1204 923 1248 974 ἐς
1279 923 1379 979 ἐρῆ-

112 1040 137 1060 ,,
149 1022 235 1063 μον
265 1000 422 1061 οὖρος,
470 1006 544 1048 καὶ
574 1004 882 1061 παραμένοντα
913 1003 1154 1060 φυλάσσειν
1195 1001 1292 1059 ἄχρι
1323 998 1379 1046 οὗ

110 1083 398 1142 ,,τελευτήσει·
432 1082 666 1141 ἀπειλήσας
703 1088 889 1127 παντοῖα
915 1084 1049 1142 τῷδε,
1089 1081 1146 1138 ἢν
1190 1082 1247 1138 μὴ
1278 1080 1380 1126 τάδε

86 1173 108 1208 5
119 1199 143 1219 ,,
153 1165 342 1210 ἐπιτελέα
372 1163 547 1221 ποιήσῃ.

607 1164 696 1207 ἐπεί
735 1180 779 1206 τε
806 1163 874 1216 δὲ,
914 1160 1180 1218 ποιήσαντος
1218 1160 1380 1205 τούτου

114 1245 204 1298 »τὰ
240 1242 525 1300 κελευόμενα,
585 1242 828 1300 ἐτελεύτησε
868 1241 918 1286 τὸ
957 1243 1160 1295 παιδίον,
1208 1240 1437 1296 πέμψαςῖῐ)

114 1327 234 1377 „nav
272 1323 495 1381 εὐνούχων
533 1323 637 1375 τούς
685 1322 996 1374 πιστοτάτους,
1053 1321 1128 1365 καὶ
1167 1318 1287 1365 εἶδον
1326 1318 1379 1364 δι’

113 1405 348 1457 „kniva-ov,
377 1405 450 1448 καὶ
480 1403 627 1457 ἔθαψά
655 1419 742 1460 μιν.

113 1483 249 1539 »περὶ
275 1487 356 1528 τοῦ
395 1483 648 1540 πρήγματος
684 1482 870 1528 τούτου·

115 1595 141 1616 ,,
151 1562 360 1619 ἐχρήσατο
391 1561 415 1608 ὁ
446 1569 590 1616 παῖς.“

117 1788 222 1841 όκως
242 1793 307 1834 σοί
323 1807 364 1835 τε
384 1809 444 1835 πο
458 1809 505 1846 ιη
520 1805 543 1834 σ
557 1794 614 1846 ω]
628 1810 718 1835 ποι-

59 1845 147 1902 ήσω
165 1865 244 1889 cum
273 1856 421 1890 recentt.
445 1852 645 1900 edidimus,
674 1853 718 1889 li-

59 1907 135 1945 bris
190 1908 512 1946 consentientibus.
595 1908 717 1958 Vulgo

59 1965 174 2004 ποιῶ.
232 1965 344 2008 Quod
375 1966 538 2015 sequitur
564 1965 715 2003 alterum

60 2022 167 2060 ποιῶ
197 2017 266 2072 (δὴ
288 2016 408 2070 ὦδε),
437 2035 518 2059 cum
548 2023 717 2059 Gaisfor-

62 2077 124 2114 dio
145 2090 166 2114 e
182 2078 295 2116 ternis
322 2077 423 2115 libris
442 2080 658 2116 mutavimus
678 2080 716 2116 in

62 2132 200 2173 ποιέω.
227 2133 300 2172 Pro
312 2129 528 2199 γενόμενος
546 2136 714 2185 Schwgh.

62 2190 200 2240 recepit
250 2187 475 2242 γινόμενος,
534 2193 717 2242 probante

69 2246 305 2295 Gaisfordio‚
339 2249 437 2298 apud
455 2261 563 2298 quem
580 2254 716 2296 tamen,

64 2314 252 2353 operarum
271 2305 406 2343 credo
397 2306 533 2342 incuti-21
543 2335 554 2353 ,
572 2306 608 2342 iu
617 2309 719 2343 textu

63 2358 146 2410 ipso
186 2363 304 2398 exstat
342 2356 579 2413 γενόμενοςς
618 2363 719 2411 quod

63 2413 161 2453 idem
181 2427 250 2455 nos
278 2429 358 2456 cum
377 2417 554 2457 Matthiae
570 2419 720 2469 reliqui-

66 2482 158 2509 mus.

121 2582 257 2624 θεῖναί
278 2599 345 2635 μιν
365 2584 404 2633 ἐς
419 2585 569 2639 ἐρῆμον
581 2589 717 2639 οὖρος]

68 2637 188 2689 Vulgo
206 2637 350 2693 ἔρημον
377 2648 532 2681 retracto
557 2649 718 2682 accentu.

67 2693 147 2732 Sed
156 2693 356 2747 Schweigh.
377 2699 515 2738 dedit’
498 2703 647 2752 ερῆμον
660 2701 721 2750 (ut

70 2746 227 2799 ὄμοῖος,
257 2751 430 2805 ἑτοῖμος)
459 2760 534 2793 tum
555 2758 720 2795 codicum

69 2805 118 2842 ob
135 2809 400 2858 auctoritatem,
419 2815 495 2849 tum
508 2813 653 2851 Reizii
645 2827 721 2850 lus-

69 2873 116 2898 su
131 2861 170 2899 in
189 2862 346 2904 Praefat.
375 2868 424 2905 ad
444 2868 582 2907 Herod.
602 2883 639 2921 p.
652 2872 689 2912 9.

803 1401 945 1453 οὕτως
976 1401 1092 1458 ἔσχε,
1122 1393 1160 1445 οἷ
1187 1403 1382 1458 βασιλεῦ,

922 1480 997 1526 καὶ
1033 1477 1220 1538 τοιούτῳ
1259 1478 1383 1540 μόρῳ

840 1790 896 1844 ἥν
915 1789 970 1846 μή
1002 1788 1098 1833 τάδε
1130 1791 1305 1834 ἐπιτελέα
1323 1791 1441 1846 ποιή-

786 1849 860 1904 σῃ]
891 1852 915 1888 i.
946 1865 977 1889 e.
1007 1853 1079 1888 m'si
1113 1851 1197 1888 haec
1225 1851 1353 1901 effecta
1383 1853 1442 1889 de-

784 1908 912 1955 disset,
951 1922 980 1945 s,
1016 1909 1089 1944 m‘sz'
1115 1908 1198 1946 llaec
1222 1909 1442 1959 perfecisset,

784 1967 966 2013 exegisset.
1005 1963 1244 2003 Locutionem
1264 1966 1445 2003 illustrant

785 2021 949 2072 exempla
986 2034 1008 2057 a
1036 2021 1287 2071 lVesselingio
1321 2023 1445 2069 allata,

785 2091 828 2115 ex
846 2077 1023 2115 Melissae
1041 2079 1146 2129 epist.
1178 2092 1214 2128 p.
1236 2078 1320 2121 749
1352 2079 1447 2129 (Py-

783 2135 1098 2184 thagg.fragm1n.
1121 2135 1178 2172 ed.
1200 2135 1316 2185 Gal..)
1339 2137 1446 2173 Stob.

784 2192 901 2229 Serm.
932 2190 1110 2229 LXXVII
1144 2205 1181 2242 p.
1208 2195 1302 2234 460.
1334 2193 1446 2230 Conf.

784 2248 877 2285 infra
905 2247 944 2295 Ι,
967 2248 1059 2290 124.
1077 2269 1133 2276 —
1162 2248 1251 2286 Mox
1281 2262 1375 2286 unus
1402 2249 1446 2286 li-

786 2305 871 2342 ber:
910 2304 978 2343 καί
1002 2304 1020 2344 ἓ
1048 2301 1176 2353 εἶδον,
1214 2307 1293 2344 sine
1316 2319 1446 2344 neces—

787 2361 907 2399 sitate.
932 2381 989 2390 ·-·
1020 2362 1093 2399 Pro
1119 2361 1260 2413 ἔθαψα
1281 2362 1446 2401 Thomas

786 2417 890 2467 Mag.
917 2431 954 2468 p.
977 2417 1060 2460 415
1095 2432 1139 2456 ex
1165 2419 1234 2457 hoc
1257 2419 1337 2457 loco
1368 2420 1448 2457 lau-

788 2476 852 2512 dat
868 2471 1107 2525 ἐθαψοὲμην,
1128 2477 1230 2525 quod
1249 2478 1345 2515 forte
1362 2478 1448 2515 ferri

788 2531 928 2582 possit,
959 2532 990 2568 si
1017 2531 1258 2582 intelligatur:
1284 2534 1448 2585 sepelien-

788 2588 872 2625 dum
900 2591 1037 2626 curavi.
1095 2590 1173 2627 Sed
1201 2603 1330 2628 omnes
1367 2591 1449 2629 libri

787 2645 945 2683 retinent
982 2643 1144 2695 ἔθαψα,
1193 2647 1375 2696 probante
1406 2660 1449 2685 ac

787 2706 913 2739 tuente
934 2701 1122 2739 Gronov-io
1143 2703 1192 2740 ad
1209 2702 1245 2750 I,
1267 2705 1346 2745 111
1361 2734 1371 2752 ‚
1387 2705 1449 2754 qui

788 2759 906 2795 activo
943 2759 1054 2796 verbo
1095 2759 1132 2796 in
1173 2759 1230 2796 his
1268 2759 1450 2798 Nostrum

788 2815 902 2852 fuisse
922 2828 1025 2852 usum
1051 2815 1171 2864 docet,
1191 2815 1266 2864 III,
1286 2819 1353 2859 62.
1383 2816 1449 2865 VI,

788 2872 855 2913 30.
885 2871 974 2919 VH,
997 2874 1088 2914 117.

1434 773 1489 815 59
