1759 3324
337 290 423 330 390

753 286 1217 326 HERODOTI

338 398 536 454 γίνονται
583 396 850 449 συνάπαντες
900 395 1153 453 ὀγδώκοντα
1197 394 1272 439 καὶ
1319 391 1657 450 τετρακόσιοι-30

313 476 394 520 4τὸ
423 477 502 533 μέν
533 493 618 521 νυν
646 477 840 533 μέγαθος
869 475 1083 520 τοσοῦτόν
1119 475 1208 519 ἐστι
1227 477 1309 518 τοῦ
1337 474 1488 524 ἄστεος
1517 476 1600 517 τοῦ

339 559 639 613 Βαβυλωνίου.
671 555 933 612 ἐκεκόσμητο
965 556 1012 599 δὲ
1043 553 1102 606 (ὃς
1133 553 1264 598 οὐδὲν
1283 553 1387 598 ἄλλο
1412 551 1603 609 πόλισμα

313 639 433 678 ὅτιὸν
462 635 583 691 ἡμεῖς
611 637 747 691 ἴδμεν.
805 633 973 690 τάφρος
1001 635 1079 689 μὲν
1108 633 1259 689 πρῶτά
1287 650 1363 690 μιν
1390 632 1531 687 βαθέα
1559 648 1604 676 τε

342 716 416 758 καὶ
446 713 576 769 εὐρέα
606 714 680 757 καὶ
708 713 815 769 πλέη
843 713 1002 764 ὕδατος
1031 710 1242 768 περιθέει·
1285 712 1391 769 μετὰ
1423 711 1492 766 δὲ,
1521 715 1605 756 τεῖ-

286 910 500 954 conveniat3
530 907 651 958 qualia
671 920 712 944 re
731 918 817 945 vera
838 918 859 943 a
879 919 942 944 ve-

286 966 422 1004 teribus
441 966 479 1002 in
503 964 728 1003 exstruendis
752 963 940 1010 aedificiis,

286 1023 434 1060 urbibus
452 1021 551 1058 haud
565 1019 732 1069 neglecta
749 1020 861 1056 fuisse
877 1032 943 1056 ne-

287 1092 347 1117 mo
365 1079 491 1116 nescit.
527 1078 637 1114 conf.
659 1076 697 1124 1,
728 1078 820 1117 189.
849 1078 942 1116 190.

287 1136 391 1174 Haec
409 1135 437 1171 si
457 1146 544 1172 vera
557 1137 653 1181 sunt,
673 1132 772 1169 urbis
789 1132 944 1170 ambitus

287 1191 459 1241 aequabit
507 1203 627 1227 novem
665 1189 747 1239 fere
781 1188 946 1226 milliaria

288 1247 554 1298 geographica,
593 1249 766 1284 monente
801 1245 944 1283 VVurm.

289 1306 337 1343 de
354 1304 492 1356 pondd.
515 1307 597 1340 ratt.
620 1316 656 1353 p.
680 1305 772 1344 112.
833 1301 946 1346 Quod

288 1374 338 1399 ne
363 1361 419 1398 cui
437 1360 586 1397 nimium
608 1363 644 1397 et
662 1360 707 1397 ab
737 1359 836 1396 omni
858 1370 945 1395 vero

289 1417 489 1455 abhorrens
519 1416 704 1463 videatur,
752 1416 783 1453 is
810 1415 947 1463 cogitet

290 1473 394 1511 velim
415 1473 561 1510 omnino
580 1473 741 1520 modum,
762 1485 834 1521 quo
846 1471 946 1521 apud

291 1530 438 1567 orientis
456 1534 585 1579 gentes
599 1529 708 1566 urbes
731 1532 767 1566 et
793 1528 878 1565 oriri
909 1531 947 1564 et

290 1586 444 1624 habitari
467 1585 619 1623 soleant.
677 1584 734 1621 Ex
749 1585 946 1635 imperato-

291 1655 370 1680 rum
396 1643 521 1680 castris
550 1642 821 1691 nomadumque
849 1640 946 1678 sedi-

291 1699 359 1736 bus
378 1699 450 1736 iam
469 1699 580 1736 firmis
601 1698 640 1734 in
660 1697 835 1734 victarum
855 1709 947 1746 gen-

291 1755 380 1792 tium
405 1755 511 1793 terris
542 1755 704 1792 oriuntur
731 1754 839 1791 urbes
869 1766 948 1790 am-

290 1811 494 1862 plissimae,
523 1811 658 1848 nostris
687 1814 811 1848 tamen
848 1810 948 1847 urbi-

291 1868 360 1906 bus
379 1867 638 1906 dissimillimae
658 1867 697 1904 in
722 1867 867 1905 aedium
887 1878 950 1904 ex-

293 1926 546 1962 struendarum
599 1936 702 1962 more
760 1922 950 1972 multoque

294 1981 412 2032 spatio
439 1981 534 2018 inter
568 1979 729 2028 singulas
756 1979 866 2017 aedes
891 1979 950 2014 in-

293 2037 455 2074 teriecto.
511 2036 624 2073 Unde
651 2035 768 2072 minor
802 2047 950 2084 quoque

295 2092 493 2129 incolarum
521 2091 712 2129 multitudo
746 2103 815 2141 pro
845 2094 949 2127 tanto

294 2148 391 2185 urbis
408 2147 556 2185 ambitu.
598 2147 735 2184 Forma
755 2147 852 2184 urbis
871 2145 950 2196 ple-

294 2216 448 2253 rumque
486 2203 759 2252 quadrangula,
805 2202 950 2253 qualem

294 2260 476 2309 hodieque
487 2259 695 2297 Sinensium
713 2259 820 2297 urbes
838 2271 951 2308 quae·

295 2316 380 2353 dam
398 2320 689 2366 repraesentant.
719 2315 829 2352 Plura
849 2315 951 2353 Ren-

297 2372 368 2410 nel.
389 2371 412 2408 1.
431 2371 454 2408 l.
475 2384 561 2422 pag.
584 2372 666 2413 535
689 2385 766 2421 seq.
787 2372 949 2410 Heeren.

296 2429 410 2466 ldeeri
442 2432 510 2466 etc.
543 2442 580 2479 p.
606 2428 685 2470 155
705 2441 782 2478 seq.
819 2433 857 2466 et
875 2429 951 2466 Bu-

297 2483 504 2533 ekingham.
518 2484 540 2522 l.
562 2484 584 2522 1.
605 2497 691 2535 pag.
712 2484 795 2526 514
813 2498 892 2535 seq.

334 2582 510 2635 ταφρος
545 2588 603 2595 -
638 2566 785 2618 βαθέα
813 2583 854 2609 τε
882 2567 953 2608 καὶ

300 2618 434 2677 ευρέα
454 2639 489 2663 κ.
509 2639 541 2663 τ.
560 2622 608 2674 λ.]
639 2624 698 2662 De
719 2625 774 2663 his
800 2626 952 2663 adiecti-

298 2708 425 2733 vorum
453 2696 490 2732 in
514 2694 712 2732 foeminino
750 2696 874 2733 formis
907 2710 952 2736 εα

299 2778 367 2816 pro
387 2780 448 2804 stoc
467 2778 511 2804 ex
529 2764 657 2802 Ionum
677 2777 800 2812 more,
820 2777 952 2802 consu-

300 2821 393 2859 latur
423 2819 553 2859 Matth.
584 2821 650 2858 Gr.
671 2821 736 2857 Gr.
767 2833 853 2871 pag.
883 2822 949 2863 54.

301 2879 394 2919 241.
423 2900 477 2906 —
512 2877 554 2915 In
582 2877 761 2923 numeris,
800 2878 862 2926 qui
890 2891 950 2916 se-

303 2938 485 2984 quuntur,
529 2933 654 2971 itidem
683 2933 826 2971 variant
862 2935 951 2972 scri-

1008 911 1134 956 ptores
1162 907 1274 944 iidem
1298 907 1436 955 ferme,
1465 919 1557 957 quos
1583 919 1664 944 mo-

1011 963 1060 998 do
1083 963 1120 1000 in
1140 963 1391 1011 magnitudine
1414 963 1512 1000 urbis
1532 963 1665 1001 defini-

1011 1020 1108 1056 enda
1145 1019 1401 1055 dissentientes
1451 1020 1663 1068 reperimus.

1011 1076 1096 1112 vid.
1117 1074 1299 1122 tabulam,
1329 1087 1436 1124 quam
1467 1080 1554 1126 post
1569 1075 1664 1113 Lar-

1013 1131 1159 1170 eherum
1197 1131 1262 1180 (in
1288 1135 1454 1168 annotat.
1480 1131 1530 1168 ad
1560 1130 1597 1168 h.
1619 1131 1665 1180 l.)

1011 1189 1092 1240 ipse
1110 1188 1196 1226 dedi
1225 1188 1263 1224 in
1288 1188 1456 1236 fragmm.
1476 1187 1664 1226 Ctesiann.

1012 1258 1099 1295 pag.
1120 1244 1202 1286 403
1231 1244 1318 1294 ibiq.
1348 1244 1446 1281 laud.
1479 1243 1595 1281 Orelli
1617 1245 1667 1282 ad

1012 1301 1155 1340 Philon.
1192 1301 1284 1350 Byz.
1330 1299 1368 1352 §.
1405 1300 1430 1342 5
1468 1313 1555 1351 pag.
1586 1299 1666 1342 114

1014 1358 1097 1396 coll.
1130 1360 1222 1399 112.
1289 1355 1527 1395 Altitudinem
1564 1370 1668 1395 moe-

1013 1415 1114 1452 nium
1138 1414 1280 1452 Ctesias
1305 1413 1328 1451 l.
1349 1413 1394 1461 1.,
1434 1414 1497 1463 qui
1521 1418 1669 1464 praeter

1014 1471 1103 1509 alios
1138 1470 1195 1508 hic
1230 1470 1470 1508 consulendus
1511 1475 1548 1508 et
1587 1483 1668 1507 cum

1012 1527 1152 1566 Nostro
1171 1528 1435 1578 comparandus
1455 1529 1529 1574 est,
1555 1527 1668 1564 fuisse

1013 1585 1180 1636 perhibet
1199 1584 1464 1633 quinquaginta
1481 1577 1668 1635 ὄργυιᾶςς

1014 1641 1078 1691 qui
1105 1653 1274 1678 numerus
1304 1640 1470 1690 apprime
1497 1640 1669 1677 conveni-

1014 1701 1072 1735 ret
1095 1709 1176 1735 cum
1207 1696 1390 1733 Herodoti
1415 1708 1609 1744 mensura,
1636 1695 1668 1733 si

1015 1755 1147 1805 πῆχυς
1184 1753 1383 1791 communis
1429 1752 1529 1803 apud
1573 1752 1669 1790 hunc

1015 1812 1113 1849 foret
1139 1810 1407 1859 intelligendus.
1444 1803 1577 1846 Nam'
1558 1823 1668 1862 οργυ-

1019 1865 1062 1906 αὶ
1099 1866 1366 1917 quinquaginta
1403 1865 1567 1903 efficiunt
1601 1878 1669 1916 pe-

1018 1924 1084 1961 des
1111 1926 1314 1970 trecentos,
1353 1925 1391 1959 et
1420 1916 1562 1972 πήχεις
1599 1922 1670 1958 du·

1017 1980 1250 2029 centipedes
1282 1978 1459 2026 totidem,
1501 1991 1581 2016 cum
1607 1974 1669 2030 ὀρ-

1018 2032 1112 2089 ymo}
1132 2035 1239 2084 vulgo
1259 2047 1323 2072 sex
1343 2035 1478 2085 pedum
1500 2035 1566 2082 sit,
1594 2037 1671 2085 πῆ-

1017 2107 1089 2143 χυς
1107 2091 1213 2128 unius
1247 2095 1284 2128 et
1305 2091 1453 2129 alterius
1479 2091 1668 2128 dimidiati.

1019 2149 1078 2185 Cf.
1093 2148 1223 2185 Ukert.
1246 2147 1458 2198 Geograph.
1472 2148 1508 2185 d.
1522 2147 1668 2186 Griech.

1018 2205 1094 2241 und
1112 2204 1220 2241 Rom.
1243 2204 1283 2251 I,
1303 2208 1331 2246 2
1349 2217 1435 2255 pag.
1459 2206 1525 2246 75.
1563 2204 1671 2248 Quae

1017 2274 1098 2299 cum
1123 2261 1174 2298 ita
1209 2261 1303 2309 sint,
1349 2261 1510 2298 Ctesiam
1545 2260 1672 2298 volunt

1018 2330 1083 2354 sua
1101 2318 1146 2354 ab
1167 2317 1362 2355 Herodoto
1382 2317 1599 2355 desumsisse
1619 2317 1672 2354 ita

1018 2378 1141 2411 tamen
1153 2403 1164 2421 ‚
1192 2378 1233 2410 ut
1255 2374 1394 2411 cubitos
1413 2374 1596 2412 Herodoti
1612 2386 1672 2411 re-

1018 2431 1099 2480 gios
1126 2443 1202 2467 non
1232 2430 1318 2467 satis
1356 2431 1575 2479 attenderit,
1604 2429 1672 2468 sed

1018 2487 1168 2526 eosdem
1202 2499 1409 2525 communes
1444 2487 1494 2524 ad
1524 2487 1674 2536 orgyia-

1018 2556 1098 2581 rum
1126 2555 1333 2581 mensuram
1368 2543 1555 2581 revocarit.
1612 2541 1673 2581 De

1019 2612 1092 2649 quo
1113 2599 1282 2648 equidem
1310 2599 1422 2637 nolim
1452 2599 1672 2647 discernere,

1021 2667 1242 2705 quamquam
1251 2656 1307 2691 vix
1318 2654 1487 2693 credibile
1499 2660 1556 2693 est
1575 2668 1671 2704 eum,

1021 2711 1085 2760 qui
1112 2710 1343 2748 Herodotum
1367 2711 1604 2750 refellendum
1634 2713 1673 2750 et

1018 2767 1274 2815 corrigendum
1294 2768 1362 2805 sibi
1381 2771 1571 2816 sumserat,
1591 2767 1671 2818 qui-

1019 2836 1092 2872 que
1109 2823 1258 2861 meliora
1278 2825 1325 2862 de
1350 2825 1404 2862 his
1438 2825 1564 2873 utique
1590 2825 1672 2875 ipse

1020 2879 1164 2917 edoceri
1193 2885 1386 2930 potue1·,at
1415 2893 1460 2919 ex
1489 2879 1560 2919 hoc
1583 2881 1672 2918 scri-

1018 2941 1124 2986 ptore
1144 2949 1210 2974 sua
1224 2937 1386 2976 hausisse
1408 2937 1463 2977 vel
1479 2937 1671 2988 negligen-
