1759 3324
509 256 929 298 EUTERPE.
983 256 1030 295 II.

1305 261 1389 300 539

106 373 237 418 ὅέστί.
282 370 470 416 οἰκέουσι
498 367 545 411 δὲ
572 366 625 410 τοὶ
657 363 741 410 ἀπὸ
766 363 1073 421 Ἐλεφαντίνης
1111 363 1200 409 ἅνω
1229 368 1388 411 Αἰθίο-

132 468 207 503 πες
234 449 339 506 ἤδη,
385 447 457 492 καὶ
485 449 561 502 τῆς
589 444 728 501 νήσου
767 443 815 487 τὸ
857 444 1009 500 ἥμισυ·
1066 443 1114 487 τὸ
1156 445 1201 488 δὲ
1237 445 1387 502 ἥμισυ,

133 528 372 585 Αἰγύπτιοι.
427 525 562 581 ἔχεται
591 525 638 568 δὲ
663 528 739 581 τῆς
767 523 907 581 νήσου
936 525 1065 580 λίμνη
1092 523 1278 581 μεγάλη,
1307 525 1388 581 τήν

129 709 302 752 οἰκέουσι
322 706 364 748 δὲ
381 705 428 747 τοὶ
441 703 520 749 virro*
536 704 719 758 Ἐλεφαν.

72 768 183 818 τίνης
202 764 287 806 ἅνω
314 781 349 805 κ.
372 780 401 803 τ.
429 764 482 816 λ.]
512 765 720 816 Adscripsit

73 824 136 862 Cr.
167 824 347 860 Eustathii
369 822 486 859 locum
512 823 561 858 ad
582 823 718 872 Odyss.

70 881 134 928 IV,
152 879 206 922 84
224 894 259 930 p.
281 879 352 920 151
377 879 458 915 infr.
477 882 514 916 et
534 878 614 919 152
624 891 720 928 supr.

70 936 155 974 Bas.
193 936 262 973 Est
279 939 399 972 autem
415 935 568 984 insignis
590 935 648 972 hic
671 936 725 972 lo-

71 1006 133 1031 cus
144 1022 155 1040 ,
186 993 214 1030 si
233 993 280 1030 de
291 990 550 1040 Aegyptiorum
564 995 724 1028 veterum

72 1049 269 1098 originibus
289 1060 455 1098 quaeraS,
485 1060 575 1096 quas
596 1060 639 1084 ex
652 1048 723 1085 Ae-

70 1106 207 1156 thiopia
218 1104 436 1154 repetendas
455 1117 536 1141 esse
553 1116 649 1140 nunc
660 1118 723 1141 ne-

71 1175 132 1200 mo
151 1163 228 1199 sere
248 1161 400 1198 dubitat.
431 1160 514 1203 Qua
526 1161 573 1196 de
590 1173 642 1206 re,
658 1173 724 1197 no-

73 1218 308 1256 strumlocum
319 1217 527 1267 respiciens,
538 1216 626 1253 haec
638 1218 723 1254 scri-

72 1276 147 1326 psit
176 1274 306 1311 Creuz.
336 1273 373 1309 in
394 1273 612 1309 Commentt.
644 1273 724 1310 He-

71 1330 204 1368 rodd.I
221 1343 257 1380 p.
277 1331 355 1370 180
372 1342 475 1378 seqq.
488 1343 496 1366 :
511 1329 722 1376 „Historiae

71 1390 176 1438 pater
195 1386 348 1423 insulam
375 1386 608 1435 Tachompso
636 1398 721 1435 par-

69 1444 134 1480 tim
157 1443 204 1479 ab
229 1441 486 1491 Aethiopibus,
514 1442 644 1492 partim
673 1443 719 1480 ab

68 1498 260 1548 Aegyptiis
278 1498 431 1535 habitari
448 1499 580 1548 prodit.
611 1499 721 1542 Quod

70 1556 166 1593 idem
184 1555 221 1591 in
230 1555 451 1592 Philensium
470 1554 587 1591 insula
604 1555 720 1592 locum

70 1611 204 1648 habere
242 1612 328 1648 dicit
364 1611 498 1647 Strabo
510 1640 520 1658 ,
567 1623 721 1660 quocum

70 1667 219 1716 egregie
243 1668 329 1704 facit
354 1667 587 1703 Heliodorus.
644 1667 721 1704 Iam

71 1723 297 1773 Champollio
310 1723 363 1772 (p.
379 1724 477 1770 157)
494 1723 634 1760 elevare
647 1726 722 1759 stu-

70 1780 134 1817 det
145 1779 390 1816 testimonium
405 1780 609 1826 Strabonis,
622 1791 720 1816 eam-

69 1847 142 1885 que
152 1848 376 1872 communem
386 1835 645 1872 habitationem
662 1849 720 1873 so-

69 1892 93 1929 li
111 1892 249 1929 insulae
266 1892 499 1941 Tachompso
526 1892 720 1930 arbitratur

68 1949 344 1995 reservandam,
384 1961 465 1985 cum
490 1952 611 1985 tamen
641 1949 722 1986 He-

66 2005 220 2042 rodotus
241 2005 375 2041 ibidem
396 2004 474 2053 (II,
492 2007 565 2053 29)
586 2009 720 2042 terram

68 2074 178 2112 supra
193 2061 458 2110 Elephantinen
478 2062 523 2097 ab
534 2060 719 2111 Aethiopi-

67 2117 134 2155 bus
164 2117 318 2154 habitari
339 2122 375 2155 et
395 2118 473 2167 ipse
493 2118 717 2167 profiteatur.

69 2173 145 2211 Sed
162 2177 201 2210 ut
219 2174 267 2210 ad
285 2174 535 2223 antiquissima
552 2178 719 2224 tempora

69 2230 281 2277 redeamus,
312 2231 442 2279 quibus
465 2231 569 2267 latius
592 2244 719 2281 porre-

71 2290 166 2323 ctam
183 2287 221 2323 in
239 2287 424 2324 meridiem
439 2286 645 2336 Aegyptum
664 2289 719 2324 fa-

72 2342 121 2379 cit
140 2342 396 2389 Philostratus;
425 2344 504 2393 ipse
523 2343 719 2394 Champol-

71 2397 118 2434 lio
138 2398 173 2445 (I
187 2412 222 2447 p.
242 2399 296 2440 57
319 2401 415 2448 seq.)
443 2400 519 2436 eius
539 2401 590 2437 rei
611 2401 720 2438 vesti-

73 2453 134 2502 gia
151 2454 302 2492 offendit
322 2457 359 2492 in
375 2457 634 2493 recentioribus
661 2458 720 2494 iti-

73 2510 238 2557 nerariis,
266 2511 304 2548 in
321 2513 452 2561 quibus
467 2517 719 2551 monumento-

73 2577 153 2602 rum
188 2565 452 2617 Aegyptiorum
489 2571 625 2606 mentio
665 2570 722 2618 fit;

73 2632 168 2669 quae
193 2621 300 2671 longe
322 2638 429 2675 supra
446 2626 566 2662 Philas
594 2639 718 2664 versus

74 2677 257 2715 meridiem
279 2685 488 2730 appareant.
528 2682 632 2725 Quae
657 2696 716 2720 res

77 2732 105 2767 si
126 2736 322 2773 accuratius
341 2741 379 2774 et
397 2739 444 2774 ad
454 2742 588 2775 certam
608 2739 717 2777 fidem

75 2786 245 2828 historiae
263 2793 479 2843 exploretur:
509 2795 650 2844 possint
662 2796 718 2833 in-

76 2843 196 2881 didem
205 2847 314 2884 multa
325 2849 504 2898 explicari,
518 2863 611 2899 quae
622 2864 718 2889 nunc

75 2900 219 2948 quidem
253 2914 319 2940 nos
357 2905 550 2955 impeditos
580 2911 716 2945 tenent.

787 708 908 747 Nemo
927 710 1023 747 enim
1043 722 1117 747 non
1135 710 1255 757 videt,
1284 709 1443 758 origines

787 765 984 816 Aegyptias
1018 780 1215 816 omnesque
1253 779 1312 803 res
1344 770 1444 803 vetu-

790 824 940 859 stiorum
969 823 1198 860 Pharaonum
1232 822 1319 859 alias
1350 836 1443 870 esse,

791 880 842 927 si,
871 883 959 929 post
980 884 1193 929 occupatam
1214 891 1234 915 a
1251 879 1378 929 priscis
1402 879 1444 915 il-

791 935 835 972 lis
865 935 1000 972 colonis
1028 935 1259 986 Aegyptum,
1295 935 1445 972 Aethio-

789 1005 875 1042 pum
904 1005 982 1039 res,
1012 1005 1124 1042 opeS,
1155 991 1298 1041 aliaque
1328 991 1443 1041 proti-

789 1061 857 1085 nus
880 1048 1039 1085 seiuncta
1059 1061 1208 1086 censeas
1230 1060 1251 1084 a
1268 1048 1377 1085 rebus
1389 1048 1444 1084 in-

790 1105 966 1141 stitutisve
992 1103 1204 1154 Aegyptiis:
1244 1103 1330 1140 alias
1358 1117 1444 1141 eon-

790 1165 867 1206 tra,
898 1161 927 1196 si
947 1160 1049 1210 plura
1067 1173 1133 1210 per
1150 1159 1292 1198 saecula
1313 1163 1348 1197 et
1368 1159 1442 1198 Ae-

791 1217 937 1266 gyptios
976 1216 1140 1254 homines
1180 1221 1216 1254 et
1244 1216 1443 1266 Aethiopes

791 1274 988 1311 eorundem
1005 1286 1132 1321 regum
1149 1272 1300 1322 imperio
1319 1273 1445 1310 subdi-

790 1333 847 1366 tos
864 1330 1056 1376 existimes,
1080 1341 1122 1366 ac
1139 1333 1262 1366 mutuo
1284 1329 1444 1367 omnium

789 1398 907 1423 rerum
929 1386 1139 1423 commercio
1151 1385 1244 1422 inter
1263 1398 1346 1422 sese
1357 1398 1444 1422 con-

788 1442 971 1478 iunctos.“
999 1441 1042 1478 In
1061 1446 1148 1479 nota
1166 1441 1327 1479 subiecta
1345 1441 1444 1480 idem

790 1498 851 1535 Cr.
871 1497 976 1548 plura
996 1503 1121 1536 monet
1141 1499 1188 1536 de
1207 1497 1443 1546 religionibus

789 1555 977 1603 utriusque
1005 1554 1153 1605 populi,
1192 1566 1286 1604 quae
1316 1555 1346 1590 si
1369 1554 1444 1593 Ae-

789 1611 937 1660 gyptios
947 1610 1165 1661 Aethiopum
1184 1610 1331 1647 colonos
1343 1611 1443 1648 dieas

790 1666 855 1718 [uti
873 1667 1024 1704 Diodor.
1045 1667 1155 1704 Sicul.
1183 1666 1255 1713 Ill,
1275 1665 1315 1717 3]
1328 1696 1339 1713 ‚
1368 1679 1444 1704 non

787 1727 957 1773 poterant
981 1722 1087 1761 valde
1108 1723 1255 1760 differre
1280 1722 1442 1772 itemque

786 1784 1021 1816 monumenta
1058 1780 1232 1826 advocat,
1290 1779 1441 1830 templa,

786 1835 904 1882 idola,
934 1835 1004 1872 alia
1024 1835 1062 1872 id
1079 1848 1217 1884 genus,
1247 1847 1342 1884 quae
1368 1834 1443 1873 Ae-

788 1892 966 1942 gyptiacis
983 1891 1090 1941 plane
1112 1895 1328 1940 congruunt.

846 1947 968 1998 ἔχεται
992 1945 1034 1986 δὲ
1061 1950 1132 1998 τῆς
1164 1944 1289 1998 νήσου
1321 1947 1442 1998 λίμνη

788 2000 936 2056 μεγάλη
961 2020 996 2043 κ.
1018 2019 1050 2042 τ.
1073 2007 1130 2050 λ.]
1161 2004 1293 2042 Nullus
1314 2004 1444 2042 hodie-

787 2074 858 2110 que
892 2061 1072 2099 invenitur
1103 2060 1171 2098 illic
1200 2061 1323 2107 lacus,
1372 2061 1442 2097 nisi

785 2118 902 2168 ipsum
925 2117 1049 2155 Nilum
1075 2118 1322 2154 inundationis
1349 2120 1443 2154 tem-

784 2187 874 2224 pore
899 2174 994 2211 lacus
1012 2175 1135 2223 magni
1154 2174 1312 2224 speciem
1332 2186 1443 2223 prae-

785 2231 871 2268 bere
902 2232 1081 2269 existimes
1114 2243 1231 2279 eoque
1258 2230 1442 2267 Herodoti

784 2289 919 2325 referas
937 2288 1058 2324 verba.
1089 2287 1213 2324 Potuit
1230 2287 1336 2323 etiam
1355 2286 1442 2323 inde

786 2344 831 2381 ab
847 2344 904 2381 illa
915 2348 1033 2382 aetate
1044 2344 1173 2381 mutari
1183 2342 1341 2392 regionis
1353 2355 1442 2380 con-

786 2401 896 2449 ditio,
934 2400 1105 2449 lacusque
1142 2399 1226 2436 olim
1265 2399 1327 2448 qui
1356 2399 1440 2445 suit,

787 2470 898 2494 arena
934 2457 1128 2507 compleri,
1175 2456 1295 2506 potuit
1333 2456 1440 2492 etiam

786 2512 884 2550 haud
922 2519 1087 2552 accurate
1122 2514 1169 2550 de
1203 2512 1257 2549 his
1290 2512 1439 2549 edoctus

788 2582 868 2608 esse
885 2570 1033 2608 Noster.
1065 2571 1230 2614 Quorum
1252 2569 1342 2617 quid
1364 2572 1441 2606 sta-

786 2628 961 2664 tuendum
985 2628 1051 2674 sit,
1084 2626 1195 2663 nolim
1222 2626 1439 2661 discernere.

785 2682 868 2720 Vid.
881 2684 1039 2721 Heeren.
1058 2684 1080 2721 l.
1097 2683 1120 2719 l.
1138 2694 1224 2732 pag.
1243 2680 1337 2721 359.
1369 2682 1439 2717 Su—

785 2741 944 2790 spicatur
961 2740 1167 2777 Maltebrun
1187 2738 1303 2784 (cuius
1322 2738 1439 2774 locum

785 2796 1031 2846 adscripserat
1056 2797 1144 2843 Ciu,
1174 2794 1340 2832 Nouvell.
1363 2793 1438 2830 An-

786 2853 856 2889 nal.
889 2853 925 2889 d.
963 2853 1107 2903 Voyag.
1151 2853 1259 2892 1820
1297 2850 1368 2888 vol.
1404 2847 1439 2886 V

784 2922 821 2959 p-
844 2908 968 2958 403),
997 2910 1195 2961 planitiem,
1223 2921 1317 2957 quae
1342 2919 1438 2945 nunc
