1759 3324
361 283 444 323 30ss

758 278 1235 319 HERODOTI

363 388 447 435 ἀπὸ
476 391 690 444 Δαρείου·
723 388 988 442 ἀποστάντες
1023 390 1091 442 δὲ,
1123 387 1263 432 ὀπίσω
1293 386 1625 444 κατεστράφθη»

332 477 470 523 3σαν,
511 469 625 527 μάχῃ
653 470 915 527 νικηθέντες.

981 467 1075 512 τότε
1113 469 1158 513 ὁὲ
1200 468 1267 512 ἐπὶ
1305 465 1559 522 Ἀστυάγεος
1589 467 1686 510 οἷ15

364 548 532 604 Πέρσαι
561 565 604 592 τε
634 550 708 592 καὶ
737 548 761 592 ὁ
794 552 945 603 Κῦρος
974 547 1291 599 ἐπαναστάντες
1316 551 1429 590 τοῖσι
1459 544 1629 602 Μήδοι-

363 640 431 679 σι,
460 623 596 684 ἦρχον
625 626 672 671 τὸ
705 626 788 671 ἀπὸ
820 626 981 670 τούτου
1010 630 1087 683 τῆς
1111 625 1262 684 Ἀσίης.

1318 625 1555 681 Ἀστυάγεα
1583 624 1629 668 δὲ

362 711 536 763 Κῦρος,
567 704 706 749 κακὸν
738 704 869 748 οὐδὲν
899 704 1003 749 ἄλλο
1032 705 1243 762 ποιήσας,
1275 702 1356 761 εἶχε
1385 703 1481 760 παρ’
1516 703 1630 748 ἑωυ-

335 790 430 843 4τς5
459 786 500 836 ἐς
527 785 550 828 ὃ
580 783 836 840 ἐτελεύτησε.

899 784 1025 828 Οὕτω
1057 784 1109 841 δή
1141 787 1292 839 Κῦρος
1323 781 1556 840 γενόμενός
1584 798 1630 827 τε

363 863 438 908 καὶ
468 864 646 919 τραφεὶς
677 863 945 919 ἐβασίλευσε·
989 865 1062 908 καὶ
1090 867 1286 919 Κροῖσον
1314 862 1500 918 ὕστερον
1528 861 1687 907 τού-20

364 958 454 985 των
481 940 675 996 ἄρξαντα
704 940 872 999 ἀδικίης
901 943 1242 999 κατεστρέψατο,
1272 940 1332 993 ὥς
1361 943 1528 998 εἴρηταί
1555 958 1631 998 μοι

310 1126 471 1165 Heracll.
503 1140 538 1177 p.
562 1129 653 1168 102.
712 1126 789 1165 Sed
821 1127 965 1164 dubita-

309 1184 444 1221 tionem
453 1184 609 1221 movisse
628 1183 733 1220 video
742 1183 786 1220 C.
809 1184 856 1222 G.
868 1184 966 1220 Krii-

312 1253 389 1288 ger.
410 1240 448 1277 in
465 1240 635 1278 Seebode
654 1239 795 1277 Archiv.
826 1241 851 1277 f.
881 1240 966 1277 Phi-

311 1296 424 1346 lolog.
442 1298 518 1334 und
541 1296 755 1345 Paedagog.
779 1296 795 1333 Ι
814 1297 964 1345 (1824)

311 1366 349 1404 p.
370 1356 452 1395 223
475 1366 553 1403 seq.
569 1358 645 1390 not.
704 1353 774 1390 Cui
800 1354 859 1390 vix
877 1366 964 1403 pro-

311 1410 432 1448 babile
450 1410 592 1447 videtur
601 1408 835 1457 ‚Medorum
861 1410 964 1447 dese-

312 1466 468 1504 ctionem
480 1495 490 1514 ,
521 1479 616 1515 quae
631 1469 765 1503 centum
785 1479 962 1517 qumqua-

312 1524 416 1571 ginta
430 1528 515 1573 post
533 1523 636 1559 annis
656 1523 723 1559 sub
744 1522 861 1560 Dario
883 1521 960 1560 N-0

314 1579 373 1615 tho
390 1579 542 1626 accidit,
583 1580 628 1616 ab
654 1579 847 1617 Herodoto
869 1579 964 1616 indi-

313 1636 388 1673 cari
415 1635 567 1686 simplici
605 1635 779 1672 formula:
811 1634 903 1675 ὖστε
894 1635 962 1690 ’ρῳ

312 1687 407 1743 χοόν
412 1707 462 1744 ῳ,
495 1691 556 1740 qui
574 1704 641 1742 pro
661 1704 764 1729 more
779 1706 844 1729 suo
866 1693 965 1730 dice-

314 1761 353 1785 re
373 1749 531 1786 debebat
545 1743 656 1802 χρὸν
642 1763 672 1786 ω
689 1751 823 1804 πολλῷ
834 1763 862 1786 S.
871 1752 963 1789 πολ-

314 1804 447 1844 λοῖσι’
435 1804 534 1843 ε’τεσι
545 1802 711 1855 ὕστερον
733 1811 796 1843 aut
810 1805 880 1843 alio
892 1818 964 1856 quo

313 1862 423 1898 modo
441 1862 699 1899 accuratiorem
713 1863 890 1914 temporis
899 1875 966 1899 no-

314 1919 488 1955 tationem
539 1918 771 1966 subiungere.
859 1919 966 1962 Quae

314 1987 394 2011 cum
411 1974 461 2010 ita
485 1974 575 2021 sint,
605 1988 649 2011 eo
675 1974 822 2012 inclinat
838 1974 882 2011 V.
904 1974 966 2022 D.,

314 2033 354 2066 ut
375 2031 422 2067 de
454 2030 566 2066 Dario
583 2030 779 2080 Hystaspis
800 2030 895 2067 hunc
911 2030 966 2066 lo-

314 2098 394 2122 cum
413 2085 614 2134 intelligere
628 2086 748 2133 malit,
765 2087 834 2122 nisi
849 2087 966 2123 omni-

313 2153 362 2178 110
400 2141 491 2179 haec
525 2141 655 2179 Nostri
681 2143 794 2180 verba
829 2143 965 2180 seriore

315 2200 437 2235 aetate
455 2198 500 2234 ab
522 2197 592 2234 alio
612 2199 753 2236 adiecta
771 2199 915 2236 fuerint.

369 2248 611 2300 ἀποστάντες
647 2252 689 2293 δὲ
701 2284 712 2302 ,
743 2249 869 2294 ὀπίσω
889 2270 965 2294 κα-

313 2306 621 2374 τεστραφθη
642 2309 766 2361 σαν]
854 2326 962 2350 κατε-

315 2361 605 2418 στράφθησαν,
634 2368 734 2404 cuius
763 2367 842 2405 1000
863 2369 963 2405 codi-

313 2435 374 2460 ces
411 2422 574 2459 nonnulli
620 2439 710 2462 κατε
696 2419 961 2476 στοάφησαν,

313 2479 362 2515 ad
410 2480 567 2516 rariores
610 2484 720 2529 atque
755 2481 960 2531 asperiores

312 2533 442 2573 Nostri
464 2536 600 2572 formas
629 2536 768 2573 Ionicas
790 2538 961 2587 pertinet,

312 2603 355 2628 ac
374 2591 609 2642 probabiliter
627 2593 816 2630 deducitur
844 2606 865 2630 a
885 2595 961 2631 for-

311 2658 371 2685 ma
389 2642 550 2698 στρᾶφω
563 2676 571 2691 ,
593 2648 671 2685 aliis
689 2649 848 2687 dialectis
863 2650 962 2688 haud

310 2703 504 2751 inusitata,
532 2717 611 2741 cum
631 2704 784 2756 στρέφω
801 2719 962 2744 commu-

310 2760 368 2796 nis
394 2760 441 2796 sit
473 2760 629 2798 dialecti.
688 2762 795 2799 Conf.
829 2761 960 2800 Matth.

311 2814 348 2867 ἓ.
372 2817 473 2863 191,
495 2820 522 2858 2
549 2829 634 2867 pag.
659 2819 752 2859 337.
778 2818 957 2856 Herodot.

310 2871 366 2919 11,
395 2874 460 2913 81.
509 2872 562 2919 11,
595 2876 632 2914 2.
673 2874 760 2922 vll,
798 2877 881 2917 228
921 2880 958 2913 et

309 2927 465 2966 Porson.
495 2929 544 2968 ad
567 2927 732 2981 Euripid.
763 2929 953 2970 Phoeniss.

1033 1140 1086 1165 vs,
1105 1128 1212 1172 9863
1242 1139 1336 1176 quos
1358 1126 1483 1164 laudat
1500 1125 1687 1177 Schweig-

1034 1184 1245 1221 haeuserus.

1089 1290 1302 1348 Ἀστυάγεα
1332 1291 1374 1334 δὲ
1409 1297 1566 1347 Κῦρος,
1617 1311 1685 1335 κα-

1031 1348 1100 1392 κὰν
1124 1349 1242 1392 οὐδὲν
1273 1350 1366 1391 ἄλλο
1384 1348 1574 1404 ποιήσας,
1608 1349 1686 1404 εἶχε

1030 1406 1130 1461 παρ’
1157 1408 1293 1462 ἑωυτῷ
1324 1407 1362 1455 ἐς
1392 1405 1415 1448 ὃ
1434 1407 1684 1460 ἐτελεύτησε]

1029 1466 1216 1515 Iungimus
1237 1466 1336 1503 hisce
1355 1466 1504 1504 Ctesiae
1521 1467 1686 1505 testimo-

1029 1523 1128 1560 nium
1148 1523 1185 1559 in
1207 1522 1392 1572 Excerptt.
1413 1522 1568 1562 Persice.
1586 1520 1624 1573 §.
1645 1525 1686 1570 2,

1030 1580 1091 1629 qui
1133 1578 1356 1628 Astyagem,
1401 1578 1493 1616 mira
1532 1580 1684 1617 deorum

1028 1636 1064 1672 vi
1083 1636 1319 1686 compedibus
1336 1634 1512 1684 solutum,
1541 1639 1628 1686 post
1645 1637 1686 1672 ut

1030 1696 1172 1743 patrem
1191 1704 1212 1728 a
1229 1692 1329 1740 Cyro
1348 1691 1479 1730 cultum
1513 1705 1597 1730 esse
1626 1704 1686 1730 re-

1030 1751 1102 1786 fert
1113 1778 1123 1795 ,
1154 1748 1215 1798 qui
1231 1749 1308 1785 eius
1326 1748 1439 1786 filiam
1456 1747 1605 1797 Amytin
1616 1760 1685 1799 pro

1032 1810 1149 1843 matre
1174 1817 1216 1842 ac
1244 1805 1380 1842 deinde
1397 1818 1465 1855 pro
1483 1817 1598 1842 uxore
1619 1805 1686 1842 ha-

1033 1862 1161 1899 buerit.
1199 1860 1259 1898 De
1274 1861 1442 1898 extremis
1464 1861 1549 1898 fatis
1572 1861 1685 1909 Asty-

1033 1918 1114 1965 agis
1137 1917 1188 1953 nil
1214 1916 1366 1954 relatum
1401 1917 1602 1955 ‘mx-enimus
1635 1917 1683 1954 ab

1033 1974 1244 2019 Herodoto3
1275 1974 1342 2011 sed
1358 1978 1484 2010 auctor
1510 1977 1567 2011 est
1585 1974 1683 2011 idem

1034 2029 1179 2066 Ctesias
1203 2028 1225 2065 l.
1246 2028 1268 2066 1.
1289 2027 1374 2080 §.5
1401 2030 1556 2080 turpiter
1584 2029 1683 2067 illum

1031 2084 1069 2122 in
1085 2085 1240 2123 desertis
1257 2085 1418 2123 relictum
1431 2098 1474 2123 ac
1484 2086 1685 2136 proditum,

1031 2141 1163 2179 misere
1202 2142 1338 2180 obiisse
1380 2143 1479 2180 same
1527 2154 1571 2180 ac
1610 2142 1685 2191 siti,

1030 2197 1224 2248 splendide
1246 2202 1370 2237 tamen
1395 2202 1484 2250 post
1501 2198 1684 2250 sepultum

1031 2267 1133 2302 esse,
1170 2268 1217 2292 ne
1241 2255 1378 2293 scilieet
1405 2260 1510 2306 turpe
1539 2256 1680 2293 facinus

1029 2310 1149 2361 palam
1178 2311 1283 2349 fieret
1321 2312 1495 2362 Cyroque
1519 2311 1590 2362 ipsi
1614 2312 1681 2349 ad-

1029 2368 1256 2406 scriberetur.
1325 2368 1432 2412 Quae
1472 2368 1622 2418 quidem
1658 2381 1682 2405 a

1027 2436 1224 2472 regnorum
1269 2424 1497 2462 orientalium
1555 2423 1681 2463 indole

1025 2481 1302 2532 principumque
1319 2481 1482 2518 moribus
1510 2493 1586 2518 non
1615 2482 1681 2519 ab-

1024 2536 1183 2575 horrent.
1223 2537 1332 2574 Conf.
1355 2537 1404 2574 ad
1428 2537 1591 2574 Ctesiam
1611 2550 1681 2574 no·
1754 2559 1757 2584 5

1024 2598 1104 2630 tatt.
1138 2606 1224 2644 pag.
1257 2595 1349 2634 107.
1398 2613 1455 2621 -
1499 2593 1542 2630 ln
1572 2606 1678 2643 seqq.
1754 2628 1755 2636 ,

1026 2644 1177 2688 τούτων
1192 2650 1303 2699 iunge
1325 2662 1405 2687 cum
1425 2644 1679 2702 ὕστερονροεί
1752 2686 1753 2696 ¹

1026 2706 1094 2743 illa
1135 2706 1158 2742 i.
1191 2718 1222 2744 e.
1261 2710 1348 2756 post
1381 2705 1458 2754 illa,
1494 2718 1590 2756 quae
1629 2707 1678 2745 de
1751 2718 1753 2730 ¹

1024 2762 1190 2811 Astyage
1215 2765 1295 2799 acta
1326 2766 1452 2809 erant,
1483 2762 1676 2810 Croesum,

1025 2818 1085 2868 qui
1103 2819 1206 2868 prior
1224 2818 1345 2868 ipsum
1369 2819 1524 2867 adgredi
1544 2831 1677 2870 coepe·
1748 2862 1750 2868 Ι

1022 2880 1100 2921 rat,
1142 2874 1297 2925 subegit.
1371 2874 1456 2913 Vid.
1497 2887 1611 2927 supra
1644 2874 1675 2924 1,
1747 2873 1750 2890 ¹

1021 2931 1075 2974 75
1102 2943 1206 2982 seqq.
